4068 6196
417 418 538 479 439
1733 413 2040 476 NICETE
2081 415 2500 479 CHONIATJE
3708 412 3840 475 4ιο

421 549 580 607 184
609 566 707 607 eos
738 547 933 604 mittit.
968 549 1023 602 Is
1056 543 1237 601 milite
1267 545 1327 601 in
1348 544 1614 602 cohortes
1661 551 1721 602 et
1743 546 2027 622 phalange

2241 568 2404 622 σμιον
2433 546 2523 604 καὶ
2555 545 2608 604 ἐν
2645 552 2744 622 μιᾷ
2798 551 2904 604 τῶν
2938 549 3032 602 τοῦ
3069 543 3312 621 μεγάλου
3351 545 3626 602 παλατίου
3658 565 3842 625 φρου-

423 639 735 710 desoripto.
766 650 902 692 cum
944 651 1006 689 se
1035 633 1315 689 invictum
1349 635 1665 691 exercitum
1710 635 1922 691 habere
1954 653 2029 708 pu

2236 642 2288 692 ἱ›ν
2337 637 2792 713 καθειργνύμενον
2859 639 2951 693 τὸν
3022 635 3160 692 κατᾶ
3215 635 3502 708 Ῥωμαίων
3587 635 3752 698 εὐθὺς
3811 635 3842 690 6

419 731 589 794 taret,
617 729 925 795 Hungaros
957 723 1220 787 adortus,
1243 722 1546 780 victoriam
1580 741 1696 780 non
1727 724 2025 781 diuturna!

2237 724 2501 800 Βννάρχης
2529 724 2737 801 ἐξέφερε
2768 723 3035 798 πόλεμον,
3067 723 3158 779 καὶ
3213 724 3279 794 ἦν
3323 720 3642 799 πολιορκῶν
3689 725 3843 798 Βρα-

418 819 507 869 est
537 813 784 883 adeptus
817 827 832 865 :
869 827 1001 866 nam
1033 811 1230 868 hostes
1260 812 1317 867 in
1353 812 1643 869 Romanos
1674 817 1892 870 temere
1934 829 2024 886 pet

2240 807 2426 882 τζοόαν
2457 813 2548 868 καὶ
2588 813 2941 890 κατατρέχων
3003 812 3072 868 τὰ
3127 810 3238 867 ἐκεῖ
3291 812 3483 884 πάντα,
3539 809 3846 882 λεηλατῶν

417 909 730 972 sequentes
789 901 1050 957 conversi
1113 906 1408 974 acceptam
1465 903 1690 958 cladem
1749 902 2023 959 illustrior

2259 903 2350 957 καὶ
2380 900 2528 979 ἄγων
2559 902 2633 965 ὦς
2663 899 2863 977 ᾕρητο.
2912 899 3208 958 Στέλλεται
3265 905 3395 976 γοῦν
3463 901 3611 978 παρᾶ
3671 903 3841 976 βασι-

415 990 660 1046 victoria
688 993 1032 1062 pensarunt.
1067 991 1188 1054 Quo
1224 991 1542 1058 imperator
1569 991 1767 1047 audito
1823 991 1932 1047 iter
1959 1009 2021 1047 eo

2243 1013 2318 1054 ως
2351 992 2648 1068 στρατηγὸς
2689 994 2806 1046 κατ’
2836 993 3002 1048 αὐτοῦ
3034 993 3062 1046 6
3104 990 3512 1069 χαρτουλάριος
3543 989 3844 1053 Βασίλειος

419 1082 551 1137 dem
584 1081 855 1148 intendit,
892 1087 952 1135 ut
983 1081 1214 1137 Paeones
1244 1097 1350 1138 suo
1410 1083 1658 1138 adventu
1709 1083 1892 1137 territi
1929 1099 2025 1154 pro

2269 1079 2716 1151 Τζιντζιλούκης.
2778 1081 2876 1136 Καὶ
2963 1082 3024 1144 ὃς
3097 1082 3192 1143 τὰς
3259 1080 3676 1156 συνειλεγμένας
3735 1078 3845 1135 δυ-

418 1171 630 1227 vinciis
663 1170 777 1227 illis
809 1172 1098 1227 cederent.
1133 1169 1293 1234 Quod
1335 1187 1468 1226 cum
1504 1171 1796 1238 iecissent,
1829 1171 1902 1227 iis
1932 1188 2024 1227 cor

2236 1191 2362 1242 ,μεις
2421 1166 2754 1245 παραλαϐὼν
2808 1172 2899 1226 καὶ
2958 1169 3036 1233 εἷς
3091 1171 3270 1240 τάξεις
3341 1172 3682 1240 καταστήσας
3737 1170 3842 1224 καὶ

421 1260 744 1316 ditionibus
774 1258 926 1315 bello
959 1261 1280 1332 composito
1338 1276 1486 1332 quas
1543 1268 1772 1332 tempus
1821 1260 2027 1317 ferebal

2235 1257 2476 1334 ἱλαγγας,
2505 1261 2595 1314 καὶ
2635 1257 2790 1330 δόξας
2823 1259 2968 1331 ἄξιον
3021 1260 3178 1330 νίκης
3235 1257 3382 1336 ἔχειν
3421 1259 3670 1334 στρατὸν,
3709 1263 3841 1320 τοῖς

419 1349 754 1404 Branizobae
783 1354 840 1404 et
870 1347 1184 1420 Belligradi
1216 1350 1394 1405 rebus
1433 1349 1769 1406 constitutis
1824 1350 2025 1405 domur

2240 1347 2445 1426 ἷγγροις
2477 1349 2866 1425 συμπλέκεται.
2931 1351 3026 1406 Καὶ
3085 1351 3221 1425 πρὸς
3276 1351 3458 1426 βραχῦ
3504 1351 3598 1423 μὲν
3653 1370 3846 1421 κατη-

412 1438 587 1501 redit.
1273 1457 1276 1460 ’
2169 1438 2437 1514 γωνίσατο
2467 1440 2532 1495 τὸ
2595 1439 2888 1512 πολέμιον·
2957 1438 3352 1517 ἓπαναστραφέν
3409 1437 3464 1494 δὲ
3520 1439 3597 1500 ὡς
3664 1440 3844 1494 ἀσυν-

415 1529 626 1589 τάκτως
661 1526 763 1582 ὑπὸ
791 1525 1083 1599 Ῥωμαίων
1109 1522 1586 1600 καταδιωκόμενον
1621 1530 1703 1599 [Ρ.
1737 1529 1851 1600 68],
1884 1527 1914 1582 6'
1943 1528 2205 1592 πέπονθεν
2234 1523 2428 1604 ἔδρασε
2458 1530 2844 1605 γενναιότερον.
2877 1528 3142 1592 Βασιλεὺς
3198 1529 3401 1600 τοίνυν,
3434 1527 3850 1602 ένωτισάμενος

416 1621 606 1686 ταῦτα,
636 1617 735 1684 τήν
767 1615 936 1670 ἐκεῖσε
967 1616 1188 1690 πορείαν
1223 1615 1506 1686 ἐπέτεινεν,
1565 1616 1614 1671 εἲ
1665 1638 1784 1680 πως
1839 1617 1890 1671 οἱ
1946 1617 2175 1682 Παίονες
2225 1620 2361 1693 πρὸς
2417 1621 2516 1689 τὴν
2587 1621 2753 1675 αὐτοῦ
2812 1617 3262 1696 διαταραχθέντες
3295 1619 3469 1698 ἄφιξιν
3527 1623 3634 1674 τῶν
3665 1618 3848 1674 ἐκεῖθι

420 1711 622 1784 χωρῶν
649 1708 1026 1762 ἀπανασταῖενο
1062 1705 1092 1761 6'
1120 1705 1210 1761 καὶ
1241 1706 1377 1776 ἦσαν
1411 1705 1857 1781 διαπραξάμενοι,
1899 1702 2356 1780 συμϐιϐασθέντες
2393 1707 2528 1781 μετᾶ
2555 1712 2656 1764 τοῦ
2691 1704 2984 1785 βασιλέως,
3021 1709 3094 1771 ὡς
3139 1710 3167 1764 6
3226 1709 3417 1782 καιρὸς
3445 1709 3570 1763 τότε
3598 1702 3843 1768 ἔδωκεν.

417 1798 597 1860 Αὐτὸς
639 1794 718 1866 δὲ,
753 1799 828 1860 ὡς
860 1797 987 1872 εἶχε
1015 1796 1083 1852 τὰ
1110 1797 1246 1852 κατὰ
1275 1793 1640 1872 Βρανίτζοϐαν
1703 1795 1794 1852 καὶ
1850 1795 2135 1873 Βέλγραδα
2188 1797 2667 1872 καταστησάμενος
2721 1798 3041 1873 πράγματα,
3095 1798 3173 1859 εἷς
3237 1799 3338 1869 τήν
3375 1793 3637 1872 βασιλίδα
3665 1795 3851 1853 πόλιν

423 1893 769 1964 μετασκηνοὶ

490 1981 634 2036 Cum
669 1979 863 2035 hoster
901 1977 1198 2050 paulisper
1252 1977 1668 2050 conquiessent
1725 1993 1829 2034 nec
1886 1976 2064 2033 ullius

2246 1977 2454 2035 Οὐκοῦν
2510 1978 2602 2034 καὶ
2655 1983 2762 2034 τῶν
2825 1975 3106 2052 δυσμικῶν
3161 1976 3377 2052 ἐχθρῶν
3431 1977 3852 2051 ἠρεμησάντων

422 2086 556 2140 opes
587 2069 646 2125 in
677 2068 990 2124 Occidente
1051 2067 1380 2124 metuendae
1425 2067 1782 2134 viderentur,
1837 2067 2028 2139 expedi

2249 2066 2274 2120 εὶ
2308 2064 2489 2142 βραχὺ
2521 2063 2592 2121 δι’
2632 2065 2939 2145 ὁμολογίας
2976 2068 3066 2123 καὶ
3126 2065 3462 2144 φιλιώσεως,
3509 2065 3598 2120 καὶ
3634 2063 3855 2138 μηδένα

420 2158 638 2215 tionem
672 2157 730 2213 in
755 2155 1091 2212 Armeniam
1149 2155 1422 2212 decernit.
1483 2155 1734 2212 Tarsum
1791 2155 1972 2228 igitur
2018 2174 2026 2209 ι

2249 2177 2330 2233 ¹ων
2386 2159 2466 2228 τῷ
2531 2156 2668 2219 τέως
2734 2155 3063 2213 ἀνθέλκοντα
3137 2153 3190 2228 ἐξ
3247 2153 3474 2230 ἑσπέρας
3530 2154 3855 2229 άντίμαχον

419 2247 684 2303 Adanam
717 2247 1034 2319 profectus,
1067 2249 1124 2302 et
1154 2244 1439 2316 ﬁnitimis,
1467 2244 1760 2300 inferioris
1783 2244 2020 2300 Armcni

2250 2241 2506 2320 ιόμαχον,
2537 2249 2698 2320 κυροῖ
2723 2246 2824 2315 τὴν
2881 2245 2956 2308 εἷς
3009 2243 3296 2320 ’Λρμενίαν
3357 2238 3634 2300 ἀνάϐασιν.
3670 2243 3856 2299 Ἀπά-

418 2335 583 2407 Ιοοὶς,
618 2353 746 2408 quae
775 2339 1028 2392 Toruses
1061 2333 1365 2402 aiﬂixerat,
1399 2332 1733 2390 rel'ocillatis
1777 2349 1844 2391 ac
1876 2334 2024 2390 firmi

2244 2355 2276 2396 ,ς
2333 2334 2424 2388 οὗν
2477 2333 2528 2396 ἐς
2581 2334 2794 2410 Ταρσὸν
2851 2335 2940 2390 καὶ
2998 2331 3302 2413 ἀφιγμένος
3349 2333 3424 2396 εἷς
3454 2329 3676 2389 ⁸Λδαναν
3735 2331 3850 2387 καὶ

421 2425 520 2490 tis,
555 2429 610 2482 et
640 2424 936 2495 Armenio,
967 2423 1091 2480 viro
1123 2439 1238 2479 non
1289 2422 1562 2494 simplici,
1625 2424 1724 2478 sed
1779 2422 1988 2479 occulti
2018 2442 2027 2477 ι

2249 2444 2280 2478 α
2334 2428 2402 2499 τῇ
2459 2423 2607 2480 κάτω
2658 2423 2913 2500 Ἀρμενίᾳ
2943 2423 3270 2500 πρόσχωρα,
3319 2421 3607 2478 καὶταῦτα
3668 2441 3855 2476 κακο-

421 2513 692 2570 insidiosi
724 2513 944 2585 ingenii
999 2512 1259 2582 homine,
1318 2528 1426 2568 sua
1484 2511 1791 2583 praesentia
1846 2511 2027 2568 territt

2254 2515 2548 2586 ιμονοῦντα
2577 2513 2680 2568 ὑπὸ
2704 2517 2802 2568 τοῦ
2869 2512 3118 2584 Τορούση
3155 2508 3458 2586 διαθάλψας
3516 2509 3609 2565 καὶ
3666 2509 3858 2588 ἀσφα-

426 2619 544 2658 non
573 2602 813 2658 ulterius
845 2601 1237 2674 progreditur,
1271 2617 1396 2668 nec,
1449 2605 1514 2656 ut
1567 2607 1728 2672 pater
1771 2601 1957 2671 ipsius
1987 2601 2032 2657 fe

2253 2602 2334 2664 ίας
2363 2608 2462 2672 τῆς
2495 2598 2723 2672 δεούσης
2752 2602 3028 2674 ἠξιωκὼς,
3059 2600 3152 2657 καὶ
3183 2599 3535 2670 καταπλήξας
3561 2602 3642 2670 τῷ
3699 2618 3859 2674 παρ-

423 2697 600 2758 cerat,
635 2694 814 2746 totam
877 2690 1026 2748 135
1091 2689 1428 2745 Armeniam
1490 2689 1602 2746 sibi
1662 2689 2029 2756 vindicat,ne

2243 2691 2338 2762 ισία
2374 2691 2464 2746 τὸν
2495 2692 2604 2767 οὐχ
2634 2690 2841 2747 ἁπλοῦν
2873 2692 2970 2761 τήν
3026 2691 3280 2768 γιώμην,
3335 2687 3480 2744 ἀλλᾶ
3535 2689 3849 2765 κρυψίνουν

423 2785 615 2838 castra
645 2783 704 2834 et
734 2778 1061 2850 provincias
1091 2779 1311 2852 pridem
1345 2778 1416 2833 ab
1448 2777 1545 2834 illo
1576 2783 1886 2850 occupatas
1915 2778 2029 2835 velt

2253 2781 2269 2833 ὶ
2324 2778 2530 2858 ὕφαλον
2589 2780 2901 2855 Ἀρμένιον,
2968 2781 3160 2854 σχάζει
3228 2779 3290 2834 τὸ
3355 2777 3664 2854 πρόθυμον,
3715 2773 3853 2832 οὖδὶ

425 2873 468 2925 ti
501 2885 532 2925 e
558 2867 682 2940 lupi
717 2868 985 2924 faucibus
1012 2867 1183 2940 eripit
1216 2883 1228 2922 :
1264 2868 1362 2924 sed
1397 2866 1637 2924 Torusis
1670 2866 1859 2923 fallaci
1899 2866 2031 2924 blan

2239 2869 2426 2944 ιρὲτῆς
2483 2867 2621 2940 ’ὀλης
2680 2870 2975 2944 ’Δρμενίας
3033 2865 3430 2945 διαγωνίζεται,
3475 2867 3566 2922 τὸν
3629 2865 3845 2922 οἰκεῖον

427 2958 791 3032 diloquentia
819 2959 1092 3030 deceptus
1114 2964 1171 3014 et
1201 2957 1432 3014 fcederis
1461 2957 1750 3014 illecebris
1783 2958 2033 3014 irretitus

2242 2956 2382 3034 ιτέρα
2438 2956 2756 3029 ἐζηλωκὼς,
2814 2959 2849 3028 ἢ
2903 2962 3034 3032 γοῦν
3093 2958 3194 3012 ὅσα
3260 2956 3464 3019 ἐκεῖνος
3517 2955 3848 3034 ὑπηγάγετο

431 3049 728 3106 conversis
762 3048 954 3103 frenis
984 3046 1353 3103 Antiochiam
1411 3046 1593 3102 totius
1641 3047 1815 3120 Syrias
1851 3046 2035 3117 prinoi

2242 3048 2410 3125 ιούρια
2465 3046 2751 3122 πολεμῶν,
2809 3052 2977 3104 ταῦτα
3043 3047 3117 3110 ὡς
3178 3046 3237 3103 ἐκ
3315 3047 3596 3126 φάρυγγος
3657 3045 3848 3102 λύκου

426 3155 558 3210 pem
593 3143 650 3194 et
679 3137 1132 3207 pulcherrimam
1162 3136 1364 3192 urbem
1399 3135 1747 3208 ingreditur.

2245 3138 2388 3211 >ιμήν
2419 3133 2586 3194 λοϐὸν
2618 3138 2828 3208 ἥπατος
2857 3140 3247 3212 προσαπαιτῶν
3306 3136 3398 3192 καὶ
3448 3131 3740 3210 λαμϐάνων
3777 3135 3851 3191 ἐκ

426 3230 523 3282 τοῦ
551 3229 662 3281 τῶν
699 3223 998 3300 ’Δρμενίων
1028 3225 1421 3299 κατάρχοντος·
1457 3221 1602 3280 ἀλλὰ
1630 3226 1699 3297 τῇ
1732 3220 1936 3299 διπλόη
1967 3225 2057 3280 καὶ
2094 3225 2270 3302 ἀπάτῃ
2311 3232 2420 3282 τῶν
2456 3227 2640 3305 Λόγων
2672 3227 2768 3284 τοῦ
2796 3227 3051 3302 Τορούση
3086 3225 3426 3305 φενακισθεὶς
3457 3224 3547 3280 καὶ
3576 3227 3646 3298 τῇ
3672 3225 3857 3298 αἱμυ-

423 3316 517 3389 λίᾳ
545 3319 653 3373 τῶν
685 3319 963 3386 συνθηκῶν
996 3313 1323 3376 ἁπαλυνθεῖς
1347 3317 1446 3385 τὴν
1481 3311 1746 3384 διάνοιαν,
1778 3315 1847 3370 τά
1875 3314 2082 3392 χαλινᾶ
2114 3318 2482 3392 μεταστρέψας
2515 3315 2594 3380 εἷς
2619 3314 2967 3392 Ἀντιόχειαν
2999 3315 3376 3393 παραγίνεται,
3424 3315 3522 3384 τήν
3556 3320 3658 3383 τῆς
3691 3315 3849 3370 ἁπά-

420 3428 520 3478 σης
551 3405 751 3482 Συρίας
781 3403 1210 3480 προκαθημένην
1249 3400 1608 3460 καλλίπολιν.

485 3496 540 3552 2.
574 3497 720 3552 Dum
754 3510 884 3551 vero
923 3494 1084 3550 Tarsi
1138 3495 1363 3566 agebat,
1417 3493 1730 3549 Andronici
1784 3494 2066 3565 patruelis

2249 3494 2321 3570 β’.
2353 3495 2511 3551 ’Όντι
2561 3491 2618 3549 δὲ
2672 3492 2808 3549 κατὰ
2838 3495 3048 3568 Ταρσὸν
3082 3497 3164 3566 τῷ
3198 3490 3418 3569 βασιλεῖ
3471 3493 3740 3562 Μανουῆλ
3805 3495 3841 3562 ἡ

415 3587 554 3658 fuga
584 3600 614 3641 ο
646 3598 875 3640 carcere
904 3581 990 3639 illi
1039 3581 1379 3650 nuntiatur;
1431 3583 1605 3653 cujus
1634 3581 1720 3638 illi
1759 3598 1938 3639 causa
1975 3583 2021 3639 fu

2235 3587 2275 3638 »ὖ
2329 3581 2624 3662 ἐξαδέλφου
2681 3580 3024 3658 Ἀνδρονίκου
3080 3581 3140 3638 ἐκ
3209 3589 3311 3652 τῆς
3372 3579 3630 3662 φυλακῆς
3690 3583 3841 3659 φυγὴ

416 3677 584 3730 erant
614 3689 680 3728 ea
711 3689 837 3744 quae
871 3688 1050 3744 supra
1071 3671 1352 3739 diximus,
1385 3671 1484 3728 sed
1546 3676 1742 3729 tamen
1785 3671 1886 3728 illa
1916 3689 2022 3744 quc

2235 3669 2630 3748 ιταγγέλλεται,
2684 3673 2754 3742 ἧς
2805 3673 2868 3728 τὸ
2927 3671 3102 3728 αἶ’τιον
3161 3671 3250 3726 καὶ
3338 3672 3436 3726 ὅσα
3498 3670 3598 3745 μὶν
3641 3669 3841 3745 ἐρρέθη

413 3778 528 3834 que
559 3760 1094 3828 incommodarum,
1120 3761 1277 3833 quod
1309 3759 1367 3816 in
1401 3761 1648 3817 dicendo
1678 3760 1822 3817 liber
1850 3765 1908 3817 et
1938 3760 2019 3817 vir

2233 3765 2398 3832 νωθεν,
2430 3759 2582 3818 οὐδὲν
2644 3759 2701 3818 δὲ
2729 3761 2892 3831 ⁴ἧττον
2951 3762 3013 3817 τὸ
3053 3759 3533 3837 έλευθεροστομεῖν
3599 3759 3684 3815 ἀεὶ
3743 3763 3839 3816 καὶ

413 3853 525 3910 bus
555 3854 839 3924 praestans
897 3854 954 3906 et
1009 3850 1196 3907 t'orma
1253 3849 1434 3924 digna
1489 3851 1736 3924 imperio
1787 3851 2019 3924 praedite

2232 3855 2334 3926 »τῇ
2376 3853 2537 3927 ῥώμῃ
2567 3857 2677 3909 τῶν
2708 3851 2940 3908 πολλῶν
3003 3850 3277 3931 διαφέρειν
3334 3850 3421 3907 καὶ
3445 3853 3480 3921 ἡ
3514 3851 3572 3906 εὗ
3623 3844 3838 3926 ἔχουσα

415 3957 714 4013 nunquam
749 3939 1015 3996 animum
1047 3939 1476 3996 submittebat:
1522 3956 1650 4012 quis
1708 3957 1802 3997 res
1861 3956 2021 3996 omne

2229 3939 2374 4000 λάσις
2399 3944 2496 3996 τοῦ
2527 3939 2778 4014 σώματος
2828 3940 2946 4012 ἀξία
2976 3941 3112 3996 οὖσα
3165 3944 3438 4014 τυραννεῖν
3492 3939 3583 3994 καὶ
3635 3941 3704 3995 τὸ
3733 3944 3835 3995 τοῦ

411 4029 864 4101 imperatoribus
898 4028 1057 4100 regni
1115 4027 1420 4084 amittendi
1479 4032 1634 4085 metu
1681 4036 1965 4102 suspecta
2008 4047 2017 4084 ι

2234 4031 2526 4102 ›ονήματος
2557 4029 2950 4098 ἀταπείνωτον,
3007 4028 3042 4085 ἄ
3096 4027 3164 4100 δὴ
3227 4030 3401 4085 πάντα
3446 4027 3749 4106 πεφύκασιν
3786 4030 3840 4084 οἱ

413 4118 672 4176 molestas
697 4135 826 4176 esse
851 4122 1298 4176 consueverunt.
1349 4119 1588 4190 Propter
1624 4118 1750 4176 haec
1798 4119 1972 4188 igitur
2011 4137 2019 4174 ι

2233 4123 2495 4182 ιατοῦντες
2553 4114 2880 4175 ὑποϐλέπειν
2938 4120 3030 4174 καὶ
3103 4119 3289 4191 κνίζον
3371 4115 3518 4194 ἔχειν
3577 4118 3670 4173 καὶ
3729 4115 3839 4182 ἓως

413 4207 679 4266 bellicam
718 4209 989 4266 virtutem
1026 4215 1079 4264 et
1110 4207 1340 4280 generis
1373 4206 1735 4264 nobilitatem
1788 4209 1949 4280 (nam
1977 4225 2019 4265 et

2232 4206 2399 4282 ιρδίας
2436 4207 2604 4278 αὐτῆς
2639 4207 2919 4284 βάλλοντα
2967 4206 3056 4264 διὰ
3110 4209 3174 4264 τὸ
3236 4209 3358 4284 περὶ
3411 4210 3512 4278 τήν
3546 4207 3838 4282 βασιλείαν

414 4299 547 4353 dem
579 4306 738 4369 patre
771 4298 970 4354 Alexio
998 4296 1258 4353 Joannes
1317 4295 1604 4353 Manuelis
1662 4301 1720 4354 et
1749 4298 2020 4354 Andronii

2232 4295 2443 4375 εριδεές.
2478 4299 2574 4354 Διὰ
2599 4303 2771 4356 ταῦτα
2799 4299 3002 4370 τοίνυν,
3036 4298 3182 4355 ἀλλᾶ
3240 4296 3306 4369 δὴ
3353 4299 3442 4353 καὶ
3495 4298 3558 4353 τὸ
3607 4296 3662 4352 ἐν
3730 4297 3838 4372 μά-

415 4391 582 4458 pater
627 4385 882 4442 lsaacius
927 4385 1357 4442 sebastocrator
1401 4385 1521 4440 nati
1575 4386 1761 4459 erant)
1821 4389 2021 4445 maxitr

2229 4409 2307 4450 αις
2349 4385 2579 4459 ἑνδέξιον
2630 4387 2719 4444 καὶ
2775 4389 2838 4445 τὸ
2887 4393 2984 4444 τοῦ
3039 4388 3226 4466 γένους
3282 4387 3548 4461 ἐπίσημον
3595 4387 3681 4461 (ἐκ
3730 4388 3835 4462 γάρ

416 4475 836 4534 observabatur
864 4479 922 4530 et
955 4483 1262 4545 suspectus
1291 4474 1638 4534 habebatur.
1672 4479 1929 4534 Accessit
1957 4478 2022 4534 ali

2229 4482 2277 4533 >ῢ
2343 4478 2508 4534 αὐτοῦ
2559 4477 2762 4554 πατρὸς
2816 4481 2929 4554 (77)
2985 4476 3234 4552 Ἀλεξίου
3298 4481 3396 4533 τοῦ
3442 4481 3524 4550 τῷ
3563 4475 3835 4545 Μανουήλ

416 4575 645 4633 quoque
678 4575 856 4616 causa
885 4577 990 4616 cur
1011 4578 1044 4616 a
1070 4561 1332 4618 Manuele
1358 4562 1414 4617 in
1447 4564 1709 4620 custodia
1740 4564 2022 4622 haberetu‘

2229 4568 2526 4642 ροπάτορος
2559 4567 2589 4623 6'
2644 4589 2702 4623 τε
2766 4567 2963 4624 τούτου
2992 4567 3174 4642 πατὴρ
3208 4566 3236 4621 6
3298 4563 3550 4641 βασιλεὺς
3576 4565 3835 4635 Ἰωάννης

419 4649 759 4720 Imperatori
793 4649 930 4706 huic
955 4654 1072 4706 tres
1097 4650 1256 4705 fuere
1286 4650 1514 4722 fratres,
1549 4652 1786 4710 Alexius
1843 4655 2025 4712 Andrc

2226 4656 2270 4712 ιὶ
2327 4658 2356 4712 6
2409 4661 2505 4712 τοῦ
2564 4653 2911 4730 Ἀνδρονίκου
2987 4659 3206 4732 γενέτης
3267 4657 3296 4712 6
3379 4650 3832 4729 σεϐαστοκράτωρ

419 4740 584 4796 nicus
615 4744 672 4795 et
703 4740 748 4794 is
778 4741 947 4810 cujus
977 4755 1126 4812 saepe
1183 4739 1336 4794 facta
1391 4749 1478 4797 est
1519 4743 1755 4808 mentio,
1791 4743 2025 4801 Isaaciu:

2226 4745 2528 4822 ροήλθοσαν
2585 4747 2871 4820 Ἰσαάκιος)
2930 4740 3528 4822 ὀφθαλμοϐολούμενος
3612 4743 3681 4811 ἦν
3740 4742 3832 4796 καὶ

419 4845 666 4902 quorum
725 4830 838 4883 duo
895 4827 1159 4883 obierunt
1213 4832 1375 4900 patre
1461 4829 1652 4884 adhuc
1737 4836 2025 4903 superstiti

2231 4854 2423 4900 κοπτος
2455 4833 2717 4908 μάλιστα.
2759 4829 2968 4904 Συνέϐη
3001 4831 3058 4889 δέ
3093 4855 3148 4890 τι
3185 4835 3277 4888 καὶ
3305 4830 3488 4909 ἕτερον
3522 4830 3592 4886 δι’
3619 4829 3650 4885 δ
3697 4833 3837 4886 τοῦ-

418 4919 654 4975 Alexius
687 4934 866 4973 unam
900 4915 1132 4989 reliquit
1166 4916 1368 4987 tiliam,
1429 4919 1581 4974 136
1641 4935 1818 4990 quam
1867 4927 2024 4977 matr:

2232 4944 2270 4977 vv
2297 4923 2348 4978 ἐν
2381 4927 2591 5002 φρουρᾷ
2619 4928 2865 4999 συνεῖχεν
2898 4923 2926 4978 6
2967 4920 3259 4994 Μανουήλ.
3291 4925 3380 4996 Τῷ
3439 4919 3654 4998 βασιλεῖ
3709 4918 3838 4975 τού-

419 5009 613 5065 monio
647 5008 758 5064 sibi
783 5007 980 5078 junxit
1030 5005 1226 5078 magni
1275 5007 1574 5063 domestici
1633 5009 1870 5065 Joannis
1910 5010 2025 5067 filiu

2225 5018 2423 5089 ρτρεῖς
2454 5015 2590 5082 ἦσαν
2619 5013 2943 5087 ὁμαίμονες,
3003 5011 3268 5084 Ἀλὲξιος,
3339 5007 3678 5086 Ἀνδρόνικος
3742 5010 3831 5065 καὶ

422 5099 672 5170 Alexius,
702 5100 774 5155 de
800 5096 1015 5170 quibus
1055 5097 1233 5153 etiam
1281 5112 1457 5168 supra
1506 5096 1781 5154 diximus.
1845 5099 2028 5157 Andro

2232 5101 2511 5166 πολλάκις
2544 5101 2730 5178 ῥηθεὶς
2763 5102 3048 5166 ’Ῑσαάκιος.
3079 5101 3302 5160 Τούτων
3366 5101 3417 5156 οἱ
3475 5101 3571 5174 μὶν
3629 5097 3731 5155 δύο
3770 5100 3829 5154 τὸ

419 5188 582 5246 nicus
615 5189 762 5246 tilias
792 5191 907 5243 tres
937 5186 1214 5258 suscepit,
1275 5184 1535 5257 Mariam,
1590 5186 1952 5246 Theodoram
2007 5205 2025 5248 ε

2221 5194 2269 5265 ᾖν
2333 5190 2679 5266 μετήλλαξαν
2731 5187 2811 5248 ἔτι
2867 5196 2986 5255 τοῖς
3047 5195 3178 5262 ζῶσι
3249 5187 3673 5266 κατειλεγμένου
3728 5193 3827 5245 τοῦ

1821 5308 1990 5372 Hier.
2038 5311 2252 5374 Wolﬂi
2279 5319 2468 5376 notae.

489 5420 601 5488 (7'7)
633 5416 728 5472 Ἐκ
757 5417 861 5490 γὰρ
891 5417 989 5470 τοῦ
1019 5413 1184 5469 αὐτοῦ
1214 5415 1436 5489 πατρός.
1470 5414 1727 5470 Eudooia
1755 5414 1926 5472 tertio
1954 5417 2092 5488 grad

1587 5415 1727 5470 looia
1755 5414 1926 5472 tertio
1954 5417 2133 5488 gradu
2165 5419 2357 5490 attigit
2391 5419 2806 5486 Andronicum,
2837 5419 2948 5476 hoc
2979 5419 3153 5475 modo
3179 5436 3193 5475 :

1336 5517 1842 5568 Μ
2001 5517 2246 5574 Alexius
2408 5523 2902 5574 ω

1341 5588 1594 5642 Joannes
2019 5592 2221 5658 fratres
2652 5593 2904 5649 lsaacius

1343 5658 1720 5732 έηᾴτοιιίειιε
1975 5661 2258 5732 patrueles
2525 5663 2902 5722 Andronicus

1342 5728 1598 5787 Eudocia
1615 5728 2676 5779 ————-——3-——-——-——-——-
2709 5735 2903 5793 moesti
