4014 6204
420 332 537 396 H3
599 389 606 398 .

1715 321 2030 385 ΝιοΕΤιΕ
2074 319 2509 384 ΟΗΟΝΙΑΤιΕ

3675 332 3774 394 144

420 485 676 543 eumque
707 467 867 526 subit
897 462 1169 520 manibus
1203 477 1305 534 pro
1335 459 1632 532 ligonibus
1665 475 1832 528 usus,
1864 458 1936 514 ad
1984 457 2069 515 in-

2177 454 2420 530 ναικώδη
2480 455 2569 512 καὶ
2609 455 2800 514 ἀκλεᾶ.
2856 455 3070 515 Ούκοῦν
3101 455 3164 512 τὸ
3211 453 3361 534 ξίφος
3391 459 3656 537 γυμνώσας
3702 469 3778 522 καὶ

419 578 686 635 gressum
719 562 776 614 et
805 556 1024 612 exitum
1062 551 1392 626 parandum
1451 553 1510 607 et
1552 547 2072 618 dissimulandum,

426 651 602 708 rebus
657 643 1009 718 quibusdam
1069 645 1204 698 ante
1262 640 1523 697 foramen
1580 637 1894 696 collocatis.
1949 637 2074 695 Sub

419 737 648 812 praddii
680 740 912 805 tempus
971 731 1221 787 carceris
1281 731 1433 786 fores
1490 747 1522 784 a
1572 727 1915 786 custodibus
1946 743 2079 799 ape-

416 826 668 894 riuntur,
701 820 884 894 epulm
943 821 1287 886 afferuntur,
1339 817 1439 874 sed
1501 816 1736 874 conviva
1778 831 2072 889 nusquam

417 915 683 986 apparet.
743 909 1111 967 Perlustrant
1157 908 1243 964 illi
1319 906 1554 976 turrim,
1605 921 1677 962 ne
1727 921 1796 962 ea
1855 904 2074 963 alicubi

419 1003 656 1060 effracta
688 1003 790 1056 aut
846 999 1107 1072 perfossa
1163 997 1340 1052 homo
1399 993 1649 1052 callidus
1707 995 1782 1050 sit
1811 993 2068 1066 elapsus.

421 1092 535 1151 Sed
568 1107 700 1147 cum
742 1103 982 1162 prorsus
1040 1085 1188 1143 nihil
1241 1084 1446 1142 laesum
1485 1087 1663 1152 esset,
1711 1099 1824 1140 non
1873 1083 2070 1154 cardo,

419 1197 537 1240 non
565 1178 775 1254 postis,
807 1194 921 1234 non
953 1176 1157 1243 limen,
1190 1191 1304 1231 non
1327 1177 1569 1242 tectum,
1602 1189 1718 1230 non
1759 1173 2072 1244 posticum,

421 1288 538 1328 non
571 1271 721 1326 ferro
754 1266 982 1324 munita
1012 1266 1294 1335 fenestra,
1353 1279 1468 1319 non
1535 1261 1853 1334 quidquam
1888 1259 2070 1332 aliud,

420 1375 553 1416 cum
587 1373 798 1430 magno
830 1354 1051 1428 ejulatu
1113 1352 1319 1410 faciem
1382 1350 1678 1423 unguibus
1725 1350 2069 1420 lacerantes,

419 1449 590 1522 quasi
621 1447 840 1504 amisso
873 1462 940 1502 eo
972 1461 1145 1517 quem
1181 1442 1612 1511 custodiebant,
1672 1445 1730 1499 et
1776 1441 1967 1497 locum
2017 1445 2074 1498 et

422 1540 663 1597 modum
694 1555 810 1612 quo
837 1537 1141 1610 etl‘ugisset
1172 1535 1532 1608 ignorantes,
1566 1550 1684 1591 rem
1717 1532 2074 1607 imperatrici

421 1635 478 1685 et
536 1627 977 1697 magistratibus
1033 1625 1292 1695 aulasque
1375 1622 1716 1697 proceribus
1773 1622 2070 1681 nuntiant.

419 1715 585 1774 Alius
613 1715 794 1789 igitur
821 1715 892 1770 ad
927 1712 1186 1770 marinas
1215 1719 1412 1786 portas
1446 1713 1716 1784 mittitur,
1749 1711 1900 1768 alius
1955 1716 2072 1768 ter-

423 1813 636 1862 restres
660 1807 858 1876 portas
875 1801 1167 1859 custodire
1193 1802 1456 1876 jubetur,
1487 1800 1641 1858 alius
1663 1805 1865 1874 portus
1904 1818 2073 1858 scru-

419 1898 594 1964 tatur,
629 1893 781 1950 alius
815 1892 930 1948 alia
986 1899 1148 1965 parte
1206 1891 1371 1948 urbis
1427 1894 1708 1962 occupata
1764 1889 2073 1963 fugitivum

419 1983 823 2040 Andronicum
861 1981 1152 2053 quaeritat.
1218 1980 1648 2053 Perquiruntur
1705 1983 1762 2034 et
1819 1979 1974 2034 bivia
2024 1982 2082 2035 et

418 2072 631 2140 trivia;
668 2079 721 2127 et
779 2071 993 2127 crebras
1051 2069 1430 2141 imperatoriae
1502 2067 1707 2124 littcrre
1767 2069 1824 2124 in
1875 2084 2080 2124 omnes

419 2160 750 2235 provincias
777 2159 1114 2226 mittuntur,
1149 2158 1360 2230 quibus
1397 2158 1676 2227 fugitivus
1710 2157 2081 2235 Andronicus

425 2231 791 2307 continenter
847 2247 1064 2318 inquiri
1125 2252 1183 2304 et
1239 2251 1444 2318 captus
1499 2245 1559 2301 in
1619 2245 1820 2300 urbem
1862 2231 2077 2302 remitti

422 2337 938 2409 IAOjubebatur.
973 2336 1193 2392 Deinde
1228 2352 1371 2390 uxor
1409 2335 1538 2406 ejus
1571 2337 1632 2388 ut
1664 2333 1812 2406 fuga:
1845 2334 2080 2390 conscia

413 2427 838 2496 comprehensa
869 2425 928 2480 in
956 2425 1228 2481 eumdem
1293 2439 1602 2490 carcerem,
1665 2422 1720 2477 in
1783 2438 1896 2494 quo
1954 2427 2078 2479 erat

421 2519 820 2586 Andronicus,
856 2517 1183 2588 conjicitur,
1217 2519 1282 2572 ut
1313 2516 1392 2572 ibi
1429 2515 1666 2588 pietatis
1689 2515 1748 2570 in
1797 2513 2074 2570 maritum

425 2613 482 2665 et
512 2608 742 2666 consilii
772 2609 842 2663 de
897 2609 1030 2678 fuga
1086 2623 1286 2680 pmnas
1343 2606 1523 2662 daret.
1583 2603 1934 2661 Nesciebant
1990 2592 2074 2658 illi

419 2699 701 2755 nimirum
736 2713 798 2754 se
831 2697 1228 2753 Andronicum
1260 2695 1474 2752 habere
1509 2699 1569 2750 ut
1601 2695 1783 2768 prius,
1816 2699 1872 2750 et
1894 2692 2072 2750 bilem

418 2805 587 2844 suam
624 2788 842 2844 frustra
871 2788 928 2842 in
997 2786 1267 2842 miseram
1327 2783 1605 2841 feminam
1655 2783 1970 2852 edundere,
2016 2786 2075 2838 et

423 2891 547 2934 rem
577 2881 806 2950 gratam
847 2875 1038 2932 facere
1070 2873 1416 2944 Andronico,
1448 2873 1548 2945 qui
1576 2889 1710 2928 eum
1756 2888 1787 2927 e
1835 2888 2075 2928 caverna

423 2965 760 3023 emersisset
792 2969 850 3020 et
881 2963 1186 3020 mulierem
1220 2961 1519 3034 inopinato
1545 2964 1856 3034 conspectu
1905 2961 2071 3016 terri-

415 3063 540 3117 tam
601 3057 891 3115 allocutus
941 3071 1044 3126 pro
1101 3056 1332 3124 spectro
1382 3051 1715 3120 haberetur,
1773 3050 2070 3124 amplexus

418 3165 544 3207 eam
578 3145 906 3215 illacrymat
925 3141 1027 3198 ille
1056 3142 1316 3214 quidem,
1351 3142 1452 3198 sed
1475 3157 1590 3196 non
1608 3143 1838 3197 tantum
1872 3157 2060 3212 quan-

415 3241 542 3294 tum
575 3233 810 3290 illarum
843 3247 1240 3289 wrumnarum
1272 3230 1558 3286 acerbitas
1607 3229 1958 3304 postulabat,
1989 3249 2061 3288 ne

415 3323 690 3382 custodes
747 3320 1034 3392 ejulatum
1094 3319 1384 3376 audirent.
1437 3319 1497 3375 In
1552 3335 1621 3377 ea
1667 3319 1933 3376 custodia
1962 3319 2058 3376 diu

412 3411 839 3471 consuetudine
864 3410 1061 3468 uxoris
1092 3426 1257 3479 usus,
1316 3425 1348 3466 e
1400 3426 1515 3480 quo
1556 3425 1873 3481 congressu
1904 3409 2062 3467 filius

415 3503 469 3559 ei
497 3502 756 3558 Joannes
783 3503 986 3574 postea
1017 3501 1189 3555 natus
1219 3502 1328 3567 est,
1359 3499 1452 3555 cui
1494 3513 1704 3554 nomen
1754 3498 2062 3571 imperato-

411 3592 595 3657 rium,
623 3597 816 3648 utsuo
847 3589 972 3646 loeo
1017 3587 1371 3656 narrabitur,
1405 3587 1713 3660 impertiit,
1763 3587 1998 3644 tandem
2033 3605 2062 3644 e

416 3697 645 3739 carcere
675 3679 944 3748 elabitur,
977 3677 1318 3735 custodibus
1343 3686 1575 3750 propter
1632 3677 1936 3733 mulierem
1969 3693 2063 3734 ne-

413 3772 861 3846 gligentioribus
895 3770 1084 3826 factis.
1119 3768 1228 3824 Sed
1284 3770 1432 3823 141
1495 3784 1628 3822 cum
1669 3767 1740 3824 ad
1775 3767 2062 3842 Melangia

412 3859 687 3928 venisset,
717 3876 750 3914 a
784 3856 968 3914 milite
995 3857 1249 3929 quodam
1281 3854 1470 3910 Nicaea
1524 3857 1732 3926 captus
1781 3854 1972 3910 denuo
2002 3854 2060 3909 in

415 3950 739 4008 custodiam
773 3950 961 4020 priore
995 3947 1272 4018 majorem
1331 3949 1387 4001 et
1433 3946 1788 4002 acerbiorem
1821 3945 2061 4018 conjici-

415 4039 875 4110 tur,duplicibur
904 4036 1102 4093 ferreis
1142 4033 1523 4106 compedibus
1581 4039 1873 4092 oneratus.
1927 4036 2062 4102 Qua

413 4144 549 4186 cum
583 4126 834 4184 Manueli
893 4125 951 4180 in
1017 4123 1300 4180 Armenia
1351 4123 1545 4179 adhuc
1597 4127 1789 4179 castra
1822 4121 2062 4180 habenti

415 4217 1105 4286 nnntiarentur,Joennes
1135 4213 1474 4269 Camaterus
1531 4211 1720 4268 dromi
1768 4211 2064 4286 logotbeta

413 4304 686 4375 mittitur,
719 4302 821 4375 qui
871 4302 1283 4372 imperatorem
1343 4299 1676 4372 propediem
1737 4299 2063 4356 rediturum

408 4393 716 4458 indicaret,
749 4399 806 4448 et
835 4391 971 4462 quid
1015 4393 1209 4447 actum
1239 4393 1394 4446 esset
1423 4388 1763 4461 diligentias
1799 4388 2062 4460 explora-

410 4488 540 4541 tum
571 4480 954 4538 renuntiaret.

2183 543 2309 603 δοὺς
2383 550 2547 604 τοῦτο
2594 551 2664 622 τῇ
2705 544 2851 618 δεξιᾷ
2905 543 3235 624 ἀφάλλεται,
3273 547 3369 616 τήν
3401 551 3590 620 σκηνήν
3625 551 3780 632 ἐγκαρ.

2181 635 2312 698 σίως
2345 633 2643 710 διατεμὼν,
2674 637 2764 691 καὶ
2821 634 2877 692 ἐν
2916 635 2993 692 ἑνὶ
3053 633 3344 709 πηδήματι
3395 639 3630 714 Θετταλῷ
3657 641 3784 700 ἀντι-

2179 743 2312 800 κρυς
2343 721 2653 802 ὑπερϐαίνει
2699 726 2792 780 τόν
2844 746 2903 781 τε
2956 724 3304 803 ξυγκείμενον
3353 729 3419 801 τῇ
3449 733 3611 802 σκηνῇ
3637 735 3779 809 τυχὸν

2180 812 2324 870 οὕτω
2358 816 2596 891 θριγγὸν,
2625 815 2716 871 καὶ
2775 814 2900 870 ὅσον
2941 815 3165 892 ἐπεῖχον
3223 817 3277 871 οἱ
3325 815 3581 874 πάσσαλοι
3613 801 3785 878 minet

2181 910 2398 980 σχοῖνοι
2433 910 2646 982 χῶρον,
2677 906 2751 968 ὡς
2791 904 3011 981 ἀχανεῖς
3067 905 3314 981 γενέσθαι
3370 906 3490 970 τοὺς
3519 905 3788 987 ἐνεδρεύον-

2176 1015 2273 1060 τας
2325 997 2416 1052 καὶ
2471 998 2534 1052 τὸ
2587 994 2870 1073 διαδρᾶναι
2917 1001 3052 1072 σφᾶς
3104 998 3168 1052 τὸ
3226 999 3443 1073 θήραμα
3497 1000 3664 1075 θαῦμα
3710 998 3786 1058 καὶ

2181 1083 2354 1160 θέαμα
2405 1087 2650 1161 ἡγεῖσθαι
2717 1086 2922 1143 καινόν.
2979 1090 3161 1142 Ταῦτα
3219 1087 3313 1160 μὶν
3379 1088 3466 1143 οὗν
3523 1088 3790 1164 ἀκουόμενα

2175 1175 2270 1230 τὸν
2295 1175 2672 1251 αὐτοκράτορα
2704 1172 2998 1251 ὑπέθραττε
3028 1174 3319 1249 Μανουήλ,
3351 1175 3439 1231 καὶ
3491 1177 3542 1231 αἱ
3571 1173 3790 1235 διαϐολαὶ

2179 1269 2267 1343 [Ρ.
2300 1268 2391 1340 70]
2415 1262 2471 1322 δὲ
2498 1267 2596 1321 ὅσα
2622 1267 2709 1322 καὶ
2741 1263 2950 1341 ῥανίδες
2979 1262 3286 1344 ἐνδελεχεῖς
3304 1263 3598 1323 ἐκοίλαινον
3617 1267 3664 1331 ἐς
3684 1269 3797 1325 ὑπο·

2179 1354 2355 1433 δοχὴν
2378 1359 2490 1411 τῶν
2521 1354 2657 1412 κατά
2677 1359 2774 1411 τοῦ
2805 1349 3312 1429 ένδιαὸαλλομὲνου
3339 1353 3693 1432 ἐπιχεομένων
3710 1359 3794 1426 τὴν

2175 1451 2273 1503 τοῦ
2305 1444 2682 1521 ἐνηχουμένου
2704 1445 2910 1520 ψυχὴν,
2943 1444 3030 1499 καὶ
3064 1446 3270 1521 ἀπῆγον
3305 1443 3441 1501 κατά
3471 1445 3642 1521 βραχὺ
3662 1445 3717 1502 οὗ
3736 1449 3802 1502 εί-

2179 1553 2275 1610 χεν
2309 1530 2468 1596 οὗτος
2510 1531 2587 1596 είς
2613 1534 2704 1588 τὸν
2725 1529 2894 1608 ἄνδρα
2925 1533 3177 1607 ζωπύρου
3207 1529 3420 1607 φιλίας,
3446 1532 3533 1588 καὶ
3552 1533 3622 1594 ὡς
3640 1531 3796 1604 ἀληθῆ

2176 1621 2368 1698 ἐνῆγον
2432 1622 2499 1676 τὰ
2559 1620 2829 1698 λεγόμενα
2867 1618 3292 1698 παραδέχεσθαι·
3335 1618 3477 1696 μηδὶ
3529 1621 3629 1698 γὰρ
3664 1622 3797 1695 πάμ-

2175 1732 2280 1766 παν
2309 1711 2410 1780 τὴν
2446 1712 2641 1786 φήμην
2687 1707 3056 1781 ἀπόλλυσθαι,
3120 1707 3263 1783 μηδὲ
3322 1709 3445 1776 είκῆ
3479 1709 3699 1765 λύουσαν
3750 1710 3803 1764 τὸ

2176 1798 2374 1856 πτίλον
2446 1798 3006 1875 ἀμφιπεριτροχάζειν
3064 1795 3272 1870 αὐθάδη
3330 1799 3421 1854 καὶ
3483 1797 3806 1874 βασιλειῶντα

2186 1890 2277 1944 τὸν
2310 1885 2679 1962 ’Λνδρόνικον.
2711 1888 2800 1950 Ὠς
2841 1886 2944 1963 ἄρα
2974 1884 3126 1942 ούδέν
3174 1909 3227 1944 τι
3269 1882 3536 1944 διαϐόλου
3587 1887 3810 1963 γλώττης

2190 1975 2464 2054 χείριστον
2493 1978 2646 2051 ἐνέφυ
2675 1982 2790 2038 τοῖς
2828 1975 3140 2052 ἀνθρώποις
3192 1974 3380 2052 ἓτερον
3433 1976 3616 2033 κακόν.
3672 1975 3812 2033 Είκό-

2185 2088 2295 2131 τως
2326 2065 2414 2122 οὖν
2446 2065 2536 2122 καὶ
2571 2061 2736 2122 Δαϐἰδ
2768 2066 2796 2121 ὅ
2837 2063 3084 2144 φιλῳδὸς
3114 2068 3204 2122 καὶ
3237 2065 3597 2142 φιλόψαλμος
3617 2064 3664 2121 ἒν
3678 2063 3814 2120 πλεί-

2187 2177 2335 2218 στοις
2365 2160 2470 2210 τῶν
2513 2154 2678 2211 αὑτοῦ
2717 2153 3032 2220 θεοπλόκων
3065 2156 3159 2210 καὶ
3189 2152 3523 2234 ἡδυφραδῶν
3556 2152 3813 2210 είδυλλίων

2187 2241 2426 2322 διασύρει
2457 2245 2660 2316 ταύτην
2695 2244 2785 2300 καὶ
2815 2242 3101 2318 κωμῳδεῖ,
3145 2243 3552 2322 στηλογραφῶν
3603 2246 3816 2319 ἀτεχνῶς

2182 2337 2282 2405 τὴν
2313 2334 2361 2405 ἐξ
2403 2334 2612 2411 ἐρήμου
2643 2333 2844 2406 ταύτης
2879 2335 3062 2410 ἰσχὺν,
3091 2335 3182 2390 καὶ
3243 2336 3512 2410 ῥυσθῆναι
3575 2341 3672 2390 τῶν
3712 2331 3812 2388 ἑλί-

2181 2447 2294 2482 κων
2319 2425 2488 2495 αὐτῆς
2521 2425 2917 2505 ἐπευχόμενος.
2950 2430 3045 2498 Τῷ
3070 2448 3158 2484 τοι
3214 2427 3314 2482 καὶ
3371 2429 3400 2483 ὁ
3453 2424 3704 2495 Μανουὴλ
3755 2424 3816 2485 ὡς

2183 2515 2372 2590 ἄρκυσι
2406 2514 2638 2596 ληφθεὶς
2697 2518 2784 2581 οἷς
2839 2517 2974 2586 ἦσαν
3014 2520 3112 2572 τοῦ
3175 2515 3536 2593 Ἀνδρονίκου
3573 2513 3817 2573 πολλάκις

2183 2606 2234 2661 οἱ
2292 2605 2428 2681 πρὸς
2487 2605 2677 2680 γένους
2734 2605 2884 2678 αύτῷ
2940 2604 3362 2678 κατεπᾴδοντες,
3446 2607 3581 2663 ἑκὼν
3634 2602 3820 2660 ἀέκοντί

2178 2715 2241 2769 γε
2289 2696 2446 2768 θυμῷ
2501 2695 2717 2765 τίθησιν
2761 2695 2922 2751 αὐτὸν
2955 2695 3005 2750 ἐν
3063 2701 3307 2774 φρουρᾷ,
3368 2696 3460 2750 καὶ
3517 2692 3820 2754 ποδοκάκαις

2179 2780 2430 2858 σιδηραῖς
2487 2781 2840 2862 ἀσφαλίζεται
2881 2783 3182 2860 ἀρρηκτοις
3243 2786 3328 2848 ὡς
3377 2785 3502 2855 ἐνῆν
3559 2781 3648 2839 καὶ
3709 2779 3827 2837 ἀλύ-

2177 2894 2316 2936 τοις.
2348 2876 2574 2947 ’Έμενεν
2610 2874 2699 2928 οὗν
2734 2871 2817 2947 ἐφ’
2854 2874 3031 2929 ἱκανὸν
3069 2875 3276 2949 χρόνον
3339 2879 3412 2948 τῇ
3473 2873 3686 2955 φυλακῇ
3743 2892 3825 2926 κα-

2175 2964 2578 3038 κουχούμενος.
2612 2963 2958 3040 Θερμουργὸς
3011 2960 3068 3018 δὲ
3120 2961 3194 3018 ὢν
3246 2964 3349 3019 καὶ
3404 2963 3698 3040 ἀνθρώπων
3745 2981 3828 3017 πο-

2177 3050 2598 3129 λυτροπώτατος
2628 3052 2723 3108 κάν
2757 3057 2876 3114 τοῖς
2933 3051 3164 3128 ἀπόροις
3217 3055 3554 3129 ποριστικὸς
3613 3053 3697 3108 καὶ
3749 3051 3828 3106 εὑ-

2177 3140 2428 3216 μέθοδος,
2470 3141 2804 3198 παλαίτατον
2864 3145 3202 3214 κατανοήσας
3269 3143 3558 3220 ὑπόνομον
3612 3143 3724 3199 καθ’
3773 3139 3823 3194 ὅν

2173 3233 2426 3310 εἵργνυτο
2457 3233 2701 3288 οἰκίσκον
2731 3234 2962 3310 (πύργος
3019 3231 3076 3290 δὲ
3126 3232 3293 3300 οὗτος
3365 3237 3440 3307 ἧτ
3501 3235 3560 3292 ἐκ
3613 3233 3822 3297 πλίνθου

2168 3321 2305 3385 ἆπας
2341 3323 2539 3395 ὀπτῆς)
2568 3324 2747 3378 ὕπεισι
2777 3328 2996 3393 τοῦτον,
3051 3329 3172 3386 ταῖς
3229 3325 3406 3402 χερσὶ
3440 3323 3700 3402 πρότερον
3760 3319 3826 3380 ὡς

2170 3410 2409 3487 ἀμάλαις
2437 3411 2472 3482 ἢ
2507 3411 2725 3467 σκαλίσι
2758 3409 3169 3486 διαμησάμενος
3233 3417 3316 3470 ’τά
3355 3415 3499 3490 πρὸς
3543 3415 3641 3482 τὴν
3696 3409 3830 3466 εἴσο-

2168 3498 2259 3556 δον
2312 3502 2402 3556 καὶ
2485 3503 2584 3571 τὴν
2673 3497 2875 3573 ἔξοδον,
2932 3502 3006 3564 ὡς
3067 3503 3174 3558 εἷεν
3263 3503 3582 3576 ἀνύποπτα,
3638 3503 3720 3556 καί
3781 3519 3826 3553 τι

2167 3589 2572 3667 προεκπετάσας
2604 3587 2860 3648 ἔπιπλον.
2916 3592 3210 3662 Ἐνστάσης
3257 3594 3452 3648 τοίνυν
3517 3591 3660 3668 ὥρας
3723 3587 3825 3662 ἀρί-

2168 3699 2297 3736 στου
2358 3681 2409 3734 αί
2470 3680 2628 3753 θύραι
2679 3685 2777 3734 τοῦ
2842 3675 3226 3754 δεσμωτηρίου
3269 3682 3425 3758 παρᾶ
3455 3687 3565 3738 τῶν
3600 3681 3826 3760 φρουρῶν

2169 3768 2468 3844 ἀνεῴγεσαν
2501 3771 2591 3824 καὶ
2649 3769 2712 3824 τὸ
2779 3765 2993 3824 δεῖπνον
3035 3768 3298 3845 εὐτρεπὲς
3332 3773 3724 3848 παρεισήγετο,
3752 3767 3830 3822 ού-

2170 3855 2439 3930 δοιμοῦδέ
2490 3857 2818 3935 φαινόμενος
2873 3859 2938 3928 ἦν
3001 3859 3029 3913 ὁ
3091 3856 3414 3935 δαιτυμὼν.
3456 3855 3829 3937 Περιεϐλέπετο

2169 3951 2298 4024 γοῦν
2328 3951 2445 4009 τοῖς
2476 3945 2702 4025 φύλαξιν
2742 3949 2771 4017 δι
2803 3947 3032 4027 φρουρὰ,
3070 3949 3145 4022 μή
3179 3951 3295 4005 πού
3327 3971 3386 4006 τι
3441 3949 3649 4021 ταύτης
3704 3947 3832 4002 ἀπο-

2171 4035 2404 4111 θραύσας
2435 4031 2471 4105 ἤ
2511 4033 2841 4110 διατορήσας
2883 4037 2911 4092 ὁ
2978 4036 3308 4111 πολύμητις
3372 4038 3725 4116 Ἀνδρόνικος
3771 4031 3838 4090 οἵ·

2173 4144 2356 4202 χοιτο.
2392 4127 2479 4186 Ὡς
2513 4121 2556 4179 δ’
2589 4122 2744 4180 οὐδὲν
2777 4126 2924 4186 ὃΛως
2969 4125 3035 4196 ἧν
3091 4123 3371 4202 οὐδαμῶς
3434 4127 3727 4203 λυμανθὲν,
3778 4121 3836 4178 οὑ

2172 4215 2380 4291 θαιρὸς,
2415 4214 2476 4270 ού
2516 4213 2672 4292 φλιά,
2716 4211 2838 4271 οὔτε
2905 4217 3014 4290 μὴν
3064 4213 3230 4281 οὐδὸς
3297 4224 3418 4276 τῶν
3493 4217 3709 4289 πυλῶν,
3755 4216 3842 4271 ούκ

2173 4301 2397 4384 ὄροφος,
2430 4305 2528 4361 οὑκ
2573 4303 2964 4380 ὀπισθόδομος,
2999 4304 3114 4362 οὐδ’
3145 4310 3180 4378 ἡ
3234 4307 3616 4388 σιδηρόδετος
3644 4309 3843 4387 ἀναφω-

2169 4393 2278 4464 τὶς,
2309 4393 2409 4450 οὑκ
2438 4393 2578 4450 ἄλλο
2607 4416 2658 4451 τι
2688 4399 2796 4451 τῶν
2847 4396 3098 4453 ἁπάντων
3133 4395 3324 4470 οὐθὲν,
3355 4401 3674 4475 ἀνῴμωζον
3729 4396 3845 4454 διω-

2175 4482 2512 4562 λύγιον,τὴν
2546 4483 2668 4558 ὄψιν
2699 4479 2874 4558 ὄνυξιν
2931 4480 3224 4561 ἕδρυπτον,
3283 4489 3370 4554 ὡς
3435 4489 3500 4546 ὅν
3563 4487 3843 4568 ἐφρούρουν

418 4569 518 4626 ούκ
581 4569 819 4644 ἔχοντες,
890 4565 1032 4642 μηδὲ
1087 4568 1182 4624 τὸν
1237 4566 1440 4644 τρόπον
1488 4564 1525 4637 ἤ
1583 4567 1673 4622 τὸν
1705 4568 1871 4623 τόπον
1930 4577 2315 4639 κατανοοῦντες
2364 4575 2482 4628 καθ’
2535 4573 2591 4628 ὅν
2662 4572 2804 4630 ἔστιν
2857 4572 3123 4650 ἀποδράς.
3185 4576 3360 4647 Δῆλα
3421 4564 3850 4636 ταῦτα’“ποίοῦσι

417 4664 488 4736 τῇ
542 4657 830 4735 βασιλίσσῃ
885 4661 974 4714 καὶ
1041 4663 1158 4722 τοῖς
1220 4657 1274 4714 ἐν
1327 4657 1474 4714 τέλει
1526 4657 1617 4713 καί
1675 4659 1794 4714 ὅσοι
1832 4661 1931 4729 τήν
1991 4658 2288 4737 βασιλικὴν
2317 4663 2731 4743 ἀμφεπονοῦντο
2790 4662 2989 4735 αὐλήν.
3051 4662 3270 4722 Οὑκοῦν
3311 4668 3343 4723 ὁ
3379 4670 3485 4742 μὲν
3517 4669 3596 4732 ὡς
3620 4666 3852 4747 φυλάξων

426 4751 525 4812 τὰς
556 4747 924 4827 αἰγιαλίτιδας
987 4747 1166 4812 πύλας
1223 4746 1532 4820 ἐστέλλετο,
1589 4753 1670 4820 τῷ
1716 4745 1772 4802 δὲ
1829 4749 1864 4818 ἡ
1942 4755 2052 4806 τῶν
2136 4755 2411 4830 χερσαίων
2470 4752 2828 4831 ἐπετέτραπτο
2887 4752 3131 4832 φυλακὴ,
3186 4754 3382 4820 ἄλλος
3452 4759 3590 4823 τοὺς
3633 4745 3852 4834 λιμένας

423 4837 766 4917 διηρευνᾶτο,
823 4836 1006 4916 ἕτερος
1063 4837 1205 4894 ἃλΚο
1261 4858 1315 4892 τι
1364 4840 1464 4904 τῆς
1522 4838 1740 4925 πόλεως
1802 4838 1968 4914 μέρος
2024 4837 2322 4898 ἀπολαϐὼν
2382 4841 2564 4898 ἂνετον
2625 4843 2802 4915 ἐζήτει
2850 4843 2940 4899 τὸν
2981 4841 3260 4918 δραπέτην
3299 4841 3855 4925 Ἀνδρόνικον.οὗδὶ

415 4931 471 4987 αἱ
520 4927 762 5008 ἄμφοδοι
822 4932 957 4998 ἦσαν
1018 4925 1439 4997 ἀδιασκόπητοι,
1497 4924 1612 4982 οὐδ’
1669 4925 1973 5005 ἀφύλακτοι
2031 4932 2086 4986 αἱ
2135 4929 2369 5008 τρίοδοι.
2429 4932 2623 5008 Κυχνά
2679 4930 2736 4989 δὲ
2791 4933 2882 4988 καὶ
2941 4934 3079 4990 κατὰ
3139 4937 3334 4991 πᾶσαν
3399 4924 3603 5014 χώραν
3631 4937 3697 4995 τά
3726 4931 3860 5013 βασί-

418 5020 542 5078 λεια
599 5019 848 5077 διίπτατο
878 5020 1197 5095 γράμματα,
1247 5015 1480 5096 ἄφαντον
1537 5015 1958 5094 ἀπαγγέλλοντα
2016 5021 2110 5077 τὸν
2180 5018 2523 5097 Ἀνδρόνικον
2578 5023 2666 5078 καὶ
2725 5021 2940 5098 σχολὴν
2969 5020 3232 5096 ἐπίμονον
3272 5024 3682 5099 ἐπιτάττοντα,
3722 5026 3858 5082 ὅπως

415 5108 584 5176 ἁλοὺς
637 5110 1059 5189 έπαναπεμφοῇ.
1123 5105 1244 5164 Ἐπὶ
1303 5104 1370 5178 δὴ
1429 5106 1648 5172 τούτοις
1701 5108 1793 5162 καὶ
1849 5111 1882 5179 ἡ
1948 5109 2146 5166 τούτου
2200 5110 2578 5190 συλληφθεῖσα
2625 5113 2760 5188 γυνὴ
2821 5111 2896 5175 ὠς
2960 5118 3059 5182 τῆς
3149 5121 3347 5187 φυγῆς
3445 5117 3722 5191 συνίστωρ
3792 5116 3862 5184 τῷ

422 5197 786 5277 δεσμωτηρίῳ
837 5195 1287 5274 παραρῥιπτεῖται
1347 5195 1400 5251 ἐν
1463 5197 1611 5273 ᾧπερ
1668 5202 1958 5272 καθεῖρκτο
2035 5197 2408 5276 Ἀνδρόνικος,
2469 5199 2544 5262 ὠς
2627 5197 2800 5255 ἐκεῖσε
2882 5199 3001 5274 τίνῃ
3081 5195 3243 5262 δίκας
3349 5211 3461 5274 τῆς
3551 5201 3861 5284 φιλανδρίας

419 5289 545 5356 ἔνθα
597 5292 625 5346 ὁ
682 5288 882 5361 ταύτης
939 5286 1270 5359 συνείληπτο
1329 5286 1576 5363 σύζυγος,
1632 5289 1678 5360 ᾦ
1740 5286 1964 5345 ὑπέθετο
2020 5290 2120 5359 τὴν
2179 5286 2548 5363 δραπέτευσιν.
2619 5288 2940 5345 Ἐλάνθανον
2990 5285 3047 5344 δὲ
3112 5285 3220 5363 ἄρα
3250 5292 3355 5347 καὶ
3391 5291 3753 5371 Ἀνδρόνικον
3777 5312 3864 5348 πε·

424 5377 595 5450 δήτην
659 5379 734 5443 ὠς
799 5373 1062 5454 πρότερον
1124 5373 1344 5453 ἔχοντες
1405 5378 1495 5431 καὶ
1551 5378 1726 5450 μάτην
1793 5377 1870 5442 εἰς
1924 5384 2156 5454 γυναῖκα
2199 5375 2550 5453 ταλαίπωρον
2581 5378 2672 5434 τὸν
2723 5377 2893 5454 χόλον
2928 5377 3216 5455 ἐκχέοντες
3271 5382 3374 5438 καὶ
3408 5384 3481 5440 τὰ
3543 5386 3684 5460 πρὸς
3713 5385 3864 5458 χάριν

422 5463 756 5540 Ἀνδρονίκῳ
813 5471 1112 5529 ποιοῦντες·
1174 5462 1429 5536 ἐξαναδυς
1496 5464 1600 5543 γὰρ
1657 5465 1817 5530 οὗτος
1871 5470 1970 5522 τοῦ
2029 5465 2196 5530 θόλου
2254 5467 2345 5522 καὶ
2403 5467 2496 5523 τὸν
2548 5467 2820 5542 ὑπόνομον
2871 5465 3218 5532 ἐκλελοιπὼς
3284 5475 3365 5548 τῇ
3431 5473 3661 5550 γυναικὶ
3692 5471 3870 5548 ἐντυγ-

431 5550 826 5642 χάνειηδὸξας
875 5553 975 5611 ὅσα
1040 5555 1130 5610 καὶ
1198 5551 1408 5629 δαίμων
1464 5553 1531 5610 τὰ
1577 5559 1768 5630 πρῶτα
1827 5555 2222 5634 ὑποταρτάριος
2274 5558 2308 5626 ἢ
2379 5558 2582 5614 νεκύων
2666 5557 2932 5633 ἀμενηνὸν
3005 5555 3277 5635 ίνδαλμα,
3356 5564 3459 5619 καὶ
3552 5563 3866 5642 διαταράξας

435 5646 514 5718 τῷ
567 5639 790 5719 ἀέλπτῳ
856 5650 956 5718 τῆς
1014 5645 1134 5708 Θέας
1185 5646 1286 5719 τὴν
1345 5645 1644 5720 ἄνθρωπον.
1715 5647 1804 5720 [Ρ.
1864 5649 1954 5722 71]
2011 5646 2120 5706 Καὶ
2199 5643 2568 5727 προσπλακεῖς
2625 5644 2883 5728 ἐδάκρυσε
2942 5645 3245 5727 μὲν,πλήν
3320 5653 3444 5732 οὐχ
3499 5654 3632 5712 ὅσον
3678 5639 3869 5730 ἤθελον
