4014 6204
194 311 317 372 λεδ
1250 313 1352 373 DE
1398 309 1780 374 MANUELE
1824 310 1859 372 C

1963 308 2205 373 ῙΝΕΝΟ
2249 308 2398 370 LIB.
2446 306 2552 369 ΙΙΙ.
3488 317 3607 379 446

188 444 248 499 αἱ
308 438 581 519 συμφοραί
655 436 745 497 καὶ
802 440 867 497 τὰ
940 442 1064 500 τότε
1137 439 1381 520 δυστυχῆ
1432 445 1838 517 συναντήματα,
1915 439 2096 519 φειδοῖ
2150 444 2248 497 τοῦ
2310 442 2384 516 μὴ
2461 438 2552 495 τόν
2656 441 2849 517 θρῆνον
2900 438 3276 515 ἆναϐῆναιεῖς
3325 448 3437 504 ὦτα
3484 457 3605 515 τοῖς

191 530 594 612 δεσμοφύλαξι.
631 533 730 585 Καὶ
764 529 831 601 δή
863 532 944 609 ἐφ’
981 534 1161 588 ἱκανὸν
1215 535 1559 611 συγγεγονὼς
1612 539 1681 609 τῇ
1744 532 1970 588 εύνέτιδι
2045 530 2184 587 κατὰ
2256 532 2355 600 τήν
2433 532 2696 607 φρουρὰν,
2764 532 2853 586 καὶ
2930 532 3206 607 ἐγκύμονα
3260 538 3463 610 ταύτην
3541 538 3603 598 ἐκ

189 629 260 692 τῆ
336 621 463 676 τότε
537 619 821 683 συνουσίας
849 621 1321 697 ἀπεργασάμενος,
1356 623 1407 695 έξ
1482 625 1549 694 ἧς
1590 623 1678 679 καὶ
1720 620 1916 684 παιδὸς
1990 620 2214 698 ἄρρενος
2272 620 2493 675 ἀκούσοι
2545 621 2749 696 πατὴρ,
2781 622 2871 676 τὸν
2913 623 3169 696 Ἰωάννην
3219 626 3384 703 λέγω,
3417 630 3461 701 ᾡ
3516 630 3606 686 καὶ

193 710 491 789 βασιλείας
551 707 893 784 Ἀνδρόνικος
954 711 1252 786 μετέδωκεν
1300 707 1505 784 ἔπειτα,
1565 714 1638 775 ὡς
1698 714 1725 768 6
1781 714 1951 788 λόγος
2003 711 2129 786 ε’ἰπῃ
2204 711 2339 766 κατὰ
2411 710 2617 783 καιρὸν,
2705 710 2900 767 ἐκεῖθεν
2976 714 3272 791 ἀναχωρεῖ,
3354 720 3444 775 οἷα
3500 725 3608 776 τῶν

191 801 455 879 φυλάκων
493 801 690 872 μηκέτι
716 799 845 855 κάπὶ
879 804 946 875 τῇ
969 803 1185 875 γυναικὶ
1224 803 1339 858 οἳαν
1370 803 1458 858 καὶ
1500 802 1580 858 ἐπ’
1606 801 1755 875 αύτῷ
1774 804 1871 871 τῆς
1893 805 2131 881 φρουρᾶς
2156 801 2550 876 παρεχομένων
2570 798 2956 875 ἀκρεχομένων
2988 799 3282 879 ἀκρίϐειαν.
3310 807 3608 881 Γενόμενος

194 888 252 946 δέ
282 890 420 945 κατᾶ
448 889 517 944 τὸ.
573 886 870 965 μελάγγεια
910 887 1351 964 συλλαμϐάνεται
1409 893 1554 968 παρὰ
1590 912 1687 949 του
1746 892 2103 965 στρατιώτου,
2164 891 2274 961 ὅτῳ
2322 890 2388 958 ἦν
2453 890 2682 951 Νικαίας
2735 889 3045 961 έπίκλησις’
3105 896 3195 949 καὶ
3257 897 3378 976 εἶχε
3436 898 3603 952 πάλιν

196 979 358 1035 αὐτὸν
423 977 732 1033 κουστωδία
794 979 996 1052 μείζων
1047 980 1136 1035 καὶ
1182 980 1389 1060 χείρων
1438 985 1537 1051 τῆς
1595 979 1860 1056 προτέρας
1920 983 2129 1057 φρουρὰ
2182 978 2273 1034 καὶ
2340 976 2644 1035 ποδοπέδαι
2699 977 2923 1056 σιδηραῖ
2972 978 3184 1041 διπλαῖ.
3247 988 3432 1041 Ταῦτα
3507 988 3604 1041 οὖν

195 1070 274 1133 ὡς
344 1068 591 1145 ἠγγέλθη
641 1072 720 1139 τῷ
776 1069 1041 1138 Μανουὴλ
1079 1072 1197 1125 κατ’
1254 1071 1539 1147 Ἀρμενίαν
1591 1065 1668 1126 ἔτι
1755 1068 2255 1146 στρατοπεδεύοντι,
2340 1067 2622 1124 στέλλεται
2717 1071 2744 1123 ὁ
2823 1070 3123 1147 λογοθέτης
3206 1080 3303 1129 τοῦ
3393 1073 3605 1151 δρόμου

194 1158 462 1229 Ἰωάννης
524 1158 552 1211 6
640 1159 984 1233 καματηρὸς,
1042 1159 1133 1213 καὶ
1203 1162 1302 1230 τὴν
1358 1164 1455 1215 τοῦ
1513 1157 1741 1224 ἄνακτος
1811 1161 1893 1236 ρέν
1954 1160 2076 1215 ὅσον
2159 1158 2377 1216 οὐδέπω
2427 1159 2723 1235 παρουσίαν
2783 1160 3296 1236 εύαγγελισόμενος,
3370 1165 3459 1219 καὶ
3535 1164 3601 1221 τὰ

190 1243 483 1320 συμϐάντα
513 1243 571 1302 δὲ
608 1245 930 1321 κρειττόνως
958 1244 1386 1323 διασκεψάμενος
1418 1249 1508 1304 καὶ
1540 1247 1961 1324 παραδηλώσων
1998 1248 2218 1324 βασιλεῖ
2238 1248 2584 1324 σαφέστερον.

261 1338 330 1411 γ’.
364 1336 433 1393 0i
474 1332 521 1389 δ’
574 1337 875 1411 Ἀντιοχεῖς
920 1339 1023 1407 τήν
1090 1334 1267 1411 ἄφιξιν
1310 1343 1409 1394 τοῦ
1460 1336 1731 1413 βασιλέως
1777 1339 1845 1394 τὰ

2030 1342 2083 1395 3.
2117 1341 2188 1394 At
2218 1339 2566 1396 Antiocheni
2597 1340 2882 1412 principio
2940 1342 3306 1413 imperatoris
3348 1345 3601 1401 adventu

188 1430 391 1501 πρῶτα
425 1426 520 1498 μὲν
543 1423 842 1501 ἀγαπητῶς
893 1425 992 1482 οὐκ
1048 1424 1328 1503 ἐδέχοντο,
1388 1425 1534 1484 ἀλλὰ
1589 1428 1679 1483 καὶ
1734 1425 1856 1482 λίαν

190 1514 411 1590 βαρέως
443 1510 634 1590 ἔφερον
676 1515 764 1568 καὶ
817 1513 968 1577 ὅπως
1026 1513 1343 1572 ἐσκέπτοντο
1411 1516 1852 1591 ἀποπέμψαιντο.

190 1604 274 1669 ὡς
304 1602 361 1659 δὲ
391 1602 626 1659 κωλύειν
660 1603 760 1659 οὐκ
789 1604 857 1673 ἦν
891 1602 1272 1662 οὐδ’ἀναλύειν
1319 1604 1467 1669 ὅλως
1523 1607 1590 1661 τὰ
1664 1603 1851 1682 δεδογ-

194 1693 332 1768 μένα
366 1693 580 1766 ἐκείνῳ,
616 1693 678 1748 οὐ
713 1694 881 1768 μόνον
917 1700 1024 1750 τῶν
1057 1694 1247 1751 πυλῶν
1305 1694 1679 1772 διεκχυθέντες
1719 1697 1853 1769 μετὰ

191 1782 462 1840 δουλικοῦ
538 1786 830 1859 σχήματος
914 1785 1006 1840 καὶ
1078 1788 1430 1863 φρονήματος
1506 1787 1853 1861 ὑπηντίαζον,

188 1872 351 1928 ἀλλὰ
381 1873 470 1928 καὶ
498 1873 596 1941 τήν
624 1870 838 1928 εἴσοδον
864 1872 1011 1947 αύτῷ
1059 1872 1111 1936 ἐς
1149 1877 1210 1929 τὸ
1263 1876 1684 1951 πομπικώτερον
1742 1873 1853 1930 διε-

198 1962 495 2031 σκεύασαν,
547 1963 644 2024 τὰς
693 1982 750 2016 τε
795 1961 985 2039 ἀγυιὰς
1040 1964 1131 2019 καὶ
1163 1962 1446 2040 ἀμφόδους
1477 1963 1731 2027 έπίπλοις
1762 1964 1854 2019 καὶ

194 2071 415 2121 ταπησι
461 2048 802 2125 διεκόσμουν,
853 2052 940 2107 καὶ
990 2048 1225 2127 δένδρων
1276 2050 1624 2128 νεοδρέπτοις
1678 2050 1853 2108 κλωσὶ

193 2138 610 2214 κατηγλεῆζον,
637 2141 735 2202 τὰς
764 2144 874 2195 τῶν
903 2140 1194 2213 λειμώνων
1227 2142 1318 2196 καὶ
1365 2142 1565 2198 ἀνθέων
1625 2142 1857 2219 χάριτας

195 2228 257 2291 ἐς
291 2230 358 2284 τὸ
392 2227 525 2284 ἄστυ
561 2230 723 2301 μέσον
757 2227 1195 2304 διακηπεύοντες,
1225 2232 1315 2286 καὶ
1369 2230 1666 2307 φιλότιμον
1714 2230 1858 2303 αύτῷ

193 2319 302 2386 τήν
333 2315 577 2394 πρόοδον
602 2316 997 2395 σχεδιάζοντες,
1030 2318 1141 2395 υύχ
1168 2321 1195 2375 6
1230 2321 1344 2395 μὲν,
1402 2320 1429 2374 6
1489 2318 1535 2375 δ’
1593 2318 1676 2389 ού,
1730 2319 1857 2376 ἀλλ’

189 2407 444 2483 οἷκήτῶρ
500 2407 640 2469 am;
697 2407 1050 2482 ἁπαξαπλῶς,
1115 2412 1189 2471 ὡς
1249 2415 1496 2486 παρεῖναι
1547 2412 1635 2466 καὶ
1685 2410 1857 2485 Σύρον

192 2497 487 2572 ὀψοφάγον
522 2497 613 2551 καὶ
654 2495 862 2572 λῃστὴν
913 2498 1148 2573 Ἰςαυρὸν
1203 2499 1292 2553 καὶ
1337 2500 1598 2574 πειρατὴν
1658 2499 1859 2557 Κίλικα

190 2586 289 2640 καὶ
322 2585 570 2657 ἱππότην
606 2589 716 2658 (⁸78)
773 2588 1101 2665 κοντοφόρον
1159 2587 1478 2659 Ἰταλιώτην
1540 2590 1702 2662 δμοῦ,
1770 2589 1858 2642 καὶ

1959 1428 2201 1484 minime
2250 1427 2362 1483 lazti
2416 1429 2599 1499 deque
2658 1445 2723 1484 eo
2779 1432 3097 1486 amovendo
3147 1430 3408 1502 solliciti,
3468 1448 3601 1489 cum

1956 1517 2263 1591 prohibere
2294 1535 2358 1573 ac
2391 1517 2672 1573 voluntati
2693 1520 2815 1589 ejus
2866 1519 3137 1576 resistere
3179 1537 3291 1576 non
3342 1529 3603 1594 possent,

1958 1625 2074 1663 non
2110 1608 2281 1663 modo
2313 1606 2624 1663 servilibus
2653 1608 2915 1680 gestibus
2958 1612 3133 1682 atque
3185 1610 3402 1666 animis
3434 1612 3604 1669 eﬂ‘usi

1960 1698 2140 1769 portis
2171 1696 2398 1751 obviam
2433 1702 2862 1768 processerunt,
2921 1699 3022 1754 sed
3073 1703 3131 1755 et
3187 1699 3520 1771 ingressum
3553 1700 3604 1755 ei

1961 1786 2335 1858 magniﬁcum
2371 1788 2753 1854 adornarunt,
2807 1788 2948 1845 vicis
3006 1794 3063 1844 et
3109 1788 3281 1845 biviis
3314 1790 3605 1861 tapetibus

1959 1883 2131 1946 alque
2153 1874 2287 1930 aliis
2320 1875 2494 1931 rebus
2522 1876 2838 1944 adornatis,
2874 1892 2938 1930 ac
2970 1877 3055 1932 via
3086 1894 3196 1948 qua
3249 1878 3605 1934 transiturus

1959 1969 2083 2021 erat
2114 1964 2447 2021 recentibus
2478 1966 2750 2020 arborum
2783 1964 3085 2021 frondibus
3134 1970 3191 2021 et
3224 1967 3478 2021 odoratis
3510 1967 3609 2021 ﬂo-

1959 2052 2115 2108 ribus
2136 2057 2449 2108 constrata.
2492 2052 2607 2108 Nec
2659 2052 2975 2123 quisquam
3032 2053 3103 2108 ab
3148 2052 3247 2109 illo
3289 2053 3608 2109 honoriﬁco

1960 2156 2202 2198 occursu
2229 2142 2449 2206 aberat,
2484 2141 2581 2196 sed
2614 2156 2814 2195 omnes
2858 2139 3131 2211 inquilini
3184 2140 3603 2197 conﬂuxerant.

1960 2229 2178 2285 Aderat
2207 2229 2383 2301 Syrus
2422 2229 2690 2301 gulosus,
2723 2227 3086 2284 aderatlatro
3129 2227 3383 2298 Isaurus,
3408 2230 3608 2285 aderat

1963 2319 2149 2391 pirata
2170 2318 2318 2374 Cilix
2343 2336 2355 2375 :
2385 2336 2565 2391 eques
2586 2318 2917 2376 lancearius
2943 2318 3187 2375 Italicua
3206 2319 3406 2376 relicto
3434 2319 3610 2376 feroci

1960 2423 2109 2479 equo
2145 2413 2441 2480 positaque
2473 2408 2652 2463 animi
2686 2407 2933 2464 elatione
2966 2409 3213 2479 pedibus
3241 2408 3607 2481 triumphum

1961 2497 2367 2554 comitabatur.
2392 2498 2528 2553 Cum
2551 2498 2910 2554 autemid?!
2938 2497 3197 2552 Italicum
3238 2496 3482 2553 militem
3515 2498 3613 2554 ha-

1964 2590 2065 2640 stae
2099 2585 2294 2641 solerti
2328 2586 2670 2641 tractatione
2704 2584 3003 2657 superbire
3051 2585 3287 2655 videret,
3320 2585 3609 2642 ludicrum

180 2673 364 2731 ⁴ἱππον
420 2674 701 2750 ὑψαύχενα
764 2676 853 2731 καὶ
913 2675 1219 2753 ὑπέραυχον
1281 2677 1540 2755 φρόνημα
1599 2677 1856 2751 παρωσά-

1964 2679 2258 2729 certamen
2293 2673 2594 2730 hastarum
2619 2677 2745 2732 sine
2769 2677 2917 2733 ferro
2962 2675 3242 2732 instituit.
3277 2674 3417 2730 Cum
3450 2675 3616 2731 ludo-

196 2788 374 2843 μενοτ
403 2764 700 2843 καίβσὶδην
743 2769 1002 2843 παριόντα
1058 2769 1149 2825 τὸν
1207 2764 1499 2845 θρίαμϐον.
1560 2771 1732 2842 Ὀρῶν
1802 2768 1859 2824 δὲ

183 2859 370 2915 καὶτὸ
398 2857 463 2913 ἐκ
500 2862 611 2912 τῶν
640 2856 882 2912 Λατίνων
933 2856 1102 2913 ἐκεῖσε
1160 2860 1548 2933 στρατιωτικὸν
1596 2858 1731 2932 μέγα
1779 2860 1858 2929 τῷ

187 2945 386 3019 δόρατι
420 2946 860 3025 ἅγκαυχώμενον
888 2947 1087 3018 καὶτῷ
1141 2946 1341 3003 τούτου
1399 2944 1615 3020 ένδεξίφ
1672 2951 1853 3025 φυσῶν

185 3035 564 3111 ἀγωνίσματι,
634 3032 854 3098 παιδιᾶς
954 3036 1163 3112 ἡμέραν
1251 3036 1705 3109 συνθηματίζεται
1786 3033 1857 3091 δι’

186 3124 481 3201 ἆσιδήρων
522 3125 890 3200 δσρατισμῶν.
920 3126 1009 3188 Ὠς
1041 3126 1131 3181 οὗν
1161 3128 1196 3196 ἡ
1254 3127 1563 3201 προθεσμία
1616 3126 1853 3197 ἐνειστή-

184 3237 295 3287 κει,
350 3212 671 3291 ἀριστίνδην
759 3220 867 3271 τῶν
918 3216 1238 3289 Ῥωμαϊκῶν
1300 3216 1475 3293 ἐξάγει
1530 3214 1852 3292 καταλόγων

182 3308 322 3368 τοὺς
372 3305 503 3379 περί
574 3305 636 3360 τὸ
694 3302 998 3379 κραδαίνειν
1060 3302 1261 3380 δόρατα
1320 3303 1533 3382 εὒφυεῖς
1589 3308 1679 3361 καὶ
1738 3308 1857 3362 ὅσοι

186 3396 327 3467 πρὸς
354 3394 608 3449 αύτὸντὸ
645 3393 796 3470 γένος
842 3393 1111 3469 ἆνέθέρον,
1173 3394 1373 3465 Ἕξεισι
1428 3392 1485 3449 δὲ
1549 3395 1641 3450 καὶ
1698 3395 1857 3460 αὐτὸς

185 3484 562 3558 ὗποσεσηρὼς
621 3483 807 3558 βραχὺ
875 3484 963 3537 καὶ
1024 3482 1160 3556 πρὸς
1208 3483 1270 3539 τὸ
1325 3484 1548 3554 σύνηθες
1593 3481 1854 3557 μειδίαμα

188 3572 614 3649 ὖγραινόμενος,
665 3570 719 3634 ἒς
777 3569 963 3627 πεδίον
1046 3570 1303 3642 ὑπτιάζον
1348 3572 1439 3626 καὶ
1487 3573 1668 3628 ἱκανὸν
1715 3574 1856 3628 ἀντι-

182 3663 344 3733 τάξαι
377 3659 654 3737 δισχιθεῖς
679 3657 971 3722 ἱππότιδας
1003 3660 1307 3739 φάλαγγας,
1347 3662 1410 3715 τὸ
1468 3659 1599 3736 δόρυ
1652 3683 1851 3734 μετεω-

184 3754 382 3827 ρίζων,
415 3747 689 3826 χλαμύδα
718 3748 1031 3823 ᾐσθημένος
1074 3751 1415 3824 ἀστειοτέραν
1455 3750 1577 3823 περὶ
1620 3752 1712 3806 τὸν
1765 3749 1854 3807 δε-

182 3842 298 3913 ξιὸν
343 3840 508 3913 ὦμον
542 3839 951 3912 περονουμένην
980 3840 1072 3894 καὶ
1131 3839 1378 3918 ἀφιεῖσαν
1431 3837 1715 3914 ἐλευθέραν
1750 3843 1850 3911 τὴν

183 3937 357 4008 χεῖρα
379 3932 523 3987 κατᾶ
552 3931 616 3986 τὸ
647 3931 940 4007 πόρπημα.
965 3933 1113 4008 Ὢγει
1147 3927 1204 3985 δὲ
1261 3930 1419 3987 αὐτὸν
1467 3930 1637 3993 ’ίππος
1683 3932 1850 3988 πολε-

1964 2780 2095 2819 rum
2119 2764 2237 2818 dies
2270 2764 2520 2830 adesset,
2553 2764 2775 2821 delectu
2807 2771 2932 2822 acto
2962 2784 2993 2822 e
3032 2765 3308 2821 Romanis
3365 2764 3607 2835 legioni-

1963 2851 2072 2907 bus
2102 2853 2480 2923 cognatisque
2509 2853 2633 2909 suis
2659 2855 2952 2910 vibrandaa
2997 2855 3176 2910 hastae
3220 2853 3608 2926 peritissimos

1963 2941 2252 3013 producit.
2314 2942 2501 2998 Prodit
2554 2946 2612 2998 et
2668 2942 2813 3015 ipse,
2872 2960 2976 3014 pro
3028 2942 3448 3000 consuetudine
3477 2960 3606 3015 sua,

1963 3041 2287 3097 subridenti
2314 3042 2499 3113 vultu,
2532 3042 2588 3097 in
2650 3042 2969 3115 spatiosam
3028 3042 3330 3114 planitiem
3387 3042 3447 3098 in
3491 3058 3610 3114 qua

1962 3136 2260 3201 equestres
2316 3134 2524 3187 turmas
2581 3133 2883 3188 commode
2945 3140 3291 3188 concurrere
3347 3136 3604 3203 possent,

1961 3219 2136 3276 hasta
2166 3221 2224 3275 in
2258 3218 2442 3276 altum
2473 3219 3289 3294 elata,chlamydeinsigniore
3343 3220 3607 3287 indutus,

1962 3323 2086 3379 quas
2118 3308 2177 3364 in
2210 3310 2408 3365 dextro
2439 3310 2683 3365 humero
2713 3309 3134 3366 infibulabatur
3192 3314 3256 3365 ut
3304 3309 3607 3365 brachium

1961 3403 2113 3454 esset
2142 3397 2417 3466 liberum,
2449 3415 2599 3471 equo
2631 3399 2838 3456 bellico
2870 3400 3132 3456 insidens
3175 3399 3401 3471 pulchri
3452 3398 3607 3455 colo-
3656 3392 3659 3399 λ

1961 3487 2041 3543 ris
2062 3492 2119 3544 et
2148 3488 2339 3546 aureis
2372 3489 2628 3561 phaleris
2660 3488 2995 3562 conspicuo,
3030 3489 3369 3561 quicervice
3400 3488 3609 3545 leniter

1961 3587 2185 3634 arrecta
2215 3584 2273 3634 et
2302 3579 2547 3635 humum
2578 3579 2819 3652 pedibus
2844 3579 3081 3650 pulsans
3123 3594 3330 3633 cursus
3379 3576 3607 3647 cupidi-

1958 3671 2137 3724 tatem
2169 3685 2283 3740 praa
2316 3684 2379 3724 se
2437 3668 2658 3725 ferebat
2715 3676 2765 3725 et
2824 3684 2958 3723 cum
3015 3666 3328 3739 splendore
3358 3664 3603 3721 sessoris

1957 3756 2132 3813 veluti
2165 3758 2441 3814 certabat.
2463 3757 2650 3815 Jussit
2680 3761 2735 3812 et
2764 3760 3042 3829 cognatos
3073 3771 3210 3813 suos
3256 3758 3314 3810 et
3368 3757 3605 3810 caeteros

1958 3847 2060 3918 qui
2092 3863 2224 3902 cum
2258 3846 2421 3903 Italis
2451 3845 2721 3902 certaturi
2777 3854 2989 3916 essent,
3024 3861 3202 3917 quam
3257 3842 3607 3916 splendidis-

1956 3935 2133 3990 simus
2165 3942 2353 3990 vestes
2413 3935 2675 3991 induere.
2736 3935 3019 4007 Egressus
3075 3938 3167 3988 est
3222 3939 3275 3988 et
3332 3931 3604 4004 princeps

190 4022 495 4096 μιστήριος
553 4019 844 4095 καλλίθριε
897 4022 985 4075 καὶ
1039 4019 1484 4097 χρυσοφάκαρος,
1543 4022 1602 4082 ὅς
1667 4022 1851 4099 ἠρέμα

1963 4024 2316 4093 Gerhardus,
2349 4040 2495 4095 equo
2545 4024 2673 4079 nive
2730 4022 3050 4079 candidiori
3104 4022 3385 4088 insidens,
3408 4020 3608 4076 tunica

188 4114 494 4189 ὁπογυρῶν
526 4111 621 4166 τὸν
643 4109 850 4186 αὐχένα
896 4112 986 4166 καὶ
1034 4111 1380 4187 ὑποσκαίρων
1436 4112 1514 4166 τὼ
1564 4109 1718 4179 πόδε,
1779 4114 1854 4178 ὡς

182 4198 418 4276 δρόμων
461 4199 731 4275 έρωτιῶν,
766 4201 890 4254 οἷον
922 4198 1305 4272 ἀνθημιλλᾶτο
1333 4204 1403 4274 τῇ
1432 4204 1530 4255 τοῦ
1586 4196 1854 4256 ἀναϐάτου

178 4288 571 4364 λαμπρότητι.
606 4286 711 4346 Καὶ
743 4288 953 4362 ἑκάστῳ
992 4286 1049 4343 δὲ
1080 4292 1187 4343 τῶν
1238 4294 1535 4365 συγγενῶν,
1593 4292 1680 4345 καὶ
1740 4290 1862 4345 ὅσοι

184 4377 624 4454 διαγωνίζεσθαι
706 4376 874 4433 ἄλλοι
960 4381 1080 4439 τοῖς
1165 4376 1397 4440 Ἰταλοῖς
1475 4379 1861 4455 έπεκρίθησαν,

175 4466 619 4544 λαμπροφορεῖν
652 4465 901 4539 ἐπέταξεν
950 4466 1026 4530 ὡς
1084 4464 1232 4536 ἐνῆν.
1283 4467 1515 4541 Ἐξῆλθε
1571 4466 1628 4523 δὲ
1683 4468 1773 4523 καὶ
1832 4470 1860 4524 6

177 4558 422 4634 πρίγκιψ
465 4553 735 4630 Γεράρδος
795 4551 1105 4629 λευκοτέρῳ
1165 4557 1355 4631 χιόνος
1413 4555 1619 4631 ἔποχος
1682 4556 1855 4630 ἵππῳ»

176 4646 621 4722 ἀμπισχόμενος
655 4648 861 4720 χιτῶνα
893 4641 1213 4722 διάσχιστον
1244 4642 1550 4715 ποδηνεκῆ,
1573 4646 1664 4700 καὶ
1696 4640 1861 4701 πῖλον

182 4735 335 4812 ἔχων
397 4734 492 4790 ἐπὶ
561 4732 809 4808 κεφαλῆς
869 4734 1006 4789 κατὰ
1072 4734 1262 4808 τιάραν
1323 4733 1601 4805 έπικλινῆ,
1667 4740 1861 4810 χρυσῷ

177 4827 557 4882 κατάπαστον.
592 4822 870 4896 Συνεξίασι
919 4823 976 4877 δέ
1032 4823 1123 4878 καὶ
1178 4824 1229 4878 oi.
1288 4823 1425 4902 ἀμφ’
1476 4824 1636 4879 αὐτὸν
1685 4825 1859 4880 ἱππό-

174 4936 292 4987 ται,
336 4913 533 4976 πάντες
568 4910 778 4990 ἆρεϊκοί
836 4913 936 4981 τήν
1001 4911 1182 4988 ἰσχὺν,
1235 4913 1497 4987 εὐμήκεις
1541 4914 1609 4970 τὰ
1667 4914 1859 4988 σώμα·

175 5028 272 5062 ταν
304 5010 395 5070 Ὦς
441 5003 491 5061 δ’
520 4999 737 5080 ἔφριξεν
763 5000 1039 5079 ἐγχείῃσιν
1065 5005 1100 5072 ἡ
1138 5004 1319 5084 μάχη,
1380 5002 1635 5082 ἄγευστος
1690 5004 1860 5079 αἶ’μα-

175 5117 303 5165 τος,
330 5093 733 5151 συνεπλέκοντο
766 5091 1018 5166 ἐκθύμως
1080 5091 1130 5166 ἐξ
1191 5093 1395 5172 ἀμφοῖν
1450 5094 1623 5149 ἱκανοὶ
1673 5091 1855 5164 ἀλλή-

174 5184 319 5247 λους
353 5182 832 5259 διαδορατίζοντες
864 5180 955 5236 καὶ
1004 5179 1132 5241 τοὺς
1188 5183 1305 5237 κατ’
1358 5181 1533 5237 αὐτῶν
1601 5182 1852 5237 ἀκοντισ-

178 5276 325 5348 pob:
416 5271 866 5339 ὓπεκκλίνοντες,
960 5268 1051 5325 ὅτε
1100 5271 1189 5325 καὶ
1239 5269 1306 5339 ἧν
1371 5268 1499 5326 ἰδεῖν
1555 5272 1692 5327 κατὰ
1751 5271 1844 5327 τὸν

1965 4128 2067 4169 acu
2093 4113 2247 4185 picta
2270 4130 2454 4184 usque
2478 4113 2546 4168 ad
2570 4112 2711 4168 talos
2729 4112 2983 4168 demissa
3004 4108 3491 4182 indutus,pileum
3509 4125 3611 4164 au-

1969 4207 2160 4261 ratum
2183 4203 2242 4257 in
2267 4202 2456 4274 capite
2476 4206 2736 4275 gestans,
2767 4202 2977 4256 tiaras]
2993 4201 3091 4256 43
3113 4198 3608 4266 instarinﬂexum,

1973 4309 2107 4348 cum
2137 4310 2168 4349 0
2198 4291 2402 4349 nnium
2433 4291 2695 4362 equitum
2727 4306 2967 4345 suorum
3018 4289 3321 4354 comitatu,
3366 4287 3613 4361 proceri-

1974 4386 2092 4438 tate
2121 4397 2425 4452 corporum
2462 4386 2518 4436 et
2565 4378 2771 4436 bellico
2832 4379 3163 4435 animorum
3221 4378 3418 4452 vigore
3468 4378 3610 4433 insi-

1972 4473 2195 4543 gnium.
2229 4468 2547 4525 Utludicra
2574 4468 2675 4524 illa
2706 4485 2898 4541 pugna
2953 4469 3223 4525 inchoata
3278 4472 3386 4536 est,
3433 4468 3614 4524 utrin-

1974 4575 2086 4629 que
2145 4557 2475 4630 complures
2539 4574 2747 4629 magno
2812 4557 3033 4630 impetu
3093 4559 3614 4629 sunt‘congressi,

1976 4649 2274 4705 hastarum
2309 4648 2456 4703 ictus
2478 4647 2539 4703 in
2568 4648 2752 4704 vicem
2783 4646 3113 4720 ingerentes
3143 4651 3199 4703 et
3228 4647 3609 4704 declinantes.

1975 4738 2055 4794 Ibi
2088 4738 2285 4792 videre
2319 4742 2443 4793 erat
2471 4738 2616 4794 alios
2652 4738 2960 4809 resupinos
3018 4738 3264 4809 pedibus
3320 4738 3382 4792 in
3433 4736 3614 4793 altum

1971 4826 2138 4884 elatis
2168 4828 2371 4899 sterni,
2426 4826 2569 4884 alios
2655 4844 2867 4899 pronos
2942 4828 3158 4898 jacere,
3247 4824 3394 4881 alios
3469 4825 3614 4882 sella

1970 4916 2225 4987 equestri
2255 4915 2651 4986 devolvi,alios
2679 4918 2921 4973 obverso
2976 4922 3137 4987 tergo
3178 4914 3354 4970 effuse
3391 4914 3609 4983 fugere,

1970 5005 2115 5062 alios
2146 5004 2359 5076 pallere
2391 5023 2504 5077 prae
2529 5007 2863 5076 jaculorum
2894 5008 3053 5060 metu
3086 5008 3143 5058 et
3175 5003 3325 5056 intra
3346 5001 3612 5073 clypeum

1970 5111 2098 5151 sese
2151 5094 2384 5164 abdere,
2442 5095 2589 5150 alios
2649 5096 2876 5161 rubere,
2936 5093 3037 5165 qui
3089 5090 3451 5147 adversarios
3506 5100 3614 5145 tre-

1969 5183 2167 5254 pidare
2234 5191 2553 5239 cernerent.
2643 5185 2753 5237 Aer
2834 5198 2969 5237 vero
3047 5182 3257 5251 impetu
3325 5195 3608 5249 equorum

1967 5274 2303 5329 verberatus
2334 5271 2535 5327 vexilla
2562 5288 2695 5327 cum
2751 5272 2921 5328 sibilo
2983 5271 3279 5344 agitabat:
3346 5274 3409 5325 ut
3455 5267 3616 5325 haud

1565 5480 1742 5545 Hier.
1791 5481 1998 5546 Wolﬂi
2036 5482 2234 5544 nota).

256 5633 365 5707 (78)
411 5627 698 5698 Ἱππότην.
732 5625 884 5685 Μετᾶ
907 5623 1207 5701 κονταρίων
1242 5623 1331 5679 καὶ
1364 5621 1586 5700 είλόγων
1619 5617 1919 5701 ἆραϐικῶν.
