4014 6204
507 339 627 400 447

1812 336 1859 395 Ν
1867 334 2113 396 ΙΟΕΤᾸΞ
2154 331 2577 396 ΕΗΟΝΙΑΤιΕ

3729 341 3830 402 M8

507 473 581 529 ab
612 488 674 528 re
703 470 818 528 dici
850 473 1043 542 posset
1071 469 1133 525 in
1164 468 1238 526 iis
1267 468 1425 525 ludis
1455 471 1738 526 Venerem
1796 483 1931 524 cum
1973 465 2153 524 Marte

2265 459 2514 543 ἅχα)κον
2547 466 2751 541 ξκεῖνον
2792 461 2920 536 ἄρεα
2962 463 3040 531 πῆ
3085 459 3178 534 μὶν
3219 454 3495 536 κύμϐαχον
3516 463 3594 519 ἰπὶ
3627 468 3829 544 βρεχμόν

509 565 567 619 et
596 561 894 618 Bellonam
923 575 1056 615 cum
1088 558 1304 615 Gratiis
1335 559 1545 615 coiisse
1577 577 1590 614 :
1627 561 1792 614 tanta
1821 559 1944 614 erat
1971 557 2158 613 varie-

509 659 600 709 tas
631 661 685 708 et
716 651 1030 723 elegantia.
1065 651 1273 707 Studia
1304 667 1476 722 porro
1537 651 1934 706 Romanorum
1987 657 2160 720 atque

509 740 813 799 audaciam
829 738 1122 796 aemulatio
1141 740 1479 810 Latinisque
1491 737 1858 811 praecellendi
1873 737 2160 808 cUpiditas

509 835 566 888 et
595 829 966 902 imperatoris
999 827 1158 884 oculi
1181 829 1410 899 judices
1428 832 1687 884 actorum
1720 826 2111 882 incendebant
2140 842 2156 882 :

506 919 682 976 Italos
711 934 849 974 vero
882 933 1114 989 semper
1145 921 1340 974 erecta
1377 917 1565 972 cervix
1597 921 1654 972 et
1687 915 1922 972 animus
1953 931 2162 986 super-

505 1009 617 1065 bus
650 1013 824 1080 atque
853 1006 1198 1078 indignatio,
1235 1023 1306 1063 ne
1337 1005 1585 1062 Romani
1626 1005 1856 1061 hastato
1905 1003 2005 1059 illo
2036 1019 2159 1059 cer-

504 1099 727 1155 tamine
757 1097 1086 1168 superiores
1147 1101 1363 1161 essent,
1431 1095 1786 1152 excitabant.
1837 1097 2161 1165 Imperator

505 1188 633 1260 ipse
663 1187 810 1242 duos
839 1186 1068 1257 equites
1101 1187 1258 1240 144
1287 1183 1457 1240 simul
1497 1183 1832 1256 prostravit,
1864 1197 2012 1254 equo
2071 1182 2156 1236 al-

505 1282 695 1332 terum
727 1281 786 1332 et
815 1277 986 1332 hastu
1017 1276 1300 1342 invectus,
1328 1275 1431 1346 qui
1483 1275 1710 1346 impetu
1754 1274 1937 1345 jaculi
1979 1272 2156 1329 etiam

506 1364 749 1422 alterum
783 1381 898 1419 una
929 1379 1128 1419 secum
1161 1363 1388 1432 dejecit.

2261 573 2322 608 τε
2415 551 2506 607 καὶ
2600 556 2788 626 ῶμους
2867 550 3328 626 ἀνατρεπόμενον,
3408 549 3594 609 ἄλλοσε
3657 557 3836 622 ἱππείας

2265 639 2542 719 ἀστράϐης
2597 641 3102 723 ἑκσιραιριζόμενον,
3149 639 3319 697 ἄλλον
3379 650 3568 717 πρηνῆ,
3627 647 3840 716 ἓζυπτιά.

2268 739 2429 802 ζοντα
2483 732 2690 808 ἓτερον,
2750 730 2920 788 ἄλλον
2999 725 3376 803 μεταϐαλόντα
3435 733 3496 787 τὰ
3575 739 3704 792 νῶτα
3763 740 3835 794 καὶ

2267 820 2657 900 προτροπάδην
2733 822 3017 902 φεύγοντα.
3131 827 3175 878 Ο
3254 821 3346 895 μὲν
3420 823 3693 900 ἐχλώριζεν
3757 829 3838 884 ὑπὸ

2269 909 2441 984 δέους,
2472 915 2562 968 τὸν
2618 912 2970 983 ἆκοντίζοντα
3031 909 3247 982 δεδιὼς,
3311 913 3399 967 καὶ
3459 917 3534 986 τῷ
3593 915 3721 971 σάκει
3759 922 3840 981 πᾶς

2267 1001 2607 1058 ἐνεθάπτετοσ
2691 1003 2718 1058 ὁ
2770 999 2826 1057 δὲ
2890 1001 3156 1077 ἀνθηρὸς
3191 1001 3282 1072 ἦν,
3356 1001 3443 1057 τὸν
3496 1002 3842 1080 ἀνταγωνιστὴν

2269 1093 2653 1168 κατεπτηχότα
2684 1091 2844 1166 ὁρῶν,
2879 1091 2958 1148 Τὸ
3000 1087 3058 1145 δὲ
3086 1095 3183 1146 τοῦ
3207 1088 3363 1166 ἂὲρος
3395 1091 3568 1166 ῥόθιον
3615 1098 3676 1167 τῇ
3727 1095 3846 1168 ὁρμῆ

2263 1185 2372 1236 τῶν
2435 1181 2624 1236 ἳππων
2676 1180 3012 1252 τεμνόμενον
3069 1179 3273 1252 ἠνέμυυ
3321 1179 3414 1242 τὰς
3485 1183 3700 1254 σημαίας
3771 1183 3844 1238 καὶ

2267 1268 2496 1344 λιγυρὸν
2559 1267 2926 1344 ὑπεσύριττεν.
2984 1267 3147 1324 Εἶπεν
3213 1265 3274 1322 όίν
3327 1288 3411 1330 τις
3462 1269 3557 1324 οὐκ
3607 1269 3848 1345 ἀκόμψως,

2265 1358 2400 1433 πρὸς
2449 1359 2548 1425 τήν
2608 1361 2904 1428 τηνικαῦτα
2965 1353 3216 1432 διάχυσὶν
3279 1353 3507 1430 ἀπιδὼν,
3572 1355 3849 1436 Ἀφροδίτην

503 1455 660 1528 Ἀρεῖ
713 1450 1008 1520 συνελθεῖν,
1068 1455 1136 1525 τῇ
1197 1449 1242 1505 δ’
1302 1452 1481 1523 Ἐνξοῖ
1539 1449 1942 1523 συμπλέκεσθαι
2003 1446 2261 1522 Χάριταςο
2323 1446 2466 1502 οὕτω
2514 1448 2582 1501 τὰ
2639 1445 2762 1502 τότε
2828 1448 3052 1521 παίγνια
3113 1447 3290 1522 μίγμα
3391 1445 3638 1502 ποικίλου
3706 1447 3844 1503 καλοῦ

503 1543 792 1618 ὶτύγχανεν
825 1536 973 1597 ὄντα.
1043 1540 1252 1596 Ἐποίει
1277 1537 1324 1594 δ’
1354 1537 1694 1614 ἁμιλλᾶσθαι
1751 1542 1842 1593 καί
1895 1534 2356 1614 παραλογώτερον
2411 1537 2722 1609 Ῥωμαίους
2791 1536 2886 1609 μὲν
2940 1536 3004 1590 τὸ
3061 1532 3382 1614 ὕπερφὲρειν
3436 1535 3706 1611 βούλεσθαι
3762 1542 3846 1592 τῶν

504 1633 751 1686 Λατίνων
803 1629 894 1684 καὶ
953 1629 1088 1684 κατᾶ
1152 1631 1252 1698 τὴν
1309 1634 1417 1684 τῶν
1475 1626 1718 1704 δοράτων
1775 1627 2098 1702 Ιγκοίνησιν,
2147 1624 2236 1682 καὶ
2301 1623 2571 1700 βασιλέως
2612 1625 2783 1680 αὐτοῦ
2828 1623 3107 1697 ὀφθαλμοὶ
3131 1623 3464 1700 ἀγωνοθέται
3519 1629 3622 1681 τῶν
3679 1623 3858 1702 δρωμέ-

504 1739 610 1775 νων
667 1719 966 1792 γινόμενοι,
1029 1716 1270 1780 Ἰταλοὺς
1303 1715 1359 1772 δὲ
1391 1719 1419 1774 ὁ
1471 1718 1552 1772 ἀεὶ
1585 1717 1742 1792 ὀρθὸς
1777 1717 1955 1792 αὐχὴν
2007 1715 2098 1770 καὶ
2154 1713 2218 1770 τὸ
2244 1708 2464 1787 ὑϐρίζον
2498 1715 2774 1791 φρόνημα,
2807 1711 2884 1768 ἔτι
2917 1734 2974 1788 γε
3007 1716 3116 1786 μὴν
3165 1715 3228 1769 τὸ
3263 1711 3394 1787 μηδ’
3425 1712 3566 1776 ὅλως
3617 1714 3857 1790 ἀνέχεσθαι

503 1807 814 1882 Ῥωμαίους
869 1812 1084 1883 κρατεῖν
1153 1807 1244 1862 τὸν
1302 1805 1392 1862 διὰ
1437 1811 1640 1862 κοντῶν
1699 1807 1966 1880 πόλεμον.
2017 1802 2282 1864 Βασιλεὺς
2341 1801 2398 1858 δὲ
2472 1802 2634 1864 αὐτὸς
2691 1800 2882 1858 σύνδυο
2925 1803 3158 1866 ἱππότας
3212 1801 3563 1878 προσούδισε,
3613 1807 3723 1884 καιρ⁷
3767 1806 3862 1866 ἑνὸς

507 1898 599 1970 μὲν
635 1894 832 1958 ἐλάσας
890 1896 981 1950 τὸν
1016 1893 1188 1952 *ίππον
1242 1896 1332 1951 καὶ
1389 1898 1450 1952 τὸ
1511 1893 1641 1970 δόρυ
1698 1891 1968 1970 κραδᾶνας
2028 1891 2235 1949 ἐκείνου
2305 1889 2361 1946 δέ
2429 1889 2938 1966 συγκαταϐαλόντος
3001 1893 3092 1946 τὸν
3154 1891 3424 1968 σύνεγγυς
3488 1897 3555 1967 τῇ
3609 1892 3740 1967 ῥύμῃ
3785 1897 3862 1948 τοῦ

503 1983 956 2055 διακοντίζοντος,

576 2081 895 2148 Postquam
925 2076 1320 2132 Antiochenos
1359 2075 1746 2132 admiratione
1793 2072 2153 2130 fortitudinis

2338 2067 2563 2141 ὶιλήσας
2598 2068 2690 2122 οὗν
2728 2067 2811 2124 ἄπ’
2843 2066 3036 2143 ἀνδρίᾳ
3063 2067 3191 2132 τοὺς
3250 2071 3566 2146 ’Δντιοχεῖς
3618 2067 3867 2142 θαύματος,

508 2165 872 2238 impleverat,
903 2181 1036 2221 cum
1070 2165 1181 2237 ipsi
1204 2165 1492 2221 vidissent
1549 2181 1672 2237 quae
1705 2163 1870 2236 prius
1920 2161 2156 2218 audive-

509 2259 664 2324 rant,
696 2253 920 2326 Cpolim
953 2254 1144 2310 redire
1176 2254 1434 2310 instituit
1467 2270 1480 2309 ε
1510 2263 1566 2310 et
1623 2270 1725 2325 per
1771 2252 1989 2308 amicas
2019 2267 2155 2322 pro-

507 2343 731 2399 vincias
765 2343 874 2398 iter
931 2342 1152 2398 habens
1202 2344 1520 2398 maximam
1580 2341 1872 2414 copiarum
1931 2343 2154 2412 partem

507 2431 750 2488 dimisit.
802 2433 864 2487 In
927 2448 1043 2504 quo
1106 2431 1430 2504 prudentiae
1487 2447 1603 2487 sua:
1662 2429 1880 2486 oblitus
1938 2428 2156 2485 milites

506 2520 795 2594 plurimos
825 2520 1047 2588 amisit,
1081 2525 1340 2578 extremo
1371 2521 1606 2592 agmine
1663 2519 1829 2576 male
1868 2521 2105 2574 tractato
2139 2533 2153 2573 :

507 2627 642 2668 nam
683 2610 921 2666 incitata
977 2609 1206 2667 itineris
1263 2610 1552 2682 cupiditas
1601 2615 1660 2666 et
1711 2608 1940 2665 ell‘renis
1981 2611 2156 2680 atque

505 2699 980 2758 inconsideratae
1012 2700 1255 2755 domum
1290 2699 1489 2755 itionis
1521 2699 1695 2754 ardor
1742 2697 1998 2768 legiones
2038 2713 2154 2752 non

504 2806 724 2862 paucas
753 2788 813 2844 in
845 2787 944 2844 illa
1000 2788 1364 2861 dispersione
1425 2789 1652 2856 afﬂixit,
1687 2787 1882 2843 subito
1934 2786 2153 2842 Turco-

506 2896 636 2934 rum
669 2877 892 2934 insultu
925 2895 1256 2951 oppressas.
1291 2879 1442 2933 Tum
1503 2893 1562 2934 re
1622 2878 1751 2950 ipsa
1789 2881 2154 2947 compertum

509 2975 598 3026 est
620 2974 911 3040 quantum
935 2967 1070 3024 boni
1094 2969 1172 3025 sit
1192 2969 1250 3022 in
1276 2967 1953 3040 providentia,quantum
1977 2971 2155 3022 teme-

509 3058 652 3113 ritas
681 3061 738 3112 et
770 3055 1102 3112 inconsulta
1133 3056 1374 3112 consilia
1405 3060 1718 3128 apportent
1747 3055 2149 3111 incommodo-

510 3161 641 3201 rum
674 3144 1102 3213 etmalorum;
1157 3161 1222 3200 ac
1281 3145 1451 3218 longe
1511 3147 1779 3214 praestare
1835 3142 2150 3199 salutarem

506 3249 725 3290 moram
754 3233 1096 3304 perniciosae
1135 3234 1511 3302 festinationi,
1571 3233 1950 3308 quantumvis
1989 3232 2153 3288 initio

507 3339 609 3395 spe
677 3322 830 3378 bona
913 3320 1260 3379 blandienti.
1321 3323 1608 3380 Fortassis
1674 3327 1868 3379 autem
1927 3321 2156 3394 gravior

2263 2153 2422 2233 ὄψεσι
2451 2154 2864 2236 παρειληφότας
2924 2159 3058 2232 ἃπερ
3117 2159 3310 2224 ἀκοαῖς
3369 2159 3661 2236 ἒνηχοῦντο
3705 2161 3868 2234 πρότε-

2264 2269 2382 2323 ρον,
2417 2246 2556 2326 ἔγνω
2585 2245 2925 2321 παλινῳδίαν
2981 2248 3103 2320 ᾆσαι
3154 2251 3298 2325 πρὸς
3357 2250 3462 2320 τὴν
3522 2247 3874 2304 Κωνσταντίνου

2257 2336 2624 2412 τραπόμενος.
2666 2339 2853 2394 Ἔνθεν
2889 2359 2977 2394 τοι
3005 2339 3096 2392 καὶ
3147 2338 3221 2400 ὡς
3283 2336 3378 2394 διὰ
3447 2337 3630 2417 φιλίας
3693 2334 3873 2411 μέλλων

2261 2426 2398 2482 ίὲναι
2429 2425 2680 2500 διαφίησι
2737 2429 2800 2483 τὸ
2860 2424 3246 2502 στρατόπεδον,
3311 2429 3446 2484 ὅποι
3507 2427 3662 2506 φίλον
3705 2427 3875 2498 ἑκάστῳ

2264 2516 2630 2590 μεθίστασθαι.
2691 2520 2862 2574 Τοῦτο
2917 2514 2974 2572 δὲ
3034 2519 3110 2591 μὴ
3169 2520 3294 2582 καθ’
3346 2519 3596 2594 ἡγεμόνα
3625 2518 3792 2577 ὁποῖος
3815 2515 3868 2582 ἧν

2260 2606 2422 2668 αὐτὸς
2483 2605 2942 2683 βουλευσάμενος,
2991 2601 3153 2671 ἔλαθε
3202 2605 3605 2684 παραπολέσας
3649 2606 3707 2661 τὸ
3755 2601 3872 2660 πολῦ

2259 2699 2355 2752 τοῦ
2397 2699 2626 2771 στρατοῦ
2678 2695 2767 2750 καὶ
2825 2699 3005 2760 κακῶς
3052 2695 3120 2751 τὰ
3171 2699 3298 2752 κατ’
3360 2696 3527 2773 οὐρὰν
3585 2693 3876 2766 διαθέμενος·

2259 2787 2294 2856 ἡ
2327 2785 2430 2864 γὰρ
2454 2786 2591 2860 πρὸς
2615 2785 2838 2860 πορείαν
2873 2785 3017 2856 ὀξεῖα
3063 2785 3266 2841 τούτου
3331 2787 3480 2862 ῥοπὴ
3545 2784 3636 2841 καὶ
3687 2786 3722 2853 ὴ
3770 2781 3881 2856 πρὸς

2261 2875 2330 2930 τὰ
2354 2873 2527 2930 οίκεῖα
2559 2873 2666 2945 ἢθη
2697 2880 2804 2929 τῶν
2863 2879 3216 2952 στρατιωτῶν
3274 2875 3634 2952 ἇχαλίνωτος
3691 2873 3883 2945 ἔπαρσις

2257 2963 2348 3019 καὶ
2382 2963 2677 3039 ἀλόγιστος
2710 2964 2818 3019 οὐκ
2869 2964 3030 3038 ὀλίγα
3067 2985 3175 3020 των
3229 2965 3542 3040 ταγμάτων
3609 2960 3888 3025 διαλυθὲντα

2261 3053 2715 3127 παρελυμήνατο,
2747 3057 2854 3108 τῶν
2886 3052 3145 3129 Τούρκων
3207 3053 3654 3110 ἑπεισπεσόντων
3709 3049 3887 3126 ἀθρόως

2260 3141 2466 3214 αὐτοῖς,
2497 3143 2570 3204 ὡς
2611 3142 2770 3218 πείρᾳ
2798 3147 3002 3218 γνῶναι
3034 3143 3097 3198 τὸ
3126 3142 3257 3200 τότε
3318 3142 3578 3206 πολλοὺς
3623 3141 3733 3197 οἷον
3786 3137 3891 3210 ἀγα-

2258 3231 2349 3296 θὸν
2415 3235 2449 3300 ἡ
2517 3234 2855 3306 προμήθεια,
2926 3233 3024 3301 τήν
3081 3229 3126 3286 δ’
3198 3228 3642 3308 ύστεροϐουλίαν
3701 3233 3891 3304 πρᾶγμα

2258 3319 2516 3391 ἀνόνητον
2548 3319 2640 3376 καὶ
2690 3321 3023 3400 ἀξύμφορον,
3090 3322 3182 3376 καὶ
3244 3323 3325 3385 ὡς
3391 3325 3644 3399 κρεῖσσον
3699 3319 3756 3374 τὸ
3798 3315 3888 3389 μεθ’

507 3409 700 3468 clades
758 3415 992 3484 accepta
1048 3416 1222 3478 esset,
1281 3412 1394 3469 nisi
1461 3412 1781 3485 imperator
1835 3429 2151 3468 conversus

2262 3408 2497 3483 ἡμέραν,
2531 3411 2577 3464 εἱ
2622 3410 2782 3480 σώζει
2839 3411 2930 3466 καὶ
2989 3407 3210 3466 δίδωσιν
3273 3410 3562 3482 εὔκλειαν,
3617 3413 3710 3466 τοῦ
3759 3426 3896 3462 κατα-

2342 3504 2370 3512 ...
2610 3498 2624 3512 9
2677 3499 2688 3512 ι
2832 3499 2850 3512 ι
2940 3511 2947 3512 ,
2980 3500 2992 3512 ο
3265 3507 3294 3512 μ
3397 3501 3411 3512 ι
3580 3500 3592 3512 ι
3861 3489 3877 3508 Ἰ

501 3501 823 3557 Turcorum
852 3500 1132 3574 impetum
1181 3501 1553 3574 repressisset
1604 3506 1778 3574 atque
1834 3501 2148 3558 exercitum

2263 3504 2510 3563 σπῶντος
2566 3498 2759 3555 αὐτίκα
2804 3499 2878 3562 εἷς
2930 3500 3178 3570 θάνατον,
3222 3507 3329 3556 κᾶν
3387 3500 3654 3575 ὐποσαίνῃ
3699 3489 3894 3577 χρηστό-

503 3607 570 3648 eo
602 3589 827 3656 ordine,
855 3607 970 3662 quo
1001 3590 1164 3662 prius
1211 3590 1268 3646 id
1319 3591 1440 3646 ﬁeri
1461 3591 1770 3656 decuerat,
1804 3590 2148 3647 reduxisset.

502 3683 646 3736 Cum
675 3696 809 3736 vero
840 3681 1220 3736 cadaveribus
1259 3681 1546 3736 astitisset
1591 3684 1650 3736 et
1710 3678 2151 3735 multitudinem

499 3770 934 3826 interfectorum
968 3769 1377 3842 perspexisset,
1418 3773 1474 3824 et
1531 3769 1698 3826 labiis
1756 3768 1989 3840 agitatis
2035 3785 2152 3839 pra

505 3859 703 3916 dolore
735 3859 925 3914 femur
955 3867 1158 3916 crebro
1201 3858 1608 3932 percussisset,
1669 3874 1801 3914 cum
1848 3858 2152 3929 profundis

503 3947 777 4020 suspiriis
827 3947 1220 4018 illacrymasse
1279 3949 1480 4016 fertur,
1543 3953 1605 4004 ut
1690 3949 1748 4002 in
1807 3947 2153 4020 aegritudine

506 4037 686 4094 animi
718 4041 775 4093 et
805 4039 954 4096 145
991 4038 1188 4095 dolore
1219 4037 1388 4094 solet.
1450 4036 1729 4102 Quamvis
1786 4042 1981 4094 autem
2028 4053 2152 4093 sus-

504 4129 738 4198 ceptum
766 4127 1022 4184 dedecus
1047 4126 1318 4184 abolendi
1351 4125 1798 4199 cupidissimus,
1843 4142 1976 4182 cum
2009 4127 2149 4199 quid

504 4215 563 4273 in
589 4216 897 4288 praesentia
927 4221 1122 4289 ageret
1163 4233 1276 4274 non
1327 4215 1586 4282 haberet,
1647 4216 1984 4272 institutum
2043 4216 2153 4272 iter

501 4305 712 4363 tenuit.

2260 3609 2406 3659 τητι.
2441 3589 2601 3667 Τάχα
2641 3585 2688 3644 δ’
2719 3585 2778 3643 ἄν
2812 3589 2899 3644 καὶ
2926 3588 3002 3651 είς
3040 3589 3340 3664 χείριστον
3378 3587 3606 3667 προύϐη
3637 3589 3702 3646 τὰ
3754 3585 3895 3642 οἴκτι-

2264 3699 2382 3747 στα,
2439 3677 2484 3732 εἰ
2549 3679 2624 3750 μὴ
2689 3676 2949 3753 βασιλεὺς
3003 3677 3452 3761 ἓπαναστραφεὶς
3511 3684 3620 3735 τῶν
3676 3679 3891 3750 Τούρκων

2261 3765 2536 3822 ἀνέστειλε
2563 3767 2662 3836 τὴν
2691 3767 2884 3845 φορὰν,
2917 3768 3007 3822 καὶ
3063 3759 3418 3845 προῦπεμψε
3475 3770 3546 3826 τὰ
3597 3759 3894 3844 στρατόπεδα

2267 3857 2383 3929 μεθ’
2415 3853 2532 3918 θ’ίας
2566 3851 2673 3910 ἔδει
2705 3857 3002 3928 συντάξεως
3049 3859 3362 3932 πρότερον,
3428 3861 3526 3916 ὅτε
3574 3859 3661 3914 καὶ
3719 3854 3898 3928 λέγεται

2261 3953 2377 4009 τοῖς
2405 3951 2513 4003 τῶν
2546 3946 2818 4002 πεσόντων
2858 3946 3150 4004 ἐπιστάντα
3179 3951 3494 4024 πτώμασι,
3539 3950 3632 4008 καὶ
3681 3949 3739 4005 τὸ
3790 3942 3908 4012 πλξο

2263 4047 2356 4100 θος
2421 4039 2528 4091 τῶν
2585 4033 2982 4114 διαφθαρέντων
3031 4037 3156 4093 ὅσον
3229 4042 3688 4112 κατανοήσαντα,
3733 4030 3908 4104 πλῆξπί

2259 4145 2318 4180 τε
2346 4130 2414 4200 τῇ
2457 4127 2604 4205 χειρί
2633 4124 2727 4180 τὸν
2773 4126 2947 4201 μηρὸν
3016 4126 3342 4202 ἀχθόμενον
3407 4130 3506 4186 καὶ
3568 4129 3907 4204 περιψοφῆσαι

2258 4213 2326 4270 τὰ
2356 4213 2520 4290 χείλη
2545 4215 2720 4271 πυκνὰ
2749 4215 2840 4270 καὶ
2871 4213 3173 4289 ἀνοιμῶξαι
3232 4217 3442 4294 βύθιον
3501 4221 3596 4275 καὶ
3659 4215 3907 4290 δακρξισαι,

2259 4307 2428 4358 ταῦτα
2459 4302 2527 4372 δὴ
2556 4301 2624 4358 τά
2651 4307 2760 4359 τῶν
2813 4305 3230 4378 παθαινομένων
3301 4307 3633 4384 σημαντικᾶ
3686 4306 3768 4363 ἐπὶ
3815 4305 3912 4362 τοῖς

507 4394 806 4468 ὁρωμένοις
845 4391 881 4461 ἢ
923 4394 1010 4448 καὶ
1081 4392 1498 4467 ἐνωτιζομένοις
1555 4391 1832 4469 ἀλγεινοῖς
1895 4393 2124 4467 θεάμασι
2190 4392 2281 4448 καὶ
2347 4391 2676 4466 ἀκούσμασι,
2743 4393 2835 4448 καὶ
2890 4394 3132 4470 ὁρμῆσαι
3208 4397 3316 4468 μὶν
3391 4399 3460 4454 τὸ
3522 4397 3577 4454 ἐν
3634 4398 3915 4471 ὀφθαλμοῖς

505 4481 949 4555 ἀναμαχέσασθαι
1020 4480 1252 4554 ὄνειδος,
1322 4487 1570 4556 γενναῖον
1653 4478 1710 4536 δὶ
1781 4502 1835 4537 τι
1902 4480 1952 4554 ἐξ
2011 4480 2276 4558 ὑπογυίου
2335 4479 2525 4558 δρᾶσαι
2585 4481 2662 4554 μὴ
2719 4476 2918 4556 ἔχοντα
2971 4479 3101 4537 ὀδοῦ
3147 4489 3258 4554 τῆς
3324 4487 3716 4562 προκειμένης
3785 4483 3911 4540 αὖθις

500 4563 742 4644 ἔχεσθαι.

571 4662 626 4716 4.
654 4659 962 4717 Enimvero
994 4660 1235 4727 invidia,
1302 4678 1425 4732 quae
1486 4677 1599 4717 non
1650 4665 1877 4719 tantum
1911 4663 2153 4735 provin-

2336 4657 2422 4720 δι’.
2452 4661 2524 4718 Ὀ
2557 4656 2724 4732 δὲμὴ
2757 4664 2872 4722 τοῖς
2922 4659 3163 4735 ὑψηλοῖς
3237 4664 3426 4735 μόνον
3489 4667 3586 4722 καὶ
3635 4664 3790 4730 ἐθνῶν
3843 4643 3922 4714 καί

501 4749 724 4807 ciarum
777 4754 834 4824 et
913 4749 1144 4806 urbium
1235 4750 1504 4806 dominos
1585 4750 1834 4808 subinde
1917 4751 2152 4824 obliquo

502 4839 766 4895 intuetur
797 4837 962 4896 oculo
1028 4842 1085 4895 et
1141 4839 1512 4896 insidiatores
1571 4839 1628 4894 in
1697 4841 1960 4911 proximo
2029 4841 2154 4910 alit,

505 4926 606 4983 sed
639 4927 960 4984 mediocres
1015 4926 1191 4984 etiam
1255 4928 1596 4995 insectatur,
1630 4944 1734 4984 nec
1789 4927 2152 5000 Styppiotam

499 5016 867 5074 Theodorum
922 5017 1110 5091 gratia
1164 5017 1320 5090 apud
1373 5016 1782 5090 imperatorem
1839 5017 2152 5090 pollentem

503 5109 846 5167 inviolatum
890 5109 1188 5183 prmteriit,
1249 5125 1436 5182 neque
1494 5109 1657 5181 prius
1711 5109 2048 5165 turbinibus
2096 5112 2153 5165 et

505 5197 778 5272 procellis
817 5199 1037 5272 agitare
1077 5199 1320 5268 destitit,
1362 5215 1541 5271 quam
1599 5199 1668 5254 de
1725 5199 1904 5268 gradu
1965 5199 2153 5270 dejec‘

500 5293 627 5344 tum
667 5288 908 5360 locoque
949 5295 1172 5346 motum
1233 5289 1469 5344 tandem
1529 5287 1940 5344 miserabiliter
1997 5287 2144 5344 afﬂi-

499 5375 701 5434 xisset.
744 5383 854 5450 Ego
895 5395 1024 5434 vero
1063 5377 1202 5435 talia
1242 5393 1474 5450 quoque
1521 5376 1776 5434 histories
1831 5377 2046 5446 insero,
2085 5380 2149 5432 ut

499 5459 738 5520 lectores
777 5472 1135 5538 cognoscant
1190 5483 1390 5539 quam
1428 5465 1742 5538 improvisa
1797 5469 1854 5521 et
1901 5463 2142 5521 inevita-

495 5546 645 5604 biles
687 5569 779 5608 res
820 5554 898 5610 sit
937 5555 1315 5626 improbitas:
1397 5571 1524 5612 esse
1581 5555 1778 5627 igitur,
1857 5557 2142 5624 quantum

2262 4749 2478 4806 πόλεων
2511 4747 2794 4813 δυνάσταις
2826 4750 2984 4821 λοξὸν
3011 4749 3094 4805 ἀεὶ
3127 4748 3351 4827 ἐνορῶν
3419 4757 3628 4834 φθόνος
3683 4754 3768 4811 καὶ
3815 4751 3926 4810 τοὺς

2266 4835 2594 4902 ἐπιϐούλους
2617 4839 2826 4914 τρὲφων
2859 4839 2942 4894 ἀεὶ
2973 4838 3158 4915 ἐγγὺς,
3194 4840 3362 4900 ἀλλᾶ
3396 4846 3497 4900 καὶ
3527 4850 3654 4909 τοῖς
3717 4861 3924 4917 μετριω-

2262 4927 2439 5004 τέροις
2519 4926 2898 5006 ἐπιφυόμενος.
2965 4927 3124 4990 οὗτος
3201 4929 3350 4989 οὐδὲ
3411 4935 3515 4990 τὸν
3567 4933 3930 4998 Στυππειὼτι,ν

2263 5016 2542 5094 Θεόδωρον
2571 5024 2670 5088 τῆς
2723 5016 2869 5092 παρᾶ
2924 5015 3143 5093 βασιλεῖ
3202 5021 3510 5098 παῤῥσίας
3573 5024 3748 5080 εἴασεν
3809 5021 3928 5094 ἆμε-

2259 5107 2498 5176 τοίθετον,
2547 5103 2697 5162 ἀλλὰ
2750 5107 2982 5169 πνεύσας
3033 5107 3468 5185 καταιγιδῶδες
3531 5114 3627 5171 καὶ
3687 5110 3861 5191 ἄγριον
3909 5107 3932 5162 ὁ

2261 5193 2660 5256 δυσπάλαιστος
2685 5193 2958 5258 πολλάκις
2995 5195 3090 5268 μὶν
3118 5199 3226 5250 τοῦ
3293 5201 3595 5276 στασίμου
3637 5199 3932 5281 στυφελίεας

2262 5287 2580 5362 μετήνεγκε,
2631 5282 2788 5346 οὲλος
2838 5281 2895 5339 δί
2953 5285 3044 5340 καὶ
3109 5283 3399 5364 ἀνέτρεψε
3456 5293 3558 5349 καὶ
3620 5292 3697 5356 εἷς
3756 5292 3934 5362 πτῶμα

2255 5376 2578 5448 κατήνεγκεν
2642 5371 2934 5431 οἴκτιστον.
2982 5375 3310 5448 Παρενείρω
3378 5375 3443 5434 δε
3508 5382 3606 5436 καὶ
3651 5383 3718 5438 τὰ
3773 5373 3931 5436 τοιάδε

2255 5463 2324 5534 τῇ
2369 5461 2603 5537 ἱστορίᾳ,
2663 5457 2876 5524 δεικνὺς
2930 5465 3048 5524 τοῖς
3109 5460 3621 5540 ἀναγινώσκουσιν
3691 5470 3788 5541 ὡς,
3847 5465 3928 5520 κᾶν

2252 5548 2646 5627 ἀσυλλόγιστόν
2679 5571 2734 5606 τι
2768 5555 2963 5627 χρῆμα
2990 5551 3082 5605 καὶ
3113 5547 3535 5631 δυσφύλακτον
3601 5564 3636 5629 ἡ
3697 5556 3930 5632 πονηρία,

495 5635 690 5710 liceat,
728 5656 826 5698 eos
865 5643 1106 5701 amulos
1146 5643 1558 5714 observandos,
1599 5643 1700 5717 qui
1738 5643 2143 5715 ingeniissunt

2262 5645 2452 5716 ιρῆναι
2490 5643 2618 5718 γοῦν
2649 5639 2724 5704 ὠς
2781 5639 2896 5717 ἔξὸν
2943 5634 3371 5703 ἰποϐλὲπεσθαι
3438 5651 3558 5707 τῶν
3619 5645 3932 5728 ἀντιτέχνων
