4068 6196
224 381 339 443 H9

1297 373 1400 436 DE
1444 371 1829 437 MANUELE
1873 369 2243 434 COMNENO
2290 374 2434 435 LIB.
2482 372 2587 435 III.

3514 382 3634 443 450

221 513 541 574 ὁπόσοιτὸν
577 514 674 585 μὲν
713 511 919 586 τρόπον
979 507 1078 564 οὐκ
1132 506 1449 584 ἐλευθέριοι,
1503 508 1565 563 τὸ
1622 503 1680 562 δὲ
1730 507 1865 575 ἦθος

1988 506 2368 565 illiberalibus
2397 513 2455 564 et
2487 508 2749 566 moribus
2779 509 3022 567 occultis
3057 512 3281 583 praediti
3315 512 3633 587 linguaque

224 602 652 677 ὖποκαθειμένοι
683 600 775 655 καὶ
815 600 912 669 τὴν
944 597 1195 672 γλῶτταν
1229 601 1297 672 τῇ
1337 594 1533 673 καρδία
1565 599 1873 652 πλουτοῦν-

218 717 303 758 τες
336 693 729 769 ἀντίφθογγον,
761 690 867 763 πρὸ
898 689 1114 744 πάντων
1147 684 1203 742 δὲ
1250 688 1451 743 τιθέναι
1507 691 1588 758 τῷ
1647 688 1876 759 στόματι

214 783 466 865 φυλακὴν
502 783 706 855 καὶμή
756 780 842 852 ἐᾷν
905 780 1006 848 τὴν
1050 782 1302 853 γλῶτταν
1359 782 1646 851 προπετῶς
1707 775 1880 865 ἐκπη-

215 864 303 945 δᾷν
333 878 434 930 τοῦ
472 869 679 948 ἕρκους
710 875 819 926 τῶν
888 866 1126 923 ὀδόντων
1174 866 1262 924 καὶ
1318 873 1416 923 τοῦ
1472 874 1581 923 τῶν
1642 864 1875 942 χειλέων

213 962 703 1040 ἐπιτειχίσματος,
734 960 872 1033 ἆπερ
904 958 995 1012 οἶα
1026 956 1253 1013 διπλοῦν
1287 952 1582 1032 περίϐολον
1623 958 1657 1026 ἡ
1719 957 1877 1033 φύσις

215 1030 858 1128 ταύτῇηπεριεγύρωσενξ
891 1051 955 1106 Ὀ
984 1048 1086 1123 γὰρ
1117 1067 1204 1102 τοι
1251 1030 1375 1102 τότε
1433 1030 1741 1122 λογοθέτης-
1782 1048 1877 1099 τοῦ

216 1141 426 1218 δρόμου
457 1142 575 1218 οὐχ
605 1139 723 1200 οἷός
740 1158 798 1194 τε
828 1136 901 1191 ὥν
932 1136 1133 1211 στέγειν
1173 1137 1276 1205 την
1308 1134 1361 1196 ές
1399 1136 1491 1191 τὸν
1554 1135 1876 1190 Στυππειώο

212 1255 308 1302 την
379 1239 485 1301 τῆς
540 1231 722 1304 τύχης
782 1226 1059 1301 εὐμένειαν
1117 1226 1209 1281 καὶ
1266 1228 1366 1295 τήν
1415 1224 1718 1301 ἀκροτάτην
1778 1227 1876 1277 τοῦ

219 1319 501 1396 βασιλέως
555 1319 733 1394 ῥοπήν
796 1318 887 1371 καὶ
938 1316 1001 1371 τὸ
1054 1320 1134 1387 τῷ
1168 1316 1261 1388 μὲν
1290 1311 1500 1369 ἅπαντα
1546 1315 1638 1368 τὸν
1672 1313 1874 1388 χρόνον

213 1417 317 1480 τῆς
353 1411 411 1475 ἐς
436 1410 529 1464 τὸν
585 1410 886 1482 κρατοῦντα
935 1404 1245 1480 παῤῥησίας
1309 1425 1367 1460 τε
1440 1403 1531 1459 καὶ
1578 1401 1876 1477 παρουσίας

216 1500 362 1555 εἶναι
396 1499 581 1574 καιρὸν
625 1498 717 1552 καὶ
767 1495 959 1566 ἐξεῖναι
1012 1492 1268 1567 δακτύλῳ
1326 1493 1501 1549 πάντα
1559 1490 1877 1572 μεταφέρειν

217 1591 308 1645 καί
369 1589 620 1661 νεύματι,
682 1585 828 1641 αὖτῶ
878 1583 935 1640 δὲ
990 1584 1126 1640 κατᾶ
1188 1584 1386 1645 τακτὰς
1439 1580 1585 1658 ὥρας
1649 1590 1749 1651 τῆν
1823 1581 1875 1644 ἐς

220 1676 380 1734 αὺτὸν
437 1676 729 1754 ἀνεῳγέεαι
782 1673 1037 1744 πυλαίαν,
1101 1673 1193 1728 καὶ
1241 1670 1423 1727 τᾶλλα
1491 1673 1591 1727 ’ὀσα
1650 1676 1729 1744 τῷ
1782 1672 1877 1739 μὲν

221 1768 590 1840 Στυππειώτῃ
624 1765 715 1820 καὶ
757 1764 922 1837 μόνον
960 1760 1289 1839 βουληθέντι
1348 1762 1579 1835 ἀνύσιμα
1639 1763 1731 1832 ἦν,
1796 1766 1876 1834 τῷ

1984 597 2204 668 pollent
2234 598 2308 654 ab
2339 599 2534 654 animo
2558 599 2965 670 dissentiente,
2987 619 3052 658 ac
3074 604 3337 659 custodia
3367 607 3635 661 munien-

1984 687 2127 742 dum
2184 704 2270 754 os,
2330 704 2435 744 nec
2493 688 2801 746 sinendam
2878 690 3136 764 linguam
3203 697 3418 750 temere
3475 700 3634 752 extra

1985 775 2250 831 dentium
2284 780 2511 849 septqu
2536 783 2593 833 et
2622 778 2911 835 labiorum
2941 780 3329 837 munitionem
3381 785 3634 855 evagari,

1985 867 2200 938 quibus
2231 884 2263 922 a
2296 871 2435 923 natu
2473 885 2507 923 a
2535 869 2705 940 quasi
2762 870 2982 943 duplici
3040 871 3188 929 vallo
3248 877 3337 929 est
3382 873 3631 932 inclusa.

1983 956 2131 1012 Nam
2166 959 2354 1015 dromi
2387 958 2679 1032 legotheta
2709 977 2842 1017 cum
2906 963 3151 1019 fortunae
3208 965 3635 1040 benignitatem

1985 1062 2120 1119 erga
2148 1049 2506 1122 Styppiotam
2523 1052 2565 1105 Ι
2578 1051 2679 1106 46
2704 1059 2760 1107 et
2784 1054 3305 1124 propensissimam
3327 1057 3635 1128 imperato-

1984 1135 2064 1193 ris
2088 1137 2441 1194 voluntatem
2469 1139 2615 1195 ferre
2638 1157 2753 1196 non
2779 1144 3065 1213 possel,ad
3093 1160 3268 1214 quem
3295 1142 3379 1199 illi
3403 1163 3636 1218 semper

1983 1228 2205 1294 pateret
2232 1225 2423 1281 aditus
2448 1232 2504 1283 et
2525 1228 2894 1301 colloquendi
2925 1236 3183 1303 potestas
3207 1235 3474 1305 daretur,
3490 1236 3633 1293 adeo

1986 1318 2050 1365 ut
2105 1312 2283 1384 digito
2342 1320 2399 1371 et
2454 1326 2598 1374 nutu
2659 1319 2892 1389 quidvis
2945 1322 3273 1388 conﬁceret,
3333 1340 3466 1379 cum
3525 1325 3639 1380 sibi

1987 1404 2160 1459 certis
2211 1405 2368 1462 horis
2422 1412 2655 1463 tantum
2714 1412 2987 1467 accedere
3072 1416 3526 1484 permitteretur,
3583 1419 3643 1471 et

1986 1509 2115 1562 quae
2167 1495 2496 1567 Styppiotes
2561 1497 2684 1554 sola
2765 1499 3060 1556 voluntate
3141 1501 3504 1573 impetraret,
3574 1521 3642 1561 ea

1986 1581 2099 1636 sibi
2132 1599 2204 1638 ne
2235 1600 2338 1654 per
2357 1587 2651 1642 somnium
2686 1589 2921 1659 quidem
2956 1606 3190 1646 cernere
3234 1593 3589 1664 contingeret
3624 1611 3637 1661 ;

1985 1670 2203 1728 invidia
2233 1677 2505 1746 metuens,
2539 1692 2666 1747 quae
2716 1677 2900 1750 ipsius
2961 1679 3140 1735 animi
3194 1681 3511 1752 penetralia
3550 1681 3642 1738 in-

1986 1759 2431 1830 sederat,homo
2463 1765 2714 1822 callidus
2745 1772 2800 1823 et
2830 1767 3017 1825 instar
3045 1770 3302 1842 pestiferi
3354 1771 3643 1843 serpentis

218 1854 276 1912 δί
306 1854 422 1911 οὔδ’
480 1854 616 1930 ὄναρ
675 1851 765 1908 δια
823 1856 918 1908 τοῦ
973 1855 1327 1931 φανιαστιγοῦ
1384 1849 1721 1929 ἐφιπτάμενα
1785 1852 1878 1907 καὶ

225 1943 251 1959 ..
288 1945 308 1959 .
427 1950 452 1959 -
647 1950 673 1959 -
784 1944 837 1959 _.
1114 1943 1126 1959 .
1331 1943 1345 1959 .
1544 1941 1557 1959 .
1856 1944 1869 1959 ι

1991 1848 2169 1906 biﬁda
2225 1851 2420 1924 lingua
2506 1853 2855 1928 instructus,
2915 1858 3190 1914 amicitias
3268 1859 3645 1917 simulatione

223 1943 313 2002 διᾶ
362 1950 523 2002 τοῦτο
578 1950 677 2000 τοῦ
736 1944 941 2023 φθόνου
1005 1943 1269 2019 γινόμετα
1325 1941 1713 2016 ὑπεκκαύματα
1785 1944 1874 1997 καὶ

221 2035 329 2098 ἓως
358 2040 457 2090 τοῦ
497 2034 748 2107 ταμιείου
798 2032 1115 2103 πλήττοντα
1165 2040 1265 2103 τῆς
1313 2029 1558 2107 καρδίας,
1622 2038 1883 2107 σκαιωρεῖ

219 2127 360 2180 κατὰ
390 2128 492 2179 ιοῦ
516 2121 714 2199 ἂνδρὸς
745 2122 813 2179 τὰ
842 2121 1185 2199 οἰκτρότατα.
1223 2122 1329 2181 Καὶ
1392 2120 1561 2184 δεινὸς
1622 2117 1694 2175 ὥν
1752 2143 1882 2177 κατ-

218 2219 377 2270 τῦσαι
411 2211 618 2275 δόλους
647 2213 739 2268 καὶ
773 2209 994 2285 δικρόαν
1032 2213 1285 2287 εὖτυχών
1353 2211 1631 2287 γλῶτταν,
1691 2210 1883 2266 ὁποίαν

220 2303 349 2381 ὄτρις
382 2305 410 2357 ὁ
440 2303 678 2377 ψίθυρος
711 2301 803 2357 καὶ
834 2302 1160 2377 ἀρχέκακος,
1202 2299 1361 2379 φιλίᾳ
1411 2298 1741 2356 ὑποκλέπτει
1789 2300 1880 2354 τὸν

220 2388 411 2466 ἄνδρα,
447 2388 609 2463 κοιλῷ
658 2391 944 2465 πράγματι
994 2391 1297 2458 συσκιάζων
1352 2387 1528 2444 ἄτοπα
1589 2383 1879 2444 ὁιαϐούλια

219 2481 308 2535 καὶ
368 2479 725 2555 δηλητηρίου
773 2480 971 2556 σκύφον
1012 2478 1135 2554 περὶ
1194 2476 1362 2553 χείλη
1422 2478 1633 2553 ἀγάπης
1697 2477 1878 2551 μέλιτι

223 2569 559 2644 περιχρίων.
585 2566 813 2640 Ἀμέλει
849 2587 936 2622 τοι
964 2569 1055 2622 καὶ
1087 2565 1231 2622 ἄλλα
1264 2566 1441 2643 λέγων
1469 2568 1557 2621 καὶ
1630 2564 1879 2621 διανοού-

228 2679 387 2732 μενος
418 2655 605 2731 ἕτερα,
639 2658 731 2712 καὶ
762 2655 977 2732 χείλεσι
1047 2657 1141 2729 μὶν
1202 2661 1379 2729 τιμῶν
1436 2659 1504 2729 τῇ
1567 2652 1624 2710 δὲ
1679 2653 1876 2729 καρδίᾳ

221 2747 415 2821 πόῤῥω
470 2746 843 2821 πλαζόμενος,
900 2745 1153 2816 ἐλελήθει
1218 2745 1309 2800 τὸν
1351 2744 1486 2800 κατὰ
1514 2750 1674 2799 τοῦτο
1708 2746 1874 2817 μόνον

218 2836 455 2913 ἀρχαῖον
516 2836 609 2892 καὶ
670 2835 940 2892 ἁπλοϊκὸν
1017 2836 1429 2904 Στυππειώτην.
1495 2830 1875 2891 Ἐνδιαϐάλλει

216 2928 393 2982 τοίνυν
426 2926 507 2988 ὡς
544 2928 920 3003 μαγγανεντὴν
960 2930 1152 2981 τοῦτον
1218 2924 1309 2980 καὶ
1367 2922 1719 3002 δολιόφρονα,
1784 2925 1876 2979 καὶ

219 3018 484 3092 γράφεται
515 3012 836 3092 προδοσίας,
868 3017 934 3070 τὰ
962 3014 1099 3070 κατὰ
1130 3012 1383 3069 Σικελίαν
1442 3012 1618 3089 λέγων
1679 3014 1875 3068 ἀνατα-

224 3107 433 3181 ράττειν
469 3107 788 3183 πράγματα.
822 3105 1175 3176 Ἀπαιτηθεὶς
1243 3105 1335 3159 οὗν
1394 3104 1498 3159 ὑπὸ
1561 3108 1657 3159 τοῦ
1719 3104 1875 3180 βασι-

221 3194 365 3258 λέως
404 3195 616 3257 πίστεις
685 3200 794 3250 τῶν
837 3193 1173 3270 λεγομένων,
1216 3197 1285 3267 τῇ
1335 3192 1559 3265 Κιλικίᾳ
1626 3198 1737 3266 (’79)
1791 3190 1872 3249 ἔτι

1991 1937 2176 1994 virum
2210 1939 2614 2013 circumvenit,
2677 1952 2731 1999 el
2790 1944 2995 2017 scyphi
3051 1962 3272 2003 veneno
3321 1947 3476 2018 pleni
3508 1965 3643 2004 oras

1990 2027 2264 2084 amicitias
2287 2031 2458 2087 melle
2490 2030 2744 2103 inungit,
2805 2032 2960 2089 aliud
3022 2034 3246 2101 dicens,
3280 2035 3440 2091 aliud
3484 2037 3642 2109 cogi-

1988 2120 2144 2183 tans,
2173 2121 2230 2172 et
2261 2118 2431 2175 labiis
2459 2119 2775 2189 honorans,
2803 2138 2938 2179 cum
2979 2124 3177 2179 animo
3219 2129 3375 2182 esset
3404 2125 3644 2182 alienis-

1989 2205 2159 2263 simo.
2193 2207 2296 2262 His
2356 2208 2679 2267 rationibus
2742 2212 3107 2284 Styppiotam
3165 2212 3272 2268 hac
3317 2231 3433 2269 una
3490 2214 3548 2269 in
3582 2231 3642 2271 re

1988 2296 2291 2353 incautum
2316 2307 2374 2354 et
2401 2299 2730 2371 simplicem
2758 2302 2927 2369 fallit,
2977 2320 3231 2375 eumque
3272 2307 3429 2376 apud
3455 2305 3641 2377 impe-

1989 2391 2239 2445 ratorem
2274 2397 2330 2444 ut
2357 2390 2735 2463 impostorem
2770 2398 2828 2450 et
2852 2393 3118 2452 dolosum
3170 2395 3543 2461 criminatur,
3577 2399 3638 2450 et

1990 2476 2199 2534 Sicula:
2231 2480 2577 2550 proditionis
2628 2492 2910 2547 accusat;
2959 2502 3091 2541 cum
3146 2503 3280 2543 vero
3329 2488 3646 2557 imperator

1988 2568 2181 2625 adhuc
2211 2571 2268 2625 in
2305 2571 2503 2629 Cilicia
2536 2590 2718 2646 agens
2742 2576 2915 2632 ﬁdem
2951 2577 3063 2632 sibi
3117 2577 3242 2633 ﬁeri
3296 2576 3638 2648 postularet,

1987 2672 2122 2713 eum
2149 2660 2255 2715 sub
2286 2660 2413 2717 velo
2443 2667 2597 2719 stare
2641 2664 2810 2735 jubet
2850 2682 2863 2719 :
2913 2665 3039 2737 ipse
3094 2667 3478 2739 Styppiotam,
3504 2670 3634 2723 tan-

1986 2762 2160 2818 quam
2191 2751 2389 2806 arcani
2418 2750 2638 2824 aliquid
2671 2753 2954 2824 dicturus,
2987 2772 3053 2812 eo
3083 2756 3313 2812 seducit
3369 2757 3469 2812 ubi
3526 2757 3633 2811 im-

1984 2841 2218 2909 perator
2258 2839 2653 2897 occulebatur.
2708 2845 2778 2899 Et
2831 2846 2904 2900 ab
2969 2844 3103 2901 aliis
3161 2846 3332 2901 rebus
3392 2862 3634 2901 exorsus

1983 2926 2220 2982 tandem
2254 2927 2313 2983 in
2343 2928 2553 2985 Siciliae
2585 2933 2937 2990 mentionem
2971 2934 3379 2991 fraudulenter
3412 2935 3633 2992 delabi-

1983 3016 2355 3089 tur,dataque
2376 3020 2524 3075 147
2552 3019 2638 3075 illi
2670 3023 2974 3080 occasione
2997 3023 3245 3080 actailla
3265 3024 3636 3098 imperatoris

1982 3104 2446 3175 reprehendendi
2466 3107 2822 3182 colloquium
2845 3111 3089 3168 dirimit.
3112 3114 3195 3169 Ita
3222 3113 3446 3171 irritato
3476 3112 3639 3171 illius

1988 3192 2182 3250 animo
2244 3194 2493 3253 aliarum
2546 3198 2969 3257 calumniarum
3029 3201 3365 3258 occasiones
3406 3204 3639 3274 quaerit,

227 3280 690 3359 ἒνδιατρίϐοντος,
723 3282 883 3339 αὐτὸν
953 3283 1046 3356 μὲν
1102 3280 1355 3359 ἒφίστησι
1404 3282 1875 3357 παραπετάσματι,

1990 3283 2178 3354 magis
2200 3285 2374 3341 etiam
2401 3291 2605 3343 contra
2633 3288 2991 3360 Styppiotam
3025 3263 3446 3362 inﬂammatus,
3480 3263 3636 3363 quod

224 3375 313 3429 τὸν
346 3371 406 3430 δὲ
437 3374 834 3444 Στυππειώτην
899 3367 1195 3429 ἀπολαϐὼν
1258 3372 1331 3435 ὡς
1387 3370 1534 3448 ἒχων
1594 3393 1643 3427 τι
1717 3372 1879 3445 μόνος

234 3461 383 3538 μόνῳ
409 3462 919 3539 προσδιαλέγεσθαι,
952 3461 1070 3541 ἂγει
1103 3462 1241 3517 ὅπου
1272 3463 1339 3532 ἦν
1369 3461 1595 3524 ἀθέατος
1636 3462 1663 3516 ὁ
1726 3462 1879 3536 βασι-

223 3554 349 3615 Aab:
385 3553 657 3625 ἑστηκὼς,
716 3552 806 3608 καὶ
855 3551 1052 3628 λόγους
1114 3553 1438 3622 ἀνακινήσας
1496 3551 1709 3626 ἑτέρους
1771 3552 1881 3607 εἶτα

220 3644 460 3706 καὶτοῖς
486 3644 627 3698 κατὰ
673 3640 926 3698 Σικελίαν
987 3638 1193 3703 δολίως
1250 3637 1491 3699 ἐνέϐαλε.
1549 3641 1640 3695 καὶ
1699 3638 1881 3703 διδοὺς

221 3733 376 3795 αὐτὸς
403 3732 666 3810 ἀψορμὰς
697 3736 796 3786 τοῦ
847 3734 1245 3808 μεμψιμοιρεῖν
1295 3732 1433 3804 μήτε
1495 3732 1602 3803 μὴν
1655 3730 1881 3799 ἀσπάζεο

220 3824 335 3878 σθαι
374 3824 472 3878 τὸν
518 3822 917 3892 Στυππειώτην
948 3821 1049 3876 ὅσα
1078 3822 1106 3875 ὁ
1147 3818 1401 3897 βασιλεὺς
1434 3821 1575 3895 εἶχεν
1618 3818 1706 3875 ἔπί
1762 3826 1879 3882 τοῖς

211 3914 347 3968 κατὰ
368 3910 627 3968 Σικελίαν
660 3908 1092 3986 διαπραξάμενος
1152 3911 1493 3985 πράγμασιν,
1563 3910 1708 3966 οὓτω
1762 3907 1877 3965 διαο

215 4000 331 4056 λύει
375 4004 480 4071 τὴν
541 4001 821 4076 ἐντυχίαν,
888 4001 978 4057 καὶ
1010 4005 1262 4056 τοιοῦτον
1322 4000 1557 4075 ἐνθάψας
1612 4002 1880 4075 σπινθῆρα

215 4094 410 4163 τῇτοῦ
446 4089 723 4166 βασιλέως
785 4094 941 4164 ψυχῆ
992 4091 1082 4145 καὶ
1141 4090 1275 4146 κατᾶ
1321 4095 1418 4145 τοῦ
1490 4090 1877 4146 Στυππειώτου

222 4182 373 4261 ἀφείς
432 4183 801 4261 ὑποτύφεσθαι
858 4182 1146 4239 ἐσκέπτετο
1206 4182 1297 4239 καὶ
1349 4186 1585 4261 φορυτοῦ
1642 4182 1878 4257 εὐπορή-

222 4293 334 4327 σειν
390 4273 594 4347 ἑτέρων
669 4275 1142 4351 συκοφαντήσεων,
1216 4270 1286 4327 δι’
1342 4273 1416 4327 ὧν
1474 4273 1877 4349 προχειροτάτη

220 4361 422 4417 ἱσεῖται
452 4366 554 4418 τοῦ
586 4362 887 4437 σπινθῆρος
984 4361 1221 4433 κίνησις.
1292 4361 1498 4420 Οὖκοῦν
1555 4362 1691 4417 κατᾶ
1746 4382 1883 4437 καρ-

222 4448 337 4514 δίας
407 4452 596 4526 ὶτέραν
650 4450 874 4526 πληγὴν
932 4451 1152 4507 ἀνταίαν
1201 4451 1447 4529 εἰληφώς
1514 4453 1542 4506 ὁ
1610 4449 1881 4522 δηλωθείς

223 4537 541 4618 λογοθέτης
590 4539 649 4595 ἐκ
686 4545 782 4595 τοῦ
830 4545 909 4613 τῷ
969 4540 1329 4616 Στυππειώτῃ
1381 4538 1606 4609 δοθῆναι
1656 4538 1880 4615 δοχεῖον

1986 3370 2308 3443 imperator
2338 3374 2418 3430 illi
2443 3392 2619 3433 aurea
2639 3376 2800 3433 bulla
2821 3393 2954 3434 cum
2978 3379 3341 3436 radiantibus
3388 3380 3639 3452 gemmis

1988 3459 2124 3515 data
2153 3463 2461 3520 mandarat
2517 3472 2579 3522 ut
2636 3467 2694 3522 in
2754 3483 2969 3541 magna
3015 3469 3364 3525 Blachcrnia
3392 3470 3641 3529 ecclesia

1980 3548 2358 3618 juriiurando
2390 3559 2685 3625 prmesset,
2718 3572 2833 3628 quo
2867 3558 3095 3627 imperii
3128 3558 3421 3613 successio
3445 3558 3644 3614 Alexio

1995 3638 2266 3709 llungaro
2299 3646 2356 3695 et
2387 3641 2516 3697 filias
2569 3644 2762 3700 Maria:
2819 3645 3457 3717 conﬁrmaretur(quod
3510 3663 3642 3702 mu-

1988 3742 2101 3781 nus
2162 3728 2233 3783 ad
2294 3728 2604 3801 logothetre
2663 3732 2856 3803 potius
2925 3734 3185 3790 ofﬁcium
3273 3734 3644 3805 pertinebat),

1989 3818 2278 3889 scriptum
2313 3821 2776 3892 nugacissimum
2809 3824 3208 3895 composuisse
3252 3825 3453 3893 fertur,
3486 3826 3642 3896 quod

1992 3906 2212 3963 scilicet
2242 3908 2548 3981 Styppiota
2574 3911 2639 3965 ad
2669 3911 2877 3967 Siciliae
2898 3928 3090 3984 regem
3127 3913 3422 3969 missurus
3469 3920 3645 3983 esset,

1991 4012 2176 4068 coque
2208 3998 2265 4054 in
2300 3999 2616 4072 Styppiotas
2647 4000 2876 4058 codices
2907 4007 2964 4058 et
3010 4002 3235 4061 litteras
3278 4002 3423 4061 clam
3462 4005 3647 4062 inscr-

1991 4090 2071 4153 to,
2102 4086 2443 4160 imperatori
2500 4091 2817 4161 persuadet
2871 4095 2936 4147 ut
2994 4091 3211 4163 inquiri
3260 4093 3470 4164 jubeat
3510 4094 3641 4152 illas

1992 4175 2340 4247 proditionis
2369 4178 2437 4234 ad
2472 4178 2737 4235 Siculum
2771 4178 3015 4238 litteras.
3081 4183 3204 4247 Quo
3262 4183 3413 4239 facto
3461 4182 3649 4255 impe-

1990 4270 2146 4321 rator
2178 4265 2444 4324 fulminis
2474 4267 2661 4324 instar
2719 4278 2918 4327 contra
2975 4270 3339 4343 Styppiotam
3401 4275 3644 4341 exarsit,

1990 4353 2159 4426 eique
2189 4354 2389 4413 oculos
2419 4355 2591 4412 etiodi
2637 4358 2821 4428 jussit
2875 4359 3193 4416 innocenti.
3243 4360 3287 4417 Ο
3349 4361 3645 4434 inspector

1991 4444 2253 4500 omnium
2286 4446 2451 4501 ocule
2474 4446 2720 4517 justitim
2751 4448 3127 4519 inevitabilis,
3160 4467 3266 4507 cur
3295 4469 3449 4524 saepe
3497 4469 3639 4508 con-

1991 4532 2150 4589 nives
2183 4534 2251 4588 ad
2287 4532 2712 4607 talesinjurias
2769 4542 2827 4594 et
2884 4540 3180 4610 graviores
3236 4541 3409 4597 etiam
3468 4558 3644 4598 casus

218 4624 593 4703 ἒρυθροδάνου
627 4624 865 4682 διέλιθον
896 4627 1158 4701 χρύσεον,
1205 4627 1294 4682 καὶ
1351 4631 1469 4689 τοῖς
1518 4626 1703 4698 ὅρκοις
1762 4630 1878 4682 τοῦ-

1990 4623 2323 4694 hominum,
2358 4642 2546 4699 neque
2579 4628 2780 4685 statim
2813 4629 3069 4686 tonitrua
3111 4639 3165 4687 et
3222 4631 3470 4689 fulmina
3518 4651 3647 4705 pro-

214 4737 308 4771 τον
371 4716 738 4786 ἑπιστατῆσαι
795 4716 932 4772 κατᾶ
1026 4718 1115 4772 τὸν
1201 4715 1252 4771 ἰν
1311 4714 1645 4791 βλαχέρναις
1715 4711 1879 4791 μέγαν

244 4808 304 4836 -ι
429 4805 550 4827 ν·
686 4810 712 4841 π
860 4802 1192 4859 ι-δδ
1285 4806 1298 4822 -
1394 4804 1418 4859 ἐ
1522 4801 1881 4861 ἐπυλλ-

213 4827 346 4861 νιων
392 4827 445 4862 οι
488 4827 591 4876 την
618 4826 716 4861 το)
771 4826 1007 4881 κρατου,
1109 4826 1157 4860 ια
1197 4825 1339 4879 οχην
1422 4825 1517 4860 νεπ
1551 4823 1676 4859 ΟΟυΙ
1826 4826 1850 4860 ε

219 4897 318 4969 ξίῳ
346 4917 408 4951 τε
467 4900 553 4969 τῷ
613 4895 892 4970 Ούγγρίας
931 4896 1024 4950 καὶ
1082 4898 1150 4969 τῇ
1199 4894 1550 4970 θυγατρὶτοῦ
1610 4892 1880 4969 βασιλέως

219 4988 431 5062 Μαρίᾳ,
496 4983 531 5041 ἃ
577 4990 657 5058 τῷ
735 4989 1073 5061 λογοθετικῷ
1131 4982 1402 5054 δήπουθεν
1452 4983 1690 5063 ὸφφικίῳ
1746 4986 1880 5055 ἡσαν

224 5075 493 5152 ἁρμόδιά,
529 5077 814 5142 συνθέσθαι
848 5073 1063 5149 λέγεται
1119 5075 1331 5149 χάρτην
1390 5076 1579 5149 λήρων
1626 5068 1882 5146 ἔμπλεων

220 5167 373 5240 παρᾶ
401 5171 500 5222 τοῦ
540 5163 938 5221 Στυππειώνου
970 5161 1129 5233 δῆθεν
1159 5168 1239 5236 τῷ
1289 5169 1389 5233 τῆς
1447 5160 1695 5225 Σικελίας
1755 5162 1881 5238 ῥηγὶ

223 5252 663 5329 σταλησόμενον,
694 5259 787 5310 καῖ
816 5257 1013 5309 τοῦτον
1050 5251 1316 5332 ἂναφύρας
1373 5256 1489 5313 τοῖς
1542 5256 1639 5307 τοῦ
1699 5258 1882 5307 Στυπ-

221 5346 465 5400 πιοώτου
522 5344 717 5419 τόμοις
773 5343 865 5399 καὶ
922 5342 1209 5420 γράμμασι
1264 5346 1446 5398 πεῖσαι
1501 5342 1591 5396 τὸν
1656 5339 1883 5417 βασιλέα

1996 4712 2124 4782 mis,
2158 4713 2263 4770 sed
2289 4713 2600 4771 vindictam
2636 4719 3084 4789 procrastinas?
3119 4720 3645 4793 impervestigabile

1993 4806 2162 4857 tuum
2194 4806 2283 4858 est
2305 4803 2623 4874 judicium,
2654 4810 2712 4862 et
2735 4806 3011 4864 humanis
3034 4808 3527 4866 rationibus‘lls
3551 4810 3644 4865 in-

1993 4908 2317 4949 accessum.
2347 4894 2428 4949 Tu
2458 4910 2596 4952 vero
2654 4897 2893 4969 sapiens
2941 4914 3001 4954 es
3055 4902 3114 4954 et
3144 4904 3453 4956 accuratus
3484 4899 3643 4954 utili.

1994 4981 2351 5052 tatisjudex,
2385 4985 2658 5056 quamvis
2690 4985 3029 5044 tenuitatem
3083 4988 3454 5059 ingeniorum
3515 5002 3645 5042 nos-

1993 5074 2213 5128 trorum
2248 5073 2561 5129 frustreris.
2599 5075 2910 5131 Draconem
2950 5076 3206 5147 quidem
3266 5081 3366 5131 aut
3411 5076 3637 5132 leonem

1994 5163 2094 5235 qui
2136 5165 2291 5220 videt
2313 5170 2415 5221 aut
2446 5166 2614 5221 audit
2643 5167 2702 5221 in
2735 5166 3057 5232 montibus,
3088 5167 3284 5223 sta:im
3337 5164 3587 5223 declinat
3621 5185 3634 5235 ;

1993 5251 2265 5324 lacrymis
2298 5259 2355 5310 et
2383 5255 2660 5326 precibus
2725 5256 2906 5311 etiam
2952 5255 3099 5311 latro
3159 5257 3514 5328 mitigatur:
3568 5258 3640 5314 ad

1993 5343 2183 5400 virum
2240 5357 2375 5399 vero
2434 5342 2564 5400 aliis
2620 5343 3020 5409 insidiantem,
3082 5345 3180 5417 qui
3234 5345 3393 5403 aliud
3447 5346 3648 5420 lingua

1600 5499 1767 5563 llier.
1814 5497 2049 5562 Wolﬁii
2091 5503 2283 5559 notae.

299 5631 411 5702 (79)
438 5626 680 5702 Κιλικίᾳ,
716 5625 999 5701 ’Δρμινίφ
1040 5626 1404 5702 creberrima
1442 5629 1532 5682 est
1580 5624 1730 5702 hinc
1757 5640 1877 5697 per-

224 5695 495 5763 mutatio.
530 5695 677 5759 Nam
701 5695 965 5758 vetustus
1020 5700 1200 5785 code;
1222 5699 1338 5756 fere
1370 5714 1603 5772 semper
1622 5695 1737 5752 ἀντὶ
1761 5695 1879 5750 Ἀα-

1985 5620 2153 5749 τίιὸων
2215 5620 2309 5694 μὲν
2373 5620 2678 5695 Φράγγους,
2747 5620 2865 5679 ἀντὶ
2924 5620 2981 5679 δὲ
3039 5623 3293 5690 Κιλικίας
3360 5627 3640 5705 Ἀρμενίαν

1989 5713 2042 5749 τι
2078 5712 2198 5749 τισι.

1989 5712 2198 5763 τιυησι.
