4068 6196
463 368 577 430 451
1775 359 2087 422 ΝῙΟΕΤᾹΕ

2239 360 2334 421 ΟΝ
2341 359 2555 423 ΙΑΤᾸιῖ
3719 370 3826 432 459

471 510 835 578 promptum,
865 497 1018 555 aliud
1054 498 1288 568 pectore
1342 492 1612 551 clausum
1665 491 1862 561 habet,
1909 509 2114 551 caven-

2239 491 2444 549 στεῖλαι
2521 492 2650 555 τοὺς
2710 491 2847 548 κατὰ
2896 490 3133 563 ζήτησιν
3203 494 3300 547 τοῦ
3366 491 3500 567 πρὸς
3562 493 3645 551 τὸν
3716 497 3838 577 ῥῆγι

472 594 613 649 dum
640 605 852 662 magna
880 585 1168 658 sapientia
1215 591 1302 641 est
1347 601 1496 657 opus
1553 588 1610 640 et
1659 582 1933 642 Numinis
1963 584 2122 640 auxi-

2239 582 2564 658 γράμματος
2593 583 2693 652 τήν
2725 585 2826 638 τοῦ
2858 581 3247 638 Στυππειώτου
3303 583 3505 653 σκηνὴν
3557 582 3835 658 ἒρευνήσον-

466 680 564 736 lio.
2231 691 2349 733 τας.
2439 673 2501 726 οὗ
2579 671 2668 727 καὶ
2727 671 3024 746 γενομένου
3069 671 3097 725 ὁ
3144 671 3485 746 αὐτοκρέτῳρ
3541 673 3624 728 οἷα
3667 677 3837 751 πυρσὸν

470 765 703 840 αἰθέριον
732 767 830 832 τήν
869 763 1004 817 κατὰ
1063 766 1160 818 τοῦ
1206 759 1401 834 ἀνδρὸς
1456 761 1627 837 ὀργὴν
1679 761 1953 817 ἀνέκαυσε.
2026 761 2126 815 Καὶ
2173 759 2236 815 τὸ
2304 757 2540 825 ἐντεῦθεν
2599 761 2850 825 ἐκκοπεῖς
2893 761 2990 824 τὰς
3047 760 3213 835 κόρας
3266 757 3468 825 ἀδίκως
3520 761 3711 840 τυφλός
3757 767 3834 838 ἦν,

469 857 545 930 μὴ
580 853 802 928 βλέπων
834 853 925 908 τὸν
952 849 1139 922 ἥλιον.
1172 853 1239 906 Ὠ
1261 851 1411 906 πάντ’
1464 849 1673 930 ἐφορᾶν
1728 850 1982 929 ὀφθαλμὶ
2033 857 2134 920 τῆς
2195 845 2352 920 δίκης
2410 847 2670 922 ἆλάθςτε,
2731 855 2846 922 ῃῶς
2889 849 3138 924 ἐπιμύεις
3189 847 3462 913 πολλάκις
3513 849 3600 906 ἐπὶ
3651 857 3838 924 τηλίοίς

465 944 926 1019 παρανομήμασιν
993 939 1031 1011 ἤ
1088 941 1180 996 καὶ
1269 941 1515 1014 μείζοσιν
1574 940 1780 1016 ἑτέροις
1839 940 2140 1012 ἀνθρώπων
2195 941 2706 1014 κακοπραγτςμασιν,
2775 938 2891 996 οὐδ’
2946 939 3164 1016 ἐπάγεις
3221 939 3378 1004 εὐθὺς
3437 942 3562 1004 τοὺς
3622 948 3836 1019 πρηστῆ.

468 1051 560 1108 ρας
605 1031 696 1086 καὶ
753 1032 814 1086 τὸ
867 1029 1147 1106 κεραύνιον
1195 1027 1442 1102 ἄναμμα,
1497 1028 1626 1085 ἀλλ’
1677 1025 2100 1104 ὁπερτιθὲμενος
2155 1027 2372 1104 ἑπὶχεις
2436 1029 2536 1098 τήν
2597 1028 2876 1100 κόλασινς
2936 1027 3372 1105 Ἀνεξιχνίαστόν
3440 1049 3536 1084 σου
3580 1031 3638 1085 τὸ
3675 1033 3837 1107 κρίμα,

459 1120 552 1176 καὶ
601 1121 896 1196 ἀνθρώπων
975 1119 1264 1195 λογισμοῖς
1329 1115 1668 1174 ἀνεπίϐατοψ
1726 1115 1878 1187 Ιιλὴν
1937 1118 1986 1172 εἶ
2040 1117 2227 1196 σοφὸς,
2279 1116 2392 1186 ναὶ,
2459 1116 2550 1172 καὶ
2609 1119 2846 1194 γνώμων
2898 1114 3133 1194 ἀκριϐὴς
3189 1123 3286 1174 τοῦ
3345 1119 3696 1192 συνοίσοντος,
3755 1131 3835 1180 κᾶν

465 1213 612 1282 ἡμᾶς
669 1207 795 1270 τοὺς
853 1209 1338 1289 σμικρογνῴμονας
1393 1207 1654 1278 λέληθας,
1715 1204 1856 1278 Ἤδη
1920 1207 2014 1281 μὶν
2073 1204 2165 1260 οὖν
2226 1226 2308 1268 τις
2365 1208 2618 1284 θηρητὴρ
2673 1204 2794 1286 ὄφιν
2857 1206 3111 1286 δαφοινὸν
3172 1205 3209 1279 ἦ
3271 1207 3470 1264 λέοντα
3536 1209 3836 1290 λασιαύχενα

468 1299 692 1373 εἰσορῶν
729 1297 983 1354 καὶἆῒων
1037 1297 1090 1352 ἐν
1131 1286 1316 1374 ’ὄρεσιν
1368 1297 1566 1362 εὐθέως
1625 1295 1913 1368 ἐξέκλινεν.
1969 1293 2151 1352 Ἀλλᾶ
2209 1293 2299 1350 καί
2363 1299 2659 1374 κακόεργος
2717 1297 2864 1361 ὅστις
2913 1295 2983 1368 δὴ
3045 1299 3391 1374 παραιτητός
3449 1297 3583 1369 ἐστι,
3647 1279 3838 1377 δάκρυσι

466 1387 556 1443 καὶ
603 1386 784 1449 λίταῖς
841 1387 1236 1462 παρυπάγεται.
1286 1383 1492 1462 ’Δνδρα
1551 1387 1608 1441 δὲ
1653 1385 1790 1441 κακά
1837 1389 1916 1457 τῷ
1953 1383 2188 1454 πλησίον
2247 1383 2726 1460 βυσσοδομεύοντα
2775 1386 2866 1442 καὶ
2923 1385 3070 1443 ἄλλα
3123 1388 3178 1442 ἒν
3241 1387 3337 1462 μὲν
3375 1389 3533 1466 φρεσὶ
3597 1389 3836 1462 κεύθοντα,

465 1475 622 1550 ἔτερα
653 1474 710 1530 δὲ
736 1477 968 1548 βάζοντα
997 1476 1185 1554 σοφίας
1213 1473 1295 1531 δεῖ
1325 1475 1546 1545 πολλῆς
1572 1478 1874 1553 ἓκυφυγεῖν,
1906 1474 1996 1528 καὶ
2023 1473 2188 1549 χρεία
2207 1478 2309 1540 τῆς
2337 1475 2444 1530 ἀπὸ
2472 1479 2568 1531 τοῦ
2597 1475 2904 1551 κρείττονος
2936 1475 3204 1555 ἐφάψεως.

538 1569 818 1624 Caeterum
854 1566 964 1621 fuit
1021 1567 1069 1621 is
1124 1565 1418 1637 logothcia
1464 1567 1550 1636 (ut
1607 1565 1860 1620 historia:
1910 1564 2120 1618 seriem

469 1655 644 1731 paulo
675 1657 896 1712 diutius
955 1656 1336 1728 suspendam)
1394 1655 1528 1711 talis
1587 1654 1688 1726 qui
1745 1653 2122 1710 sublimiores

465 1745 806 1818 disciplinas
841 1745 1195 1817 primoribus
1225 1746 1508 1801 duntaxat
1538 1743 1718 1800 labris
1759 1744 2120 1816 degustarat,

471 1839 858 1894 sacrosanctae
887 1833 1184 1906 sapientia
1217 1850 1420 1906 parum
1450 1833 1704 1906 diligens
1763 1835 1989 1888 amator
2015 1844 2123 1886 nec

470 1924 673 1982 docilis
722 1922 1070 1996 discipulus,
1141 1923 1239 1979 sed
1323 1921 1558 1997 ingenio
1637 1920 2122 1994 praestantissimo

469 2014 744 2070 dictionis
775 2011 1186 2085 extemporalis
1218 2010 1895 2082 studiosus,eloquentia
1946 2009 2123 2065 fontis

465 2103 656 2160 instar
678 2103 1035 2158 exuberante
1065 2102 1386 2158 maximam
1414 2099 1658 2172 gloriam
1695 2100 1962 2170 adeptus.
1994 2098 2123 2154 Fuit

467 2199 526 2249 et
556 2193 888 2249 mortalium
921 2191 1184 2246 omnium
1219 2190 1634 2263 gulosissimus
1683 2193 1742 2244 et
1781 2189 2118 2244 bibulorum

469 2283 778 2354 princeps;
811 2297 1018 2337 canere
1075 2281 1144 2335 ad
1206 2280 1387 2350 lyram
1439 2282 1495 2334 et
1543 2278 1830 2334 citharam
1869 2276 2122 2348 pulsare,

473 2373 773 2428 cordacem
823 2370 1040 2426 saltare
1094 2375 1151 2424 et
1207 2369 1382 2441 pedes
1439 2367 1703 2424 celeriter
1759 2367 1871 2423 huc
1948 2369 2125 2438 atque

475 2461 618 2517 illuc
672 2460 892 2532 agitare
949 2463 1280 2530 promptus.
1339 2458 1612 2522 Quamvis
1671 2461 1865 2512 autem
1927 2457 2121 2511 vinum

475 2550 810 2608 avidissime
867 2548 1279 2620 ingurgitaret,
1339 2553 1534 2602 tamen
1596 2545 1822 2602 nullum
1861 2546 1918 2600 in
1941 2561 2010 2601 eo
2041 2544 2128 2600 si-

481 2655 664 2713 gnum
694 2638 989 2694 ebrietatis
1012 2637 1366 2709 apparebat;
1394 2639 1508 2692 imo
1527 2653 1642 2708 quo
1657 2634 2124 2708 plusbiberat,eo

488 2728 831 2802 prudentius
850 2725 1304 2796 irrigationeilla
1325 2725 1703 2782 viniexcitato
1738 2724 2124 2796 l49ingenio

482 2817 854 2889 loquebatur.
911 2815 1042 2872 Jam
1101 2815 1240 2886 quia
1303 2815 1602 2888 symposia
1656 2813 2124 2880 consectabatur,

483 2908 979 2982 cumimperatori
1037 2908 1480 2980 acceptissimus
1541 2913 1682 2975 erat,
1723 2909 1847 2962 tum
1908 2905 2126 2978 regulis

480 2999 937 3072 provinciarum,
967 2996 1069 3068 qui
1136 2995 1590 3052 comessationes
1627 2994 1922 3062 amabant,
1954 2994 2129 3051 caris-

480 3087 690 3144 simus.
725 3086 808 3141 Ad
842 3102 990 3157 quos
1017 3101 1147 3140 cum
1210 3084 1435 3157 legatus
1494 3084 1637 3156 ibat,
1671 3084 1814 3140 alios
1873 3085 2126 3157 potando

482 3175 792 3246 superabat
825 3191 1009 3246 eoque
1051 3172 1352 3246 redigebat
1401 3177 1466 3229 ut
1509 3172 1682 3245 longo
1736 3177 1994 3246 tempore
2052 3174 2124 3230 ad

480 3263 680 3320 vinum
713 3263 1158 3320 edormiendum
1191 3267 1248 3318 et
1303 3261 1643 3317 ebrietatem
1697 3262 2125 3318 discutiendam

479 3359 637 3411 esset
673 3371 844 3425 Opus,
886 3353 1032 3410 alios
1080 3352 1369 3424 aequabat,
1423 3368 1552 3407 cum
1615 3351 1848 3424 quidem
1900 3358 2130 3408 ventres

479 3460 682 3500 eorum
713 3443 942 3513 integra
973 3440 1190 3496 doliola
1210 3446 1483 3512 caperent
1529 3445 1584 3495 et
1606 3441 1920 3512 amphoras
1959 3441 2130 3513 digiti

478 3538 542 3588 ut
601 3531 813 3589 calices
888 3533 1208 3596 versarent,
1255 3535 1312 3585 et
1377 3528 1774 3585 Herculanum
1844 3530 2129 3602 scyphum

479 3637 656 3678 omnes
689 3623 969 3691 perpetuo
1001 3617 1437 3688 subjungerent.
1499 3617 1613 3672 Sed
1670 3617 1810 3688 quia
1853 3617 2033 3673 semel
2072 3617 2131 3674 in

480 3709 663 3780 hujus
691 3709 803 3764 viri
832 3707 1189 3764 mentionem
1212 3705 1413 3774 incidi,
1440 3705 1542 3760 illa
1591 3706 1766 3762 etiam
1809 3713 2129 3763 memoratu

476 3799 658 3870 digna
690 3795 1272 3868 referantur.Pepigit
1291 3795 1606 3866 aliquando
1629 3812 1761 3851 cum
1786 3797 2134 3868 imperatore

479 3887 744 3945 Muuuele
775 3905 837 3944 se
887 3884 1350 3958 porphyreticam
1414 3885 1675 3956 patinam
1718 3901 1870 3957 aqua
1901 3886 2131 3956 plenam

478 3977 924 4044 exhaustorum,
959 3992 1088 4047 qua:
1117 3974 1258 4031 olim
1293 3975 1349 4030 in
1383 3973 1518 4030 aula
1573 3975 1776 4030 Phocea
1826 3975 2133 4048 Nicephori

475 4066 584 4125 fuit
606 4067 678 4122 ad
714 4065 1122 4123 Bucolcontem
1157 4067 1479 4136 spectante,
1529 4080 1686 4120 nunc
1733 4081 1863 4120 vero
1908 4065 1964 4120 in
2011 4081 2132 4121 ma-

474 4157 634 4214 ximo
660 4156 757 4213 illo
780 4154 1286 4222 conclavivisitur,
1319 4154 1473 4225 quod
1525 4154 1576 4209 is
1615 4155 1935 4225 imperator
1965 4155 2135 4224 cujus

481 4247 786 4304 historiam
809 4242 1527 4302 scribimusmdiﬁcavitld
1549 4242 2133 4314 imperatoradmira-

477 4341 616 4392 tus:
649 4356 676 4385 «
704 4335 932 4406 Optime
955 4348 1109 4401 sane,
1141 4331 1354 4404 inquit,
1390 4331 1542 4388 150
1579 4331 1897 4402 logotheta.
1936 4354 1964 4380 »
1989 4331 2058 4386 Et
2081 4331 2134 4388 ei

483 4423 736 4480 multum
757 4424 925 4480 lineae
947 4421 1123 4478 vestis
1147 4421 1412 4494 pretiosas
1430 4425 1486 4477 et
1507 4422 1839 4494 complures
1859 4421 1985 4477 auri
2021 4421 2134 4477 mi-

487 4529 595 4568 nas
627 4511 916 4582 promisit,
939 4511 987 4567 si
1018 4511 1097 4567 ita
1118 4512 1343 4566 fecisset
1369 4512 1489 4566 :sin
1531 4511 1750 4579 minus,
1787 4511 2132 4567 tantundem

484 4599 560 4656 ab
591 4615 658 4655 eo
681 4599 989 4670 stipulatus
1012 4604 1119 4655 est.
1145 4599 1365 4662 Quibus
1387 4599 1578 4656 verbis
1596 4599 1769 4656 homo
1806 4599 2133 4656 delectatus

484 4690 744 4762 patinam
772 4705 923 4761 aqua
953 4687 1253 4760 repletam,
1285 4705 1412 4760 quas
1444 4691 1514 4745 ad
1551 4692 1699 4746 duos
1732 4691 1906 4746 choas
1939 4692 2134 4762 capie-

482 4782 606 4848 bat,
638 4779 826 4834 instar
857 4777 1020 4834 bovis
1075 4775 1394 4834 inclinatus
1450 4779 1742 4847 exhausit,
1773 4781 1953 4837 semel
2007 4785 2133 4837 tan-

479 4878 607 4930 tum
665 4876 894 4945 recepto
945 4871 1096 4926 inter
1149 4870 1465 4942 potandum
1515 4871 1746 4942 spiritu,
1801 4888 1867 4928 ac
1933 4875 2130 4930 statim

483 4964 776 5036 promissa
808 4963 880 5018 ab
909 4961 1266 5034 imperatore
1292 4976 1534 5016 munera
1563 4977 1630 5016 ex
1671 4966 1838 5032 pacto
1890 4963 2130 5035 accepit.

484 5053 676 5109 Etiam
704 5051 988 5107 viridibus
1051 5047 1200 5104 fabis
1257 5047 1520 5120 impense
1578 5047 1997 5118 delectabatur,
2039 5065 2134 5107 ea-

485 5158 735 5216 rumque
765 5145 890 5198 tota
919 5156 1060 5196 arva
1115 5139 1520 5196 consumebat.
1580 5137 1906 5209 Aliquando
1955 5139 2138 5212 igitur

481 5232 541 5288 in
568 5232 776 5290 castris
803 5247 934 5288 cum
961 5234 1124 5286 trans
1147 5228 1371 5284 ﬂumen
1397 5227 1542 5284 fabis
1567 5227 1858 5283 consitum
1879 5228 2133 5301 agellum

478 5321 896 5394 conspexisset,
933 5320 1133 5376 statim
1166 5317 1358 5374 exulis
1399 5319 1657 5374 vestibus
1697 5323 1950 5374 tranavit
1984 5337 1998 5389 ;
2030 5336 2136 5376 nec

476 5410 788 5465 maximam
837 5410 1153 5465 devorasse
1207 5410 1430 5478 partem
1491 5411 1801 5462 contentus
1853 5407 2138 5481 reliquias

479 5497 537 5551 in
573 5498 885 5554 fasciculos
903 5499 1178 5554 collectas
1191 5503 1248 5554 et
1261 5497 1525 5554 humeris
1550 5497 1855 5568 impositas
1869 5497 2135 5572 abstulit,

480 5590 537 5643 et
565 5584 623 5640 in
659 5587 1032 5642 tabernaculo
1072 5604 1178 5643 suo
1203 5588 1414 5643 sedens
1437 5587 1602 5643 fabas
1625 5587 2138 5646 suaviterabsum-

487 5674 606 5750 psit
633 5674 802 5746 quasi
844 5674 1015 5745 longe
1059 5678 1322 5745 tempore
1366 5677 1711 5747 jejunasset.
1776 5675 1906 5732 Fuit
1963 5677 2140 5737 homo

2303 1565 2404 1621 Ἢν
2436 1561 2493 1618 δὲ
2550 1566 2578 1619 ὁ
2611 1564 2908 1641 λογοθέτης
2965 1565 3148 1638 οὗτος,
3173 1563 3268 1620 ἵνα
3324 1563 3417 1620 καὶ
3447 1559 3526 1620 ἔτι
3564 1567 3740 1642 μικρὸν
3762 1589 3844 1624 πα·

2235 1656 2509 1729 ρακινήσω
2538 1661 2639 1725 τῆς
2671 1655 2912 1732 ἱστορίας
2975 1676 3069 1730 μοι
3123 1657 3216 1712 τὸν
3261 1656 3474 1731 εἱρμὸν.
3543 1659 3842 1731 μαθημᾶτων

2236 1743 2332 1817 μὲν
2392 1742 2750 1818 ὑψηλοτέρων
2783 1743 2932 1818 ἄκρῳ
2990 1743 3204 1820 λιχανῷ
3257 1744 3580 1822 γεγευμένος
3633 1745 3714 1800 καὶ
3761 1754 3841 1817 τῆς

2233 1831 2576 1907 ὖπερσέμνου
2631 1832 2966 1910 φιλοσοφίας
3022 1835 3124 1890 οὑκ
3167 1831 3405 1910 ἀκριϐὴς
3464 1833 3682 1910 ἐραστής
3746 1834 3841 1892 οὐδ’

2236 1921 2479 1996 εὐμαθὴς
2519 1919 2736 1996 ὀπαδις,
2769 1923 3054 1999 κράτιστος
3087 1921 3144 1979 δὲ
3172 1927 3240 1998 τῇ
3275 1929 3386 2004 φυᾷ
3416 1925 3503 1979 καὶ
3555 1925 3624 1997 ἰῷ
3672 1924 3842 2000 ἀμελε-

2229 2013 2383 2084 τήτῳ
2421 2011 2632 2087 χαίρων
2653 2019 2751 2082 τῆς
2783 2013 3052 2090 φράσεως,
3086 2015 3224 2088 ῥέων
3299 2035 3361 2070 τε
3423 2019 3502 2087 τῷ
3545 2013 3685 2091 λόγῳ
3727 2015 3837 2072 κατὰ

2237 2099 2461 2176 πηγάδα
2517 2100 2900 2178 καλλίρειθρον
2959 2099 3338 2159 διεκδιδοῦσαν
3387 2108 3494 2159 τῶν
3541 2108 3736 2178 πρανῶν
3785 2103 3833 2160 ἐκ

2234 2189 2391 2246 τοῦδε
2445 2189 2608 2253 κλὲος
2665 2191 3007 2266 ἀπηνέγκατο
3077 2192 3364 2270 μέγιστον.
3427 2193 3728 2268 Ἀνθρώπων
3791 2191 3839 2248 δὲ

2235 2279 2658 2358 όψοφαγώτατος
2685 2280 2760 2335 ὥν
2789 2279 2880 2336 καί
2924 2279 3272 2362 οῒνοιρλύγων
3317 2283 3344 2336 ὀ
3411 2283 3674 2357 κράτιστος
3719 2282 3838 2358 πρὸς

2236 2368 2424 2444 λύριον
2457 2366 2665 2444 ἔψαλλε
2702 2369 2792 2424 καὶ
2823 2371 2960 2445 πρὸς
2991 2369 3211 2446 κιθόίραν
3275 2369 3712 2446 μετερῥυθμίζετο
3755 2371 3830 2426 καὶ

2234 2456 2472 2534 κόρδακα
2497 2459 2734 2536 ὠρχεῖνο
2757 2459 2846 2514 καί
2877 2459 2956 2514 τὼ
2987 2457 3120 2514 πόδε
3151 2459 3432 2522 πολλάκις
3468 2459 3832 2536 παρενεσάλευε.

2234 2545 2441 2605 Χανδὸν
2497 2545 2556 2602 δὲ
2619 2552 2726 2603 τῶν
2767 2547 2927 2604 οἷ’νων
2986 2548 3430 2629 ἐμφορούμενος,
3477 2551 3710 2604 καὶκατᾶ
3732 2550 3834 2610 τοὺς

2237 2636 2557 2702 θαλαττίους
2614 2637 2754 2713 χόας
2815 2638 2905 2692 καὶ
2967 2639 3064 2701 τὰς
3136 2641 3412 2716 σπογγιᾶς
3486 2638 3723 2714 συχνάκις
3788 2636 3838 2692 τὸ

2235 2728 2404 2783 ποτὸν
2485 2727 2856 2801 ἀνιμώμενος,
2954 2727 3016 2782 οὐ
3072 2729 3414 2784 κατεπόντου
3477 2727 3566 2784 τὸν
3614 2731 3721 2783 νοῦν
3781 2729 3836 2799 τῇ

2237 2813 2443 2893 ἆρδείᾳ,
2471 2818 2610 2890 μήτε
2640 2815 3172 2893 παρασφαλλόμενος
3205 2817 3285 2880 ὡς
3319 2818 3372 2872 οἱ
3423 2814 3760 2888 ἔξοινοι,μήτε
3786 2834 3835 2869 το

2237 2907 2376 2979 κάρη
2431 2903 2652 2980 βάλλων
2736 2906 2964 2980 ἑτέρωσε
3040 2905 3115 2968 ὡς
3182 2905 3291 2960 ὑπὸ
3360 2907 3528 2980 μέοης
3581 2901 3831 2972 ἐπικλυζό·

2242 3015 2422 3068 μενος,
2441 2993 2568 3050 ἀλλ’
2600 2991 2757 3070 ἕλεγὲ
2784 3015 2836 3050 τι
2867 2994 3056 3072 σοφὸν,
3081 2993 3406 3072 ἀναφλέγων
3455 3015 3512 3050 τε
3563 2993 3645 3048 καὶ
3688 2989 3834 3069 ἄρδων

2239 3083 2291 3140 ἐν
2358 3088 2436 3156 τῷ
2491 3085 2662 3139 πίνειν
2741 3085 2805 3140 τὸ
2861 3082 3241 3160 λογιζόμενον,
3294 3083 3388 3140 καὶ
3443 3084 3576 3159 πρὸς
3631 3081 3833 3159 βλάστην

2239 3171 2425 3251 λόγων
2462 3172 2674 3246 μᾶλλον
2705 3171 3090 3249 ἐπερωννύετο,
3119 3175 3352 3229 Διώκων
3380 3170 3436 3229 δὲ
3485 3173 3549 3228 τὰ
3603 3169 3838 3245 συμπόσια

2241 3262 2301 3319 οὔ
2337 3263 2555 3339 βασιλεῖ
2587 3264 2751 3336 μόνον
2776 3260 3006 3318 πλεῖστα
3034 3263 3360 3340 κεχάριστο.
3393 3260 3537 3318 ἄλλᾶ
3583 3261 3663 3316 καὶ
3707 3257 3835 3314 δυνά-

2239 3373 2386 3415 σταις
2417 3349 2566 3424 μάλα
2591 3350 2864 3432 πεφίλητο
2885 3356 2990 3407 τῶν
3021 3351 3210 3417 ἐθνῶν,
3239 3351 3444 3408 ὁπόσοι
3466 3351 3608 3418 τοὺς,
3653 3351 3837 3422 κώμους

2234 3439 2704 3517 περιεσκούδαζον.
2761 3441 2913 3498 Κατᾶ
2975 3441 3080 3516 γὰρ
3144 3436 3438 3514 πρεσϐείαν
3483 3439 3655 3502 αὐτοῖς
3701 3456 3838 3511 παρσ-

2237 3526 2460 3586 ϐάλλων
2505 3528 2634 3593 τοὺς
2688 3529 2782 3603 μὲν
2847 3524 3174 3604 ὑπερέϐαλεν
3243 3529 3301 3584 ἐν
3368 3535 3487 3594 τοῖς
3549 3527 3723 3590 πότοις
3765 3523 3833 3579 καὶ

2236 3618 2372 3696 πρὸς
2402 3620 2502 3688 τὴν
2535 3618 2632 3693 ὀψὲ
2661 3621 2986 3695 κατήνεγκεν
3015 3617 3076 3674 ἐκ
3102 3625 3203 3688 τῆς
3239 3619 3414 3692 μέθης
3479 3615 3724 3690 ἆνάνηψιν
3756 3610 3828 3668 καὶ

2235 3713 2332 3764 τοῦ
2362 3707 2530 3782 κάρου
2580 3707 2880 3776 ἀνάνευσιν,
2939 3714 3058 3770 τοῖς
3117 3707 3174 3763 δὲ
3216 3709 3313 3764 καὶ
3375 3700 3840 3786 ἰσοφάρισενόῦτοι

2240 3794 2298 3853 δὲ
2326 3797 2463 3867 ἦσαν
2496 3799 2546 3852 οἳ
2587 3799 2848 3862 πιθάκναις
2875 3797 3008 3860 ὅλας
3034 3797 3087 3860 ἐς
3116 3799 3216 3868 τὴν
3257 3799 3494 3872 γαστέρα
3549 3795 3836 3870 μετήγγιζον

2237 3887 2326 3943 καὶ
2357 3886 2636 3962 ἀμφορέας
2661 3883 2847 3964 ὤχουν
2875 3893 2993 3950 τοῖς
3025 3885 3322 3952 δακτύλοις
3377 3887 3452 3950 ὡς
3505 3885 3716 3945 κύλικας
3761 3877 3832 3934 καὶ

2235 3976 2328 4032 τὸν
2386 3976 2588 4053 σκύφον
2647 3978 2802 4052 εἶχον
2870 3975 2952 4031 usi
3006 3973 3346 4032 ἐπιδείπνιον
3394 3975 3489 4032 τὸν
3537 3968 3830 4050 Ἡράκλειον.

2241 4065 2389 4122 Ἐπεὶ
2422 4063 2478 4120 δὲ
2536 4065 2613 4130 εὶς
2647 4064 2776 4128 τοὺς
2825 4065 2949 4140 περὶ
3004 4069 3106 4120 τοῦ
3135 4061 3331 4139 ἀνδρὸς
3360 4061 3518 4122 τοῦδε
3551 4062 3732 4138 λόγους
3756 4076 3835 4112 κα·

2244 4155 2414 4224 θάπαξ
2469 4153 2880 4223 ἐνεπεπτώκειν,
2948 4151 3186 4218 δεδόσθω
3243 4156 3469 4210 κάκεῖνα
3520 4155 3586 4222 τῇ
3641 4147 3836 4222 ἱστορίᾳ,

2245 4246 2476 4318 μνήμης
2505 4241 2636 4300 ὅντα
2666 4244 2757 4299 καὶ
2781 4241 3092 4321 διηγήσεως
3121 4241 3260 4314 ἄξια.
3310 4239 3569 4308 Συνέθετό
3620 4257 3736 4296 ποτε
3780 4237 3842 4304 τῷ

2248 4333 2466 4410 βασιλεῖ
2496 4333 2752 4389 Μανουὸλ
2793 4331 2990 4396 ὕδατος
3019 4331 3359 4405 πλησθεῖσαν
3391 4331 3722 4408 διεκροφῆσσι
3747 4324 3839 4391 ’τὴν

2245 4424 2553 4500 πορφύρεον
2588 4419 2861 4493 λεκανίδα,
2892 4423 2958 4493 ἤν
3003 4425 3124 4498 εἶχε
3157 4423 3424 4498 πρότερον
3459 4422 3550 4495 μὶν
3579 4421 3612 4488 ἡ
3641 4413 3840 4490 αἴθριώ-

2245 4511 2346 4585 δης
2373 4517 2470 4568 τοῦ
2503 4518 2766 4574 κοιτῶνος
2827 4511 3044 4574 αὔλειος
3091 4517 3188 4567 τοῦ
3248 4511 3520 4587 βασιλέως
3567 4503 3839 4578 Νικηφόρον

2168 4592 2212 4656 D
2246 4607 2344 4658 τοῦ
2375 4607 2566 4672 coxa,
2595 4605 2629 4672 ἡ
2670 4600 2868 4658 ἄνωθεν
2909 4605 3006 4657 τοῦ
3065 4600 3470 4662 Βουκολέοντος
3537 4593 3838 4662 ὑπτιάζουσσ,

2243 4693 2355 4749 νυνὶ
2387 4689 2446 4747 δὲ
2480 4693 2508 4748 ὁ
2539 4692 2687 4765 παρᾶ
2715 4695 2812 4746 τοῦ
2879 4691 2956 4754 εἷς
3010 4689 3254 4766 ἱστορίαν
3311 4686 3657 4764 προκειμένου
3705 4681 3838 4754 βασι-

2245 4784 2388 4845 Λὲως
2443 4778 2838 4855 οἱκοδομηθεῖς
2913 4780 3301 4860 χρυσόπαστος
3351 4779 3594 4857 μέγιστος
3643 4766 3836 4860 ἀνδρῶν.

2248 4869 2508 4932 Βασιλεὺς
2540 4868 2590 4926 δ’
2621 4869 2672 4926 ἐν
2703 4855 3189 4944 θαύματι-θέμενος
3210 4870 3272 4925 τὸ
3337 4855 3548 4944 λεχθὲν,
3600 4860 3678 4919 καὶ
3724 4855 3842 4932 πρὸς

2243 4963 2432 5028 αὐτὸν,
2465 4957 2777 5036 ’Υπὲρευγε,
2811 4957 3078 5035 λογουέτα
3109 4961 3367 5037 φάμενος,
3400 4955 3581 5016 ὀθόνας
3638 4946 3840 5037 εὐανθεῖς

2243 5053 2336 5108 καὶ
2362 5051 2594 5130 χρυσίου
2654 5050 2786 5124 μνὰς
2843 5051 3029 5114 ἱκανὰς
3090 5035 3328 5121 ξυνέθετό
3385 5049 3436 5102 οἱ
3489 5035 3838 5130 καταϐαλέσθαι

2247 5139 2444 5214 δρῶντι
2477 5141 2551 5202 ὡς
2580 5139 2800 5220 ἔφησεν,
2823 5139 2858 5210 ἤ
2886 5141 2980 5214 μὲν
3007 5141 3177 5196 ταυτὰ
3206 5138 3421 5195 τουτονὶ
3454 5131 3747 5198 καταθέσθαι
3775 5122 3836 5220 μθ

2245 5212 2588 5306 περατοῦντα
2615 5212 2681 5284 τά
2711 5212 3055 5306 ξυγκείμενα.
3117 5229 3204 5290 Ὠς
3247 5226 3303 5284 δὲ
3356 5226 3447 5282 τὸν
3497 5222 3652 5299 λόγον
3700 5212 3810 5360 ἂν

2245 5342 2348 5360 um,
2379 5321 2408 5360 Α
2437 5320 2574 5360 seen
2611 5319 2919 5360 adhortum
2974 5320 3009 5360 ολ
3047 5319 3139 5360 "tu
3179 5315 3394 5360 Ἆςνηυῖι-
3426 5315 3491 5360 ἰν
3551 5313 3810 5360 [inseverit

2243 5300 2348 5384 vw'c
2379 5321 2408 5376 ὁ
2437 5320 2574 5392 ἁνήρ
2611 5300 2942 5390 ἠνωτίσατο,
2974 5320 3010 5388 ἡ
3045 5319 3139 5392 μὲν
3179 5315 3394 5379 λεκανὶς
3426 5315 3491 5384 ἦν
3551 5300 3843 5384 ὑπερχεικῆς

2248 5407 2466 5478 ὕδατος,
2489 5405 2759 5484 κεχαδυῖα
2787 5409 2911 5484 περὶ
2945 5409 3082 5484 χόας
3113 5404 3233 5478 δῦο,
3274 5407 3302 5460 ὁ
3331 5402 3387 5459 δὲ
3407 5404 3573 5476 κύψας
3600 5399 3656 5453 τὸ
3706 5395 3840 5484 ἄγγος

2249 5497 2507 5554 ἐκένωσεν
2537 5499 2636 5553 ὃσα
2679 5499 2830 5572 βοῦς,
2865 5497 3001 5568 ἅπαξ
3049 5494 3323 5571 ἀνακύψας
3389 5493 3450 5548 τὸ
3517 5486 3722 5561 συνεχὲς
3765 5483 3844 5572 τῆς

2247 5587 2485 5659 πόσεως,
2515 5588 2606 5644 καὶ
2635 5587 2758 5642 τότε
2787 5587 2864 5651 ὡς
2894 5588 2957 5644 τὸ
2985 5591 3199 5661 πνεῦμα
3236 5583 3423 5642 πλεῖον
3456 5575 3750 5668 συλλέξειεζ

2249 5677 2396 5754 εἶχεν
2427 5652 2584 5743 εύθύς
2612 5677 2679 5733 τὰ
2704 5674 2764 5732 ἐκ
2803 5677 3098 5758 συμφώνου
3125 5652 3264 5754 πρὸς
3311 5668 3573 5753 βασιλέως
3625 5652 3844 5720 ἀποδιδό-

2167 3227 2209 3294 C
