4014 6204
374 311 406 368 μξ
1678 307 1990 369 ΝΙΟΕΤιΕ

2137 307 2241 368 ON
2252 305 2463 366 ΙΑΤᾸΞ

3665 302 3796 368 456

369 449 692 505 Caesaream
719 448 777 502 et
803 441 1152 512 Sebastiam,
1199 441 1490 498 attribuit.
1524 441 1635 498 Sed
1695 456 2028 513 quousque,

2137 437 2343 512 κλῆρον
2404 441 2656 513 πατρῷον
2721 434 3010 494 κατέλιπεν
3073 429 3250 514 ἔτερα,
3288 437 3387 505 τὴν
3428 414 3798 494 δὶἸκονιὲων

377 537 642 606 Domine,
678 534 1072 591 bmrsditatem
1105 538 1268 588 tuam
1302 531 1476 603 diripi
1515 547 1582 588 ac
1615 532 1816 604 prsidis
1848 535 1904 587 et
1938 531 2030 586 Iu-

381 627 567 683 dibrio
599 641 724 680 esse
782 622 995 694 populo
1055 620 1287 678 vecordi
1347 629 1402 675 et
1460 637 1493 676 a
1547 635 1676 674 vera
1722 621 1809 674 tui
1840 620 2032 690 cogni-

380 718 538 772 tione
569 729 635 769 ac
667 711 779 768 [ide
811 711 1168 767 alienissimo
1203 708 1488 782 patieris?
1521 707 1778 779 quandiu
1800 725 1830 764 a
1862 709 2030 764 nobis

379 807 602 862 avertes
636 801 842 858 faciem
877 806 1060 869 tuam,
1094 816 1226 854 cum
1287 799 1370 854 sis
1423 797 1736 866 humanus,
1768 803 1826 852 et
1869 814 2028 853 men-

381 895 634 953 dicitatis
670 897 879 949 nostra:
912 890 1294 959 obliviscaris,
1341 905 1446 944 nec
1503 888 1755 960 gemitus
1801 892 2030 945 nostros

379 991 432 1042 et
488 984 750 1056 ploratus
811 981 1036 1047 audies,
1097 995 1220 1034 cum
1278 977 1546 1034 celeriter
1599 975 1830 1033 afﬂictis
1898 993 2026 1033 suc-

379 1089 612 1129 currere
667 1068 904 1125 soleas?
963 1083 1148 1139 neque
1208 1083 1408 1138 pmnas
1475 1082 1700 1134 sumes,
1753 1081 1885 1121 cum
1947 1065 2028 1120 sis

381 1158 638 1216 vindex?
665 1157 947 1230 quamdiu
980 1156 1277 1211 durabunt
1327 1155 1452 1210 ista:
1514 1154 1935 1223 absurditates,
1969 1160 2030 1209 ut

376 1247 586 1322 Agaris
621 1246 846 1302 ancillas
881 1246 1127 1317 posteris
1171 1244 1341 1299 nobis
1391 1243 1665 1316 ingenuis
1715 1243 2024 1298 dominen-

376 1341 556 1405 tur,et
583 1341 814 1410 gentem
848 1344 1109 1391 sanctam
1160 1340 1345 1400 tuam,
1397 1350 1523 1406 qua:
1583 1333 2026 1389 sanctissimum

379 1428 534 1485 153
559 1442 768 1482 nomen
803 1428 967 1480 tuum
1010 1423 1266 1490 invocat,
1326 1424 1569 1494 perdent
1621 1427 1678 1478 et
1741 1422 2025 1504 occident,

378 1516 718 1572 diuturnam
753 1512 1091 1569 servitutem
1114 1517 1169 1566 et
1199 1511 1511 1584 opprobria
1541 1515 1599 1566 et
1646 1510 1847 1582 alapas
1893 1527 2025 1583 per-

376 1605 631 1661 ditorum
665 1603 1048 1658 barbarorum
1110 1599 1547 1656 sustinentem?
1612 1601 1843 1656 Intuere
1897 1605 2024 1655 tan-

376 1695 533 1760 dem,
564 1691 1014 1748 clementissime
1043 1688 1308 1757 Domine,
1336 1689 1694 1761 captivorum
1713 1704 2025 1745 mrumnas.

2145 526 2494 602 μητρόπολιν
2541 527 2632 580 καὶ
2687 524 2785 580 ὅσα
2845 527 3140 601 τετάχαται
3200 527 3289 582 ὑπ’
3347 527 3516 596 αὑτὴν
3549 531 3628 598 τῷ
3662 525 3802 584 Κλι-

2137 617 2406 687 τζασθλξὶν
2457 615 2777 689 ἂπεμερίζει
2822 615 2946 688 υἱῷ.
3006 620 3124 671 Τῶν
3169 613 3225 670 δὲ
3269 611 3531 692 γαμϐρῶν
3581 619 3662 687 τῷ
3695 617 3798 690 μὲν

2139 707 2500 784 Ἰαγουπασάν
2579 707 2874 778 Ἀμπὶσειαν
2949 707 3038 760 καὶ
3112 712 3386 784 ’Ἄγκυραν
3460 704 3798 780 ἐκληροῦτο,

2138 797 2226 851 καὶ
2267 797 2366 864 τὴν
2427 792 2807 852 Καπποδοκῶν
2891 792 3188 868 εὐδαίμονα
3254 796 3464 872 χώραν,
3529 796 3624 851 καὶ
3692 795 3797 850 ὅσα

2134 891 2253 948 ταῖς
2314 884 2507 941 πόλέσι
2561 885 2782 946 ταύταις
2848 886 3046 959 ὅμοραο
3107 882 3350 960 Δαδούνῃ
3418 883 3478 940 δέ
3542 884 3796 942 ἀπονενε-

2139 995 2340 1048 μηνται
2399 971 2590 1036 πόλεις
2629 971 2943 1048 εὐδαίμονες
2990 995 3048 1030 τε
3099 973 3189 1030 καὶ
3258 976 3529 1050 μέγισται·
3587 974 3793 1030 Καισά-

2138 1083 2254 1136 ρεια
2319 1061 2406 1118 καὶ
2475 1057 2788 1118 Σεϐάστεια.
2851 1060 3012 1120 Ἀλλ’
3074 1059 3180 1126 ἓως
3247 1063 3392 1126 τίνος
3448 1063 3541 1118 τὸν
3584 1063 3788 1118 οἰκεῖον

2135 1153 2369 1227 παρόψει
2431 1151 2662 1228 κλῆρον,
2728 1153 2910 1228 Κύριε,
2970 1154 3046 1216 εἷς
3113 1153 3414 1230 ἀπαγωγήν
3478 1153 3787 1228 ἐκκείμενον

2133 1241 2224 1295 καὶ
2321 1243 2603 1316 προνομὴν
2684 1240 2998 1317 μακραίωνα
3097 1241 3186 1297 καὶ
3261 1243 3472 1313 κίνησιν
3539 1240 3791 1318 κεφαλῆς

2137 1328 2257 1402 λαῷ
2305 1335 2476 1406 μωρῷ
2529 1329 2620 1386 καὶ
2669 1331 2801 1408 οὑχὶ
2857 1335 3008 1408 σοφῷ
3049 1330 3140 1386 καὶ
3189 1331 3468 1408 πόρῥωθεν
3519 1332 3794 1408 ἀπεσχοι-

2135 1415 2366 1492 νισμὲνῳ
2423 1426 2524 1489 τῆς
2584 1414 2836 1482 εὐσεϐοῦς
2889 1421 3014 1498 περὶ
3072 1421 3130 1476 σε
3187 1417 3352 1494 δόξης
3409 1422 3498 1476 καὶ
3555 1421 3795 1483 πίστεως

2139 1507 2304 1583 μέχρι
2331 1508 2478 1570 τίνος
2537 1508 2629 1586 ἀφ’
2682 1511 2846 1582 ἡμῶν
2876 1509 3234 1586 ἀποστρέφεις
3275 1510 3338 1564 τὸ
3386 1509 3584 1566 οἰκεῖον
3615 1511 3792 1585 πρόσ-

2136 1617 2308 1666 ωπον,
2341 1598 2369 1652 ὁ
2408 1595 2818 1676 φιλάνθρωπος,
2851 1597 2940 1654 καὶ
2990 1606 3088 1668 τῆς
3121 1599 3402 1674 πτωχείας
3453 1602 3614 1673 ἡμῶν
3665 1599 3795 1654 ἑπι-

2137 1685 2373 1761 λανθάνῃ
2435 1685 2549 1742 οὐδ’
2603 1687 2834 1762 ἐνωτίζῃ
2892 1687 3021 1750 τοὺς
3061 1688 3394 1764 στεναγμοὺς
3453 1689 3541 1744 καὶ
3593 1688 3662 1744 τὰ
3697 1686 3794 1744 δᾶο

375 1783 628 1855 Sanguis
664 1781 1021 1837 famulorum
1053 1784 1290 1835 tuorum
1322 1795 1477 1835 nunc
1501 1795 1754 1851 quoque,
1790 1783 1855 1834 ut
1886 1777 2022 1834 olim

2141 1777 2334 1850 κρυα,ὁ
2363 1777 2537 1851 ταχὺς
2581 1780 2688 1831 τῶν
2749 1771 3091 1850 θλιϐομένων
3133 1775 3420 1849 ἒπακουὸς,
3455 1774 3579 1833 οὐδὲ
3626 1774 3789 1849 δίκην

372 1873 654 1940 Abelis,te
678 1871 1113 1928 misericordem
1131 1869 1438 1925 Dominum
1490 1867 1780 1924 inclamet.
1815 1868 2022 1940 Arripe

375 1980 540 2020 arma
570 1967 625 2018 et
651 1965 908 2027 scutum,
939 1975 1181 2031 exsurge
1203 1959 1274 2014 ad
1295 1975 1462 2030 opem
1482 1957 1652 2015 nobis
1676 1957 1972 2014 ferendam
2001 1975 2015 2026 ;

374 2053 838 2121 conﬁrmatoque
870 2049 989 2104 viro
1021 2049 1120 2120 qui
1156 2047 1260 2104 tibi
1295 2047 1579 2120 placuerit
1627 2048 2020 2118 probatusque

373 2141 566 2210 fuerit,
599 2137 882 2210 improbis
943 2137 1149 2192 vicinis
1210 2136 1428 2192 nostris
1485 2135 1756 2208 septupla
1797 2135 2020 2191 reddito

371 2247 499 2304 quae
527 2229 588 2285 in
621 2227 1018 2284 hereditatem
1044 2230 1202 2281 tuam
1228 2226 1672 2293 commiserunt,
1703 2229 1758 2280 et
1779 2224 2020 2296 provin-

372 2319 477 2376 ciis
509 2324 682 2390 atque
714 2317 960 2372 urbibus
993 2315 1220 2371 fortiter
1250 2314 1626 2386 recuperatis,
1683 2330 1831 2385 quas
1889 2315 2021 2369 bar-

371 2409 496 2467 bari
528 2407 960 2479 surripuerunt,
991 2405 1270 2460 orientem
1327 2407 1382 2458 et
1441 2403 1803 2458 occidentem
1839 2401 2020 2457 solem

373 2513 573 2556 eorum
603 2496 822 2553 limites
863 2493 1110 2550 statuito
1142 2492 1241 2564 qui
1273 2511 1305 2548 a
1339 2497 1393 2548 te
1435 2498 1888 2562 cognomentum
1930 2507 2020 2546 ac-

377 2593 672 2658 ceperunt.

2136 1863 2409 1934 ἔπιτίθης,
2441 1865 2468 1919 ὁ
2507 1869 2613 1920 τῶν
2676 1862 3005 1936 ἐκδικήσεων
3063 1865 3300 1940 Κύριος;
3357 1866 3462 1928 ἓως
3501 1867 3634 1923 πότε
3679 1889 3789 1923 πα-

2131 1953 2341 2030 ραλλὰξ
2395 1951 2630 2030 ἓρποντα
2680 1951 2878 2008 ἐσεῖται
2937 1955 3003 2010 τὰ
3059 1953 3258 2029 ἄτοπα,
3310 1955 3396 2010 καὶ
3460 1955 3511 2009 οἳ
3559 1956 3656 2029 μὲν
3684 1963 3792 2026 τῆς

2131 2040 2388 2107 δουλίδος
2460 2045 2639 2119 Ἀγαρ
2740 2043 3006 2120 ἀπόγονοι
3095 2044 3574 2121 κατακυριεύσουσι
3675 2051 3792 2102 τῶν

2130 2131 2424 2206 ἐλευθέρων
2495 2135 2676 2205 ἡμῶν,
2739 2131 3008 2188 ἀπολοῦσί
3065 2153 3126 2188 τε
3179 2133 3270 2188 καὶ
3335 2133 3790 2191 ἀποκτενοῦσιτὸ

2132 2223 2221 2276 σὸν
2247 2223 2400 2298 ἅγιον
2435 2218 2606 2288 ἔθνος,
2640 2220 2672 2276 8
2700 2221 2762 2276 τὸ
2795 2221 2926 2296 ὑπὲρ
2954 2226 3059 2276 πᾶν
3091 2219 3266 2294 ὄνομα
3293 2223 3356 2277 τὸ
3387 2223 3476 2278 σὸν
3498 2222 3796 2296 ἐπικέκλη-

2131 2331 2219 2366 ται
2295 2310 2449 2388 ἆγιον
2527 2305 2723 2383 ὄνομα,
2799 2314 2960 2366 τοῦτο
3057 2309 3114 2366 δὲ
3187 2312 3412 2387 χρονίαν
3491 2313 3790 2387 ὑπηρεσίαν

2133 2401 2414 2473 ὑπομενεῖ,
2481 2400 2572 2454 καὶ
2638 2400 2766 2462 τοὺς
2844 2397 3190 2474 ὀνειδισμοὺς
3259 2401 3471 2457 ὑποίσει
3511 2403 3598 2457 καὶ
3657 2403 3794 2469 τοὺς

2132 2486 2534 2562 κονδυλισμοῦς
2600 2492 2710 2542 τῶν
2768 2486 3100 2563 ἒπιτρίπτων
3157 2491 3363 2545 τούτων
3426 2489 3789 2565 ἀλλογενῶςς

2135 2577 2444 2642 Εἷσελθὲτω
2475 2577 2702 2632 ἐνώπιόν
2732 2599 2826 2632 σου
2861 2577 2958 2652 ὀψέ
3005 2599 3159 2650 ποτε,
3219 2577 3485 2657 φιλάγαθε
3515 2581 3787 2650 Δέσποτα,

373 2677 482 2729 τῶν
545 2671 596 2727 ἐν
679 2669 865 2732 πέδαις
934 2673 968 2740 ἡ
1046 2671 1279 2745 συνοχή.
1352 2667 1616 2737 Βοησάτω
1683 2667 1820 2744 πρὸς
1887 2667 1943 2722 σε
2009 2665 2098 2721 καὶ
2157 2670 2248 2720 νῦν
2308 2667 2398 2721 τὸν
2462 2665 2745 2744 φίλοεκτον
2791 2667 2854 2722 τὸ
2922 2665 3253 2746 ἐκχεόμενον
3321 2670 3462 2740 αἷμα
3499 2674 3608 2724 τῶν
3679 2675 3794 2727 σῶν

379 2763 626 2834 οἰκετῶν,
680 2761 754 2824 ὠς
800 2762 860 2816 τὸ
907 2764 1004 2814 τοὺ
1057 2757 1231 2816 Ἀὅελ
1297 2759 1580 2834 πρότερον.

1659 2752 1960 2815 Ἐπιλαϐοῢ
2035 2755 2211 2812 ὅπλου
2274 2754 2365 2810 καὶ

2449 2759 2660 2830 θυρεοῦ,
2728 2756 2819 2810 καὶ
2886 2756 3150 2827 ἀνίστηθι
3219 2757 3297 2822 εἷς
3367 2759 3464 2828 τήν
3533 2759 3797 2835 βοήθειαν

376 2855 566 2926 ἡμῶν,
593 2852 679 2905 καὶ
713 2849 1052 2924 κραταιώσας
1082 2847 1138 2903 ὅν
1172 2847 1332 2910 αὐτὸς
1364 2848 1604 2924 αἶρετίσῃ
1637 2843 1802 2922 ἃνδρα
1830 2846 1921 2900 καὶ
1977 2844 2058 2920 ἐφ’
2109 2846 2167 2900 ὃν
2226 2841 2598 2915 εὖδοκήσειας.
2648 2843 2880 2909 ’Δπόδος
2919 2851 3036 2909 τοῖς
3066 2852 3328 2922 πονηροῖς
3357 2849 3592 2923 γείτοσιν
3625 2851 3794 2922 ἡμῶν

381 2942 460 3004 εἷς
497 2943 560 2996 τὸ
587 2939 956 2996 ἐπταπλάσιον
989 2938 1086 2994 ὅσα
1138 2937 1568 3012 ἐπονηρεύσαντο
1599 2937 1735 2992 κατὰ
1785 2942 1885 3006 τῆς
1932 2935 2309 3010 κληρονομίας
2353 2955 2468 2990 σοιν
2502 2936 2589 2990 καὶ
2621 2933 2813 2998 πολεις
2843 2937 2932 2991 καὶ
2965 2937 3154 3014 χώρας
3183 2936 3530 3001 ἐπανασώσας
3562 2941 3704 3012 ἡμῖν
3735 2942 3794 2995 ἓν

383 3028 622 3106 ἀνδρείᾳ,
657 3029 719 3093 ἃς
750 3028 1034 3106 ὑφείλοντο
1066 3029 1118 3082 οἱ
1148 3026 1484 3106 ἀλλόφυλοι,
1517 3027 1640 3103 ὅρια
1671 3030 1893 3099 στήσαις
1923 3029 2041 3088 τοῖς
2072 3023 2131 3080 ἔκ
2166 3029 2263 3080 τοῦ
2313 3029 2408 3080 σοῦ
2451 3025 2812 3100 καλουμένοις
2845 3027 3114 3102 ὀνόματος
3139 3027 3468 3105 ἀνίσχοντος
3495 3028 3662 3101 ἡλίου
3694 3033 3794 3086 καὶ

386 3117 655 3192 δυομένου
686 3119 904 3192 πρώτας
937 3118 1026 3172 καὶ
1063 3117 1287 3178 ὑστάτας
1321 3117 1510 3192 αὐγάς.

457 3210 585 3263 llaec
616 3207 860 3263 fortasse
889 3225 1002 3262 non
1062 3207 1167 3262 abs
1218 3225 1280 3263 re
1337 3224 1525 3278 neque
1569 3211 1784 3263 temere
1825 3205 2027 3262 eﬂ'udi-
2067 3205 2110 3272 C

384 3313 538 3364 mus,
605 3313 736 3352 cum
788 3296 901 3352 Dro
963 3295 1259 3367 paulisper
1313 3295 1605 3362 collocuti,
1663 3300 1722 3351 et
1787 3313 2027 3351 mcerore

381 3401 726 3458 oppressum
768 3385 1031 3441 animum
1093 3383 1356 3439 nonnihil
1413 3383 1748 3441 levavimus.
1813 3384 2026 3441 Masuti

381 3480 579 3531 autem
638 3473 810 3529 liberi
867 3473 1188 3544 pracipuos
1250 3473 1410 3544 regni
1467 3473 1689 3545 paterni
1740 3491 1805 3528 ac
1834 3474 2026 3546 potius

380 3569 777 3621 Romanorum
803 3563 949 3618 fines
975 3562 1257 3618 trifariam
1285 3562 1476 3632 partiti
1503 3579 1700 3634 pacem
1723 3568 1777 3618 et
1813 3579 2027 3636 cogna-

377 3655 556 3711 tionis
579 3655 718 3724 jura
767 3669 970 3724 parum
1029 3658 1399 3720 curaverunt,
1429 3653 1498 3708 ad
1551 3651 1700 3707 bella
1749 3653 2028 3708 intestina

379 3743 676 3817 propensi.
712 3745 853 3798 Nam
905 3742 1084 3798 Iconii
1131 3741 1412 3797 Sultanus
1433 3742 1809 3814 Cappadociae
1833 3747 2024 3814 teper-

379 3831 586 3900 chee,et
615 3831 708 3886 hic
740 3830 824 3885 illi
857 3829 1171 3896 vieisssim,
1203 3828 1411 3886 infesto
1436 3830 1634 3886 animo
1655 3839 1739 3885 est
1780 3831 2026 3886 insidia-

377 3921 684 3987 tus,dunee
707 3921 840 3976 odia
863 3921 1017 3977 154
1065 3919 1122 3974 in
1183 3924 1449 3992 apertum
1508 3927 1825 3992 eruperunt
1865 3925 1923 3974 et
1954 3923 2028 3976 ab

375 4009 521 4082 ipsis
545 4008 882 4080 imperatori
907 4012 1045 4064 sunt
1074 4008 1470 4080 exposita.0ui
1517 4025 1647 4064 cum
1700 4014 2022 4080 utrumque

379 4099 670 4172 perditum
703 4103 964 4170 cuperet,
1009 4099 1247 4170 optabat
1300 4103 1362 4153 ut
1413 4115 1528 4153 non
1588 4102 1814 4154 tantum
1875 4099 2029 4153 inter

379 4203 506 4246 sese
538 4189 868 4244 rixarentur
897 4193 953 4243 et
1006 4186 1439 4253 divellerentur,
1473 4189 1568 4243 sed
1616 4189 1796 4242 armis
1849 4186 2024 4243 etiam

381 4281 688 4344 certarent,
723 4282 788 4332 ut
844 4277 969 4346 ipse
1019 4278 1240 4332 otiosus
1299 4276 1532 4332 illorum
1589 4275 1758 4332 malis
1812 4276 2027 4348 quippe

381 4368 761 4422 barbarorum
795 4372 852 4422 et
877 4366 1191 4438 impiorum
1226 4367 1569 4435 insultaret;
1605 4383 1668 4422 ac
1718 4382 1820 4438 per
1868 4365 2029 4438 lega-

381 4459 472 4510 tos
503 4453 651 4510 clam
714 4463 1025 4528 utrumque
1082 4461 1282 4510 contra
1364 4455 1610 4511 alterum
1695 4456 2023 4512 concitavit.

381 4546 593 4614 Aperte
624 4559 758 4597 vero
809 4541 1161 4614 Jagupasani
1221 4543 1390 4599 donis
1447 4545 1643 4600 missis
1677 4561 1846 4617 opem
1875 4543 2025 4616 tulit,

384 4631 606 4688 sultani
637 4631 790 4700 odio,
825 4631 926 4703 qui
981 4636 1138 4688 esset
1193 4632 1368 4688 homo
1425 4633 1657 4688 obscuri
1718 4649 1784 4689 ac
1845 4633 2030 4688 dolosi

388 4720 632 4791 ingenii,
662 4736 766 4776 nec
795 4721 1054 4790 cognatis
1112 4724 1338 4776 timum
1386 4723 1512 4776 suis
1559 4722 1872 4793 perniciem
1909 4739 2029 4779 mo-

389 4810 724 4882 liretur,sed
749 4813 804 4865 et
837 4809 1230 4864 Romanorum
1253 4809 1395 4865 fines
1432 4810 1676 4866 subinde
1716 4811 2034 4868 latrociniis

389 4904 640 4957 vexaret.
699 4899 1105 4970 Jagupusanes
1166 4898 1344 4970 igitur
1421 4898 1769 4971 imperatore
1851 4900 2035 4957 fretus

392 4991 630 5048 sultano
681 4987 900 5046 bellum
965 4989 1186 5044 infert:
1249 4987 1344 5043 ille
1402 4988 1660 5044 vicissim
1735 4989 1791 5044 in
1852 4991 2033 5046 aciem

393 5081 706 5156 egreditur.
741 5077 967 5135 Crebrae
1029 5093 1236 5150 pugnre
1279 5077 1750 5133 committuntur.
1778 5079 2030 5135 Tandem

392 5174 524 5243 post
555 5169 773 5226 multas
805 5169 1076 5241 utrinque
1107 5168 1294 5224 caedes
1336 5167 1518 5223 factas
1550 5184 1728 5240 penes
1775 5169 2032 5241 Jagupa-

389 5276 590 5317 sanem
623 5259 866 5317 victoria
892 5259 1018 5316 luit.
1052 5262 1244 5331 Atque
1266 5255 1445 5314 armis
1485 5258 1552 5314 ad
1579 5264 1808 5330 tempus
1830 5260 2036 5330 positis

387 5348 482 5404 hic
511 5350 571 5404 in
603 5367 709 5406 sua
765 5349 1066 5422 provincia
1121 5349 1356 5406 mansit.
1408 5348 1689 5405 Sullanus
1746 5366 1880 5406 vero
1931 5349 2039 5405 im-

393 5441 719 5506 peratorem
751 5455 954 5496 recens
981 5457 1052 5496 ex
1081 5438 1395 5496 Occidente
1441 5453 1738 5497 reversum
1787 5438 1952 5508 adiit,
1983 5443 2040 5496 et

377 5521 732 5582 'humaniter
760 5543 823 5584 ac
854 5526 1170 5585 honoriﬁce
1193 5532 1471 5600 exceptus
1501 5543 1615 5584 non
1678 5529 1874 5585 minus
1916 5529 2040 5586 Ma-

398 5609 629 5667 nuelem
686 5613 1031 5672 exbilaravit
1091 5633 1265 5689 quam
1326 5617 1453 5690 ipse
1513 5617 1873 5690 benignitate
1906 5617 2039 5678 hos-

2210 3202 2388 3262 Ἀλλᾶ
2441 3209 2608 3260 ταῦτα
2669 3205 2764 3278 μὲν
2821 3203 2955 3269 ἴσως
3015 3207 3114 3264 ούκ
3168 3207 3410 3284 ἀκαίρως
3459 3206 3584 3265 οὑδὲ
3615 3209 3800 3284 μάτην

2135 3291 2564 3367 ἐξετοξεύσαμεν,
2623 3299 2740 3366 Θεῷ
2777 3317 2828 3351 τι
2892 3297 3084 3371 μικρὸν
3143 3297 3647 3374 προσλαλῆσαντες,
3702 3302 3801 3356 καὶ

2131 3383 2456 3444 κενώσαντες
2513 3390 2612 3452 τῆς
2665 3383 2842 3454 λύπης
2904 3385 3081 3462 βραχὺ
3140 3385 3188 3456 ἐξ
3253 3387 3590 3461 ὑπεράντλου
3616 3390 3795 3466 ταύτῃ

2134 3473 2339 3546 ψυχῆς.
2401 3471 2467 3529 O't
2527 3469 2573 3526 δ’
2634 3471 2727 3526 οὖν
2783 3477 2879 3528 τοῦ
2919 3475 3137 3531 Μασοὺτ
3195 3485 3362 3552 τριχῆ
3399 3475 3798 3551 δασάμενοιτά

2131 3556 2483 3637 κεφαλαιώδη
2541 3567 2640 3630 τῆς
2711 3561 2889 3640 ἀρχῆς
2961 3562 3252 3637 ὁρίσματα,
3307 3563 3370 3635 ἤ,
3415 3568 3478 3620 τὸ
3527 3568 3795 3638 νητρεκὲς

2131 3647 2326 3715 εἰπεῖν,
2374 3651 2440 3704 τὰ
2485 3654 2593 3704 τῶν
2639 3650 2931 3724 Ῥωμαίων
2983 3653 3365 3732 σχοινίσματα,
3414 3651 3605 3719 παῖδες
3633 3659 3792 3728 παρὰ

2129 3738 2330 3811 πατρὸς
2389 3735 2441 3799 ἐς
2481 3737 2680 3801 αὐτοὺς
2721 3737 3026 3796 καταϐάντα
3058 3739 3452 3818 διαδεξάμενοι,
3485 3745 3650 3820 ὀλίγα
3684 3747 3784 3820 μὲν

2130 3827 2322 3902 εἰρήνῃ
2370 3826 2460 3882 καὶ
2525 3833 2642 3890 τοῖς
2697 3835 2796 3899 τῆς
2855 3831 3165 3906 συγγενείας
3220 3839 3442 3906 θεσμοῖς
3501 3833 3787 3905 ἔπέθυσαν,

2129 3917 2195 3971 τὰ
2245 3913 2301 3970 δὲ
2366 3915 2596 3972 πλεῖστα
2655 3916 2734 3979 εἷς
2801 3915 2890 3974 δια
2972 3921 3022 3957 ’⁸
3173 3921 3192 3975 ἱ
3261 3920 3277 3976 ί
3415 3923 3430 3940 ”
3509 3921 3564 3978 ’⁷8
3773 3923 3794 3944 “

2895 3940 3064 3994 sperae
3140 3941 3256 3977 οκε
3287 3943 3344 3984 ας
3405 3943 3530 3978 απει
3568 3944 3626 3978 ον
3694 3945 3794 3978 και

2129 4005 2436 4080 προσέσχον
2503 4009 2621 4068 ταῖς
2689 4003 3044 4064 διαστάσεσιν.
3113 4008 3321 4066 Αὐτίκα
3405 4011 3508 4088 γὰρ
3575 4013 3603 4068 ὁ
3687 4016 3794 4068 τοῦ

2129 4091 2358 4148 Ἰκονίου
2438 4092 2669 4149 σουλτᾶν
2729 4094 2809 4168 τῷ
2883 4103 2985 4167 τῆς
3060 4095 3458 4162 Καππαδοκίας
3523 4100 3789 4176 τοπάρχῃ

2131 4185 2314 4239 σκαιόν
2377 4205 2430 4240 τι
2491 4185 2579 4240 καὶ
2637 4184 2824 4262 ἄγριον
2881 4187 3298 4268 ἐπωφθάλμισε,
3349 4193 3441 4248 καὶ
3510 4193 3673 4254 οὗτος
3723 4194 3796 4249 αὗ

2129 4272 2317 4346 ἐκείνῳ
2381 4271 2606 4348 βλέμμα
2663 4275 2916 4352 ὁλὲοριον
2976 4272 3182 4354 testes.
3243 4279 3342 4336 Καὶ
3412 4282 3479 4352 ἦν
3557 4282 3627 4337 τὰ
3675 4285 3800 4338 κατ’

2133 4361 2398 4434 ἀλλήλων
2461 4366 2679 4440 πονηρά
2743 4361 3034 4422 διαϐούλια
3097 4367 3203 4444 οὑχ
3263 4371 3363 4426 ὑπὸ
3431 4373 3628 4427 σκότον
3698 4373 3798 4428 καί

2130 4455 2308 4531 κρύφα
2369 4455 2690 4530 τελούμενα,
2753 4455 2880 4513 ἀλλ’
2965 4452 3205 4516 ἔκπυστα
3263 4461 3354 4518 καὶ
3423 4460 3647 4536 βασιλεῖ
3702 4464 3802 4520 καὶ

2137 4540 2338 4624 ἔκφορα
2382 4545 2469 4600 ὑπ’
2518 4545 2711 4604 αὐτῶν.
2763 4547 2824 4604 Ὁ
2881 4543 2958 4619 δὲ,
3017 4547 3368 4625 ἐπαρώμενος
3417 4549 3624 4631 ἀμφοῖν
3654 4573 3806 4616 παν-

2143 4633 2366 4706 ώλειαν,
2442 4634 2626 4710 ἠγάπα
2703 4635 2778 4708 μὴ
2879 4635 3043 4710 μόνον
3124 4637 3289 4715 μέχρι
3363 4641 3459 4696 τοὺ
3533 4641 3804 4715 ἐριθεύειν

2141 4723 2419 4780 ἀπονεύειν
2493 4721 2759 4794 ἀλλήλων
2832 4726 2923 4780 καὶ
2990 4725 3403 4803 ἀποσχίζεσθαι,
3479 4729 3622 4785 ἀλλὰ
3696 4732 3802 4786 καὶ

2145 4811 2290 4869 ὅπλα
2351 4811 2583 4891 ἄραντας
2633 4813 2709 4876 εἷς
2761 4820 2957 4892 μοῖραν
3016 4814 3296 4888 διαστῆναι
3355 4819 3652 4888 ἀντίθετον,
3717 4821 3804 4876 ’ἶν’

2144 4905 2288 4979 ἄγων
2336 4902 2568 4977 ἠρεμίαν
2617 4903 2775 4966 αὐτὸς
2852 4909 2968 4968 τοῖς
3018 4905 3238 4963 ὶκείνων
3289 4906 3548 4985 ἐπιχαίρῃ
3601 4917 3810 4976 κακοῖς

2143 4992 2219 5056 ὡς
2269 4993 2412 5065 ὁμοῦ
2462 5011 2520 5048 τε
2569 4991 2905 5070 ἀλλοφύλων
2962 4995 3053 5051 καὶ
3109 4993 3336 5052 ἀσεϐῶν*
3405 4998 3496 5054 καὶ
3560 4995 3806 5073 πέμπων

2144 5080 2316 5157 λάθρα
2358 5079 2619 5156 ἀγγέλους
2661 5083 2882 5159 θάτερον
2911 5085 3120 5159 θατέρῳ
3166 5085 3354 5162 ἐνῆγεν
3404 5088 3481 5150 εἰς
3519 5088 3806 5164 πόλεμον,

2145 5172 2240 5227 Ἐκ
2279 5167 2336 5225 δὲ
2393 5175 2491 5225 τοῦ
2543 5170 2830 5246 προδήλου
2879 5177 2958 5246 τῷ
2995 5175 3386 5252 Ἰαγουπασάνῃ
3449 5177 3810 5255 προσέκειτο,

2143 5263 2230 5318 καὶ
2301 5263 2353 5317 οἱ
2404 5265 2502 5317 τοῦ
2551 5264 2747 5338 ’Λρεος
2802 5263 3171 5342 συνεθίγγανεν
3233 5270 3314 5330 οἷς
3363 5266 3646 5345 ἐδωρεῖτο,
3701 5295 3814 5347 μυο

2146 5351 2474 5426 σαττόμενος
2521 5353 2614 5408 τὸν
2666 5351 2898 5409 σουλτὰν
2949 5354 3026 5419 ὡς
3073 5355 3504 5432 ὑποκαθειμένην
3561 5361 3643 5416 ἀεὶ
3697 5364 3807 5433 τὴν

2143 5441 2373 5518 γνώμην
2423 5436 2622 5517 ἔχοντα
2673 5441 2764 5496 καὶ
2812 5441 3055 5500 ὓπουλον
3102 5447 3164 5501 τὸ
3223 5453 3437 5524 φρονεῖν
3496 5450 3588 5505 καὶ
3644 5451 3810 5526 περί-

2148 5549 2404 5610 στροφον,
2442 5531 2532 5586 καὶ
2570 5532 2646 5606 μὴ
2699 5531 2860 5606 μόνον
2901 5529 3350 5592 δολοπλογοῦντα
3374 5542 3494 5599 τοῖς
3525 5537 3585 5594 ἐκ
3613 5539 3812 5616 γένους

2147 5618 2338 5694 ἐκείνῳ
2409 5620 2501 5677 καὶ
2562 5619 2792 5698 αἵματος
2863 5623 2930 5678 τὰ
2995 5622 3283 5703 ἀνήκεστα,
3328 5625 3476 5685 ἀλλὰ
3522 5629 3612 5686 καὶ
3664 5631 3812 5690 Ῥω-
