4068 6196
228 297 343 356 457

1275 292 1375 354 DE
1416 292 1804 356 MANUELE
1847 288 2236 356 GOMNENO
2280 291 2430 354 LIB.
2476 291 2581 354 ῙΙῙ.

3531 297 3652 357 458

238 428 413 503 μαίων
476 427 558 483 ἀεὶ
607 427 747 483 κατὰ
794 425 1052 502 λῃστείαν
1099 426 1161 481 τὸ
1217 431 1496 503 γειτονοῦν
1553 425 1889 501 έκτρίδοντα.

2020 428 2134 499 pitii
2166 432 2257 483 est
2287 427 2666 484 exhilaratus.
2726 426 2872 481 Nam
2924 440 3084 497 spem
3133 427 3345 484 bonam
3398 428 3657 487 habebat

232 519 519 579 Πεποιθώς
577 516 765 573 τοίνυν
850 515 1284 592 Ἰαγουπασάνης
1362 521 1444 589 τῷ
1527 517 1891 591 αὐτοκράτορι

232 608 442 686 ὲκιρέρει
479 607 619 663 κατὰ
643 611 741 662 τοῦ
764 605 997 663 σουλτὰν
1054 606 1325 679 πόλεμον,
1380 608 1469 663 xui
1529 608 1687 669 οὗτος
1741 607 1892 669 αὖθις

239 702 499 774 άντέξεισι
569 701 686 756 κατ’
754 699 944 769 αὐτοῦ,
1011 700 1102 755 καὶ
1170 699 1519 776 συρῥαγέντες
1621 697 1896 761 πολλάκις

244 791 551 870 ἐμάχοντο.
603 792 738 864 Ὀψὲ
797 791 854 844 σὲ
902 789 993 844 καὶ
1052 789 1170 861 μεθ’
1230 786 1435 862 αἶ’ματα
1488 786 1540 859 ἐξ
1627 789 1894 861 ἱκατέρων

245 882 510 957 ῥεύσαντα
539 885 651 936 τῶν
709 885 952 954 στρατῶν
1008 878 1146 953 πρὸς
1218 879 1644 955 Ἰαγουπασάνην
1701 874 1900 952 ἔϐλεψε

241 973 299 1027 τὸ
359 975 538 1041 νικᾷ-δ.
605 968 706 1025 Καὶ
763 969 899 1043 πρὸς
957 968 1145 1040 καιρὸν
1192 969 1260 1023 τὰ
1322 965 1470 1022 ὅπλα
1515 965 1898 1038 καταθέμενοι,

241 1063 267 1117 6
318 1062 416 1135 μὲν
475 1059 705 1131 ἐπέμενε
741 1057 879 1113 κατὰ
938 1057 1145 1132 χώραν,
1204 1057 1232 1111 6
1264 1053 1321 1110 δὲ
1372 1055 1606 1111 σουλτᾶν
1629 1054 1708 1127 τῷ
1740 1057 1895 1128 βασις

245 1151 326 1205 λεῖ
356 1150 646 1220 πρόσεισιν
685 1143 808 1220 ἄρτι
847 1146 983 1218 πρὸς
1038 1146 1138 1213 τὴν
1192 1143 1357 1201 πόλιν
1419 1146 1519 1213 τήν
1573 1143 1900 1218 βασιλεύου-

246 1261 337 1295 σαν
393 1241 464 1294 ‘ex
519 1242 633 1292 τῶν
665 1234 945 1309 δυσμικῶν
1000 1232 1270 1289 ἐπανιόντι
1326 1237 1526 1308 μερῶν,
1584 1232 1675 1287 καὶ
1733 1231 1899 1298 φιλο-

243 1328 461 1407 φρόνως
544 1323 906 1402 προσδεχθεὶς
1004 1324 1094 1379 καὶ
1147 1322 1379 1396 ἐντίμως
1434 1324 1544 1397 οὐχ
1598 1324 1762 1390 ἧττον
1816 1318 1900 1375 ἐπ’

255 1417 408 1489 αὐτῷ
438 1416 531 1471 τὸν
582 1412 813 1491 βασιλέα
871 1411 1198 1491 διαχυθῆναι
1254 1412 1550 1481 πεποίηκεν
1606 1412 1750 1484 ἤπερ
1802 1407 1903 1464 αὐ-

248 1507 343 1568 τὸς
389 1505 480 1560 ἐπὶ
534 1509 617 1576 τῷ
671 1509 773 1572 τῆς
824 1501 997 1573 ξενίας
1050 1500 1378 1580 ένευφράνθη
1428 1496 1738 1574 ἆπροσδεεῖ.
1789 1497 1905 1555 Οὐκ

240 1594 430 1650 έλπίσι
459 1595 565 1668 γὰρ
605 1594 770 1666 μόνον
818 1589 1214 1667 χρηστοτέραις
1248 1588 1557 1645 ὑπεσαίνετο
1612 1584 1901 1655 Μανουήλ,

245 1686 318 1748 ὡς
342 1683 400 1740 εὖ
430 1686 503 1740 τὰ
535 1685 677 1739 κατὰ
704 1683 804 1751 τήν
826 1679 902 1737 Eu)
934 1678 1178 1736 διάθοιτο
1218 1678 1308 1735 διὰ
1365 1686 1465 1749 τῆς
1514 1682 1609 1734 τοῦ
1664 1674 1904 1733 σουλτά-

240 1796 333 1831 νου
395 1774 703 1849 παρουσίας
760 1773 850 1827 καὶ
913 1776 1014 1827 τοῦ
1062 1770 1467 1845 κεχαρισμένου
1514 1774 1651 1877 ’τῆς
1711 1766 1899 1877 ξενίας,
1934 1811 1980 1877 Β

252 1863 555 1939 δυναμένου
586 1865 886 1939 γοητεῦσαι
912 1858 1345 1935 φιλοχρήματον
1405 1852 1697 1933 βάρϐαρον·
1756 1853 1903 1910 ἀλλά

250 1955 348 2010 καὶ
400 1952 554 2022 δόξαν
614 1952 765 2023 αὐτῷ
830 1958 932 2019 τῆς
1000 1947 1278 2024 βασιλείας
1359 1948 1420 2002 τὸ
1480 1942 1689 2018 συμϐὰν
1742 1943 1901 2016 ᾢετο.

248 2045 451 2101 Είσιὼν
482 2041 662 2097 τοίνυν
694 2038 810 2116 ἅμα
856 2044 936 2113 τῷ
996 2038 1277 2110 σουλτάνῳ
1329 2039 1429 2106 τὴν
1496 2032 1905 2093 Κωνσταντίνου

241 2134 505 2207 κηρύττει
571 2125 866 2205 θρίαμϐον.
927 2128 1032 2185 Καὶ
1079 2129 1148 2197 ἦν
1208 2128 1484 2202 εὐπρεπῆς
1552 2118 1902 2197 ὁθρίαμϐυς,

245 2221 579 2283 καλλίστοις
626 2221 719 2276 καὶ
777 2220 1001 2293 τιμήεσι
1094 2216 1328 2277 πέπλοις
1410 2214 1732 2293 παμφαίνων
1815 2210 1905 2266 καὶ

247 2318 326 2385 τῷ
395 2316 498 2368 τοῦ
558 2312 776 2384 κόσμου
869 2306 1150 2366 πολυειδεῖ
1207 2304 1486 2368 δαίδαλος.
1545 2306 1634 2360 καὶ
1692 2299 1909 2375 ἤμελλε

255 2399 519 2475 βασιλεὺς
547 2398 640 2455 διὰ
667 2403 766 2455 τοῦ
798 2393 1070 2473 θριάμϐου
1099 2395 1347 2473 προῖέλαι
1388 2396 1525 2470 πρὸς
1556 2392 1731 2448 αὐτῶν
1797 2394 1905 2445 τῶν

251 2491 439 2545 ἀστῶν
473 2489 873 2564 κροτούμενος,
913 2488 999 2543 καὶ
1038 2489 1203 2563 μέρος
1244 2487 1378 2541 εἶναι
1435 2490 1534 2554 τῆς
1584 2481 1708 2538 τότε
1748 2478 1911 2554 δορυ-

254 2580 455 2657 φορίας
514 2602 577 2636 τε
618 2579 709 2635 καὶ
775 2578 1167 2655 λαμπρότητος
1224 2578 1313 2633 καὶ
1378 2580 1487 2630 τῶν
1563 2570 1907 2647 κυδρούντων

254 2672 347 2726 τὸν
402 2670 787 2746 αὐτοκράτορα
840 2668 932 2724 καὶ
1010 2666 1306 2729 σουλτάνος
1357 2664 1523 2725 αὐτὸς
1582 2660 1907 2732 ἐπιπαριὼν.

252 2763 383 2823 Θεὸς
414 2758 463 2815 δ’
527 2759 783 2835 ἠκύρωσε
828 2760 896 2814 τὰ
951 2766 1051 2829 τῆς
1109 2759 1319 2832 ἡμέρας
1351 2755 1559 2825 ἐκείνης
1594 2748 1841 2826 λαμπρά*
1873 2750 1908 2818 ἢ

256 2871 313 2906 τε
371 2850 481 2927 γὰρ
537 2857 607 2923 γῆ
678 2847 1003 2920 κλυνηθεῖσα
1058 2846 1275 2911 πολλὰς
1337 2839 1690 2913 κατεϐεϐήκει
1765 2838 1913 2912 λαμ-

256 2939 537 3014 προτάτας
567 2937 837 3009 οἰκήσεις,
868 2936 960 2992 καὶ
989 2938 1017 2991 ὁ
1038 2936 1143 3008 ἀὴρ
1208 2930 1540 3011 ταραχώδης
1605 2930 1667 2997 ἧν
1742 2927 1910 2983 ἐπιει-

256 3033 363 3093 κῶς
420 3027 516 3084 καὶ
586 3026 906 3101 ἀνώμαλος,
954 3024 1044 3081 καὶ
1102 3023 1238 3100 ἔτερ⁹
1323 3022 1454 3079 ἃττα
1545 3014 1912 3092 έπισυμϐάντα

263 3116 494 3191 δείματα
527 3118 781 3187 ἱκείνοις,
816 3117 879 3172 οὐ
936 3110 1226 3191 θριάμϐοις
1282 3112 1580 3183 ἠναγκάκει
1619 3108 1909 3183 προσέχειν

262 3179 357 3262 τὸν¹
380 3211 536 3278 νοῦν,
566 3206 662 3262 καί
692 3206 756 3261 τὸ
785 3212 887 3275 τῆς
942 3207 1131 3282 ψυχῆς
1191 3201 1447 3275 έκύμαινε
1522 3197 1912 3274 λογιζόμενον.
1944 3179 1989 3243 C

265 3301 540 3374 Ἔφασκον
573 3293 633 3351 δὶ
670 3295 760 3350 καὶ
811 3296 865 3349 οἱ
903 3298 1001 3349 τοῦ
1059 3291 1205 3357 θείου
1268 3292 1372 3346 νεὼ
1433 3290 1520 3345 καὶ
1564 3290 1661 3343 τοῦ
1724 3286 1912 3361 βήμα-

260 3406 357 3447 τος
395 3381 654 3464 ἔντροφοι
693 3385 782 3439 καὶ
825 3382 990 3445 αὐτὸς
1026 3380 1305 3457 βασιλεὺς,
1348 3378 1448 3435 οὐκ
1507 3376 1710 3455 ἀγαθὰς
1773 3375 1911 3464 κλῃέ

269 3471 428 3537 δόνας
458 3463 762 3549 δεχόμενος
791 3474 862 3528 τά
916 3470 1212 3548 λεγόμενα,
1283 3469 1496 3544 μηνίειν
1544 3467 1609 3522 τὸ
1649 3470 1791 3529 θεῖον
1821 3463 1911 3520 καὶ

268 3562 399 3638 μηδ’
458 3562 613 3627 ὅλως
669 3564 969 3639 ’ἀνέχεσθαι
1027 3562 1327 3635 προκόψειν
1405 3560 1482 3621 εἰς
1530 3551 1799 3631 θρίαμϐον
1835 3556 1911 3628 μὴ

263 3648 568 3715 θεοσεϐείας
604 3649 772 3728 ἄνδρα
804 3650 1206 3727 μετεσχηκότα,
1248 3648 1306 3704 ὅν
1339 3650 1653 3720 ίκοσμοῦσιν
1709 3640 1914 3700 ἔπιπλα

268 3752 480 3819 παναγῆ
512 3743 606 3800 καὶ
638 3743 809 3819 ἁγίων
844 3740 1048 3798 ἔκτυπα
1086 3737 1401 3814 διειλήφασι
1465 3737 1557 3793 καὶ
1625 3737 1912 3815 χαρακτήρ

261 3834 583 3909 καθαγιαζει
658 3833 915 3906 Χριστοῦ.
976 3830 1076 3884 Καὶ
1154 3825 1298 3884 οὕτω
1394 3827 1488 3900 μὶν
1579 3823 1795 3886 εἰκαίως
1886 3823 1914 3876 6

263 3925 539 3998 θρίαμήος
572 3918 915 3997 έσχεδίαστο,
950 3915 1225 3992 μηδαμῶς
1256 3915 1403 3989 αὐτῷ
1467 3912 1913 3990 προσεσχηκότος

263 4012 360 4069 τοῦ
415 4010 851 4086 αὐτοκράτορος,
911 4005 1026 4063 οὐδ’
1072 4005 1125 4068 ἔς
1181 4005 1305 4061 ὅσον
1362 4004 1425 4060 τὸ
1455 3999 1575 4068 ἔθος
1605 4002 1914 4079 ἀφοσιώσαο

268 4114 409 4166 σθαιο
467 4101 549 4162 εἷς
607 4099 790 4154 ἰκανὸν
849 4094 914 4153 δὰ
951 4098 981 4152 6
1027 4096 1324 4157 σουΛτάνος
1352 4098 1432 4165 τῷ
1463 4092 1680 4169 βασιλεῖ
1710 4087 1916 4146 συνδιέ-

262 4195 423 4267 τριψε
477 4192 708 4267 χρόνον,
758 4189 845 4243 καὶ
923 4184 1111 4242 ἵππων
1172 4181 1584 4258 σταδιοδρόμων
1651 4178 1915 4255 ἁμίλλαις

262 4281 355 4337 τὸν
401 4277 693 4359 ὀφθαλμὸν
741 4275 1127 4344 καθειστίακεν,
1199 4276 1290 4330 ὅτε
1351 4272 1442 4328 καὶ
1501 4292 1581 4334 τις
1623 4270 1760 4345 ἀνηρ
1816 4276 1919 4338 τῆς

262 4375 436 4445 Ἀγαρ
485 4368 779 4444 ἀπόγονος,
830 4366 904 4428 ὡς
967 4365 1061 4439 μέν
1107 4362 1281 4419 ἐδόκει
1325 4363 1391 4418 τά
1447 4366 1639 4437 πρῶτα
1705 4362 1915 4432 θαυμα-

2005 516 2240 572 Manuel
2268 532 2330 571 se
2360 516 2433 571 ob
2465 515 2681 572 sultani
2712 515 3082 586 praesentiam
3115 532 3231 572 non
3274 518 3424 575 155
3481 519 3656 575 modo

2004 606 2178 663 rebus
2235 605 2489 662 Orientis
2558 604 2965 661 consulturum
3043 610 3102 662 et
3166 622 3339 662 avaro
3404 608 3656 665 barbaro

2007 693 2243 765 hospitii
2274 693 2625 749 liberalitate
2656 694 2855 749 fucum
2891 710 3020 750 esse
3075 694 3388 762 facturum,
3439 696 3538 752 sed
3589 713 3658 753 ex

2007 797 2073 836 eo
2105 797 2241 836 casn
2280 779 2529 851 gloriam
2578 796 2812 851 quoque
2859 781 3149 852 sperabat.
3196 780 3422 853 Cpolim
3474 783 3656 855 igitur

2009 887 2124 924 una
2163 886 2297 925 cum
2351 870 2451 926 illo
2500 872 2798 937 ingressus
2846 871 3214 942 triumphum
3265 872 3492 928 indicit.
3544 874 3656 938 Qui

2009 975 2142 1014 cum
2175 960 2470 1030 eleganter
2499 961 2823 1016 instructus
2855 962 3128 1032 pretiosis
3151 962 3413 1019 vestibus
3449 968 3506 1019 et
3560 980 3656 1019 or-

2011 1061 2419 1105 namentorum
2453 1051 2731 1106 varietate
2760 1049 3094 1119 colluceret,
3129 1057 3304 1123 atque
3348 1053 3661 1125 imperator

2012 1154 2144 1193 cum
2178 1137 2467 1210 applausu
2500 1145 2557 1193 et
2587 1139 3109 1195 acclamationibus
3141 1143 3380 1210 civium,
3403 1143 3656 1199 adducto

2012 1254 2129 1292 una
2158 1238 2409 1307 sultano,
2442 1238 2543 1309 qui
2585 1239 2736 1294 inter
2782 1243 3015 1297 ceteros
3059 1257 3325 1313 proceres
3374 1242 3659 1298 festivita-

2016 1332 2129 1383 tem
2164 1326 2324 1382 illam
2358 1326 2736 1383 celebriorem
2772 1328 3057 1398 redderet,
3092 1329 3432 1400 proditurus
3483 1337 3656 1400 esset,

2013 1419 2164 1471 Deus
2209 1414 2369 1471 illius
2425 1416 2540 1472 diei
2598 1415 2969 1487 splendorem
3012 1418 3148 1473 fecit
3199 1418 3450 1474 irritum.
3507 1423 3654 1476 Nam

2013 1506 2179 1560 terra;
2199 1508 2359 1561 motu
2382 1505 2579 1561 multa;
2597 1505 3090 1577 splendidissimis
3112 1507 3263 1564 aedes
3280 1512 3624 1564 corruerunt
3646 1525 3659 1568 :

2012 1596 2070 1649 et
2097 1593 2250 1650 aeris
2278 1594 2653 1666 intemperies
2684 1611 2751 1650 ac
2778 1595 2960 1666 caligo
2991 1600 3047 1652 et
3100 1594 3198 1652 alii
3247 1598 3490 1668 quidam
3543 1603 3662 1654 ter-

2013 1697 2173 1737 rores
2194 1687 2511 1739 aestuantes
2532 1683 2840 1740 hominum
2864 1684 3094 1741 animos
3116 1702 3151 1740 a
3170 1684 3491 1758 triumphis
3515 1686 3572 1742 in
3598 1703 3660 1743 se

2014 1773 2445 1828 convertebant.
2506 1771 2754 1828 Aiebant
2810 1778 2869 1827 et
2924 1788 3100 1830 sacris
3159 1774 3300 1829 aedis
3369 1775 3662 1832 antistites

2013 1858 2143 1931 (nec
2180 1860 2305 1929 ipse
2360 1859 2681 1928 imperator
2718 1860 2890 1916 aliter
2940 1878 3008 1917 ea
3065 1862 3265 1917 omina
3321 1864 3664 1950 accipiebat)

2011 1947 2187 2004 irasci
2236 1948 2417 2004 Deum
2474 1964 2661 2019 neque
2710 1948 2854 2005 velle
2902 1954 2967 2005 ut
3015 1950 3186 2004 homo
3254 1950 3473 2022 impius
3521 1947 3655 2007 eum

2012 2035 2381 2108 triumphum
2412 2037 2759 2107 intueretur,
2792 2053 2966 2109 quem
3019 2037 3411 2094 instrumenta
3458 2055 3659 2096 sacra-

2012 2125 2249 2181 tissima
2286 2129 2344 2181 et
2372 2125 2640 2182 divorum
2672 2126 2965 2201 imagines
3014 2133 3288 2183 ornarent
3336 2131 3392 2183 et
3440 2128 3656 2185 Christi

2014 2212 2251 2285 signum
2314 2220 2703 2273 consecraret.
2755 2215 2848 2271 Sic
2902 2216 3235 2287 triumphus
3289 2215 3507 2273 frustra
3568 2222 3660 2274 est

2016 2302 2362 2372 instructus,
2392 2308 2449 2359 et
2478 2305 2550 2360 ab
2582 2305 2708 2377 ipso
2741 2304 3091 2377 imperatore
3126 2306 3209 2362 ita
3253 2305 3552 2377 neglectus
3602 2312 3663 2364 ut

2018 2407 2123 2447 nec
2185 2396 2424 2463 receptae
2476 2394 2885 2450 consuetudini
2951 2395 3335 2452 satisfaceret.
3381 2394 3661 2453 Sultanus

2016 2496 2151 2537 vero
2185 2498 2298 2536 non
2335 2498 2505 2551 parvo
2532 2487 2795 2555 tempore
2825 2501 2959 2540 cum
2991 2500 3058 2541 eo
3088 2487 3658 2544 commoratuslﬂi

2018 2579 2369 2651 spectaculis
2401 2580 2760 2639 circensibus
2790 2588 2880 2638 est
2910 2584 3250 2640 oblectatus.
3305 2586 3452 2641 Tum
3505 2592 3659 2657 Aga-

2019 2685 2196 2725 renus
2226 2670 2488 2741 quidam,
2524 2671 2808 2743 principio
2859 2672 3243 2744 praestigiator
3289 2673 3549 2742 habitus,
3595 2679 3662 2730 ut

2016 2775 2152 2815 vero
2185 2764 2318 2830 post
2346 2759 2679 2827 declaravit,
2712 2761 2974 2817 omnium
3009 2762 3342 2818 mortalium
3401 2763 3662 2820 miserri-

2019 2863 2172 2913 mus,
2209 2865 2316 2904 sua
2346 2853 2554 2919 sponte
2584 2849 2961 2922 Hippodromi
2988 2853 3135 2908 turri
3173 2868 3515 2922 conscensa,
3548 2854 3657 2910 sub

2019 2952 2135 3007 qua
2177 2953 2437 2993 carceres
2496 2942 2639 2993 sunt
2695 2940 2848 2995 unde
2892 2940 3236 2998 emittuntur
3284 2942 3441 3013 equi,
3483 2959 3664 3015 supra

2017 3041 2151 3082 vero
2201 3031 2454 3098 quatuor
2509 3028 2647 3100 equi
2692 3028 2881 3085 aurati
2930 3033 3107 3099 stant,
3163 3030 3328 3088 collis
3382 3032 3661 3105 incurvis,

2022 3114 2245 3170 obversi
2276 3115 2390 3171 sibi
2421 3115 2686 3183 invicem,
2722 3116 3041 3174 alacritatis
3070 3120 3144 3174 ad
3192 3135 3433 3177 cursum
3482 3120 3662 3193 pleni,

2020 3219 2083 3259 se
2115 3204 2373 3260 stadium
2406 3207 2902 3262 transvolaturum
2933 3208 3131 3278 jactat.
3163 3211 3365 3266 Stabat
3393 3210 3574 3284 igitur
3600 3210 3661 3267 in

2021 3294 2168 3349 turri
2197 3298 2477 3366 tanquam
2516 3294 2574 3349 in
2625 3296 2980 3367 carceribus,
3030 3297 3227 3371 ampla
3270 3303 3327 3355 et
3373 3300 3663 3372 promissa

2021 3381 2332 3438 admodum
2365 3388 2517 3440 veste
2549 3384 2799 3441 candida
2830 3385 3090 3457 indutus,
3132 3404 3259 3460 quas
3308 3387 3556 3446 vinculis
3602 3389 3665 3445 in

2021 3471 2222 3527 orbem
2280 3472 2575 3529 succincta
2645 3474 2888 3531 sinuosa
2962 3476 3342 3533 efﬁciebatur.
3420 3479 3670 3534 Putabat

2023 3561 2178 3616 enim
2212 3578 2273 3618 se
2301 3562 2481 3618 veluti
2514 3561 2640 3619 velo
2672 3580 2903 3629 navem,
2936 3563 3019 3620 ita
3046 3564 3276 3621 laciniis
3323 3566 3483 3620 illius
3537 3583 3668 3622 aere

2022 3649 2266 3722 expletis
2297 3652 2366 3706 ad
2401 3652 2656 3708 volatum
2689 3652 3041 3709 instructum
3069 3653 3209 3708 fore.
3245 3653 3520 3709 Omnium
3553 3653 3665 3725 igi-

2021 3743 2119 3794 tur
2145 3739 2297 3795 oculi
2328 3740 2388 3794 in
2420 3757 2552 3797 eum
2582 3746 3016 3809 convertuntur,
3051 3740 3241 3798 rident
3289 3748 3665 3814 spectatores,

2023 3844 2090 3884 ac
2139 3829 2391 3884 subinde
2439 3828 2697 3886 clamant
2740 3846 2753 3885 :
2809 3853 2839 3881 ‹‹
2892 3830 3117 3896 Volato,
3178 3830 3406 3900 volato;
3463 3854 3492 3883 »
3554 3837 3663 3889 et:

2025 3939 2053 3966 «
2086 3917 2269 3979 Quam
2331 3917 2434 3972 diu
2490 3934 2596 3973 nos
2651 3935 2974 3990 suspensos
3023 3924 3207 3988 tenes,
3255 3924 3561 3987 Saracens,
3611 3926 3670 3979 et

2023 4021 2214 4061 aerem
2245 4022 2315 4061 ex
2338 4007 2482 4062 turri
2508 4006 2785 4064 libras?»
2814 4010 3167 4081 Imperatore
3187 4009 3485 4066 hominem
3507 4011 3580 4066 ab
3603 4027 3669 4068 eo

2024 4097 2233 4150 conatu
2267 4096 2616 4165 deterrente,
2651 4097 2777 4169 ipso
2809 4114 2941 4154 vero
2972 4097 3204 4154 sultano
3236 4099 3387 4156 inter
3417 4115 3578 4169 spem
3614 4104 3673 4156 et

2024 4187 2244 4239 metum
2277 4200 2586 4255 suspenso,
2620 4201 2691 4241 ne
2719 4185 2856 4255 quid
2903 4184 3164 4257 populari
3213 4203 3319 4242 suo
3364 4187 3670 4245 accideret.

2023 4281 2074 4336 Is
2105 4296 2238 4337 vero
2270 4296 2463 4337 aerem
2490 4281 2740 4338 subinde
2761 4288 2996 4353 captans
3018 4288 3075 4339 et
3100 4288 3338 4340 ventum
3363 4284 3672 4357 explorans

2023 4375 2411 4439 spectatorum
2447 4387 2611 4443 spem
2644 4370 2938 4442 eludebat,
2970 4389 3035 4428 ac
3059 4375 3207 4431 I57
3232 4374 3501 4431 manibus
3521 4391 3675 4448 saepe

265 4461 515 4527 τοποιὸς,
549 4459 626 4521 ὡς
681 4455 728 4512 δ’
785 4456 1007 4530 ὕστερον
1066 4451 1252 4524 ἔδειξε,
1309 4449 1638 4512 ταλάντατος
1707 4449 1910 4523 ἀνθρώ-

519 4548 533 4560 ι
673 4547 688 4560 II
771 4544 783 4560 Ι
1010 4542 1035 4560 Ἀ
1350 4539 1364 4560 Ἰ
1417 4540 1430 4558 ἱ
1545 4539 1559 4559 \
1742 4559 1746 4560 ,
1778 4539 1799 4560 9,
1873 4538 1910 4560 εὶ

2027 4458 2251 4514 alarum
2284 4459 2474 4515 instar
2504 4460 2576 4516 ad
2607 4458 2868 4517 volatum
2911 4463 3187 4535 expansis
3235 4467 3292 4520 et
3332 4464 3560 4522 libratis
3608 4470 3676 4522 ut

268 4571 384 4605 πων
443 4548 538 4604 καὶ
630 4544 921 4616 αὐτοέντης
1008 4542 1277 4617 ἂντικρυς,
1345 4539 1434 4595 ἐπὶ
1497 4539 1590 4594 τὸν
1666 4539 1802 4593 κατὰ
1857 4538 1919 4593 τὸ

268 4640 494 4714 θέατρον
570 4636 777 4713 πύργον
835 4632 1193 4707 ἂναλάμενος,
1248 4630 1310 4686 οὐ
1399 4628 1635 4685 κάτωθεν
1722 4628 1816 4702 μὶν
1863 4628 1915 4682 αἱ

268 4733 372 4784 τῶν
426 4727 522 4783 ἐπὶ
608 4724 826 4781 σταδίου
892 4724 1121 4779 θεόντῶν
1189 4719 1476 4797 ἀφετηρίαι
1575 4717 1654 4780 εἷς
1727 4714 1921 4791 άψίδας

270 4815 678 4891 παραλλήλους
717 4815 1034 4889 κεχήνασιν,
1062 4809 1261 4867 ἃνωθεν
1302 4807 1349 4865 δ’
1406 4808 1564 4864 ἵπποι
1629 4805 1922 4883 χαλκήλα-

272 4926 357 4961 τοι
421 4908 704 4981 πεπήγασι
762 4902 982 4977 πίσυρες
1085 4903 1276 4976 χρυσῷ
1360 4897 1710 4971 ἠλειμμένοι,
1794 4896 1921 4958 τοὺς

273 4997 507 5073 αὐχένας
574 4996 867 5072 ὁπόγυροι,
935 4987 1364 5052 ἀντιϐλάποντες
1459 4986 1735 5060 ἀλλήλοις
1832 4987 1923 5043 καὶ

281 5082 488 5159 δρόμον
541 5085 873 5158 καμπτήρος
922 5079 1194 5151 πνέοντες,
1254 5076 1544 5148 διαπτῆναι
1598 5080 1662 5133 τὸ
1710 5074 1928 5133 στάδιον

276 5172 674 5251 ἐπηγγέλλετο.
734 5173 992 5242 Εἱστήκει
1050 5168 1142 5225 οὖν
1201 5169 1277 5231 ὡς
1334 5169 1416 5247 ἐφ’
1455 5164 1774 5243 ὕσπληγγος
1830 5171 1928 5222 τοῦ

287 5267 520 5340 πύργου,
590 5260 967 5342 ἠμφιεσμένος
1031 5257 1438 5333 ποδηρέστατον
1505 5256 1661 5332 εὐρέα
1697 5261 1925 5332 χιτῶνα.

278 5357 478 5418 Λευκὸς
531 5352 588 5409 δὶ
639 5354 707 5423 ἦν
738 5354 768 5408 ὁ
829 5351 1029 5427 χιτὼν,
1086 5349 1250 5425 λόγοι
1289 5346 1346 5404 δὴ
1375 5348 1452 5412 εἰς
1478 5346 1681 5403 κύκλον
1738 5368 1927 5424 περια-

278 5445 492 5518 χθὲντες
531 5442 754 5500 ἆποίουν
788 5439 1075 5504 κολπῶδες
1101 5440 1165 5495 τὸ
1194 5436 1435 5517 ὕφασμα.
1468 5437 1569 5494 Ἢν
1613 5434 1670 5493 δέ
1721 5438 1926 5500 σκοπὸς

284 5536 361 5603 τῷ
413 5537 709 5607 Ἀγαρηνῶ
778 5527 960 5603 ὣσπερ
1020 5527 1177 5601 ἱστίῳ
1230 5525 1356 5589 ναῦς
1422 5529 1769 5601 πτερωθῆναι
1850 5530 1929 5599 τῷ

256 5659 273 5666 -
296 5619 506 5695 πέπλῳ,
545 5628 669 5684 ταῖς
687 5622 887 5677 τούτου
915 5617 1207 5688 κοιλότησι
1240 5620 1338 5673 τοῦ
1392 5615 1701 5691 πνεύματος
1741 5615 1926 5695 ἐμφωο

600 5745 864 5808 ΡΑτιιοι.
914 5742 1024 5802 Ga.
1058 5739 1371 5801 CXXXIX.

2030 4547 2164 4620 plus
2194 4550 2350 4604 venti
2380 4548 2698 4623 colligeret,
2731 4566 2863 4607 cum
2897 4552 2948 4608 is
2979 4554 3216 4610 tandem
3264 4557 3439 4627 aptus
3485 4559 3543 4612 et
3589 4571 3677 4613 se-

2032 4638 2263 4694 cundus
2320 4638 2576 4711 aspirare
2632 4639 2944 4709 videretur,
2999 4642 3189 4699 instar
3246 4642 3502 4700 volucris
3550 4659 3680 4702 sese

2031 4727 2234 4799 agitat,
2265 4730 2323 4783 et
2354 4728 2493 4784 dum
2525 4745 2627 4801 per
2678 4746 2871 4788 aerem
2924 4733 3192 4789 incedere
3240 4734 3468 4801 nititur,
3516 4735 3677 4790 Icaro

2033 4815 2432 4874 miserabilius
2460 4818 2518 4874 in
2552 4821 2694 4876 cmlo
2724 4821 2945 4879 volitat.
2980 4822 3177 4894 Neque
3214 4823 3370 4879 enim
3420 4822 3679 4893 corporis

2034 4905 2286 4978 gravitas
2311 4904 2561 4962 humum
2593 4910 2884 4966 tendentis
2911 4909 3027 4965 alta
3057 4927 3192 4966 eum
3213 4916 3409 4966 tenere
3425 4908 3674 4975 sinebat,

2035 4997 2220 5051 dontc
2250 4999 2584 5068 prostratus
2615 4999 2946 5071 exspiravit,
2988 4999 3279 5067 manibus,
3328 4997 3574 5069 pedibus
3621 5000 3680 5053 et

2036 5084 2312 5140 omnibus
2340 5086 2577 5142 ossibus
2606 5087 2938 5144 confractis.
2986 5090 3043 5143 Is
3089 5085 3320 5144 volatus
3367 5102 3499 5142 cum
3554 5084 3676 5141 risu

2034 5176 2093 5229 et
2121 5172 2317 5228 derisu
2346 5173 2672 5230 Turcorum
2705 5174 2923 5230 sultani
2947 5175 3227 5230 comitum
3273 5174 3429 5245 vulgi
3481 5171 3682 5231 fabula

2038 5266 2185 5330 erat,
2216 5261 2358 5316 adeo
2392 5265 2457 5316 ut
2488 5262 2676 5317 forum
2711 5263 2960 5317 transire
2993 5262 3235 5317 inderisi
3268 5278 3385 5318 non
3419 5266 3682 5335 possent,

2039 5349 2218 5406 fabris
2276 5350 2624 5421 argentariis
2682 5350 3035 5407 ferramenta
3092 5367 3426 5408 mensarum
3475 5368 3687 5410 concu-

2038 5438 2340 5495 tientibus.
2374 5438 2497 5502 Quo
2547 5438 2867 5510 imperator
2919 5440 3118 5497 audito
3168 5441 3396 5498 ridebat
3442 5441 3684 5509 scilicet,

2041 5544 2156 5584 non
2187 5526 2433 5599 ignarus
2468 5528 2736 5598 jocorum
2787 5537 2841 5585 et
2894 5530 3109 5588 salium
3156 5532 3339 5587 turba:
3398 5531 3688 5589 trivialis:

2042 5617 2145 5674 sed
2179 5618 2237 5671 in
2272 5614 2488 5673 sultani
2511 5616 2783 5692 gratiam,
2806 5635 2981 5693 quem
3004 5620 3117 5679 ista
3138 5620 3392 5679 ludibria
3408 5621 3690 5694 paulatim

3377 5743 3450 5803 15
