4014 6204
411 343 532 406 459
1728 329 2039 395 NlCE'l‘E

2185 331 2514 394 ΟΝΙΑΤΕ
3702 330 3837 393 ιδο

407 473 768 540 mordebant,
827 485 890 527 se
933 467 1168 525 illorum
1216 465 1506 523 licentiam
1553 479 1816 522 coercere
1864 462 2053 520 simu-

2181 462 2444 524 tcviovtoc.
2476 465 2585 524 Πᾶς
2634 462 2727 517 οὗν
2795 455 3132 537 ἐπέστραπτο
3186 461 3323 539 πρὸς
3379 461 3540 518 αὑτὸν
3599 461 3816 526 ὀφθαλ-

407 564 596 622 labat.
2187 552 2321 624 μὸς,
2388 551 2478 607 καὶ
2535 549 2748 627 ἐμειδία
2805 553 2868 608 τὸ
2916 550 3155 629 θέατρον,
3187 551 3276 607 καὶ
3305 551 3479 607 πυκνᾶ
3508 551 3842 626 ἐκραύγαζον

416 653 470 708 οἱ
517 652 800 724 θεώμενοι,
851 671 880 702 ‹‹
929 645 1186 718 Πὲτασον,
1227 645 1483 714 πέτασον,
1539 667 1567 696 n
1615 643 1728 715 καὶ,
1767 666 1794 696 α
1834 645 1980 704 Ἕως
2021 639 2166 704 τίνος
2192 637 2386 716 αἴρεις,
2441 641 2748 717 Σαρακηνέ,
2792 641 2891 704 τὰς
2930 641 3110 716 ψυχάς
3155 643 3336 715 ἡμῶν,
3379 639 3722 696 ταλαντεύων
3767 641 3833 696 ἐκ

406 746 504 798 τοῦ
551 741 767 818 πόργου
824 739 914 795 τὸν
965 740 1212 812 ἅνεμον;
1263 758 1294 792 υ
1351 733 1616 798 Βασιλεὺς
1667 731 1724 789 δὶ
1771 732 1990 808 πεμψας
2041 728 2334 788 διεκώλυεν
2404 731 2564 787 αὑτὸν
2615 736 2713 787 τοῦ
2772 733 3121 806 ὁρμήματος.
3193 732 3398 800 Θεατὴς
3473 728 3520 786 δ’
3589 729 3664 785 ὥν
3730 736 3844 786 τῶν

409 817 705 904 δρωμένων
765 828 853 882 καὶ
935 827 1232 890 σουλτάνος
1300 825 1460 886 αὑτὸς
1530 823 1613 879 ἐπ’
1661 817 1960 900 ἀμφιϐόλῳ
2022 825 2104 892 τῷ
2167 819 2573 894 ἀποτελέσματι
2665 821 2922 892 ἂνεκήκιὲ
2989 843 3048 878 τε
3109 821 3199 877 καὶ
3239 821 3506 895 ἐσεσήρει,
3559 821 3844 895 μετέωρος

411 915 490 974 ὥυ
546 920 646 989 τήν
684 919 914 994 γνώμην
963 917 1053 972 καὶ
1113 913 1304 978 δεδιὼς
1355 913 1478 985 περὶ
1521 916 1602 984 τῷ
1651 911 1926 986 ὁμογενεὶ.
2004 911 2069 966 Ὀ
2116 908 2195 978 δὲ,
2247 911 2598 987 περιχάσκων
2639 912 2732 967 τὸν
2778 911 2910 986 ἂέρα
2938 913 3135 986 συχνὰ,
3165 912 3256 966 καὶ
3284 911 3348 966 τὸ
3378 931 3592 984 πνευμα
3621 907 3845 986 διακρι-

412 1003 701 1080 ϐούμενος,
743 1007 838 1068 τὰς
883 1010 992 1061 τῶν
1040 1008 1240 1070 θεατῶν
1280 1001 1506 1064 ἐλπίδας
1569 999 1890 1056 ὑπὲκλεπτε.
1933 1001 2036 1056 Καὶ
2095 998 2366 1062 πολλάκις
2417 997 2608 1075 διάρας
2651 1000 2746 1061 τάς
2800 1007 2989 1076 χεῖρας
3036 1001 3125 1056 καὶ
3209 1001 3562 1076 σχηματίσας
3631 999 3844 1062 ταύτας

415 1098 493 1151 diu
543 1097 814 1172 πτέρυγας
863 1096 938 1156 εἰς
986 1097 1201 1166 κίνησιν
1250 1095 1500 1164 πτήσεως
1549 1088 1920 1161 ὑπεστείλατο,
1969 1089 2032 1144 τὸ
2100 1092 2313 1162 πνεῦμα
2379 1089 2889 1163 μεταπεμπόμενος.
2937 1091 3090 1146 Ἐπεὶ
3143 1087 3202 1144 δὶ
3260 1109 3395 1146 ποτε
3452 1091 3622 1167 φορὸν
3688 1108 3847 1164 παρ-

415 1190 552 1241 εῖναι
595 1185 686 1242 καὶ
735 1183 918 1262 οὔριον
971 1182 1215 1256 δέδοκτο,
1268 1180 1664 1238 διατινάσσεται
1712 1181 1908 1248 στηνοῦ
1956 1175 2135 1250 δίκην,
2184 1173 2499 1254 ἀεροϐατεῑν
2572 1180 2797 1251 οἱηοείς.
2841 1175 2997 1237 Ἀλλ’
3038 1180 3104 1250 ᾖν
3152 1175 3558 1254 οὑρανοδρόμος
3617 1179 3842 1252 Ἰκάρου

413 1273 790 1351 ἐλεεινότερος.
842 1274 944 1331 Καὶ
993 1275 1067 1336 ὡς
1101 1277 1260 1346 σῶμα
1307 1265 1660 1346 κεντροϐαρές
1710 1269 2083 1348 χαμαιριφὴς,
2133 1266 2242 1342 οὐχ
2298 1268 2373 1330 ὡς
2421 1272 2622 1346 κοῦφος
2675 1269 2993 1342 ἱπτάμενος,
3041 1267 3132 1322 καὶ
3179 1267 3341 1332 τέλος
3391 1265 3452 1322 δὲ
3515 1269 3842 1323 καταπεσὼν

412 1360 662 1440 διὲῤῥηξε
733 1365 837 1433 τῆΑ
909 1364 1121 1437 ψυχὴν,
1195 1356 1674 1437 γαστροκνημῖδας
1726 1359 1816 1412 καὶ
1877 1356 2158 1432 χεῖραςκαὶ
2217 1357 2316 1412 ὅσα
2369 1361 2466 1413 τοῦ
2520 1359 2773 1430 σώματος
2805 1355 3020 1428 δστώδη
3081 1352 3415 1432 διαθρυϐείς.
3449 1360 3552 1416 Ἠν
3598 1358 3840 1414 τοίνυνὺ

413 1454 750 1527 ἐκπετασμός
801 1452 960 1514 οὗτος
1009 1452 1084 1515 εἰς
1141 1451 1348 1525 μωκίαν
1397 1451 1488 1505 καὶ
1537 1447 1754 1522 γέλωτα
1800 1451 1910 1504 τῶν
1954 1447 2090 1520 μετὰ
2133 1450 2230 1501 τοῦ
2267 1447 2561 1504 σουλτάνου
2604 1448 2861 1524 Τούρκων
2902 1453 3019 1510 τοῖς
3063 1445 3461 1511 ἀστυπολίταις
3499 1445 3838 1522 διαθρυλούο

417 1563 603 1616 μενος,
653 1539 766 1596 οὐδ’
813 1543 878 1610 ἦν
929 1539 1012 1596 ἐπ’
1070 1541 1278 1617 ἀγορᾶς
1328 1537 1794 1615 ἆκαταγελάστους
1860 1535 2056 1598 αὐτοὺς
2100 1540 2504 1606 παριὲναι,τῶν
2548 1537 2938 1613 ἀργυροκὸπων
2969 1537 3239 1612 ἀγοραίων
3269 1537 3336 1593 τὰ
3373 1541 3479 1592 τῶν
3545 1541 3841 1611 τραπεζῶν

411 1630 827 1710 διαψοφούντων
857 1627 1100 1705 σιδήρια.
1133 1632 1222 1692 Ὠς
1255 1627 1302 1684 δ’
1331 1630 1640 1699 ἡνωτίζετο
1669 1633 1840 1683 ταῦτα
1861 1627 1888 1682 ὁ
1933 1623 2210 1702 βασιλεὺς,
2243 1622 2480 1700 διεχεῖτο
2515 1625 2638 1700 μὲν,
2670 1627 2744 1688 ὡς
2777 1627 2943 1694 εἰκὸς,
2973 1627 3036 1682 τὸ
3084 1625 3376 1700 στωμύλον
3441 1628 3526 1700 [Ρ.
3587 1628 3687 1697 '79)
3746 1634 3840 1689 καὶ

409 1717 786 1796 φιλοπαῖγμον
827 1724 936 1774 τῶν
987 1718 1076 1774 ἐπὶ
1117 1721 1228 1773 τῶν
1277 1716 1513 1794 τριόδων
1569 1715 1752 1789 εἷδὼς,
1803 1714 2090 1789 σουλτάνῳ
2141 1713 2196 1770 δὲ
2226 1717 2595 1794 χαριζόμενος
2641 1717 2800 1790 (κατὰ
2846 1717 3027 1792 βραχὺ
3083 1719 3186 1793 γὰρ
3232 1717 3331 1786 τήν
3389 1720 3486 1772 τοῦ
3549 1711 3835 1792 βαρϐάρου

411 1809 597 1882 ψυχὴν
648 1807 1081 1888 ὑπεισερχόμενα
1128 1803 1316 1864 ἔδακνε
1362 1807 1428 1863 τὰ
1508 1804 2018 1882 βωμολοχεύματα)
2060 1802 2359 1860 ἰπλάττετο
2435 1805 2528 1860 τὸν
2605 1806 2668 1860 τὸ
2740 1804 2960 1861 ἐκείνων
3031 1803 3490 1882 ὶλευθερόστομον
3565 1803 3834 1862 ἀναστέλο

417 1895 608 1956 λοντα.

484 1988 540 2042 6.
569 1988 872 2046 Enimvero
901 1988 1316 2046 Clizasthlanes
1350 1991 1484 2061 post
1523 1987 1851 2043 mirabilem
1905 1987 2069 2042 beni-

2251 1985 2310 2054 ζ’.
2344 1983 2493 2042 Μετὰ
2552 1981 2608 2039 δὲ
2663 1983 2762 2052 τὴν
2823 1985 3142 2060 άξιάγαστον
3201 1983 3615 2064 φιλοφροσύνην
3677 1982 3837 2060 δῶρα

415 2075 697 2151 gnitatem
729 2081 786 2134 et
817 2077 1002 2134 multa
1026 2078 1453 2151 splendidaque
1488 2093 1728 2134 munera
1769 2093 1838 2134 ex
1887 2075 2069 2149 impe-

2183 2069 2371 2128 πολλᾶ
2424 2071 2514 2128 καὶ
2574 2072 2802 2148 λαμπρᾶ
2857 2071 2916 2128 ἐκ
2967 2078 3077 2128 τῶν
3123 2072 3424 2148 βασιλικῶν
3458 2075 3761 2150 χρυσώνων
3803 2074 3836 2129 ὁ

424 2166 656 2223 ratoriis
685 2166 984 2223 thesauris
1012 2166 1318 2234 exhausta,
1367 2166 1584 2240 quibus
1635 2164 2074 2238 obstupefactus

415 2254 724 2312 dubitabat
762 2262 959 2312 utrum
1003 2257 1368 2313 tantumdem
1422 2255 1534 2312 sibi
1584 2253 1790 2326 reliqui
1844 2253 2077 2310 fecisset

423 2346 764 2418 imperator,
821 2344 991 2402 ltetus
1039 2351 1210 2416 atque
1257 2345 1470 2418 opibus
1521 2347 1772 2401 onustus
1829 2343 2072 2398 domum

423 2433 754 2491 revertitur.
791 2433 1018 2490 Manuel
1044 2436 1200 2491 enim
1231 2451 1367 2490 cum
1398 2432 1572 2491 sciret
1611 2432 1875 2505 quemvis
1929 2430 2071 2487 Bar-

424 2523 633 2578 barum
675 2539 916 2579 avarum
963 2538 1116 2594 esse,
1162 2526 1220 2580 et
1272 2522 1668 2578 Romanorum
1712 2519 2071 2591 opulentiam

425 2611 578 2670 158
620 2614 912 2669 ostentare
941 2611 1130 2679 vellet,
1167 2612 1452 2685 quidquid
1494 2609 1868 2668 Clizasthlani
1900 2610 2070 2666 datu-

425 2717 526 2757 rus
553 2704 695 2770 erat,
745 2700 804 2756 in
857 2699 1336 2773 splendidissimo
1382 2702 1638 2773 quodam
1688 2697 1886 2770 palatii
1937 2713 2072 2754 con-

429 2789 578 2846 clavi
634 2789 838 2847 ordine
895 2790 1186 2862 exposuit.
1249 2791 1326 2846 Ea
1386 2791 1543 2846 fuere
1608 2793 1841 2846 moneta
1897 2802 2071 2844 aurea

428 2885 604 2952 atque
633 2883 926 2952 argentea,
969 2879 1228 2936 delicatae
1270 2883 1481 2946 vestes,
1533 2883 1808 2951 argentea
1866 2875 2073 2950 pocula

425 2973 483 3026 et
539 2968 839 3025 Tbericlea
895 2985 1073 3024 aurea
1127 2973 1185 3025 et
1231 2967 1347 3024 tela
1403 2967 1794 3024 subtilissima
1841 2966 2072 3038 aliaque

425 3061 772 3113 ornamenta
803 3054 1036 3111 eximia.
1072 3055 1351 3112 Romanis
1382 3059 1588 3128 paratu
1634 3055 1936 3123 facillima,
1969 3056 2069 3110 sed

429 3161 563 3200 rara
589 3144 740 3216 apud
777 3143 1063 3201 Barbaros
1093 3149 1150 3200 et
1183 3145 1452 3216 pleraque
1494 3161 1793 3216 nunquam
1826 3151 1972 3200 visa.
2008 3144 2068 3200 Id

2187 2161 2485 2224 σουλτάνος
2533 2163 2970 2238 ἀπαρυσάμενος,
3025 2161 3106 2240 ἐφ’
3199 2163 3288 2226 οἶς
3380 2163 3472 2218 καὶ
3557 2159 3840 2238 ἔκθαμϐος

2185 2248 2468 2327 ἐγεγένητο
2525 2249 2615 2306 καὶ
2675 2249 3112 2327 διαπορούμενος
3181 2254 3246 2321 ἦν
3299 2253 3346 2306 εἴ
3399 2252 3490 2308 καὶ
3521 2253 3718 2328 ἑτέρων
3749 2274 3852 2308 το-

2187 2339 2394 2394 σούτων
2418 2337 2478 2394 τὸ
2507 2337 2721 2410 πλῆθος
2747 2340 2838 2395 καὶ
2868 2338 3212 2410 τηλικούτων
3243 2340 3307 2396 τὸ
3341 2339 3568 2417 μέγεθος
3612 2339 3848 2417 εὑπορεῖ

2190 2426 2468 2504 βασιλεὺς,
2527 2430 2742 2507 χαίρων
2809 2427 3143 2501 ἐπανέζευξεν
3212 2428 3508 2505 ἔμφορτος.
3583 2432 3644 2486 Ὀ
3720 2431 3832 2508 γὰρ

2183 2517 2560 2593 αὐτοκράτωρ,
2593 2515 2754 2582 εἰδὼς
2785 2519 2879 2591 μὲν
2913 2517 2996 2574 ὅτι
3030 2514 3307 2594 βάρϐαρος
3342 2517 3480 2582 ἅπας
3513 2517 3835 2594 λημμάτων

2181 2605 2440 2678 ἥττηται,
2492 2606 2948 2683 λαμπρυνόαενος
3010 2605 3067 2664 δὲ
3117 2607 3356 2682 μάλιστα
3421 2610 3514 2664 καί
3564 2609 3841 2684 ἐκπλῆξαι

2183 2694 2358 2759 θέλων
2387 2697 2481 2750 τὸν
2540 2693 2995 2768 Κλιτζασθλάνην
3060 2695 3146 2752 ἐπῖ
3214 2704 3332 2760 τοῖς
3391 2698 3844 2764 πολυταλάντοις

2179 2789 2288 2839 τῶν
2349 2789 2636 2859 θησαυρῶν
2705 2788 2789 2848 οἷς
2849 2788 2884 2855 ἡ
2948 2785 3200 2862 βασιλεία
3257 2788 3551 2860 Ἄωμαίων
3617 2787 3846 2866 περιερ-

2195 2873 2362 2947 ῥὲετο,
2421 2872 2472 2929 ἐν
2530 2874 2608 2928 ἑνὶ
2659 2879 2766 2930 τῶν
2816 2877 2953 2932 κατᾶ
2993 2877 3056 2932 τὸ
3115 2875 3338 2952 ἀρχεῖον
3423 2875 3843 2952 λαμπροτάτων

2179 2961 2473 3039 ἀνδρώνων
2534 2963 2656 3033 ἑξῆς
2715 2961 3040 3030 διατέθεικεν
3094 2964 3192 3020 ὅσα
3243 2965 3421 3038 τούτῳ
3449 2967 3838 3042 παρασχέσθαι

2183 3047 2333 3126 δῶρα
2360 3052 2641 3126 προέθετο.
2674 3053 2774 3110 Ἦν
2809 3050 2866 3108 δὲ
2893 3058 3061 3111 ταῦτα
3091 3055 3296 3130 χρυσός
3337 3075 3396 3109 τε
3450 3055 3540 3110 καὶ
3598 3055 3846 3130 ἄργυρος

2180 3141 2520 3214 κεκομμένος
2569 3141 2648 3203 εἷς
2697 3141 2966 3216 νόμισμα,
3025 3142 3115 3198 καὶ
3172 3149 3433 3220 τρυφῶσα
3501 3141 3681 3214 ἐσθὴς,
3738 3143 3848 3219 ἆρ-

313 4205 321 4212 ’
419 4213 715 4285 conjicias.
742 4235 771 4264 »
797 4217 850 4271 Is
873 4230 1004 4271 vero
1025 4219 1083 4270 et
1110 4213 1340 4270 laetatus
1362 4219 1419 4270 et
1440 4213 1882 4286 obstupefactus
1905 4219 1960 4269 et
1978 4230 2070 4286 pe-

427 3231 609 3303 igitur
638 3230 904 3288 conclave
928 3231 1230 3304 ingressus
1269 3232 1562 3289 sultanum
1607 3235 1870 3299 accersit,
1920 3249 2069 3289 nuu-

2181 3229 2348 3303 γύρεά
2403 3249 2462 3285 τε
2519 3227 2816 3303 ἐκπώματα
2884 3231 2976 3287 καὶ
3051 3230 3350 3306 Θηρίκλεια
3426 3231 3652 3308 χρύσεα,
3743 3231 3846 3288 καί

431 3321 570 3392 quid
602 3339 766 3379 exeo
794 3321 1069 3378 thesauro
1109 3322 1314 3379 donari
1363 3323 1474 3380 sibi
1540 3323 1678 3380 velit
1727 3328 1910 3396 rogat.
1959 3324 2066 3380 Re-

2181 3313 2366 3370 ὀθόναι
2405 3319 2514 3370 τῶν
2569 3315 2618 3384 ἐξ
2678 3315 3022 3394 ὑπερηφάνου
3087 3318 3250 3396 ὑφῆς,
3303 3316 3466 3374 ἄλλοι
3517 3339 3576 3374 τε
3631 3319 3846 3393 κόσμοι

427 3371 763 3480 esse};
798 3371 1342 3468 i111.".3".i;;7...
1363 3371 1692 3484 usus}.
1729 3371 1910 3484 ESSE
1948 3371 2069 3485 ιἰζέο

2599 3371 2618 3384 .
2782 3371 2879 3394 ..ι
2970 3371 3011 3373 μ
3096 3371 3250 3396 κιρ,
3532 3371 3571 3374 --
3635 3371 3844 3393 ν-ν-σνη

2184 3401 2466 3478 ἐξαίρετοι,
2547 3404 2851 3478 ’Πωμαίοις
2943 3407 3036 3479 μὲν
3126 3408 3218 3462 καὶ
3292 3407 3432 3462 πάνυ
3491 3407 3844 3484 εύπόριστοι,

433 3499 712 3566 dedisset,
768 3515 974 3556 rursus
1023 3500 1438 3575 interrogabat,
1487 3502 1537 3557 si
1591 3517 1718 3558 eam
1764 3503 2069 3572 pecuniam

2181 3490 2396 3548 σπάνιοι
2455 3491 2512 3548 δὲ
2559 3495 2705 3569 παρά
2771 3492 3074 3572 Βαρϐάροις
3124 3497 3310 3561 αὐτοῖς
3357 3501 3448 3554 καὶ
3505 3500 3575 3556 τὰ
3640 3499 3837 3556 πολλᾶ

424 3586 484 3644 in
543 3589 779 3645 militem
845 3588 1230 3645 domesticum
1296 3593 1353 3645 et
1413 3594 1714 3646 externum
1783 3593 2068 3662 erogaret,

2182 3579 2324 3655 μηδὲ
2353 3582 2552 3647 θεατοί.
2593 3581 2790 3641 Είσιὼν
2851 3586 2944 3640 οὗν
3003 3587 3030 3642 ὁ
3093 3586 3351 3663 βασιλεὺς
3407 3589 3498 3644 τὸν
3561 3587 3834 3662 ἀνδρῶνα,

426 3693 566 3734 num
595 3677 729 3750 quis
752 3677 1008 3734 hostium
1040 3695 1210 3734 suum
1233 3680 1512 3751 impetum
1540 3679 1830 3735 sustinere
1851 3683 2069 3748 posset.

2181 3671 2267 3726 καὶ
2322 3671 2413 3726 τὸν
2471 3669 2767 3729 σοολτάνον
2820 3672 2994 3730 ἐκεῖσε
3073 3675 3590 3752 μεταπεμψάμενος,
3656 3679 3832 3754 ἤρετο

423 3767 568 3822 Cum
597 3782 734 3824 vero
765 3765 863 3824 ille
903 3783 1016 3824 non
1075 3768 1200 3824 sine
1249 3767 1633 3824 admiratione
1688 3767 1932 3825 dixisset
1987 3783 2069 3838 se,

2181 3759 2224 3816 ei
2259 3757 2659 3836 δωρηθῆναίοῖ
2716 3766 2814 3818 τοῦ
2870 3765 3140 3837 παρόντος
3195 3763 3459 3840 βούλοιτο
3519 3769 3826 3843 θησαυροῦ.

423 3855 472 3910 si
512 3859 740 3912 tantum
795 3856 1054 3928 pecuuim
1112 3856 1438 3925 habuisset,
1493 3857 1614 3928 jam
1669 3857 1810 3913 olim
1869 3856 2069 3915 hostes

2181 3851 2291 3906 Τοῦ
2322 3847 2378 3905 δὲ
2399 3849 2646 3913 εἰπόντος
2679 3852 2755 3914 ὡς
2803 3853 3036 3927 αἱρεῖται
3087 3855 3236 3918 ὃσοις
3289 3855 3445 3912 αὑτὸν
3501 3854 3835 3932 δωρήσηται

421 3961 624 4002 omnes
655 3945 1037 4002 subacturum
1081 3946 1300 4002 fuisse:
1329 3968 1358 3997 ιι
1409 3945 1559 4012 Hec,
1612 3945 1825 4018 inquit,
1873 3946 2069 4003 omnia

2181 3937 2453 4015 βασιλεὺς,
2482 3939 2636 4003 αὖθις
2667 3940 2930 4018 ἐπήγαγεν
2955 3941 3003 3997 εἲ
3028 3965 3111 4006 τις
3151 3949 3260 4000 τῶν
3314 3943 3624 4002 ἀντιπάλων
3681 3948 3829 4004 Ῥω-

421 4033 524 4090 tibi
574 4035 748 4105 dono,
800 4039 866 4092 ut
910 4039 967 4091 et
1025 4035 1489 4092 muniﬁcentiam
1545 4051 1729 4092 meum
1782 4037 1962 4104 noris,
2014 4039 2069 4092 et

2181 4028 2383 4102 μαίοις,
2409 4030 2574 4084 αὐτοῦ
2603 4035 2770 4086 ταῦτα
2798 4032 3178 4105 κενωσαμένου
3201 4033 3278 4097 εἷς
3327 4035 3528 4106 ξενικὸν
3576 4036 3670 4090 καὶ
3733 4035 3835 4090 ὲν-

422 4123 658 4193 quantis
689 4124 900 4196 opibus
934 4123 1146 4196 polleat
1192 4125 1243 4182 is
1291 4123 1392 4196 qui
1442 4124 1540 4180 uni
1590 4127 1816 4180 tantum
1869 4125 2066 4192 donat,

2181 4115 2342 4173 δαπὸν
2373 4117 2699 4194 στράτευμα,
2733 4119 3018 4197 ὑπενέγκοι
3050 4120 3113 4176 ἄν
3157 4119 3304 4184 ὅλως
3354 4126 3454 4195 τήν
3512 4125 3630 4180 κατ’
3681 4123 3836 4180 ὲκεί-

2171 4227 2267 4262 νου
2317 4213 2427 4262 τῶν
2466 4209 2754 4282 Ῥωμαίων
2821 4209 3022 4285 ὁρμήν.
3081 4215 3193 4269 Τοῦ
3229 4210 3285 4268 δὲ
3336 4212 3678 4290 ἆγασαμὲνου
3730 4216 3830 4271 καὶ

2175 4292 2424 4358 εἶπόντος
2455 4297 2552 4366 ὡς,
2585 4297 2632 4352 εί
2692 4295 2965 4368 δεσπόζων
3021 4301 3092 4370 ἦν
3148 4301 3422 4358 τοσούτων
3480 4303 3823 4383 χρημάτων,

2169 4386 2313 4460 εἶχεν
2342 4384 2403 4441 ἄν
2423 4384 2594 4442 παλαι
2622 4388 2687 4442 τὸ
2714 4385 2903 4463 κύκλῳ
2931 4387 3202 4464 πολέμιον
3243 4391 3320 4455 εἷς
3365 4392 3612 4463 ὑπήκοον
3671 4395 3833 4467 αύτῷ

2171 4479 2554 4562 μεταθέμενος,
2605 4499 2633 4528 ι(
2681 4472 3098 4562 Φιλοτιμούμαί
3147 4501 3204 4536 σε
3269 4487 3388 4545 τοῖς
3463 4488 3620 4550 πᾶσι,
3689 4483 3832 4562 φησὶ

2169 4561 2562 4638 βασιλεὺς,²ίνα
2586 4564 2676 4620 καὶ
2705 4561 2910 4634 τοὺμὸν
2960 4562 3162 4638 εἰδείης
3207 4565 3520 4646 φιλόδωρόν
3575 4589 3632 4624 τε
3675 4561 3836 4643 ἅμτα

419 4304 601 4359 cunie
623 4302 938 4375 cupiditate
955 4319 1143 4360 caecus
1162 4302 1571 4375 seimperatori
1589 4302 1910 4359 Sebastiam
1929 4318 2064 4360 cum

419 4391 758 4448 suburbano
787 4407 925 4462 agro
956 4392 1318 4448 redditurum
1353 4391 1679 4464 pollicetur.
1714 4396 1838 4458 Qua
1869 4409 1929 4449 re
1949 4392 2064 4448 Ma-

420 4478 555 4534 nuel
586 4477 798 4550 cupide
818 4480 970 4538 159
995 4485 1251 4554 accepta,
1276 4497 1336 4536 se
1361 4480 1442 4536 illi
1465 4479 1599 4552 plus
1621 4481 1877 4553 pecunia:
1899 4481 2064 4537 datu-

419 4581 547 4622 rum
581 4567 868 4638 promisit,
902 4567 1002 4624 ubi
1029 4570 1202 4626 verba
1233 4570 1300 4626 ad
1337 4585 1458 4624 rem
1502 4569 1864 4626 contulisset.
1899 4571 1967 4626 Et
1998 4575 2064 4627 ut

419 4655 650 4711 Barbari
684 4655 1138 4713 inconstantiam
1171 4662 1554 4715 anteverteret
1581 4663 1640 4714 et
1687 4660 1904 4715 ferrum
1945 4660 2061 4716 ter-

2181 4655 2255 4708 ιαὶ
2289 4652 2795 4732 μεγαλόδωρον,ἆρ.
2819 4655 2890 4711 λὰ
2939 4655 3029 4710 καὶ
3073 4657 3214 4714 ὅσων
3263 4657 3376 4714 ἐστὶ
3431 4658 3621 4733 κύριος
3676 4677 3834 4734 χρη-

415 4759 558 4800 vens
585 4743 778 4802 adhuc
823 4763 928 4803 suo
977 4746 1254 4804 arbitratu
1306 4751 1561 4803 versaret
1609 4747 1856 4803 Gabram
1907 4749 2056 4805 Cou-

2181 4745 2352 4800 ιάτων
2390 4745 2419 4799 ὁ
2465 4747 2735 4811 τοιούτοις
2766 4751 2858 4806 καὶ
2908 4751 3191 4811 τοσούτοις
3249 4743 3340 4803 ἕνα
3390 4745 3820 4824 δωρούμενος..

417 4835 746 4892 stantinum
778 4852 912 4892 cum
951 4835 1153 4892 multis
1201 4835 1331 4892 aliis
1385 4836 1722 4892 muneribus
1773 4846 1827 4892 et
1873 4838 2066 4894 omnis

2181 4833 2236 4890 Ὀ
2267 4829 2327 4888 δὶ
2373 4832 2514 4905 ἥσθη
2555 4855 2611 4891 τε
2649 4838 2741 4892 καὶ
2793 4838 2974 4912 ἐξέστη
3005 4843 3074 4912 τῇ
3116 4834 3507 4912 ἀπομαγδαλιᾷ
3532 4840 3638 4891 τῶν
3669 4855 3840 4912 χρη-

414 4923 646 4998 generis
679 4925 864 4982 armis
895 4925 969 4982 ad
1001 4941 1135 4981 eum
1181 4925 1358 4980 misit.
1405 4925 1512 4980 Sed
1559 4924 1732 4981 homo
1785 4924 1959 4982 fallax
2009 4931 2068 4984 et

2181 4923 2385 4996 μάτων,
2441 4921 2778 5002 τυφλώττων
2837 4929 2972 5004 πρὸς
3039 4925 3251 5004 κέρδος,
3307 4927 3400 4982 καὶ
3460 4921 3679 4981 ϐασιλεῖ
3722 4929 3832 5000 τήν

415 5014 548 5071 ﬁdei
584 5015 876 5070 servandae
907 5013 1171 5086 ignarus,
1206 5019 1266 5069 ut
1293 5014 1552 5070 Iconium
1584 5014 1777 5081 rediit,
1831 5016 2062 5074 foederis

2181 5007 2497 5068 Σεϐάστειαν
2531 5015 2620 5070 καὶ
2652 5017 2752 5085 τήν
2783 5017 2979 5086 ταύτης
3029 5018 3218 5094 χώραν
3278 5015 3658 5091 παρασχέσθαι
3687 5037 3838 5075 κατ-

412 5101 632 5160 oblitus
657 5103 922 5160 Sebastia
970 5108 1194 5160 vastata
1249 5107 1307 5158 et
1363 5102 1575 5159 vicinia
1633 5104 1762 5174 ejus
1817 5105 2064 5164 subacta

2181 5101 2562 5179 ιπηγγείλατο.
2592 5105 2653 5162 Ὁ
2706 5105 2972 5177 Μανουήλ
3013 5103 3090 5176 δὲ,
3125 5107 3225 5176 τήν
3273 5105 3567 5181 ὑπόσχεσιν
3609 5107 3822 5179 ταύτην

409 5209 704 5252 summam
737 5211 931 5252 rerum
959 5195 1032 5250 ad
1059 5211 1120 5251 se
1155 5194 1480 5260 transtulit,
1513 5202 1568 5251 et
1600 5194 1844 5251 Dadune
1875 5196 2057 5266 ejecto

2181 5190 2416 5264 ἰσμένως
2498 5189 2806 5266 δεξάμενος,
2869 5195 2961 5250 καὶ
3044 5193 3201 5270 ’ἑτερα
3285 5191 3478 5250 δώσειν
3567 5193 3820 5266 ξυνέθετο

408 5282 780 5358 Czesareaque
825 5289 1106 5357 occupata
1153 5283 1328 5341 etiam
1379 5282 1666 5354 reliquum
1721 5283 2056 5356 popularem

2181 5282 2453 5357 χρήματα,
2512 5280 2559 5336 ει
2605 5281 2731 5346 τοὺς
2779 5282 2984 5362 λόγους
3027 5289 3146 5348 τοῖς
3207 5281 3393 5361 ἔργοις
3432 5285 3821 5356 πιστώσηται.

409 5372 1016 5446 suumJagupasanem
1034 5381 1286 5430 evertere
1303 5373 1749 5443 atqucoccidere
1765 5372 2056 5444 cupiebat.

2181 5369 2270 5426 Καὶ
2305 5367 2468 5432 αὐτὸς
2521 5370 2616 5442 μὶν
2643 5372 2740 5440 τήν
2789 5370 2886 5428 τοῦ
2929 5367 3208 5449 βαρϐάρου
3249 5373 3578 5452 προφθάνων
3609 5373 3821 5448 ῥοπὴν,

411 5457 519 5522 Qui
547 5474 681 5516 cum
711 5464 770 5517 et
797 5463 920 5532 ipse
949 5461 1209 5519 vicissim
1241 5461 1438 5534 copias
1469 5477 1606 5517 suas
1629 5466 1861 5532 cogeret
1880 5477 2059 5532 seque

2181 5458 2256 5514 ιαὶ
2311 5451 2414 5521 ἕως
2461 5453 2540 5513 ἔτι
2584 5458 2612 5514 ὁ
2665 5457 2891 5538 σίδηρος
2936 5461 2992 5518 lu
3030 5462 3205 5538 ἀκμῇ,
3251 5459 3452 5538 ἐνεργῷ
3497 5464 3824 5539 χρήσασθαι

413 5547 478 5598 ut
503 5550 704 5603 contra
732 5549 1133 5609 adversarium
1157 5551 1286 5622 jam
1318 5550 1537 5622 majore
1568 5548 1830 5622 potentia
1848 5549 2058 5622 praedi-

2181 5545 2344 5620 ιούτῳ
2412 5545 2770 5622 βουλόμενος,
2829 5547 3184 5626 διεπεπράχει
3255 5550 3330 5616 ὡς
3405 5549 3620 5627 εἰρήκει
3683 5553 3826 5628 μετὰ

414 5635 540 5690 tum
574 5633 910 5710 instrueret,
945 5639 1003 5696 in
1037 5639 1162 5710 ipso
1189 5639 1322 5697 belli
1347 5643 1622 5713 apparatu
1645 5639 2055 5712 exstinguitur.

2181 5634 2372 5713 taipdv'
2430 5633 2650 5702 στείλας
2703 5640 2807 5718 γὰρ
2857 5641 2948 5698 τὸν
3001 5635 3212 5722 Γαϐρῶ
3261 5645 3684 5700 Κωνσταντῖνον
3730 5642 3828 5718 ἐζ·-
