  <div class='ocr_page' id='page_1' title='image "/cluster/home/n/w/nwhite01/storage/ocr_20150623/139/hvd.32044023361710/236.png"; bbox 0 0 4068 6196; ppageno 0'>
   <div class='ocr_carea' id='block_1_1' title="bbox 220 422 333 482">
    <p class='ocr_par' dir='ltr' id='par_1_1' title="bbox 220 422 333 482">
     <span class='ocr_line' id='line_1_1' title="bbox 220 422 333 482; baseline 0.009 -1"><span class='ocrx_word' id='word_1_1' title='bbox 220 422 333 482; x_wconf 74' lang='grc'><strong>461</strong></span> 
     </span>
    </p>
   </div>
   <div class='ocr_carea' id='block_1_2' title="bbox 1284 425 2574 492">
    <p class='ocr_par' dir='ltr' id='par_1_2' title="bbox 1284 425 2574 492">
     <span class='ocr_line' id='line_1_2' title="bbox 1284 425 2574 492; baseline 0.004 -6"><span class='ocrx_word' id='word_1_2' title='bbox 1284 425 1388 486; x_wconf 89' lang='lat' dir='ltr'><strong>DE</strong></span> <span class='ocrx_word' id='word_1_3' title='bbox 1431 425 1807 489; x_wconf 81' lang='lat' dir='ltr'><strong>MANUELE</strong></span> <span class='ocrx_word' id='word_1_4' title='bbox 1850 428 2225 490; x_wconf 85' lang='lat' dir='ltr'><strong>COMNENO</strong></span> <span class='ocrx_word' id='word_1_5' title='bbox 2268 430 2420 492; x_wconf 90' lang='lat' dir='ltr'><strong>LIB.</strong></span> <span class='ocrx_word' id='word_1_6' title='bbox 2467 431 2574 492; x_wconf 88' lang='lat' dir='ltr'><strong>III.</strong></span> 
     </span>
    </p>
   </div>
   <div class='ocr_carea' id='block_1_3' title="bbox 3516 433 3634 495">
    <p class='ocr_par' dir='ltr' id='par_1_3' title="bbox 3516 433 3634 495">
     <span class='ocr_line' id='line_1_3' title="bbox 3516 433 3634 495; baseline 0 -1"><span class='ocrx_word' id='word_1_7' title='bbox 3516 433 3634 495; x_wconf 78' lang='grc'><strong>462</strong></span> 
     </span>
    </p>
   </div>
   <div class='ocr_carea' id='block_1_4' title="bbox 221 554 1864 651">
    <p class='ocr_par' dir='ltr' id='par_1_4' title="bbox 221 554 1864 635">
     <span class='ocr_line' id='line_1_4' title="bbox 221 554 1864 635; baseline 0.003 -26"><span class='ocrx_word' id='word_1_8' title='bbox 221 554 459 628; x_wconf 73' lang='grc' dir='ltr'>ἐπεμψεν</span> <span class='ocrx_word' id='word_1_9' title='bbox 506 556 659 629; x_wconf 84' lang='grc' dir='ltr'><strong>αὖτῷ</strong></span> <span class='ocrx_word' id='word_1_10' title='bbox 709 557 1130 633; x_wconf 73' lang='grc' dir='ltr'><strong>φιλοτιμήματα</strong></span> <span class='ocrx_word' id='word_1_11' title='bbox 1180 554 1323 613; x_wconf 78' lang='grc' dir='ltr'>ἄλλα</span> <span class='ocrx_word' id='word_1_12' title='bbox 1371 560 1505 614; x_wconf 81' lang='grc' dir='ltr'>ἄττα</span> <span class='ocrx_word' id='word_1_13' title='bbox 1554 559 1725 635; x_wconf 82' lang='grc' dir='ltr'>συχνά</span> <span class='ocrx_word' id='word_1_14' title='bbox 1779 561 1864 614; x_wconf 74' lang='grc' dir='ltr'>καὶ</span> 
     </span>
    </p>
   </div>
   <div class='ocr_carea' id='block_1_5' title="bbox 1973 554 3632 651">
    <p class='ocr_par' dir='ltr' id='par_1_5' title="bbox 1984 564 3632 640">
     <span class='ocr_line' id='line_1_5' title="bbox 1984 564 3632 640; baseline 0.005 -23"><span class='ocrx_word' id='word_1_15' title='bbox 1984 564 2256 620; x_wconf 88' lang='lat' dir='ltr'><strong>Dadunes</strong></span> <span class='ocrx_word' id='word_1_16' title='bbox 2304 582 2437 620; x_wconf 87' lang='lat' dir='ltr'><strong>vero</strong></span> <span class='ocrx_word' id='word_1_17' title='bbox 2486 565 2731 621; x_wconf 72' lang='lat' dir='ltr'><strong>Amasias</strong></span> <span class='ocrx_word' id='word_1_18' title='bbox 2783 567 3097 638; x_wconf 85' lang='lat' dir='ltr'><strong>satrapiam</strong></span> <span class='ocrx_word' id='word_1_19' title='bbox 3169 572 3235 623; x_wconf 91' lang='lat' dir='ltr'><strong>ut</strong></span> <span class='ocrx_word' id='word_1_20' title='bbox 3290 583 3632 640; x_wconf 80' lang='lat' dir='ltr'><strong>possessore</strong></span> 
     </span>
    </p>
   </div>
   <div class='ocr_carea' id='block_1_6' title="bbox 1867 651 1878 670">
    <p class='ocr_par' dir='ltr' id='par_1_6' title="bbox 1867 651 1878 670">
     <span class='ocr_line' id='line_1_6' title="bbox 1867 651 1878 670; baseline 0 0"><span class='ocrx_word' id='word_1_21' title='bbox 1867 651 1878 670; x_wconf 72' lang='grc' dir='ltr'><strong>ν</strong></span> 
     </span>
    </p>
   </div>
   <div class='ocr_carea' id='block_1_7' title="bbox 220 643 1859 722">
    <p class='ocr_par' dir='ltr' id='par_1_7' title="bbox 220 643 1859 722">
     <span class='ocr_line' id='line_1_7' title="bbox 220 643 1859 722; baseline 0.002 -21"><span class='ocrx_word' id='word_1_22' title='bbox 220 643 605 708; x_wconf 74' lang='grc' dir='ltr'>παντοδαποὺς</span> <span class='ocrx_word' id='word_1_23' title='bbox 638 645 968 720; x_wconf 81' lang='grc' dir='ltr'>ὁπλισμούς,</span> <span class='ocrx_word' id='word_1_24' title='bbox 1026 647 1087 704; x_wconf 72' lang='grc' dir='ltr'><strong>Ὀ</strong></span> <span class='ocrx_word' id='word_1_25' title='bbox 1136 643 1194 702; x_wconf 75' lang='grc' dir='ltr'>δὲ</span> <span class='ocrx_word' id='word_1_26' title='bbox 1232 649 1479 704; x_wconf 81' lang='grc' dir='ltr'><strong>ἀπατεὼν</strong></span> <span class='ocrx_word' id='word_1_27' title='bbox 1511 645 1584 703; x_wconf 79' lang='grc' dir='ltr'>ὣν</span> <span class='ocrx_word' id='word_1_28' title='bbox 1626 652 1715 704; x_wconf 79' lang='grc' dir='ltr'><strong>καὶ</strong></span> <span class='ocrx_word' id='word_1_29' title='bbox 1750 647 1859 722; x_wconf 80' lang='grc' dir='ltr'><strong>μηό</strong></span> 
     </span>
    </p>
   </div>
   <div class='ocr_carea' id='block_1_8' title="bbox 221 733 1876 811">
    <p class='ocr_par' dir='ltr' id='par_1_8' title="bbox 221 733 1876 811">
     <span class='ocr_line' id='line_1_8' title="bbox 221 733 1876 811; baseline 0.001 -22"><span class='ocrx_word' id='word_1_30' title='bbox 221 733 367 798; x_wconf 77' lang='grc' dir='ltr'>ὅλως</span> <span class='ocrx_word' id='word_1_31' title='bbox 422 735 690 806; x_wconf 72' lang='grc' dir='ltr'>ἀλήθειαν</span> <span class='ocrx_word' id='word_1_32' title='bbox 764 735 1020 811; x_wconf 76' lang='grc' dir='ltr'>ἐγνωκώς</span> <span class='ocrx_word' id='word_1_33' title='bbox 1095 757 1246 807; x_wconf 87' lang='grc' dir='ltr'>ποτε,</span> <span class='ocrx_word' id='word_1_34' title='bbox 1314 742 1420 793; x_wconf 83' lang='grc' dir='ltr'>τῶν</span> <span class='ocrx_word' id='word_1_35' title='bbox 1481 758 1538 793; x_wconf 86' lang='grc' dir='ltr'><strong>τε</strong></span> <span class='ocrx_word' id='word_1_36' title='bbox 1596 743 1876 808; x_wconf 75' lang='grc' dir='ltr'><strong>συνθηκῶν</strong></span> 
     </span>
    </p>
   </div>
   <div class='ocr_carea' id='block_1_9' title="bbox 219 822 1874 897">
    <p class='ocr_par' dir='ltr' id='par_1_9' title="bbox 219 822 1874 897">
     <span class='ocr_line' id='line_1_9' title="bbox 219 822 1874 897; baseline 0.002 -19"><span class='ocrx_word' id='word_1_37' title='bbox 219 822 516 888; x_wconf 71' lang='grc' dir='ltr'><strong>ἐπελάθετο</strong></span> <span class='ocrx_word' id='word_1_38' title='bbox 547 823 802 880; x_wconf 83' lang='grc' dir='ltr'>ἀπελθὼν</span> <span class='ocrx_word' id='word_1_39' title='bbox 855 825 931 888; x_wconf 78' lang='grc' dir='ltr'><strong>είς</strong></span> <span class='ocrx_word' id='word_1_40' title='bbox 991 826 1237 897; x_wconf 80' lang='grc' dir='ltr'><strong>Ἰκόνιον,</strong></span> <span class='ocrx_word' id='word_1_41' title='bbox 1288 826 1378 880; x_wconf 83' lang='grc' dir='ltr'><strong>καὶ</strong></span> <span class='ocrx_word' id='word_1_42' title='bbox 1420 827 1518 894; x_wconf 80' lang='grc' dir='ltr'><strong>τήν</strong></span> <span class='ocrx_word' id='word_1_43' title='bbox 1555 822 1874 882; x_wconf 75' lang='grc' dir='ltr'>Σεϐάστειαν</span> 
     </span>
    </p>
   </div>
   <div class='ocr_carea' id='block_1_10' title="bbox 220 912 1878 993">
    <p class='ocr_par' dir='ltr' id='par_1_10' title="bbox 220 912 1878 993">
     <span class='ocr_line' id='line_1_10' title="bbox 220 912 1878 993; baseline 0.002 -26"><span class='ocrx_word' id='word_1_44' title='bbox 220 912 565 987; x_wconf 71' lang='grc' dir='ltr'><strong>ἐκπορθήσας</strong></span> <span class='ocrx_word' id='word_1_45' title='bbox 620 915 710 969; x_wconf 83' lang='grc' dir='ltr'><strong>καὶ</strong></span> <span class='ocrx_word' id='word_1_46' title='bbox 760 914 827 970; x_wconf 72' lang='grc' dir='ltr'>τὰ</span> <span class='ocrx_word' id='word_1_47' title='bbox 875 915 964 969; x_wconf 84' lang='grc' dir='ltr'><strong>ὑπ’</strong></span> <span class='ocrx_word' id='word_1_48' title='bbox 1004 916 1174 984; x_wconf 71' lang='grc' dir='ltr'>αὐτὴν</span> <span class='ocrx_word' id='word_1_49' title='bbox 1236 916 1649 990; x_wconf 72' lang='grc' dir='ltr'><strong>χειρωσάμενος</strong></span> <span class='ocrx_word' id='word_1_50' title='bbox 1688 916 1878 993; x_wconf 75' lang='grc' dir='ltr'>γέγονε</span> 
     </span>
    </p>
   </div>
   <div class='ocr_carea' id='block_1_11' title="bbox 214 1002 1876 1081">
    <p class='ocr_par' dir='ltr' id='par_1_11' title="bbox 214 1002 1876 1081">
     <span class='ocr_line' id='line_1_11' title="bbox 214 1002 1876 1081; baseline 0.001 -23"><span class='ocrx_word' id='word_1_51' title='bbox 214 1008 315 1058; x_wconf 76' lang='grc' dir='ltr'>τῶν</span> <span class='ocrx_word' id='word_1_52' title='bbox 346 1002 495 1059; x_wconf 79' lang='grc' dir='ltr'>ὅλων</span> <span class='ocrx_word' id='word_1_53' title='bbox 530 1003 695 1066; x_wconf 73' lang='grc' dir='ltr'>αὐτὸς</span> <span class='ocrx_word' id='word_1_54' title='bbox 750 1002 1034 1081; x_wconf 77' lang='grc' dir='ltr'>ἐγκρατής.</span> <span class='ocrx_word' id='word_1_55' title='bbox 1097 1003 1322 1074; x_wconf 79' lang='grc' dir='ltr'>Ἐπειδῆ</span> <span class='ocrx_word' id='word_1_56' title='bbox 1383 1002 1440 1059; x_wconf 68' lang='grc' dir='ltr'><strong>δὲ</strong></span> <span class='ocrx_word' id='word_1_57' title='bbox 1495 1006 1586 1060; x_wconf 84' lang='grc' dir='ltr'><strong>καὶ</strong></span> <span class='ocrx_word' id='word_1_58' title='bbox 1624 1007 1716 1060; x_wconf 87' lang='grc' dir='ltr'><strong>τὸν</strong></span> <span class='ocrx_word' id='word_1_59' title='bbox 1770 1012 1876 1060; x_wconf 85' lang='grc' dir='ltr'><strong>Λα-</strong></span> 
     </span>
    </p>
   </div>
   <div class='ocr_carea' id='block_1_12' title="bbox 216 1090 1875 1169">
    <p class='ocr_par' dir='ltr' id='par_1_12' title="bbox 216 1090 1875 1169">
     <span class='ocr_line' id='line_1_12' title="bbox 216 1090 1875 1169; baseline 0 -22"><span class='ocrx_word' id='word_1_60' title='bbox 216 1090 408 1161; x_wconf 75' lang='grc' dir='ltr'>δοόνην</span> <span class='ocrx_word' id='word_1_61' title='bbox 471 1101 575 1163; x_wconf 81' lang='grc' dir='ltr'>τῆς</span> <span class='ocrx_word' id='word_1_62' title='bbox 634 1092 834 1157; x_wconf 70' lang='grc' dir='ltr'>οἴκείας</span> <span class='ocrx_word' id='word_1_63' title='bbox 893 1094 1072 1169; x_wconf 76' lang='grc' dir='ltr'>ἀρχῆς</span> <span class='ocrx_word' id='word_1_64' title='bbox 1131 1094 1452 1168; x_wconf 73' lang='grc' dir='ltr'>παρὲλυσιν,</span> <span class='ocrx_word' id='word_1_65' title='bbox 1512 1093 1715 1149; x_wconf 77' lang='grc' dir='ltr'>ἐκεῖνον</span> <span class='ocrx_word' id='word_1_66' title='bbox 1779 1096 1875 1167; x_wconf 75' lang='grc' dir='ltr'><strong>μὲν</strong></span> 
     </span>
    </p>
   </div>
   <div class='ocr_carea' id='block_1_13' title="bbox 218 1179 1877 1260">
    <p class='ocr_par' dir='ltr' id='par_1_13' title="bbox 218 1179 1877 1260">
     <span class='ocr_line' id='line_1_13' title="bbox 218 1179 1877 1260; baseline 0 -22"><span class='ocrx_word' id='word_1_67' title='bbox 218 1179 493 1257; x_wconf 67' lang='grc' dir='ltr'>δραπέτην</span> <span class='ocrx_word' id='word_1_68' title='bbox 553 1184 643 1238; x_wconf 78' lang='grc' dir='ltr'>καὶ</span> <span class='ocrx_word' id='word_1_69' title='bbox 701 1183 984 1255; x_wconf 78' lang='grc' dir='ltr'>πλανήτην</span> <span class='ocrx_word' id='word_1_70' title='bbox 1042 1183 1352 1260; x_wconf 81' lang='grc' dir='ltr'>εἰργάσατο,</span> <span class='ocrx_word' id='word_1_71' title='bbox 1410 1187 1508 1249; x_wconf 76' lang='grc' dir='ltr'>τῆς</span> <span class='ocrx_word' id='word_1_72' title='bbox 1570 1181 1627 1238; x_wconf 72' lang='grc' dir='ltr'><strong>δὲ</strong></span> <span class='ocrx_word' id='word_1_73' title='bbox 1678 1190 1877 1238; x_wconf 86' lang='grc' dir='ltr'>Καισα-</span> 
     </span>
    </p>
   </div>
   <div class='ocr_carea' id='block_1_14' title="bbox 213 1268 1874 1349">
    <p class='ocr_par' dir='ltr' id='par_1_14' title="bbox 213 1268 1874 1349">
     <span class='ocr_line' id='line_1_14' title="bbox 213 1268 1874 1349; baseline -0.001 -21"><span class='ocrx_word' id='word_1_74' title='bbox 213 1275 358 1349; x_wconf 82' lang='grc' dir='ltr'>ρείας</span> <span class='ocrx_word' id='word_1_75' title='bbox 418 1273 587 1335; x_wconf 80' lang='grc' dir='ltr'>αὐτὸς</span> <span class='ocrx_word' id='word_1_76' title='bbox 625 1268 933 1347; x_wconf 79' lang='grc' dir='ltr'>λαϐόμενος</span> <span class='ocrx_word' id='word_1_77' title='bbox 1000 1274 1090 1329; x_wconf 87' lang='grc' dir='ltr'><strong>καὶ</strong></span> <span class='ocrx_word' id='word_1_78' title='bbox 1147 1275 1238 1330; x_wconf 85' lang='grc' dir='ltr'>τὸν</span> <span class='ocrx_word' id='word_1_79' title='bbox 1292 1274 1488 1329; x_wconf 83' lang='grc' dir='ltr'>λοιπὸν</span> <span class='ocrx_word' id='word_1_80' title='bbox 1561 1274 1874 1347; x_wconf 75' lang='grc' dir='ltr'>μετήρχετο</span> 
     </span>
    </p>
   </div>
   <div class='ocr_carea' id='block_1_15' title="bbox 208 1359 1874 1442">
    <p class='ocr_par' dir='ltr' id='par_1_15' title="bbox 208 1359 1874 1442">
     <span class='ocr_line' id='line_1_15' title="bbox 208 1359 1874 1442; baseline -0.001 -25"><span class='ocrx_word' id='word_1_81' title='bbox 208 1361 515 1442; x_wconf 75' lang='grc' dir='ltr'>ξόμφυλον,</span> <span class='ocrx_word' id='word_1_82' title='bbox 584 1364 676 1418; x_wconf 86' lang='grc' dir='ltr'><strong>τὸν</strong></span> <span class='ocrx_word' id='word_1_83' title='bbox 733 1364 1156 1438; x_wconf 83' lang='grc' dir='ltr'>Ἰαγουπασάνήν</span> <span class='ocrx_word' id='word_1_84' title='bbox 1237 1363 1406 1440; x_wconf 76' lang='grc' dir='ltr'>φημὶ,</span> <span class='ocrx_word' id='word_1_85' title='bbox 1459 1363 1693 1434; x_wconf 74' lang='grc' dir='ltr'>νοσήσας</span> <span class='ocrx_word' id='word_1_86' title='bbox 1741 1359 1874 1416; x_wconf 81' lang='grc' dir='ltr'>κάπὶ</span> 
     </span>
    </p>
   </div>
   <div class='ocr_carea' id='block_1_16' title="bbox 208 1448 1864 1527">
    <p class='ocr_par' dir='ltr' id='par_1_16' title="bbox 208 1448 1864 1527">
     <span class='ocr_line' id='line_1_16' title="bbox 208 1448 1864 1527; baseline 0.001 -20"><span class='ocrx_word' id='word_1_87' title='bbox 208 1458 279 1527; x_wconf 77' lang='grc' dir='ltr'>τῇ</span> <span class='ocrx_word' id='word_1_88' title='bbox 307 1452 509 1509; x_wconf 75' lang='grc' dir='ltr'>τούτου</span> <span class='ocrx_word' id='word_1_89' title='bbox 539 1449 717 1527; x_wconf 79' lang='grc' dir='ltr'>ἔρωτα</span> <span class='ocrx_word' id='word_1_90' title='bbox 748 1454 908 1527; x_wconf 77' lang='grc' dir='ltr'>χώρα</span> <span class='ocrx_word' id='word_1_91' title='bbox 954 1453 1045 1507; x_wconf 81' lang='grc' dir='ltr'><strong>καὶ</strong></span> <span class='ocrx_word' id='word_1_92' title='bbox 1092 1453 1182 1507; x_wconf 87' lang='grc' dir='ltr'>τὸν</span> <span class='ocrx_word' id='word_1_93' title='bbox 1224 1449 1389 1524; x_wconf 78' lang='grc' dir='ltr'>ἄνδρα</span> <span class='ocrx_word' id='word_1_94' title='bbox 1422 1450 1591 1527; x_wconf 77' lang='grc' dir='ltr'>διψῶν</span> <span class='ocrx_word' id='word_1_95' title='bbox 1628 1448 1864 1509; x_wconf 90' lang='grc' dir='ltr'>ἀνελεῖν.</span> 
     </span>
    </p>
   </div>
   <div class='ocr_carea' id='block_1_17' title="bbox 210 1539 1868 1618">
    <p class='ocr_par' dir='ltr' id='par_1_17' title="bbox 210 1539 1868 1618">
     <span class='ocr_line' id='line_1_17' title="bbox 210 1539 1868 1618; baseline -0.003 -18"><span class='ocrx_word' id='word_1_96' title='bbox 210 1546 278 1600; x_wconf 92' lang='grc' dir='ltr'><strong>Ὅ</strong></span> <span class='ocrx_word' id='word_1_97' title='bbox 311 1539 371 1597; x_wconf 82' lang='grc' dir='ltr'><strong>δὲ</strong></span> <span class='ocrx_word' id='word_1_98' title='bbox 429 1543 515 1598; x_wconf 79' lang='grc' dir='ltr'>καὶ</span> <span class='ocrx_word' id='word_1_99' title='bbox 568 1542 728 1605; x_wconf 77' lang='grc' dir='ltr'>αὐτὸς</span> <span class='ocrx_word' id='word_1_100' title='bbox 776 1544 838 1597; x_wconf 89' lang='grc' dir='ltr'>τό</span> <span class='ocrx_word' id='word_1_101' title='bbox 897 1542 1097 1599; x_wconf 77' lang='grc' dir='ltr'>οἰκεῖον</span> <span class='ocrx_word' id='word_1_102' title='bbox 1157 1547 1466 1618; x_wconf 79' lang='grc' dir='ltr'>συγκροτῶν</span> <span class='ocrx_word' id='word_1_103' title='bbox 1519 1542 1570 1596; x_wconf 79' lang='grc' dir='ltr'><strong>ἐν</strong></span> <span class='ocrx_word' id='word_1_104' title='bbox 1602 1547 1682 1616; x_wconf 80' lang='grc' dir='ltr'>τῷ</span> <span class='ocrx_word' id='word_1_105' title='bbox 1717 1543 1868 1616; x_wconf 80' lang='grc' dir='ltr'>μὲρει</span> 
     </span>
    </p>
   </div>
   <div class='ocr_carea' id='block_1_18' title="bbox 211 1630 1870 1708">
    <p class='ocr_par' dir='ltr' id='par_1_18' title="bbox 211 1630 1870 1708">
     <span class='ocr_line' id='line_1_18' title="bbox 211 1630 1870 1708; baseline -0.001 -20"><span class='ocrx_word' id='word_1_106' title='bbox 211 1630 603 1707; x_wconf 80' lang='grc' dir='ltr'>στρατόπεδον,</span> <span class='ocrx_word' id='word_1_107' title='bbox 669 1635 756 1707; x_wconf 81' lang='grc' dir='ltr'><strong>[Ρ.</strong></span> <span class='ocrx_word' id='word_1_108' title='bbox 816 1634 908 1705; x_wconf 89' lang='grc'><strong>80]</strong></span> <span class='ocrx_word' id='word_1_109' title='bbox 967 1632 1057 1687; x_wconf 88' lang='grc' dir='ltr'><strong>καὶ</strong></span> <span class='ocrx_word' id='word_1_110' title='bbox 1125 1632 1199 1695; x_wconf 86' lang='grc' dir='ltr'>ὡς</span> <span class='ocrx_word' id='word_1_111' title='bbox 1265 1633 1400 1706; x_wconf 89' lang='grc' dir='ltr'>πρὸς</span> <span class='ocrx_word' id='word_1_112' title='bbox 1463 1631 1870 1708; x_wconf 73' lang='grc' dir='ltr'>ἀνταγωνιστὴν</span> 
     </span>
    </p>
   </div>
   <div class='ocr_carea' id='block_1_19' title="bbox 208 1716 1869 1797">
    <p class='ocr_par' dir='ltr' id='par_1_19' title="bbox 208 1716 1869 1797">
     <span class='ocr_line' id='line_1_19' title="bbox 208 1716 1869 1797; baseline -0.002 -19"><span class='ocrx_word' id='word_1_113' title='bbox 208 1722 315 1794; x_wconf 71' lang='grc' dir='ltr'><strong>ἤδη</strong></span> <span class='ocrx_word' id='word_1_114' title='bbox 410 1723 637 1797; x_wconf 76' lang='grc' dir='ltr'>μείζονα</span> <span class='ocrx_word' id='word_1_115' title='bbox 703 1716 1180 1797; x_wconf 78' lang='grc' dir='ltr'>περιϐαλλόμενον</span> <span class='ocrx_word' id='word_1_116' title='bbox 1243 1718 1464 1794; x_wconf 71' lang='grc' dir='ltr'>δύναμιν</span> <span class='ocrx_word' id='word_1_117' title='bbox 1528 1721 1869 1796; x_wconf 77' lang='grc' dir='ltr'>παραταττό-</span> 
     </span>
    </p>
   </div>
   <div class='ocr_carea' id='block_1_20' title="bbox 209 1808 1864 1891">
    <p class='ocr_par' dir='ltr' id='par_1_20' title="bbox 209 1808 1864 1891">
     <span class='ocr_line' id='line_1_20' title="bbox 209 1808 1864 1891; baseline -0.002 -23"><span class='ocrx_word' id='word_1_118' title='bbox 209 1834 393 1886; x_wconf 81' lang='grc' dir='ltr'>μενος,</span> <span class='ocrx_word' id='word_1_119' title='bbox 463 1813 646 1891; x_wconf 81' lang='grc' dir='ltr'>φθάνει</span> <span class='ocrx_word' id='word_1_120' title='bbox 712 1810 928 1885; x_wconf 87' lang='grc' dir='ltr'>θανάτῳ</span> <span class='ocrx_word' id='word_1_121' title='bbox 1015 1813 1116 1880; x_wconf 78' lang='grc' dir='ltr'><strong>τὴν</strong></span> <span class='ocrx_word' id='word_1_122' title='bbox 1180 1810 1489 1887; x_wconf 83' lang='grc' dir='ltr'>προθυμίαν</span> <span class='ocrx_word' id='word_1_123' title='bbox 1557 1808 1864 1870; x_wconf 80' lang='grc' dir='ltr'>διακοπείς.</span> 
     </span>
    </p>
   </div>
   <div class='ocr_carea' id='block_1_21' title="bbox 208 1897 1868 1975">
    <p class='ocr_par' dir='ltr' id='par_1_21' title="bbox 208 1897 1868 1975">
     <span class='ocr_line' id='line_1_21' title="bbox 208 1897 1868 1975; baseline -0.002 -18"><span class='ocrx_word' id='word_1_124' title='bbox 208 1901 489 1973; x_wconf 64' lang='grc' dir='ltr'>Μδοῦνης</span> <span class='ocrx_word' id='word_1_125' title='bbox 519 1899 577 1956; x_wconf 73' lang='grc' dir='ltr'><strong>δὲ</strong></span> <span class='ocrx_word' id='word_1_126' title='bbox 621 1901 696 1963; x_wconf 79' lang='grc' dir='ltr'>ὡς</span> <span class='ocrx_word' id='word_1_127' title='bbox 746 1901 823 1963; x_wconf 83' lang='grc' dir='ltr'><strong>είς</strong></span> <span class='ocrx_word' id='word_1_128' title='bbox 876 1900 1091 1975; x_wconf 76' lang='grc' dir='ltr'>ἐρήμην</span> <span class='ocrx_word' id='word_1_129' title='bbox 1130 1897 1393 1955; x_wconf 72' lang='grc' dir='ltr'>δυνάστου</span> <span class='ocrx_word' id='word_1_130' title='bbox 1436 1900 1535 1968; x_wconf 74' lang='grc' dir='ltr'><strong>τὴν</strong></span> <span class='ocrx_word' id='word_1_131' title='bbox 1562 1903 1669 1954; x_wconf 80' lang='grc' dir='ltr'><strong>τῶν</strong></span> <span class='ocrx_word' id='word_1_132' title='bbox 1700 1900 1868 1973; x_wconf 86' lang='grc' dir='ltr'>Ἀμα-</span> 
     </span>
    </p>
   </div>
   <div class='ocr_carea' id='block_1_22' title="bbox 204 1987 1867 2067">
    <p class='ocr_par' dir='ltr' id='par_1_22' title="bbox 204 1987 1867 2067">
     <span class='ocr_line' id='line_1_22' title="bbox 204 1987 1867 2067; baseline -0.003 -20"><span class='ocrx_word' id='word_1_133' title='bbox 204 1993 348 2047; x_wconf 82' lang='grc' dir='ltr'><strong>σέων</strong></span> <span class='ocrx_word' id='word_1_134' title='bbox 388 1991 709 2067; x_wconf 68' lang='grc' dir='ltr'>σατραπείαν</span> <span class='ocrx_word' id='word_1_135' title='bbox 767 1991 1062 2065; x_wconf 78' lang='grc' dir='ltr'>παρεισιὼν</span> <span class='ocrx_word' id='word_1_136' title='bbox 1119 1989 1315 2045; x_wconf 80' lang='grc' dir='ltr'>ἐκεῖθέν</span> <span class='ocrx_word' id='word_1_137' title='bbox 1367 2010 1427 2045; x_wconf 88' lang='grc' dir='ltr'>τε</span> <span class='ocrx_word' id='word_1_138' title='bbox 1482 1987 1867 2063; x_wconf 70' lang='grc' dir='ltr'>ἀποκρούεται,</span> 
     </span>
    </p>
   </div>
   <div class='ocr_carea' id='block_1_23' title="bbox 198 2076 1866 2156">
    <p class='ocr_par' dir='ltr' id='par_1_23' title="bbox 198 2076 1866 2156">
     <span class='ocr_line' id='line_1_23' title="bbox 198 2076 1866 2156; baseline -0.004 -19"><span class='ocrx_word' id='word_1_139' title='bbox 198 2084 293 2137; x_wconf 66' lang='lat' dir='ltr'><strong>ita?</strong></span> <span class='ocrx_word' id='word_1_140' title='bbox 350 2085 420 2156; x_wconf 79' lang='grc' dir='ltr'>τῇ</span> <span class='ocrx_word' id='word_1_141' title='bbox 482 2078 952 2155; x_wconf 80' lang='grc' dir='ltr'>μεταπεμψαμένῃ</span> <span class='ocrx_word' id='word_1_142' title='bbox 1008 2076 1198 2135; x_wconf 71' lang='grc' dir='ltr'>τοῦτον</span> <span class='ocrx_word' id='word_1_143' title='bbox 1230 2083 1298 2152; x_wconf 77' lang='grc' dir='ltr'>τῇ</span> <span class='ocrx_word' id='word_1_144' title='bbox 1328 2083 1426 2134; x_wconf 77' lang='grc' dir='ltr'><strong>τοῦ</strong></span> <span class='ocrx_word' id='word_1_145' title='bbox 1472 2077 1866 2155; x_wconf 82' lang='grc' dir='ltr'>Ἰαγουπασάνη</span> 
     </span>
    </p>
   </div>
   <div class='ocr_carea' id='block_1_24' title="bbox 199 2166 1869 2246">
    <p class='ocr_par' dir='ltr' id='par_1_24' title="bbox 199 2166 1869 2246">
     <span class='ocr_line' id='line_1_24' title="bbox 199 2166 1869 2246; baseline -0.003 -21"><span class='ocrx_word' id='word_1_146' title='bbox 199 2169 440 2244; x_wconf 76' lang='grc' dir='ltr'>συνεῦνῳ</span> <span class='ocrx_word' id='word_1_147' title='bbox 494 2169 730 2235; x_wconf 77' lang='grc' dir='ltr'>θάνάτου</span> <span class='ocrx_word' id='word_1_148' title='bbox 797 2167 971 2231; x_wconf 81' lang='grc' dir='ltr'>αἶ’τιος</span> <span class='ocrx_word' id='word_1_149' title='bbox 1026 2168 1253 2243; x_wconf 64' lang='grc' dir='ltr'>γίνεται*</span> <span class='ocrx_word' id='word_1_150' title='bbox 1321 2169 1371 2222; x_wconf 73' lang='grc' dir='ltr'>οἱ</span> <span class='ocrx_word' id='word_1_151' title='bbox 1440 2166 1543 2246; x_wconf 72' lang='grc' dir='ltr'><strong>γὰρ</strong></span> <span class='ocrx_word' id='word_1_152' title='bbox 1609 2169 1869 2241; x_wconf 88' lang='grc' dir='ltr'>Ἀμασεῖς</span> 
     </span>
    </p>
   </div>
   <div class='ocr_carea' id='block_1_25' title="bbox 196 2254 1869 2333">
    <p class='ocr_par' dir='ltr' id='par_1_25' title="bbox 196 2254 1869 2333">
     <span class='ocr_line' id='line_1_25' title="bbox 196 2254 1869 2333; baseline -0.003 -18"><span class='ocrx_word' id='word_1_153' title='bbox 196 2258 596 2323; x_wconf 72' lang='grc' dir='ltr'>ἐπαναστάντες</span> <span class='ocrx_word' id='word_1_154' title='bbox 656 2259 829 2329; x_wconf 71' lang='grc' dir='ltr'>αὒτήν</span> <span class='ocrx_word' id='word_1_155' title='bbox 866 2280 923 2314; x_wconf 90' lang='grc' dir='ltr'><strong>τε</strong></span> <span class='ocrx_word' id='word_1_156' title='bbox 980 2258 1056 2320; x_wconf 86' lang='grc' dir='ltr'>ὡς</span> <span class='ocrx_word' id='word_1_157' title='bbox 1115 2256 1292 2333; x_wconf 86' lang='grc' dir='ltr'>λάθρα</span> <span class='ocrx_word' id='word_1_158' title='bbox 1328 2263 1409 2331; x_wconf 75' lang='grc' dir='ltr'>τῷ</span> <span class='ocrx_word' id='word_1_159' title='bbox 1453 2254 1694 2331; x_wconf 74' lang='grc' dir='ltr'><strong>Δαδούνῃ</strong></span> <span class='ocrx_word' id='word_1_160' title='bbox 1727 2279 1869 2330; x_wconf 89' lang='grc' dir='ltr'>μνη-</span> 
     </span>
    </p>
   </div>
   <div class='ocr_carea' id='block_1_26' title="bbox 198 2345 1865 2423">
    <p class='ocr_par' dir='ltr' id='par_1_26' title="bbox 198 2345 1865 2423">
     <span class='ocr_line' id='line_1_26' title="bbox 198 2345 1865 2423; baseline -0.004 -18"><span class='ocrx_word' id='word_1_161' title='bbox 198 2351 492 2405; x_wconf 70' lang='grc' dir='ltr'>στεῦουσαν</span> <span class='ocrx_word' id='word_1_162' title='bbox 550 2350 651 2418; x_wconf 73' lang='grc' dir='ltr'>τήν</span> <span class='ocrx_word' id='word_1_163' title='bbox 709 2348 888 2423; x_wconf 73' lang='grc' dir='ltr'>ἀρχὴν</span> <span class='ocrx_word' id='word_1_164' title='bbox 970 2348 1252 2421; x_wconf 78' lang='grc' dir='ltr'>ἠμύναντο</span> <span class='ocrx_word' id='word_1_165' title='bbox 1303 2345 1554 2420; x_wconf 80' lang='grc' dir='ltr'>τελευτῇ,</span> <span class='ocrx_word' id='word_1_166' title='bbox 1614 2345 1704 2399; x_wconf 77' lang='grc' dir='ltr'>καὶ</span> <span class='ocrx_word' id='word_1_167' title='bbox 1764 2353 1865 2399; x_wconf 85' lang='grc' dir='ltr'><strong>Δα-</strong></span> 
     </span>
    </p>
   </div>
   <div class='ocr_carea' id='block_1_27' title="bbox 191 2438 1864 2518">
    <p class='ocr_par' dir='ltr' id='par_1_27' title="bbox 191 2438 1864 2518">
     <span class='ocr_line' id='line_1_27' title="bbox 191 2438 1864 2518; baseline -0.001 -19"><span class='ocrx_word' id='word_1_168' title='bbox 191 2442 393 2515; x_wconf 71' lang='grc' dir='ltr'>δούνην</span> <span class='ocrx_word' id='word_1_169' title='bbox 474 2440 840 2514; x_wconf 78' lang='grc' dir='ltr'>ἀδοξήσαντες</span> <span class='ocrx_word' id='word_1_170' title='bbox 924 2443 1165 2518; x_wconf 78' lang='grc' dir='ltr'>ἄρχοντα</span> <span class='ocrx_word' id='word_1_171' title='bbox 1261 2443 1468 2517; x_wconf 76' lang='grc' dir='ltr'>μακρὰν</span> <span class='ocrx_word' id='word_1_172' title='bbox 1532 2438 1864 2498; x_wconf 83' lang='grc' dir='ltr'>ἀπεώσαντο.</span> 
     </span>
    </p>
   </div>
   <div class='ocr_carea' id='block_1_28' title="bbox 192 2529 1865 2608">
    <p class='ocr_par' dir='ltr' id='par_1_28' title="bbox 192 2529 1865 2608">
     <span class='ocr_line' id='line_1_28' title="bbox 192 2529 1865 2608; baseline -0.005 -16"><span class='ocrx_word' id='word_1_173' title='bbox 192 2532 349 2592; x_wconf 82' lang='grc' dir='ltr'>’Δλλ’</span> <span class='ocrx_word' id='word_1_174' title='bbox 382 2532 520 2608; x_wconf 74' lang='grc' dir='ltr'>οὐχὶ</span> <span class='ocrx_word' id='word_1_175' title='bbox 592 2533 682 2589; x_wconf 83' lang='grc' dir='ltr'><strong>καὶ</strong></span> <span class='ocrx_word' id='word_1_176' title='bbox 745 2536 843 2587; x_wconf 84' lang='grc' dir='ltr'>τοῦ</span> <span class='ocrx_word' id='word_1_177' title='bbox 902 2531 1277 2602; x_wconf 74' lang='grc' dir='ltr'>Κλιτζασθλᾶν</span> <span class='ocrx_word' id='word_1_178' title='bbox 1321 2530 1599 2608; x_wconf 86' lang='grc' dir='ltr'>γεγόνασιν</span> <span class='ocrx_word' id='word_1_179' title='bbox 1635 2529 1865 2606; x_wconf 81' lang='grc' dir='ltr'>ἰσχυρό-</span> 
     </span>
    </p>
   </div>
   <div class='ocr_carea' id='block_1_29' title="bbox 186 2617 1866 2699">
    <p class='ocr_par' dir='ltr' id='par_1_29' title="bbox 186 2617 1866 2699">
     <span class='ocr_line' id='line_1_29' title="bbox 186 2617 1866 2699; baseline -0.003 -21"><span class='ocrx_word' id='word_1_180' title='bbox 186 2624 365 2697; x_wconf 79' lang='grc' dir='ltr'>τεροὶ,</span> <span class='ocrx_word' id='word_1_181' title='bbox 399 2621 537 2678; x_wconf 85' lang='grc' dir='ltr'>ἀλλ’</span> <span class='ocrx_word' id='word_1_182' title='bbox 568 2619 727 2685; x_wconf 76' lang='grc' dir='ltr'>οὗτος</span> <span class='ocrx_word' id='word_1_183' title='bbox 774 2622 949 2677; x_wconf 78' lang='grc' dir='ltr'>αὐτῶν</span> <span class='ocrx_word' id='word_1_184' title='bbox 998 2620 1180 2699; x_wconf 82' lang='grc' dir='ltr'>φανεὶς</span> <span class='ocrx_word' id='word_1_185' title='bbox 1220 2617 1608 2694; x_wconf 65' lang='grc' dir='ltr'>δυνατώτερος,</span> <span class='ocrx_word' id='word_1_186' title='bbox 1645 2619 1719 2680; x_wconf 85' lang='grc' dir='ltr'>ὡς</span> <span class='ocrx_word' id='word_1_187' title='bbox 1752 2620 1866 2693; x_wconf 68' lang='grc' dir='ltr'>εἶχε</span> 
     </span>
    </p>
   </div>
   <div class='ocr_carea' id='block_1_30' title="bbox 186 2704 1864 2786">
    <p class='ocr_par' dir='ltr' id='par_1_30' title="bbox 186 2704 1864 2786">
     <span class='ocr_line' id='line_1_30' title="bbox 186 2704 1864 2786; baseline -0.002 -22"><span class='ocrx_word' id='word_1_188' title='bbox 186 2710 382 2786; x_wconf 75' lang='grc' dir='ltr'>πρώην</span> <span class='ocrx_word' id='word_1_189' title='bbox 443 2708 870 2777; x_wconf 80' lang='grc' dir='ltr'>Καππαδοκίαν,</span> <span class='ocrx_word' id='word_1_190' title='bbox 936 2708 1081 2763; x_wconf 74' lang='grc' dir='ltr'>οὕτω</span> <span class='ocrx_word' id='word_1_191' title='bbox 1137 2706 1228 2763; x_wconf 80' lang='grc' dir='ltr'><strong>καὶ</strong></span> <span class='ocrx_word' id='word_1_192' title='bbox 1289 2709 1579 2781; x_wconf 81' lang='grc' dir='ltr'>Ἀμάσειαν</span> <span class='ocrx_word' id='word_1_193' title='bbox 1641 2704 1864 2782; x_wconf 73' lang='grc' dir='ltr'>ε’ἳληφεν</span> 
     </span>
    </p>
   </div>
   <div class='ocr_carea' id='block_1_31' title="bbox 184 2793 1867 2876">
    <p class='ocr_par' dir='ltr' id='par_1_31' title="bbox 184 2793 1867 2876">
     <span class='ocr_line' id='line_1_31' title="bbox 184 2793 1867 2876; baseline -0.004 -22"><span class='ocrx_word' id='word_1_194' title='bbox 184 2800 444 2874; x_wconf 68' lang='grc' dir='ltr'>ὕστερον,</span> <span class='ocrx_word' id='word_1_195' title='bbox 492 2798 643 2872; x_wconf 78' lang='grc' dir='ltr'>ὀξείᾳ</span> <span class='ocrx_word' id='word_1_196' title='bbox 671 2799 763 2853; x_wconf 87' lang='grc' dir='ltr'><strong>καὶ</strong></span> <span class='ocrx_word' id='word_1_197' title='bbox 808 2798 1061 2874; x_wconf 79' lang='grc' dir='ltr'>ἐπιτυχεῖ</span> <span class='ocrx_word' id='word_1_198' title='bbox 1105 2796 1254 2876; x_wconf 78' lang='grc' dir='ltr'>τύχῇ</span> <span class='ocrx_word' id='word_1_199' title='bbox 1306 2796 1444 2871; x_wconf 87' lang='grc' dir='ltr'>πρὸς</span> <span class='ocrx_word' id='word_1_200' title='bbox 1474 2795 1541 2851; x_wconf 79' lang='grc' dir='ltr'>τὰ</span> <span class='ocrx_word' id='word_1_201' title='bbox 1574 2793 1867 2871; x_wconf 88' lang='grc' dir='ltr'>πράγματα</span> 
     </span>
    </p>
   </div>
   <div class='ocr_carea' id='block_1_32' title="bbox 186 2882 1866 2967">
    <p class='ocr_par' dir='ltr' id='par_1_32' title="bbox 186 2882 1866 2967">
     <span class='ocr_line' id='line_1_32' title="bbox 186 2882 1866 2967; baseline -0.004 -25"><span class='ocrx_word' id='word_1_202' title='bbox 186 2889 520 2967; x_wconf 76' lang='grc' dir='ltr'>χρώμενος,</span> <span class='ocrx_word' id='word_1_203' title='bbox 586 2888 874 2963; x_wconf 76' lang='grc' dir='ltr'>ἄνθρωπος</span> <span class='ocrx_word' id='word_1_204' title='bbox 932 2885 1029 2941; x_wconf 74' lang='grc' dir='ltr'>οὐκ</span> <span class='ocrx_word' id='word_1_205' title='bbox 1080 2887 1285 2966; x_wconf 74' lang='grc' dir='ltr'>εὐφυὴς</span> <span class='ocrx_word' id='word_1_206' title='bbox 1333 2885 1432 2954; x_wconf 75' lang='grc' dir='ltr'><strong>τὴν</strong></span> <span class='ocrx_word' id='word_1_207' title='bbox 1492 2882 1737 2959; x_wconf 87' lang='grc' dir='ltr'>διαρτίαν</span> <span class='ocrx_word' id='word_1_208' title='bbox 1768 2887 1866 2936; x_wconf 80' lang='grc' dir='ltr'><strong>τοῦ</strong></span> 
     </span>
    </p>
   </div>
   <div class='ocr_carea' id='block_1_33' title="bbox 186 2970 1862 3054">
    <p class='ocr_par' dir='ltr' id='par_1_33' title="bbox 186 2970 1862 3054">
     <span class='ocr_line' id='line_1_33' title="bbox 186 2970 1862 3054; baseline -0.003 -23"><span class='ocrx_word' id='word_1_209' title='bbox 186 2980 480 3051; x_wconf 86' lang='grc' dir='ltr'>σώματος,</span> <span class='ocrx_word' id='word_1_210' title='bbox 506 2976 639 3033; x_wconf 83' lang='grc' dir='ltr'>ἀλλ’</span> <span class='ocrx_word' id='word_1_211' title='bbox 679 2974 1204 3054; x_wconf 75' lang='grc' dir='ltr'>ἠκρωτηριασμένος</span> <span class='ocrx_word' id='word_1_212' title='bbox 1253 2974 1304 3029; x_wconf 83' lang='grc' dir='ltr'><strong>ἐν</strong></span> <span class='ocrx_word' id='word_1_213' title='bbox 1353 2973 1458 3028; x_wconf 81' lang='grc' dir='ltr'><strong>οὐκ</strong></span> <span class='ocrx_word' id='word_1_214' title='bbox 1510 2970 1721 3049; x_wconf 83' lang='grc' dir='ltr'>ὀλίγοις</span> <span class='ocrx_word' id='word_1_215' title='bbox 1752 2976 1862 3027; x_wconf 79' lang='grc' dir='ltr'>τῶν</span> 
     </span>
    </p>
   </div>
   <div class='ocr_carea' id='block_1_34' title="bbox 187 3060 1866 3141">
    <p class='ocr_par' dir='ltr' id='par_1_34' title="bbox 187 3060 1866 3141">
     <span class='ocr_line' id='line_1_34' title="bbox 187 3060 1866 3141; baseline -0.004 -19"><span class='ocrx_word' id='word_1_216' title='bbox 187 3068 425 3141; x_wconf 75' lang='grc' dir='ltr'>καιρίων</span> <span class='ocrx_word' id='word_1_217' title='bbox 477 3065 692 3140; x_wconf 79' lang='grc' dir='ltr'>μελῶν.</span> <span class='ocrx_word' id='word_1_218' title='bbox 745 3064 946 3124; x_wconf 76' lang='grc' dir='ltr'>Λύτίκα</span> <span class='ocrx_word' id='word_1_219' title='bbox 988 3064 1089 3141; x_wconf 73' lang='grc' dir='ltr'><strong>γάρ</strong></span> <span class='ocrx_word' id='word_1_220' title='bbox 1143 3064 1199 3118; x_wconf 77' lang='grc' dir='ltr'>αἱ</span> <span class='ocrx_word' id='word_1_221' title='bbox 1258 3066 1441 3141; x_wconf 88' lang='grc' dir='ltr'>χεῖρες</span> <span class='ocrx_word' id='word_1_222' title='bbox 1491 3060 1675 3134; x_wconf 75' lang='grc' dir='ltr'>τούτῳ</span> <span class='ocrx_word' id='word_1_223' title='bbox 1704 3060 1866 3135; x_wconf 76' lang='grc' dir='ltr'>ἐξήρ-</span> 
     </span>
    </p>
   </div>
   <div class='ocr_carea' id='block_1_35' title="bbox 188 3147 1864 3228">
    <p class='ocr_par' dir='ltr' id='par_1_35' title="bbox 188 3147 1864 3228">
     <span class='ocr_line' id='line_1_35' title="bbox 188 3147 1864 3228; baseline -0.004 -18"><span class='ocrx_word' id='word_1_224' title='bbox 188 3157 407 3228; x_wconf 83' lang='grc' dir='ltr'>θρωντο</span> <span class='ocrx_word' id='word_1_225' title='bbox 440 3159 532 3211; x_wconf 78' lang='grc' dir='ltr'><strong>καὶ</strong></span> <span class='ocrx_word' id='word_1_226' title='bbox 571 3156 651 3212; x_wconf 85' lang='grc' dir='ltr'>τὼ</span> <span class='ocrx_word' id='word_1_227' title='bbox 704 3153 839 3212; x_wconf 80' lang='grc' dir='ltr'>πόδε</span> <span class='ocrx_word' id='word_1_228' title='bbox 888 3153 1251 3223; x_wconf 76' lang='grc' dir='ltr'>ὕποσκάζοντε</span> <span class='ocrx_word' id='word_1_229' title='bbox 1279 3152 1435 3223; x_wconf 80' lang='grc' dir='ltr'>ἦσαν,</span> <span class='ocrx_word' id='word_1_230' title='bbox 1463 3151 1553 3206; x_wconf 85' lang='grc' dir='ltr'><strong>καὶ</strong></span> <span class='ocrx_word' id='word_1_231' title='bbox 1584 3150 1650 3205; x_wconf 77' lang='grc' dir='ltr'>τὰ</span> <span class='ocrx_word' id='word_1_232' title='bbox 1676 3147 1864 3205; x_wconf 87' lang='grc' dir='ltr'>πολλά</span> 
     </span>
    </p>
   </div>
   <div class='ocr_carea' id='block_1_36' title="bbox 182 3238 1858 3323">
    <p class='ocr_par' dir='ltr' id='par_1_36' title="bbox 182 3238 1858 3323">
     <span class='ocr_line' id='line_1_36' title="bbox 182 3238 1858 3323; baseline -0.006 -21"><span class='ocrx_word' id='word_1_233' title='bbox 182 3243 262 3323; x_wconf 71' lang='grc' dir='ltr'><strong>ἐφ’</strong></span> <span class='ocrx_word' id='word_1_234' title='bbox 320 3247 664 3322; x_wconf 79' lang='grc' dir='ltr'>ἁρμαμάξης</span> <span class='ocrx_word' id='word_1_235' title='bbox 722 3247 824 3317; x_wconf 73' lang='grc' dir='ltr'><strong>τὴν</strong></span> <span class='ocrx_word' id='word_1_236' title='bbox 898 3245 1122 3320; x_wconf 87' lang='grc' dir='ltr'>πορείαν</span> <span class='ocrx_word' id='word_1_237' title='bbox 1200 3240 1491 3312; x_wconf 84' lang='grc' dir='ltr'>πεποίητο.</span> <span class='ocrx_word' id='word_1_238' title='bbox 1550 3243 1710 3303; x_wconf 84' lang='grc' dir='ltr'>Ὅθεν</span> <span class='ocrx_word' id='word_1_239' title='bbox 1768 3238 1858 3293; x_wconf 82' lang='grc' dir='ltr'><strong>καὶ</strong></span> 
     </span>
    </p>
   </div>
   <div class='ocr_carea' id='block_1_37' title="bbox 1898 1946 1946 2011">
    <p class='ocr_par' dir='ltr' id='par_1_37' title="bbox 1898 1946 1946 2011">
     <span class='ocr_line' id='line_1_37' title="bbox 1898 1946 1946 2011; baseline 0 0"><span class='ocrx_word' id='word_1_240' title='bbox 1898 1946 1946 2011; x_wconf 89' lang='grc' dir='ltr'><strong>Β</strong></span> 
     </span>
    </p>
   </div>
   <div class='ocr_carea' id='block_1_38' title="bbox 1985 653 3630 727">
    <p class='ocr_par' dir='ltr' id='par_1_38' title="bbox 1985 653 3630 727">
     <span class='ocr_line' id='line_1_38' title="bbox 1985 653 3630 727; baseline 0.005 -22"><span class='ocrx_word' id='word_1_241' title='bbox 1985 668 2224 707; x_wconf 83' lang='lat' dir='ltr'>vacuam</span> <span class='ocrx_word' id='word_1_242' title='bbox 2284 654 2435 709; x_wconf 84' lang='lat' dir='ltr'><strong>clam</strong></span> <span class='ocrx_word' id='word_1_243' title='bbox 2485 653 2809 726; x_wconf 87' lang='lat' dir='ltr'><strong>ingressus,</strong></span> <span class='ocrx_word' id='word_1_244' title='bbox 2861 659 2917 711; x_wconf 91' lang='lat' dir='ltr'><strong>et</strong></span> <span class='ocrx_word' id='word_1_245' title='bbox 2948 673 3153 712; x_wconf 81' lang='lat' dir='ltr'><strong>rursus</strong></span> <span class='ocrx_word' id='word_1_246' title='bbox 3200 656 3336 712; x_wconf 91' lang='lat' dir='ltr'><strong>inde</strong></span> <span class='ocrx_word' id='word_1_247' title='bbox 3387 658 3630 727; x_wconf 83' lang='lat' dir='ltr'><strong>ejectus,</strong></span> 
     </span>
    </p>
   </div>
   <div class='ocr_carea' id='block_1_39' title="bbox 1981 743 3634 817">
    <p class='ocr_par' dir='ltr' id='par_1_39' title="bbox 1981 743 3634 817">
     <span class='ocr_line' id='line_1_39' title="bbox 1981 743 3634 817; baseline 0.002 -19"><span class='ocrx_word' id='word_1_248' title='bbox 1981 743 2372 814; x_wconf 72' lang='lat' dir='ltr'><strong>Jagupasanis</strong></span> <span class='ocrx_word' id='word_1_249' title='bbox 2414 744 2600 813; x_wconf 84' lang='lat' dir='ltr'><strong>uxori,</strong></span> <span class='ocrx_word' id='word_1_250' title='bbox 2651 762 2683 800; x_wconf 91' lang='lat' dir='ltr'><strong>a</strong></span> <span class='ocrx_word' id='word_1_251' title='bbox 2732 762 2848 817; x_wconf 88' lang='lat' dir='ltr'><strong>qua</strong></span> <span class='ocrx_word' id='word_1_252' title='bbox 2895 746 3212 801; x_wconf 83' lang='lat' dir='ltr'><strong>accersitus</strong></span> <span class='ocrx_word' id='word_1_253' title='bbox 3255 752 3402 814; x_wconf 88' lang='lat' dir='ltr'><strong>erat,</strong></span> <span class='ocrx_word' id='word_1_254' title='bbox 3459 762 3634 803; x_wconf 85' lang='lat' dir='ltr'><strong>causa</strong></span> 
     </span>
    </p>
   </div>
   <div class='ocr_carea' id='block_1_40' title="bbox 1982 833 3629 906">
    <p class='ocr_par' dir='ltr' id='par_1_40' title="bbox 1982 833 3629 906">
     <span class='ocr_line' id='line_1_40' title="bbox 1982 833 3629 906; baseline 0.003 -20"><span class='ocrx_word' id='word_1_255' title='bbox 1982 833 2185 887; x_wconf 87' lang='lat' dir='ltr'><strong>mortis</strong></span> <span class='ocrx_word' id='word_1_256' title='bbox 2231 833 2473 887; x_wconf 78' lang='lat' dir='ltr'><strong>exstitit.</strong></span> <span class='ocrx_word' id='word_1_257' title='bbox 2508 835 2783 889; x_wconf 83' lang='lat' dir='ltr'><strong>Amaseni</strong></span> <span class='ocrx_word' id='word_1_258' title='bbox 2834 834 2991 889; x_wconf 89' lang='lat' dir='ltr'><strong>enim</strong></span> <span class='ocrx_word' id='word_1_259' title='bbox 3026 851 3153 890; x_wconf 87' lang='lat' dir='ltr'><strong>eam</strong></span> <span class='ocrx_word' id='word_1_260' title='bbox 3206 841 3267 891; x_wconf 86' lang='lat' dir='ltr'><strong>ut</strong></span> <span class='ocrx_word' id='word_1_261' title='bbox 3317 834 3629 906; x_wconf 91' lang='lat' dir='ltr'><strong>imperium</strong></span> 
     </span>
    </p>
   </div>
   <div class='ocr_carea' id='block_1_41' title="bbox 1982 920 3625 995">
    <p class='ocr_par' dir='ltr' id='par_1_41' title="bbox 1982 920 3625 995">
     <span class='ocr_line' id='line_1_41' title="bbox 1982 920 3625 995; baseline 0.004 -21"><span class='ocrx_word' id='word_1_262' title='bbox 1982 920 2136 976; x_wconf 81' lang='lat' dir='ltr'><strong>I60</strong></span> <span class='ocrx_word' id='word_1_263' title='bbox 2166 921 2394 975; x_wconf 89' lang='lat' dir='ltr'><strong>Daduni</strong></span> <span class='ocrx_word' id='word_1_264' title='bbox 2446 922 2595 976; x_wconf 89' lang='lat' dir='ltr'><strong>clam</strong></span> <span class='ocrx_word' id='word_1_265' title='bbox 2646 922 3086 978; x_wconf 81' lang='lat' dir='ltr'><strong>conciliaturam</strong></span> <span class='ocrx_word' id='word_1_266' title='bbox 3131 940 3233 995; x_wconf 93' lang='lat' dir='ltr'><strong>per</strong></span> <span class='ocrx_word' id='word_1_267' title='bbox 3282 924 3625 980; x_wconf 86' lang='lat' dir='ltr'><strong>seditionem</strong></span> 
     </span>
    </p>
   </div>
   <div class='ocr_carea' id='block_1_42' title="bbox 1982 1010 3623 1084">
    <p class='ocr_par' dir='ltr' id='par_1_42' title="bbox 1982 1010 3623 1084">
     <span class='ocr_line' id='line_1_42' title="bbox 1982 1010 3623 1084; baseline 0.004 -19"><span class='ocrx_word' id='word_1_268' title='bbox 1982 1010 2357 1076; x_wconf 85' lang='lat' dir='ltr'><strong>occiderunt;</strong></span> <span class='ocrx_word' id='word_1_269' title='bbox 2393 1016 2450 1064; x_wconf 73' lang='lat' dir='ltr'><strong>et</strong></span> <span class='ocrx_word' id='word_1_270' title='bbox 2478 1011 2799 1079; x_wconf 86' lang='lat' dir='ltr'><strong>Dadunem,</strong></span> <span class='ocrx_word' id='word_1_271' title='bbox 2833 1030 3007 1084; x_wconf 87' lang='lat' dir='ltr'><strong>quem</strong></span> <span class='ocrx_word' id='word_1_272' title='bbox 3043 1014 3359 1084; x_wconf 88' lang='lat' dir='ltr'><strong>principem</strong></span> <span class='ocrx_word' id='word_1_273' title='bbox 3395 1032 3623 1072; x_wconf 88' lang='lat' dir='ltr'><strong>aversa-</strong></span> 
     </span>
    </p>
   </div>
   <div class='ocr_carea' id='block_1_43' title="bbox 1982 1098 3622 1175">
    <p class='ocr_par' dir='ltr' id='par_1_43' title="bbox 1982 1098 3622 1175">
     <span class='ocr_line' id='line_1_43' title="bbox 1982 1098 3622 1175; baseline 0.005 -22"><span class='ocrx_word' id='word_1_274' title='bbox 1982 1099 2206 1163; x_wconf 83' lang='lat' dir='ltr'><strong>bantur,</strong></span> <span class='ocrx_word' id='word_1_275' title='bbox 2237 1098 2408 1171; x_wconf 86' lang='lat' dir='ltr'><strong>longe</strong></span> <span class='ocrx_word' id='word_1_276' title='bbox 2438 1101 2754 1171; x_wconf 88' lang='lat' dir='ltr'><strong>ejeceruut.</strong></span> <span class='ocrx_word' id='word_1_277' title='bbox 2789 1104 2897 1156; x_wconf 88' lang='lat' dir='ltr'><strong>Sed</strong></span> <span class='ocrx_word' id='word_1_278' title='bbox 2949 1102 3358 1158; x_wconf 84' lang='lat' dir='ltr'><strong>Clizastblanis</strong></span> <span class='ocrx_word' id='word_1_279' title='bbox 3411 1104 3622 1175; x_wconf 82' lang='lat' dir='ltr'><strong>opibus</strong></span> 
     </span>
    </p>
   </div>
   <div class='ocr_carea' id='block_1_44' title="bbox 1981 1189 3619 1264">
    <p class='ocr_par' dir='ltr' id='par_1_44' title="bbox 1981 1189 3619 1264">
     <span class='ocr_line' id='line_1_44' title="bbox 1981 1189 3619 1264; baseline 0.004 -21"><span class='ocrx_word' id='word_1_280' title='bbox 1981 1189 2253 1243; x_wconf 88' lang='lat' dir='ltr'><strong>resistere</strong></span> <span class='ocrx_word' id='word_1_281' title='bbox 2272 1206 2384 1243; x_wconf 92' lang='lat' dir='ltr'><strong>non</strong></span> <span class='ocrx_word' id='word_1_282' title='bbox 2406 1195 2744 1260; x_wconf 89' lang='lat' dir='ltr'><strong>potuerunt,</strong></span> <span class='ocrx_word' id='word_1_283' title='bbox 2773 1190 2939 1261; x_wconf 88' lang='lat' dir='ltr'><strong>quin,</strong></span> <span class='ocrx_word' id='word_1_284' title='bbox 2960 1195 3023 1245; x_wconf 91' lang='lat' dir='ltr'><strong>ut</strong></span> <span class='ocrx_word' id='word_1_285' title='bbox 3045 1192 3168 1261; x_wconf 88' lang='lat' dir='ltr'><strong>jam</strong></span> <span class='ocrx_word' id='word_1_286' title='bbox 3195 1192 3619 1264; x_wconf 81' lang='lat' dir='ltr'><strong>Cappadociam</strong></span> 
     </span>
    </p>
   </div>
   <div class='ocr_carea' id='block_1_45' title="bbox 1980 1278 3620 1355">
    <p class='ocr_par' dir='ltr' id='par_1_45' title="bbox 1980 1278 3620 1355">
     <span class='ocr_line' id='line_1_45' title="bbox 1980 1278 3620 1355; baseline 0.005 -23"><span class='ocrx_word' id='word_1_287' title='bbox 1980 1278 2234 1347; x_wconf 87' lang='lat' dir='ltr'><strong>tenebat,</strong></span> <span class='ocrx_word' id='word_1_288' title='bbox 2276 1278 2360 1333; x_wconf 90' lang='lat' dir='ltr'><strong>sic</strong></span> <span class='ocrx_word' id='word_1_289' title='bbox 2410 1279 2620 1334; x_wconf 87' lang='lat' dir='ltr'><strong>deinde</strong></span> <span class='ocrx_word' id='word_1_290' title='bbox 2666 1281 2965 1336; x_wconf 88' lang='lat' dir='ltr'><strong>Amasiam</strong></span> <span class='ocrx_word' id='word_1_291' title='bbox 3018 1298 3247 1353; x_wconf 84' lang='lat' dir='ltr'><strong>quoque</strong></span> <span class='ocrx_word' id='word_1_292' title='bbox 3293 1292 3620 1355; x_wconf 84' lang='lat' dir='ltr'><strong>occuparet,</strong></span> 
     </span>
    </p>
   </div>
   <div class='ocr_carea' id='block_1_46' title="bbox 1978 1366 3623 1439">
    <p class='ocr_par' dir='ltr' id='par_1_46' title="bbox 1978 1366 3623 1439">
     <span class='ocr_line' id='line_1_46' title="bbox 1978 1366 3623 1439; baseline 0.004 -18"><span class='ocrx_word' id='word_1_293' title='bbox 1978 1366 2150 1423; x_wconf 88' lang='lat' dir='ltr'><strong>homo</strong></span> <span class='ocrx_word' id='word_1_294' title='bbox 2196 1384 2485 1439; x_wconf 72' lang='lat' dir='ltr'><strong>prosperae</strong></span> <span class='ocrx_word' id='word_1_295' title='bbox 2532 1369 2775 1425; x_wconf 67' lang='lat' dir='ltr'><strong>fortuna:</strong></span> <span class='ocrx_word' id='word_1_296' title='bbox 2828 1370 2966 1425; x_wconf 82' lang='lat' dir='ltr'><strong>flatu</strong></span> <span class='ocrx_word' id='word_1_297' title='bbox 3018 1370 3078 1425; x_wconf 89' lang='lat' dir='ltr'><strong>in</strong></span> <span class='ocrx_word' id='word_1_298' title='bbox 3130 1371 3306 1427; x_wconf 83' lang='lat' dir='ltr'><strong>rebus</strong></span> <span class='ocrx_word' id='word_1_299' title='bbox 3359 1373 3623 1429; x_wconf 85' lang='lat' dir='ltr'><strong>celeriter</strong></span> 
     </span>
    </p>
   </div>
   <div class='ocr_carea' id='block_1_47' title="bbox 1977 1456 3620 1534">
    <p class='ocr_par' dir='ltr' id='par_1_47' title="bbox 1977 1456 3620 1534">
     <span class='ocr_line' id='line_1_47' title="bbox 1977 1456 3620 1534; baseline 0.005 -23"><span class='ocrx_word' id='word_1_300' title='bbox 1977 1456 2351 1513; x_wconf 78' lang='lat' dir='ltr'><strong>conficiendis</strong></span> <span class='ocrx_word' id='word_1_301' title='bbox 2386 1461 2577 1528; x_wconf 88' lang='lat' dir='ltr'><strong>utens,</strong></span> <span class='ocrx_word' id='word_1_302' title='bbox 2602 1458 2871 1530; x_wconf 79' lang='lat' dir='ltr'><strong>quamvis</strong></span> <span class='ocrx_word' id='word_1_303' title='bbox 2893 1475 3131 1531; x_wconf 84' lang='lat' dir='ltr'><strong>corpore</strong></span> <span class='ocrx_word' id='word_1_304' title='bbox 3154 1478 3358 1531; x_wconf 88' lang='lat' dir='ltr'><strong>parum</strong></span> <span class='ocrx_word' id='word_1_305' title='bbox 3391 1462 3620 1534; x_wconf 87' lang='lat' dir='ltr'><strong>integro</strong></span> 
     </span>
    </p>
   </div>
   <div class='ocr_carea' id='block_1_48' title="bbox 1975 1546 3624 1619">
    <p class='ocr_par' dir='ltr' id='par_1_48' title="bbox 1975 1546 3624 1619">
     <span class='ocr_line' id='line_1_48' title="bbox 1975 1546 3624 1619; baseline 0.001 -16"><span class='ocrx_word' id='word_1_306' title='bbox 1975 1549 2032 1603; x_wconf 91' lang='lat' dir='ltr'><strong>et</strong></span> <span class='ocrx_word' id='word_1_307' title='bbox 2061 1546 2331 1618; x_wconf 85' lang='lat' dir='ltr'><strong>pluribus</strong></span> <span class='ocrx_word' id='word_1_308' title='bbox 2364 1546 2669 1619; x_wconf 81' lang='lat' dir='ltr'><strong>praecipuis</strong></span> <span class='ocrx_word' id='word_1_309' title='bbox 2715 1548 2996 1604; x_wconf 84' lang='lat' dir='ltr'><strong>membris</strong></span> <span class='ocrx_word' id='word_1_310' title='bbox 3037 1549 3342 1605; x_wconf 87' lang='lat' dir='ltr'><strong>mutilato:</strong></span> <span class='ocrx_word' id='word_1_311' title='bbox 3379 1568 3515 1606; x_wconf 87' lang='lat' dir='ltr'><strong>nam</strong></span> <span class='ocrx_word' id='word_1_312' title='bbox 3567 1556 3624 1607; x_wconf 89' lang='lat' dir='ltr'><strong>et</strong></span> 
     </span>
    </p>
   </div>
   <div class='ocr_carea' id='block_1_49' title="bbox 1975 1635 3619 1710">
    <p class='ocr_par' dir='ltr' id='par_1_49' title="bbox 1975 1635 3619 1710">
     <span class='ocr_line' id='line_1_49' title="bbox 1975 1635 3619 1710; baseline 0.002 -19"><span class='ocrx_word' id='word_1_313' title='bbox 1975 1635 2205 1692; x_wconf 87' lang='lat' dir='ltr'><strong>articuli</strong></span> <span class='ocrx_word' id='word_1_314' title='bbox 2240 1652 2521 1691; x_wconf 91' lang='lat' dir='ltr'><strong>manuum</strong></span> <span class='ocrx_word' id='word_1_315' title='bbox 2556 1635 2680 1691; x_wconf 87' lang='lat' dir='ltr'><strong>elisi</strong></span> <span class='ocrx_word' id='word_1_316' title='bbox 2716 1641 2884 1692; x_wconf 88' lang='lat' dir='ltr'><strong>erant</strong></span> <span class='ocrx_word' id='word_1_317' title='bbox 2913 1642 2969 1692; x_wconf 88' lang='lat' dir='ltr'><strong>et</strong></span> <span class='ocrx_word' id='word_1_318' title='bbox 2987 1638 3161 1710; x_wconf 87' lang='lat' dir='ltr'><strong>pedes</strong></span> <span class='ocrx_word' id='word_1_319' title='bbox 3192 1637 3619 1708; x_wconf 87' lang='lat' dir='ltr'><strong>claudicabant,</strong></span> 
     </span>
    </p>
   </div>
   <div class='ocr_carea' id='block_1_50' title="bbox 1973 1726 3623 1799">
    <p class='ocr_par' dir='ltr' id='par_1_50' title="bbox 1973 1726 3623 1799">
     <span class='ocr_line' id='line_1_50' title="bbox 1973 1726 3623 1799; baseline 0.004 -20"><span class='ocrx_word' id='word_1_320' title='bbox 1973 1729 2031 1780; x_wconf 89' lang='lat' dir='ltr'><strong>et</strong></span> <span class='ocrx_word' id='word_1_321' title='bbox 2059 1730 2264 1781; x_wconf 66' lang='lat' dir='ltr'><strong>caetera</strong></span> <span class='ocrx_word' id='word_1_322' title='bbox 2280 1726 2363 1781; x_wconf 90' lang='lat' dir='ltr'><strong>sic</strong></span> <span class='ocrx_word' id='word_1_323' title='bbox 2387 1726 2627 1782; x_wconf 76' lang='lat' dir='ltr'><strong>affectus</strong></span> <span class='ocrx_word' id='word_1_324' title='bbox 2650 1731 2774 1781; x_wconf 87' lang='lat' dir='ltr'><strong>erat</strong></span> <span class='ocrx_word' id='word_1_325' title='bbox 2797 1730 2862 1781; x_wconf 90' lang='lat' dir='ltr'><strong>ut</strong></span> <span class='ocrx_word' id='word_1_326' title='bbox 2885 1726 3229 1799; x_wconf 89' lang='lat' dir='ltr'><strong>plerumque</strong></span> <span class='ocrx_word' id='word_1_327' title='bbox 3254 1744 3424 1784; x_wconf 88' lang='lat' dir='ltr'><strong>curru</strong></span> <span class='ocrx_word' id='word_1_328' title='bbox 3451 1729 3623 1785; x_wconf 85' lang='lat' dir='ltr'><strong>vehe-</strong></span> 
     </span>
    </p>
   </div>
   <div class='ocr_carea' id='block_1_51' title="bbox 1978 1814 3624 1887">
    <p class='ocr_par' dir='ltr' id='par_1_51' title="bbox 1978 1814 3624 1887">
     <span class='ocr_line' id='line_1_51' title="bbox 1978 1814 3624 1887; baseline 0.002 -17"><span class='ocrx_word' id='word_1_329' title='bbox 1978 1818 2150 1870; x_wconf 83' lang='lat' dir='ltr'><strong>retur.</strong></span> <span class='ocrx_word' id='word_1_330' title='bbox 2184 1814 2405 1880; x_wconf 89' lang='lat' dir='ltr'><strong>Quibus</strong></span> <span class='ocrx_word' id='word_1_331' title='bbox 2438 1814 2506 1868; x_wconf 90' lang='lat' dir='ltr'><strong>de</strong></span> <span class='ocrx_word' id='word_1_332' title='bbox 2551 1814 2747 1869; x_wconf 88' lang='lat' dir='ltr'><strong>causis</strong></span> <span class='ocrx_word' id='word_1_333' title='bbox 2796 1816 3183 1887; x_wconf 84' lang='lat' dir='ltr'><strong>Andronicus,</strong></span> <span class='ocrx_word' id='word_1_334' title='bbox 3234 1818 3410 1873; x_wconf 89' lang='lat' dir='ltr'><strong>homo</strong></span> <span class='ocrx_word' id='word_1_335' title='bbox 3461 1819 3624 1873; x_wconf 88' lang='lat' dir='ltr'><strong>dica-</strong></span> 
     </span>
    </p>
   </div>
   <div class='ocr_carea' id='block_1_52' title="bbox 1977 1903 3624 1975">
    <p class='ocr_par' dir='ltr' id='par_1_52' title="bbox 1977 1903 3624 1975">
     <span class='ocr_line' id='line_1_52' title="bbox 1977 1903 3624 1975; baseline 0.002 -17"><span class='ocrx_word' id='word_1_336' title='bbox 1977 1903 2251 1958; x_wconf 88' lang='lat' dir='ltr'><strong>cissimus</strong></span> <span class='ocrx_word' id='word_1_337' title='bbox 2283 1907 2338 1959; x_wconf 91' lang='lat' dir='ltr'><strong>et</strong></span> <span class='ocrx_word' id='word_1_338' title='bbox 2366 1903 2673 1957; x_wconf 88' lang='lat' dir='ltr'><strong>cavillandi</strong></span> <span class='ocrx_word' id='word_1_339' title='bbox 2706 1903 2791 1957; x_wconf 87' lang='lat' dir='ltr'><strong>vel</strong></span> <span class='ocrx_word' id='word_1_340' title='bbox 2840 1904 3019 1958; x_wconf 90' lang='lat' dir='ltr'><strong>animi</strong></span> <span class='ocrx_word' id='word_1_341' title='bbox 3056 1908 3142 1959; x_wconf 88' lang='lat' dir='ltr'><strong>vel</strong></span> <span class='ocrx_word' id='word_1_342' title='bbox 3177 1907 3432 1975; x_wconf 86' lang='lat' dir='ltr'><strong>corporis</strong></span> <span class='ocrx_word' id='word_1_343' title='bbox 3483 1907 3624 1963; x_wconf 88' lang='lat' dir='ltr'><strong>vitia</strong></span> 
     </span>
    </p>
   </div>
   <div class='ocr_carea' id='block_1_53' title="bbox 1979 1990 3621 2064">
    <p class='ocr_par' dir='ltr' id='par_1_53' title="bbox 1979 1990 3621 2064">
     <span class='ocr_line' id='line_1_53' title="bbox 1979 1990 3621 2064; baseline 0.002 -17"><span class='ocrx_word' id='word_1_344' title='bbox 1979 1990 2391 2064; x_wconf 83' lang='lat' dir='ltr'><strong>peritissimus,</strong></span> <span class='ocrx_word' id='word_1_345' title='bbox 2405 1992 2853 2048; x_wconf 86' lang='lat' dir='ltr'><strong>Cuzastblanem</strong></span> <span class='ocrx_word' id='word_1_346' title='bbox 2871 1991 3034 2047; x_wconf 81' lang='lat' dir='ltr'><strong>illum</strong></span> <span class='ocrx_word' id='word_1_347' title='bbox 3053 1993 3621 2064; x_wconf 88' lang='lat' dir='ltr'><strong>appellabat.Quam-</strong></span> 
     </span>
    </p>
   </div>
   <div class='ocr_carea' id='block_1_54' title="bbox 1975 2080 3617 2152">
    <p class='ocr_par' dir='ltr' id='par_1_54' title="bbox 1975 2080 3617 2152">
     <span class='ocr_line' id='line_1_54' title="bbox 1975 2080 3617 2152; baseline 0.002 -16"><span class='ocrx_word' id='word_1_348' title='bbox 1975 2080 2062 2136; x_wconf 88' lang='lat' dir='ltr'><strong>vis</strong></span> <span class='ocrx_word' id='word_1_349' title='bbox 2089 2084 2283 2136; x_wconf 89' lang='lat' dir='ltr'><strong>autem</strong></span> <span class='ocrx_word' id='word_1_350' title='bbox 2316 2080 2417 2135; x_wconf 91' lang='lat' dir='ltr'><strong>tali</strong></span> <span class='ocrx_word' id='word_1_351' title='bbox 2450 2098 2740 2152; x_wconf 88' lang='lat' dir='ltr'><strong>corporea</strong></span> <span class='ocrx_word' id='word_1_352' title='bbox 2771 2086 2980 2136; x_wconf 86' lang='lat' dir='ltr'><strong>natura</strong></span> <span class='ocrx_word' id='word_1_353' title='bbox 3006 2081 3387 2149; x_wconf 78' lang='lat' dir='ltr'><strong>deformatus,</strong></span> <span class='ocrx_word' id='word_1_354' title='bbox 3422 2088 3617 2140; x_wconf 86' lang='lat' dir='ltr'><strong>tamen</strong></span> 
     </span>
    </p>
   </div>
   <div class='ocr_carea' id='block_1_55' title="bbox 1977 2169 3618 2242">
    <p class='ocr_par' dir='ltr' id='par_1_55' title="bbox 1977 2169 3618 2242">
     <span class='ocr_line' id='line_1_55' title="bbox 1977 2169 3618 2242; baseline 0.001 -17"><span class='ocrx_word' id='word_1_355' title='bbox 1977 2186 2255 2242; x_wconf 84' lang='lat' dir='ltr'><strong>magnum</strong></span> <span class='ocrx_word' id='word_1_356' title='bbox 2308 2170 2554 2242; x_wconf 85' lang='lat' dir='ltr'><strong>adeptus</strong></span> <span class='ocrx_word' id='word_1_357' title='bbox 2605 2169 2915 2241; x_wconf 89' lang='lat' dir='ltr'><strong>imperium</strong></span> <span class='ocrx_word' id='word_1_358' title='bbox 2991 2170 3288 2241; x_wconf 89' lang='lat' dir='ltr'><strong>tantisque</strong></span> <span class='ocrx_word' id='word_1_359' title='bbox 3349 2172 3618 2228; x_wconf 85' lang='lat' dir='ltr'><strong>munitus</strong></span> 
     </span>
    </p>
   </div>
   <div class='ocr_carea' id='block_1_56' title="bbox 1976 2260 3621 2333">
    <p class='ocr_par' dir='ltr' id='par_1_56' title="bbox 1976 2260 3621 2333">
     <span class='ocr_line' id='line_1_56' title="bbox 1976 2260 3621 2333; baseline 0.001 -17"><span class='ocrx_word' id='word_1_360' title='bbox 1976 2260 2159 2333; x_wconf 89' lang='lat' dir='ltr'><strong>copiis</strong></span> <span class='ocrx_word' id='word_1_361' title='bbox 2190 2260 2304 2316; x_wconf 88' lang='lat' dir='ltr'><strong>otio</strong></span> <span class='ocrx_word' id='word_1_362' title='bbox 2338 2264 2552 2333; x_wconf 87' lang='lat' dir='ltr'><strong>spreto,</strong></span> <span class='ocrx_word' id='word_1_363' title='bbox 2586 2262 2801 2332; x_wconf 86' lang='lat' dir='ltr'><strong>quippe</strong></span> <span class='ocrx_word' id='word_1_364' title='bbox 2831 2260 3172 2316; x_wconf 89' lang='lat' dir='ltr'><strong>turbulento</strong></span> <span class='ocrx_word' id='word_1_365' title='bbox 3212 2264 3269 2317; x_wconf 86' lang='lat' dir='ltr'><strong>et</strong></span> <span class='ocrx_word' id='word_1_366' title='bbox 3298 2260 3621 2318; x_wconf 84' lang='lat' dir='ltr'><strong>insatiabili</strong></span> 
     </span>
    </p>
   </div>
   <div class='ocr_carea' id='block_1_57' title="bbox 1976 2350 3619 2424">
    <p class='ocr_par' dir='ltr' id='par_1_57' title="bbox 1976 2350 3619 2424">
     <span class='ocr_line' id='line_1_57' title="bbox 1976 2350 3619 2424; baseline 0.001 -18"><span class='ocrx_word' id='word_1_367' title='bbox 1976 2352 2253 2424; x_wconf 67' lang='lat' dir='ltr'><strong>praeditus</strong></span> <span class='ocrx_word' id='word_1_368' title='bbox 2324 2350 2599 2422; x_wconf 90' lang='lat' dir='ltr'><strong>ingenio,</strong></span> <span class='ocrx_word' id='word_1_369' title='bbox 2659 2354 2952 2406; x_wconf 83' lang='lat' dir='ltr'><strong>Romanos</strong></span> <span class='ocrx_word' id='word_1_370' title='bbox 3019 2351 3119 2405; x_wconf 90' lang='lat' dir='ltr'><strong>ubi</strong></span> <span class='ocrx_word' id='word_1_371' title='bbox 3177 2356 3442 2423; x_wconf 84' lang='lat' dir='ltr'><strong>poterat,</strong></span> <span class='ocrx_word' id='word_1_372' title='bbox 3503 2369 3619 2408; x_wconf 89' lang='lat' dir='ltr'><strong>non</strong></span> 
     </span>
    </p>
   </div>
   <div class='ocr_carea' id='block_1_58' title="bbox 1975 2439 3616 2509">
    <p class='ocr_par' dir='ltr' id='par_1_58' title="bbox 1975 2439 3616 2509">
     <span class='ocr_line' id='line_1_58' title="bbox 1975 2439 3616 2509; baseline 0 -12"><span class='ocrx_word' id='word_1_373' title='bbox 1975 2440 2195 2497; x_wconf 88' lang='lat' dir='ltr'><strong>indicto</strong></span> <span class='ocrx_word' id='word_1_374' title='bbox 2247 2439 2418 2509; x_wconf 91' lang='lat' dir='ltr'><strong>bello,</strong></span> <span class='ocrx_word' id='word_1_375' title='bbox 2472 2441 2637 2495; x_wconf 87' lang='lat' dir='ltr'><strong>nulla</strong></span> <span class='ocrx_word' id='word_1_376' title='bbox 2669 2440 2739 2495; x_wconf 86' lang='lat' dir='ltr'><strong>de</strong></span> <span class='ocrx_word' id='word_1_377' title='bbox 2788 2457 2962 2497; x_wconf 86' lang='lat' dir='ltr'><strong>causa</strong></span> <span class='ocrx_word' id='word_1_378' title='bbox 2990 2439 3205 2496; x_wconf 88' lang='lat' dir='ltr'><strong>violato</strong></span> <span class='ocrx_word' id='word_1_379' title='bbox 3241 2441 3470 2509; x_wconf 78' lang='lat' dir='ltr'><strong>foedere,</strong></span> <span class='ocrx_word' id='word_1_380' title='bbox 3518 2444 3616 2497; x_wconf 89' lang='lat' dir='ltr'><strong>sed</strong></span> 
     </span>
    </p>
   </div>
   <div class='ocr_carea' id='block_1_59' title="bbox 1974 2527 3619 2601">
    <p class='ocr_par' dir='ltr' id='par_1_59' title="bbox 1974 2527 3619 2601">
     <span class='ocr_line' id='line_1_59' title="bbox 1974 2527 3619 2601; baseline 0.001 -18"><span class='ocrx_word' id='word_1_381' title='bbox 1974 2534 2200 2585; x_wconf 89' lang='lat' dir='ltr'><strong>tantum</strong></span> <span class='ocrx_word' id='word_1_382' title='bbox 2234 2530 2372 2600; x_wconf 89' lang='lat' dir='ltr'><strong>quia</strong></span> <span class='ocrx_word' id='word_1_383' title='bbox 2401 2527 2482 2584; x_wconf 88' lang='lat' dir='ltr'><strong>ita</strong></span> <span class='ocrx_word' id='word_1_384' title='bbox 2510 2527 2741 2583; x_wconf 89' lang='lat' dir='ltr'><strong>libitum</strong></span> <span class='ocrx_word' id='word_1_385' title='bbox 2771 2532 2913 2595; x_wconf 86' lang='lat' dir='ltr'><strong>erat,</strong></span> <span class='ocrx_word' id='word_1_386' title='bbox 2942 2529 3184 2585; x_wconf 86' lang='lat' dir='ltr'><strong>vexabat</strong></span> <span class='ocrx_word' id='word_1_387' title='bbox 3215 2533 3391 2601; x_wconf 88' lang='lat' dir='ltr'><strong>atque</strong></span> <span class='ocrx_word' id='word_1_388' title='bbox 3421 2546 3619 2601; x_wconf 90' lang='lat' dir='ltr'><strong>oppu-</strong></span> 
     </span>
    </p>
   </div>
   <div class='ocr_carea' id='block_1_60' title="bbox 1973 2617 3621 2691">
    <p class='ocr_par' dir='ltr' id='par_1_60' title="bbox 1973 2617 3621 2691">
     <span class='ocr_line' id='line_1_60' title="bbox 1973 2617 3621 2691; baseline 0.001 -17"><span class='ocrx_word' id='word_1_389' title='bbox 1973 2620 2209 2691; x_wconf 87' lang='lat' dir='ltr'><strong>gnabat.</strong></span> <span class='ocrx_word' id='word_1_390' title='bbox 2253 2618 2368 2673; x_wconf 83' lang='lat' dir='ltr'><strong>Nec</strong></span> <span class='ocrx_word' id='word_1_391' title='bbox 2401 2617 2529 2688; x_wconf 88' lang='lat' dir='ltr'><strong>ipsa</strong></span> <span class='ocrx_word' id='word_1_392' title='bbox 2560 2617 2815 2672; x_wconf 82' lang='lat' dir='ltr'><strong>Melitina</strong></span> <span class='ocrx_word' id='word_1_393' title='bbox 2846 2618 3131 2674; x_wconf 88' lang='lat' dir='ltr'><strong>abstinuit</strong></span> <span class='ocrx_word' id='word_1_394' title='bbox 3161 2634 3173 2673; x_wconf 92' lang='lat'>:</span> <span class='ocrx_word' id='word_1_395' title='bbox 3208 2620 3309 2674; x_wconf 91' lang='lat' dir='ltr'><strong>sed</strong></span> <span class='ocrx_word' id='word_1_396' title='bbox 3347 2620 3621 2676; x_wconf 81' lang='lat' dir='ltr'><strong>facultate</strong></span> 
     </span>
    </p>
   </div>
   <div class='ocr_carea' id='block_1_61' title="bbox 1974 2707 3619 2779">
    <p class='ocr_par' dir='ltr' id='par_1_61' title="bbox 1974 2707 3619 2779">
     <span class='ocr_line' id='line_1_61' title="bbox 1974 2707 3619 2779; baseline 0.001 -16"><span class='ocrx_word' id='word_1_397' title='bbox 1974 2708 2132 2764; x_wconf 91' lang='lat' dir='ltr'><strong>illius</strong></span> <span class='ocrx_word' id='word_1_398' title='bbox 2164 2707 2485 2763; x_wconf 70' lang='lat' dir='ltr'><strong>evertendas</strong></span> <span class='ocrx_word' id='word_1_399' title='bbox 2518 2711 2842 2779; x_wconf 84' lang='lat' dir='ltr'><strong>perspecta,</strong></span> <span class='ocrx_word' id='word_1_400' title='bbox 2876 2724 3007 2762; x_wconf 90' lang='lat' dir='ltr'><strong>cum</strong></span> <span class='ocrx_word' id='word_1_401' title='bbox 3045 2707 3265 2763; x_wconf 88' lang='lat' dir='ltr'><strong>nullam</strong></span> <span class='ocrx_word' id='word_1_402' title='bbox 3300 2708 3371 2764; x_wconf 87' lang='lat' dir='ltr'><strong>ab</strong></span> <span class='ocrx_word' id='word_1_403' title='bbox 3419 2711 3619 2764; x_wconf 84' lang='lat' dir='ltr'><strong>Amera</strong></span> 
     </span>
    </p>
   </div>
   <div class='ocr_carea' id='block_1_62' title="bbox 1973 2796 3620 2869">
    <p class='ocr_par' dir='ltr' id='par_1_62' title="bbox 1973 2796 3620 2869">
     <span class='ocr_line' id='line_1_62' title="bbox 1973 2796 3620 2869; baseline 0.001 -16"><span class='ocrx_word' id='word_1_404' title='bbox 1973 2797 2250 2869; x_wconf 84' lang='lat' dir='ltr'><strong>injuriam</strong></span> <span class='ocrx_word' id='word_1_405' title='bbox 2284 2796 2625 2867; x_wconf 87' lang='lat' dir='ltr'><strong>accepisset,</strong></span> <span class='ocrx_word' id='word_1_406' title='bbox 2651 2813 2889 2851; x_wconf 87' lang='lat' dir='ltr'><strong>causam</strong></span> <span class='ocrx_word' id='word_1_407' title='bbox 2923 2796 3299 2868; x_wconf 86' lang='lat' dir='ltr'><strong>impudenter</strong></span> <span class='ocrx_word' id='word_1_408' title='bbox 3329 2814 3620 2854; x_wconf 89' lang='lat' dir='ltr'><strong>commen-</strong></span> 
     </span>
    </p>
   </div>
   <div class='ocr_carea' id='block_1_63' title="bbox 1974 2882 3618 2957">
    <p class='ocr_par' dir='ltr' id='par_1_63' title="bbox 1974 2882 3618 2957">
     <span class='ocr_line' id='line_1_63' title="bbox 1974 2882 3618 2957; baseline 0.002 -17"><span class='ocrx_word' id='word_1_409' title='bbox 1974 2888 2066 2940; x_wconf 87' lang='lat' dir='ltr'><strong>tus</strong></span> <span class='ocrx_word' id='word_1_410' title='bbox 2098 2886 2245 2941; x_wconf 88' lang='grc'><strong>161</strong></span> <span class='ocrx_word' id='word_1_411' title='bbox 2284 2883 2452 2941; x_wconf 93' lang='lat' dir='ltr'><strong>illum</strong></span> <span class='ocrx_word' id='word_1_412' title='bbox 2488 2901 2744 2956; x_wconf 87' lang='lat' dir='ltr'><strong>quoque,</strong></span> <span class='ocrx_word' id='word_1_413' title='bbox 2776 2882 2921 2939; x_wconf 89' lang='lat' dir='ltr'><strong>nihil</strong></span> <span class='ocrx_word' id='word_1_414' title='bbox 2975 2885 3239 2941; x_wconf 86' lang='lat' dir='ltr'><strong>eamdem</strong></span> <span class='ocrx_word' id='word_1_415' title='bbox 3274 2885 3618 2957; x_wconf 80' lang='lat' dir='ltr'><strong>religionem</strong></span> 
     </span>
    </p>
   </div>
   <div class='ocr_carea' id='block_1_64' title="bbox 1970 2972 3615 3046">
    <p class='ocr_par' dir='ltr' id='par_1_64' title="bbox 1970 2972 3615 3046">
     <span class='ocr_line' id='line_1_64' title="bbox 1970 2972 3615 3046; baseline 0.002 -18"><span class='ocrx_word' id='word_1_416' title='bbox 1970 2975 2211 3041; x_wconf 87' lang='lat' dir='ltr'><strong>veritus,</strong></span> <span class='ocrx_word' id='word_1_417' title='bbox 2231 2991 2407 3046; x_wconf 86' lang='lat' dir='ltr'><strong>regno</strong></span> <span class='ocrx_word' id='word_1_418' title='bbox 2430 2972 2673 3046; x_wconf 85' lang='lat' dir='ltr'><strong>expulit.</strong></span> <span class='ocrx_word' id='word_1_419' title='bbox 2695 2974 2909 3028; x_wconf 89' lang='lat' dir='ltr'><strong>Deinde</strong></span> <span class='ocrx_word' id='word_1_420' title='bbox 2934 2974 3168 3029; x_wconf 84' lang='lat' dir='ltr'><strong>fratrem</strong></span> <span class='ocrx_word' id='word_1_421' title='bbox 3190 2991 3422 3046; x_wconf 91' lang='lat' dir='ltr'><strong>quoque</strong></span> <span class='ocrx_word' id='word_1_422' title='bbox 3439 2991 3615 3031; x_wconf 88' lang='lat' dir='ltr'><strong>suum</strong></span> 
     </span>
    </p>
   </div>
   <div class='ocr_carea' id='block_1_65' title="bbox 1973 3062 3616 3136">
    <p class='ocr_par' dir='ltr' id='par_1_65' title="bbox 1973 3062 3616 3136">
     <span class='ocr_line' id='line_1_65' title="bbox 1973 3062 3616 3136; baseline 0.002 -17"><span class='ocrx_word' id='word_1_423' title='bbox 1973 3065 2178 3121; x_wconf 83' lang='lat' dir='ltr'><strong>fraude</strong></span> <span class='ocrx_word' id='word_1_424' title='bbox 2226 3063 2690 3119; x_wconf 89' lang='lat' dir='ltr'><strong>circumventum</strong></span> <span class='ocrx_word' id='word_1_425' title='bbox 2748 3063 2804 3117; x_wconf 90' lang='lat' dir='ltr'><strong>in</strong></span> <span class='ocrx_word' id='word_1_426' title='bbox 2854 3062 3127 3119; x_wconf 85' lang='lat' dir='ltr'><strong>exsilium</strong></span> <span class='ocrx_word' id='word_1_427' title='bbox 3185 3065 3321 3136; x_wconf 86' lang='lat' dir='ltr'><strong>egit.</strong></span> <span class='ocrx_word' id='word_1_428' title='bbox 3374 3066 3616 3122; x_wconf 85' lang='lat' dir='ltr'><strong>Exsules</strong></span> 
     </span>
    </p>
   </div>
   <div class='ocr_carea' id='block_1_66' title="bbox 1972 3155 3618 3229">
    <p class='ocr_par' dir='ltr' id='par_1_66' title="bbox 1972 3155 3618 3229">
     <span class='ocr_line' id='line_1_66' title="bbox 1972 3155 3618 3229; baseline 0.001 -17"><span class='ocrx_word' id='word_1_429' title='bbox 1972 3174 2175 3213; x_wconf 89' lang='lat' dir='ltr'><strong>omnes</strong></span> <span class='ocrx_word' id='word_1_430' title='bbox 2224 3157 2295 3212; x_wconf 91' lang='lat' dir='ltr'><strong>ad</strong></span> <span class='ocrx_word' id='word_1_431' title='bbox 2346 3156 2758 3228; x_wconf 86' lang='lat' dir='ltr'><strong>imperatorem</strong></span> <span class='ocrx_word' id='word_1_432' title='bbox 2793 3172 2855 3210; x_wconf 88' lang='lat' dir='ltr'><strong>se</strong></span> <span class='ocrx_word' id='word_1_433' title='bbox 2902 3155 3219 3212; x_wconf 89' lang='lat' dir='ltr'><strong>contulere.</strong></span> <span class='ocrx_word' id='word_1_434' title='bbox 3265 3158 3453 3229; x_wconf 87' lang='lat' dir='ltr'><strong>Atque</strong></span> <span class='ocrx_word' id='word_1_435' title='bbox 3495 3158 3618 3214; x_wconf 65' lang='lat' dir='ltr'><strong>hac</strong></span> 
     </span>
    </p>
   </div>
   <div class='ocr_carea' id='block_1_67' title="bbox 1972 3244 3618 3318">
    <p class='ocr_par' dir='ltr' id='par_1_67' title="bbox 1972 3244 3618 3318">
     <span class='ocr_line' id='line_1_67' title="bbox 1972 3244 3618 3318; baseline 0.002 -17"><span class='ocrx_word' id='word_1_436' title='bbox 1972 3246 2266 3317; x_wconf 89' lang='lat' dir='ltr'><strong>posterius</strong></span> <span class='ocrx_word' id='word_1_437' title='bbox 2324 3244 2681 3301; x_wconf 87' lang='lat' dir='ltr'><strong>acciderunt.</strong></span> <span class='ocrx_word' id='word_1_438' title='bbox 2751 3245 2861 3300; x_wconf 88' lang='lat' dir='ltr'><strong>Sed</strong></span> <span class='ocrx_word' id='word_1_439' title='bbox 2922 3248 3050 3300; x_wconf 91' lang='lat' dir='ltr'><strong>tum</strong></span> <span class='ocrx_word' id='word_1_440' title='bbox 3108 3249 3278 3302; x_wconf 85' lang='lat' dir='ltr'><strong>aucta</strong></span> <span class='ocrx_word' id='word_1_441' title='bbox 3354 3248 3618 3318; x_wconf 87' lang='lat' dir='ltr'><strong>potentia</strong></span> 
     </span>
    </p>
   </div>
   <div class='ocr_carea' id='block_1_68' title="bbox 183 3315 1864 3410">
    <p class='ocr_par' dir='ltr' id='par_1_68' title="bbox 183 3328 1857 3410">
     <span class='ocr_line' id='line_1_68' title="bbox 183 3328 1857 3410; baseline -0.006 -19"><span class='ocrx_word' id='word_1_442' title='bbox 183 3338 275 3399; x_wconf 65' lang='lat' dir='ltr'><strong>ti;</strong></span> <span class='ocrx_word' id='word_1_443' title='bbox 336 3335 525 3410; x_wconf 78' lang='grc' dir='ltr'>ἂρχᾶς</span> <span class='ocrx_word' id='word_1_444' title='bbox 584 3341 694 3391; x_wconf 83' lang='grc' dir='ltr'>τῶν</span> <span class='ocrx_word' id='word_1_445' title='bbox 747 3336 866 3391; x_wconf 86' lang='grc' dir='ltr'>κατ’</span> <span class='ocrx_word' id='word_1_446' title='bbox 934 3334 1101 3389; x_wconf 79' lang='grc' dir='ltr'>αὐτοῦ</span> <span class='ocrx_word' id='word_1_447' title='bbox 1160 3330 1509 3406; x_wconf 80' lang='grc' dir='ltr'>σκωμμάτων</span> <span class='ocrx_word' id='word_1_448' title='bbox 1569 3329 1620 3399; x_wconf 78' lang='grc' dir='ltr'><strong>ἐξ</strong></span> <span class='ocrx_word' id='word_1_449' title='bbox 1689 3328 1857 3382; x_wconf 77' lang='grc' dir='ltr'>αὐτοῦ</span> 
     </span>
    </p>
   </div>
   <div class='ocr_carea' id='block_1_69' title="bbox 1973 3315 3616 3410">
    <p class='ocr_par' dir='ltr' id='par_1_69' title="bbox 1973 3315 3616 3408">
     <span class='ocr_line' id='line_1_69' title="bbox 1973 3315 3616 3408; baseline 0.001 -17"><span class='ocrx_word' id='word_1_450' title='bbox 1973 3315 2376 3391; x_wconf 74' lang='lat' dir='ltr'><strong>verecundiam</strong></span> <span class='ocrx_word' id='word_1_451' title='bbox 2404 3333 2775 3406; x_wconf 89' lang='lat' dir='ltr'><strong>imperatoris</strong></span> <span class='ocrx_word' id='word_1_452' title='bbox 2809 3333 3117 3405; x_wconf 86' lang='lat' dir='ltr'><strong>deposuit;</strong></span> <span class='ocrx_word' id='word_1_453' title='bbox 3151 3338 3208 3390; x_wconf 89' lang='lat' dir='ltr'><strong>et</strong></span> <span class='ocrx_word' id='word_1_454' title='bbox 3257 3352 3374 3408; x_wconf 89' lang='lat' dir='ltr'><strong>qua</strong></span> <span class='ocrx_word' id='word_1_455' title='bbox 3404 3337 3616 3393; x_wconf 88' lang='lat' dir='ltr'><strong>obser-</strong></span> 
     </span>
    </p>
   </div>
   <div class='ocr_carea' id='block_1_70' title="bbox 180 3411 1855 3497">
    <p class='ocr_par' dir='ltr' id='par_1_70' title="bbox 180 3411 1855 3497">
     <span class='ocr_line' id='line_1_70' title="bbox 180 3411 1855 3497; baseline -0.006 -20"><span class='ocrx_word' id='word_1_456' title='bbox 180 3419 251 3491; x_wconf 68' lang='grc' dir='ltr'><strong>δὴ</strong></span> <span class='ocrx_word' id='word_1_457' title='bbox 325 3419 688 3497; x_wconf 80' lang='grc' dir='ltr'>’Δνδρόνικος</span> <span class='ocrx_word' id='word_1_458' title='bbox 742 3419 987 3477; x_wconf 80' lang='grc' dir='ltr'>ἐσὲπειτα</span> <span class='ocrx_word' id='word_1_459' title='bbox 1040 3419 1405 3495; x_wconf 83' lang='grc' dir='ltr'>ποριζόμενος</span> <span class='ocrx_word' id='word_1_460' title='bbox 1472 3411 1855 3484; x_wconf 84' lang='grc' dir='ltr'>Κουτζασθλά-</span> 
     </span>
    </p>
   </div>
   <div class='ocr_carea' id='block_1_71' title="bbox 180 3499 1853 3585">
    <p class='ocr_par' dir='ltr' id='par_1_71' title="bbox 180 3499 1853 3585">
     <span class='ocr_line' id='line_1_71' title="bbox 180 3499 1853 3585; baseline -0.004 -20"><span class='ocrx_word' id='word_1_461' title='bbox 180 3532 286 3582; x_wconf 78' lang='grc' dir='ltr'><strong>νην</strong></span> <span class='ocrx_word' id='word_1_462' title='bbox 366 3516 477 3584; x_wconf 82' lang='lat'>(82)</span> <span class='ocrx_word' id='word_1_463' title='bbox 534 3516 730 3567; x_wconf 79' lang='grc' dir='ltr'>τοῦτον</span> <span class='ocrx_word' id='word_1_464' title='bbox 800 3509 1074 3585; x_wconf 83' lang='grc' dir='ltr'>ὠνόμαζε,</span> <span class='ocrx_word' id='word_1_465' title='bbox 1134 3504 1533 3584; x_wconf 83' lang='grc' dir='ltr'>φιλολοίδορος</span> <span class='ocrx_word' id='word_1_466' title='bbox 1585 3499 1659 3559; x_wconf 76' lang='grc' dir='ltr'><strong>ὧν</strong></span> <span class='ocrx_word' id='word_1_467' title='bbox 1704 3500 1853 3577; x_wconf 80' lang='grc' dir='ltr'>εἷ’περ</span> 
     </span>
    </p>
   </div>
   <div class='ocr_carea' id='block_1_72' title="bbox 176 3593 1856 3675">
    <p class='ocr_par' dir='ltr' id='par_1_72' title="bbox 176 3593 1856 3675">
     <span class='ocr_line' id='line_1_72' title="bbox 176 3593 1856 3675; baseline -0.007 -18"><span class='ocrx_word' id='word_1_468' title='bbox 176 3623 264 3664; x_wconf 81' lang='grc' dir='ltr'><strong>τις</strong></span> <span class='ocrx_word' id='word_1_469' title='bbox 338 3600 540 3669; x_wconf 83' lang='grc' dir='ltr'>ἄλλος,</span> <span class='ocrx_word' id='word_1_470' title='bbox 612 3601 702 3657; x_wconf 89' lang='grc' dir='ltr'>καὶ</span> <span class='ocrx_word' id='word_1_471' title='bbox 771 3602 1105 3675; x_wconf 74' lang='grc' dir='ltr'>καθάψασθαι</span> <span class='ocrx_word' id='word_1_472' title='bbox 1171 3595 1470 3672; x_wconf 85' lang='grc' dir='ltr'>ἀνθρώπων</span> <span class='ocrx_word' id='word_1_473' title='bbox 1520 3593 1856 3663; x_wconf 82' lang='grc' dir='ltr'>δεινότατος,</span> 
     </span>
    </p>
   </div>
   <div class='ocr_carea' id='block_1_73' title="bbox 180 3681 1855 3765">
    <p class='ocr_par' dir='ltr' id='par_1_73' title="bbox 180 3681 1855 3765">
     <span class='ocr_line' id='line_1_73' title="bbox 180 3681 1855 3765; baseline -0.006 -19"><span class='ocrx_word' id='word_1_474' title='bbox 180 3693 275 3746; x_wconf 76' lang='grc' dir='ltr'><strong>καὶ</strong></span> <span class='ocrx_word' id='word_1_475' title='bbox 338 3689 536 3764; x_wconf 81' lang='grc' dir='ltr'>λόγοις</span> <span class='ocrx_word' id='word_1_476' title='bbox 592 3690 910 3765; x_wconf 78' lang='grc' dir='ltr'>Κερκώπων</span> <span class='ocrx_word' id='word_1_477' title='bbox 972 3684 1204 3748; x_wconf 75' lang='grc' dir='ltr'>ἁπαλοῖς</span> <span class='ocrx_word' id='word_1_478' title='bbox 1243 3690 1361 3747; x_wconf 89' lang='grc' dir='ltr'>τοῖς</span> <span class='ocrx_word' id='word_1_479' title='bbox 1423 3681 1484 3738; x_wconf 81' lang='grc' dir='ltr'>οὐ</span> <span class='ocrx_word' id='word_1_480' title='bbox 1541 3681 1729 3742; x_wconf 79' lang='grc' dir='ltr'>καλῶς</span> <span class='ocrx_word' id='word_1_481' title='bbox 1760 3702 1855 3736; x_wconf 85' lang='grc' dir='ltr'>πε-</span> 
     </span>
    </p>
   </div>
   <div class='ocr_carea' id='block_1_74' title="bbox 176 3772 1855 3857">
    <p class='ocr_par' dir='ltr' id='par_1_74' title="bbox 176 3772 1855 3857">
     <span class='ocr_line' id='line_1_74' title="bbox 176 3772 1855 3857; baseline -0.007 -21"><span class='ocrx_word' id='word_1_482' title='bbox 176 3781 536 3857; x_wconf 69' lang='grc' dir='ltr'>πραγμένοις</span> <span class='ocrx_word' id='word_1_483' title='bbox 593 3783 699 3834; x_wconf 78' lang='grc' dir='ltr'><strong>τῶν</strong></span> <span class='ocrx_word' id='word_1_484' title='bbox 758 3775 927 3854; x_wconf 82' lang='grc' dir='ltr'>ἔργων</span> <span class='ocrx_word' id='word_1_485' title='bbox 978 3777 1013 3847; x_wconf 72' lang='grc' dir='ltr'><strong>ἢ</strong></span> <span class='ocrx_word' id='word_1_486' title='bbox 1049 3796 1165 3838; x_wconf 87' lang='grc' dir='ltr'>τοις</span> <span class='ocrx_word' id='word_1_487' title='bbox 1206 3772 1391 3845; x_wconf 75' lang='grc' dir='ltr'><strong>αήδῶς</strong></span> <span class='ocrx_word' id='word_1_488' title='bbox 1446 3776 1541 3827; x_wconf 79' lang='grc' dir='ltr'>τοῦ</span> <span class='ocrx_word' id='word_1_489' title='bbox 1602 3772 1855 3845; x_wconf 84' lang='grc' dir='ltr'>σώματος</span> 
     </span>
    </p>
   </div>
   <div class='ocr_carea' id='block_1_75' title="bbox 182 3860 1857 3946">
    <p class='ocr_par' dir='ltr' id='par_1_75' title="bbox 182 3860 1857 3946">
     <span class='ocr_line' id='line_1_75' title="bbox 182 3860 1857 3946; baseline -0.008 -21"><span class='ocrx_word' id='word_1_490' title='bbox 182 3869 385 3946; x_wconf 75' lang='grc' dir='ltr'>ἔχουσι</span> <span class='ocrx_word' id='word_1_491' title='bbox 460 3873 659 3942; x_wconf 79' lang='grc' dir='ltr'>μῶμον</span> <span class='ocrx_word' id='word_1_492' title='bbox 725 3866 1161 3943; x_wconf 82' lang='grc' dir='ltr'>προστρίψασθαι</span> <span class='ocrx_word' id='word_1_493' title='bbox 1226 3863 1577 3925; x_wconf 72' lang='grc' dir='ltr'>ἱκανώτατος.</span> <span class='ocrx_word' id='word_1_494' title='bbox 1638 3861 1699 3918; x_wconf 91' lang='grc' dir='ltr'>Ὁ</span> <span class='ocrx_word' id='word_1_495' title='bbox 1764 3860 1857 3933; x_wconf 78' lang='grc' dir='ltr'>μὲν</span> 
     </span>
    </p>
   </div>
   <div class='ocr_carea' id='block_1_76' title="bbox 177 3951 1858 4025">
    <p class='ocr_par' dir='ltr' id='par_1_76' title="bbox 177 3951 1858 4025">
     <span class='ocr_line' id='line_1_76' title="bbox 177 3951 1858 4025; baseline -0.007 -10"><span class='ocrx_word' id='word_1_496' title='bbox 177 3959 278 4015; x_wconf 74' lang='grc' dir='ltr'>οὗν</span> <span class='ocrx_word' id='word_1_497' title='bbox 317 3960 524 4018; x_wconf 78' lang='grc' dir='ltr'>ὁποῖος</span> <span class='ocrx_word' id='word_1_498' title='bbox 585 3957 645 4013; x_wconf 83' lang='grc' dir='ltr'>ἃν</span> <span class='ocrx_word' id='word_1_499' title='bbox 699 3956 792 4012; x_wconf 86' lang='grc' dir='ltr'><strong>καὶ</strong></span> <span class='ocrx_word' id='word_1_500' title='bbox 849 3958 914 4025; x_wconf 75' lang='grc' dir='ltr'>ἦν</span> <span class='ocrx_word' id='word_1_501' title='bbox 969 3956 1066 4025; x_wconf 72' lang='grc' dir='ltr'><strong>τὴν</strong></span> <span class='ocrx_word' id='word_1_502' title='bbox 1121 3952 1321 4010; x_wconf 82' lang='grc' dir='ltr'>πλάσιν</span> <span class='ocrx_word' id='word_1_503' title='bbox 1353 3956 1450 4007; x_wconf 74' lang='grc' dir='ltr'>τοῦ</span> <span class='ocrx_word' id='word_1_504' title='bbox 1483 3951 1757 4024; x_wconf 80' lang='grc' dir='ltr'>σώματος,</span> <span class='ocrx_word' id='word_1_505' title='bbox 1790 3982 1858 3990; x_wconf 92' lang='grc'><strong><em>-</em></strong></span> 
     </span>
    </p>
   </div>
   <div class='ocr_carea' id='block_1_77' title="bbox 180 4038 1858 4125">
    <p class='ocr_par' dir='ltr' id='par_1_77' title="bbox 180 4038 1858 4125">
     <span class='ocr_line' id='line_1_77' title="bbox 180 4038 1858 4125; baseline -0.007 -22"><span class='ocrx_word' id='word_1_506' title='bbox 180 4050 309 4125; x_wconf 73' lang='grc' dir='ltr'>εἶχε</span> <span class='ocrx_word' id='word_1_507' title='bbox 345 4046 405 4103; x_wconf 68' lang='grc' dir='ltr'><strong>δὲ</strong></span> <span class='ocrx_word' id='word_1_508' title='bbox 431 4049 508 4111; x_wconf 82' lang='grc' dir='ltr'>ὡς</span> <span class='ocrx_word' id='word_1_509' title='bbox 549 4048 734 4117; x_wconf 74' lang='grc' dir='ltr'>αὐτὸν,</span> <span class='ocrx_word' id='word_1_510' title='bbox 787 4048 965 4119; x_wconf 83' lang='grc' dir='ltr'>οἶμαι,</span> <span class='ocrx_word' id='word_1_511' title='bbox 1024 4047 1059 4114; x_wconf 77' lang='grc' dir='ltr'><strong>ἡ</strong></span> <span class='ocrx_word' id='word_1_512' title='bbox 1114 4043 1384 4118; x_wconf 87' lang='grc' dir='ltr'>πλάστρια</span> <span class='ocrx_word' id='word_1_513' title='bbox 1437 4042 1591 4120; x_wconf 74' lang='grc' dir='ltr'>φύσις</span> <span class='ocrx_word' id='word_1_514' title='bbox 1654 4038 1858 4094; x_wconf 82' lang='grc' dir='ltr'>ἐπαλα-</span> 
     </span>
    </p>
   </div>
   <div class='ocr_carea' id='block_1_78' title="bbox 183 4129 1861 4215">
    <p class='ocr_par' dir='ltr' id='par_1_78' title="bbox 183 4129 1861 4215">
     <span class='ocr_line' id='line_1_78' title="bbox 183 4129 1861 4215; baseline -0.009 -18"><span class='ocrx_word' id='word_1_515' title='bbox 183 4144 445 4215; x_wconf 69' lang='grc' dir='ltr'>μήσατο,</span> <span class='ocrx_word' id='word_1_516' title='bbox 498 4171 570 4183; x_wconf 91' lang='lat'><strong>--</strong></span> <span class='ocrx_word' id='word_1_517' title='bbox 632 4136 873 4215; x_wconf 75' lang='grc' dir='ltr'>μεγάλην</span> <span class='ocrx_word' id='word_1_518' title='bbox 934 4136 1113 4211; x_wconf 71' lang='grc' dir='ltr'>ἀρχὴν</span> <span class='ocrx_word' id='word_1_519' title='bbox 1170 4132 1417 4208; x_wconf 67' lang='grc' dir='ltr'>εἰληχὼς</span> <span class='ocrx_word' id='word_1_520' title='bbox 1470 4131 1559 4185; x_wconf 70' lang='grc' dir='ltr'><strong>καὶ</strong></span> <span class='ocrx_word' id='word_1_521' title='bbox 1599 4129 1861 4191; x_wconf 73' lang='grc' dir='ltr'>τοσαύτας</span> 
     </span>
    </p>
   </div>
   <div class='ocr_carea' id='block_1_79' title="bbox 183 4221 1860 4307">
    <p class='ocr_par' dir='ltr' id='par_1_79' title="bbox 183 4221 1860 4307">
     <span class='ocr_line' id='line_1_79' title="bbox 183 4221 1860 4307; baseline -0.008 -18"><span class='ocrx_word' id='word_1_522' title='bbox 183 4232 465 4305; x_wconf 78' lang='grc' dir='ltr'>δυνάμεις</span> <span class='ocrx_word' id='word_1_523' title='bbox 504 4225 943 4307; x_wconf 74' lang='grc' dir='ltr'>περιϐαλόμενος</span> <span class='ocrx_word' id='word_1_524' title='bbox 981 4229 1097 4300; x_wconf 85' lang='grc' dir='ltr'>οὐχ</span> <span class='ocrx_word' id='word_1_525' title='bbox 1146 4225 1327 4283; x_wconf 75' lang='grc' dir='ltr'>ε’ίλετο</span> <span class='ocrx_word' id='word_1_526' title='bbox 1381 4224 1613 4280; x_wconf 72' lang='grc' dir='ltr'>ἐντεῦθεν</span> <span class='ocrx_word' id='word_1_527' title='bbox 1678 4221 1860 4297; x_wconf 80' lang='grc' dir='ltr'>βίοτον</span> 
     </span>
    </p>
   </div>
   <div class='ocr_carea' id='block_1_80' title="bbox 180 4311 1859 4400">
    <p class='ocr_par' dir='ltr' id='par_1_80' title="bbox 180 4311 1859 4400">
     <span class='ocr_line' id='line_1_80' title="bbox 180 4311 1859 4400; baseline -0.008 -21"><span class='ocrx_word' id='word_1_528' title='bbox 180 4325 437 4400; x_wconf 74' lang='grc' dir='ltr'>ἤρεμον,</span> <span class='ocrx_word' id='word_1_529' title='bbox 498 4320 647 4377; x_wconf 87' lang='grc' dir='ltr'><strong>ἀλλά</strong></span> <span class='ocrx_word' id='word_1_530' title='bbox 698 4321 852 4400; x_wconf 74' lang='grc' dir='ltr'>φύσει</span> <span class='ocrx_word' id='word_1_531' title='bbox 890 4314 1226 4397; x_wconf 77' lang='grc' dir='ltr'>ταραχώδης</span> <span class='ocrx_word' id='word_1_532' title='bbox 1283 4314 1357 4371; x_wconf 83' lang='grc' dir='ltr'><strong>ὢν</strong></span> <span class='ocrx_word' id='word_1_533' title='bbox 1418 4315 1506 4370; x_wconf 80' lang='grc' dir='ltr'><strong>καὶ</strong></span> <span class='ocrx_word' id='word_1_534' title='bbox 1563 4311 1859 4368; x_wconf 83' lang='grc' dir='ltr'>ἀκάταστό-</span> 
     </span>
    </p>
   </div>
   <div class='ocr_carea' id='block_1_81' title="bbox 176 4407 1858 4493">
    <p class='ocr_par' dir='ltr' id='par_1_81' title="bbox 176 4407 1858 4493">
     <span class='ocr_line' id='line_1_81' title="bbox 176 4407 1858 4493; baseline -0.008 -19"><span class='ocrx_word' id='word_1_535' title='bbox 176 4438 388 4493; x_wconf 80' lang='grc' dir='ltr'>ρεστος</span> <span class='ocrx_word' id='word_1_536' title='bbox 465 4414 651 4491; x_wconf 81' lang='grc' dir='ltr'>ὥσπερ</span> <span class='ocrx_word' id='word_1_537' title='bbox 744 4435 826 4477; x_wconf 86' lang='grc' dir='ltr'><strong>τις</strong></span> <span class='ocrx_word' id='word_1_538' title='bbox 909 4415 1117 4475; x_wconf 75' lang='grc' dir='ltr'>κόλπος</span> <span class='ocrx_word' id='word_1_539' title='bbox 1182 4410 1495 4479; x_wconf 85' lang='grc' dir='ltr'>θαλάττιος,</span> <span class='ocrx_word' id='word_1_540' title='bbox 1563 4407 1858 4481; x_wconf 85' lang='grc' dir='ltr'>Ῥωμαίοις</span> 
     </span>
    </p>
   </div>
   <div class='ocr_carea' id='block_1_82' title="bbox 176 4496 1858 4581">
    <p class='ocr_par' dir='ltr' id='par_1_82' title="bbox 176 4496 1858 4581">
     <span class='ocr_line' id='line_1_82' title="bbox 176 4496 1858 4581; baseline -0.008 -19"><span class='ocrx_word' id='word_1_541' title='bbox 176 4508 287 4580; x_wconf 75' lang='grc' dir='ltr'>μὲν</span> <span class='ocrx_word' id='word_1_542' title='bbox 354 4505 407 4561; x_wconf 84' lang='grc' dir='ltr'>ἐν</span> <span class='ocrx_word' id='word_1_543' title='bbox 467 4508 558 4568; x_wconf 83' lang='grc' dir='ltr'><strong>οἷς</strong></span> <span class='ocrx_word' id='word_1_544' title='bbox 616 4505 738 4581; x_wconf 73' lang='grc' dir='ltr'>εἶχε</span> <span class='ocrx_word' id='word_1_545' title='bbox 805 4503 995 4560; x_wconf 87' lang='grc' dir='ltr'>λυπεῖν</span> <span class='ocrx_word' id='word_1_546' title='bbox 1076 4501 1344 4577; x_wconf 82' lang='grc' dir='ltr'>ἀκηρυκτὶ</span> <span class='ocrx_word' id='word_1_547' title='bbox 1413 4496 1688 4576; x_wconf 69' lang='grc' dir='ltr'>διεφέρετο</span> <span class='ocrx_word' id='word_1_548' title='bbox 1768 4496 1858 4549; x_wconf 84' lang='grc' dir='ltr'><strong>καὶ</strong></span> 
     </span>
    </p>
   </div>
   <div class='ocr_carea' id='block_1_83' title="bbox 176 4582 1859 4674">
    <p class='ocr_par' dir='ltr' id='par_1_83' title="bbox 176 4582 1859 4674">
     <span class='ocr_line' id='line_1_83' title="bbox 176 4582 1859 4674; baseline -0.01 -20"><span class='ocrx_word' id='word_1_549' title='bbox 176 4595 530 4674; x_wconf 72' lang='grc' dir='ltr'>ἀνέγκλητον</span> <span class='ocrx_word' id='word_1_550' title='bbox 558 4592 835 4656; x_wconf 83' lang='grc' dir='ltr'>πολλάκις</span> <span class='ocrx_word' id='word_1_551' title='bbox 886 4593 1055 4669; x_wconf 74' lang='grc' dir='ltr'>ἐπῆγε</span> <span class='ocrx_word' id='word_1_552' title='bbox 1110 4592 1203 4647; x_wconf 84' lang='grc' dir='ltr'>τὸν</span> <span class='ocrx_word' id='word_1_553' title='bbox 1246 4588 1519 4663; x_wconf 82' lang='grc' dir='ltr'>πόλεμον,</span> <span class='ocrx_word' id='word_1_554' title='bbox 1554 4586 1644 4641; x_wconf 76' lang='grc' dir='ltr'>σὺν</span> <span class='ocrx_word' id='word_1_555' title='bbox 1680 4582 1859 4674; x_wconf 56' lang='grc' dir='ltr'>οὐθενὶ</span> 
     </span>
    </p>
   </div>
   <div class='ocr_carea' id='block_1_84' title="bbox 1967 3423 3619 3496">
    <p class='ocr_par' dir='ltr' id='par_1_84' title="bbox 1967 3423 3619 3496">
     <span class='ocr_line' id='line_1_84' title="bbox 1967 3423 3619 3496; baseline 0.001 -16"><span class='ocrx_word' id='word_1_556' title='bbox 1967 3423 2158 3481; x_wconf 90' lang='lat' dir='ltr'><strong>vantia</strong></span> <span class='ocrx_word' id='word_1_557' title='bbox 2205 3441 2338 3480; x_wconf 88' lang='lat' dir='ltr'><strong>eum</strong></span> <span class='ocrx_word' id='word_1_558' title='bbox 2371 3423 2737 3496; x_wconf 77' lang='lat' dir='ltr'><strong>temporibus</strong></span> <span class='ocrx_word' id='word_1_559' title='bbox 2788 3424 3081 3479; x_wconf 86' lang='lat' dir='ltr'><strong>adductus</strong></span> <span class='ocrx_word' id='word_1_560' title='bbox 3129 3424 3406 3492; x_wconf 89' lang='lat' dir='ltr'><strong>coluerat,</strong></span> <span class='ocrx_word' id='word_1_561' title='bbox 3458 3440 3619 3481; x_wconf 87' lang='lat' dir='ltr'><strong>eam-</strong></span> 
     </span>
    </p>
   </div>
   <div class='ocr_carea' id='block_1_85' title="bbox 1968 3511 3621 3584">
    <p class='ocr_par' dir='ltr' id='par_1_85' title="bbox 1968 3511 3621 3584">
     <span class='ocr_line' id='line_1_85' title="bbox 1968 3511 3621 3584; baseline 0.001 -17"><span class='ocrx_word' id='word_1_562' title='bbox 1968 3512 2098 3567; x_wconf 90' lang='lat' dir='ltr'><strong>dem</strong></span> <span class='ocrx_word' id='word_1_563' title='bbox 2150 3512 2221 3567; x_wconf 90' lang='lat' dir='ltr'><strong>ab</strong></span> <span class='ocrx_word' id='word_1_564' title='bbox 2282 3511 2632 3582; x_wconf 87' lang='lat' dir='ltr'><strong>imperatore</strong></span> <span class='ocrx_word' id='word_1_565' title='bbox 2690 3512 3045 3582; x_wconf 84' lang='lat' dir='ltr'><strong>postulabat,</strong></span> <span class='ocrx_word' id='word_1_566' title='bbox 3099 3511 3402 3567; x_wconf 89' lang='lat' dir='ltr'><strong>barbarica</strong></span> <span class='ocrx_word' id='word_1_567' title='bbox 3446 3513 3621 3584; x_wconf 87' lang='lat' dir='ltr'><strong>plane</strong></span> 
     </span>
    </p>
   </div>
   <div class='ocr_carea' id='block_1_86' title="bbox 1968 3600 3619 3671">
    <p class='ocr_par' dir='ltr' id='par_1_86' title="bbox 1968 3600 3619 3671">
     <span class='ocr_line' id='line_1_86' title="bbox 1968 3600 3619 3671; baseline -0.001 -15"><span class='ocrx_word' id='word_1_568' title='bbox 1968 3602 2380 3656; x_wconf 85' lang='lat' dir='ltr'><strong>inconstantia.</strong></span> <span class='ocrx_word' id='word_1_569' title='bbox 2445 3600 2588 3657; x_wconf 90' lang='lat' dir='ltr'><strong>Nam</strong></span> <span class='ocrx_word' id='word_1_570' title='bbox 2637 3604 2704 3655; x_wconf 88' lang='lat' dir='ltr'><strong>ut</strong></span> <span class='ocrx_word' id='word_1_571' title='bbox 2758 3600 3101 3656; x_wconf 87' lang='lat' dir='ltr'><strong>necessitate</strong></span> <span class='ocrx_word' id='word_1_572' title='bbox 3160 3605 3403 3671; x_wconf 80' lang='lat' dir='ltr'><strong>urgente</strong></span> <span class='ocrx_word' id='word_1_573' title='bbox 3462 3601 3619 3655; x_wconf 87' lang='lat' dir='ltr'><strong>ultra</strong></span> 
     </span>
    </p>
   </div>
   <div class='ocr_carea' id='block_1_87' title="bbox 1968 3688 3615 3756">
    <p class='ocr_par' dir='ltr' id='par_1_87' title="bbox 1968 3688 3615 3756">
     <span class='ocr_line' id='line_1_87' title="bbox 1968 3688 3615 3756; baseline -0.001 -11"><span class='ocrx_word' id='word_1_574' title='bbox 1968 3692 2243 3747; x_wconf 90' lang='lat' dir='ltr'><strong>decorum</strong></span> <span class='ocrx_word' id='word_1_575' title='bbox 2279 3706 2340 3745; x_wconf 87' lang='lat' dir='ltr'><strong>se</strong></span> <span class='ocrx_word' id='word_1_576' title='bbox 2383 3689 2717 3756; x_wconf 88' lang='lat' dir='ltr'><strong>demiserat,</strong></span> <span class='ocrx_word' id='word_1_577' title='bbox 2752 3689 2833 3743; x_wconf 86' lang='lat' dir='ltr'><strong>ita</strong></span> <span class='ocrx_word' id='word_1_578' title='bbox 2865 3690 3038 3744; x_wconf 90' lang='lat' dir='ltr'><strong>rebus</strong></span> <span class='ocrx_word' id='word_1_579' title='bbox 3090 3688 3364 3744; x_wconf 89' lang='lat' dir='ltr'><strong>secundis</strong></span> <span class='ocrx_word' id='word_1_580' title='bbox 3395 3688 3615 3744; x_wconf 81' lang='lat' dir='ltr'><strong>insole-</strong></span> 
     </span>
    </p>
   </div>
   <div class='ocr_carea' id='block_1_88' title="bbox 1968 3776 3614 3849">
    <p class='ocr_par' dir='ltr' id='par_1_88' title="bbox 1968 3776 3614 3849">
     <span class='ocr_line' id='line_1_88' title="bbox 1968 3776 3614 3849; baseline -0.003 -14"><span class='ocrx_word' id='word_1_581' title='bbox 1968 3781 2188 3849; x_wconf 89' lang='lat' dir='ltr'><strong>scebat,</strong></span> <span class='ocrx_word' id='word_1_582' title='bbox 2208 3778 2402 3834; x_wconf 89' lang='lat' dir='ltr'><strong>animo</strong></span> <span class='ocrx_word' id='word_1_583' title='bbox 2437 3796 2552 3833; x_wconf 91' lang='lat' dir='ltr'><strong>una</strong></span> <span class='ocrx_word' id='word_1_584' title='bbox 2583 3794 2714 3832; x_wconf 90' lang='lat' dir='ltr'><strong>cum</strong></span> <span class='ocrx_word' id='word_1_585' title='bbox 2744 3778 2979 3832; x_wconf 80' lang='lat' dir='ltr'><strong>fortuna</strong></span> <span class='ocrx_word' id='word_1_586' title='bbox 3010 3781 3247 3831; x_wconf 88' lang='lat' dir='ltr'><strong>mutato.</strong></span> <span class='ocrx_word' id='word_1_587' title='bbox 3270 3782 3487 3832; x_wconf 87' lang='lat' dir='ltr'><strong>Tamen</strong></span> <span class='ocrx_word' id='word_1_588' title='bbox 3512 3776 3614 3831; x_wconf 88' lang='lat' dir='ltr'><strong>ali-</strong></span> 
     </span>
    </p>
   </div>
   <div class='ocr_carea' id='block_1_89' title="bbox 1969 3864 3605 3941">
    <p class='ocr_par' dir='ltr' id='par_1_89' title="bbox 1969 3864 3605 3941">
     <span class='ocr_line' id='line_1_89' title="bbox 1969 3864 3605 3941; baseline -0.002 -16"><span class='ocrx_word' id='word_1_589' title='bbox 1969 3868 2629 3941; x_wconf 88' lang='lat' dir='ltr'><strong>quandoimperatorem</strong></span> <span class='ocrx_word' id='word_1_590' title='bbox 2661 3867 3076 3932; x_wconf 87' lang='lat' dir='ltr'><strong>venerabatur;</strong></span> <span class='ocrx_word' id='word_1_591' title='bbox 3106 3870 3315 3929; x_wconf 83' lang='lat' dir='ltr'><strong>etcum</strong></span> <span class='ocrx_word' id='word_1_592' title='bbox 3354 3864 3605 3921; x_wconf 87' lang='lat' dir='ltr'><strong>belluam</strong></span> 
     </span>
    </p>
   </div>
   <div class='ocr_carea' id='block_1_90' title="bbox 1970 3953 3607 4029">
    <p class='ocr_par' dir='ltr' id='par_1_90' title="bbox 1970 3953 3607 4029">
     <span class='ocr_line' id='line_1_90' title="bbox 1970 3953 3607 4029; baseline -0.003 -15"><span class='ocrx_word' id='word_1_593' title='bbox 1970 3959 2166 4029; x_wconf 87' lang='lat' dir='ltr'><strong>potius</strong></span> <span class='ocrx_word' id='word_1_594' title='bbox 2198 3960 2391 4029; x_wconf 82' lang='lat' dir='ltr'><strong>ageret</strong></span> <span class='ocrx_word' id='word_1_595' title='bbox 2420 3971 2594 4026; x_wconf 87' lang='lat' dir='ltr'><strong>quam</strong></span> <span class='ocrx_word' id='word_1_596' title='bbox 2632 3954 2835 4023; x_wconf 66' lang='lat' dir='ltr'><strong>tilium,</strong></span> <span class='ocrx_word' id='word_1_597' title='bbox 2870 3954 3048 4024; x_wconf 88' lang='lat' dir='ltr'><strong>patris</strong></span> <span class='ocrx_word' id='word_1_598' title='bbox 3082 3953 3164 4008; x_wconf 92' lang='lat' dir='ltr'><strong>illi</strong></span> <span class='ocrx_word' id='word_1_599' title='bbox 3197 3954 3471 4010; x_wconf 91' lang='lat' dir='ltr'><strong>honorem</strong></span> <span class='ocrx_word' id='word_1_600' title='bbox 3504 3954 3607 4009; x_wconf 89' lang='lat' dir='ltr'><strong>tri-</strong></span> 
     </span>
    </p>
   </div>
   <div class='ocr_carea' id='block_1_91' title="bbox 1970 4043 3607 4114">
    <p class='ocr_par' dir='ltr' id='par_1_91' title="bbox 1970 4043 3607 4114">
     <span class='ocr_line' id='line_1_91' title="bbox 1970 4043 3607 4114; baseline -0.002 -11"><span class='ocrx_word' id='word_1_601' title='bbox 1970 4047 2185 4102; x_wconf 90' lang='lat' dir='ltr'><strong>buebat</strong></span> <span class='ocrx_word' id='word_1_602' title='bbox 2214 4050 2270 4100; x_wconf 90' lang='lat' dir='ltr'><strong>et</strong></span> <span class='ocrx_word' id='word_1_603' title='bbox 2310 4044 2412 4099; x_wconf 82' lang='lat' dir='ltr'><strong>filii</strong></span> <span class='ocrx_word' id='word_1_604' title='bbox 2446 4043 2699 4114; x_wconf 87' lang='lat' dir='ltr'><strong>adoptivi</strong></span> <span class='ocrx_word' id='word_1_605' title='bbox 2751 4047 3199 4113; x_wconf 87' lang='lat' dir='ltr'><strong>cognomentum</strong></span> <span class='ocrx_word' id='word_1_606' title='bbox 3254 4045 3492 4099; x_wconf 84' lang='lat' dir='ltr'><strong>ferebat.</strong></span> <span class='ocrx_word' id='word_1_607' title='bbox 3544 4046 3607 4100; x_wconf 87' lang='lat' dir='ltr'><strong>In</strong></span> 
     </span>
    </p>
   </div>
   <div class='ocr_carea' id='block_1_92' title="bbox 1970 4131 3611 4206">
    <p class='ocr_par' dir='ltr' id='par_1_92' title="bbox 1970 4131 3611 4206">
     <span class='ocr_line' id='line_1_92' title="bbox 1970 4131 3611 4206; baseline -0.001 -16"><span class='ocrx_word' id='word_1_608' title='bbox 1970 4135 2179 4192; x_wconf 89' lang='lat' dir='ltr'><strong>litteris</strong></span> <span class='ocrx_word' id='word_1_609' title='bbox 2213 4134 2446 4206; x_wconf 84' lang='lat' dir='ltr'><strong>quidem</strong></span> <span class='ocrx_word' id='word_1_610' title='bbox 2480 4137 2644 4205; x_wconf 86' lang='lat' dir='ltr'><strong>pater</strong></span> <span class='ocrx_word' id='word_1_611' title='bbox 2683 4131 3021 4202; x_wconf 77' lang='lat' dir='ltr'><strong>imperator,</strong></span> <span class='ocrx_word' id='word_1_612' title='bbox 3052 4137 3107 4187; x_wconf 91' lang='lat' dir='ltr'><strong>et</strong></span> <span class='ocrx_word' id='word_1_613' title='bbox 3138 4134 3408 4188; x_wconf 89' lang='lat' dir='ltr'><strong>sultanus</strong></span> <span class='ocrx_word' id='word_1_614' title='bbox 3457 4134 3611 4189; x_wconf 85' lang='lat' dir='ltr'><strong>filius</strong></span> 
     </span>
    </p>
   </div>
   <div class='ocr_carea' id='block_1_93' title="bbox 1970 4220 3611 4294">
    <p class='ocr_par' dir='ltr' id='par_1_93' title="bbox 1970 4220 3611 4294">
     <span class='ocr_line' id='line_1_93' title="bbox 1970 4220 3611 4294; baseline -0.002 -10"><span class='ocrx_word' id='word_1_615' title='bbox 1970 4226 2390 4284; x_wconf 80' lang='lat' dir='ltr'><strong>scribebantur.</strong></span> <span class='ocrx_word' id='word_1_616' title='bbox 2419 4225 2527 4278; x_wconf 86' lang='lat' dir='ltr'><strong>Nec</strong></span> <span class='ocrx_word' id='word_1_617' title='bbox 2552 4225 2747 4277; x_wconf 86' lang='lat' dir='ltr'><strong>tamen</strong></span> <span class='ocrx_word' id='word_1_618' title='bbox 2773 4221 2858 4274; x_wconf 70' lang='lat' dir='ltr'><strong>ha:</strong></span> <span class='ocrx_word' id='word_1_619' title='bbox 2883 4220 3299 4294; x_wconf 86' lang='lat' dir='ltr'><strong>appellationes</strong></span> <span class='ocrx_word' id='word_1_620' title='bbox 3321 4223 3611 4281; x_wconf 87' lang='lat' dir='ltr'><strong>sinceram</strong></span> 
     </span>
    </p>
   </div>
   <div class='ocr_carea' id='block_1_94' title="bbox 1969 4311 3614 4385">
    <p class='ocr_par' dir='ltr' id='par_1_94' title="bbox 1969 4311 3614 4385">
     <span class='ocr_line' id='line_1_94' title="bbox 1969 4311 3614 4385; baseline -0.001 -13"><span class='ocrx_word' id='word_1_621' title='bbox 1969 4318 2121 4373; x_wconf 89' lang='lat' dir='ltr'><strong>inter</strong></span> <span class='ocrx_word' id='word_1_622' title='bbox 2148 4332 2246 4371; x_wconf 92' lang='lat' dir='ltr'><strong>eos</strong></span> <span class='ocrx_word' id='word_1_623' title='bbox 2277 4312 2599 4370; x_wconf 83' lang='lat' dir='ltr'><strong>amicitiam</strong></span> <span class='ocrx_word' id='word_1_624' title='bbox 2632 4311 3017 4368; x_wconf 89' lang='lat' dir='ltr'><strong>conciliabant</strong></span> <span class='ocrx_word' id='word_1_625' title='bbox 3066 4317 3167 4368; x_wconf 88' lang='lat' dir='ltr'><strong>aut</strong></span> <span class='ocrx_word' id='word_1_626' title='bbox 3197 4321 3363 4385; x_wconf 89' lang='lat' dir='ltr'><strong>pacta</strong></span> <span class='ocrx_word' id='word_1_627' title='bbox 3392 4322 3445 4369; x_wconf 89' lang='lat' dir='ltr'><strong>et</strong></span> <span class='ocrx_word' id='word_1_628' title='bbox 3476 4331 3614 4371; x_wconf 89' lang='lat' dir='ltr'><strong>con-</strong></span> 
     </span>
    </p>
   </div>
   <div class='ocr_carea' id='block_1_95' title="bbox 1970 4400 3617 4462">
    <p class='ocr_par' dir='ltr' id='par_1_95' title="bbox 1970 4400 3617 4462">
     <span class='ocr_line' id='line_1_95' title="bbox 1970 4400 3617 4462; baseline -0.001 0"><span class='ocrx_word' id='word_1_629' title='bbox 1970 4408 2143 4462; x_wconf 88' lang='lat' dir='ltr'><strong>venta</strong></span> <span class='ocrx_word' id='word_1_630' title='bbox 2176 4403 2574 4459; x_wconf 88' lang='lat' dir='ltr'><strong>stabiliebant.</strong></span> <span class='ocrx_word' id='word_1_631' title='bbox 2610 4401 2751 4459; x_wconf 88' lang='lat' dir='ltr'><strong>Nam</strong></span> <span class='ocrx_word' id='word_1_632' title='bbox 2778 4400 2873 4457; x_wconf 89' lang='lat' dir='ltr'><strong>ille</strong></span> <span class='ocrx_word' id='word_1_633' title='bbox 2907 4402 3092 4457; x_wconf 88' lang='lat' dir='ltr'><strong>instar</strong></span> <span class='ocrx_word' id='word_1_634' title='bbox 3120 4404 3472 4460; x_wconf 83' lang='lat' dir='ltr'><strong>exundantis</strong></span> <span class='ocrx_word' id='word_1_635' title='bbox 3501 4409 3617 4460; x_wconf 84' lang='lat' dir='ltr'><strong>tor-</strong></span> 
     </span>
    </p>
   </div>
   <div class='ocr_carea' id='block_1_96' title="bbox 1972 4492 3615 4566">
    <p class='ocr_par' dir='ltr' id='par_1_96' title="bbox 1972 4492 3615 4566">
     <span class='ocr_line' id='line_1_96' title="bbox 1972 4492 3615 4566; baseline -0.001 -15"><span class='ocrx_word' id='word_1_636' title='bbox 1972 4496 2152 4552; x_wconf 89' lang='lat' dir='ltr'><strong>reutis</strong></span> <span class='ocrx_word' id='word_1_637' title='bbox 2185 4498 2287 4549; x_wconf 89' lang='lat' dir='ltr'><strong>aut</strong></span> <span class='ocrx_word' id='word_1_638' title='bbox 2317 4492 2589 4548; x_wconf 84' lang='lat' dir='ltr'><strong>draconis</strong></span> <span class='ocrx_word' id='word_1_639' title='bbox 2610 4508 2829 4546; x_wconf 89' lang='lat' dir='ltr'><strong>veneno</strong></span> <span class='ocrx_word' id='word_1_640' title='bbox 2861 4492 3148 4564; x_wconf 86' lang='lat' dir='ltr'><strong>turgentis</strong></span> <span class='ocrx_word' id='word_1_641' title='bbox 3176 4493 3339 4548; x_wconf 87' lang='lat' dir='ltr'><strong>obvia</strong></span> <span class='ocrx_word' id='word_1_642' title='bbox 3372 4510 3615 4566; x_wconf 65' lang='lat' dir='ltr'><strong>quaeque</strong></span> 
     </span>
    </p>
   </div>
   <div class='ocr_carea' id='block_1_97' title="bbox 1971 4578 3617 4653">
    <p class='ocr_par' dir='ltr' id='par_1_97' title="bbox 1971 4578 3617 4653">
     <span class='ocr_line' id='line_1_97' title="bbox 1971 4578 3617 4653; baseline 0 -16"><span class='ocrx_word' id='word_1_643' title='bbox 1971 4582 2266 4638; x_wconf 81' lang='lat' dir='ltr'><strong>inﬁciebat</strong></span> <span class='ocrx_word' id='word_1_644' title='bbox 2322 4583 2378 4636; x_wconf 89' lang='lat' dir='ltr'><strong>et</strong></span> <span class='ocrx_word' id='word_1_645' title='bbox 2418 4578 2765 4650; x_wconf 85' lang='lat' dir='ltr'><strong>abripiebat,</strong></span> <span class='ocrx_word' id='word_1_646' title='bbox 2816 4579 3117 4651; x_wconf 86' lang='lat' dir='ltr'><strong>multaque</strong></span> <span class='ocrx_word' id='word_1_647' title='bbox 3156 4584 3356 4636; x_wconf 85' lang='lat' dir='ltr'><strong>nostra</strong></span> <span class='ocrx_word' id='word_1_648' title='bbox 3405 4582 3617 4653; x_wconf 85' lang='lat' dir='ltr'><strong>oppida</strong></span> 
     </span>
    </p>
   </div>
   <div class='ocr_carea' id='block_1_98' title="bbox 178 4666 1864 4764">
    <p class='ocr_par' dir='ltr' id='par_1_98' title="bbox 178 4666 1861 4764">
     <span class='ocr_line' id='line_1_98' title="bbox 178 4666 1861 4764; baseline -0.009 -21"><span class='ocrx_word' id='word_1_649' title='bbox 178 4666 358 4764; x_wconf 61' lang='grc' dir='ltr'>λόγῳ</span> <span class='ocrx_word' id='word_1_650' title='bbox 407 4685 586 4760; x_wconf 85' lang='grc' dir='ltr'>θεσμά</span> <span class='ocrx_word' id='word_1_651' title='bbox 638 4666 1019 4760; x_wconf 73' lang='grc' dir='ltr'>παρατρέχων,</span> <span class='ocrx_word' id='word_1_652' title='bbox 1050 4682 1142 4737; x_wconf 83' lang='grc' dir='ltr'><strong>καὶ</strong></span> <span class='ocrx_word' id='word_1_653' title='bbox 1191 4678 1441 4756; x_wconf 74' lang='grc' dir='ltr'>συγχέων</span> <span class='ocrx_word' id='word_1_654' title='bbox 1477 4677 1571 4752; x_wconf 79' lang='grc' dir='ltr'>μὲν</span> <span class='ocrx_word' id='word_1_655' title='bbox 1606 4672 1861 4746; x_wconf 73' lang='grc' dir='ltr'>σπονδὰς,</span> 
     </span>
    </p>
   </div>
   <div class='ocr_carea' id='block_1_99' title="bbox 1973 4666 3616 4764">
    <p class='ocr_par' dir='ltr' id='par_1_99' title="bbox 1973 4666 3616 4743">
     <span class='ocr_line' id='line_1_99' title="bbox 1973 4666 3616 4743; baseline -0.001 -15"><span class='ocrx_word' id='word_1_656' title='bbox 1973 4670 2303 4738; x_wconf 85' lang='lat' dir='ltr'><strong>devorabat,</strong></span> <span class='ocrx_word' id='word_1_657' title='bbox 2326 4666 2718 4740; x_wconf 90' lang='lat' dir='ltr'><strong>improbitatis</strong></span> <span class='ocrx_word' id='word_1_658' title='bbox 2748 4683 2865 4723; x_wconf 63' lang='lat' dir='ltr'><strong>suae</strong></span> <span class='ocrx_word' id='word_1_659' title='bbox 2884 4669 3044 4723; x_wconf 91' lang='lat' dir='ltr'><strong>virus</strong></span> <span class='ocrx_word' id='word_1_660' title='bbox 3075 4670 3398 4740; x_wconf 90' lang='lat' dir='ltr'><strong>expuendo.</strong></span> <span class='ocrx_word' id='word_1_661' title='bbox 3421 4671 3616 4743; x_wconf 88' lang='lat' dir='ltr'><strong>Impe-</strong></span> 
     </span>
    </p>
   </div>
   <div class='ocr_carea' id='block_1_100' title="bbox 174 4766 1860 4853">
    <p class='ocr_par' dir='ltr' id='par_1_100' title="bbox 174 4766 1860 4853">
     <span class='ocr_line' id='line_1_100' title="bbox 174 4766 1860 4853; baseline -0.008 -21"><span class='ocrx_word' id='word_1_662' title='bbox 174 4782 253 4851; x_wconf 78' lang='grc' dir='ltr'>τῇ</span> <span class='ocrx_word' id='word_1_663' title='bbox 288 4776 480 4845; x_wconf 70' lang='grc' dir='ltr'>οἰκείᾳ</span> <span class='ocrx_word' id='word_1_664' title='bbox 531 4772 579 4829; x_wconf 85' lang='grc' dir='ltr'>δ’</span> <span class='ocrx_word' id='word_1_665' title='bbox 625 4772 802 4853; x_wconf 71' lang='grc' dir='ltr'>ἐφέσει</span> <span class='ocrx_word' id='word_1_666' title='bbox 857 4770 1201 4829; x_wconf 75' lang='grc' dir='ltr'>ταλαντεύων</span> <span class='ocrx_word' id='word_1_667' title='bbox 1258 4770 1323 4825; x_wconf 84' lang='grc' dir='ltr'><strong>τὸ</strong></span> <span class='ocrx_word' id='word_1_668' title='bbox 1376 4766 1860 4853; x_wconf 49' lang='grc' dir='ltr'>πραχθησόμενονι</span> 
     </span>
    </p>
   </div>
   <div class='ocr_carea' id='block_1_101' title="bbox 178 4851 1860 4936">
    <p class='ocr_par' dir='ltr' id='par_1_101' title="bbox 178 4851 1860 4936">
     <span class='ocr_line' id='line_1_101' title="bbox 178 4851 1860 4936; baseline -0.009 -15"><span class='ocrx_word' id='word_1_669' title='bbox 178 4864 324 4922; x_wconf 76' lang='grc' dir='ltr'><strong>Οὐδ’</strong></span> <span class='ocrx_word' id='word_1_670' title='bbox 358 4863 535 4933; x_wconf 83' lang='grc' dir='ltr'>αὐτῆς</span> <span class='ocrx_word' id='word_1_671' title='bbox 587 4851 684 4917; x_wconf 78' lang='grc' dir='ltr'>οὖν</span> <span class='ocrx_word' id='word_1_672' title='bbox 744 4862 1013 4936; x_wconf 74' lang='grc' dir='ltr'>ἀπέσχετο</span> <span class='ocrx_word' id='word_1_673' title='bbox 1062 4866 1166 4930; x_wconf 74' lang='grc' dir='ltr'><strong>τῆς</strong></span> <span class='ocrx_word' id='word_1_674' title='bbox 1219 4856 1554 4927; x_wconf 79' lang='grc' dir='ltr'>Μελιτηνῆς,</span> <span class='ocrx_word' id='word_1_675' title='bbox 1594 4851 1739 4909; x_wconf 86' lang='grc' dir='ltr'><strong>ἀλλά</strong></span> <span class='ocrx_word' id='word_1_676' title='bbox 1768 4852 1860 4908; x_wconf 81' lang='grc' dir='ltr'><strong>καὶ</strong></span> 
     </span>
    </p>
   </div>
   <div class='ocr_carea' id='block_1_102' title="bbox 172 4943 1861 5031">
    <p class='ocr_par' dir='ltr' id='par_1_102' title="bbox 172 4943 1861 5031">
     <span class='ocr_line' id='line_1_102' title="bbox 172 4943 1861 5031; baseline -0.008 -21"><span class='ocrx_word' id='word_1_677' title='bbox 172 4956 277 5010; x_wconf 80' lang='grc' dir='ltr'>τὸν</span> <span class='ocrx_word' id='word_1_678' title='bbox 310 4954 525 5024; x_wconf 68' lang='grc' dir='ltr'>ταύτης</span> <span class='ocrx_word' id='word_1_679' title='bbox 567 4946 714 5031; x_wconf 78' lang='grc' dir='ltr'>ἔχων</span> <span class='ocrx_word' id='word_1_680' title='bbox 746 4951 994 5007; x_wconf 84' lang='grc' dir='ltr'>καθελεῖν</span> <span class='ocrx_word' id='word_1_681' title='bbox 1040 4948 1286 5024; x_wconf 83' lang='grc' dir='ltr'>ἀμηρᾶν,</span> <span class='ocrx_word' id='word_1_682' title='bbox 1322 4943 1463 5021; x_wconf 77' lang='grc' dir='ltr'>μηδὲ</span> <span class='ocrx_word' id='word_1_683' title='bbox 1492 4944 1554 5000; x_wconf 87' lang='grc' dir='ltr'>τὸ</span> <span class='ocrx_word' id='word_1_684' title='bbox 1588 4950 1687 5014; x_wconf 80' lang='grc' dir='ltr'>τῆς</span> <span class='ocrx_word' id='word_1_685' title='bbox 1721 4945 1861 5017; x_wconf 83' lang='grc' dir='ltr'>θρη-</span> 
     </span>
    </p>
   </div>
   <div class='ocr_carea' id='block_1_103' title="bbox 171 5028 1860 5116">
    <p class='ocr_par' dir='ltr' id='par_1_103' title="bbox 171 5028 1860 5116">
     <span class='ocr_line' id='line_1_103' title="bbox 171 5028 1860 5116; baseline -0.008 -16"><span class='ocrx_word' id='word_1_686' title='bbox 171 5044 374 5107; x_wconf 72' lang='grc' dir='ltr'>σκείας</span> <span class='ocrx_word' id='word_1_687' title='bbox 418 5028 636 5098; x_wconf 50' lang='grc' dir='ltr'>ταυτὸνή</span> <span class='ocrx_word' id='word_1_688' title='bbox 668 5038 1023 5116; x_wconf 81' lang='grc' dir='ltr'>ὑπειδόμενος</span> <span class='ocrx_word' id='word_1_689' title='bbox 1066 5037 1101 5108; x_wconf 75' lang='grc' dir='ltr'>ἢ</span> <span class='ocrx_word' id='word_1_690' title='bbox 1139 5039 1202 5094; x_wconf 89' lang='grc' dir='ltr'><strong>τὸ</strong></span> <span class='ocrx_word' id='word_1_691' title='bbox 1246 5034 1419 5111; x_wconf 64' lang='grc' dir='ltr'>μηδὲν</span> <span class='ocrx_word' id='word_1_692' title='bbox 1450 5028 1594 5110; x_wconf 78' lang='grc' dir='ltr'>ἔχειν</span> <span class='ocrx_word' id='word_1_693' title='bbox 1625 5032 1860 5107; x_wconf 79' lang='grc' dir='ltr'>ἐπεγκα-</span> 
     </span>
    </p>
   </div>
   <div class='ocr_carea' id='block_1_104' title="bbox 167 5122 1856 5211">
    <p class='ocr_par' dir='ltr' id='par_1_104' title="bbox 167 5122 1856 5211">
     <span class='ocr_line' id='line_1_104' title="bbox 167 5122 1856 5211; baseline -0.01 -20"><span class='ocrx_word' id='word_1_694' title='bbox 167 5134 302 5191; x_wconf 78' lang='grc' dir='ltr'>λεῖν</span> <span class='ocrx_word' id='word_1_695' title='bbox 368 5133 626 5211; x_wconf 83' lang='grc' dir='ltr'>ἀλγεινὸν</span> <span class='ocrx_word' id='word_1_696' title='bbox 681 5137 762 5205; x_wconf 82' lang='grc' dir='ltr'><strong>τῷ</strong></span> <span class='ocrx_word' id='word_1_697' title='bbox 824 5132 1118 5206; x_wconf 83' lang='grc' dir='ltr'>ἀνθρώπῳ,</span> <span class='ocrx_word' id='word_1_698' title='bbox 1178 5126 1339 5190; x_wconf 78' lang='grc' dir='ltr'>αὐτὸς</span> <span class='ocrx_word' id='word_1_699' title='bbox 1402 5122 1856 5182; x_wconf 73' lang='grc' dir='ltr'>ἀνεπικαλύπτως</span> 
     </span>
    </p>
   </div>
   <div class='ocr_carea' id='block_1_105' title="bbox 168 5210 1859 5296">
    <p class='ocr_par' dir='ltr' id='par_1_105' title="bbox 168 5210 1859 5296">
     <span class='ocr_line' id='line_1_105' title="bbox 168 5210 1859 5296; baseline -0.008 -16"><span class='ocrx_word' id='word_1_700' title='bbox 168 5225 367 5280; x_wconf 79' lang='grc' dir='ltr'>αἰτίαν</span> <span class='ocrx_word' id='word_1_701' title='bbox 414 5210 772 5296; x_wconf 81' lang='grc' dir='ltr'>πλασάμενος</span> <span class='ocrx_word' id='word_1_702' title='bbox 839 5222 928 5276; x_wconf 80' lang='grc' dir='ltr'><strong>καὶ</strong></span> <span class='ocrx_word' id='word_1_703' title='bbox 1014 5218 1367 5296; x_wconf 78' lang='grc' dir='ltr'>γραψάμενος</span> <span class='ocrx_word' id='word_1_704' title='bbox 1429 5213 1629 5270; x_wconf 78' lang='grc' dir='ltr'>ἐκεῖθεν</span> <span class='ocrx_word' id='word_1_705' title='bbox 1696 5210 1859 5267; x_wconf 78' lang='grc' dir='ltr'>αὐτὸν</span> 
     </span>
    </p>
   </div>
   <div class='ocr_carea' id='block_1_106' title="bbox 162 5300 1858 5386">
    <p class='ocr_par' dir='ltr' id='par_1_106' title="bbox 162 5300 1858 5386">
     <span class='ocr_line' id='line_1_106' title="bbox 162 5300 1858 5386; baseline -0.01 -14"><span class='ocrx_word' id='word_1_706' title='bbox 162 5315 475 5386; x_wconf 68' lang='grc' dir='ltr'>ίξτςλασεν.</span> <span class='ocrx_word' id='word_1_707' title='bbox 534 5316 763 5370; x_wconf 84' lang='grc' dir='ltr'>Ἔπειτα</span> <span class='ocrx_word' id='word_1_708' title='bbox 818 5312 911 5367; x_wconf 83' lang='grc' dir='ltr'><strong>καὶ</strong></span> <span class='ocrx_word' id='word_1_709' title='bbox 970 5310 1062 5365; x_wconf 86' lang='grc' dir='ltr'>τὸν</span> <span class='ocrx_word' id='word_1_710' title='bbox 1129 5307 1329 5362; x_wconf 78' lang='grc' dir='ltr'>οἰκεῖον</span> <span class='ocrx_word' id='word_1_711' title='bbox 1389 5303 1640 5383; x_wconf 69' lang='grc' dir='ltr'>ὑφέρπων</span> <span class='ocrx_word' id='word_1_712' title='bbox 1700 5300 1858 5356; x_wconf 87' lang='grc' dir='ltr'>κασί-</span> 
     </span>
    </p>
   </div>
   <div class='ocr_carea' id='block_1_107' title="bbox 162 5388 1857 5482">
    <p class='ocr_par' dir='ltr' id='par_1_107' title="bbox 162 5388 1857 5482">
     <span class='ocr_line' id='line_1_107' title="bbox 162 5388 1857 5482; baseline -0.009 -22"><span class='ocrx_word' id='word_1_713' title='bbox 162 5423 390 5482; x_wconf 72' lang='grc' dir='ltr'>γνητον</span> <span class='ocrx_word' id='word_1_714' title='bbox 452 5401 788 5479; x_wconf 82' lang='grc' dir='ltr'>μετανάστην</span> <span class='ocrx_word' id='word_1_715' title='bbox 848 5399 1096 5457; x_wconf 84' lang='grc' dir='ltr'>κάκεῖνον</span> <span class='ocrx_word' id='word_1_716' title='bbox 1155 5394 1327 5462; x_wconf 82' lang='grc' dir='ltr'>ἔθετο.</span> <span class='ocrx_word' id='word_1_717' title='bbox 1390 5394 1456 5453; x_wconf 75' lang='grc' dir='ltr'><strong>Οἱ</strong></span> <span class='ocrx_word' id='word_1_718' title='bbox 1511 5392 1567 5449; x_wconf 75' lang='grc' dir='ltr'><strong>δὲ</strong></span> <span class='ocrx_word' id='word_1_719' title='bbox 1630 5388 1857 5471; x_wconf 79' lang='grc' dir='ltr'>φυγάδες</span> 
     </span>
    </p>
   </div>
   <div class='ocr_carea' id='block_1_108' title="bbox 1973 4755 3616 4829">
    <p class='ocr_par' dir='ltr' id='par_1_108' title="bbox 1973 4755 3616 4829">
     <span class='ocr_line' id='line_1_108' title="bbox 1973 4755 3616 4829; baseline -0.001 -13"><span class='ocrx_word' id='word_1_720' title='bbox 1973 4768 2125 4817; x_wconf 87' lang='lat' dir='ltr'><strong>rator</strong></span> <span class='ocrx_word' id='word_1_721' title='bbox 2171 4776 2301 4815; x_wconf 90' lang='lat' dir='ltr'><strong>vero</strong></span> <span class='ocrx_word' id='word_1_722' title='bbox 2333 4756 2453 4813; x_wconf 88' lang='lat' dir='ltr'><strong>vias</strong></span> <span class='ocrx_word' id='word_1_723' title='bbox 2484 4755 2569 4811; x_wconf 91' lang='lat' dir='ltr'><strong>illi</strong></span> <span class='ocrx_word' id='word_1_724' title='bbox 2600 4756 2744 4813; x_wconf 87' lang='lat' dir='ltr'><strong>alias</strong></span> <span class='ocrx_word' id='word_1_725' title='bbox 2778 4756 3008 4814; x_wconf 88' lang='lat' dir='ltr'><strong>invictis</strong></span> <span class='ocrx_word' id='word_1_726' title='bbox 3041 4759 3415 4829; x_wconf 85' lang='lat' dir='ltr'><strong>exercitibus,</strong></span> <span class='ocrx_word' id='word_1_727' title='bbox 3469 4759 3616 4816; x_wconf 90' lang='lat' dir='ltr'><strong>alias</strong></span> 
     </span>
    </p>
   </div>
   <div class='ocr_carea' id='block_1_109' title="bbox 1970 4846 3619 4918">
    <p class='ocr_par' dir='ltr' id='par_1_109' title="bbox 1970 4846 3619 4918">
     <span class='ocr_line' id='line_1_109' title="bbox 1970 4846 3619 4918; baseline -0.003 -12"><span class='ocrx_word' id='word_1_728' title='bbox 1970 4866 2110 4907; x_wconf 89' lang='lat' dir='ltr'><strong>auro</strong></span> <span class='ocrx_word' id='word_1_729' title='bbox 2142 4847 2508 4915; x_wconf 86' lang='lat' dir='ltr'><strong>obstruebat,</strong></span> <span class='ocrx_word' id='word_1_730' title='bbox 2543 4846 2699 4903; x_wconf 74' lang='lat'><strong>162</strong></span> <span class='ocrx_word' id='word_1_731' title='bbox 2736 4850 2792 4901; x_wconf 91' lang='lat' dir='ltr'><strong>et</strong></span> <span class='ocrx_word' id='word_1_732' title='bbox 2823 4846 3122 4903; x_wconf 86' lang='lat' dir='ltr'><strong>incitatam</strong></span> <span class='ocrx_word' id='word_1_733' title='bbox 3160 4848 3418 4903; x_wconf 86' lang='lat' dir='ltr'><strong>hominis</strong></span> <span class='ocrx_word' id='word_1_734' title='bbox 3450 4848 3619 4918; x_wconf 89' lang='lat' dir='ltr'><strong>cupi-</strong></span> 
     </span>
    </p>
   </div>
   <div class='ocr_carea' id='block_1_110' title="bbox 1970 4935 3621 5009">
    <p class='ocr_par' dir='ltr' id='par_1_110' title="bbox 1970 4935 3621 5009">
     <span class='ocr_line' id='line_1_110' title="bbox 1970 4935 3621 5009; baseline -0.004 -14"><span class='ocrx_word' id='word_1_735' title='bbox 1970 4941 2212 4996; x_wconf 85' lang='lat' dir='ltr'><strong>ditatem</strong></span> <span class='ocrx_word' id='word_1_736' title='bbox 2234 4937 2303 4993; x_wconf 88' lang='lat' dir='ltr'><strong>ad</strong></span> <span class='ocrx_word' id='word_1_737' title='bbox 2322 4952 2521 5009; x_wconf 90' lang='lat' dir='ltr'><strong>pacem</strong></span> <span class='ocrx_word' id='word_1_738' title='bbox 2548 4935 2831 4991; x_wconf 89' lang='lat' dir='ltr'><strong>ﬂectebat.</strong></span> <span class='ocrx_word' id='word_1_739' title='bbox 2862 4935 3185 5007; x_wconf 81' lang='lat' dir='ltr'><strong>Aliquando</strong></span> <span class='ocrx_word' id='word_1_740' title='bbox 3204 4936 3376 4990; x_wconf 87' lang='lat' dir='ltr'><strong>etiam</strong></span> <span class='ocrx_word' id='word_1_741' title='bbox 3398 4936 3621 4989; x_wconf 88' lang='lat' dir='ltr'><strong>Turcos</strong></span> 
     </span>
    </p>
   </div>
   <div class='ocr_carea' id='block_1_111' title="bbox 1970 5024 3618 5096">
    <p class='ocr_par' dir='ltr' id='par_1_111' title="bbox 1970 5024 3618 5096">
     <span class='ocr_line' id='line_1_111' title="bbox 1970 5024 3618 5096; baseline -0.005 -11"><span class='ocrx_word' id='word_1_742' title='bbox 1970 5030 2028 5085; x_wconf 90' lang='lat' dir='ltr'><strong>in</strong></span> <span class='ocrx_word' id='word_1_743' title='bbox 2062 5030 2457 5083; x_wconf 80' lang='lat' dir='ltr'><strong>Romanorum</strong></span> <span class='ocrx_word' id='word_1_744' title='bbox 2492 5025 2636 5079; x_wconf 81' lang='lat' dir='ltr'><strong>fines</strong></span> <span class='ocrx_word' id='word_1_745' title='bbox 2669 5025 2893 5079; x_wconf 76' lang='lat' dir='ltr'><strong>effusos</strong></span> <span class='ocrx_word' id='word_1_746' title='bbox 2928 5040 3306 5096; x_wconf 88' lang='lat' dir='ltr'><strong>repressurus</strong></span> <span class='ocrx_word' id='word_1_747' title='bbox 3337 5024 3618 5091; x_wconf 86' lang='lat' dir='ltr'><strong>Pentapo-</strong></span> 
     </span>
    </p>
   </div>
   <div class='ocr_carea' id='block_1_112' title="bbox 1969 5108 3620 5179">
    <p class='ocr_par' dir='ltr' id='par_1_112' title="bbox 1969 5108 3620 5179">
     <span class='ocr_line' id='line_1_112' title="bbox 1969 5108 3620 5179; baseline -0.005 -6"><span class='ocrx_word' id='word_1_748' title='bbox 1969 5118 2183 5173; x_wconf 87' lang='lat' dir='ltr'><strong>litanos</strong></span> <span class='ocrx_word' id='word_1_749' title='bbox 2229 5113 2484 5179; x_wconf 88' lang='lat' dir='ltr'><strong>invadit;</strong></span> <span class='ocrx_word' id='word_1_750' title='bbox 2546 5128 2613 5167; x_wconf 85' lang='lat' dir='ltr'><strong>ac</strong></span> <span class='ocrx_word' id='word_1_751' title='bbox 2649 5113 2835 5167; x_wconf 83' lang='lat' dir='ltr'><strong>Persis</strong></span> <span class='ocrx_word' id='word_1_752' title='bbox 2883 5128 2985 5165; x_wconf 91' lang='lat' dir='ltr'><strong>nec</strong></span> <span class='ocrx_word' id='word_1_753' title='bbox 3035 5113 3105 5165; x_wconf 89' lang='lat' dir='ltr'><strong>ad</strong></span> <span class='ocrx_word' id='word_1_754' title='bbox 3157 5126 3368 5164; x_wconf 80' lang='lat' dir='ltr'><strong>manus</strong></span> <span class='ocrx_word' id='word_1_755' title='bbox 3421 5108 3620 5165; x_wconf 86' lang='lat' dir='ltr'><strong>venire</strong></span> 
     </span>
    </p>
   </div>
   <div class='ocr_carea' id='block_1_113' title="bbox 1967 5197 3614 5273">
    <p class='ocr_par' dir='ltr' id='par_1_113' title="bbox 1967 5197 3614 5273">
     <span class='ocr_line' id='line_1_113' title="bbox 1967 5197 3614 5273; baseline -0.005 -10"><span class='ocrx_word' id='word_1_756' title='bbox 1967 5207 2152 5273; x_wconf 89' lang='lat' dir='ltr'><strong>ausis,</strong></span> <span class='ocrx_word' id='word_1_757' title='bbox 2185 5202 2386 5259; x_wconf 89' lang='lat' dir='ltr'><strong>multis</strong></span> <span class='ocrx_word' id='word_1_758' title='bbox 2418 5201 2685 5270; x_wconf 71' lang='lat' dir='ltr'><strong>cxptivis,</strong></span> <span class='ocrx_word' id='word_1_759' title='bbox 2723 5199 2921 5255; x_wconf 87' lang='lat' dir='ltr'><strong>multis</strong></span> <span class='ocrx_word' id='word_1_760' title='bbox 2960 5199 3293 5269; x_wconf 89' lang='lat' dir='ltr'><strong>pectoribus</strong></span> <span class='ocrx_word' id='word_1_761' title='bbox 3326 5197 3614 5265; x_wconf 86' lang='lat' dir='ltr'><strong>abductis,</strong></span> 
     </span>
    </p>
   </div>
   <div class='ocr_carea' id='block_1_114' title="bbox 1968 5288 3618 5365">
    <p class='ocr_par' dir='ltr' id='par_1_114' title="bbox 1968 5288 3618 5365">
     <span class='ocr_line' id='line_1_114' title="bbox 1968 5288 3618 5365; baseline -0.005 -12"><span class='ocrx_word' id='word_1_762' title='bbox 1968 5294 2340 5365; x_wconf 89' lang='lat' dir='ltr'><strong>triumphans</strong></span> <span class='ocrx_word' id='word_1_763' title='bbox 2361 5290 2565 5344; x_wconf 89' lang='lat' dir='ltr'><strong>urbem</strong></span> <span class='ocrx_word' id='word_1_764' title='bbox 2601 5290 2945 5353; x_wconf 71' lang='lat' dir='ltr'><strong>ingreditur.</strong></span> <span class='ocrx_word' id='word_1_765' title='bbox 2966 5289 3044 5343; x_wconf 91' lang='lat' dir='ltr'><strong>Eo</strong></span> <span class='ocrx_word' id='word_1_766' title='bbox 3078 5296 3330 5358; x_wconf 84' lang='lat' dir='ltr'><strong>tempore</strong></span> <span class='ocrx_word' id='word_1_767' title='bbox 3352 5288 3618 5361; x_wconf 85' lang='lat' dir='ltr'><strong>Solymas</strong></span> 
     </span>
    </p>
   </div>
   <div class='ocr_carea' id='block_1_115' title="bbox 1968 5376 3620 5460">
    <p class='ocr_par' dir='ltr' id='par_1_115' title="bbox 1968 5376 3620 5460">
     <span class='ocr_line' id='line_1_115' title="bbox 1968 5376 3620 5460; baseline -0.004 -18"><span class='ocrx_word' id='word_1_768' title='bbox 1968 5397 2272 5460; x_wconf 87' lang='lat' dir='ltr'><strong>procerum</strong></span> <span class='ocrx_word' id='word_1_769' title='bbox 2347 5376 2559 5433; x_wconf 89' lang='lat' dir='ltr'><strong>sultani</strong></span> <span class='ocrx_word' id='word_1_770' title='bbox 2634 5378 2924 5449; x_wconf 82' lang='lat' dir='ltr'><strong>princeps,</strong></span> <span class='ocrx_word' id='word_1_771' title='bbox 2996 5377 3171 5432; x_wconf 89' lang='lat' dir='ltr'><strong>homo</strong></span> <span class='ocrx_word' id='word_1_772' title='bbox 3244 5376 3489 5434; x_wconf 86' lang='lat' dir='ltr'><strong>callidus</strong></span> <span class='ocrx_word' id='word_1_773' title='bbox 3560 5382 3620 5435; x_wconf 85' lang='lat' dir='ltr'><strong>et</strong></span> 
     </span>
    </p>
   </div>
   <div class='ocr_carea' id='block_1_116' title="bbox 1578 5539 2250 5606">
    <p class='ocr_par' dir='ltr' id='par_1_116' title="bbox 1578 5539 2250 5606">
     <span class='ocr_line' id='line_1_116' title="bbox 1578 5539 2250 5606; baseline -0.021 0"><span class='ocrx_word' id='word_1_774' title='bbox 1578 5546 1749 5606; x_wconf 91' lang='lat' dir='ltr'><strong>Hier.</strong></span> <span class='ocrx_word' id='word_1_775' title='bbox 1798 5539 2013 5604; x_wconf 85' lang='lat' dir='ltr'><strong>Wolﬁi</strong></span> <span class='ocrx_word' id='word_1_776' title='bbox 2057 5541 2221 5597; x_wconf 72' lang='lat' dir='ltr'><strong>notae</strong></span> <span class='ocrx_word' id='word_1_777' title='bbox 2236 5577 2250 5592; x_wconf 93' lang='lat'><strong>.</strong></span> 
     </span>
    </p>
   </div>
   <div class='ocr_carea' id='block_1_117' title="bbox 243 5661 1864 5767">
    <p class='ocr_par' dir='ltr' id='par_1_117' title="bbox 243 5676 1864 5767">
     <span class='ocr_line' id='line_1_117' title="bbox 243 5676 1864 5767; baseline -0.014 -14"><span class='ocrx_word' id='word_1_778' title='bbox 243 5695 382 5767; x_wconf 76' lang='lat'><strong>(8‘2)</strong></span> <span class='ocrx_word' id='word_1_779' title='bbox 427 5688 898 5767; x_wconf 61' lang='grc' dir='ltr'>Κυυτζασθλᾴνην,</span> <span class='ocrx_word' id='word_1_780' title='bbox 950 5684 1443 5767; x_wconf 75' lang='lat' dir='ltr'><strong>Significathaud</strong></span> <span class='ocrx_word' id='word_1_781' title='bbox 1503 5678 1680 5767; x_wconf 74' lang='lat' dir='ltr'><strong>dubie</strong></span> <span class='ocrx_word' id='word_1_782' title='bbox 1708 5676 1864 5767; x_wconf 49' lang='lat' dir='ltr'><strong>voxul</strong></span> 
     </span>
    </p>
   </div>
   <div class='ocr_carea' id='block_1_118' title="bbox 1973 5661 3616 5767">
    <p class='ocr_par' dir='ltr' id='par_1_118' title="bbox 1973 5661 3616 5742">
     <span class='ocr_line' id='line_1_118' title="bbox 1973 5661 3616 5742; baseline -0.002 -13"><span class='ocrx_word' id='word_1_783' title='bbox 1973 5668 2357 5742; x_wconf 59' lang='lat' dir='ltr'><strong>:aliquid,ut</strong></span> <span class='ocrx_word' id='word_1_784' title='bbox 2412 5671 2465 5721; x_wconf 89' lang='lat' dir='ltr'><strong>et.</strong></span> <span class='ocrx_word' id='word_1_785' title='bbox 2529 5661 2966 5742; x_wconf 71' lang='grc' dir='ltr'>μοῦρτζουφλος.</span> <span class='ocrx_word' id='word_1_786' title='bbox 3002 5666 3104 5724; x_wconf 84' lang='lat' dir='ltr'><strong>sed</strong></span> <span class='ocrx_word' id='word_1_787' title='bbox 3163 5666 3409 5738; x_wconf 82' lang='lat' dir='ltr'><strong>scriptor</strong></span> <span class='ocrx_word' id='word_1_788' title='bbox 3465 5666 3616 5725; x_wconf 85' lang='lat' dir='ltr'><strong>hanc</strong></span> 
     </span>
    </p>
   </div>
   <div class='ocr_carea' id='block_1_119' title="bbox 157 5749 1881 5842">
    <p class='ocr_par' dir='ltr' id='par_1_119' title="bbox 157 5749 1881 5842">
     <span class='ocr_line' id='line_1_119' title="bbox 157 5749 1881 5842; baseline -0.013 -13"><span class='ocrx_word' id='word_1_789' title='bbox 157 5749 329 5829; x_wconf 53' lang='lat' dir='ltr'><strong>alii;</strong></span> <span class='ocrx_word' id='word_1_790' title='bbox 349 5749 525 5842; x_wconf 19' lang='lat' dir='ltr'><strong>(aqua</strong></span> <span class='ocrx_word' id='word_1_791' title='bbox 555 5749 621 5825; x_wconf 62' lang='lat' dir='ltr'><strong>ac</strong></span> <span class='ocrx_word' id='word_1_792' title='bbox 654 5764 766 5823; x_wconf 88' lang='lat' dir='ltr'><strong>sibi</strong></span> <span class='ocrx_word' id='word_1_793' title='bbox 794 5749 996 5823; x_wconf 69' lang='lat' dir='ltr'><strong>abtum</strong></span> <span class='ocrx_word' id='word_1_794' title='bbox 1017 5749 1158 5818; x_wconf 57' lang='lat' dir='ltr'><strong>Esse</strong></span> <span class='ocrx_word' id='word_1_795' title='bbox 1187 5762 1352 5817; x_wconf 84' lang='lat' dir='ltr'><strong>ratus</strong></span> <span class='ocrx_word' id='word_1_796' title='bbox 1392 5770 1510 5813; x_wconf 88' lang='lat' dir='ltr'><strong>non</strong></span> <span class='ocrx_word' id='word_1_797' title='bbox 1545 5749 1881 5810; x_wconf 87' lang='lat' dir='ltr'><strong>declaravit.</strong></span> 
     </span>
    </p>
   </div>
  </div>
