4066 6214
241 384 381 448 465
1333 385 1433 448 DE
1474 385 1862 449 MANUELE
1906 382 2279 448 COMNENO
2320 382 2475 446 LIB.
2521 384 2620 445 IV.
3565 386 3685 449 466

250 516 528 596 βασιλέως
585 516 764 593 ἀγαθὰ
813 517 1078 576 πείσεται·
1136 543 1167 573 ‹‹
1223 521 1290 600 ᾯ
1349 521 1464 596 γὰρ
1536 518 1789 595 πάρεστι,
1842 518 1997 597 φησὶ,
2047 519 2110 573 τὸ
2168 523 2411 594 κρατεῖν,
2463 519 2647 591 τούτῳ
2677 518 2764 572 καὶ
2823 518 2881 572 αἱ
2941 514 3141 592 δωρεαὶ
3184 518 3439 594 φιλοῦσιν
3498 518 3679 592 ἐπιξε-

244 609 502 678 νίζεσθαι,
531 604 625 661 ’ίνα
656 610 743 681 [Ρ.
775 609 864 681 82]
904 610 982 683 μὴ
1022 605 1215 664 πλεῖον
1312 611 1375 665 τὸ
1403 630 1490 664 νικ
1511 614 1593 680 ᾇν,
1653 604 1841 676 ἐπειδὴ
1900 607 1991 662 καὶ
2050 608 2117 662 τὰ
2174 606 2574 685 φλεγμαίνοντα
2612 611 2708 662 τῶν
2741 606 3011 679 σωμάτων
3039 606 3134 668 τὰς
3167 608 3498 682 νοσοκομίας
3556 609 3676 665 ἐπι-

246 704 488 754 σπῶνται
552 697 842 765 πλείονας,
892 696 985 754 ἵνα
1042 699 1405 755 ἀπισπῶνται
1468 700 1560 755 καὶ
1620 704 1798 755 σταῖεν
1841 699 1910 753 τὰ
1966 695 2156 770 πρόσω
2188 695 2475 769 νεμόμενα.
2514 719 2542 746 ››
2592 693 2780 753 Οὒδ’ὁ
2843 695 3109 766 Μανουήλ
3158 695 3343 769 μέντοι
3404 698 3492 752 ἐπὶ
3549 698 3673 754 τού-

241 809 356 851 τοις
422 787 665 863 ἡσυχίαν
734 789 1040 859 ἠσπάσατο,
1099 788 1246 845 ἀλλὰ
1308 795 1497 865 πρῶτα
1526 790 1620 864 μὲν
1681 786 1770 844 διὰ
1833 791 1929 843 τοῦ
1988 783 2292 841 Γουδελίου
2352 783 2745 856 Τζυκανδήλη,
2787 785 2903 840 εἶτα
2957 786 3047 839 καὶ
3106 783 3196 839 διὰ
3249 789 3345 840 τοῦ
3405 786 3666 862 Ἀγγέλου

242 876 475 953 Μιχαὴλ
506 883 626 939 τοῖς
655 878 929 953 Τούρκοις
974 875 1219 950 ἐπέθετο,
1292 880 1411 934 ’ὀσοι
1465 878 1917 953 πολυθρέμμονες
1976 875 2125 936 ὄντες
2182 872 2490 951 ἀναδιφῶσι
2548 875 2686 936 πόας
2736 873 2833 937 τὰς
2865 872 3253 947 λειμωνίτιδας
3306 874 3395 929 καὶ
3454 874 3664 930 τούτων

256 965 405 1023 ’ἕνεκα
436 972 550 1023 τῶν
580 966 796 1022 οἰκείων
827 969 976 1038 ἠθῶν
1032 968 1453 1042 ἀπανιστάμενοι
1512 969 1765 1045 παγγενεὶ
1817 968 1884 1021 τὰ
1941 963 2233 1038 Ῥωμαίων
2290 962 2582 1017 ἔπεισίασιν
2643 964 2787 1037 ὅρια.
2848 963 3010 1020 Οὗτοι
3063 964 3167 1040 γὰρ
3226 962 3278 1025 ἐς
3338 963 3545 1039 λόχους
3600 967 3662 1020 τὸ

242 1061 346 1112 τῶν
399 1055 792 1131 στρατοπέδων
849 1058 1195 1127 συντάξαντες
1291 1054 1520 1127 εὔζωνον
1583 1057 1675 1113 καὶ
1734 1058 1847 1130 μετ’
1920 1055 2123 1109 ἑαυτῶν
2176 1047 2586 1128 παραλαϐόντες
2644 1051 2883 1125 ἐξῄεσαν.
2944 1052 3184 1125 ’Δμείνω
3226 1050 3283 1107 δὲ
3337 1055 3434 1123 τήν
3498 1054 3664 1109 νύκτα

239 1147 513 1221 κρίνοντες
571 1146 650 1207 εἰς
687 1147 788 1215 τήν
844 1150 952 1201 τῶν
1012 1146 1268 1202 ἐναντίων
1321 1146 1582 1216 ἐπίθεσιν,
1644 1147 1891 1219 σύνθημα
1958 1142 2224 1199 δεδώκασι
2280 1147 2360 1214 τῷ
2416 1146 2628 1215 στρατῷ
2681 1142 2732 1197 έν
2783 1146 2863 1214 τῷ
2920 1141 3054 1197 κατᾶ
3108 1142 3299 1199 σκότον
3355 1141 3667 1217 συμπλέκε-

242 1247 358 1300 σθαι
419 1240 546 1298 τοῖς
619 1235 884 1310 Τούρκοις
941 1236 1241 1314 ἀναφωνεῖν
1273 1260 1300 1289 ‹‹
1335 1235 1595 1312 Σίδηρος,
1659 1259 1688 1288 ››
1728 1234 1802 1296 ὡς
1862 1232 1946 1303 εἴη
2009 1232 2195 1294 αὐτοῖς
2243 1231 2418 1294 οὕτως
2469 1232 2956 1307 ἀντιπαρέρχεσθαι
3019 1232 3114 1305 μὲν
3178 1233 3241 1286 τὸ
3272 1232 3554 1310 ὁμόφυλον
3584 1234 3659 1302 ὡς

238 1323 563 1401 ὁμόφωνον,
592 1326 658 1379 τὸ
718 1321 775 1380 δὲ
831 1329 956 1401 σιγῇ
1025 1325 1175 1381 ἐπιὸν
1234 1327 1468 1381 καίνοιεν
1528 1326 1603 1387 ὡς
1658 1322 2082 1398 ἀλλόγλωσσον.
2145 1322 2244 1377 Καὶ
2301 1326 2464 1377 τοῦτο
2521 1318 2590 1376 δι’
2645 1320 2785 1390 ’ὀλης
2850 1328 2951 1391 τῆς
2998 1321 3122 1376 τότε
3172 1322 3503 1396 συμπλοκῆς
3542 1322 3663 1378 ἐπι·-

235 1413 595 1492 φωνούμενον
656 1411 938 1470 διέστελλε
967 1415 1034 1470 τὰ
1064 1416 1211 1490 γένη,
1265 1415 1448 1471 καὶτὸ
1505 1419 1602 1470 τοῦ
1662 1409 1855 1484 Δαὸἰδ,
1924 1413 1950 1467 6
2012 1409 2239 1487 σίδηρος
2292 1411 2387 1473 τὰς
2440 1415 2551 1466 τῶν
2583 1414 2801 1485 Περσῶν
2853 1410 3039 1488 ψυχὰς
3078 1407 3364 1489 διήρχετο.
3397 1413 3547 1467 Μετά
3607 1410 3664 1467 δὲ

232 1502 417 1559 πολὺν
498 1503 594 1576 ὀψέ
653 1524 784 1558 ποτε
843 1504 1002 1583 φόνον
1090 1505 1141 1559 oi.
1199 1502 1434 1579 Τοῦρκοι
1494 1503 1759 1564 συνιέντες
1820 1501 1850 1556 6'
1919 1501 2177 1577 βούλεται
2233 1503 2295 1556 τὸ
2348 1500 2448 1555 ἀνὰ
2532 1500 2707 1573 στόμα
2773 1499 3077 1572 Ῥωμαίοις
3133 1500 3402 1573 κείμενον,
3458 1499 3669 1575 ξυνῳδᾶ

238 1593 397 1671 σφίσι
460 1592 549 1647 καὶ
608 1590 762 1648 αὓτοὶ
824 1592 1166 1672 ἐφθέγγοντο,
1224 1591 1330 1656 ἕως
1386 1601 1486 1664 τῆς
1545 1593 1733 1654 νυκτὸς
1777 1589 2158 1665 διαγενομένης
2194 1590 2285 1644 ἀπ’
2343 1588 2609 1660 ἀλλήλων
2641 1586 2924 1655 διέστησαν
2978 1589 3044 1643 τὰ
3084 1588 3477 1664 στρατεύματα.
3511 1589 3663 1645 Πολ-

233 1680 329 1738 λαὶ
364 1684 462 1757 μὲν
493 1682 584 1738 οὖν
630 1681 893 1759 ἐκδρομαὶ
923 1685 985 1739 τὸ
1015 1689 1312 1755 τηνικαῦτα
1341 1688 1533 1760 καιροῦ
1564 1688 1649 1755 τῷ
1686 1681 1907 1756 βασιλεῖ
1935 1679 2114 1753 τούτῳ
2163 1681 2303 1735 κατά
2358 1684 2467 1734 τῶν
2522 1679 2777 1752 Τούρκων
2834 1675 3100 1752 ἐγένοντο,
3130 1678 3221 1732 καὶ
3277 1679 3423 1752 παρὰ
3450 1679 3657 1733 τούτων

233 1773 387 1834 αὖθις
417 1772 717 1845 Ῥωμαίοις
745 1772 1179 1847 ἐπιξυνέστησαν·
1214 1777 1431 1849 παρῆκα
1465 1771 1520 1828 δὲ
1548 1774 1757 1829 τούτων
1797 1772 1917 1826 ὅσαι
1950 1768 2043 1824 σὺν
2075 1774 2156 1842 τῷ
2217 1771 2293 1844 μὴ
2347 1769 2714 1848 ἀξιαφήγητον
2780 1789 2831 1822 τι
2888 1769 3175 1836 κεκτῆσθαι
3233 1767 3322 1821 καὶ
3353 1769 3513 1843 κόρον
3540 1773 3659 1831 τοῖς

234 1863 536 1936 φιληκόοις
565 1862 893 1936 ἐμποιήσειν
923 1861 1194 1937 ἤμελλον,
1216 1865 1307 1918 οἷα
1336 1865 1402 1919 τὰ
1431 1861 1620 1919 πολλὰ
1640 1864 1715 1926 εἷς
1746 1861 1913 1919 ταυτᾶ
1933 1863 2035 1931 τήν
2058 1861 2301 1938 ἱστορίαν
2324 1858 2815 1938 ἐπαναστρέφουσαι
2842 1858 2930 1913 καὶ
2959 1855 3127 1933 μηδέν
3157 1879 3211 1913 τι
3232 1857 3655 1934 παρεξηλλαχὸς

243 1952 325 2014 εἷς
356 1954 453 2022 τὴν
477 1950 736 2031 διήγησιν
769 1948 1020 2033 ἔχουσαι.

1318 2210 1745 2308 ΤΟΜΟΣ
1828 2210 2484 2308 ΤΕΤΑΡΤΟΣ

1187 2412 1324 2468 ΤΗΣ
1357 2412 1734 2470 ΒΑΣΙΛΕΙΑΣ
1777 2413 2121 2470 ΜΔΝΟΥΗΛ
2149 2413 2286 2469 ΤΟΥ
2316 2413 2720 2471 ΚΟΜΝΗΝΟΥ.

1984 2572 2054 2584 ὀ

1472 2678 1802 2764 LIBER
1885 2675 2435 2789 QUARTUS

1199 2854 1442 2911 RERUM
1473 2856 1521 2909 A
1563 2856 1905 2913 MANUELE
1934 2855 2266 2913 COMNENO
2297 2856 2693 2913 GESTABUM.

295 3134 386 3203 [Ρ.
421 3132 519 3204 83]
547 3131 616 3185 α“.
650 3130 935 3203 Ἐπάνειμι
966 3127 1011 3184 δ’
1069 3129 1224 3195 αὖθις
1271 3130 1360 3185 ὶπὶ
1388 3132 1457 3185 τὰ
1488 3132 1775 3199 Παιονικά,
1804 3152 1894 3186 σα·
1923 3203 1925 3209 ι

2084 3138 2134 3191 1.
2168 3136 2519 3209 Priusquam
2553 3144 2746 3194 autem
2781 3140 2853 3194 ad
2887 3154 2977 3197 res
2999 3139 3362 3196 Pannonicas
3394 3140 3649 3210 redeam,

226 3221 456 3297 φηνείας
502 3216 550 3273 δ’
579 3216 734 3273 ἕνεκα
761 3223 858 3273 τοῦ
900 3220 1133 3293 ίστορειν
1188 3214 1684 3295 προαναϐαλοῦμαι
1716 3221 1894 3277 ταυτί.

224 3307 317 3381 Τῷ
346 3307 479 3363 τότε
510 3306 744 3383 ἄρχοντι
796 3311 903 3363 τῶν
935 3308 1155 3364 Οὕννων
1201 3309 1379 3378 Ἰατζᾷ
1409 3306 1508 3362 δύο
1562 3309 1699 3378 ἦσαν
1730 3309 1895 3381 ὁμαί-

230 3418 415 3470 μονες,
474 3392 750 3475 Στέφανός
807 3417 867 3451 τε
952 3397 1042 3451 καὶ
1138 3392 1555 3461 Βλαδίσολαϐος
1633 3400 1746 3469 (83)
1805 3398 1896 3452 καὶ

229 3484 425 3547 παῖδες
460 3484 738 3563 Στέφανος
784 3486 871 3539 καὶ
924 3483 1113 3547 Βελᾶς.
1173 3490 1290 3540 Τῶν
1339 3482 1588 3562 ἀδελφῶν
1640 3485 1818 3541 τοίνυν
1868 3486 1896 3541 6

234 3574 513 3651 Στέφανος
540 3576 639 3636 τὰς
673 3575 969 3650 ὁμογνίους
1002 3574 1253 3650 ἐκφυγὼν
1312 3580 1503 3650 χεῖρας
1556 3577 1673 3630 κατ’
1730 3576 1896 3629 αὐτοῦ

233 3666 490 3742 φονώσας
542 3666 643 3732 τήν
714 3664 1122 3720 Κωνσταντίνου
1170 3660 1457 3733 κατέλαϐε,
1531 3665 1620 3719 καὶ
1672 3661 1899 3738 προσδε-

233 3755 394 3830 χθεὶς
425 3753 714 3813 ἁσπασίως
770 3756 850 3823 τῷ
908 3751 1277 3827 αὐτοκράτορι
1308 3753 1574 3822 Μανουὴλ
1606 3751 1785 3822 ἄλλης
1840 3773 1898 3807 τε

233 3842 657 3921 φιλοφροσύνης
686 3842 761 3902 ὡς
805 3839 1068 3911 πλείστης
1100 3841 1459 3915 ηύμοίρησεν,
1511 3841 1657 3896 ἀλλὰ
1691 3840 1757 3910 δὴ
1806 3841 1896 3898 καὶ

228 3933 449 4008 Μαρίαν
507 3928 681 4006 ἔγημε
737 3931 837 3999 τήν
896 3931 1094 3987 τούτου
1152 3931 1394 4005 ἀνεψιάν,
1447 3934 1514 4001 ἣν
1573 3934 1600 3986 ὁ
1639 3926 1896 3986 σεϐαστο-

229 4019 455 4097 κρίτωρ
488 4021 777 4098 ἐφύτευσεν
811 4021 1097 4081 Ἰσαάκιος.
1149 4021 1302 4077 Μετὰ
1346 4021 1527 4099 βραχὺ
1585 4018 1642 4076 δὲ
1719 4020 1808 4076 καὶ
1868 4021 1895 4075 6

226 4116 338 4166 τῶν
373 4108 632 4189 ἀδελφῶν
653 4108 837 4183 τρίτος
872 4104 1287 4171 Βλαδίσθλαϐος
1318 4116 1434 4164 κατ’
1492 4110 1645 4185 ἴχνια
1696 4110 1893 4185 βαίνων

227 4206 309 4272 τῷ
345 4200 605 4277 Στεφάνῳ
630 4203 711 4270 τῷ
741 4196 1000 4266 Μανουήλ
1031 4198 1484 4274 προσεχώρησεν,
1527 4198 1589 4254 ού
1638 4203 1894 4254 τοσοῦτον

228 4290 414 4357 Ἰατζᾶ
442 4287 743 4362 καταγνοὺς
775 4287 851 4348 ὡς
911 4292 988 4359 μὴ
1034 4285 1322 4355 φιλοῦντος
1378 4287 1502 4341 ὅσον
1559 4286 1726 4357 εἰκὸς,
1758 4290 1793 4356 ἡ
1844 4288 1892 4356 ἐξ

228 4378 443 4432 ἐκείνου
476 4370 784 4445 ἐπιϐουλὴν
844 4375 1138 4445 πτοηθεὶς,
1191 4373 1316 4430 ὅσον
1376 4380 1446 4450 τῇ
1500 4379 1598 4431 τοῦ
1655 4373 1895 4455 ἀδελφοῦ

232 4468 523 4544 Στεφάνου
553 4466 718 4545 φήμῃ
744 4463 1060 4539 γοητευθεῖς
1089 4464 1179 4520 καὶ
1236 4464 1374 4538 πρὸς
1434 4464 1597 4520 αὐτὸν
1660 4465 1759 4532 τήν
1791 4485 1894 4519 πο-

232 4555 379 4631 ρείαν
438 4524 775 4625 τεινᾶμενος.
834 4556 929 4626 Τῷ
987 4573 1073 4608 τοι
1132 4550 1247 4607 οὐδ’
1298 4552 1460 4614 αὐτὸς
1527 4552 1735 4622 ἒξέπεσε
1782 4557 1891 4609 τῶν
1925 4524 1972 4590 Β

233 4642 476 4700 ἐλπίδων
507 4645 543 4712 ἣ
604 4641 831 4713 ἀναξίως
879 4646 977 4697 τοῦ
1017 4642 1206 4717 γένους
1265 4646 1343 4713 τῷ
1396 4640 1612 4717 βασιλεῖ
1665 4642 1887 4716 προσεί-

233 4733 471 4805 ληπται,
502 4728 653 4786 ἀλλὰ
680 4732 850 4786 πάντα
882 4731 935 4785 οἱ
982 4730 1285 4801 ἀπηντήκει
1332 4729 1467 4785 κατὰ
1496 4724 1720 4788 σκοπόν.
1788 4731 1888 4786 Καὶ

230 4831 456 4898 γυναῖκα
512 4818 570 4875 δὲ
632 4822 697 4889 ἢν
752 4814 1025 4889 ἠϐούλετο
1084 4818 1392 4893 ἀγαγέσθαι,
1433 4818 1522 4873 καὶ
1574 4818 1774 4888 ταύτην
1831 4819 1891 4873 ἑκ

235 4910 519 4983 βασιλείου
578 4908 638 4963 ἄν
692 4906 894 4984 ἔγημεν
964 4909 1217 4981 αἳματος.
1298 4905 1473 4963 Ἀλλὰ
1550 4906 1731 4982 γάμου
1793 4908 1885 4981 μὲν

226 4998 645 5077 ἆπέσχετο,ἲνα
678 4998 754 5071 μὴ
814 5001 915 5063 τῆς
972 4998 1026 5058 ές
1084 4994 1321 5071 πατρίδα
1377 4995 1676 5070 λαθόμενος
1732 4998 1888 5052 ἔπαν-

228 5086 356 5143 ίδου
414 5090 482 5144 τὰ
540 5087 685 5143 οἳκσι
747 5085 1050 5163 διαφθεροῖ,
1106 5090 1186 5157 τῷ
1262 5083 1427 5157 λωτῷ
1483 5091 1581 5155 τῆς
1635 5087 1887 5161 γυναικὸς

224 5177 704 5251 προσηλΟύμενος.
743 5172 901 5229 Ἀλλ’
932 5175 1028 5229 υἷα
1083 5175 1150 5229 τὰ
1180 5175 1269 5229 ἐπὶ
1299 5174 1515 5230 τούτοις
1559 5197 1573 5246 ;
1605 5174 1831 5246 τελευτᾷ
1860 5176 1887 5231 ὁ

226 5273 334 5320 τῶν
364 5264 587 5324 Οὕννων
754 5265 984 5333 ’1ατζᾶς,
1018 5263 1107 5318 καὶ
1161 5265 1189 5318 6
1249 5266 1476 5327 θάνατος
1510 5265 1733 5339 ἥμερος,
1788 5266 1888 5333 τῆς

225 5356 437 5427 φύσεως
488 5355 520 5410 6'
577 5353 798 5410 ῑνέθεινε
858 5348 1118 5429 βάρϐιτον
1178 5352 1609 5429 ὑποχαλασάσης
1638 5360 1739 5423 τῆς
1789 5353 1889 5428 ἁρ-

2007 3225 2604 3297 perspicuitatislB5
2653 3228 2862 3299 gratia,
2919 3229 3184 3299 quaedam
3239 3228 3652 3300 prmmittenda

2007 3321 2166 3370 sunt.
2198 3318 2543 3370 Hunnorum
2563 3316 3167 3387 princeszazasduos
3183 3317 3391 3373 fratres
3421 3316 3650 3386 habuit,

2005 3403 2365 3476 Stephanum
2409 3409 2465 3459 et
2511 3404 3008 3474 Bladistblabum,
3070 3407 3424 3478 totidemque
3474 3404 3647 3476 ﬁlios,

2006 3494 2361 3564 Stephanum
2394 3498 2450 3548 et
2483 3492 2697 3550 Belam.
2730 3496 3081 3567 Stephanus,
3125 3496 3356 3551 evitatis
3416 3495 3649 3551 insidiis

2009 3599 2135 3653 qua
2166 3599 2200 3638 a
2223 3583 2398 3638 fratre
2427 3582 2540 3640 sibi
2570 3585 2943 3654 parabantur,
2975 3584 3198 3655 Cpolim
3222 3584 3515 3655 profectus
3532 3589 3586 3638 et
3615 3600 3650 3638 a

2009 3672 2275 3727 Manuale
2304 3672 2654 3744 imperatore
2672 3674 3006 3728 humaniter
3043 3678 3376 3745 susceptus,
3440 3675 3649 3742 praeter

2007 3760 2122 3816 alia
2153 3761 2407 3831 plurima
2437 3763 2738 3829 beneficia,
2772 3762 2945 3818 etiam
2975 3761 3218 3817 Mariam
3235 3774 3474 3815 uxorem
3488 3774 3649 3814 acce-

2008 3852 2114 3921 pit.
2174 3850 2541 3919 imperatoris
2592 3855 2846 3921 neptem,
2906 3849 3121 3904 lsaacio
3189 3848 3643 3904 sebastocratore

2008 3948 2224 3993 natam.
2260 3938 2436 3994 Paulo
2452 3942 2581 4008 post
2595 3939 2742 3992 alter
2769 3953 3004 4009 quoque
3025 3938 3196 3992 frater
3210 3935 3644 3993 Bladistblabus

2005 4027 2365 4098 Stephanum
2391 4027 2654 4082 imitatus
2675 4027 2747 4081 ad
2771 4025 3101 4081 Manuelem
3132 4042 3193 4081 se
3225 4024 3490 4092 contulit,
3526 4042 3641 4081 non

2004 4120 2125 4170 tam
2157 4115 2309 4185 quod
2344 4131 2377 4170 a
2408 4115 2581 4170 fratre
2613 4115 2806 4170 minus
2836 4131 3013 4186 quam
3048 4118 3318 4186 parasset
3347 4118 3646 4170 amaretur

2005 4208 2108 4260 aut
2135 4202 2377 4258 insidias
2391 4202 2638 4270 timeret,
2672 4219 2846 4274 quam
2862 4205 3221 4258 famarerum
3252 4202 3643 4258 secundarum

2006 4295 2200 4349 fratris
2229 4291 2504 4362 Stephani
2562 4292 2874 4364 impulsus.
2928 4292 3129 4363 Neque
3184 4307 3317 4347 vero
3380 4307 3483 4362 spe
3535 4308 3645 4348 sua

2005 4383 2320 4437 frustratus
2351 4384 2460 4448 est,
2496 4385 2598 4434 aut
2630 4378 2801 4435 aliter
2830 4382 2900 4435 ab
2929 4380 3281 4451 imperatore
3330 4384 3642 4450 susceptus

2004 4487 2182 4542 quam
2214 4485 2399 4541 genus
2429 4470 2557 4539 ejus
2588 4468 2848 4534 decebat,
2888 4470 2988 4524 sed
3022 4469 3223 4525 omnia
3251 4485 3319 4525 ex
3350 4468 3642 4525 sententia

2000 4560 2285 4614 confecit:
2318 4574 2384 4612 ac
2416 4572 2655 4612 uxorem
2689 4573 2863 4627 quam
2919 4556 3116 4625 vellet,
3145 4558 3237 4612 vel
3294 4572 3363 4612 ex
3392 4557 3644 4628 impera-

1998 4648 2148 4703 toria
2177 4647 2379 4718 stirpe,
2411 4646 2623 4701 ducere
2651 4646 2702 4701 ei
2758 4644 3043 4703 licuisset.
3093 4645 3309 4703 Verum
3364 4646 3639 4719 conjugio

1999 4737 2308 4802 abstinuit,
2372 4752 2443 4791 ne
2489 4735 2649 4792 illius
2708 4735 3016 4793 blanditiis
3068 4736 3330 4793 irretitus
3374 4735 3638 4808 neglecto

2000 4825 2190 4881 reditu
2240 4825 2301 4880 in
2344 4824 2589 4896 patriam
2640 4825 2811 4880 rebus
2865 4824 2989 4880 suis
3037 4826 3230 4882 minus
3287 4824 3638 4882 consuleret.

1997 4915 2105 4969 Sed
2139 4914 2279 4986 quid
2306 4912 2419 4968 ﬁt?
2449 4913 2796 4970 Hunnorum
2849 4914 2967 4985 regi
2994 4912 3130 4969 lazaa
3178 4912 3406 4985 placida
3455 4916 3640 4968 morte

2000 5002 2274 5057 defuncto
2305 5002 2635 5073 Stephanus
2667 5001 2897 5057 ﬁliusin
2918 5001 3242 5074 principatu
3274 5000 3639 5056 suceedit.At

2000 5090 2314 5163 imperator
2344 5108 2409 5146 eo
2422 5107 2559 5147 casu
2579 5088 3456 5158 delectatus,initaqueratione,
3482 5088 3635 5143 106

1999 5180 2047 5235 si
2064 5180 2404 5235 Hunnorum
2419 5178 2675 5248 satrapis
2689 5177 2761 5233 ad
2775 5177 3174 5247 Sthephanum
3192 5176 3424 5230 afﬁnem
3440 5191 3638 5242 suum,

1998 5269 2240 5339 cuijure
2268 5268 2600 5333 deberetur,
2623 5266 2922 5332 transiret,
2939 5264 3198 5336 primum
3223 5262 3284 5317 id
3301 5264 3416 5318 sibi
3438 5263 3635 5336 gloriae

2000 5357 2140 5425 fore,
2203 5354 2413 5409 deinde
2470 5354 2730 5408 Romano
2791 5351 3038 5423 imperio
3103 5351 3346 5407 forsitan
3407 5352 3632 5426 aliquid

1583 5509 1778 5578 Hier.
1811 5507 2040 5576 wolfii
2073 5510 2283 5576 notae.

306 5659 416 5731 (83)
446 5648 889 5719 Βλαδίσθλαόος.
924 5654 985 5712 Id
1025 5654 1272 5711 fortasse
1304 5669 1513 5710 nomen
1552 5658 1663 5723 est,
1686 5671 1791 5727 pro
1813 5670 1925 5727 quo

2003 5669 2112 5709 unc
2146 5650 2471 5709 Ladislaum
2503 5657 2807 5723 usurpant.
