4068 6196
495 335 615 436 ὶθτ

1817 371 2126 432 NICETIE
2166 370 2584 432 CHONIATE

3735 389 3830 451 l68

499 514 706 572 tributi
738 510 1697 580 accessurum,Zeugminocerteet
1721 507 2136 564 Francochoric

2267 508 2454 584 μονίας
2480 506 2570 562 καὶ
2603 505 2942 580 διαλυσάσης
2969 509 3105 584 πρὸς
3159 505 3196 564 δί
3238 506 3328 564 καὶ
3365 508 3413 581 ἐξ
3451 511 3516 567 ὥν
3544 517 3834 582 συντέθειται.

503 608 646 661 citra
701 603 1153 660 controversiam
1208 604 1555 674 potiturum,
1623 601 1703 658 rei
1763 599 2136 657 conﬁciendis

501 695 746 749 intendit
778 695 1063 748 animum.
1098 692 1292 764 Legati
1335 693 1532 748 statim
1575 692 1644 746 ad
1708 693 1942 746 ilunnos
1997 689 2134 744 mit-

497 787 722 849 tuntur,
758 782 858 853 qui
889 797 1023 836 cum
1042 781 1126 836 eis
1159 782 1230 836 de
1257 798 1432 851 regno
1463 782 1532 836 ad
1564 780 1924 850 Stephanum
1951 783 2140 834 trans-

495 872 768 928 ferendo:
801 877 1042 943 agerent
1075 870 1246 942 paulo
1279 876 1412 942 post
1441 870 1568 944 ipse
1609 871 1913 925 Serdicam
1953 869 2132 924 venit.

493 961 689 1016 Hunni
718 977 849 1016 vero
875 961 946 1016 ad
981 961 1232 1032 primum
1260 960 1530 1015 auditum
1549 977 1580 1013 a
1605 959 1901 1032 Stephano
1917 957 2133 1014 abhor-

493 1063 738 1116 ruerunt
767 1063 824 1115 et
853 1074 1066 1114 nomen
1098 1059 1223 1128 ejus
1253 1073 1403 1130 aegre
1429 1057 1708 1125 tulerunt,
1747 1071 1882 1112 eum
1899 1071 1962 1110 se
1995 1071 2128 1110 cum

494 1149 568 1204 ob
599 1148 713 1204 alia
736 1148 1042 1220 repudiare
1059 1152 1412 1215 asserentes,
1437 1152 1563 1202 tum
1594 1146 1750 1217 quod
1809 1146 2132 1201 Romanam

493 1254 727 1295 uxorem
748 1237 1008 1293 duxisset
1039 1255 1052 1292 :
1088 1236 1330 1294 minime
1350 1236 1508 1292 enim
1532 1253 1562 1292 e
1591 1252 1651 1292 re
1675 1253 1782 1292 sua
1795 1251 1920 1291 esse
1943 1235 2128 1290 virum

491 1327 796 1386 admittere
825 1331 1216 1383 Romanorum
1267 1325 1604 1397 imperatori
1663 1325 1949 1381 affinitate
1991 1324 2132 1394 jun-

497 1421 698 1486 ctum;
745 1416 924 1472 vereri
984 1431 1045 1472 se
1104 1431 1174 1470 ne
1234 1413 1430 1471 Hunni
1489 1430 1594 1470 suo
1644 1413 1785 1485 regi,
1847 1429 1945 1468 rex
2003 1429 2132 1468 vero

493 1504 833 1578 imperatori
866 1505 1262 1560 Romanorum
1295 1506 1542 1576 pareret.
1575 1501 1678 1558 His
1693 1502 1765 1557 de
1804 1501 1999 1558 causis
2026 1517 2130 1556 nec

492 1595 789 1668 Stephano
839 1592 976 1648 illuc
1036 1593 1290 1664 profecto
1349 1593 1724 1660 studuerunt,
1779 1595 1834 1646 et
1907 1591 2132 1663 legatos

489 1681 863 1755 imperatoris
894 1681 1068 1738 rebus
1100 1681 1328 1739 infectis
1375 1680 1751 1736 dimiserunt.
1813 1681 1977 1737 Unde
2009 1679 2131 1736 Ste'

495 1771 688 1844 phano
704 1771 1028 1843 majoribus
1041 1769 1262 1826 viribus
1276 1769 1677 1840 epitulandum
1695 1774 1880 1835 ratus,
1894 1769 2132 1824 Sardica

491 1863 560 1916 ad
593 1859 724 1916 lstri
758 1861 938 1932 ripas,
985 1859 1369 1915 Branizobam
1402 1863 1457 1914 et
1497 1857 1906 1930 Belligradum,
1955 1858 2130 1930 proﬁ-

497 1950 826 2017 ciscitur,et
841 1954 1107 2020 nepotem
1141 1949 1407 2004 Alexium
1439 1947 2128 2019 Contostephanumcum

499 2039 680 2110 copiis
708 2038 977 2108 adjungit
1008 2039 1155 2091 167
1193 2037 1508 2108 Stephano.
1533 2037 1637 2102 Qui
1657 2053 1791 2091 cum
1815 2035 2134 2092 Chramum

497 2127 848 2192 tenuissent,
875 2141 976 2198 pro
1001 2124 1150 2180 virili
1177 2131 1426 2196 egerunt
1454 2141 1663 2196 eaquae
1688 2126 1756 2179 ad
1776 2142 2016 2197 regnum
2031 2127 2132 2181 ob-

496 2216 801 2272 tinendum
833 2214 1224 2286 pertinebant.
1260 2214 1534 2280 Quamvis
1567 2218 1762 2269 autem
1787 2221 2134 2270 Pannonum

495 2322 762 2378 proceres
793 2309 850 2360 et
881 2304 1286 2376 largitionibus
1319 2322 1384 2360 ac
1415 2303 1850 2360 adulationibus
1867 2322 2136 2361 corrum-

501 2401 708 2469 parent
736 2401 792 2451 et
822 2395 1096 2450 maximis
1126 2394 1648 2466 pollicitationibus
1682 2394 2138 2463 inﬂarent,nihil

497 2493 691 2542 tamen
724 2483 1126 2555 proficiebant,
1159 2483 1270 2539 nisi
1290 2483 1555 2539 uillunni
1585 2483 1980 2540 Bladisthlabo
2011 2485 2134 2540 Ste.

502 2574 680 2646 phani
713 2573 871 2629 fratri
903 2572 1291 2644 principatum
1323 2573 1633 2628 deferrent.
1667 2574 1790 2638 Quo
1822 2572 1991 2645 paulo
2006 2578 2138 2646 post

497 2663 770 2718 defuncto
785 2678 990 2717 rursus
1002 2662 1075 2718 ad
1099 2661 1234 2717 lazae
1252 2661 1436 2716 filium
1453 2661 1813 2732 Stephanum
1837 2663 2031 2718 Hunni
2056 2662 2141 2718 in-

498 2751 814 2809 clinarunt.
831 2752 987 2817 Quod
1006 2751 1220 2806 factum
1243 2767 1427 2822 neque
1441 2753 1752 2822 imperator
1765 2767 1930 2824 teque
1943 2751 2138 2808 animo

507 2839 650 2896 tulit
683 2859 696 2900 ς
726 2844 783 2894 et
813 2856 879 2894 eo
909 2838 1223 2908 adjuvante
1251 2838 1386 2892 Iaza:
1417 2839 1597 2893 frater
1633 2839 1962 2909 Stephanus
1993 2839 2139 2894 nihil

501 2945 617 2986 non
653 2928 876 2998 agebat,
901 2929 949 2983 si
982 2943 1097 2998 quo
1123 2929 1295 2982 modo
1337 2944 1514 2998 regno
1566 2927 1874 2999 potiretur.
1937 2932 2012 2982 Ea
2069 2929 2140 2984 de

501 3035 681 3075 causa
696 3017 896 3072 multis
908 3016 1079 3072 bellis
1092 3016 1380 3085 conflatis,
1397 3032 1522 3071 cum
1538 3015 1854 3087 imperator
1869 3017 2000 3072 Iazae
2021 3018 2139 3072 lilio

503 3107 857 3178 Bel‘e,quem
875 3104 1100 3175 imperii
1129 3121 1525 3160 successorem
1544 3105 1846 3176 designare
1861 3105 1916 3161 in
1937 3123 2007 3160 an
2023 3106 2138 3162 imo

500 3197 772 3264 habebat,
804 3197 1042 3251 Mariam
1061 3194 1236 3250 ﬁliam
1257 3195 1682 3266 despondisset,
1718 3196 2140 3265 I]unni,utom-

499 3287 608 3342 bus
641 3284 922 3340 molestiis
943 3289 1000 3338 et
1031 3283 1306 3354 periculis
1352 3285 1693 3356 compendio
1753 3285 2136 3358 delungeren-

500 3379 618 3441 tur,
653 3373 904 3428 invisum
941 3373 1296 3443 Stephanum
1351 3372 1482 3428 dolo
1542 3389 1746 3429 necare
1798 3374 2136 3432 instituunt.

502 3463 686 3527 Quam
721 3463 788 3516 ad
809 3477 930 3516 rem
945 3477 1230 3516 venenum
1246 3463 1616 3530 aptissimum
1635 3462 1848 3530 visum,
1865 3464 2016 3533 quod
2039 3481 2140 3534 per

499 3551 836 3609 ministrum
870 3551 1182 3620 quemdam
1245 3552 1372 3619 ejus
1402 3551 1682 3606 Thomam
1728 3552 2138 3624 largitionibus

501 3648 838 3713 corruptum
857 3639 1382 3712 illipropinaretur.
1404 3642 1455 3694 Is
1468 3657 1596 3696 vero
1611 3641 1870 3696 venelicii
1887 3643 2138 3715 insignis

503 3733 726 3800 artifex,
751 3749 780 3786 e
811 3746 917 3786 suo
949 3727 1180 3800 ingenio
1213 3728 1321 3782 alia
1356 3733 1579 3784 ratione
1609 3731 1968 3802 deprompta,
2003 3749 2135 3788 cum

503 3823 655 3880 168
674 3823 813 3878 forte
831 3820 1374 3892 Stephanusvenam
1394 3820 1944 3888 incidisset,veneno
1965 3825 2138 3878 ictum

501 3915 735 3972 inunxit
763 3930 776 3979 ;
811 3912 965 3984 quod
993 3910 1052 3965 in
1070 3917 1254 3966 totum
1278 3927 1492 3981 corpus
1522 3912 1821 3976 dill‘usuin,
1860 3914 2142 3983 correptis

499 4003 792 4069 vitalibus,
827 4000 1121 4056 hominem
1155 3999 1421 4054 celeriter
1443 4000 1711 4055 confecit.
1763 4001 1946 4070 Cujus
1987 4002 2137 4056 inte-

501 4095 644 4152 ritus
665 4095 860 4162 aperte
891 4086 1148 4143 declarat
1177 4087 1481 4141 hominum
1526 4089 1906 4158 cogitationes
1950 4091 2142 4144 incer-

500 4189 593 4240 tas
615 4186 670 4236 et
693 4179 926 4236 fallaces
956 4192 1107 4244 esse,
1129 4193 1194 4231 ac
1220 4175 1535 4232 nonnullos
1565 4193 1634 4230 ea
1664 4176 1969 4250 sequiquie
1985 4195 2144 4234 asse-

501 4272 602 4344 qui
626 4271 936 4341 nequeant,
961 4271 1018 4322 et
1042 4267 1257 4320 frustra
1289 4266 1414 4320 suis
1448 4265 1554 4320 niti
1586 4266 1846 4322 consiliis
1873 4284 1938 4320 ac
1970 4283 2143 4323 cona-

503 4362 658 4418 tibus
691 4360 884 4413 divino
907 4357 1120 4412 auxilio
1157 4374 1269 4410 non
1299 4356 1677 4426 sull‘ragante,
1733 4357 1980 4412 cadaver
2014 4361 2143 4430 ejus

500 4448 752 4505 lubridio
783 4447 1044 4502 habitum
1077 4445 1618 4515 sepulturazhonorc
1650 4447 2145 4520 caruit.Zeugmi-

2245 611 2311 667 Ἥ
2371 599 2417 655 δ’
2483 599 2630 675 ἀρχὴ
2690 601 2778 656 ἐπὶ
2841 600 2933 654 τὸν
2989 597 3192 654 ἐκείνου
3251 595 3503 657 διαϐαίνει
3554 603 3700 662 παῖδα
3757 613 3830 667 τὸν

2248 694 2546 771 Στέφανον.
2583 692 2641 747 '0
2673 687 2729 744 δὲ
2764 687 3021 764 βασιλεὺς
3051 689 3126 751 ὡς
3159 689 3217 744 ἑκ
3268 687 3419 762 ῥίζης
3475 693 3708 766 ἀνομοίου
3731 699 3832 773 φυὲν

2245 807 2296 841 τι
2328 781 2634 838 κάλλιστον
2674 779 2736 834 τὸ
2764 778 2989 854 γεγονὸς
3020 779 3390 855 ἡγησάμενος,
3444 780 3528 834 καὶ
3570 785 3690 838 κατὰ
3731 793 3832 842 νοῦν

2243 871 2620 941 ἀναπολήσας,
2681 869 2756 932 ὡς
2810 869 2856 923 εί
2914 869 3050 944 πρὸς
3109 867 3201 922 τὸν
3264 868 3348 922 ἐπ’
3401 869 3581 944 ἀνεψιᾷ
3631 871 3836 951 γαμϐρὸν

2244 965 2542 1042 Στέφανον,
2573 959 2648 1020 ὡς
2687 956 2846 1028 δῆθεν
2881 958 2956 1019 είς
3012 957 3193 1032 ἀρχὴν
3251 954 3630 1032 δικαιούμενον,
3673 965 3704 1033 ὴ
3751 971 3835 1022 τῶν

2243 1052 2461 1110 Οὒννων
2501 1042 2770 1122 μεταϐαίη
2805 1047 3187 1122 σατράπευσις,
3247 1047 3409 1122 σχοίη
3465 1046 3522 1102 ἄν
3586 1051 3646 1105 τά
3683 1058 3836 1126 πρῶτα

2243 1139 2410 1202 κλέος
2474 1137 2661 1207 αὐτὸς,
2721 1133 2906 1190 ἔπειτα
2961 1137 2997 1204 ἢ
3067 1133 3322 1208 βασιλεία
3373 1135 3642 1210 Ῥωμαίων
3707 1143 3834 1216 μέρος

2244 1229 2383 1291 ἴσως
2435 1227 2641 1291 ἐκεῖθεν
2700 1222 2933 1298 δασμοῦ,
2987 1222 3046 1278 ἐκ
3093 1227 3190 1278 τοῦ
3249 1223 3625 1300 ἀναντιρῥήτου
3676 1227 3717 1283 δ’
3768 1231 3840 1287 οὖν

2242 1316 2462 1396 ἀσφαλῆ
2515 1317 2616 1386 τὴν
2673 1318 2772 1370 τοῦ
2819 1313 3119 1388 Ζευγμίνου
3157 1313 3248 1368 καὶ
3304 1317 3400 1368 τοῦ
3451 1319 3836 1394 Φραγγοχωρίου

2239 1427 2594 1482 κατασχεσιν,
2655 1403 2908 1459 συντείνει
2963 1403 3026 1458 τὸ
3084 1401 3363 1479 πρόθυμον
3447 1405 3575 1478 πρὸς
3625 1407 3712 1475 τὴν
3748 1413 3832 1464 τῶν

2241 1497 2634 1572 σκοπουμένων
2668 1493 3034 1570 ἐκπλήρωσιν.
3068 1495 3172 1552 Καὶ
3227 1495 3378 1570 εἶχεν
3427 1494 3572 1560 εὐθὺς
3624 1498 3735 1561 τοὺς
3762 1502 3836 1573 μὲν

2239 1583 2500 1665 πρεσϐεις
2539 1587 2574 1656 ἡ
2608 1590 2715 1641 τῶν
2754 1581 2970 1642 Οὕννων
3005 1585 3185 1660 χώρα,
3219 1585 3418 1646 οἵτινες
3475 1584 3646 1642 αὐτοῖς
3694 1609 3832 1644 κατα-

2243 1677 2464 1740 στάντες
2495 1671 2746 1748 ἤμελλον
2805 1669 3168 1742 ξυνδιαθέσθαι
3203 1673 3462 1748 Στεφάνῳ
3489 1673 3575 1729 τὸν
3625 1683 3714 1746 τῆς
3759 1677 3838 1752 ἀρ-

2241 1775 2354 1846 χῆς
2416 1766 2696 1846 στέφανον,
2757 1765 2892 1838 μετᾶ
2948 1763 3128 1842 βραχὺ
3178 1760 3234 1819 δὲ
3299 1763 3458 1821 αὐτὸν
3529 1769 3564 1836 ἡ
3615 1765 3836 1844 Σαρδική.

2163 1889 2209 1954 Β
2242 1859 2437 1916 Οὗννοι
2475 1856 2568 1930 μὲν
2603 1855 2696 1908 οὗν
2741 1854 2830 1908 καὶ
2887 1854 3024 1930 πρὸς
3079 1855 3179 1923 τήν
3213 1854 3436 1928 πρώτην
3483 1855 3642 1926 ἀκοὴν
3669 1856 3840 1928 ἀπεπή-

2244 1945 2412 2018 δησαν
2444 1949 2540 2000 τοῦ
2575 1944 2867 2020 Στεφάνου,
2911 1943 3001 1998 καὶ
3046 1948 3167 2006 τοῖς
3225 1942 3330 1999 ὠσὶ
3395 1945 3596 2020 βαρέως
3644 1943 3842 2016 ἤκουσαν

2238 2039 2338 2106 τὴν
2365 2035 2572 2090 τούτου
2603 2033 2992 2108 προσηγορίαν,
3027 2032 3114 2086 καὶ
3176 2030 3248 2086 δι’
3294 2031 3446 2089 ἄλλα
3485 2036 3572 2108 μὲν
3603 2037 3848 2110 φάσκοντες

2243 2124 2661 2196 ἀποπέμπεσθαι
2694 2126 2908 2187 τοῦτον,
2945 2121 3182 2194 μάλιστα
3215 2119 3270 2178 δὲ
3301 2119 3400 2178 διὰ
3453 2124 3513 2179 τὸ
3541 2128 3702 2200 γῆμαι
3725 2128 3845 2200 παρὰ

2240 2215 2557 2286 Ῥωμαίοιςθ
2619 2211 2810 2274 αὐτοῖς
2865 2209 2922 2264 δὲ
2977 2210 3292 2288 ἂσύμφορον
3341 2211 3486 2276 ὅλως
3539 2214 3657 2268 εἶναι
3705 2236 3848 2292 προσ-

2244 2304 2390 2366 έσθαι
2432 2299 2596 2376 ἃνδρα
2625 2300 2760 2354 κατὰ
2817 2295 2983 2368 κῆδος
3039 2303 3118 2372 τῷ
3166 2300 3396 2374 βασιλεῖ
3449 2302 3704 2376 Ῥωμαίων
3746 2325 3845 2358 ουν-

2246 2391 2568 2464 απτόμενον·
2615 2383 3017 2453 ὑποϐλὲπεσθαι
3073 2390 3174 2464 γὰρ
3235 2391 3320 2462 μή
3381 2412 3499 2454 πως
3551 2389 3717 2446 Ούννοι
3767 2393 3847 2466 μὶν

2245 2481 2334 2539 ὑπ’
2362 2482 2527 2538 αὐτοῦ
2563 2479 2978 2556 βασιλεύωνται,
3039 2482 3126 2554 [Ρ.
3187 2483 3276 2553 84]
3311 2478 3482 2544 αὗτὸς
3535 2479 3585 2537 δὲ
3636 2481 3725 2536 ὑπὸ
3770 2482 3849 2537 τοῦ

2242 2577 2352 2628 τῶν
2409 2571 2699 2644 Ῥωμαίων
2740 2567 2980 2645 ἄρχηται
3033 2569 3123 2624 καὶ
3181 2570 3449 2645 ὁρίζηται
3504 2571 3852 2648 βασιλεύοντος.

2245 2663 2344 2717 Διά
2373 2665 2542 2716 ταῦτα
2569 2659 2748 2715 τοίνυν
2781 2655 2904 2714 οὔτε
2931 2659 3011 2731 τῷ
3063 2659 3342 2736 Στεφάνῳ
3394 2661 3558 2717 ἓκεῖσὲ
3607 2683 3692 2718 ποι
3753 2662 3856 2741 ἀφι-

2247 2751 2468 2826 κομένῳ
2497 2751 2867 2826 προσέκειντο,
2922 2747 3013 2804 καὶ
3067 2745 3194 2812 τοὺς
3254 2749 3596 2829 κατάγοντας
3645 2750 3780 2808 αὐτὸν
3806 2749 3855 2808 ἐκ

2251 2839 2524 2916 βασιλεως
2580 2839 2884 2914 ἀπράκτους
2939 2837 3193 2915 ἠφίεσαν.
3249 2839 3448 2905 ”Ενθεν
3507 2861 3588 2896 τοι
3646 2841 3724 2896 καί
3773 2837 3843 2896 διὰ

2251 2929 2496 3004 μείζονος
2556 2927 2746 3002 ἰσχύος
2803 2921 3168 2998 ἐπιϐοηθῆσαι
3229 2933 3319 3002 τῷ
3394 2931 3638 3008 Στεφάνῳ
3689 2927 3780 2986 δεῖν
3826 2931 3848 2986 ὁ

2250 3017 2507 3095 βασιλεὺς
2541 3017 2748 3089 οἰηθεὶς
2783 3017 2945 3096 αὐτός
2971 3037 3030 3072 τε
3082 3015 3143 3072 ἐκ
3199 3016 3479 3094 Σαρδικῆς
3535 3021 3723 3095 ἀπάρας
3749 3021 3850 3097 ἀφι-

2245 3113 2452 3164 κνεῖται
2483 3107 2619 3182 πρὸς
2649 3107 2718 3161 τὰ
2745 3105 3059 3180 παρίστρια,
3102 3104 3256 3181 λέγω
3328 3105 3396 3179 δὴ
3457 3109 3522 3164 τὰ
3572 3109 3697 3166 κᾶτὰ
3745 3109 3852 3185 βρα-

2247 3190 2502 3266 νίτζοϐαν
2543 3193 2634 3249 καὶ
2668 3189 3002 3269 Βελὲγραδα,
3033 3193 3124 3248 καὶ
3154 3195 3249 3249 τὸν
3304 3194 3622 3275 ἀδελφιδοῦν
3651 3196 3858 3267 Ἀλέξιον

2248 3285 2339 3340 τὸν
2397 3281 2830 3362 Κοντοστέφανον
2895 3281 3264 3356 συνεκπέμπει
3323 3291 3404 3359 τῷ
3463 3288 3701 3366 Στεφάνῳ
3751 3286 3856 3360 μετᾶ

2249 3373 2464 3449 ἰσχύος,
2508 3373 2561 3427 οἳ
2590 3371 2680 3426 καὶ
2712 3372 2786 3433 ὡς
2810 3371 2902 3426 τὸν
2936 3372 3160 3447 Χράμον
3187 3370 3526 3446 κατέλαϐον,
3555 3376 3625 3438 ὡς
3673 3377 3776 3445 ἐνῆν
3802 3374 3855 3429 τά

2246 3464 2382 3538 πρὸς
2415 3463 2592 3540 ἀρχὴν
2644 3459 3044 3536 διεπράττοντο,
3107 3461 3540 3539 ὑποποιούμενοί
3595 3487 3649 3521 τε
3693 3463 3853 3540 δώροις

2247 3553 2375 3615 τοὺς
2429 3553 2565 3626 μέγα
2623 3551 2767 3625 παρὰ
2840 3549 3030 3606 Παίοσι
3089 3549 3428 3627 δυναμένους
3504 3556 3592 3611 καὶ
3643 3555 3863 3625 κολακείᾳ

2251 3641 2670 3716 ὑποφθείροντες
2698 3640 2788 3694 καὶ
2851 3641 3170 3717 ὑποσχέσεσι
3236 3643 3524 3719 μεγίσταις
3581 3644 3860 3722 ἱπαίροντεξ

2249 3733 2534 3805 ὲπὲραινον
2580 3727 2636 3784 δὲ
2691 3727 2847 3784 οὐδὲν
2904 3727 2942 3799 ἤ
2999 3729 3123 3785 ’ὀσον
3183 3729 3608 3790 Βλαδίοθλαὸον
3659 3735 3740 3790 τὸν
3788 3735 3866 3788 τοῦ

2254 3820 2528 3898 Στεφάνου
2559 3818 2886 3893 κασίγνητον
2945 3817 3172 3883 Οὸννους
3225 3821 3310 3885 εἰς
3352 3823 3594 3898 ἄρχοντα
3641 3821 3872 3894 δέξασθαι.

2251 3905 2430 3963 Ἀλλά
2468 3907 2559 3960 καὶ
2614 3907 2812 3963 τούτου
2869 3908 3078 3984 βραχύν
3109 3931 3236 3966 τινα
3283 3913 3492 3988 χρόνον
3524 3911 3867 3972 ἔπιϐιώσαντος

2248 4003 2318 4072 τῇ
2350 3995 2524 4074 ἀρχῇ,
2554 3997 2607 4059 ἒς
2663 3997 2754 4052 τὸν
2808 4001 2904 4052 τοῦ
2961 3999 3140 4068 Ἰατζᾶ
3169 3999 3290 4056 υἱὸν
3339 4001 3608 4078 Στέφανον
3633 4003 3678 4057 οἱ
3703 4001 3861 4059 Οὗννοι

2251 4085 2416 4141 πάλιν
2471 4083 2864 4162 προσὲῥρεψαν.
2951 4086 3108 4144 Ἀλλ’
3192 4089 3321 4146 οὕτε
3407 4092 3658 4168 βασιλεὺς
3715 4089 3868 4169 πράως

2252 4176 2447 4251 ἤνεγκε
2499 4177 2562 4230 τὸ
2621 4179 2866 4251 γεγονὸς,
2952 4179 3040 4233 καὶ
3105 4179 3132 4234 ὁ
3190 4185 3292 4236 τοῦ
3355 4184 3536 4254 Ἰατζᾶ
3583 4181 3868 4258 κασίγνητος

2253 4263 2516 4338 Στέφανος
2551 4262 2823 4341 βασιλέως
2853 4270 3246 4342 συναιρομὲνου
3298 4273 3475 4328 πάντα
3513 4274 3580 4343 ἧν
3647 4271 3874 4350 μηχανώ-

2256 4375 2441 4427 μενος,
2475 4355 2523 4408 εἳ
2551 4375 2668 4418 πως
2699 4362 2800 4425 τῆς
2851 4356 3032 4433 ἀρχῆς
3091 4357 3458 4430 ἐπιτεύζεται.
3529 4361 3746 4418 Πολλῶν
3797 4356 3870 4414 οὗ»

2251 4442 2402 4500 ἕνεκα
2429 4445 2626 4501 τούτου
2685 4441 3112 4518 συμϐεϐηκότων
3172 4451 3471 4526 πολέμων,
3520 4455 3608 4510 καὶ
3657 4457 3745 4508 τοῦ
3798 4452 3876 4528 βα-

505 4553 645 4592 num
677 4534 900 4590 Hunnis
941 4533 1294 4587 deditionem
1332 4535 1482 4589 fecit.
1517 4534 1619 4588 His
1659 4533 1976 4606 imperator
2041 4555 2136 4594 au-

2255 4534 2452 4596 σιλὲως
2482 4537 2571 4590 τὸν
2611 4539 2708 4590 τοῦ
2759 4537 2936 4606 Ἰατζᾶ
2993 4539 3108 4592 υἱὸν
3145 4540 3236 4594 τὸν
3298 4541 3478 4598 Βελᾶν
3534 4543 3610 4604 είς
3668 4535 3877 4618 γαμϐρὸν

505 4625 646 4682 ditis
677 4626 900 4676 Hunnis
929 4620 1144 4675 bellum
1181 4620 1405 4674 indicit.

2249 4623 2580 4699 ἀνελομένου
2637 4625 2726 4680 ἐπὶ
2781 4627 2852 4698 τῇ
2895 4628 3121 4703 θυγατρὶ
3179 4628 3396 4687 ἐκείνου
3447 4633 3646 4710 Μαρίᾳ,
3678 4613 3749 4686 ’δν
3800 4627 3878 4684 καί

507 4709 769 4789 διάδοχον
799 4717 897 4778 τῆς
958 4705 1237 4782 βασιλείας
1297 4705 1526 4779 ἐμελέτα
1581 4716 1832 4780 ποιῆσαι,
1895 4715 1946 4766 o't
1995 4719 2104 4770 τῶν
2153 4713 2370 4774 Οῧννων
2432 4716 2851 4787 ἀντικαθήμενοι
2919 4720 2998 4788 τῷ
3057 4718 3318 4798 Στεφάνῳ
3371 4721 3472 4786 τὶς
3527 4705 3727 4796 ⁸πρώτας
3779 4722 3874 4772 τῶν

503 4799 746 4860 ἐλπίδων
805 4797 1138 4873 ἐκριζοῦντες
1202 4794 1440 4868 βλάστας
1498 4797 1587 4850 καὶ
1657 4797 2076 4874 ἀποτέμνοντες,
2124 4805 2186 4859 τὸ
2247 4805 2306 4860 ἐκ
2360 4802 2629 4880 περιόδων
2684 4825 2742 4858 τε
2800 4801 2986 4878 ἔκείνῳ
3042 4808 3133 4861 καὶ
3174 4794 3421 4866 ⁷κύκλων
3507 4794 3704 4886 μακρῶν
3748 4805 3880 4862 ἀντι⁶

502 4895 758 4972 πράττειν
815 4885 1180 4947 ἀπολιπόντες
1230 4883 1318 4938 καῖ
1379 4886 1599 4949 ἑαυτοὺς
1657 4889 1994 4965 πραγμάτων
2080 4892 2520 4969 ἀλλοτριοῦντες,
2615 4889 2852 4972 ἔγνωσαν
2913 4894 3160 4952 ἐκποδὼν
3214 4883 3554 4973 ποιήσασθαι
3611 4883 3746 4972 δόλῳ
3799 4897 3877 4952 τὸν

501 4983 718 5060 ἄπεχθῆ
773 4979 1066 5052 Στέφανον.
1147 4974 1244 5032 Διά
1293 4979 1459 5029 ταῦτα
1517 4976 1614 5044 την
1677 4981 2129 5052 φαρμακοποσῖαν
2195 4983 2515 5060 ἐπῃνεκότες
2587 4987 2660 5048 ὡς
2719 4984 3015 5062 πρόχειρον
3082 4992 3226 5058 ζωῆς
3283 4991 3714 5068 κατευνάστριαν,
3800 5007 3877 5042 πε-

504 5075 822 5156 ριεσκόπουν
871 5073 964 5128 τὸν
1019 5072 1117 5140 τήν
1179 5070 1555 5148 θανατηφόρον
1609 5071 1810 5125 κύλικα
1866 5077 1946 5144 τῷ
2004 5076 2260 5154 Στεφάνῳ
2309 5081 2426 5138 τοῖς
2489 5073 2779 5136 δακτύλοις
2857 5075 3156 5150 ὀχήσονται,
3214 5079 3308 5140 Ὠς
3361 5078 3408 5135 δ’
3487 5083 3638 5159 εὗρον
3668 5075 3876 5151 ὑποδρη-

501 5169 672 5244 στῆρά
701 5186 822 5222 τινα
877 5166 974 5218 τοῦ
1046 5159 1323 5234 Στεφάνου
1358 5163 1554 5234 Θωμᾶν
1593 5159 1906 5237 λεγόμενον,
1938 5159 2163 5235 ἔστησαν
2191 5169 2284 5224 τὸν
2348 5177 2560 5241 μισθόν.
2593 5165 2751 5225 Οὖτω
2779 5163 2826 5220 δ’
2853 5167 2919 5236 ἦν
2953 5165 3206 5238 ὀξύτατος
3245 5167 3460 5236 ἐκεῖνος
3491 5172 3579 5228 καὶ
3609 5168 3875 5228 δεινότατος

503 5260 789 5336 ἀνθρώπου
819 5252 1121 5311 καταλῦσαι
1177 5251 1320 5320 ζωὴν
1381 5253 1470 5306 καὶ
1525 5251 1778 5324 σώματος
1839 5250 2123 5320 διαστῆσαι
2180 5259 2388 5338 ψυχὴν,
2444 5261 2670 5330 πονηρῷ
2719 5253 2896 5331 κέρδει
2947 5263 3108 5332 χεῖρα
3175 5259 3470 5336 ὑποσχὼν,
3530 5263 3602 5324 ὡς
3634 5261 3716 5316 καί
3753 5259 3875 5313 οἰκο-

505 5362 590 5414 θεν
621 5349 1006 5422 προσεφευρεῖν
1069 5343 1251 5417 ἑτέραν
1313 5339 1538 5416 μέθοδον
1601 5339 1672 5397 δι’
1729 5343 1797 5412 ἧς
1857 5343 1933 5407 είς
1990 5342 2122 5416 ᾃδου
2195 5347 2388 5420 τάχιον
2447 5345 2848 5415 καταχθήσεται
2915 5345 3199 5423 Στέφανος.
3273 5348 3507 5423 ’Δμὲλει
3565 5348 3650 5406 καὶ
3701 5347 3749 5404 ἐν
3814 5347 3878 5416 τῷ

506 5435 917 5508 ἐξαιματοῦσθαι
975 5433 1073 5500 την
1160 5427 1334 5508 φλέϐα
1407 5437 1486 5504 τῷ
1542 5431 1794 5510 Στεφάνῳ
1877 5434 2157 5510 ἐγχρίεται
2207 5437 2478 5515 φαρμάκῳ
2533 5435 2596 5490 τὸ
2650 5433 2882 5508 ἐπίθεμα
2935 5441 3034 5504 τῆς
3090 5441 3299 5508 τομῆς*
3362 5439 3427 5494 τὸ
3485 5438 3543 5494 δὲ
3596 5438 3710 5511 ὅλῳ
3750 5455 3879 5510 περι-

509 5525 668 5600 χυθὲν
720 5527 798 5592 τῷ
857 5523 1068 5594 σώματι
1126 5521 1214 5574 καὶ
1276 5519 1573 5596 διαδραμὸν
1629 5523 1717 5578 καὶ
1773 5529 1890 5586 τοῖς
1946 5523 2327 5599 καιριωτὲροις
2396 5524 2662 5598 ἐνσκῆψαν
2721 5523 2935 5600 μέρεσιν
3003 5523 3200 5602 ἀπάγει
3271 5529 3373 5580 τοῦ
3433 5532 3533 5602 ζῇν
3587 5528 3672 5584 τὸν
3709 5525 3888 5598 ἀνθρω-

509 5631 635 5679 πον,
693 5609 1006 5681 πράγμασιν
1063 5606 1246 5668 αὐτοῖς
1337 5615 1518 5686 σαφῶς
1602 5611 2010 5684 πιστωσάμενον
2094 5613 2190 5674 τὰς
2273 5618 2379 5668 τῶν
2461 5611 2762 5688 ἀνθρώπων
2832 5611 3072 5675 ἐπινοίας
3133 5615 3522 5694 ἀκροσφαλεῖς
3575 5617 3662 5672 καὶ
3710 5613 3887 5677 δειλὰς,

511 5701 602 5758 καὶ
649 5697 722 5756 ὡς
780 5693 900 5766 εἶκῇ
954 5693 1042 5746 καὶ
1107 5697 1278 5765 μάτην
1346 5700 1463 5760 τοῖς
1525 5696 1814 5776 ἀκιχῆτοις
1884 5699 2198 5780 ἐγχειροῦσί
2253 5725 2395 5768 τινες
2453 5703 2664 5783 ὲφετοῖς
2722 5702 2813 5758 καὶ
2865 5699 3267 5761 διαπονοῦνται
3295 5693 3414 5768 τοῖς
3471 5705 3690 5769 οἰκείοις
3731 5702 3894 5770 ἐπιτη-
