4068 6196
234 357 356 419 469

1313 356 1416 417 DE
1457 352 1846 418 MANUELE
1891 352 2271 431 COMNENO
2314 360 2472 423 LIB.
2519 359 2617 423 IV.

3540 366 3661 428 470

236 484 498 563 δεὺμασι,
534 483 613 560 μή
640 485 734 541 καὶ
761 487 946 557 θεΐκῆς
977 488 1458 569 συνεφαπτομένης
1490 490 1682 571 χειρὸς
1712 486 1915 544 ἄνωθεν
1942 488 2032 544 καὶ
2061 495 2181 553 τοῖς
2212 494 2610 568 πραττομένοις
2640 492 3040 569 ἐπευδοκοόσης
3081 495 3171 552 καὶ
3222 497 3657 571 κατευθυνούσης

235 578 311 635 τά
343 579 558 634 τούτων
590 571 885 633 διαὸοὑλιά
918 599 976 633 τε
1002 579 1093 634 καὶ
1126 575 1463 654 διαδήματα.
1507 579 1605 635 Καὶ
1637 580 1664 635 6
1690 580 1783 653 μὲν
1813 575 1989 633 ’ἔκειτο
2030 578 2222 648 οὕτως,
2254 581 2345 637 καὶ
2379 584 2445 652 ἧν
2479 586 2506 639 ὁ
2538 586 2727 662 νεκρὸς
2784 588 2950 642 αὑτοῦ
3001 581 3355 664 ὑϐριζόμενος
3380 589 3472 644 καὶ
3508 589 3659 654 ὁσίας

246 666 512 743 ἄμοιρος,
552 667 643 722 καὶ
670 666 733 721 τὸ
763 667 1062 744 Ζεὺγμινον
1097 669 1201 726 ὑπὸ
1231 667 1443 727 Οὕννων
1473 667 1746 746 ὁμολογίᾳ
1775 665 2005 725 ἑάλωκε.
2052 667 2231 723 Ταῦτα
2289 668 2364 732 ὡς
2414 669 2685 739 ἠνώτιστο
2748 670 3027 746 βασιλεὺς,
3084 673 3221 727 κατὰ
3269 677 3379 728 τῶν
3441 672 3658 731 Οὕννων

235 758 507 833 κηρύσσει
541 755 814 831 πόλεμον.

316 847 391 919 β’.
416 845 553 901 ⁸Οτε
576 843 669 898 καί
699 841 1049 918 Ἀνδρόνικος
1077 844 1241 901 πάλιν
1301 844 1542 921 ἆποδρὰς
1582 847 1672 901 καὶ
1729 866 1895 921 παρα-

2086 851 2139 903 2.
2171 850 2290 904 Sub
2350 850 2406 904 id
2458 853 2693 922 tempus
2753 852 3122 907 Andronicus
3183 853 3375 909 denuo
3427 869 3657 909 carcere

239 936 547 1010 γενόμενος
608 934 687 997 εἷς
747 932 1011 1005 Γάλιτζαν
1069 934 1266 1001 ἐκεῖθεν
1331 936 1686 1010 ἐπανέζευξεν.
1750 938 1907 993 Ἐστι

246 1023 304 1079 δὲ
334 1026 369 1092 1‘,
402 1022 646 1092 Γάλιτζα
679 1021 778 1096 μία
836 1023 945 1080 τῶν
998 1026 1145 1100 παρᾶ
1206 1031 1322 1088 τοῖς
1378 1026 1517 1088 Ῥὼς
1563 1030 1907 1101 τοπαρχιῶν,

242 1111 335 1174 οἶῖς
369 1113 460 1167 καὶ
508 1112 718 1175 Σκύθας
774 1114 858 1186 [Ρ.
917 1115 1009 1186 85]
1060 1109 1449 1190 Ὑπερϐορέους
1506 1114 1681 1193 φασίν.
1738 1116 1800 1172 Ὀ
1855 1112 1911 1170 δὲ

237 1202 453 1278 τρόπος
483 1207 586 1270 τῆς
621 1207 801 1278 φυγῆς
851 1202 919 1271 ἦν
952 1200 1136 1263 οὗτος.
1176 1203 1478 1259 Πλάττεται
1506 1204 1599 1259 τὸν
1626 1207 1907 1275 νοσοῦντα,

233 1294 329 1348 καὶ
364 1290 672 1366 προκοῖτου
702 1287 897 1352 παιδὸς
958 1292 1033 1355 εἷς
1089 1314 1186 1357 τας
1243 1296 1558 1367 σωματικάς
1615 1292 1911 1368 ὑπηρεσίας

237 1381 621 1455 ηὖμοιρηκὼς
650 1378 1007 1450 ἂλλοεθνοῦς,
1046 1381 1136 1436 καὶ
1192 1382 1389 1437 τούτου
1445 1384 1534 1438 καὶ
1590 1383 1656 1437 τὰ
1723 1381 1910 1438 πολλά

231 1477 351 1540 τῆς
409 1469 673 1544 ἡμετέρας
728 1465 1017 1525 διαλέκτου
1073 1471 1716 1549 παραγραμματίζοντος,
1785 1472 1905 1529 ἐπι-

234 1560 478 1628 σκήπτει
512 1558 711 1630 τούτῳ,
753 1556 869 1613 ἐπεὶ
904 1558 994 1614 καὶ
1031 1562 1179 1634 μόνῳ
1232 1561 1339 1616 ἀπὸ
1396 1561 1613 1617 πάντων
1675 1564 1710 1631 ἡ
1768 1563 1906 1636 πρὸς

228 1649 336 1717 τήν
371 1648 616 1725 φρουρὰν
682 1649 857 1703 ἀνεῖτο
914 1647 1149 1723 εἶ’σοδος,
1213 1647 1499 1731 ὑφελέσθαι
1558 1650 1732 1727 λάθρα
1809 1652 1905 1714 τὰς

227 1735 392 1798 κλεῖς
429 1741 543 1794 τῶν
602 1742 702 1792 τοῦ
730 1738 938 1815 πύργου
990 1739 1206 1809 πυλῶν,
1259 1742 1423 1796 ὁπότε
1478 1742 1614 1818 πρὸς
1646 1742 1906 1818 ἡμερινὸν

232 1825 409 1881 ὕπνον
446 1827 498 1880 οἳ
557 1824 796 1904 φύλακες
847 1828 1141 1902 τράποιντο
1193 1825 1566 1906 δαψιλεστὲρῳ
1625 1829 1909 1906 χρησάμε-

231 1935 325 1969 νοι
386 1918 467 1986 τῷ
521 1918 701 1985 ποτῷ,
752 1915 842 1970 καὶ
873 1921 1031 1992 κηρῷ
1093 1916 1420 1991 ἐκμάξασθαι
1471 1919 1669 1982 ταύτας
1702 1919 1777 1981 εἷς
1841 1920 1905 1974 τὸ

236 2004 582 2072 ιῦτύπωτον,
668 2005 744 2066 ὡς
801 2006 881 2077 τῷ
956 2005 1253 2082 ἀρχετύπῳ
1311 2008 1446 2063 εἶναι
1498 2008 1561 2064 τὸ
1607 2007 1902 2084 ἐκμαγεῖον

226 2091 379 2147 κατὰ
438 2096 538 2145 πᾶν
600 2092 838 2171 ἐμφερὲς
895 2093 985 2147 καὶ
1055 2094 1369 2169 εἰκασμένον
1451 2097 1586 2172 πρὸς
1664 2094 1902 2170 ἴνδαλμα

2014 937 2248 1011 elapsus
2278 939 2532 995 Galizam
2569 942 2876 1014 confugit:
2910 943 3009 998 sed
3043 959 3157 998 non
3178 943 3275 999 diu
3305 942 3385 999 ibi
3418 943 3653 1000 mansit.

2013 1026 2114 1082 Est
2143 1031 2337 1082 autem
2373 1027 2565 1084 Galiza
2596 1028 2900 1099 toparchia
2928 1029 3267 1101 Bassorum,
3301 1030 3401 1102 qui
3433 1037 3488 1085 et
3516 1030 3657 1104 Scy-

2012 1114 2125 1171 thae
2154 1117 2503 1189 Hyperborei
2537 1116 3105 1192 appellantur.Fugaa
3138 1120 3285 1175 ratio
3311 1119 3651 1190 bujusmodi

2012 1205 2141 1260 fuit.
2197 1206 2463 1261 Morbum
2522 1206 2711 1277 fingit,
2744 1222 2811 1264 ac
2871 1224 3048 1279 puero
3106 1208 3433 1281 peregrino,
3482 1209 3653 1279 cujus

2012 1311 2184 1366 opera
2249 1296 2306 1350 in
2369 1296 2626 1368 corporis
2693 1297 3031 1353 ministeriis
3098 1301 3380 1366 uteretur,
3441 1296 3651 1370 linguae

2012 1386 2289 1440 nostratis
2323 1401 2437 1441 non
2466 1385 2609 1439 satis
2641 1401 2844 1457 gnaro,
2878 1387 2978 1442 sed
3045 1388 3136 1442 cui
3197 1386 3305 1445 soli
3337 1387 3411 1443 ad
3450 1391 3650 1443 custo-

2012 1474 2170 1529 diam
2202 1474 2437 1546 patebat
2467 1474 2682 1542 aditus,
2708 1476 2948 1531 mandat
2978 1480 3041 1530 ut
3073 1474 3264 1531 claves
3294 1475 3473 1531 turris
3503 1476 3652 1531 clam

2011 1563 2311 1636 surripiat,
2368 1578 2503 1620 cum
2557 1563 2761 1636 vigiles
2820 1563 3045 1636 largius
3086 1564 3201 1635 poti
3264 1564 3653 1619 meridianum

2011 1670 2285 1711 somnum
2318 1652 2571 1726 capiant,
2605 1668 2821 1725 easque
2853 1670 2979 1710 cera
3010 1653 3286 1725 exquisite
3343 1652 3651 1725 exprimat.

2010 1743 2161 1798 169
2198 1741 2473 1798 Servulus
2523 1743 2695 1814 jussa
2750 1744 3109 1815 exsequitur,
3148 1741 3402 1799 clavium
3459 1757 3651 1798 exem-

2008 1833 2171 1904 plum
2204 1833 2516 1889 Andronici
2539 1833 2714 1904 jussu
2746 1833 2997 1890 Manueli
3032 1834 3149 1890 ﬁlio
3182 1834 3310 1905 ejus
3370 1832 3648 1897 ostendit,

2009 1932 2068 1977 ut
2099 1939 2273 1995 quam
2303 1921 2713 1994 primumtales
2745 1922 3146 1991 fabricaretur,
3169 1929 3219 1978 et
3244 1923 3298 1977 in
3316 1921 3649 1993 amphoras,

2007 2012 2222 2085 quibus
2248 2015 2420 2084 potus
2452 2012 2520 2067 ad
2554 2011 2865 2083 prandium
2902 2012 3166 2079 ferretur,
3216 2011 3401 2066 lineos
3450 2010 3641 2076 lunes,

2005 2102 2233 2174 glomos
2290 2104 2347 2157 et
2400 2100 2498 2155 fila
2577 2102 2777 2156 tenuia
2829 2099 3084 2170 conjicit.
3144 2100 3218 2155 Eo
3274 2098 3517 2155 consilio
3575 2099 3643 2154 ad

226 2179 689 2254 ἀπαράλλακτον.
752 2187 862 2256 Δρᾷ
939 2183 1002 2238 16
1086 2182 1423 2260 ἀνδράποδον
1508 2186 1574 2241 τὰ
1657 2200 1895 2260 προστα-

2004 2192 2218 2247 exitum
2254 2189 2533 2262 perducto
2566 2188 2824 2246 claustra
2846 2191 3020 2244 noctu
3053 2189 3419 2261 aperiuntur,
3452 2202 3648 2243 carcer

230 2272 464 2346 χθὲντα,
499 2269 703 2347 εἰσάγει
737 2268 1071 2347 Ἀνδρονίκῳ
1127 2274 1193 2328 τὰ
1250 2276 1357 2329 τῶν
1417 2274 1683 2352 κλείθρων
1741 2275 1895 2352 ἴχνη.

230 2361 298 2418 Ὀ
332 2357 393 2414 6‘s
423 2364 507 2432 τῷ
537 2358 880 2435 παιδαρίσκῳ
910 2361 1233 2433 ὑποτίθησιν
1289 2362 1579 2443 ἐμφανίσαι
1627 2371 1793 2420 ταῦτα
1820 2370 1899 2438 τῷ

226 2449 340 2520 υἱῷ
372 2448 586 2503 ἐκείνου
626 2453 707 2522 τῷ
729 2448 1007 2522 Μανουὴλ,
1039 2452 1127 2506 καὶ
1158 2452 1326 2508 εἰπεῖν
1373 2454 1449 2516 ὡς
1508 2451 1590 2509 δεῖ
1644 2456 1741 2524 τήν
1798 2475 1896 2510 τα-

2006 2281 2151 2337 citra
2181 2281 2435 2336 laborem
2471 2284 2647 2352 patet.
2700 2278 3075 2335 Andronicus
3127 2278 3287 2350 pueri
3328 2276 3650 2333 ministerio

2002 2370 2214 2440 evadit,
2249 2368 2543 2425 funiculos
2604 2368 2877 2424 manibus
2937 2371 3194 2441 gestans.
3231 2371 3309 2422 Ea
3364 2370 3535 2423 nocte
3593 2365 3650 2420 in

2002 2460 2183 2515 denso
2217 2464 2272 2515 et
2307 2457 2424 2514 alto
2456 2457 2654 2531 palatii
2678 2458 2966 2531 gramine,
2996 2473 3109 2529 quo
3138 2473 3307 2513 nemo
3339 2456 3500 2512 adire
3558 2470 3651 2509 so-

2002 2547 2180 2617 lebat,
2213 2548 2273 2603 in
2305 2547 2457 2603 diem
2494 2564 2675 2619 usque
2706 2547 2945 2602 tertium
2978 2545 3301 2601 delitescit:
3336 2544 3651 2617 inquisito-

2008 2637 2171 2692 ribus
2195 2637 2455 2707 deceptis
2485 2639 2541 2691 et
2565 2636 2689 2706 jam
2725 2632 3324 2705 defatigatis,funibus
3348 2649 3451 2705 pro
3476 2629 3649 2688 scalis

225 2540 445 2613 χίστην
492 2542 723 2593 τοιαῦτα
753 2538 1180 2617 χαλκεῦσασθαι,
1241 2543 1310 2597 οὑ
1368 2546 1535 2598 ταῦτα
1582 2541 1640 2599 δὲ
1707 2545 1895 2616 μόνον,

224 2628 385 2683 ἀλλὰ
410 2627 513 2682 κᾶν
544 2633 659 2690 τοῖς
690 2628 993 2708 ἀμφορεῦσι
1025 2634 1131 2685 τῶι
1193 2629 1374 2700 οἷ’νων,
1425 2630 1577 2707 οἵπερ
1631 2631 1781 2706 αὑτῷ
1833 2634 1896 2687 τὸ

217 2724 327 2773 τοῦ
363 2717 595 2790 ἀρίστου
627 2718 875 2794 στέγουσι
903 2721 1075 2795 πόμα,
1128 2717 1423 2797 παραϐὑειν
1483 2721 1541 2778 ἐκ
1598 2720 1754 2777 λίνου
1810 2744 1897 2778 νε-

220 2810 486 2881 νησμὲνα
514 2805 765 2863 καλώδια
794 2808 883 2862 καὶ
931 2807 1191 2885 ἀγαθίδας
1248 2811 1337 2867 καὶ
1390 2810 1588 2889 κρόκας
1642 2812 1731 2866 καὶ
1786 2835 1895 2886 μη-

211 2900 446 2972 ρίνθους
480 2896 703 2959 λεπτάς.
755 2898 844 2959 Ὠς
901 2895 946 2952 δ’
996 2899 1116 2977 εἶχε
1174 2899 1339 2976 πέρας
1404 2902 1470 2956 τὰ
1533 2900 1893 2977 βουληθέντα,

212 2987 665 3044 ἇναπτὺσσονται
722 2988 787 3042 τὰ
842 2986 1069 3065 κλεῖθρα
1125 2991 1335 3059 νυκτὸς,
1392 2993 1455 3047 τὸ
1516 2988 1894 3067 δεσμωτήριον

212 3076 609 3153 ἀπραγμόνως
677 3076 1119 3134 ἆναπετάννυται’
1211 3082 1238 3134 6
1304 3086 1433 3143 παῖς
1520 3082 1781 3157 ὑπουργεῖ
1831 3084 1893 3138 τὸ

210 3162 408 3242 ἔργον,
468 3167 598 3237 παρ’
664 3164 1016 3243 Ἀνδρονίκου
1073 3164 1258 3223 λαϐὼν
1335 3169 1398 3225 τὸ
1466 3167 1776 3244 ἐνδόσιμον·
1864 3173 1891 3227 6

217 3252 598 3327 Ἀνδρόνικος
654 3250 815 3326 ἔξειοι
861 3257 929 3311 τὰ
984 3256 1109 3312 λίνα
1165 3261 1342 3336 φὲρων
1395 3260 1447 3314 ἓν
1500 3266 1620 3317 ταῖν
1680 3265 1889 3337 χεροῖν.

218 3345 448 3401 Γίνεται
522 3341 611 3398 οὖν
673 3342 820 3418 αὑτῷ
871 3345 934 3400 16
995 3347 1315 3422 κατάντημα
1368 3354 1469 3419 τῆς
1525 3349 1647 3405 τότε
1700 3352 1890 3413 νυκτὸς

2001 3352 2185 3408 abfuit
2214 3351 2356 3423 quin
2391 3348 2755 3405 Andronicus
2818 3352 2919 3405 aut
2975 3347 3345 3421 gravioribus
3399 3344 3647 3403 vinculis

221 3430 447 3509 χόρτος
507 3432 831 3513 ἀμφιλαφὴς
889 3434 1012 3509 περί
1078 3457 1181 3491 που
1236 3438 1302 3493 τὰ
1355 3433 1527 3494 ἄϐατα
1587 3440 1723 3516 μέρη
1780 3445 1889 3497 τῶν

2001 3446 2057 3499 et
2115 3441 2347 3497 duriore
2409 3455 2637 3496 carcere
2697 3436 3223 3509 constringeretu'r,
3258 3443 3359 3492 aut
3389 3435 3503 3493 sibi
3532 3434 3645 3507 ipsi

224 3523 556 3600 ἂνακτόρων
632 3525 782 3600 φυεῖς
856 3525 946 3579 καὶ
1014 3526 1089 3588 εἷς
1175 3526 1311 3601 ὕψος
1372 3526 1721 3605 ἀναδραμὼν.
1781 3533 1884 3588 Καὶ

2002 3547 2213 3586 manus
2246 3530 2494 3599 afferret,
2530 3533 2592 3584 ut
2624 3527 2919 3583 diuturnis
2966 3525 3250 3583 molestiis
3274 3525 3642 3581 liberaretur.

216 3612 362 3689 περὶ
422 3609 676 3688 δευτέραν
744 3610 801 3668 δὲ
878 3616 964 3669 καὶ
1021 3616 1212 3692 τρίτην
1269 3616 1476 3693 ἡμέραν
1556 3624 1673 3681 ταῖς
1727 3622 1887 3684 πόαις

2001 3626 2166 3675 Nunc
2197 3619 2497 3675 hominem
2532 3617 2807 3672 callidum
2853 3616 3070 3687 ingenii
3105 3614 3419 3671 dexteritas
3457 3617 3514 3668 et
3543 3629 3641 3667 so-

216 3700 593 3775 ὲνειλημὲνος
647 3701 777 3764 τοὺς
837 3700 1067 3766 διώκτας
1136 3703 1447 3764 ἐλάνθανεν.
1519 3709 1606 3771 Ὠς
1666 3706 1722 3764 δὲ
1771 3708 1892 3773 ἅλις

216 3792 392 3866 εἶχον
428 3792 484 3844 οἱ
516 3788 775 3870 διφῶντες
804 3799 905 3863 τῆς
936 3796 1070 3849 κατὰ
1123 3794 1190 3849 τὰ
1243 3796 1443 3871 ἀρχεῖα
1473 3796 1712 3872 ὲρεὺνης,
1774 3796 1895 3854 δια-

207 3883 451 3950 τίθησιν
487 3877 829 3955 Ἀνδρόνικος
874 3882 970 3943 τᾶς
1027 3882 1287 3949 στάλικας
1317 3886 1392 3948 εἰς
1448 3885 1743 3961 κλίμακας,
1802 3888 1891 3942 καὶ

210 3966 314 4025 διὰ
354 3970 735 4045 μεσοπυργίου
767 3968 1063 4046 χαλασθεὶς
1111 3974 1329 4030 ἀκάτιον
1388 3975 1606 4031 εἷ’σεισιν
1665 3977 1723 4031 ὲκ
1772 3998 1890 4031 συν-

210 4061 483 4132 θήματος
513 4060 638 4132 περῖ
682 4060 781 4119 τὰς
836 4060 1000 4123 ἀκτάς
1061 4061 1285 4117 σαλεῦον
1336 4063 1424 4119 καὶ
1481 4064 1608 4127 τοὺς
1638 4060 1891 4141 προϐλῆ-

213 4168 347 4215 τας,
386 4147 443 4201 οἳ
472 4147 534 4202 τὸ
579 4147 829 4222 πάραλον
872 4155 1062 4228 τεῖχος
1116 4157 1215 4221 τῆς
1274 4153 1491 4216 πόλεως
1551 4151 1890 4231 διειλήφασι,

2005 2742 2148 2782 usus
2179 2741 2282 2798 per
2311 2724 2523 2780 moenia
2547 2742 2607 2779 se
2632 2723 2905 2792 demittit,
2928 2722 3255 2778 naviculam
3286 2721 3649 2790 conscendit,

2002 2830 2125 2885 quas
2158 2831 2225 2870 ex
2255 2813 2572 2886 composito
2606 2814 2660 2869 in
2692 2813 2884 2870 littore
2912 2811 3066 2867 inter
3107 2811 3432 2883 crepidines
3464 2809 3644 2866 mari-

2001 2903 2144 2958 timo
2179 2904 2341 2958 urbis
2363 2919 2528 2959 muro
2550 2902 2620 2957 ad
2654 2900 3640 2974 fraugendumundarumimpetum

2002 2993 2335 3064 interjectas
2353 2992 2670 3047 ﬂuctuabat
2696 2994 2975 3058 :nautas,a
2989 3005 3104 3062 quo
3116 2987 3642 3059 vehebatur,Cbry-

2003 3082 2185 3153 sopoli
2219 3089 2668 3154 cognomentum
2711 3088 2851 3134 erat.
2881 3079 2992 3134 Sed
3024 3094 3157 3133 cum
3206 3077 3299 3133 vix
3330 3094 3399 3133 ex
3422 3092 3487 3132 eo
3518 3074 3643 3133 loco

2001 3170 2314 3226 solvissent
2345 3169 2441 3225 ubi
2474 3170 2725 3225 Joannes
2765 3170 2911 3224 I70
2935 3168 3214 3223 Zimisces
3246 3174 3438 3238 sporta
3469 3169 3646 3221 attra-

2001 3265 2129 3317 ctus
2153 3259 2541 3332 Nicephorum
2577 3258 2824 3315 Pbocam
2857 3261 3030 3314 noctu
3090 3256 3402 3329 oppressit,
3435 3269 3643 3327 parum

1996 3710 2189 3775 lertia,
2223 3707 2719 3781 quemadmodum
2744 3708 2878 3762 olim
2919 3705 3183 3759 Davidem
3210 3702 3641 3759 insanimsimu-

1995 3799 2133 3856 latio
2166 3799 2337 3863 Getae,
2372 3797 2653 3852 liberavit.
2682 3800 2829 3849 Nam
2866 3792 3068 3849 famuli
3094 3808 3341 3863 persona
3362 3790 3639 3846 simulata

1996 3908 2060 3947 ex
2096 3888 2394 3953 diuturnis
2451 3886 2701 3941 vinculis
2734 3884 2937 3957 elapsi,
2967 3883 3152 3939 oravit
3205 3898 3304 3937 eos
3336 3899 3369 3937 a
3426 3884 3639 3953 quibus

1997 3977 2456 4050 comprehensus
2488 3979 2625 4041 erat,
2657 3979 2721 4029 ut
2751 3975 2843 4029 sui
2895 3973 3332 4028 miserescerent
3388 3976 3448 4026 et
3506 3975 3639 4026 ante

2000 4067 2213 4125 multas
2244 4063 2589 4121 acerbitates
2638 4062 2710 4118 ab
2744 4062 2880 4118 hero
2941 4061 3202 4134 perpessi
3250 4065 3307 4115 et
3366 4076 3522 4115 nunc
3564 4060 3638 4115 ob

1997 4159 2195 4231 fugam
2227 4154 2376 4211 male
2400 4151 2713 4208 multandi.
2738 4150 2953 4206 Herum
2988 4155 3183 4205 autem
3215 4147 3636 4220 ChrysOpolum

1997 4246 2345 4321 appellabat,
2380 4248 2435 4300 et
2468 4243 2537 4298 de
2567 4239 2859 4297 industria
2888 4240 3132 4296 barbare
3181 4238 3551 4310 loquebatur,
3576 4254 3640 4292 ac

1997 4338 2194 4394 Graeca
2226 4333 2412 4390 multa
2434 4350 2495 4389 se
2533 4329 2765 4403 assequi
2797 4326 3228 4385 dissimulabat.
3261 4328 3368 4383 Sed
3404 4332 3461 4382 et
3516 4327 3642 4400 ipse.

1995 4425 2384 4500 Cbrysopolus
2427 4420 2772 4478 muneribus
2816 4417 3148 4491 impetravit
3226 4436 3259 4475 a
3306 4418 3640 4491 speculato-

1996 4519 2159 4574 ribus
2191 4519 2256 4571 ut
2285 4512 2656 4570 Andronicus
2686 4514 2967 4581 tanquam
2993 4524 3194 4564 servus
3226 4507 3505 4582 fugitivus
3526 4506 3638 4564 sibi

1995 4606 2353 4663 red'ieretur.
2388 4602 2474 4658 Ita
2506 4603 2709 4675 praeter
2739 4614 2903 4671 spem
2933 4598 3091 4653 aedes
3118 4613 3257 4653 suas
3305 4596 3632 4668 ingressus,

1994 4695 2376 4768 cognomento
2410 4690 2765 4762 Blanganas,
2794 4688 2996 4743 eadem
3014 4703 3189 4759 opera
3220 4702 3359 4741 suos
3384 4693 3445 4741 ut
3470 4687 3637 4742 adve-

1994 4786 2158 4844 niens
2188 4780 2463 4839 salutavit
2492 4787 2544 4835 el
2575 4782 2641 4834 ut
2698 4792 2933 4851 peregre
2978 4776 3178 4832 abiens
3200 4775 3389 4831 valere
3414 4776 3635 4846 jussit;

1996 4873 2326 4945 solutisque
2356 4868 2742 4943 compedibus
2777 4865 3039 4922 Meliboti
3096 4879 3243 4937 equo
3301 4865 3449 4920 171
3497 4881 3633 4920 con-

1996 4979 2225 5033 scenso,
2259 4960 2357 5034 qui
2383 4960 2453 5016 ad
2484 4961 2681 5031 fugam
2734 4959 2968 5029 paratus
3001 4957 3142 5022 erat,
3178 4956 3335 5009 recta
3380 4951 3634 5007 Anchia—

1997 5056 2118 5111 lum
2151 5050 2469 5114 contendit,
2502 5063 2617 5120 quo
2652 5060 2786 5101 cum
2815 5043 3090 5109 venisset,
3124 5039 3363 5112 Pupaci,
3397 5038 3496 5111 qui
3552 5039 3640 5110 (ut

1996 5159 2174 5216 supra
2206 5141 2422 5196 dictum
2456 5136 2565 5208 est)
2592 5136 2817 5208 primus
2847 5134 3104 5202 Corcyra:
3136 5144 3325 5185 arcem
3351 5143 3635 5184 conscen-

1995 5235 2101 5302 dit,
2136 5247 2196 5287 se
2229 5227 2665 5301 agnoscendum
2716 5221 2998 5294 praebuit;
3070 5225 3420 5289 sumptoque
3450 5217 3522 5272 ab
3571 5232 3637 5273 eo

1993 5322 2202 5380 viatico
2228 5323 2285 5374 et
2314 5319 2419 5373 viae
2449 5313 2701 5371 ducibus
2730 5309 2981 5367 Galizam
3019 5306 3424 5380 proﬁciscitur.
3456 5307 3638 5377 Cujus

1996 5413 2142 5468 fines
2173 5408 2613 5478 ingressus,quo
2646 5398 3000 5471 tanquamin
3015 5395 3239 5470 asylum
3270 5394 3633 5453 tutissimum

1996 5494 2361 5572 properabat,
2392 5498 2446 5549 et
2472 5492 2591 5562 jam
2621 5491 3059 5562 perseeutorum
3121 5489 3277 5541 metu
3309 5501 3372 5543 se
3428 5485 3634 5542 libera-

1995 5596 2120 5644 tum
2155 5589 2387 5659 putans,
2424 5599 2457 5637 a
2486 5579 2737 5645 Blachis,
2770 5577 2869 5649 qui
2924 5578 3121 5648 fugam
3168 5574 3295 5649 ejus
3352 5592 3422 5631 ex
3476 5576 3633 5632 fama

1994 5676 2331 5749 cognorant,
2364 5673 2570 5744 captus
2602 5668 2673 5726 ad
2734 5667 3140 5740 imperatorem
3195 5663 3510 5724 reducitur.
3544 5665 3628 5721 lbi

207 4237 326 4299 τὶς
379 4242 487 4292 τῶν
547 4237 807 4309 κυμάτων
889 4238 1293 4316 ἀποθραὺοντες
1344 4238 1609 4315 ἐμϐολάς.
1662 4246 1763 4301 ἸΙν
1834 4242 1892 4299 δὲ

205 4325 542 4396 τοῦπίκλην
572 4327 1093 4403 Χρυσοχοόπουλος
1124 4331 1150 4384 6
1207 4334 1274 4405 τῇ
1311 4329 1496 4386 ἁλιάδι
1546 4330 1892 4406 Ἀνδρόνικον

211 4412 641 4488 εἷσδεξάμενος.
752 4414 908 4473 Ἀλλ’
1010 4417 1161 4473 οὔπω
1270 4415 1511 4492 ἀκριϐῶς
1610 4420 1889 4497 ἀνάγεσθαι

218 4506 496 4579 ἤρξαντο,
533 4504 624 4559 καὶ
674 4506 989 4581 συνέχονται
1046 4509 1193 4585 παρά
1246 4515 1354 4564 τῶν
1423 4510 1558 4564 κατᾶ
1612 4510 1702 4564 τὸν
1753 4516 1889 4567 Βου-

212 4592 502 4649 κολέοντα
542 4593 938 4674 προφυλάκων,
1006 4597 1062 4651 οἳ
1114 4601 1287 4653 πᾶσαν
1346 4600 1509 4654 νὺκτα
1566 4600 1891 4656 σκοπεύουσι

210 4684 313 4738 καὶ
376 4687 490 4737 τῶν
554 4684 862 4760 ἄνακτόρων
923 4686 1021 4741 οὐκ
1076 4687 1233 4743 ἐῶσιν
1288 4687 1525 4765 ἒχόμενα
1564 4688 1702 4753 ἐνίας
1757 4698 1891 4761 νῆας

218 4771 692 4842 διαπλωΐζεσθαι,
728 4776 815 4847 Ἐξ
848 4776 1056 4832 ἑκείνου
1114 4775 1169 4833 δὶ
1222 4778 1288 4833 τά
1344 4787 1445 4850 τῆς
1472 4787 1698 4843 σκοπιᾶς
1754 4783 1885 4837 ταὺ-

209 4882 323 4932 της
371 4859 630 4936 ἤρξαντο,
690 4863 743 4934 ἐξ
781 4864 1011 4941 ’ὅτουπερ
1070 4867 1097 4922 6
1155 4870 1463 4941 Τζιμισκῆς
1494 4869 1752 4940 Ἰωάννης
1808 4876 1887 4945 τῷ

216 4956 398 5021 Φωκᾷ
430 4952 739 5027 Νικηφόρῳ
778 4955 970 5017 νυκτὸς
1020 4954 1239 5019 ἐπέθετο
1307 4954 1395 5011 διά
1452 4960 1718 5035 σαργάνης
1767 4960 1884 5015 ἀνι-

219 5042 455 5116 μηθείς.
498 5042 653 5119 Παρᾶ
683 5044 866 5120 βραχὺ
899 5050 1033 5124 γοῦν
1091 5047 1158 5116 ἦν
1205 5044 1264 5101 ἄν
1319 5048 1409 5103 καὶ
1457 5047 1625 5105 πάλιν
1656 5049 1886 5128 Ἀνδρό-

209 5151 380 5193 νικος
441 5131 657 5206 χείροσι
743 5130 971 5206 δεσμοῖς
1030 5135 1119 5190 καὶ
1176 5135 1445 5211 φυλακαῖς
1500 5140 1884 5216 ἒνισχημὲνος,

212 5221 377 5290 ἣκαὶ
410 5221 568 5299 ξίφος
618 5228 717 5279 τοῦ
778 5229 875 5300 ζῇν
933 5227 1099 5282 αὐτὸν
1161 5229 1463 5307 ὑπεξήγαγε
1520 5233 1617 5295 τάς
1673 5232 1886 5296 πολλὰς

213 5309 501 5367 είσέπειτα
550 5311 762 5377 πλάνας
824 5315 1256 5392 ὑποτεμόμενον.
1317 5323 1423 5374 Νῦν
1477 5317 1533 5375 δὲ
1617 5324 1652 5391 ἡ
1713 5321 1886 5378 οἰκεία

214 5398 559 5473 εὑτραπελία
632 5402 896 5480 ἒῤῥὺσατο
936 5407 1029 5460 καὶ
1088 5405 1212 5463 τότε
1286 5409 1378 5463 τὸν
1468 5410 1884 5487 βαθυγνώμονα,

214 5488 287 5544 ἐκ
316 5489 428 5544 τῶν
485 5491 682 5563 ἑαυτῆς
749 5494 1159 5568 ῥιζοτομήσασα
1205 5499 1395 5569 κήπων
1453 5499 1518 5554 τὰ
1574 5504 1654 5574 τῷ
1710 5506 1886 5577 καιρῷ

214 5586 480 5653 προσφυῆ
524 5582 803 5659 φάρμακα,
865 5581 1046 5660 ὥσπερ
1104 5586 1191 5641 καὶ
1234 5582 1401 5642 Δαϐὶδ
1469 5587 1690 5659 ἐξέσωσε
1746 5592 1885 5667 πρός

208 5687 382 5742 τερον
415 5669 449 5737 ἡ
483 5668 535 5722 ἐν
572 5670 670 5726 Γὲθ
700 5674 797 5726 τοῦ
846 5672 1143 5746 προσώπου
1195 5673 1494 5741 ἀλλοίωσις
1554 5674 1884 5759 ἔπιψόφησίς

1917 4918 1965 4983 D
