4068 6196
460 402 575 464 4⁸11
1779 391 2091 458 ΝΙΟΕΤιΕ
2131 389 2552 452 ΟΗΟΝΙΑΤᾹΞ
3717 402 3820 462 4⁸12

465 553 599 594 cum
635 533 861 594 nullum
893 535 1264 600 assertorem,
1299 549 1413 588 non
1455 531 1732 596 amicum,
1766 547 1883 586 non
1935 525 2106 582 arni-
2139 527 2187 593 Α

2305 526 2402 577 τοῦ
2429 521 2718 595 τυμπάνου
2773 518 2864 576 καὶ
2918 521 2954 591 ἡ
3003 520 3201 594 μανικῆ
3265 524 3370 576 τῶν
3428 519 3602 579 ποδῶν
3655 547 3826 605 παρεν-

467 641 828 698 gerum,non
862 623 1196 678 ministrum
1231 621 1418 677 ullum
1453 617 2114 690 haberet,suapteindu-

2296 610 2493 674 λευσις.
2551 611 2779 698 Οἰκέτου
2851 609 2957 685 γὰρ
3013 605 3322 698 οἰκότριϐος
3380 609 3574 676 ὑποδὺς
3634 637 3825 691 «Pam.

469 696 610 772 stris
641 729 847 769 rursus
876 713 1089 768 evadit.
1121 711 1401 766 Simulato
1446 711 1601 766 enim
1635 710 1706 766 ad
1738 705 2113 779 decipiendos

2296 705 2395 770 ἰον,
2451 700 2646 775 χρόνια
2723 697 2897 774 δεσμᾶ
2955 696 3424 771 ἐκδιδράσκοντος,
3501 699 3663 759 ὶδεῖτο
3733 711 3822 762 τῶν

471 801 706 858 lictores
736 801 957 856 ventris
987 799 1504 872 proﬂuvio,crebro
1529 815 1598 854 ex
1631 813 1780 870 equo
1812 793 2116 852 descendit

2296 784 2612 845 11a66v'cuw
2677 791 2754 862 μή
2821 786 3071 865 παριδεῖν
3133 789 3290 845 αὑτὸν
3357 790 3457 844 οὐκ
3508 790 3660 870 ὀλίγα
3709 799 3824 872 πρὸς

468 894 526 947 et
553 891 625 945 ad
659 890 939 960 requisita
970 893 1188 946 natura
1219 888 1651 956 secessit.Quod
1678 888 1820 942 dum
1852 888 1910 942 et
1939 886 2115 940 noctu

2296 883 2319 933 ὑ
2351 877 2614 935 δεσπότου
2642 880 2949 934 πεπονθότα
2987 877 3157 934 πάλαι
3208 875 3375 950 δεινὰ,
3428 879 3514 935 καὶ
3553 886 3636 937 νῦν
3687 881 3737 940 δὲ
3763 884 3828 940 δί-

470 986 530 1035 et
581 977 837 1034 interdiu
897 978 1115 1051 saepius
1186 977 1344 1042 facit,
1397 975 1671 1032 custodes
1733 975 1837 1028 hac
1893 973 2116 1028 ratione

2296 991 2320 1032 :
2375 969 2834 1044 εἷ’σπραττόμενον
2893 975 2994 1038 τῆς
3063 974 3267 1048 φυγῆς.
3338 967 3544 1024 Έκάλει
3615 968 3658 1025 δ’
3709 973 3827 1030 οὕτω

471 1067 694 1140 decipit
723 1083 737 1122 :
795 1065 1140 1136 scipionem,
1173 1083 1287 1138 quo
1346 1069 1413 1120 ut
1439 1081 1590 1134 zeger
1643 1062 2022 1126 innitebatur,
2057 1060 2117 1114 in

2296 1080 2318 1113 ν
2349 1055 2876 1134 Χρυσοχοόπουλον,
2928 1056 3372 1133 μεταρρυθμίζων
3399 1056 3512 1131 ’ἁμα
3571 1061 3697 1133 πρὸς
3748 1065 3829 1132 τήν

471 1156 733 1215 tenebris
763 1155 926 1212 humi
985 1155 1202 1228 deﬁgit,
1231 1159 1288 1210 et
1345 1153 1648 1226 chlamyde
1704 1147 2120 1222 circumposita

2296 1143 2503 1222 ιρϐαρον
2539 1147 2725 1225 φωνην
2755 1147 2854 1215 τήν
2889 1142 3195 1217 Ἑλληνίδα
3226 1143 3530 1214 διάλεκτον,
3585 1148 3667 1202 καὶ
3726 1140 3832 1223 μηδ’

473 1249 532 1304 et
588 1245 740 1317 pileo
787 1243 1082 1316 imposito,
1118 1247 1182 1299 ut
1239 1242 1538 1298 hominem
1589 1241 1814 1297 inﬂexis
1869 1237 2118 1312 genibus

2298 1238 2432 1296 α’ίειν
2485 1239 2554 1296 τὰ
2598 1237 2832 1295 πλεῖστα
2885 1239 3119 1310 ταυτησὶ
3177 1247 3573 1308 πλαττόμενος.
3621 1243 3713 1298 Καὶ
3758 1243 3836 1298 αὑο

373 1407 378 1412 ς
473 1339 770 1393 cacantem
855 1337 1312 1408 repraesentaret,
1381 1331 1655 1388 custodes
1733 1327 2118 1386 simulacrum

2297 1349 2320 1391 :
2359 1325 2416 1384 δὲ
2473 1330 2500 1384 6
2542 1326 3056 1404 Χρυσοχοόπουλος
3116 1323 3319 1401 δώροις
3370 1331 3836 1404 παρακρουσάμενος

471 1423 618 1486 illud
647 1428 801 1484 172
832 1425 1046 1482 intueri
1076 1424 1217 1482 sinit
1247 1443 1263 1496 ;
1325 1424 1451 1497 ipse
1505 1422 1724 1479 saltum
1758 1419 2120 1476 condensum

2300 1416 2358 1480 ὺς
2387 1416 2625 1480 σκοποὺς
2668 1415 2888 1492 ἴσχυσεν
2945 1413 3288 1492 ’Δνδρόνικον
3347 1413 3566 1487 ἐξελεῖν,
3619 1418 3688 1482 ὼς
3733 1418 3840 1495 δρα-

475 1517 774 1590 ingressus
804 1518 991 1572 instar
1019 1515 1151 1571 fera
1201 1531 1232 1570 e
1263 1513 1529 1570 cassibus
1559 1509 1768 1583 elapsa
1804 1509 1977 1582 fugit.
2009 1507 2122 1564 Cu-

2296 1529 2398 1579 ιτην
2428 1508 2622 1563 ἑαυτοῦ
2677 1504 2873 1562 δοῦλον
2933 1503 3304 1578 αἰτησάμενος
3334 1505 3424 1560 καὶ
3480 1501 3676 1566 λαϐών.
3704 1509 3841 1583 Ἀμέ-

477 1607 676 1664 stodes
704 1605 800 1661 vix
828 1605 1062 1661 tandem
1092 1602 1391 1660 intellecto
1421 1601 1554 1658 dolo
1615 1600 1937 1656 confectam
1969 1597 2122 1654 viam

2296 1619 2320 1652 ι
2359 1597 2448 1651 καὶ
2473 1597 2620 1672 παρὰ
2651 1593 2808 1666 δόξαν
2845 1592 3193 1670 ’Δνδρόνικος
3225 1594 3304 1658 είς
3337 1595 3432 1650 τὸν
3477 1594 3664 1652 οῒκεῖον
3715 1599 3838 1654 οἶκον

479 1700 770 1766 repetunt,
803 1693 1200 1750 Andronicum
1230 1693 1433 1749 eodem
1473 1691 1672 1763 lugere
1729 1688 1974 1761 Opinati.
2002 1687 2122 1742 Ve-

2296 1685 2548 1761 ιρελθὼν,
2607 1683 2666 1746 6':
2723 1689 2821 1740 τοῦ
2889 1681 3107 1760 Βλάγγα
3191 1682 3565 1754 ἐπικέκληται,
3622 1687 3748 1758 ὁμοῦ
3792 1709 3840 1743 τε

479 1802 614 1842 rum
644 1786 696 1842 is
727 1801 1004 1842 converso
1033 1784 1240 1840 itinere
1269 1783 1382 1838 alia
1410 1781 1504 1837 via
1531 1779 1813 1836 Galitzam
1839 1777 2122 1850 pervenit.

2296 1779 2508 1830 >οσεῖπε
2535 1773 2662 1836 τοὺς
2690 1772 2984 1851 φιλτάτους
3040 1775 3108 1829 τὰ
3164 1772 3442 1846 εἶσιτήρια
3495 1771 3724 1851 ἒποφθεὶς
3766 1777 3840 1832 καὶ

478 1877 553 1932 At
585 1875 847 1948 Pupaces
869 1874 1239 1946 imperatoris
1269 1869 1688 1962 iussugpublice
1708 1867 1912 1962 multis
1933 1867 2130 1962 verbe-
2160 1897 2187 1962 Ι

2296 1863 2678 1942 >οσεφθέγξατο
2709 1864 2777 1918 τὰ
2815 1861 3101 1937 ἀπόδημα,
3159 1864 3290 1924 τοὺς
3344 1861 3516 1926 πόδας
3569 1869 3668 1920 τῶν
3714 1862 3845 1937 σιδή-

481 1964 644 2020 ribus
676 1945 734 2019 in
761 1968 923 2036 tergo
962 1945 1039 2018 et
1068 1960 1331 2018 humeris
1397 1959 1672 2016 afﬁcitur.
1727 1957 1945 2014 Deinde
1975 1955 2126 2012 collo
2160 1945 2187 1962 ³

2296 1976 2350 2008 υν
2394 1951 2705 2014 ἀπολυθείς.
2763 1953 2866 2008 Καὶ
2926 1953 2989 2036 τὸ
3050 1945 3366 2009 Μελίϐοτον
3431 1947 3732 2008 καταλαϐὼν
3774 1953 3845 2008 καὶ

479 2053 601 2110 funi
662 2035 882 2110 inserto
939 2069 974 2108 a
1025 2067 1288 2124 pracone
1373 2047 1856 2112 circumducitur,
1918 2062 2128 2116 magna

2296 2047 2351 2098 ὗν
2381 2043 2552 2098 ἐκεῖσε
2587 2042 2773 2097 ἳππων
2825 2035 3040 2108 ἐπιϐὰς,
3100 2039 3264 2116 οἵπερ
3329 2040 3516 2114 ἐκείνῳ
3577 2043 3699 2116 πρὸς
3739 2042 3847 2097 ἀπό·

477 2157 619 2198 voce
648 2139 1046 2214 proclamante
1075 2155 1087 2194 :
1123 2162 1150 2189 υ
1186 2138 1464 2211 Quisquis
1495 2135 1869 2209 imperatoris
1901 2135 2134 2190 hostem

2296 2153 2432 2187 DaGtV
2466 2132 2900 2204 ἡτοιμάσθησαν,
2952 2132 3052 2200 τῆν
3086 2129 3210 2195 εὐθὺ
3272 2136 3375 2200 τῆς
3413 2131 3693 2206 Ἀγχιάλου
3714 2131 3850 2189 ἲεται.

487 2231 712 2287 sedibus
743 2228 952 2301 recipit
982 2229 1240 2300 datoque
1267 2228 1479 2282 viatico
1510 2225 1774 2291 dimittit,
1805 2224 1887 2279 ita
1932 2221 2134 2294 ﬂagel-

2296 2223 2411 2286 Ξνθα
2469 2217 2535 2290 δὴ
2575 2221 2818 2296 γεγονὼς
2875 2217 2966 2274 καὶ
3021 2223 3102 2290 τῷ
3155 2219 3425 2294 Πουπάκῃ
3475 2219 3647 2274 ἐαυτὸν
3703 2219 3852 2294 ἐμφα-

492 2319 648 2376 latur
676 2323 734 2376 et
763 2319 1248 2375 circumducitur.
1277 2339 1304 2366 »
1339 2316 1439 2372 Ille
1476 2332 1608 2370 vero
1640 2314 1882 2370 intentis
1938 2311 1996 2366 in
2031 2329 2138 2384 po—

2305 2331 2418 2380 σας,
2477 2309 2536 2372 6':
2594 2313 2835 2386 πρῶτος,
2884 2309 2960 2372 ὡς
3029 2307 3139 2380 ⁴ἤδη
3195 2308 3396 2386 ἐρρέθη
3453 2331 3568 2382 μοι,
3610 2311 3696 2379 τήν
3739 2308 3854 2364 κατὰ

487 2408 610 2483 puli
640 2424 992 2466 concursum
1026 2405 1243 2474 oculis,
1277 2406 1449 2462 hilari
1481 2405 1674 2460 vultu:
1712 2425 1736 2454 α
1763 2400 2136 2473 Ηωο,ἱοειυὶ1;,

2299 2401 2486 2479 ορυφὼ
2526 2393 2752 2470 ἱσανέϐη
2819 2397 3088 2471 κλίμακα,
3142 2397 3234 2453 καὶ
3284 2399 3410 2473 παρ’
3467 2398 3654 2454 ἐκείνου
3698 2394 3852 2454 λαϐὼν

493 2497 851 2556 contumelia
880 2514 914 2554 a
944 2497 1150 2570 quovis
1181 2496 1518 2567 objiciatur,
1554 2494 1726 2550 modo
1757 2493 1950 2547 virum
1992 2491 2140 2546 bene

2296 2494 2314 2547 ἱ
2393 2489 2585 2569 ἐφόδια
2636 2489 2729 2544 καὶ
2781 2489 3072 2564 ἡγεμόνων
3130 2485 3266 2544 ὁδοῦ
3329 2487 3620 2560 εὐπορήσας
3689 2490 3772 2558 τὴν
3817 2488 3859 2550 ἒς

498 2589 772 2648 meritum
807 2605 924 2644 non
981 2586 1338 2659 prodiderim
1370 2589 1472 2640 aut
1531 2583 1736 2640 acerbe
1789 2581 2138 2650 dimiserim,

2296 2579 2518 2650 άλιτζαν
2548 2577 2863 2656 ἐπορεύετο.
2895 2576 3055 2635 Ἀλλ’
3110 2575 3202 2632 ὅτε
3261 2581 3361 2632 τοῦ
3418 2574 3687 2650 δειμαίνειν
3735 2578 3862 2632 ἀπεῖ-

497 2679 624 2750 sed,
656 2683 722 2734 ut
751 2677 934 2745 licuit,
958 2675 1238 2734 coluerim
1270 2680 1324 2730 et
1355 2674 1553 2730 letum
1586 2672 1929 2745 ablegarim.
1951 2675 2140 2725 »Tum

2299 2690 2350 2725 εν
2389 2666 2744 2743 Ἀνδρόνικος
2777 2667 2852 2730 ὡς
2886 2665 2994 2738 ἤδη
3057 2666 3154 2730 τὰς
3209 2673 3415 2742 χεῖρας
3460 2671 3562 2722 τῶν
3605 2665 3864 2722 διωκόντων

492 2783 628 2824 vero
706 2765 1094 2833 Andronicus,
1153 2763 1362 2832 obviis,
1423 2763 1578 2834 quod
1629 2761 1814 2827 aiunt,
1871 2759 2027 2815 ulnis
2111 2775 2145 2814 a

2297 2759 2441 2823 αθὼν
2500 2758 2592 2813 καὶ
2660 2763 2768 2812 τῶν
2826 2763 2927 2827 τῆς
3015 2755 3292 2827 Γαλίτζης
3369 2755 3528 2832 ὁρίων
3581 2752 3859 2831 λαϐόμενος,

493 2857 724 2917 θοιίῑῑω
787 2858 1056 2930 prmfecto
1115 2860 1429 2927 susceptus
1469 2864 1574 2910 est.
1606 2855 1812 2918 Quem,
1861 2849 1970 2907 etsi
2029 2865 2144 2905 non

2300 2848 2392 2924 ρὸς
2423 2847 2493 2917 ἥν
2549 2849 2624 2911 ὡς
2681 2845 2758 2908 είς
2815 2850 2990 2916 σῶζον
3044 2847 3430 2924 κρησφύγετον
3487 2845 3716 2922 ὥρμητο⁹
3764 2845 3861 2900 τότε

496 2950 598 3006 diu
627 2948 708 3005 ibi
741 2947 978 3012 mansit,
1013 2945 1094 3001 ita
1121 2950 1316 3000 tamen
1367 2943 1455 3000 sui
1515 2941 1804 2998 desiderio
1859 2937 2144 3004 devinxit,

2296 2941 2538 3013 ηρευτῶν
2619 2935 2879 3010 ἐμπίπτει
2934 2940 3053 2997 ταῖς
3113 2934 3334 3010 ἄρκυσι·
3421 2935 3728 3016 συλληφθεὶς
3777 2937 3858 3013 γὰρ

500 3044 566 3098 ut
593 3038 646 3095 ei
708 3037 766 3093 in
814 3039 1027 3092 venatu
1077 3035 1309 3090 adesset
1347 3039 1401 3088 et
1456 3031 1517 3087 in
1575 3034 1782 3088 senatu
1838 3029 2146 3093 assideret,

2296 3027 2404 3103 ἀρὰ
2462 3025 2721 3102 Βλάχων,
2780 3026 2866 3088 οἷς
2933 3027 2968 3095 ἡ
3041 3025 3201 3102 φήμη
3295 3027 3396 3096 τήν
3451 3026 3609 3081 αὑτοῦ
3659 3025 3858 3104 φθάσασα

501 3129 824 3200 eodemque
856 3129 1003 3183 tecto
1033 3130 1090 3181 et
1119 3124 1247 3180 cibo
1279 3127 1557 3179 uteretur.

2296 3117 2440 3191 υγήν
2487 3116 2829 3192 ὑφηγήσατο,
2877 3113 2932 3178 ἐς
2986 3113 3234 3170 τούπίσω
3279 3115 3415 3191 πρὸς
3472 3113 3683 3192 βασιλέα
3726 3111 3861 3168 πάλιν

469 3215 774 3291 ’ἀπήγετο.
837 3215 933 3282 Μὴ
991 3207 1136 3288 ἔχων
1208 3211 1301 3266 οὑν
1360 3211 1454 3266 τὸν
1515 3211 1754 3278 σώζοντα
1809 3206 1899 3262 καὶ
1932 3205 2328 3281 λυτρούμενον,
2385 3203 2446 3260 οὑ
2507 3204 2669 3284 φίλον
2701 3204 2941 3279 παρόντα
2967 3205 3319 3280 παρήγορον,
3382 3206 3494 3284 οὑχ
3552 3204 3871 3272 ὑπασπιστὴν,

508 3307 571 3363 οὑ
631 3305 950 3382 θεράποντα,
1040 3307 1110 3377 τῇ
1170 3301 1346 3373 οἰκείᾳ
1403 3301 1557 3360 αὖθις
1620 3295 1873 3372 μεθοδείᾳ
1941 3297 2207 3372 συνερίθῳ
2265 3295 2535 3370 κέχρηται
2589 3295 2616 3348 ὁ
2673 3291 2999 3370 πολύφρων.
3057 3298 3144 3366 Τῷ
3207 3315 3303 3350 τοι
3359 3295 3451 3350 καὶ
3525 3294 3654 3368 πρὸς
3700 3291 3872 3362 ἀπάτην

397 3399 428 3422 ⁶
514 3400 624 3452 τῶν
682 3393 1006 3468 ἀπαγόντων
1069 3391 1219 3468 ρυσιν
1275 3391 1510 3467 γαστρὸς
1565 3389 1916 3461 πλασάμενος
1975 3387 2236 3464 συχνάκις
2291 3388 2389 3440 τοῦ
2445 3384 2618 3439 ἳππου
2677 3377 3070 3438 ἁποκατέϐαινε
3137 3381 3228 3436 καί
3295 3381 3555 3456 ἐξέκλινεν
3628 3381 3696 3443 εἰς
3764 3380 3869 3434 67:6-

518 3506 690 3542 πατον
743 3483 1286 3560 παρασκευαζόμενος
1344 3479 1434 3535 καὶ
1491 3481 1610 3533 καθ’
1672 3479 1856 3533 ἑαυτὸν
1912 3477 2272 3552 ἀφιστάμενος
2357 3472 2448 3528 καὶ
2537 3469 2778 3542 ἷδιάζων,
2863 3471 2936 3534 ὡς
3010 3468 3168 3540 δῆθεν
3260 3469 3598 3548 ἐνοχλούσης
3645 3467 3869 3524 άποκενώ·

525 3596 682 3638 σεως.
764 3558 943 3630 Τοῦτο
1031 3569 1132 3625 οὖν
1191 3566 1465 3628 πολλάκις
1531 3571 1627 3622 τοῦ
1679 3564 2033 3640 νυχθημέρου
2091 3563 2284 3635 τελῶν,
2341 3559 2593 3618 λανθάνει
2675 3560 3170 3638 κατασοφισάμενος
3269 3559 3398 3622 τοὺς
3472 3558 3866 3639 ἐφομαρτῶντας·

519 3668 622 3726 Τὸν
674 3665 776 3738 γὰρ
835 3660 1080 3717 σκίπωνα
1137 3661 1182 3732 ᾦ
1231 3658 1296 3727 ἦν
1349 3658 1822 3734 βακτηρευόμενος
1878 3657 1952 3718 ὡς
2007 3654 2233 3734 καχεξίᾳ
2290 3649 2449 3721 δῆθεν
2515 3648 2790 3738 παλαίων,
2851 3653 3104 3710 σκοταῖος
3161 3648 3401 3710 ἀναστὰς
3456 3653 3524 3724 τῇ
3591 3653 3658 3727 γῇ
3703 3647 3869 3723 «pomi.

530 3733 699 3832 petas,
742 3733 834 3808 καὶ
882 3754 951 3825 τῇ
1009 3750 1102 3822 μὶν
1165 3745 1415 3824 χλαμύδι
1473 3751 1570 3801 τοῦ
1630 3746 1882 3818 σώματος
1942 3741 2260 3819 περιείλησε
2287 3741 2379 3795 τὸν
2405 3739 2714 3815 λύγον,τὸν
2771 3733 2820 3792 δ’
2878 3735 2962 3792 ἐπὶ
2995 3737 3192 3811 κρατὸς
3224 3736 3395 3793 πῖλον
3423 3737 3667 3809 ἐπέθηκεν
3693 3734 3868 3802 ἄνωθεν,

528 3823 620 3900 καὶ
650 3823 1124 3916 ἀνθρωπόμορφόν
1154 3837 1300 3892 τιτὸ
1337 3837 1468 3910 γόνυ
1525 3835 1774 3907 κάμπτον
1832 3833 1919 3888 καὶ
1981 3831 2241 3911 ἀφοδεῦον
2296 3828 2697 3902 τεκτηνάμενος
2753 3825 2882 3888 τοὺς
2945 3826 3039 3900 μὲν
3093 3823 3345 3906 φύλακας
3393 3827 3456 3884 τὸ
3513 3826 3872 3901 ὑποκρινόμενον

527 3931 691 3988 αὑτὸν
770 3925 1116 4003 ἀνδρείκελον
1173 3922 1412 3981 ἐκλείπει
1495 3927 1826 3998 περιαθρεῖν,
1895 3909 2059 3985 αὐτὸς
2105 3917 2162 3974 δέ
2232 3920 2325 3974 τὸν
2382 3917 2554 3972 ἐκεῖσε
2611 3913 2890 3990 λοχμώδη
2952 3919 3136 3994 χῶρον
3209 3915 3522 3981 καθυποδὺς
3577 3917 3734 3991 ὥσπερ
3778 3909 3876 3986 δορ-

530 4021 631 4084 κὰς
688 4019 747 4076 ἐκ
802 3999 1024 4095 βρόχων
1083 4015 1178 4070 καὶ
1229 4013 1378 4089 ὄρνις
1425 4012 1484 4068 ἐκ
1539 4010 1783 4088 παγίδων
1839 4011 2047 4086 ῥυσθεὶς
2106 4008 2344 4087 ἐφέρετο.
2401 4008 2490 4068 Ὦς
2545 4002 2592 4059 δ’
2805 4025 2940 4060 ποτε
2994 4005 3087 4060 τὸν
3116 4002 3283 4061 δόλον
3319 4005 3511 4061 ἐκεῖνοι
3565 4003 3782 4082 ἔγνωσαν,
3832 3999 3874 4054 οἱ

535 4113 631 4188 μὶν
694 4108 994 4166 συνέτεινον
1051 4107 1143 4160 τὶν
1203 4102 1412 4180 δρόμον
1473 4102 1560 4157 ἐπὶ
1616 4104 1683 4158 τὰ
1741 4101 2068 4176 ἔμπροσθεν,
2129 4099 2370 4172 οίόμενοι
2430 4096 2519 4150 καὶ
2579 4091 2747 4148 πάλιν
2808 4090 3158 4168 Ἀνδρόνικον
3224 4093 3442 4166 ἐκείνης
3497 4096 3562 4166 ἧς
3610 4092 3690 4148 καὶ
3715 4089 3875 4165 πρότε-

536 4179 627 4278 ρον
680 4195 923 4275 ἔχεσθαι,
981 4197 1009 4250 6
1075 4192 1131 4250 δὲ
1189 4179 1512 4266 παλίμπους
1567 4191 1857 4266 γενόμενος
1917 4188 1988 4244 δι’
2042 4187 2222 4256 ἄλλης
2273 4187 2350 4249 εἷς
2411 4183 2678 4254 Γάλιτζαν
2733 4181 2937 4263 ᾤχετο.
3006 4185 3112 4241 Τὸν
3171 4181 3228 4240 δὲ
3284 4187 3630 4256 Πουπάκηνὸ
3667 4179 3875 4257 βασιλεὺς

538 4283 854 4357 συλλαϐὼν,
909 4282 1060 4354 ἶξανε
1116 4281 1356 4343 πολλαῖς
1415 4279 1503 4337 διὰ
1561 4282 1754 4356 λώρων
1816 4278 2055 4352 δημοσίᾳ
2109 4277 2244 4333 κατά
2297 4297 2355 4330 τε
2382 4279 2478 4330 τοῦ
2536 4275 2711 4329 νώτου
2740 4275 2831 4328 καὶ
2859 4277 2964 4327 τῶν
2993 4270 3185 4346 ὤμων.
3216 4274 3372 4334 Μετᾶ
3401 4272 3460 4330 δὲ
3488 4275 3716 4350 προάγων
3751 4267 3874 4326 αὑτὸν

534 4380 563 4434 6
617 4377 787 4452 κῆρυξ
843 4356 905 4430 ἐκ
957 4377 1054 4429 τοῦ
1111 4371 1402 4448 τραχήλου
1463 4368 1830 4446 σχοινόδετον,
1889 4364 2088 4424 ἐπεϐόα
2145 4366 2341 4422 οὑτωσὶ
2406 4362 2748 4437 τρανότερον
2813 4386 2841 4414 ‹‹
2902 4364 3097 4425 "Oa-ri:
3123 4364 3214 4416 τὸν
3249 4362 3450 4438 ἐχθρὸν
3503 4367 3592 4418 τοῦ
3654 4356 3876 4436 Badio):

533 4466 832 4542 προσιόντα
862 4465 913 4519 οἱ
973 4463 1312 4532 εἰσοικίζεται
1371 4460 1459 4516 καὶ
1533 4457 1716 4520 διδοὺς
1772 4457 1962 4538 ἐφόδια
2041 4455 2328 4531 ἐκπέμπει,
2405 4452 2548 4508 οὕτω
2612 4452 2704 4507 καὶ
2765 4451 3079 4524 μαστίζεται
3135 4453 3225 4506 καὶ
3315 4452 3660 4527 πομπεύεται.
3695 4448 3793 4505 ιὉ
3835 4442 3878 4499 δὲ

535 4533 673 4630 πρὸς
725 4553 852 4614 τοὺς
911 4550 1185 4613 συνιόντας
1245 4551 1418 4612 ἀτενὲς
1475 4551 1614 4625 ὁρῶν
1675 4533 2053 4623 διακεχυμένῳ
2107 4545 2410 4620 προσώπῳ,
2470 4567 2498 4594 ‹‹
2557 4539 2704 4610 Αὕτη
2742 4561 2835 4614 μοι
2883 4540 3120 4616 αἰσχύνη
3153 4542 3290 4614 πρὸς
3318 4546 3418 4598 τοῦ
3451 4539 3764 4617 βουλομένου
3787 4533 3880 4604 ἤτω

539 4624 764 4708 παντὸς,
799 4663 826 4690 ››
884 4637 1187 4716 ἐφθέγγετο,
1225 4661 1246 4689 ι
1308 4639 1386 4710 μὴ
1442 4624 1728 4692 ἐπιστάντα
1779 4638 1871 4692 τὸν
1924 4631 2210 4711 εὐεργέτην
2270 4627 2666 4706 καταπροδόντι
2723 4629 2758 4699 ἢ
2810 4624 3090 4706 ἐμϐριθῶς
3148 4631 3617 4707 ἀποπεμψαμένῳ,
3669 4627 3778 4685 ἀλλ’
3823 4627 3882 4680 ὡς

537 4731 662 4802 ἐξῆν
711 4713 1129 4800 τεθεραπευκότι
1195 4727 1284 4780 καὶ
1343 4726 1723 4800 ἀποπέμψαντι
1781 4725 2066 4800 χαίροντα.
2127 4746 2156 4776 ››
2217 4721 2352 4779 Τότε
2408 4717 2454 4774 δ’
2507 4719 2596 4774 οὑν
2657 4717 2874 4780 ὑπτίαις
2931 4717 3196 4794 ἀγκάλαις
3255 4720 3395 4794 πρὸς
3464 4723 3557 4775 τοῦ
3601 4719 3687 4786 τῆς
3741 4713 3882 4770 Γαλί-

536 4827 672 4892 τζης
701 4814 1152 4892 ἐπιτροπεύοντος
1193 4810 1534 4888 Ἀνδρόνικος
1601 4811 1956 4889 προσδεχθεὶς
2005 4812 2183 4885 ἔμεινε
2237 4811 2363 4884 παρ’
2423 4807 2604 4881 ἐκείνῳ
2661 4806 2858 4883 χρόνον
2915 4809 3134 4882 συχνός.
3191 4807 3351 4866 Οὕτω
3409 4806 3468 4865 δί
3519 4808 3639 4884 πρὸς
3662 4804 3741 4860 τὸν
3767 4804 3882 4859 ἑαυ-

538 4913 636 4966 τοῦ
675 4906 843 4972 πόθον
897 4903 1030 4960 ὅλον
1087 4902 1286 4958 ἐκείνον
1347 4898 1694 4977 Ἀνδρόνικος
1773 4904 2139 4976 ἀνηρτήσατο,
2197 4899 2270 4963 ὡς
2337 4898 2427 4954 καὶ
2496 4897 2834 4966 συνθηρεύειν
2889 4896 2980 4951 καὶ
3037 4897 3390 4954 κυνθωκεύειν
3449 4897 3625 4969 ἐκείνῳ
3671 4892 3885 4968 ὁμέστιός

538 5021 598 5057 τε
628 5000 762 5056 εἶναι
793 4995 883 5052 καὶ
938 4993 1208 5054 σύσσιτος.

611 5095 668 5150 3.
695 5093 980 5148 Ceterum
1039 5084 1316 5160 patruelis
1361 5085 1558 5157 fugam
1608 5088 1666 5141 et
1721 5083 1992 5140 exsilium
2033 5083 2187 5156 igno-

2365 5088 2432 5158 γ’.
2468 5077 2640 5137 Ἀλλὰ
2670 5078 2800 5169 ,τὴν
2827 5166 2837 5169 Α
2862 5083 2980 5169 στος)Δ
3018 5076 3309 5158 ἒεαδέλφου
3359 5082 3534 5157 φυγὴν
3581 5080 3660 5134 καὶ
3713 5079 3797 5145 τήν
3841 5072 3888 5169 ἐκ

543 5180 738 5240 minim
781 5178 894 5236 sibi
925 5159 1054 5233 esse
1081 5178 1246 5230 ratus
1275 5175 1429 5230 I18
1486 5174 1826 5247 imperator,
1859 5189 1923 5229 ac
1956 5173 2182 5244 longio-

2296 5171 2389 5238 τῆς
2423 5167 2782 5242 ἐνεγκαμένης
2814 5163 3258 5242 ἀπαλλοτρίωσιν
3313 5169 3516 5224 οἰκεῖον
3563 5163 3745 5227 ὄνειδος
3793 5159 3888 5236 κρίο

543 5289 668 5330 rem
699 5269 829 5341 ejus
858 5266 1180 5324 absentiam
1221 5268 1556 5336 suspectam
1614 5263 1840 5319 habens
1899 5264 2056 5334 (nam
2092 5263 2187 5317 in-

2296 5278 2400 5312 νων
2433 5259 2461 5312 6
2498 5253 2752 5332 βασιλεὺς
2801 5255 3085 5325 Μανουὴλ,
3133 5257 3222 5312 καὶ
3281 5254 3472 5320 ἄλλως
3505 5255 3562 5312 δέ
3593 5255 3887 5332 ὑφορώμενος

545 5336 775 5432 gentem
819 5355 1148 5428 equitatum
1208 5353 1545 5426 Scythicum
1605 5370 1809 5426 cogere
1869 5353 2184 5420 ferebatur,

2296 5347 2354 5401 τὸ
2385 5347 2579 5400 τούτου
2611 5345 2698 5399 ἐπὶ
2759 5343 3015 5400 πλεῖστον
3067 5343 3379 5419 άπόδημον,
3435 5346 3548 5402 ἐπεὶ
3626 5342 3706 5399 καὶ
3756 5336 3887 5412 ᾔδετο

551 5453 616 5505 ut
643 5447 1039 5503 Romanorum
1062 5445 1210 5498 fines
1243 5444 1606 5514 incursaret),
1637 5453 1769 5500 ante
1795 5443 1993 5499 omnia
2021 5457 2184 5498 revo-

553 5533 804 5590 candum
858 5531 1255 5588 Andronicum
1314 5532 1562 5587 censuit.
1621 5530 1758 5587 Fide
1811 5531 1990 5603 igitur
2059 5532 2188 5586 data

554 5626 908 5691 acceptaque
936 5619 1232 5675 hominem
1268 5620 1400 5675 inde
1430 5619 1706 5675 accersit:
1751 5637 1866 5691 quo
1905 5624 2187 5690 tempore,

556 5713 623 5766 ut
650 5705 792 5773 dixi,
840 5706 1028 5776 ruptis
1086 5705 1368 5762 Pannonii
1426 5707 1735 5765 faderibus
1788 5708 2084 5765 Romanas
2117 5709 2190 5765 ad

2295 5434 2549 5491 παλεύειν
2592 5435 2788 5510 μυρίαν
2822 5432 3058 5500 Σκυθίδα
3081 5434 3250 5492 ’ίππον
3299 5437 3376 5498 ὡς
3425 5437 3476 5499 ές
3529 5439 3594 5490 τὰ
3642 5429 3883 5506 Ῥωμαίων

2297 5528 2422 5602 ὅρια
2451 5521 2679 5601 ἒσϐάλῃ,
2729 5523 2910 5602 ἔργον,
2944 5526 2974 5582 6'
3029 5548 3178 5604 φασι,
3209 5526 3420 5596 τίθησιν
3477 5524 3728 5602 ἀσχολίας
3776 5518 3886 5575 ἀνώ.

2295 5635 2449 5690 τερον
2499 5613 2810 5679 ἐπανελθεῖν
2845 5613 3214 5692 Ἀνδρόνικον.
3272 5613 3484 5670 Οὐκοῦν
3547 5616 3882 5689 μετάπεμπτον

2299 5706 2498 5772 ἐκεῖθεν
2529 5709 2790 5778 ποιεῖται,
2839 5705 3046 5769 πίστεις
3104 5702 3230 5769 δοὺς
3284 5703 3377 5760 καὶ
3435 5699 3638 5774 λαϐὼν,
3691 5698 3888 5758 καὶτοῦ
