4068 6196
254 399 385 463 4⁸13

1325 396 1428 457 DE
1470 395 1865 458 MANUELE
1910 392 2284 457 COMNENO
2330 394 2481 456 LIB.
2528 393 2631 460 IV.

3565 398 3685 459 4'74

255 529 477 588 πλάνου
504 533 703 585 τοῦτον
732 525 1170 605 ἐναγκαλίζεται,
1209 525 1412 595 καθ’ὅν,
1439 528 1513 589 ὡς
1579 522 1737 601 ἔφην,
1794 546 1919 581 και-

2048 528 2250 585 [stram
2284 527 2613 600 provincias
2645 527 3098 601 populabantur,
3132 529 3410 587 Michaele
3435 534 3682 604 utroque

259 624 359 698 ρὸν
418 621 475 675 οἱ
538 619 766 681 Παίονες
821 619 917 680 τὰς
974 616 1208 679 σπονδὰς
1240 618 1595 687 ἀθετήσαντες
1638 619 1738 687 τήν
1770 616 1927 691 παρί-

266 732 460 787 στριον
518 706 815 782 Ῥωμαίων
895 708 1221 783 κατέτρεχον
1280 705 1641 780 ἐπικράτειαν.
1705 702 1927 779 Συμϐα-

262 800 467 862 λόντες
499 796 558 854 δὲ
596 798 689 854 καὶ
718 801 837 859 τοῖς
870 801 1198 872 στρατηγοῖς
1243 800 1321 868 τῷ
1362 816 1421 851 τε
1450 790 1633 873 Γαϐρᾷ
1690 794 1929 875 Μιχαὴλ

262 891 477 962 καὶτῷ
515 889 697 962 Βρανᾷ
736 886 990 962 Μιχαὴλ,
1049 885 1186 941 κατᾶ
1240 884 1438 958 κράτος
1503 883 1730 946 τούτους
1784 884 1928 959 ἐτρέ-

264 984 445 1055 ψαντο
477 978 570 1032 καὶ
601 976 755 1032 λείαν
788 977 872 1031 ὅτι
902 974 1164 1044 πλείστην
1194 973 1430 1044 ἤλασαν.
1488 979 1588 1030 Ἦν
1645 972 1702 1030 δὶ
1741 976 1770 1029 6
1826 980 1928 1029 Γα-

266 1067 408 1147 ϐρᾶς
466 1065 628 1130 οὗτος
683 1066 875 1121 νεωστὶ
945 1065 1106 1131 θύσας
1155 1066 1224 1121 τὰ
1250 1062 1587 1141 γαμοδαίσια
1647 1063 1782 1138 μετᾶ
1827 1063 1929 1133 τῆς

264 1160 574 1232 Κομνηνῆς
633 1153 926 1223 Εύδοκίας,
1071 1152 1417 1231 Ἀνδρόνικος
1455 1151 1805 1225 ἐπλησίαζεν,
1854 1154 1930 1215 ὡς

265 1246 384 1319 ἢδη
494 1244 792 1324 φθάσαντες
866 1242 1247 1317 ἐδηλώσαμεν.
1324 1242 1540 1301 Οὐκουῦ
1630 1242 1721 1298 καὶ
1820 1247 1928 1297 τῶν

272 1340 589 1413 προσγενῶν
646 1331 914 1397 Εύδοκίας
960 1338 1208 1404 συνιστᾷν
1266 1330 1426 1388 αὐτὸν
1513 1329 1782 1387 θελόντων
1853 1334 1934 1403 τῷ

275 1426 666 1501 αὐτοκράτορι,
716 1421 895 1488 πολὺς
944 1425 1012 1493 ἦν
1070 1421 1158 1479 ἒπὶ
1211 1421 1483 1497 βασιλέως
1514 1423 1542 1477 6
1576 1422 1773 1478 τούτου
1802 1420 1932 1495 κρό-

273 1538 371 1580 τος
398 1516 487 1572 καῖ
547 1511 790 1584 ἔπαινος,
843 1513 934 1569 καὶ
1005 1511 1333 1588 ἐρρωμένως
1390 1511 1550 1568 αὐτὸν
1613 1510 1666 1566 ἐν
1701 1511 1937 1585 τῇκατά

272 1610 385 1663 τῶν
441 1602 663 1661 Οῦννων
722 1604 877 1679 μάχῃ
935 1600 1358 1678 διαγωνίσασθαι
1403 1600 1775 1677 ἰσχυρίζοντο,
1843 1599 1934 1655 καὶ

276 1701 531 1772 παρῆγον
574 1699 682 1749 τῶν
730 1690 1046 1768 λεγομὲνων
1119 1694 1365 1766 μάρτυρα
1408 1692 1499 1746 τὸν
1559 1689 1931 1766 συσυράτηγον

281 1785 435 1858 αύτῷ
464 1782 708 1862 Μιχαὴλ
730 1782 823 1837 τὸν
856 1782 1088 1857 Βρανᾶν.
1124 1781 1185 1837 Ὀ
1216 1777 1273 1836 δὲ
1327 1780 1461 1855 πρὸς
1508 1783 1605 1835 τοῦ
1665 1778 1936 1855 βασιλέως

2036 617 2225 673 Gabra
2256 622 2313 673 et
2342 618 2527 674 Brana
2556 619 2679 674 acie
2708 619 2862 674 victo
2894 624 2949 673 et
2982 620 3175 690 praeda
3207 620 3426 692 ingenti
3457 622 3678 678 abacta.

2036 708 2090 764 ls
2118 710 2338 766 Gabras
2369 726 2555 783 nuper
2586 710 2899 767 admodum
2937 728 3070 767 cum
3094 713 3347 768 Eudocia
3369 714 3689 771 Comnenia

2040 799 2359 856 Andronici
2390 801 2596 867 amica,
2625 802 2793 871 cujus
2824 806 2958 857 ante
3000 802 3401 870 meminimus,
3449 805 3687 875 nuptias

2041 887 2384 955 celebraret,
2416 906 2592 960 quem
2631 890 2897 946 Eudocias
2947 891 3176 963 cognati
3233 897 3298 947 ut
3349 891 3689 963 imperatori

2041 981 2545 1047 commendarent,
2578 996 2791 1053 magno
2814 982 3103 1053 applausu
3128 985 3183 1038 et
3202 982 3473 1039 laudibus
3496 1001 3690 1056 prose-

2043 1070 2394 1142 quebantur,
2426 1068 2565 1124 etin
2617 1086 2813 1141 pugna
2862 1071 3130 1127 Hunnica
3179 1072 3403 1127 fortiter
3445 1089 3507 1128 se
3554 1090 3684 1146 ges-

2042 1157 2188 1215 sisse
2216 1158 2607 1215 affirmabant.
2641 1159 2799 1223 Quod
2854 1165 2919 1216 ut
2965 1161 3307 1217 credibilius
3355 1167 3531 1231 esset,
3580 1162 3685 1219 Mi-

2041 1247 2303 1304 chaelem
2344 1249 2592 1305 Branam
2642 1249 2924 1323 collegam
2974 1252 3101 1322 ejus
3151 1257 3355 1308 testem
3411 1252 3685 1309 citabaut.

2040 1337 2149 1401 Qui
2179 1353 2313 1392 cum
2347 1338 2407 1393 in
2436 1339 2804 1411 imperatoris
2836 1346 3012 1413 caput
3039 1342 3235 1410 jurare
3276 1342 3587 1413 juberetur
3615 1359 3688 1398 an

2044 1427 2277 1500 aliquod
2328 1428 2477 1483 forte
2526 1427 2726 1485 Gabrze
2781 1428 3003 1485 facinus
3059 1431 3319 1497 vidisset,
3372 1430 3548 1488 dilato
3601 1449 3690 1488 re-

2043 1532 2261 1588 sponso
2288 1517 2539 1574 Gabram
2573 1518 2740 1590 prius
2771 1519 3097 1592 interrogat
3145 1538 3217 1575 an
3271 1520 3397 1591 ipse
3455 1538 3690 1593 quoque

2043 1606 2266 1679 aliquid
2297 1606 2470 1663 laude
2501 1608 2746 1681 dignum
2781 1610 3019 1667 fecisset
3061 1627 3127 1667 ac
3172 1612 3308 1666 boni
3362 1616 3419 1667 et
3468 1612 3691 1667 strenui

2044 1696 2213 1753 ducis
2242 1695 2451 1753 ofﬁciis
2480 1697 2539 1753 in
2575 1715 2767 1769 pugna
2795 1714 2928 1755 cum
2975 1700 3243 1773 Dionysio
3275 1704 3689 1772 Hungarorum

2045 1785 2193 1841 duce
2226 1786 2461 1842 functus
2509 1794 2662 1842 esset
2713 1789 2870 1844 174
2918 1790 3107 1845 Gabra
3165 1806 3297 1845 vero
3359 1790 3695 1847 afﬁrmante

283 1877 617 1954 ἒπιτα-χθεῖς,
647 1875 812 1949 ὅρκον
852 1874 951 1942 τήν
982 1871 1185 1928 οἰκείαν
1244 1870 1486 1958 κεφαλὴν
1548 1868 1934 1958 ἐπαγαγόντος,

2048 1874 2365 1930 fortissime
2395 1891 2458 1930 se
2487 1874 2547 1929 in
2596 1875 2696 1932 illo
2756 1876 2953 1948 praelio
3012 1879 3287 1950 gessisse,
3339 1880 3580 1951 subjicit
3629 1896 3691 1935 se

289 1966 509 2038 ἀληθῶς
540 1965 711 2021 εἷπεῖν
752 1965 782 2018 ’ὁ
841 1963 967 2038 περὶ
1015 1965 1113 2016 τοῦ
1157 1955 1339 2035 Γαϐρᾶ
1390 1966 1634 2037 γενναῖον
1692 1957 1933 2016 σύνοιδεν

281 2055 463 2133 ἔργον,
495 2058 557 2111 τὸ
610 2054 750 2116 τὲως
821 2053 915 2126 μὲν
978 2050 1261 2126 ὑπερέθετο
1320 2050 1413 2106 τὸν
1458 2049 1760 2126 ἀπόλογον,
1800 2050 1936 2123 πρὸς

279 2144 334 2201 δὲ
377 2146 474 2200 τὸν
536 2139 749 2218 Γαϐρᾶν
809 2141 1066 2219 στραφεὶς
1121 2138 1288 2213 ⁴ίὶρετο
1343 2143 1536 2195 τοῦτον
1590 2139 1637 2194 εί
1694 2138 1784 2193 καὶ
1840 2139 1941 2193 αύ-

274 2236 365 2295 τὸς
397 2230 652 2309 ἀνδρεῖόν
681 2253 735 2287 τι
791 2230 884 2285 καὶ
951 2229 1096 2300 ἄξιον
1166 2227 1388 2284 ἐπαίνου
1448 2226 1763 2301 ἐνεδείξατο,
1831 2225 1940 2283 ε’ίτε

282 2326 392 2397 μὴν
426 2324 507 2384 ὡς
568 2322 878 2397 στρατηγὸς
935 2318 1002 2374 τὰ
1048 2318 1237 2391 λῲονα
1285 2314 1629 2391 δῖεπράξατο,
1688 2317 1775 2372 ὅτε
1808 2337 1939 2389 συμ-

277 2413 543 2474 πεσόντες
588 2413 725 2485 μετὰ
762 2414 873 2465 τῶν
923 2406 1185 2484 Οὕγγρων
1248 2406 1538 2462 Διονυσίου
1583 2409 1943 2483 στρατηγοῦν-

278 2524 371 2565 τος
428 2502 743 2577 ἒμάχοντο.
810 2500 904 2571 Τῷ
958 2520 1045 2554 τοι
1102 2498 1192 2551 καὶ
1248 2496 1741 2574 καθομολογοῦντα
1788 2495 1941 2571 σχὼν

278 2594 371 2649 τὸν
400 2586 655 2667 Γαϐρᾶν,
684 2590 776 2645 καὶ
816 2589 891 2650 ὡς
923 2586 1021 2643 οὐκ
1052 2585 1229 2643 ἄλλον
1272 2586 1445 2648 ὄντως
1496 2586 1561 2641 τὸ
1617 2584 1740 2640 τότε
1776 2584 1940 2640 αὐτὸν

284 2679 643 2758 ἀνδρίυασθαι
705 2681 1103 2755 μαρτυροῦντα,
1150 2676 1419 2752 ἐπήγαγεν
1487 2674 1562 2737 ὡς
1612 2672 1711 2729 οὐκ
1795 2668 1939 2749 ἔχων

288 2768 569 2848 βασιλέως
625 2767 859 2823 ἐνώπιον
919 2765 1410 2844 παρανὸσφίζεσθαι
1468 2765 1588 2833 ⁸τήν
1667 2761 1942 2834 ἀλήθειαν,

2042 1979 2236 2019 coram
2257 1963 2707 2036 imperatore,in
2729 1966 2899 2037 cujus
2923 1968 3311 2037 caputjurare
3335 1968 3411 2023 sit
3429 1974 3691 2038 coactus,

2041 2052 2347 2108 veritatem
2379 2051 2752 2108 dissimulare
2776 2070 2889 2108 non
2918 2069 3122 2124 posse:
3154 2054 3406 2110 Gabram
3426 2055 3690 2110 hostium

2044 2143 2329 2214 impetum
2361 2158 2733 2214 nequaquam
2763 2143 3062 2211 tolerasse,
3086 2145 3187 2201 sed
3212 2146 3397 2216 primo
3422 2161 3691 2217 congres-

2044 2249 2114 2288 su
2171 2231 2465 2301 territum,
2521 2233 2718 2305 fugam
2774 2233 3023 2306 cepisse,
3075 2236 3343 2307 quamvis
3389 2236 3513 2307 ipse
3556 2251 3690 2290 eum

2046 2322 2259 2394 sepius
2291 2327 2637 2389 revocasset,
2675 2326 2732 2377 et
2774 2338 2988 2395 magna
3041 2339 3177 2379 voce
3228 2322 3497 2378 hortatus
3544 2325 3695 2377 esset

2048 2416 2111 2468 ut
2139 2412 2457 2468 resisteret.
2490 2410 2773 2467 Ceterum
2817 2412 3132 2485 imperator
3175 2411 3476 2482 Zeugmini
3523 2428 3691 2467 recu-

2048 2500 2291 2573 perandi
2323 2506 2381 2556 et
2413 2500 2569 2556 necis
2590 2501 2870 2573 Stephani
2899 2500 3242 2557 ulciscendis
3269 2501 3517 2573 cupidus
3540 2517 3695 2556 exer-

2048 2590 2227 2645 citum
2258 2590 2318 2645 in
2351 2588 2482 2645 illas
2516 2595 2710 2661 partes
2740 2591 3002 2647 adduxit.
3036 2591 3146 2647 Sed
3180 2591 3417 2646 Barbari
3458 2592 3580 2647 acie
3628 2591 3688 2647 in

2052 2678 2178 2735 Istri
2209 2679 2351 2750 ripis
2382 2679 2692 2748 instructa,
2742 2679 2902 2735 omni
2950 2678 3199 2735 telorum
3250 2696 3461 2753 genere
3519 2682 3690 2753 traji-

2050 2784 2178 2825 cere
2208 2771 2438 2825 nostros
2470 2768 2877 2840 prohibebant,
2926 2769 3088 2825 aditu
3140 2770 3300 2825 omni
3353 2770 3689 2826 intercluso.

295 2860 371 2921 εἷς
398 2863 506 2930 τὴν
575 2858 779 2914 οἰκείαν
847 2855 1091 2935 κεφαλήν
1146 2854 1308 2910 αὐτὸν
1370 2853 1762 2929 ἐξορκίζοντος,
1812 2853 1939 2930 φησῐ

2049 2858 2155 2914 Sed
2204 2858 2464 2928 frustra;
2515 2857 2762 2914 Romani
2812 2860 2971 2914 enim
3039 2860 3325 2932 sagittarii
3383 2864 3440 2915 et
3496 2861 3689 2933 gravis

301 2948 581 3023 μηδαμῶς
641 2948 940 3011 ὑποστῆναι
995 2945 1096 3013 τήν
1144 2948 1256 3000 τῶν
1286 2942 1545 2999 ἒναντίων
1574 2938 1823 3015 ἐμϐολὴν
1852 2941 1939 2996 τὸν

2053 2951 2352 3004 armatura
2380 2946 2521 3019 ripis
2553 2963 2651 3004 eos
2682 2948 3070 3020 depulerunt;
3104 2956 3161 3005 et
3191 2950 3509 3021 imperator
3555 2966 3690 3005 cum

300 3034 537 3113 Γαϐρᾶν·
567 3035 696 3092 ἀλλ’
747 3035 806 3091 ἐκ
843 3035 1067 3110 πρώτης
1106 3028 1429 3109 προσϐολῆς
1494 3028 1939 3087 ἀποδειλιάσαντα

2054 3036 2330 3093 omnibus
2359 3037 2690 3109 legionibus
2734 3039 2805 3093 ad
2852 3038 3235 3108 Zeugminum
3285 3043 3479 3095 castra
3518 3038 3689 3097 locat.

301 3125 558 3203 κ’ίχεσθαι
591 3126 883 3203 φεύγοντα,
932 3123 1022 3178 καὶ
1063 3125 1229 3178 ταῦτα
1268 3121 1435 3177 αὐτοῦ
1486 3118 1760 3182 πολλάκις
1816 3120 1939 3175 ἀνα-

2054 3124 2117 3178 Id
2176 3125 2457 3195 oppidum
2504 3124 2619 3180 alto
2665 3124 2894 3181 tumulo
2939 3125 3302 3197 impositum,
3357 3132 3414 3181 et
3458 3131 3690 3199 praeter-

300 3217 648 3292 οαλουμένου
701 3220 895 3271 τοῦτον
936 3214 1050 3281 καὶ,
1102 3236 1132 3266 ιι
1186 3218 1380 3282 Στῆθι,
1437 3212 1484 3266 ὦ
1532 3210 1716 3286 φίλος,
1763 3211 1939 3266 εἰπόν-

2056 3212 2273 3270 ﬂuente
2315 3212 2464 3269 infra
2514 3212 2757 3270 flumine
2797 3215 3119 3284 munitum,
3169 3233 3201 3270 a
3252 3215 3494 3270 meridie
3545 3214 3695 3270 adiri

294 3332 386 3372 τος
423 3309 541 3383 μετ’
573 3302 906 3377 ἐκϐοήσέως.
941 3304 1107 3381 Ἀτὰρ
1171 3304 1264 3358 καὶ
1314 3300 1558 3357 σπεύδων
1600 3303 1627 3356 6
1690 3300 1939 3378 βασιλεὺς

2056 3320 2169 3359 non
2203 3306 2413 3375 potest.
2470 3303 2727 3360 Rebatur
2776 3311 2968 3360 autem
3018 3320 3082 3360 se
3127 3304 3185 3359 id
3238 3306 3421 3375 primo
3473 3306 3693 3377 impetu

302 3402 429 3458 αὐτό
504 3422 563 3456 τε
633 3401 697 3455 τὸ
755 3399 1051 3475 Ζεύγμινον
1136 3396 1435 3470 Ῥωμαίοις
1504 3393 1939 3450 ἐπανασώσασθαι

2050 3398 2379 3464 capturum,
2414 3392 2819 3449 defensoribus
2853 3392 2977 3450 solo
3010 3398 3322 3467 conspectu
3356 3395 3447 3450 sui
3480 3394 3696 3451 territis

300 3495 385 3547 καί
425 3490 581 3552 δίκας
635 3490 763 3554 τοὺς
819 3484 1053 3547 Οὕννους
1106 3485 1485 3560 εἰσπράξασθαι
1542 3485 1614 3539 ὧν
1672 3485 1747 3546 εἷς
1816 3485 1939 3540 Στέ·

2050 3486 2106 3539 et
2137 3488 2333 3555 portas
2364 3482 2785 3555 aperientibus.
2819 3483 2931 3539 Sed
2965 3500 3098 3540 cum
3130 3484 3291 3540 omni
3322 3485 3481 3539 aditu
3506 3484 3696 3540 exclu-

303 3603 466 3660 φανον
526 3578 983 3654 πεπαρῳνήκασι,
1040 3580 1159 3638 τοῖς
1214 3573 1385 3630 ἐκεῖσε
1452 3568 1787 3649 παρενέϐαλε
1850 3574 1939 3648 με·

2051 3574 2303 3641 deretur,
2337 3578 2394 3630 et
2420 3572 2636 3629 moenia
2663 3573 2821 3629 omni
2853 3590 3149 3630 armorum
3181 3582 3233 3629 et
3266 3579 3692 3629 tormentorum

307 3659 470 3747 ρεσιν.
508 3670 580 3726 Hi
611 3666 669 3724 δὲ
699 3663 968 3739 ϐάρϐαροι
998 3665 1143 3738 παρᾶ
1198 3664 1294 3726 τὰς
1353 3659 1523 3739 ὄχθας
1579 3667 1675 3718 τοῦ
1732 3668 1939 3738 Ἴστρου

2050 3678 2258 3734 genere
2288 3662 2440 3718 I75
2474 3663 2868 3728 firmarentur,
2899 3669 2953 3718 et
2996 3662 3195 3718 hostes
3252 3663 3321 3717 de
3366 3661 3694 3732 pinnaculis

303 3764 556 3834 ποταμοῦ
611 3757 685 3820 ὡς
745 3756 820 3819 είς
877 3754 1122 3829 πόλεμον
1189 3751 1576 3827 διαταξάμενοι
1647 3749 1939 3808 διεκώλυον

2053 3769 2167 3808 non
2201 3752 2373 3807 modo
2406 3751 2646 3808 letbalia
2678 3751 2812 3820 tela,
2844 3753 2945 3807 sed
2977 3755 3036 3807 et
3066 3752 3336 3808 obscaena
3366 3750 3608 3807 dicteria
3636 3754 3693 3806 et

297 3853 393 3920 τῆς
453 3851 711 3924 στρατιᾶς
761 3846 862 3915 τὴν
899 3842 1216 3919 περαίωσιν,
1293 3846 1525 3897 παντοῖα
1604 3840 1739 3918 βέλη
1815 3843 1939 3898 ἐπα-

2050 3847 2335 3896 venenata
2367 3841 2575 3912 probra
2596 3839 3268 3911 jacularentur,Romani
3301 3856 3416 3896 non
3440 3839 3694 3911 amplius

301 3940 510 4013 φιὲντες
568 3939 657 3992 καὶ
707 3936 803 3997 τὰς
862 3929 1110 4008 ἐμϐολὰς
1149 3926 1794 4008 προκαταλαμϐάνοντες,
1854 3937 1939 3987 κᾶν

2050 3930 2250 3986 vacuis
2274 3929 2546 3985 manibus
2568 3930 2942 3997 accedebant,
2968 3929 3068 3985 sed
3084 3929 3319 3986 omissis
3345 3929 3693 3999 maledictis,

301 4030 438 4099 ἦσαν
468 4024 626 4082 οὐδὲν
675 4023 1035 4099 περαίνοντες
1085 4022 1136 4077 οἱ
1191 4022 1293 4098 γὰρ
1352 4016 1616 4092 ὲκηϐόλοι
1681 4021 1928 4095 Ῥωμαῖο

2052 4019 2268 4090 quibus
2318 4017 2544 4073 feminas
2595 4033 2857 4089 pugnare
2905 4017 3112 4084 solent,
3165 4018 3313 4073 ferro
3363 4036 3481 4074 rem
3532 4035 3691 4084 gere-

303 4118 485 4173 καὶτὸ
520 4114 662 4172 ἄλλο
712 4115 848 4169 ἅπαν
908 4110 1192 4167 ὁπλιτικὸν
1249 4109 1521 4184 ὠσάμενοι
1558 4108 1788 4165 τούτους
1845 4108 1939 4181 ἐξέ·

2053 4110 2215 4165 bant.
2269 4109 2339 4163 Et
2390 4108 2709 4179 imperator
2766 4113 2832 4164 ut
2888 4108 2983 4164 sui
3033 4108 3404 4164 aemulatione
3477 4108 3692 4166 milites

306 4228 540 4283 κρουσαν
598 4208 708 4260 τῶν
773 4200 1087 4279 παρακτίων
1142 4204 1344 4275 μερῶν.
1382 4198 1647 4263 Βασιλεὺς
1727 4196 1785 4254 δὲ
1858 4200 1939 4255 σὺν

2053 4197 2412 4267 accenderet,
2472 4198 2701 4269 primus
2770 4212 2917 4267 equo
2992 4196 3255 4254 invectus
3329 4198 3555 4254 hastam
3632 4199 3691 4253 in

307 4282 463 4351 παντὶ
528 4298 611 4365 τῷ
669 4289 1030 4365 στρατεύματι
1080 4288 1219 4341 κατὰ
1264 4287 1326 4341 τὸ
1382 4282 1678 4361 Ζεύγμινον
1757 4285 1939 4363 ἀφικό-

2053 4286 2246 4343 media
2308 4291 2476 4359 porta
2543 4285 2762 4358 deﬁgit.
2839 4285 3078 4353 Deinde,
3163 4286 3298 4358 quia
3369 4304 3508 4343 saxa
3576 4305 3693 4344 non

309 4405 472 4459 μενος
503 4381 616 4438 ἐκεῖ
644 4400 752 4436 που
781 4380 1111 4454 στρατήγιον
1144 4374 1429 4451 βάλλεται.
1464 4377 1617 4434 Ἐστι
1675 4373 1732 4430 δὲ
1784 4380 1939 4432 τοῦτ(

2053 4377 2464 4450 suppetebant,
2498 4377 2656 4432 fossa
2700 4375 2880 4432 humo
2927 4380 2983 4431 et
3041 4378 3310 4433 sordibus
3355 4379 3595 4451 impleta
3638 4382 3695 4434 et

305 4476 441 4530 κατὶ
503 4464 853 4547 μεσημϐρίαν
920 4461 1263 4542 ἀπρόσϐατον
1337 4463 1575 4543 γηλόφῳ
1650 4467 1939 4540 παρήκων

2053 4470 2305 4538 quatuor
2351 4464 2658 4520 tormentis
2711 4463 2770 4519 in
2820 4464 3061 4521 circuitu
3111 4465 3430 4533 collocatis,
3482 4466 3697 4523 moenia

305 4565 394 4620 καὶ
451 4562 715 4635 ποταμίῳ
754 4557 1136 4632 τειχιζόμενον
1194 4554 1441 4631 ῥεύματι.
1492 4554 1648 4633 ’ῼετο
1710 4555 1804 4628 μὲν
1862 4556 1939 4610 οῦι

2055 4556 2347 4631 prosterni
2372 4556 2575 4627 jussit.
2610 4557 2745 4621 Quae
2778 4573 2910 4613 cum
2939 4557 2995 4612 in
3029 4557 3222 4613 ofﬁcio
3252 4563 3452 4614 essent
3500 4558 3698 4615 omnia
3762 4586 3769 4593 -

306 4648 562 4709 αὐτοϐοεὶ
610 4651 856 4725 αἱρήσειν
904 4645 968 4700 τὸ
1025 4642 1275 4717 πόλισμα
1332 4644 1424 4698 οἷα
1478 4646 1587 4697 τῶν
1645 4637 1795 4698 ἔνδον
1862 4643 1939 4699 κα¹

2062 4652 2119 4703 et
2171 4663 2310 4702 saxa
2362 4644 2555 4701 talenti
2614 4646 2868 4717 pondere
2941 4646 3364 4717 jaculareutur,
3416 4648 3697 4704 mcenium

302 4746 430 4821 πρὸς
471 4743 574 4811 τὴν
633 4739 857 4813 πρώτην
932 4733 1099 4790 αὐτοῦ
1155 4734 1275 4788 θὲαν
1335 4731 1791 4808 καταπλαγέντων
1835 4734 1948 4805 καὶ,

302 4818 394 4895 τάς
422 4830 605 4891 πύλας
658 4825 1062 4882 ἀνακλινάντων
1127 4823 1219 4877 καὶ
1270 4819 1574 4895 δεξαμένων
1636 4821 1794 4878 αὐτὸν
1864 4818 1950 4878 ἕν-

308 4920 442 4978 δοθι·
496 4920 575 4980 ὡς
633 4913 679 4971 δ’
739 4916 889 4971 οὗτοι
937 4914 1032 4975 τὰς
1101 4908 1348 4973 εἰσόδους
1405 4911 1741 4966 παντάπασιν
1797 4912 1949 4985 αὐτῷ

305 5010 670 5085 ἐπεζύγωσαν,
697 5003 764 5060 τά
790 5024 850 5059 τε
875 5001 1038 5077 τείχη
1071 4999 1354 5062 παντοίοις
1421 4998 1617 5063 ’ὸπλοις
1671 5000 1763 5056 καὶ
1820 5001 1951 5082 ἀφε-

309 5101 523 5175 τηρίοις
591 5095 851 5169 ὀργάνοις
909 5089 1216 5160 ἐκράτυναν,
1277 5086 1424 5144 ἀλλὰ
1471 5089 1570 5175 ,καὶ
1628 5090 1950 5168 φαινόμενοι

305 5174 506 5245 ἄνωθεν
561 5183 656 5245 τὰς
705 5178 958 5257 γλώσσας
1016 5177 1211 5254 ἔθηγον
1270 5176 1399 5233 ὡσεὶ
1449 5174 1650 5257 ὄφεως,
1707 5179 1807 5235 οὐκ
1843 5179 1949 5237 ἀπὸ

311 5283 513 5359 χειρῶν
575 5272 743 5348 μόνον
788 5268 1026 5359 ἀφιέντες
1088 5266 1226 5359 βελη
1289 5267 1579 5359 θανάσιμα,
1636 5266 1784 5359 ἀλλά
1848 5271 1951 5325 κάκ

305 5355 401 5424 τοῦ
427 5371 539 5421 τῶν
572 5360 814 5418 ὀδόντων
838 5356 1031 5434 ἕρκους
1090 5355 1649 5433 αἴσχροῤῥημοσύνας
1702 5358 1949 5430 τοξεύον-

306 5481 389 5523 τες
416 5460 486 5531 ἱῴ
514 5451 757 5519 ἀςπίδων
793 5452 875 5522 τῷ
933 5450 1037 5504 ὑπὸ
1077 5448 1143 5503 τὰ
1200 5446 1370 5528 χείλη
1436 5448 1774 5525 χρισθείσας,
1836 5447 1951 5505 οὐδ,

308 5551 358 5603 οἱ
379 5548 654 5618 Ῥωμαῖοι
673 5541 738 5596 τὸ
768 5540 877 5593 ἀπὸ
904 5535 1064 5593 τοῦδε
1086 5539 1246 5612 χερσὶ
1292 5543 1472 5600 κεναῖς
1526 5538 1719 5600 αὐτοῖς
1775 5558 1951 5613 προσ.

309 5637 577 5717 εφὲροντο,
639 5627 788 5685 ἀλλά
836 5631 933 5682 τοῦ
1006 5625 1436 5702 κακορῥημονεῖν
1533 5628 1611 5689 ὡς
1695 5628 1954 5703 ἀγεννοῦς

310 5712 484 5786 ὅπλου
514 5722 607 5779 καὶ
662 5715 973 5797 γυναικείου
1031 5716 1382 5798 ἀφιστάμενοι
1440 5712 1653 5794 σιδήρῳ
1714 5714 1952 5792 μάλιστα

2057 4752 2396 4809 compagem
2428 4734 2877 4806 labefactabant,
2930 4753 3114 4793 unum
3170 4737 3566 4809 potissimum,
3622 4740 3694 4795 ab

2057 4825 2184 4897 ipso
2214 4825 2544 4880 Andronico
2576 4824 2656 4879 ita
2689 4824 2975 4881 directum
3008 4832 3069 4881 ut
3101 4843 3307 4883 murus
3356 4828 3507 4883 inter
3553 4828 3698 4882 duas

2054 4919 2246 4970 turres
2274 4918 2703 4985 conquassatus
2732 4918 2789 4969 et
2816 4914 3077 4970 vectibus
3096 4917 3380 4971 suti'ossus
3405 4916 3697 4988 penderet,

2058 5005 2288 5059 ruinam
2333 5002 2633 5059 minitans.
2695 5003 2953 5067 Quadam
3014 5008 3209 5059 autem
3260 5007 3428 5058 nocte
3472 5002 3699 5073 aliquot

2057 5091 2374 5165 Hungarici
2403 5107 2666 5163 proceres
2697 5092 2934 5163 podium
2970 5108 2999 5146 e
3032 5092 3297 5147 trabibus
3336 5096 3695 5159 contextum,

2059 5184 2214 5239 116
2245 5185 2399 5239 foras
2431 5182 2787 5253 prominens,
2821 5181 3073 5254 ingressi
3120 5186 3178 5237 et
3226 5181 3440 5235 strictis
3489 5180 3699 5253 gladiis

2060 5287 2248 5328 aerem
2279 5271 2732 5338 diverberantes,
2767 5269 3043 5324 Romanis
3064 5269 3433 5325 atrocissima
3456 5286 3701 5342 quaeque

2060 5376 2195 5417 cum
2229 5358 2450 5431 ingenti
2482 5357 2735 5414 clamore
2781 5357 3220 5413 minitabantur.
3284 5358 3393 5413 Sed
3444 5358 3702 5417 vindicta

2060 5464 2220 5506 eose
2277 5447 2512 5518 vestigio
2571 5450 2887 5502 consecuta
2942 5450 3072 5501 est:
3136 5464 3269 5501 nam
3334 5448 3702 5505 Andronicus

2059 5541 2351 5595 tormento
2404 5536 2649 5593 solerter
2704 5536 2922 5592 directo
2992 5538 3377 5593 munitionem
3451 5538 3508 5595 in
3586 5558 3704 5611 qua

2061 5627 2299 5684 stabant
2329 5626 2409 5681 ita
2439 5625 2705 5697 perculit,
2742 5630 2807 5679 ut
2828 5630 3119 5698 prostrata
3140 5623 3271 5683 illos
3292 5627 3705 5688 miserabiliter

2061 5717 2438 5790 opprimeret.
2490 5714 2606 5775 Nec
2656 5714 2840 5774 multo
2889 5718 3021 5789 post
3071 5716 3199 5789 ipso
3248 5733 3479 5791 quoque
3530 5734 3702 5775 muro
