4068 6196
314 306 434 368 475

1635 308 1945 374 ΝΙΟΕΤΕ
1985 311 2410 376 ΟΗΟΝΙΑΤΔΞ

3607 313 3738 374 4⁵16

317 441 576 514 collapsa
633 445 806 502 scalis
853 445 1106 503 admotis
1157 445 1404 503 Romani
1452 445 1962 503 transcenderunt.

2089 447 2260 509 ιακῶς
2285 441 2601 512 διετίθεσαν.
2635 449 2860 522 Πρῶτος
2890 443 3071 502 τοίνυν
3104 445 3132 502 ό
3193 439 3450 520 βασιλεὺς
3505 441 3588 518 τῷ
3634 449 3744 512 τῆς

321 534 471 590 Tum
508 533 676 590 multi
701 539 838 591 sunt
867 533 1065 603 occisi,
1098 535 1269 592 multi
1298 536 1618 592 victoribus
1671 533 1966 608 supplices

319 623 681 679 conservati:
717 623 983 678 nonnulli
1031 623 1206 681 etiam
1259 625 1400 697 fuga
1450 623 1697 681 salutem
1748 623 1968 695 quaesi-

321 717 548 768 verunt.
595 712 704 767 Sed
765 713 1004 783 quidam
1067 713 1226 772 illius
1285 713 1450 771 urbis
1506 714 1594 770 vir
1645 712 1860 771 nobilis
1911 716 1970 770 et

322 801 504 871 dives,
538 817 670 857 cum
715 819 952 861 uxorem
1002 822 1196 875 suam,
1241 805 1546 863 excellenti
1603 805 1788 862 forma
1835 821 1968 860 mu-

318 891 540 956 lierem,
575 893 645 946 ad
671 897 944 964 stuprum
978 911 1011 950 a
1042 895 1227 951 milite
1258 895 1381 968 rapi
1411 895 1636 953 videret
1687 910 1792 952 nec
1840 895 1970 965 ejus

323 978 666 1052 pudicitiam
717 982 889 1038 aliter
942 984 1094 1040 tueri
1142 989 1362 1056 posset,
1417 984 1648 1040 acinace
1695 981 1969 1039 miseram

321 1069 598 1126 confodit.
655 1069 698 1126 Ο
755 1071 1010 1128 violenta
1080 1089 1274 1130 rerum
1347 1073 1550 1143 series,
1615 1089 1649 1130 o
1725 1072 1972 1129 fortuna

321 1158 540 1215 invidia
610 1163 786 1232 atque
842 1160 1102 1232 insidiae,
1161 1180 1290 1234 qua:
1349 1164 1404 1218 in
1474 1160 1842 1235 amplissimo
1915 1165 1974 1218 et

326 1249 800 1320 frequentissimo
835 1251 1063 1309 theatro
1095 1253 1440 1325 hujusmodi
1473 1251 1785 1324 tragazdias
1823 1253 1970 1324 agis.

324 1340 476 1394 177
509 1339 554 1395 Ο
586 1339 850 1412 duplices
908 1359 1138 1400 amores
1196 1343 1350 1399 inter
1403 1359 1504 1399 vos
1551 1342 1850 1413 contrarii,
1899 1342 1972 1398 ad

323 1445 510 1484 unum
540 1431 844 1500 praemium
898 1434 1248 1503 tendentes;
1323 1449 1576 1506 quorum
1654 1431 1798 1488 alter
1873 1447 1976 1505 per

330 1519 586 1575 dedecus
617 1535 869 1589 servare,
917 1519 1065 1578 alter
1111 1538 1214 1591 per
1260 1523 1488 1599 ferrum
1527 1525 1584 1577 et
1626 1520 1972 1594 sanguinem

324 1607 664 1680 pudicitiam
695 1608 833 1666 tueri
877 1611 1094 1669 studet.
1141 1612 1229 1667 Ad
1282 1610 1778 1684 expugnationem
1826 1611 1972 1666 Zeu-

325 1696 512 1770 gmini
544 1714 658 1754 non
691 1715 896 1770 parum
932 1699 1308 1756 contulerunt
1348 1701 1586 1772 quidam
1633 1716 1702 1755 ex
1749 1698 1975 1756 civibus

323 1787 717 1844 Romanorum
742 1787 1015 1862 studiosi,
1039 1789 1139 1861 qui
1163 1788 1410 1846 schedas
1429 1788 1660 1862 sagittis
1680 1789 1804 1844 sine
1823 1788 1972 1844 ferro

328 1891 616 1949 appensas
647 1881 821 1934 noctu
850 1877 910 1932 in
942 1883 1132 1934 castra
1174 1877 1534 1950 ejaculantes
1581 1881 1639 1934 et
1685 1876 1972 1933 Barbaro-

323 1982 454 2022 rum
489 1965 636 2022 vires
677 1973 728 2021 et
781 1965 1026 2023 consilia
1070 1967 1420 2040 detegebant
1467 1971 1524 2024 et
1578 1966 1974 2022 Romanorum

324 2055 554 2112 animos
612 2057 1059 2112 conﬁrmabant.
1124 2056 1464 2112 Pannonius
1533 2072 1670 2112 vero
1735 2053 1974 2127 quidam

333 2145 620 2217 captivus,
680 2146 834 2218 pileo
889 2152 947 2202 et
1003 2145 1224 2218 reliquo
1282 2144 1488 2202 habitu
1574 2161 1732 2201 more
1791 2143 1979 2218 patrio

330 2239 596 2304 ornatus,
629 2253 662 2290 a
707 2240 1092 2308 praetereunte
1149 2234 1332 2291 milite
1387 2233 1692 2292 occiditur.
1745 2232 1800 2290 Is
1847 2248 1979 2290 cum

328 2324 617 2380 interfecti
648 2323 798 2396 pileo
829 2325 1004 2397 capiti
1051 2325 1328 2398 imposito
1378 2329 1664 2397 pergeret,
1719 2321 1980 2379 vindicta

326 2415 501 2470 tacito
577 2416 720 2487 pede
774 2415 940 2470 illum
999 2419 1315 2471 consecuta
1371 2415 1561 2471 eti‘ccit
1617 2415 1682 2469 ut
1737 2413 1808 2468 ab
1865 2410 1978 2468 alio

325 2506 607 2574 sequente
639 2503 898 2558 Romano
931 2519 1034 2576 pro
1067 2503 1292 2574 captivo
1324 2503 1626 2558 Pannonio
1659 2499 1976 2573 jugulare-

2080 538 2368 608 μιμήσεως
2405 536 2588 612 ὁμοίῳ
2645 534 2956 612 διερεθίζων
3016 535 3146 598 τοὺς
3197 537 3286 592 ὑπ’
3337 534 3538 592 ἐκεῖνον
3597 534 3749 592 κατᾶ

2074 627 2182 678 τῶν
2215 631 2316 694 τῆς
2339 624 2561 690 πόλεως
2597 625 2788 682 πυλῶν
2819 627 2911 682 τὸν
2942 624 3110 683 ῗππον
3168 625 3426 704 ἐπαφίησι
3481 625 3574 681 καὶ
3637 625 3744 698 μέ-

2081 733 2172 768 σον
2205 714 2381 770 αὑτῶν
2406 715 2471 770 τὸ
2505 712 2638 793 δόρυ
2668 714 2892 786 ἤλασεν.
2935 715 3060 774 Ἐπὶ
3109 713 3168 771 δὲ
3201 715 3423 778 τούτοις
3475 717 3577 786 τήν
3635 713 3748 770 τά-

2080 822 2214 880 φρον
2283 803 2572 876 ἐμπλήσας
2630 805 2936 882 ἆφυσγετοῦ
3002 803 3093 860 διὰ
3140 803 3242 874 τήν
3271 809 3380 860 τῶν
3411 801 3582 869 λίθων
3613 801 3741 860 στέ-

2082 912 2262 967 ρησιν,
2317 893 2417 956 τάς
2457 915 2516 950 τε
2596 890 2972 972 πετροϐόλους
3067 895 3320 970 μηχανάς
3403 895 3746 972 περιστήσας

2083 982 2359 1058 (τέσσαρες
2391 980 2440 1038 δ’
2491 985 2626 1054 ἦσαν
2685 984 2977 1055 αὗται)τᾶ
3035 985 3200 1060 τείχη
3259 984 3552 1040 κατασείειν
3615 983 3746 1039 ἐπέ-

2079 1092 2290 1128 ταττεν.
2337 1072 2603 1148 Ἐνεργεῖς
2662 1073 2757 1146 μὲν
2817 1074 2909 1129 οῦν
2970 1069 3174 1128 ἅπασαι
3249 1073 3406 1143 ἦσαν,
3496 1074 3590 1128 καὶ
3685 1073 3746 1128 οἱ

2082 1159 2273 1236 πέτροι
2303 1159 2646 1217 ταλαντιαῖοι
2684 1162 2966 1240 ἀφέμενοι
3007 1163 3106 1226 τὰς
3137 1167 3247 1218 τῶν
3293 1166 3498 1238 τειχῶν
3564 1161 3744 1238 παρέ.

2084 1248 2218 1305 λυον
2249 1250 2514 1328 ἁρμογάς·
2551 1249 2650 1324 μία
2692 1248 2737 1306 δ’
2768 1251 2818 1322 ἐξ
2877 1252 3056 1307 αὐτῶν
3129 1250 3390 1325 μάλιστα,
3447 1254 3516 1321 ἧς
3573 1251 3748 1330 ἁρχι-

2080 1338 2286 1396 τέκτων
2347 1339 2413 1409 ἦν
2485 1337 2864 1417 Ἀνδρόνικος,
2939 1341 3102 1404 αὐτὸς
3146 1343 3246 1412 τὴν
3288 1338 3583 1416 σφενδόνην
3620 1343 3742 1415 (84)

2083 1426 2178 1484 τόν
2254 1449 2313 1485 τε
2398 1428 2705 1510 στρόφαλον
2783 1430 2876 1486 καὶ
2951 1429 3046 1486 τὸν
3105 1427 3276 1506 λύγον
3335 1426 3754 1503 διατιθέμενος,

2087 1513 2361 1580 πλειόνως
2393 1513 2671 1574 διεσάλευε
2705 1519 2798 1574 τὸν
2835 1513 3148 1594 περίϐοκον,
3174 1519 3250 1583 ὡς
3295 1517 3386 1573 καὶ
3442 1518 3504 1574 τὸ
3575 1539 3750 1592 peco-

2086 1604 2485 1683 πύργιὸν,καθ’
2543 1602 2573 1662 ὅ
2627 1607 2694 1662 τὰ
2735 1605 2875 1684 βάρη
2931 1611 3040 1664 τῶν
3094 1611 3306 1682 πετρῶν
3364 1606 3750 1680 ἠκοντίζοντο,

2090 1692 2380 1773 ὑποχαλᾷυ
2429 1693 2539 1767 ἤδη
2572 1701 2668 1751 καῖ
2728 1697 3076 1772 μεθίστασθαι
3126 1700 3224 1752 τοῦ
3283 1697 3497 1753 κεῖσθαι
3555 1695 3755 1772 ὀρθὸν,

2092 1781 2284 1848 ἄλλως
2335 1805 2394 1840 τε
2467 1785 2558 1840 καὶ
2623 1785 2948 1861 ὀρυκτῆρσιν
2995 1783 3544 1862 ὗπομοχλευὸμενον.
3603 1785 3754 1842 Τότε

2087 1872 2266 1928 τοίνυν
2299 1871 2436 1930 κατά
2472 1878 2746 1945 τιναδτῶν
2805 1880 3012 1930 νυκτῶν
3051 1875 3193 1938 τινὲς
3236 1878 3347 1931 τῶν
3409 1873 3757 1950 μεγιστάνων

2090 1963 2340 2018 Παιόνων
2377 1962 2504 2037 μίαν
2547 1963 2806 2028 εἰσιόντες
2855 1967 2963 2021 τῶν
3023 1963 3304 2041 ἐκκρεμῶν
3357 1969 3452 2020 τοῦ
3519 1963 3756 2044 τείχους

2089 2052 2181 2106 καὶ
2208 2057 2584 2128 προνευουσῶν
2617 2049 2809 2127 ἔξωθεν
2869 2059 3136 2129 μηχανῶν
3178 2051 3406 2130 (ἃρκλας
3463 2057 3578 2129 [85]
3629 2051 3754 2109 οἶδε

2085 2145 2286 2206 ταύτας
2317 2146 2352 2214 ἡ
2401 2146 2560 2215 κοινή
2618 2145 2711 2200 καὶ
2776 2141 3066 2220 πάνδημος
3121 2147 3314 2225 φράςις
3368 2143 3576 2219 καλεῖν)
3633 2149 3755 2201 τῶν

2087 2231 2330 2289 κουλεῶν
2385 2233 2481 2297 τὰς
2531 2235 2740 2299 σπάθας
2798 2232 3075 2304 εἵλκυσαν,
3134 2233 3222 2290 καὶ
3293 2235 3506 2310 γυμνὰς
3571 2233 3746 2298 αὐτὰς

2090 2321 2456 2384 ἀνατείναντες
2501 2321 2893 2394 διηπειλοῦντο
2923 2323 3232 2398 εῬωμαίοις
3285 2322 3588 2400 ὑπέραυχα,
3646 2323 3749 2380 καὶ

2087 2411 2150 2466 τὸ
2181 2407 2318 2476 τέως
2351 2413 2574 2486 βάπτειν
2609 2413 2688 2486 μὴ
2721 2409 2940 2488 ἔχοντες
2967 2413 3037 2468 τᾶ
3065 2413 3195 2492 ξίφη
3233 2411 3429 2486 αἵματι
3483 2415 3744 2488 σχήμασι

2087 2501 2182 2556 τὸν
2250 2495 2705 2576 ἀέρα-ἕπληττον
2764 2503 2854 2556 καὶ
2904 2505 3097 2580 φωνῶν
3155 2501 3434 2580 ἐγέμιζον.
3472 2503 3745 2580 κεκραγό-

329 2594 442 2654 tur,
475 2591 722 2663 dignum
754 2608 783 2646 e
813 2592 1058 2665 vestigio
1091 2592 1258 2651 tactis
1303 2593 1430 2649 suis
1474 2589 1778 2665 praemium
1835 2605 1974 2646 con-

2089 2609 2180 2652 τες
2241 2589 2366 2644 ὅσον
2426 2590 2675 2666 ἐχώρουν
2754 2591 2810 2646 αἱ
2877 2587 3130 2668 κεφαλαί.
3208 2589 3388 2648 Ἀλλά
3469 2587 3646 2653 πόδας
3711 2594 3751 2662 ἡ

333 2685 594 2735 secutus.
2089 2673 2210 2748 δίκη
2248 2677 2456 2750 μέτεισι
2487 2678 2734 2742 τούτους·
2765 2681 2988 2750 τιτήνας
3027 2680 3131 2756 γὰρ
3175 2679 3316 2735 κατὰ
3357 2685 3458 2749 τῆς
3512 2680 3757 2756 ἀνεχού-

323 2786 423 2836 σης
477 2767 675 2832 αὐτοὺς
733 2775 990 2846 μηχανῆς
1043 2771 1106 2826 τὸ
1163 2769 1358 2846 βλῆμα
1421 2764 1768 2843 Ἀνδρόνικος
1825 2763 1968 2820 οὕτω
2026 2761 2286 2842 διαφῆκεν
2345 2763 2601 2843 ἐπιτυχὲς
2658 2767 2732 2830 ὡς
2801 2763 3128 2838 διαλυθῆναι
3191 2769 3288 2840 μὲν
3356 2766 3550 2822 αὐτίκα
3635 2772 3741 2824 τοῦ

328 2853 555 2935 τείχους
611 2858 674 2912 τὸ
727 2859 1240 2934 προεκκρεμάμενον
1299 2857 1473 2914 ἐκεῖνο
1541 2855 1752 2928 ξύλινον
1809 2853 2069 2928 σύνθεμα,
2126 2851 2634 2928 ἐπικαταϐληθῆναι
2695 2854 2752 2912 δέ
2801 2856 2892 2914 καὶ
2920 2857 3151 2920 τούτους
3183 2855 3337 2920 ἐκτὸς
3369 2855 3421 2919 ἐς
3451 2855 3585 2930 ᾅδου
3617 2859 3752 2912 στό-

333 2966 458 3020 μιον
514 2948 808 3022 κατωκάρα
885 2949 1182 3012 πίπτοντας
1235 2947 1326 3004 καί
1377 2943 1708 3020 κυϐιστῆρας
1801 2945 2140 3022 ὁρωμένους,
2219 2941 2512 3018 ἐλεεινοὺς,
2609 2945 3041 3024 διανηχομένους
3133 2945 3341 3008 ἀθλίως
3429 2945 3757 3023 Ἀχέροντα.

327 3033 481 3092 Μετὰ
534 3036 711 3112 βραχὺ
770 3034 829 3092 δὲ
874 3037 962 3093 καί
995 3038 1127 3094 αὐτὸ
1175 3038 1240 3094 τὸ
1275 3043 1466 3113 τεῖχος
1517 3035 1810 3102 ὑπέκυπτε,
1857 3032 1948 3088 καὶ
2015 3030 2106 3088 διὰ
2159 3031 2450 3107 κλιμάκων
2493 3037 2613 3112 εἶχε
2659 3038 2969 3110 Ῥωμαίους
3037 3036 3281 3099 ἀνιόντας
3339 3037 3431 3092 καὶ
3495 3037 3596 3106 τὴν
3649 3039 3756 3093 πό·

332 3122 420 3180 λιν
481 3125 767 3189 εἰσιόντας.
836 3125 1048 3183 Πολλοὶ
1112 3129 1207 3202 μὲν
1255 3131 1345 3182 οῦν
1401 3125 1697 3202 βληθέντες
1754 3123 1831 3188 είς
1888 3119 2118 3186 θάνατον
2177 3119 2610 3199 κατεϐλήθησαν,
2653 3126 2752 3182 οῦκ
2798 3125 2979 3201 ὀλίγοι
3021 3123 3189 3182 δὲκαὶ
3219 3126 3760 3204 προσκεχωρηκότες

329 3219 451 3276 τοῖς
505 3213 612 3286 ἢδη
663 3220 952 3291 κρατοῦσιν
1001 3215 1299 3288 ἐσώθησαν⁹
1351 3215 1454 3270 εἶσὶ
1495 3212 1542 3268 δ’
1600 3213 1660 3268 οἷ’
1707 3213 1798 3268 καὶ
1846 3209 2174 3286 ἀποδράντες
2235 3213 2507 3289 σωτηρίαν
2565 3215 2806 3281 ἐντεῦθεν
2888 3215 3135 3292 εὕραντο.
3201 3215 3294 3276 Εἷς
3361 3212 3417 3270 δὲ
3487 3221 3597 3270 τῶν
3670 3215 3762 3271 οἲ-

334 3304 584 3380 κητόρων
627 3303 836 3376 ἐκείνης
899 3313 1003 3377 τῆς
1040 3305 1280 3374 πόλεως,
1336 3304 1427 3360 καὶ
1485 3304 1642 3365 οὗτος
1673 3303 1736 3357 οὗ
1774 3305 1882 3358 τῶν
1913 3298 2240 3376 συγκλύδων
2271 3301 2362 3357 καὶ
2429 3305 2740 3382 συρφάκων,
2787 3303 2936 3361 ἀλλά
2996 3309 3104 3359 τῶν
3168 3302 3398 3378 πλούτῳ
3485 3304 3766 3380 λαμπρῶν

333 3393 424 3449 καὶ
489 3395 628 3470 γένει
696 3394 955 3469 ἐπισήμῳ
993 3393 1326 3470 διαπρεπῶν,
1361 3394 1572 3450 ἀστεῖον
1617 3394 1678 3447 τὸ
1727 3387 1873 3452 εἶδος
1941 3386 2108 3466 ηὔχει
2144 3389 2363 3466 γύναιον
2446 3395 2537 3448 καὶ
2603 3391 2810 3470 σφόδρα
2869 3391 3036 3448 καλὸν
3093 3395 3194 3464 τήν
3267 3395 3508 3470 μορφήν.
3569 3395 3754 3470 Ὁρῶν

343 3481 400 3538 δὲ
448 3487 594 3562 παρά
640 3505 738 3540 του
812 3489 920 3539 τῶν
978 3486 1270 3560 Ῥωμαίων
1349 3483 1426 3548 εἷς
1490 3478 1643 3558 ὕϐριν
1719 3478 2044 3552 ἑλκόμενον,
2102 3478 2194 3534 καὶ
2274 3482 2352 3555 μὴ
2412 3477 2556 3558 ἔχων
2607 3480 2877 3556 ἐπαμῦναι
2930 3481 3344 3556 τυραννουμένῳ
3402 3482 3438 3552 ἤ
3498 3482 3600 3558 βία
3655 3486 3762 3554 τήν

341 3571 462 3646 βίαν
530 3573 740 3640 ὠθῆσαι
799 3574 888 3628 καὶ
933 3580 1127 3644 στῆσαι
1193 3573 1284 3628 τὸν
1344 3569 1529 3628 ἄδικον
1563 3570 1762 3626 ἐκεῖνον
1814 3562 2014 3642 ἔρωτα,
2073 3567 2396 3643 βουλεύεται
2429 3569 2640 3647 βουλὴν
2674 3570 2783 3650 οὐχ
2812 3572 3010 3642 ἣκιστα
3075 3571 3324 3648 γενναίας
3381 3569 3420 3641 ἤ
3456 3568 3761 3648 τολμηρὰν

339 3661 431 3718 καὶ
497 3663 754 3737 ἀθέμιτον
815 3664 1024 3738 καὶτῷ
1096 3671 1196 3734 τῆς
1267 3667 1446 3744 τύχης
1523 3661 1781 3718 ἐνεστῶτι
1835 3662 2170 3735 κατάλληον·
2250 3659 2522 3718 διελαύνει
2595 3666 2701 3716 τῶν
2775 3661 3102 3738 σπλάγχνων
3177 3667 3279 3730 τῆς
3367 3659 3649 3740 φιλτάτης
3700 3657 3761 3712 ὅν

345 3749 528 3830 ἔφερεν
608 3753 889 3826 ἀκινάκην.
925 3753 1134 3814 Οὐκοῦν
1203 3755 1232 3810 ὁ
1274 3753 1371 3828 μὲν
1434 3757 1505 3828 τῇ
1579 3754 1792 3829 γυναικὶ
1851 3752 2276 3829 ἐπιμαινόμενος
2343 3750 2574 3825 ἄθεσμος
2643 3752 2842 3814 ἐκεῖνος
2906 3751 3136 3828 ἐραστής
3199 3753 3300 3822 τὴν
3359 3749 3560 3826 ἄλογον
3627 3747 3770 3823 ἐμά-

349 3861 500 3916 ρανεν
552 3840 754 3924 ἔφεσιν,
812 3844 1011 3916 οὐκέτι,
1055 3840 1208 3908 ὄντος
1263 3847 1362 3900 τοῦ
1412 3843 1846 3918 ὑπεκκαύματος,
1910 3845 2010 3914 τὴν
2075 3841 2134 3900 δέ
2185 3839 2446 3918 σχετλίαν
2507 3847 2587 3916 τῷ
2649 3835 2766 3897 ὄντι
2821 3842 3102 3917 ἐρωμένην
3146 3841 3223 3905 τὸ,
3266 3841 3420 3918 ἦμαρ
3489 3837 3650 3896 ἔλιπε
3701 3839 3768 3894 τὸ

347 3932 696 4011 εὖφρόσυνον.
769 3939 880 3989 Φεῦ
953 3936 1291 4011 πραγμάτων
1367 3933 1654 4008 ἀναγκαίας
1717 3933 2022 4004 ἐπιπλοκῆς
2096 3933 2186 3989 καὶ
2245 3937 2508 4013 φθονεροῦ
2573 3931 2845 4008 Τελχῖνος
2935 3932 3025 3987 καὶ
3101 3926 3424 4001 ἐπιϐούλου,
3511 3928 3776 3985 τοιαύτας

344 4021 647 4098 τραγῳδίας
721 4029 1180 4094 σκηνοποιοῦντος
1271 4023 1359 4081 ἐπὶ
1433 4023 1660 4100 θεάτρου
1757 4023 2156 4096 πολυπληθοῦς
2223 4024 2251 4078 ?
2363 4016 2408 4076 ὦ
2469 4019 2906 4096 ἀντιφερομένων
2983 4019 3202 4095 ἐρώτων
3307 4017 3388 4074 ἐπ’
3464 4016 3619 4090 ἂθλῳ
3692 4014 3777 4104 ἐν]

348 4109 657 4183 ἐπιλήπτου
688 4116 779 4168 καὶ
818 4114 1238 4190 σώφρονος,καὶ
1271 4117 1368 4168 τοῦ
1447 4112 1541 4188 μὲν
1619 4110 1701 4168 ἐπ’
1769 4113 1983 4189 ἄθεροις
2058 4108 2307 4173 λέκτδοίς
2411 4111 2600 4180 σώζειν
2673 4107 2972 4178 ἐθέλοντος,
3047 4112 3144 4164 τοῦ
3219 4104 3278 4162 δὲ
3351 4106 3654 4182 φθάνοντος
3710 4109 3775 4161 το

345 4201 538 4279 οἷσχος
569 4203 660 4258 καὶ
707 4208 1024 4280 νεκροῦντος
1080 4203 1386 4278 καινότερον
1421 4203 1514 4258 καὶ
1565 4202 1723 4257 πάθει
1781 4203 1951 4266 πάθος
1983 4199 2388 4278 ἐκκρούοντοςί
2431 4203 2518 4274 [Ρ.
2551 4201 2642 4272 89]
2677 4200 2988 4276 Συνήραντο
3039 4194 3098 4252 δὲ
3152 4201 3270 4257 τοῖς
3324 4193 3629 4269 Ῥωμαίοις
3697 4193 3780 4258 είς

344 4292 444 4360 τὴν
519 4297 616 4347 τοῦ
690 4294 989 4369 Ζευγμίνου
1028 4291 1356 4365 ἐκπόρθησιν
1429 4294 1520 4347 καί
1596 4289 1694 4346 ούκ
1723 4289 1909 4368 ὀλίγοι
1980 4294 2088 4347 τῶν
2122 4285 2333 4362 ἔνδοηι,
2371 4291 2437 4347 τὰ
2508 4288 2794 4365 Ῥωμαίων
2823 4293 3141 4366 φρονοῦντες
3171 4287 3262 4342 καὶ
3335 4285 3402 4342 τά
3450 4286 3666 4341 τούτων
3701 4285 3780 4346 ὡς

345 4381 508 4460 εἶχογ
573 4379 946 4444 διανιστῶντες
993 4385 1334 4460 φρονήματα’
1395 4382 1549 4438 οὗτοι
1601 4381 1706 4456 γὰρ
1761 4380 2049 4456 ἀτράκτοις
2112 4377 2398 4456 ἀσιδήροις
2465 4374 2660 4457 βιϐλία
2724 4377 3101 4456 προσδέοντες.
3157 4377 3250 4432 καὶ
3289 4379 3455 4432 ταῦτα
3515 4376 3660 4448 πρὸς
3711 4376 3776 4431 τὸ

347 4453 657 4540 Ῥωμαϊκόν
736 4453 1046 4546 στράτευμα
1069 4453 1264 4534 νυκτὸς
1337 4453 1726 4542 ἐκτοξεύοντες,
1768 4453 2044 4545 παρίστων
2110 4467 2179 4525 δι’
2255 4453 2430 4526 αὐτῶν
2462 4453 2562 4525 δσα
2635 4489 2695 4524 τε
2769 4453 2824 4524 oi:
2899 4462 3166 4544 βάρϐαροι
3241 4461 3602 4521 ἐϐουλεύοντο
3680 4465 3779 4520 καὶ

351 4555 450 4625 ὅση
509 4559 716 4613 τούτων
769 4559 924 4634 ἰσχὺς
980 4560 1297 4634 ἀκμάζουσα
1343 4561 1432 4630 ἦν,
1467 4561 1662 4636 Ἥγετο
1724 4555 1782 4614 δὲ
1829 4562 1938 4614 τῶν
1988 4558 2234 4615 Παιόνων
2288 4582 2372 4624 τις
2434 4563 2734 4633 τηνικαῦτα
2789 4555 3153 4634 αἰχμάλωτος
3208 4552 3287 4610 ἔτι
3343 4561 3433 4610 τὸν
3491 4555 3770 4629 ἐγγώριον

349 4644 520 4704 πιλον
550 4645 637 4704 ἐπὶ
686 4648 930 4727 κεφαλῆς
988 4643 1133 4723 ἔχων
1174 4649 1263 4704 καὶ
1324 4650 1424 4720 τὴν
1480 4647 1684 4720 λοιπήν
1743 4644 2119 4727 ἠμφιεσμένος
2163 4651 2391 4726 πάτριον
2444 4649 2672 4722 στολήν.
2711 4646 2892 4704 Ἀλλὰ
2928 4650 3119 4702 τοῦτον
3148 4646 3425 4718 Ῥωμαῖός
3450 4665 3531 4706 τις
3561 4641 3768 4698 ἐπιπαο

350 4736 484 4815 ριὼν
515 4735 725 4814 σιδήρῳ
797 4736 1030 4808 πλήττει
1063 4741 1304 4808 θανατοῖ,
1379 4737 1558 4794 καὶτὸ
1587 4745 1687 4808 τῆς
1746 4737 1988 4816 κεφαλῆς
2053 4738 2260 4798 ἐκείνου
2300 4742 2476 4814 ἐαυτῷ
2551 4738 2860 4814 περιτίθησι
2932 4735 3222 4810 κάλυμμα,
3295 4733 3388 4788 καὶ
3460 4734 3527 4802 ἦν
3581 4731 3762 4786 ἀνύων

347 4829 549 4885 οὑτωσὶ
604 4831 734 4902 τὴνῖ
760 4825 905 4884 ὁδὸν.
937 4831 1048 4898 Τῆς
1113 4825 1170 4883 δὲ
1201 4825 1358 4898 δίκης
1426 4826 1765 4906 ἐφεπομένης
1803 4827 2000 4907 ἀψόφῳ
2056 4823 2277 4902 ἐμϐάδι,
2317 4829 2408 4885 καὶ
2438 4828 2469 4884 ὅ
2522 4826 2681 4901 ἃλλῳ
2709 4829 2932 4905 τέτευχε
2995 4825 3160 4881 κακὸν
3203 4823 3414 4878 τουτωῒ
3458 4821 3574 4876 καθ’
3631 4819 3767 4876 ἐαυ-

347 4923 448 4974 τοῦ
513 4916 875 4998 ἀγχωμάλως
929 4916 1390 4994 ἀναστρεφούσης,
1447 4916 1726 4996 ἐφίσταταί
1786 4917 1838 4972 οἱ
1892 4915 2206 4994 κομώτερος
2261 4916 2448 4996 ἕτερος
2503 4921 2739 4997 ξιφήρης
2829 4916 2890 4974 ἐκ
2967 4919 3075 4971 τῶν
3134 4913 3378 4978 ὄπισθεν.
3451 4911 3778 4987 Ῥωμαίων,

350 5012 439 5068 καὶ
471 5013 620 5068 παίει
648 5011 861 5087 καιρίαν
891 5009 1027 5065 κατά
1071 5013 1170 5064 τοῦ
1196 5006 1450 5072 τένοντος
1479 5008 1554 5070 ὡς
1586 5007 1816 5084 ζωγρίαν
1849 5005 2076 5082 Ηαίονα,
2109 5008 2200 5066 καὶ
2229 5015 2326 5066 τοῦ
2359 5015 2454 5086 ζῇν
2487 5008 2548 5065 ἐκ
2571 5013 2670 5065 τοῦ
2701 5005 2898 5082 σχεδὸν
2928 5004 3266 5080 μεθίστησιν.

2181 5098 2344 5160 Ἀλλ’
2392 5098 2538 5156 οὕτω
2581 5103 2676 5173 μὲν
2727 5095 2874 5153 έάλω
2923 5096 2988 5152 τὸ
3039 5092 3364 5171 Ζεύγμινον,
3415 5093 3492 5158 ὡς
3548 5091 3766 5169 ἐπιτρέ-

425 5123 740 5196 Zeugminc
771 5122 844 5178 ad
885 5120 1044 5177 hunc
1075 5121 1316 5176 modum
1347 5122 1538 5190 capto,
1579 5118 1894 5190 imperator
1937 5115 1999 5174 in

2106 5195 2278 5273 χοντά
2305 5213 2374 5268 με
2414 5190 2609 5264 εἰπεῖν,
2681 5189 2759 5264 μή
2816 5181 3223 5264 ἐμϐραδύνοννα
3274 5188 3399 5248 ταῖς
3445 5179 3764 5259 διηγήσεσι.

357 5213 503 5268 ﬁnes
535 5213 930 5295 Romanorum
959 5209 1229 5276 discedit,
1261 5207 1546 5266 avunculo
1577 5223 1682 5264 suo
1713 5206 1996 5262 Constan-

1669 5335 1864 5404 Hier.
1918 5328 2176 5403 Wolfii
2223 5327 2438 5395 notae.

431 5499 543 5578 (84)
603 5499 779 5578 Α-ύτὸς
819 5473 967 5578 ’τήν-⁸
998 5495 1316 5578 σφενδόνην.
1367 5499 1520 5578 _Cum
1589 5496 1758 5578 quid.
1787 5495 1974 5578 palan

2115 5495 2376 5578 teneam,
2395 5481 2754 5578 generaliter
2773 5481 2933 5578 hu‘p‘c
2953 5477 3152 5578 locpm
3167 5476 3766 5578 sum‘interpretatuis.

363 5550 782 5642 aestimans;
815 5550 2006 5642 amissi;eis‘asulmnfapsén’aneget
2038 5550 2078 5566 “
2185 5555 2302 5642 ςξδ)
2331 5550 2597 5630 ’ᾉβκλας
2626 5555 2758 5612 Non
2787 5551 3069 5609 abhorret
3098 5565 3132 5604 ἃ
3180 5553 3388 5604 nostro
3445 5550 3766 5608 νθτηδοιιιο

365 5630 790 5715 ignorationem
822 5643 1154 5710 cujusmodi
1185 5641 1457 5700 machina
1487 5630 1682 5710 fuerit,
1714 5657 1830 5698 non
1861 5630 2008 5697 satis
2117 5630 2332 5691 erkher.
