4066 6214
228 417 351 480 4ἿἸ

1297 416 1399 480 DE
1444 417 1810 480 MANUELE
1852 417 2231 480 COMNENO
2279 418 2431 481 LIB.
2477 420 2585 484 1V.

3531 428 3653 489 478

235 549 349 607 Καὶ
411 546 676 625 βασιλεὺς
734 546 932 635 ἐγεῖθεν
990 547 1366 620 ἀπονοστήσας
1420 549 1557 624 πρὸς
1637 549 1704 605 τὰ
1749 549 1892 605 Ῥω-

2015 549 2127 606 tino
2158 551 2378 622 Angelo
2434 520 2945 625 Philadelphi‘ense
2976 560 3033 612 et
3090 557 3304 617 Basilio
3335 561 3652 635 Tripsycho

245 638 427 714 μαίων
473 639 600 714 ὅρια
649 633 1016 711 μεταϐέϐηκε,
1064 638 1155 693 τὸν
1207 636 1265 692 δὲ
1314 639 1505 693 ἑαυτοῦ
1573 643 1742 702 θεῖον,
1809 639 1903 691 τὸν

242 730 354 785 ἆπὸ
387 725 797 806 Φιλαδελφείας
837 724 985 803 λέγω
1033 732 1439 784 Κωνσταντῖνον
1489 727 1580 782 τὸν
1610 725 1900 804 ⁹Αγγελον,

240 819 631 897 ἔπιτειχιστὴν
666 815 814 873 εἴασε
865 822 964 873 τοῦ
1003 817 1321 892 Ζευγμίνου,
1371 817 1464 871 σὺν
1514 816 1660 888 αὖτῷ
1710 812 1766 870 δὲ
1812 816 1902 870 καὶ

238 908 334 963 τὸν
374 908 663 983 Τρίψυχον
724 906 1032 962 Βασίλειον*
1086 907 1178 961 καὶ
1227 905 1377 962 οὗτοι
1430 906 1496 962 τὰ
1543 905 1904 980 ἐντεταλμένα

237 1002 606 1074 περατοῦντες
658 995 723 1051 τό
779 1017 839 1052 τε
896 995 1192 1072 Ζεῦγμινον
1247 996 1545 1071 ἠρτίωσαν,
1605 994 1725 1050 ὅσαι
1773 1015 1905 1050 κατ-

242 1087 551 1161 ηρείποντο
618 1087 835 1160 τύρσεις
893 1085 1355 1157 ἐπισκευάσαντες,
1419 1086 1505 1140 καὶ
1573 1090 1675 1154 τῆς
1724 1082 1903 1156 ἄλλης

245 1176 465 1251 ὁμοίως
514 1180 761 1255 φρουρᾶς
808 1180 1217 1253 πεφροντίκασι,
1264 1175 1356 1230 καὶ
1404 1175 1471 1229 τὰ
1517 1172 1571 1229 ἒν
1627 1171 1902 1248 Βελεγρά-

240 1264 364 1330 δοις
415 1266 693 1341 πολίχνια
749 1264 1015 1336 πλείστης
1066 1265 1199 1336 ὅσης
1254 1262 1573 1339 ὶπιμελείας
1638 1263 1901 1336 ἠξίωσαν.

233 1357 338 1411 Καὶ
404 1356 569 1411 αὐτὸν
630 1352 690 1409 δὲ
744 1355 838 1409 τὸν
907 1352 1067 1408 Νίσον
1128 1354 1338 1429 τείχεσι
1404 1347 1762 1427 περιέϐαλον,
1812 1352 1904 1407 καὶ

238 1448 349 1517 τὴν
410 1438 777 1521 Βρανίτζοόαν
832 1444 1153 1516 συνῴκισαν.
1216 1443 1315 1499 Καὶ
1390 1444 1459 1499 τὰ
1542 1441 1715 1499 λοιπά
1769 1442 1906 1517 πρὸς

236 1536 308 1591 τὸ
373 1534 432 1591 εὖ
486 1532 818 1607 διαθέμενοι,
878 1526 1002 1596 ἔνθα
1056 1531 1256 1609 διάγων
1309 1533 1377 1602 ἧν
1442 1530 1719 1607 βασιλεὺς,
1775 1529 1901 1611 ἄφίο

234 1642 429 1679 κοντο.
503 1622 677 1684 Οὗτος
736 1620 794 1677 δὲ
848 1621 942 1677 τὸν
1004 1623 1128 1677 Δεσὲ
1186 1620 1645 1695 μετελευσόμενος
1713 1620 1904 1676 ἑαυτοῦ

236 1714 541 1791 γενόμενον
571 1710 1007 1787 κακουργότερον
1031 1712 1133 1779 τὴν
1179 1710 1232 1773 ἐς
1285 1708 1510 1786 Σερϐίαν
1568 1708 1729 1785 ὣρμα
1775 1731 1902 1785 τραο

235 1803 458 1860 πέσθαι.
523 1799 685 1858 Ἀλλ’
751 1802 779 1856 ὁ
840 1802 968 1856 Δεσὲ
1016 1800 1107 1854 καὶ
1170 1795 1446 1876 πὸῥρωθεν
1504 1797 1779 1874 ἐπιτηρῶν
1837 1800 1903 1854 τὰ

2010 639 2082 695 ad
2114 639 2311 710 oppidi
2368 640 2849 699 instaurationem
2883 645 3137 713 relictis;
3199 650 3295 718 qui
3358 667 3472 705 non
3517 668 3653 722 pro-

2007 731 2217 784 stratae
2250 731 2418 785 modo
2450 736 2642 787 turres
2693 738 3017 804 caeteraque
3047 736 3292 791 aediﬁcia
3321 739 3649 795 refecerunt

2007 835 2072 874 ac
2104 819 2388 891 praesidiis
2422 822 2781 890 munierunt,
2820 824 2967 879 n78
3000 825 3100 879 sed
3131 830 3187 880 et
3230 826 3444 898 oppida
3476 828 3648 883 Belli-

2006 909 2315 981 gradiensa
2384 927 2592 981 magno
2651 912 2845 967 studio
2899 919 3271 979 curaverunt,
3329 931 3394 969 ac
3454 915 3648 985 ipsum

2005 996 2210 1053 Nisum
2243 998 2535 1054 moenibus
2587 999 3123 1069 circumdederunt,
3156 1008 3214 1058 et
3269 1003 3656 1060 Branizobam

2006 1085 2183 1142 ducta
2202 1087 2430 1142 colonia
2460 1089 2798 1160 caeterisque
2826 1090 2999 1146 rebus
3031 1091 3367 1148 constitutis
3426 1094 3495 1148 ad
3531 1093 3654 1150 im-

2004 1178 2326 1247 peratorem
2361 1177 2653 1233 abierunt.
2680 1178 2734 1234 Is
2768 1178 2972 1235 Desem
3009 1180 3267 1252 ultnrus,
3292 1182 3393 1254 qui
3443 1183 3656 1254 priori-

2004 1264 2118 1319 bus
2142 1264 2500 1321 facinoribus
2534 1266 2754 1337 majora
2804 1268 3026 1325 scelera
3056 1271 3367 1341 adjecerat,
3403 1272 3463 1326 in
3518 1272 3652 1327 Ser-

2002 1350 2157 1409 viam
2206 1351 2463 1408 intendit
2520 1355 2811 1410 animum.
2874 1356 2988 1411 Sed
3047 1357 3228 1413 Deses
3281 1357 3466 1414 multo
3525 1365 3659 1413 ante

2005 1440 2318 1497 observans
2374 1441 2517 1512 quid
2572 1453 2860 1513 ageretur,
2920 1448 2977 1500 et
3022 1444 3080 1502 id
3130 1447 3284 1517 quod
3365 1462 3459 1503 res
3534 1450 3660 1502 erat

2005 1530 2255 1586 maxime
2284 1530 2515 1598 timens,
2551 1548 2642 1602 ne,
2676 1533 2726 1589 si
2759 1533 3076 1605 imperator
3104 1535 3554 1607 impressionem
3588 1537 3648 1591 in

2005 1619 2265 1675 Serviam
2325 1620 2581 1688 fecisset,
2614 1621 2851 1693 gravius
2895 1622 3115 1693 aliquid
3162 1624 3273 1680 sibi
3332 1626 3655 1692 accederet,

2005 1723 2107 1780 per
2136 1708 2359 1780 legatos
2390 1710 2638 1780 supplex
2690 1710 2859 1782 petiit
2918 1717 2983 1766 ut
3041 1711 3449 1785 imperatorem
3506 1715 3653 1769 citra

2004 1796 2332 1868 periculum
2367 1798 2527 1853 adire
2557 1798 2773 1854 liceret.
2799 1799 2920 1863 Quo
2953 1801 3260 1872 impetrato
3293 1818 3422 1857 cum
3462 1806 3654 1857 satra-

240 1892 620 1967 πραττόμενα,
681 1889 919 1964 μάλιστα
976 1887 1024 1944 δ’
1108 1887 1244 1964 ὅπερ
1300 1892 1366 1958 ἦν
1422 1887 1627 1959 ἀληθὲς
1687 1885 1899 1960 δεδιὼς,

2015 1885 2137 1955 pice
2169 1884 2449 1941 comitatu
2482 1886 2737 1954 advenit,
2771 1889 2842 1942 ad
2876 1888 3289 1959 imperatorem
3321 1890 3659 1961 adducitur,

248 1983 331 2055 μή
388 2002 440 2035 τι
491 1976 661 2050 ἀηδὲς
711 1980 877 2043 πάθοι
930 1979 1021 2033 καὶ
1107 1979 1429 2033 ἀπευκταῖον
1492 1975 1763 2051 βασιλέως
1822 1977 1897 2039 εἷς

238 2072 346 2139 τήν
384 2068 581 2125 ἐαυτοῦ
632 2069 824 2148 χώραν
874 2062 1354 2142 παρεμϐαλόντος,
1399 2067 1618 2140 πέμψας
1670 2065 1747 2129 εἰς
1800 2066 1898 2141 βα-

232 2157 400 2214 σιλέα
443 2155 732 2226 ένδοθῆναί
782 2156 835 2210 οἱ
882 2154 1212 2220 καθικετεύει
1261 2157 1360 2225 τήν
1412 2155 1464 2217 ἐς
1513 2154 1671 2210 αὐτὸν
1718 2155 1900 2223 ἀπαθῆ

238 2245 452 2327 ἄφιξιν.
481 2252 570 2310 Ὠς
612 2246 705 2300 οὗν
755 2245 904 2321 εἶχεν
956 2244 986 2299 6'
1027 2240 1254 2319 ᾔτησεν,
1303 2244 1527 2323 ἀφίκετο
1573 2242 1899 2322 δορυφορίας

238 2334 504 2414 μετέχων
561 2340 922 2407 σατραπικῆς.
973 2333 1065 2389 καὶ
1105 2333 1182 2397 εἷς
1230 2335 1352 2397 θέαν
1408 2334 1487 2405 τῷ
1536 2331 1756 2408 βασιλεῖ
1801 2353 1900 2387 κα-

232 2425 451 2486 ταστᾶς
513 2424 578 2479 τὸ
633 2420 927 2501 δολιόφρον
982 2429 1084 2493 τῆς
1164 2423 1391 2497 γνώμης
1457 2420 1901 2492 κατονειδίζεται,

236 2516 344 2572 καὶ
401 2513 575 2577 οίῖτως
635 2513 711 2575 ὡς
765 2509 1030 2575 ἄσπονδος
1086 2512 1472 2584 ἀποπέμπεται
1575 2511 1680 2568 Καὶ
1737 2510 1901 2589 ἐγγὺς

244 2603 438 2661 ἐλθὼν
466 2606 568 2657 τοῦ
599 2599 983 2681 συλλλφθῆναι
1015 2599 1283 2677 διαφίεται
1314 2599 1481 2655 πάλιν
1515 2597 1703 2655 οἴκαδε
1732 2598 1905 2656 ἀπελ-

234 2698 386 2761 θεῖν,
413 2694 518 2762 τήν
546 2695 644 2747 τοῦ
669 2691 878 2767 τρόπου
910 2685 1223 2765 μεταϐολὴν
1254 2689 1344 2744 καὶ
1369 2689 1430 2744 τὸ
1465 2689 1661 2762 μηκέτι
1708 2689 1776 2744 τὰ
1827 2691 1903 2764 μὴ

236 2781 520 2839 δοκοῦντα
580 2778 800 2855 βασιλεῖ
856 2776 1273 2854 διαπράττεσθαι
1321 2774 1648 2856 φρικώδεσιν
1723 2778 1908 2853 ’ὀρκοις

242 2867 738 2945 ῗμπεδωσάμενος,
792 2868 889 2923 κᾶν
936 2868 1035 2923 οὐκ
1080 2869 1148 2938 ἦν
1206 2868 1297 2922 τὸν
1352 2863 1726 2942 χαμαιλέοντα
1770 2867 1909 2942 πρὸς

236 2960 351 3029 τὴν
398 2965 503 3028 τῆς
553 2955 815 3028 ἀληθείας
860 2951 1258 3029 μεταϐαλέσθαι
1307 2953 1614 3027 λευκότητα
1661 2954 1741 3033 ἐφ’
1790 2954 1906 3011 ἑτέ-

247 3069 350 3122 ραν
378 3052 554 3102 πᾶσαν
583 3047 780 3122 χροιὰν
824 3042 1023 3120 ῥᾳδίως
1080 3045 1515 3118 μετατιθέμενον.
1564 3044 1751 3117 Ἐξιὼν
1803 3045 1907 3121 γὰρ

2011 1973 2110 2045 qui
2141 1974 2409 2031 dolosum
2437 1974 2735 2040 ingenium
2768 1976 2819 2030 ei
2849 1978 3053 2047 objicit
3108 1986 3162 2032 et
3226 1996 3424 2050 pacem
3456 1984 3654 2048 negat.

2009 2070 2091 2121 Ac
2149 2081 2356 2136 parum
2416 2066 2604 2121 abfuit
2660 2067 2800 2137 quin
2874 2069 3487 2138 comprehenderetur,
3550 2070 3653 2123 sed

2009 2158 2206 2209 tamen
2235 2155 2475 2211 domum
2509 2155 2921 2226 redirejussus
2952 2162 3065 2226 est,
3093 2156 3463 2212 sanctissimo
3488 2158 3657 2227 jure-

2004 2243 2258 2315 jurando
2289 2244 2533 2302 adactus
2562 2261 2624 2300 se
2673 2245 2918 2300 mutatis
2952 2245 3212 2301 moribus
3272 2243 3417 2301 nihil
3448 2252 3656 2300 contra

2012 2333 2426 2404 imperatorem
2456 2334 3152 2407 admissurum,quamvls
3184 2335 3328 2391 satis
3356 2341 3662 2408 appareret

2014 2438 2147 2479 eum
2179 2440 2211 2479 a
2242 2423 2465 2479 malitia
2496 2440 2608 2480 non
2640 2424 3041 2481 discessurum
3081 2442 3227 2481 esse.
3275 2428 3557 2492 Egressus
3590 2424 3661 2479 ab

2014 2513 2363 2586 imperatore
2392 2513 2568 2569 variis
2617 2514 2777 2568 curis
2807 2515 3112 2569 aestuabat.
3146 2514 3411 2569 Pudebat
3468 2529 3662 2568 acces-

2014 2601 2554 2667 cisse,irascebatur
2584 2603 2664 2657 ita
2690 2619 2752 2658 se
2784 2607 3092 2657 tractatum
3126 2604 3660 2673 esse,jurejurando

2016 2707 2078 2747 se
2109 2689 2264 2746 velut
2288 2691 2347 2746 in
2378 2690 2641 2748 ordinem
2675 2697 2938 2748 coactum
2959 2707 3086 2748 esse
3108 2690 3362 2749 dolebat.
3394 2692 3659 2764 Denique

2017 2778 2638 2852 repudiatisomnibus
2672 2782 2825 2836 I79
2888 2797 3014 2853 quae
3073 2784 3278 2835 contra
3334 2781 3516 2836 animi
3568 2783 3663 2837 sui

2016 2868 2364 2924 sententiam
2389 2869 2647 2941 jurarat,
2678 2869 2914 2942 vulpina
2972 2868 3119 2940 pelle
3151 2874 3454 2942 resumpta
3491 2871 3666 2942 tragi-

2017 2971 2151 3012 cum
2204 2955 2350 3012 illud
2408 2958 2583 3015 homo
2643 2959 2929 3015 barbarus
2983 2957 3363 3014 collaudavit:
3397 2980 3426 3009 ‹‹
3464 2959 3667 3015 Juravi

2018 3044 2243 3119 lingua,
2277 3052 2535 3103 mentem
2569 3049 2887 3120 injuratam
2920 3064 3076 3121 gero.
3108 3069 3137 3098 ››

243 3137 357 3194 ἀπὸ
417 3136 718 3207 προσώπου
782 3138 881 3190 τοῦ
940 3132 1214 3210 βασιλέως
1279 3131 1519 3197 πολλοῖς
1575 3134 1687 3206 ἅμα
1743 3134 1843 3203 τὴν
1911 3135 2096 3208 ψυχὴν
2152 3133 2431 3211 ἐμερίζετο
2487 3137 2730 3200 πάθεσιν.
2794 3137 3093 3215 ᾚσχύνετο
3152 3134 3234 3213 ἐφ’
3299 3138 3388 3199 οἷς
3442 3141 3522 3209 τῷ
3570 3139 3668 3212 βα-

238 3226 395 3283 σιλεῖ
452 3225 890 3301 προσελήλυθεν,
931 3223 1200 3301 ὠργίζετο
1256 3224 1330 3278 ὧν
1386 3220 1539 3279 ’ἑνεκα
1593 3222 1877 3294 πέπονθεν,
1938 3222 2254 3279 ἐπαθαίνετο
2313 3226 2403 3286 οἷς
2459 3225 2553 3288 τὰς
2621 3233 2735 3296 τῆς.
2764 3226 2995 3299 γνώμης
3072 3226 3451 3301 παρεκτροπὰς
3510 3229 3672 3302 θριγ-

238 3317 398 3394 γίοις
454 3313 632 3389 ίἕρπων
705 3314 881 3385 ἑαυτῷ
928 3310 1251 3390 ἐπετείχισε.
1291 3311 1460 3374 Τέλος
1521 3308 1599 3380 δὲ,
1668 3309 1767 3366 ὅσα
1830 3312 2118 3385 ὁμωμόκει
2181 3318 2261 3386 τῷ
2318 3312 2534 3388 βασιλεῖ
2588 3316 2687 3385 τὴν
2752 3315 2952 3371 οἰκείαν
3020 3316 3382 3392 ἀποκρύπτων
3440 3319 3663 3391 γνώμην

237 3405 339 3461 καὶ
402 3403 675 3471 συνέθετο,
733 3401 1243 3475 κατανωτισάμενος
1299 3402 1400 3471 τὴν
1485 3402 1691 3472 συνήθη
1778 3397 2093 3474 παρδαλέην
2173 3403 2345 3474 ἑαυτῷ
2423 3404 2752 3478 περιτίθησι,
2817 3406 2880 3461 τὸ
2946 3409 3043 3461 τοῦ
3104 3404 3389 3483 τραγῳδοῦ
3447 3406 3474 3461 6
3537 3405 3670 3480 βάρ-

246 3489 418 3565 ϐαρος
450 3490 656 3555 ἒκεῖνος
686 3490 971 3553 ἐπαινέσας
997 3488 1249 3565 ἄντικρυς
1278 3489 1369 3545 καὶ
1401 3490 1588 3545 εἰπών’
1624 3514 1653 3543 ιι
1684 3490 1749 3546 ’Π
1773 3488 1979 3566 γλῶσσ’
2008 3490 2296 3570 ὁμώμοχ’,
2328 3494 2361 3561 ἡ
2388 3489 2445 3548 δὲ
2471 3495 2615 3568 φρὴν
2655 3494 2960 3568 ἀνώμοτος.
2996 3518 3026 3546 ››

328 3582 378 3639 δ’
409 3584 516 3641 Καὶ
578 3582 699 3658 εἶχε
751 3582 849 3655 μὲν
893 3579 1036 3636 οὕτω
1092 3584 1279 3636 ταῦτα·
1334 3583 1502 3655 μήπω
1552 3577 1609 3635 δὲ
1652 3582 1908 3656 γεννήσας

2097 3584 2149 3640 4.
2185 3586 2506 3655 Imperator
2533 3602 2666 3643 vero
2699 3589 2961 3643 nondum
2994 3592 3269 3658 suscepto
3293 3587 3435 3656 ﬂlio,
3466 3603 3672 3643 omnes

249 3678 280 3732 6
320 3676 592 3744 Μανουὴλ
646 3674 788 3743 υἱὸν,
849 3670 975 3729 ἀλλ’
1030 3672 1117 3728 ἐπὶ
1171 3676 1239 3746 τῇ
1300 3673 1524 3748 θυγατρὶ
1583 3672 1780 3748 Μαρίᾳ,
1842 3671 1906 3741 ἢν

254 3765 409 3836 αὖτῷ
465 3767 502 3834 ἡ
562 3763 612 3834 ἐξ
674 3762 1002 3836 Ἀλαμανῶν
1059 3761 1312 3817 ἀπέτεκεν
1390 3760 1614 3838 ἄλογος,
1672 3761 1765 3824 τὰς
1812 3764 1910 3816 τοῦ

247 3855 449 3930 γένους
508 3852 755 3908 σαλεύων
819 3848 1105 3927 διαδοχὰς,
1154 3850 1339 3927 ὅρκοις
1393 3851 1597 3914 πάντας
1655 3871 1913 3906 κατενεπ-

247 3944 429 4003 έδωσε
464 3943 605 4016 μετᾶ
625 3943 718 3997 τὸν
773 3940 941 3997 αὐτοῦ
993 3942 1162 4017 μόρον
1214 3942 1386 4013 αὐτήν
1433 3961 1492 3997 τε
1541 3941 1640 4010 τὴν
1693 3940 1909 4015 Μαρίαν

249 4035 469 4091 καὶτὸν
511 4032 797 4108 μνήστορα
854 4028 1059 4101 ταότης
1109 4028 1375 4101 Ἀλέξιον,
1425 4029 1506 4100 ὅς,
1560 4030 1635 4094 ὡς
1682 4029 1917 4103 εἰρήκει-

255 4144 380 4197 μεν,
411 4120 467 4194 ἐξ
499 4118 782 4194 Οὐγγρίας
816 4118 1072 4193 ὥρμητο,
1113 4116 1502 4193 κληρονόμους
1553 4120 1653 4186 τῆς
1709 4116 1913 4180 οἰκείας

256 4213 407 4288 ἔχειν
436 4210 619 4286 ἀρχῆς
660 4209 754 4263 καὶ
784 4208 860 4272 ὡς
906 4207 1196 4281 Ῥωμαίων
1245 4206 1397 4277 ἃναξι
1456 4206 1604 4285 σφίσι
1658 4208 1914 4262 καθυπεί-

256 4324 373 4358 κειν
432 4300 524 4355 καὶ
586 4303 933 4374 προσκυνεῖν.
997 4298 1162 4361 Ἔνθα
1219 4297 1275 4351 b't
1337 4297 1433 4371 μὲν
1488 4294 1656 4353 ἄλλοι
1720 4300 1917 4359 πάντες

258 4398 384 4455 τοῖς
417 4388 887 4465 ἔπιτετραμμένος
930 4386 1262 4457 ὑπέκυπτον,
1292 4386 1384 4442 καὶ
1422 4387 1552 4449 τοὺς
1599 4385 1795 4462 ὅρκους
1846 4386 1919 4447 ὼς

262 4483 293 4537 6
340 4484 560 4557 κρατῶν
606 4476 849 4534 ἐκέλευεν
886 4473 1225 4532 ἀπεδίδοσαν·
1278 4477 1441 4550 μόνος
1493 4473 1540 4529 δ’
1580 4476 1646 4545 ἦν
1692 4472 1922 4530 ὀιποδυσ-

267 4576 449 4628 πετῶν
479 4565 849 4642 ⁹Ανδρόνικος,
900 4567 1116 4647 φάσκων
1169 4567 1243 4630 ὡς
1292 4566 1319 4620 6
1372 4563 1627 4639 βασιλεὺς
1672 4564 1748 4626 εἷς
1797 4561 1920 4620 δευ-

266 4664 463 4738 τέρους
524 4654 826 4718 ἀποκλίνας
883 4655 1093 4733 γάμους
1148 4653 1569 4731 ἀῤῥενοτοκήσει
1628 4650 1919 4724 δήπουθεν,

262 4752 353 4808 καὶ
407 4744 807 4819 πιστουμένους
852 4747 1000 4819 ἡμᾶς
1043 4748 1123 4816 τῷ
1183 4744 1388 4819 ὑστέρῳ
1432 4743 1578 4817 τόκῳ
1622 4746 1720 4798 τοῦ
1767 4743 1919 4819 βασι-

265 4842 407 4905 λέως
454 4838 525 4893 τὰ
582 4842 682 4905 τῆς
734 4834 916 4911 ἀρχῆς
965 4830 1035 4888 δι’
1081 4835 1256 4909 ὅρκων
1304 4832 1550 4888 ἐσέπειτα
1596 4831 1805 4908 ἀνάγκη
1849 4836 1919 4907 τῇ

266 4927 496 5006 θυγατρὶ
553 4924 753 4999 ἀρτίως
804 4920 965 4999 δρκια
1031 4919 1277 4983 διδόντας
1339 4920 1758 5006 μὴᾼεύορκεῖν.
1822 4920 1920 4975 Καί

265 5004 457 5079 ἄλλως
514 5011 573 5069 δὲ
623 5012 706 5075 τίς
753 5014 787 5082 ἡ
845 5015 925 5084 τῷ
971 5011 1187 5087 βασιλεῖ
1231 5004 1577 5080 θεοϐλάϐεια,
1623 5010 1701 5073 ὡς
1749 5010 1923 5066 πάντα

274 5109 371 5182 μὶν
399 5106 685 5178 Ῥωμαῖον
720 5104 816 5157 τοῦ
855 5100 1145 5175 θυγατρίου
1171 5098 1373 5176 κρίνειν
1421 5097 1780 5177 ἀπόλεκτρον,
1828 5100 1921 5155 τὸν

269 5195 315 5253 δ’
365 5194 646 5270 ἀλλογενῆ
694 5189 785 5246 καὶ
836 5191 1248 5266 παρέγγραπτον
1297 5190 1513 5246 τουτονὶ
1563 5188 1639 5253 εἷς
1715 5185 1922 5254 ὄνειδος

267 5285 568 5361 Ῥωμαίοις
627 5279 917 5355 Ῥωμαίων
989 5277 1296 5353 βασιλεύειν
1375 5278 1762 5356 προκεκρίσθαι
1832 5280 1924 5335 καὶ

2012 3674 2392 3744 jurejurando
2443 3676 2635 3746 adegit
2666 3692 2728 3733 se
2773 3681 2906 3750 post
2961 3678 3146 3748 ipsius
3202 3676 3427 3733 obitum
3476 3676 3667 3732 Mariae

2016 3761 2149 3817 filiae
2180 3778 2251 3817 ex
2278 3761 2600 3819 Alamanna
2621 3770 2933 3835 procreata
2964 3766 3211 3836 ejusque
3241 3765 3448 3820 marito
3464 3763 3661 3821 Alexio

2017 3850 2313 3923 Hungaro,
2346 3857 2408 3907 ut
2440 3853 2830 3910 Romanorum
2864 3854 3474 3924 imperatoribus,cum
3509 3872 3671 3911 sum-

2020 3956 2116 3995 ma
2173 3942 2539 3997 observantia
2569 3942 3093 4014 obtemperaturos.
3139 3943 3285 4000 Huic
3324 3943 3513 3999 edicto
3563 3960 3665 4015 pa-

2021 4034 2264 4085 ruerunt
2290 4031 2479 4085 caeteri
2515 4035 2722 4101 praeter
2752 4032 3149 4087 Andronicum
3179 4051 3194 4100 ;
3227 4033 3329 4101 qui
3376 4032 3578 4102 iniquo
3609 4032 3668 4087 id

2021 4117 2217 4174 animo
2254 4118 2468 4187 ferens,
2503 4120 2735 4176 dicebat
2758 4121 3165 4192 imperatorem
3202 4120 3461 4177 secunda
3493 4138 3671 4176 uxore

2023 4208 2194 4264 ducta
2227 4225 2447 4264 marem
2525 4208 2730 4281 utique
2777 4215 3244 4282 procreaturum,
3277 4208 3370 4265 cui
3409 4210 3456 4265 si
3478 4210 3673 4280 jusju-

2023 4297 2274 4352 randum
2292 4296 2483 4353 daturi
2506 4298 3144 4368 essentjusjurandum
3178 4298 3507 4368 Mariaajam
3533 4298 3672 4353 dan-

2024 4386 2161 4441 dum
2200 4385 2401 4458 utique
2431 4387 2553 4442 fore
2586 4386 2843 4442 irritum.
2878 4386 3098 4442 Deinde
3125 4387 3212 4441 ira
3250 4386 3522 4443 Numinis
3554 4388 3671 4443 Im-

2026 4473 2261 4548 pulsum
2293 4475 2469 4532 videri
2500 4475 2936 4547 imperatorem,
2960 4476 3058 4548 qui
3095 4476 3372 4532 omnibus
3400 4477 3675 4532 Romanis

2027 4564 2345 4637 repudiatis
2361 4563 2746 4632 alienigenam
2779 4575 2829 4619 et
2865 4565 3182 4621 ascititium
3209 4567 3386 4621 istum
3405 4567 3538 4622 lilia:
3553 4584 3679 4621 ma-

2027 4654 2202 4709 ritum
2226 4659 2282 4709 et
2314 4654 2542 4725 imperii
2566 4670 2957 4711 successorem
2991 4671 3119 4711 cum
3135 4661 3534 4713 Romanorum
3552 4673 3681 4713 om-

2028 4742 2192 4799 nium
2208 4743 2564 4800 contumelia
2577 4743 2996 4817 delegerit.Sed
3012 4744 3157 4800 nihil
3172 4744 3263 4801 his
3280 4746 3471 4802 verbis
3486 4751 3681 4802 motus

2029 4836 2118 4887 est
2138 4831 2550 4903 imperator,ut
2578 4830 2838 4888 hominis
2870 4834 3259 4889 adversatoris
3290 4838 3348 4889 et
3377 4839 3681 4889 contuma-

1954 4946 1999 5010 ο
2031 4922 2132 4977 eis.
2169 4921 2414 4985 Quidam
2444 4926 2640 4977 tamen
2668 4922 2804 4977 dato
2824 4922 3208 4993 jurejurando
3238 4923 3570 4976 Andronico
3589 4937 3677 5010 as-

2031 5011 2190 5069 sensi
2222 5010 2374 5067 180
2390 5010 2738 5067 sententiam
2752 5027 2922 5066 suam
2939 5011 3136 5067 statim
3155 5009 3453 5081 protuleru
3466 5012 3558 5062 nt:
3581 5006 3679 5062 alii

2033 5102 2339 5160 sententiae
2387 5101 2639 5156 dictione
2679 5100 2922 5165 omissa,
2974 5099 3344 5153 vehementer
3371 5096 3684 5151 contende-

2035 5198 2173 5250 runt
2203 5207 2385 5264 neque
2420 5190 2787 5263 imperatoris
2811 5188 2944 5243 ﬁlia:
2977 5202 3165 5258 neque
3197 5185 3463 5239 Romanae
3489 5183 3684 5254 reipu-

2036 5281 2200 5338 blicae
2231 5280 2500 5352 expedire
2531 5276 2826 5332 hominem
2848 5274 3235 5344 alienigenam
3271 5287 3466 5328 rerum
3487 5271 3682 5344 potiri.

275 5357 685 5454 ὑπερκαθῆσθαι
754 5368 901 5426 ὅλων
946 5369 1021 5432 ὡς
1067 5368 1303 5444 κύριονς
1353 5367 1513 5426 Ἀλλ*
1560 5370 1663 5425 οὐκ
1710 5371 1835 5449 εἶχε
1883 5368 2040 5443 λέξας
2086 5370 2154 5425 τὰ
2204 5367 2420 5443 χρηστὰ
2468 5363 2637 5419 ταῦτα
2681 5363 2775 5454 τὸν
2829 5357 3445 5454 βασιλέαπειθόμενον,
3481 5359 3686 5454 ⁸ιῖιθερι-

276 5448 435 5541 ζοντα
496 5467 566 5522 τὰ
629 5462 905 5538 λεγόμενα
962 5460 1036 5522 ὡς
1102 5458 1297 5536 ἀνδρὸς
1364 5448 1803 5535 ἀυτιδοξοῧντοςί
1836 5461 1924 5515 καὶ
1994 5458 2479 5535 ἱσχυρογνώμονος
2529 5452 2909 5541 τερεντίσματα.
2971 5451 3094 5507 Εἰσὶ
3150 5448 3201 5541 δ’
3254 5450 3308 5506 οἳ
3370 5451 3513 5541 μετά,
3557 5451 3687 5516 τοὺς

278 5538 472 5637 ἐριους
506 5550 841 5629 Ἀνδρονίκῳ
896 5549 1148 5628 γεγόνασι
1210 5550 1521 5625 σύμψηφοι,
1571 5550 1689 5637 καὶ,
1725 5550 1777 5604 οἱ
1837 5549 1934 5623 μὲν
1992 5548 2217 5637 αὐτόθεν
2272 5546 2336 5600 τὸ
2395 5541 2599 5637 δοκοῖίν.
2630 5540 3003 5637 ἀπεφήναντο,
3043 5540 3099 5595 οἷ’
3140 5538 3205 5637 δὲ
3259 5541 3351 5637 καὶ
3393 5541 3456 5637 τὸ
3506 5540 3686 5637 λέγειν

276 5628 495 5732 ἇέέντες
545 5628 916 5717 ἀγωνιστικῶς
982 5638 1398 5712 μετισκεύασαυ,
1455 5639 1583 5712 μήθ’
1649 5636 1797 5700 ὅλως
1852 5642 1919 5711 τῇ
1978 5636 2204 5713 θυγατρῖ
2266 5638 2364 5690 τοῦ
2416 5628 2682 5708 βασιλέως
2744 5630 2883 5702 μήτε
2934 5638 3042 5705 μην
3098 5634 3179 5706 τῷ
3228 5635 3335 5688 τῶν
3395 5631 3685 5707 Ῥωμαίων
