4066 6214
268 397 393 461 481

1345 396 1443 455 DE
1486 391 1873 459 MANUELE
1915 394 2299 459 COMNENO
2339 390 2494 459 LIB.
2542 397 2646 459 IV.

3572 407 3690 468 482

258 535 355 589 καὶ
401 530 842 606 λογίζονταιτῷ
896 526 1229 603 Ἀνδρονίκῳ
1296 525 1544 603 δευτέρου
1601 526 1775 604 λόγου
1831 527 1921 582 καὶ

2050 528 2208 585 nibus
2238 535 2384 586 lotus
2416 530 2692 602 Philippa:
2721 548 2912 588 amore
2937 534 3338 602 inﬂammatus
3368 540 3521 597 182
3550 544 3695 611 (erat

263 623 520 697 πάρεργα
577 619 959 696 ἀνδροκτασίαι
1014 619 1104 673 καὶ
1164 616 1339 690 μάχαι
1395 618 1486 672 καὶ
1542 614 1782 691 πόλεμοι
1837 617 1927 671 καὶ

264 710 506 785 σάλπιγξ
559 712 782 785 ήχοῦσα
836 709 900 763 τὸ
956 705 1205 763 ἐνυάλιον
1277 705 1473 780 Δεῖμός
1534 726 1594 761 τε
1660 701 1842 770 Φόϐος
1874 726 1931 761 τε

264 802 364 856 καὶ
422 800 600 874 Ἄρης
660 795 1043 875 βροτολοιγὸς,
1100 795 1189 851 καὶ
1248 789 1376 873 ἔργα
1442 795 1687 869 πολέμια
1739 817 1931 873 παρω-

264 891 512 963 σάμενος
575 888 644 944 τὰ
708 890 809 953 τῆς
876 882 1206 962 Ἀφροδίτης
1267 884 1501 958 μέτεισιν
1561 880 1740 962 ὄργια.
1780 886 1843 942 Ἡ
1877 881 1933 939 δέ

263 978 503 1048 Ἑλένην
543 978 639 1051 μὲν
679 976 787 1050 οὐχ
836 971 1165 1044 ὑποϐάλλει,
1207 970 1321 1030 οὐδ’
1370 976 1485 1028 οῖον
1532 975 1620 1028 ὑπ’
1669 973 1795 1048 ὄψιν
1826 995 1931 1029 πα-

268 1067 497 1142 ρίστησι
536 1067 652 1130 καθ’
697 1062 943 1123 Ἑλλάδα
996 1063 1084 1119 καὶ
1138 1065 1299 1136 μέσον
1330 1065 1561 1139 ’Ἄργους
1589 1063 1687 1131 τήν
1721 1060 1931 1132 οῖκησιν

265 1152 534 1231 ἔχουσαν,
576 1155 667 1209 καὶ
707 1152 893 1229 διαχεῖ
943 1175 1022 1225 τῳ
1079 1150 1297 1221 κάλλει,
1354 1153 1441 1206 καὶ
1504 1149 1745 1225 ἐκμαίνει
1797 1152 1933 1227 πρὸς

268 1243 480 1321 ἔρωτα,
510 1243 604 1299 καὶ
656 1241 881 1317 πηγνύει
942 1243 1175 1318 σκάφην,
1235 1241 1325 1295 καὶ
1378 1240 1650 1317 ναύαρχον
1685 1238 1936 1317 ἐφίστησι

2041 634 2104 705 ea
2137 619 2395 675 Petebini
2427 620 2769 677 Antiocheni
2804 623 3078 690 ﬁlia,soro
3109 626 3233 696 ejus
3272 645 3436 697 quam
3461 631 3693 689 Manucl

2040 710 2346 778 lmperator
2381 725 2497 766 non
2553 710 2627 765 ita
2659 710 2879 781 pridem
2930 714 3212 785 duxerat),
3246 723 3295 770 et
3327 719 3691 775 Antiochiam

2041 797 2323 868 prolectus
2388 797 2907 867 pulcherrimorum
2949 806 3005 857 et
3048 804 3539 861 ornatissimorum
3590 810 3689 878 ju-

2040 901 2252 942 venum
2304 888 2578 942 comitatu
2636 894 2694 943 et
2740 891 3053 959 exquisiliae
3107 892 3399 963 elegantias
3459 898 3691 976 vestitu,

2043 989 2151 1043 quo
2182 975 2466 1031 naturalis
2497 976 2699 1033 forma
2757 980 3005 1048 dignitas
3032 987 3089 1036 et
3118 986 3349 1038 staturae
3380 975 3692 1051 proceritas

2042 1064 2550 1134 condecorabatur,
2606 1067 2905 1124 mulierem
2936 1069 3013 1124 ita
3044 1071 3102 1125 in
3156 1071 3244 1126 sui
3285 1089 3534 1127 amorem
3567 1076 3693 1144 pel-

2046 1151 2187 1219 licit,
2243 1157 2304 1207 ut
2355 1159 2658 1226 parentum
2709 1163 2763 1212 et
2817 1159 3015 1227 patriae
3070 1159 3248 1215 oblita
3297 1164 3494 1217 mutuo
3540 1164 3698 1221 illius

2048 1260 2241 1300 amore
2280 1248 2561 1313 ﬂagraret.

270 1332 583 1408 Φέρεκλον,
644 1331 705 1387 ἐκ
762 1331 1020 1408 γειτόνων
1069 1327 1127 1384 δέ
1180 1331 1237 1384 δν
1295 1330 1358 1384 τὸ
1415 1335 1516 1398 τῆς
1566 1326 1849 1391 Φιλίπποις
1892 1326 2031 1392 εἶδος
2082 1331 2487 1411 καθυπογράιρει
2541 1332 2630 1387 καὶ
2692 1334 3051 1409 μαστροπεύει
3107 1340 3186 1408 τῷ
3241 1334 3504 1412 δυσέρωτι
3572 1341 3697 1397 Ἀν-

273 1421 540 1497 δρονίκῳ*
599 1420 664 1495 ᾖν
724 1421 827 1495 γὰρ
883 1420 934 1490 ἐξ
973 1419 1144 1484 ἀκοῆς
1211 1416 1618 1492 ἐρωτόληπτος.
1679 1419 1867 1481 Ῥίὼας
1934 1420 2024 1473 οὗν
2078 1419 2177 1487 τὴν
2241 1418 2442 1476 ἀσπίδα
2508 1422 2597 1478 καὶ
2663 1423 2725 1477 τὸ
2785 1424 2980 1496 κράνος
3020 1421 3441 1501 ἀποϐαλόμενος
3480 1430 3695 1484 καὶτὸν

276 1514 416 1567 ὅλον
447 1511 785 1585 στρατιώτην
826 1509 1258 1582 ἀποσεισάμενος
1297 1508 1433 1582 πρὸς
1485 1509 1585 1577 τήν
1646 1505 1929 1583 ἐρωμένην
1974 1505 2277 1582 αὒτομολεῖ
2334 1508 2493 1565 οὖσαν
2544 1514 2680 1566 κατὰ
2710 1511 2872 1567 πόλιν
2904 1515 3003 1582 τήν
3040 1516 3394 1593 Ἀντιόχειαν.
3422 1524 3592 1582 "Even
3625 1516 3693 1588 δὴ

267 1601 536 1678 γεγονὼς,
597 1599 685 1654 καὶ
737 1600 839 1669 τήν
897 1599 1151 1673 Ἐρώτων
1192 1596 1422 1673 ἀγλαΐαν
1482 1602 1584 1665 τῆς
1634 1597 1831 1673 ’Ἄρεος
1898 1605 2094 1668 σκευῆς
2150 1596 2534 1673 ἂνθελόμενος,
2607 1602 2766 1674 μόνον
2838 1603 2937 1657 οὐκ
2993 1599 3185 1673 ἔξαινεν
3244 1603 3362 1678 ἔρια
3409 1603 3523 1660 οὐδ’
3562 1608 3698 1678 ἱστῷ

265 1695 607 1766 προσανεῖχε
660 1689 748 1743 καὶ
801 1692 1027 1762 συνῇρεν
1068 1685 1342 1757 ἠλάκατα,
1402 1686 1478 1749 ὡς
1536 1684 1794 1764 Ὀμφάλῃ
1846 1686 1973 1761 πρὶν
2037 1685 2318 1761 Ἡρακλῆς
2375 1691 2444 1762 τῇ
2505 1688 2763 1759 Φιλίππᾳ
2821 1688 3118 1749 δουλεύων.
3170 1692 3228 1747 ἹΙ
3276 1692 3323 1746 δ’
3355 1693 3459 1765 ἄρα
3505 1694 3571 1763 ἦν
3599 1697 3699 1763 τῆς

268 1779 634 1859 συναφθείσης
672 1782 753 1851 τῷ
820 1777 1017 1833 τούτου
1074 1770 1356 1852 ἐξαδέλφῷ
1420 1778 1499 1846 τῷ
1542 1772 1762 1850 βασιλεῖ
1834 1774 2097 1845 Μανουήλ
2173 1776 2365 1851 πρώην
2444 1778 2599 1833 οὔπω
2673 1780 2813 1835 πάνυ
2891 1782 3157 1855 θυγατρὸς
3232 1787 3330 1837 τοῦ
3409 1778 3700 1839 Πετεϐίνου

281 1870 523 1949 ἀδελφή.
590 1869 698 1926 Καὶ
768 1870 795 1923 6
867 1868 960 1940 μὲν
1023 1868 1123 1930 τήν
1194 1864 1540 1943 Ἀντιόχειαν
1604 1859 1926 1920 καταλαϐὼν
2003 1872 2231 1944 τρυφαῖς
2298 1867 2548 1945 ἐκεχήνει
2624 1870 2714 1924 καὶ
2780 1868 3207 1945 καλλωπισμοῖς
3278 1871 3551 1927 ὑπελύττα
3614 1874 3704 1928 καὶ

282 1957 608 2039 δορυσόροις
675 1956 762 2012 ἐπ’
828 1957 1036 2031 ἀγυιῶν
1106 1955 1493 2030 ἀργυροτόξοις
1559 1952 1853 2026 ἐπόμπευε,
1920 1956 2021 2024 τήν
2087 1953 2309 2023 ἡλικίαν
2378 1956 2695 2029 εὐμηκεσιν,
2738 1956 2913 2031 tam?
2949 1980 3008 2013 τε
3045 1963 3250 2032 πρώτῳ
3291 1959 3689 2033 λαχνουμένοις

274 2049 374 2107 καὶ
415 2050 608 2122 κόμαις
674 2046 1139 2121 πυρσαινομένοις
1206 2044 1435 2114 ξανθαῖς,
1503 2044 1593 2097 καὶ
1648 2042 1716 2112 ἧν
1773 2042 2006 2098 ἐντεῦθεν
2076 2045 2255 2119 θηρῶν
2316 2052 2414 2115 τῆν
2480 2046 2811 2121 θηράσασαν.
2870 2048 2930 2115 ἣν
2988 2048 3078 2102 καὶ
3145 2049 3264 2122 εἶχε
3300 2055 3420 2110 ταῖς
3461 2049 3685 2112 οἰκείαις

267 2136 680 2214 ἐρωτοδέσμαις
737 2133 1193 2211 καταγοητεύσας.
1264 2129 1627 2209 Ἀνδρόνικος,
1692 2132 1783 2186 καὶ
1858 2133 1989 2206 ὅπερ
2056 2131 2337 2189 ἐπεπόνθει
2416 2139 2577 2190 τοῦτο
2644 2133 2841 2211 δράσας
2909 2134 3356 2212 φιλοτιμότερον,
3432 2135 3689 2192 πλουτῶν

252 2228 372 2302 ⁴μὲν
432 2227 524 2281 καὶ
600 2223 789 2285 ἄλλως
868 2220 1011 2284 εἶδος
1080 2223 1393 2297 ἀξιάγαστον
1461 2220 1551 2275 καὶ
1625 2221 1698 2283 ὡς
1775 2219 1926 2296 ἔρνος
2001 2219 2302 2277 ἀναϐαίνων
2376 2221 2649 2295 ἐλάτινον,
2723 2222 3062 2297 ἐπτοημένος
3122 2222 3179 2279 δὲ
3236 2224 3326 2279 καὶ
3401 2225 3525 2299 περὶ
3597 2228 3696 2290 τὰς

258 2314 535 2387 ἐξάλλους
612 2313 835 2381 στολάς,
901 2312 993 2366 καὶ
1056 2311 1265 2367 τούτων
1299 2311 1419 2365 ὅσαι
1488 2310 1611 2384 περὶ
1676 2309 1908 2385 γλουτὸν
1980 2310 2070 2367 καὶ
2141 2314 2353 2385 μηροὺς
2410 2308 2833 2371 καταϐαίνουσαι
2869 2311 3241 2389 διασχίζονται
3307 2315 3397 2368 καὶ
3430 2315 3548 2369 οἶόν
3590 2312 3696 2370 εἰσί

263 2428 391 2469 πως
451 2403 852 2483 συνυφασμέναι
909 2407 988 2475 τῷ
1042 2403 1278 2475 σώματι,
1332 2401 1421 2456 καὶ
1498 2406 1613 2462 τοῖς
1695 2398 1895 2466 ἄλλοις
1964 2407 2073 2456 τῶν
2145 2404 2407 2459 τοιούτων
2480 2406 2701 2479 ἡγεμὼν
2760 2405 3173 2477 καθιστάμενος.
3235 2405 3444 2462 Οὐκοῦν
3502 2406 3563 2460 τὸ
3599 2406 3695 2478 μέν

263 2496 545 2573 βλοσυρὸν
586 2493 924 2570 έκεχάλαστο
983 2491 1074 2547 καὶ
1130 2492 1193 2546 τὸ
1254 2490 1341 2546 ἐπὶ
1395 2491 1642 2553 συννοίας
1699 2490 1838 2546 εἶναι
1885 2489 1989 2559 ἀεὶ,
2039 2492 2129 2547 καὶ
2175 2494 2237 2548 τὸ
2292 2499 2389 2549 τοῦ
2436 2492 2605 2563 ἤθους
2637 2490 2896 2571 ἐμϐριθὲς
2926 2494 3016 2550 καὶ
3058 2496 3429 2570 φροντιστικὸν
3467 2492 3699 2550 ἐνδεδώ-

267 2607 383 2655 κει,
432 2584 522 2641 καὶ
575 2583 883 2641 ἐπισκύνιον
936 2583 964 2637 6
1013 2582 1116 2655 θὴρ
1176 2575 1499 2636 ἄπεϐάλετο⁶
1562 2582 1597 2649 ἠ
1640 2577 1697 2634 δὲ
1755 2580 1829 2641 ὡς
1888 2579 2034 2636 ἑάλω
2074 2582 2369 2658 κατάκρας,
2430 2585 2696 2659 ὑπέκυψεν
2729 2584 2805 2647 εἷς
2839 2583 3018 2653 εὐνὴν,
3055 2583 3215 2640 οἴκου
3246 2585 3423 2641 τεκαὶ
3466 2590 3697 2661 πατριᾶς

261 2674 587 2745 ἐπελάθετο,
619 2674 711 2729 καὶ
737 2676 835 2727 τοῦ
861 2670 1088 2747 ἐραστοῦ
1118 2670 1287 2739 αὐτῆς
1319 2668 1493 2724 ὀπίσω
1522 2669 2029 2742 κατηκολούθησεν.

338 2767 403 2823 Ὀ
439 2762 698 2840 βασιλεὺς
754 2760 812 2817 δὲ
858 2761 933 2823 ὡς
981 2764 1101 2821 τοῖς
1139 2759 1264 2834 περὶ
1293 2758 1490 2813 τούτου
1519 2753 1928 2835 κατεϐροντήθη

2111 2767 2231 2828 Qua
2262 2766 2413 2821 fama
2444 2768 2758 2836 imperator
2796 2783 2940 2837 pene
2963 2768 3250 2824 attonitus
3297 2769 3692 2826 Andronicum

261 2856 603 2928 ἀκούσμασι,
669 2855 869 2927 μικροῦ
933 2850 1024 2905 καὶ
1092 2850 1268 2913 ἐννεὸς
1322 2849 1391 2919 ἦν
1440 2849 1530 2902 καὶ
1578 2849 1716 2923 πρὸς
1763 2846 1927 2926 ἄμφω

268 2946 594 3019 μεμέριστο·
663 2942 752 2996 καὶ
819 2941 893 3002 ὡς
960 2937 1165 3015 ἐρῶντα
1240 2937 1341 3014 γᾶρ
1410 2936 1530 3013 ἔρον
1609 2935 1926 3015 ἀξύμφυλον

265 3034 362 3089 καὶ
440 3033 952 3108 ἀθεμιτογαμοῦντα
1025 3027 1294 3104 ἤχθραινε
1386 3026 1476 3082 τὸν
1554 3025 1928 3102 Ἀνδρόνικον,

262 3126 362 3179 καὶ
424 3122 499 3183 ὼς
541 3121 701 3177 αὐτὸν
766 3123 874 3174 τῶν
932 3118 1048 3173 κατ’
1107 3115 1407 3191 ’Λρμενίων
1457 3113 1696 3170 ἐλπίδων
1729 3116 1930 3189 ψευσάο

265 3234 435 3287 μενον
462 3205 758 3266 συλλαϐεῖν
789 3207 967 3279 ἐζήτει
1012 3205 1101 3262 καὶ
1163 3203 1314 3268 δίκας
1374 3204 1425 3276 ἐξ
1479 3203 1686 3260 ἐκείνου
1719 3200 1929 3260 λαϐεῖν.

265 3299 508 3358 Στέλλει
557 3298 742 3355 τοίνυν
798 3298 891 3352 τὸν
950 3290 1205 3350 σεϐαστὸν
1256 3297 1670 3351 Κωνσταντῖνον
1699 3293 1789 3349 τὸν
1819 3299 1934 3348 Κα-

266 3392 545 3465 λαμᾶνον,
603 3386 771 3462 ἄνδρα
826 3384 919 3441 καὶ
995 3382 1212 3457 τόλμης
1266 3380 1673 3458 λελογισμένης
1735 3384 1928 3457 μεστὸν

268 3482 363 3538 καὶ
438 3481 505 3534 τὸ
579 3482 822 3555 γενναῖον
902 3474 1236 3547 εὐτυχοῦντα
1309 3473 1595 3545 στάσιμον,
1670 3471 1761 3526 καὶ
1813 3477 1929 3535 τοῖς

269 3571 392 3626 κατ’
454 3567 745 3643 Ἀρμενίαν
815 3565 907 3638 μέν
973 3562 1402 3632 ἐπιστατήσοντα
1465 3562 1775 3638 πράγμασι,
1839 3560 1931 3617 καὶ

269 3665 342 3734 τῇ
375 3657 635 3728 Φιλίππᾳ
665 3657 751 3729 [Ρ.
784 3655 875 3727 92]
921 3650 967 3707 δ’
1025 3650 1177 3713 ὅπως
1203 3649 1497 3726 συναφθείη
1529 3650 1936 3725 πειραθησόμε-

267 3770 385 3804 νον.
416 3748 482 3805 Ὁ
514 3743 573 3801 δὲ
616 3745 684 3799 τὰ
736 3744 830 3817 μὶν
876 3746 1067 3817 πρῶτα
1120 3740 1196 3802 είς
1246 3740 1477 3816 νυμφίον
1509 3739 1695 3793 ἑαυτὸν
1730 3735 1937 3792 διευθε-

266 3843 462 3911 τήσας,
521 3839 611 3893 καὶ
675 3833 1132 3910 λαμπρυνάμενος
1188 3832 1262 3892 ὼς
1316 3830 1461 3896 εἰκὸς
1510 3829 1601 3885 καὶ
1650 3830 1765 3884 καθ’
1812 3829 1934 3884 ὅσον

269 3928 394 4004 ᾔδει
424 3931 540 4003 (8⁸1)
589 3928 688 3996 τὴν
734 3923 1026 4000 ἄρωμένην
1075 3917 1466 3997 ὑπαγαγέσθαι,
1510 3920 1610 3988 τὴν
1643 3918 1937 3997 Ἀντιόχου

282 4018 497 4075 εἴσεισι.
530 4018 803 4073 Τοσοῦτον
861 4010 920 4067 δέ
970 4011 1274 4085 προσέσχεν
1325 4007 1472 4080 αὐτῷ
1532 4006 1809 4077 Φιλίππα,
1849 4007 1939 4062 καὶ

283 4111 458 4170 οὕτως
509 4107 677 4175 αὐτὴν
740 4109 836 4161 τοῦ
898 4103 1168 4179 προτέρου
1232 4098 1521 4173 μετέθηκεν
1581 4095 1808 4173 ἔρωτος,
1860 4098 1936 4161 ὡς

284 4199 425 4275 μηδὲ
488 4197 811 4274 βλέμματος
864 4198 996 4270 γοῦν
1058 4188 1383 4267 μεταδρῦναι
1441 4189 1476 4259 ἢ
1545 4191 1938 4264 προσρήματος

277 4293 503 4361 ἀξιῶσαι
544 4289 636 4342 τὸν
686 4284 1044 4358 Καλαμᾶνον,
1090 4280 1304 4353 μᾶλλον
1348 4279 1440 4352 μὲν
1494 4277 1585 4334 οῦν
1636 4280 1724 4333 καὶ
1780 4298 1942 4354 προσ·

282 4376 541 4435 ονειδίσαι
572 4374 759 4449 τάνδρὶ
788 4375 851 4429 τὸ
900 4374 999 4442 τῆς
1057 4368 1281 4441 ἡλικίας
1341 4366 1545 4445 βραχὺ,
1574 4366 1665 4422 καὶ
1696 4365 1748 4428 ἐς
1779 4367 1941 4422 αὐτὸν

286 4470 617 4541 ἀποσκῶψαι
699 4465 790 4519 τὸν
857 4458 1232 4535 αὐτοκράτορα
1297 4455 1585 4524 Μανουήλ,
1655 4454 1700 4510 εί
1770 4452 1943 4517 οὕτως

286 4559 520 4633 ἀμαθῶς
548 4554 641 4610 καὶ
673 4554 883 4624 εὐήθως
915 4548 1083 4616 αὐτὴν
1119 4542 1266 4623 ἔχειν
1309 4544 1465 4617 ᾠήθη
1517 4544 1592 4608 ὼς
1635 4544 1947 4614 ἀποστατή-

282 4630 362 4702 cer
422 4647 522 4720 μὲν
583 4639 938 4717 ’Λνόρονίκου
994 4633 1129 4706 αὕτη
1198 4639 1296 4690 τοῦ
1354 4632 1650 4707 ἥρωος,οῦ
1688 4633 1752 4687 τὸ
1782 4630 1945 4695 κλέος

283 4717 434 4812 εὐρὺ-
472 4734 567 4790 καὶ
626 4732 688 4787 οὗ
723 4731 786 4786 τὸ
841 4727 999 4804 γένος
1057 4723 1224 4812 πολὸ,
1286 4717 1945 4812 προσκολληθήσεται-δὲ

282 4809 436 4901 ἀνδρὶ
485 4826 546 4885 ὃς
602 4822 667 4877 τὸ
708 4819 855 4895 γένος
908 4811 1306 4888 ἀπισϐεσμένος
1347 4810 1437 4866 καὶ
1467 4809 1597 4901 χθὶς
1628 4810 1718 4865 καὶ
1748 4809 1940 4885 πρώην

286 4915 329 4970 εἷ
382 4900 529 4969 ἐστιν
589 4912 737 4972 ὂΛως
794 4907 1135 4983 ἐγνώρισται.
1177 4901 1327 4959 Ἐπεὶ
1383 4903 1511 4974 γοῦν
1569 4900 1597 4954 6
1662 4905 1945 4955 Κώνσταν-

285 5009 430 5066 τῖνος
459 4999 789 5072 άδοξοῦντας
838 4994 998 5052 αὐτὸν
1029 4995 1142 5066 (88)
1174 4988 1317 5065 έώρα
1374 4989 1501 5052 τοὺς
1527 4991 1626 5054 τῆς
1656 4988 1941 5052 Φιλίππας

2042 2853 2198 2909 183
2231 2859 2289 2910 et
2321 2854 2392 2910 ob
2424 2854 2677 2911 incestos
2706 2872 2931 2912 amores
2951 2856 3170 2923 oderat,
3203 2865 3255 2913 et
3287 2873 3388 2928 spe
3414 2860 3699 2913 Armenias

2039 2938 2453 3007 recuperandae
2486 2938 2795 2994 frustratus
2847 2940 3329 3009 comprehensum
3363 2942 3610 2998 multare
3638 2942 3701 2998 in

2042 3026 2239 3081 animo
2271 3025 2534 3082 habebat.
2587 3026 2761 3082 Miltit
2787 3027 2965 3099 igitur
3020 3030 3344 3099 Augustum
3374 3031 3706 3087 Constanti-

2042 3132 2179 3171 num
2222 3115 2626 3183 Calamanum,
2662 3117 2850 3172 virum
2904 3117 3232 3186 cordatum,
3266 3121 3704 3189 magnanimum

2043 3210 2099 3259 et
2129 3209 2514 3271 constantem,
2568 3205 2665 3275 qui
2696 3210 2753 3261 et
2803 3206 3089 3261 Armenias
3133 3212 3402 3277 praeesset
3457 3211 3513 3264 et
3557 3207 3704 3263 Phi-

2043 3292 2282 3365 lippam,
2338 3294 2389 3349 si
2417 3300 2633 3366 posset,
2666 3297 2918 3351 duceret.
2952 3296 3003 3351 Is
3037 3295 3321 3367 principio
3374 3297 3574 3369 sponsi
3605 3313 3703 3355 or-

2043 3389 2182 3439 natu
2230 3387 2483 3454 sumpto,
2535 3384 2730 3454 itaque
2763 3388 3000 3455 paratus
3055 3389 3119 3439 ut
3166 3386 3490 3441 adamatam
3524 3386 3583 3442 in
3614 3386 3707 3442 sui

2045 3491 2301 3530 amorem
2370 3473 2683 3545 pellicerel,
2741 3475 3116 3532 Antiochiam
3166 3475 3504 3547 ingreditur.
3557 3478 3708 3533 Tan-

2045 3570 2169 3618 tum
2202 3572 2391 3620 autem
2425 3564 2610 3620 abfuit
2641 3567 2705 3619 ut
2744 3563 3014 3636 Philippa
3052 3564 3123 3620 ab
3156 3565 3472 3622 Andronici
3504 3582 3702 3622 amore

2046 3650 2412 3722 avelleretur,
2445 3658 2506 3707 at
2548 3652 2922 3708 Calamanum
2955 3668 3061 3708 nec
3113 3659 3351 3724 aspectu
3387 3669 3493 3709 nec
3527 3654 3707 3710 collo-

2048 3741 2185 3811 quio
2216 3742 2572 3811 dignaretur,
2608 3756 2675 3797 ac
2707 3740 2897 3811 potius
2938 3740 3278 3796 brevitatem
3312 3745 3545 3795 staturae
3578 3741 3703 3810 ejus

2047 3829 2313 3885 irriderct
2344 3848 2360 3898 ;
2401 3834 2573 3901 atque
2602 3829 2797 3901 ipsum
2830 3828 3243 3900 imperatorem
3296 3829 3702 3895 insectaretur,

2049 3918 2144 3989 qui
2204 3919 2398 3990 inepte
2429 3926 2651 3988 putaret
2689 3920 2900 3989 ipsam,
2949 3919 3221 3989 despecto
3260 3916 3475 3987 inciyto
3509 3924 3567 3974 et
3596 3935 3705 3974 no-

2049 4006 2336 4063 bilissimo
2393 4007 2565 4063 heroe
2613 4008 2956 4077 Andronico,
2997 4007 3049 4061 ei
3095 4012 3405 4078 nupturam
3453 4008 3551 4077 qui
3606 4006 3707 4063 ob-

2050 4112 2225 4151 scura
2254 4094 2476 4152 familia
2506 4103 2668 4151 ortus
2692 4112 2887 4167 nuper
2915 4096 3229 4151 admodum
3262 4095 3422 4150 nosci
3451 4095 3710 4165 coeperit.

2054 4189 2172 4240 Hoc
2202 4184 2290 4240 sui
2333 4190 2673 4255 contemptu
2732 4190 2790 4240 et
2837 4200 3035 4240 amore
3083 4183 3362 4256 Philippos
3412 4200 3546 4253 erga
3595 4191 3713 4240 An-

2054 4273 2361 4330 dronicum
2393 4276 2621 4344 cognito
2653 4274 2899 4330 Tarsum
2947 4274 3195 4330 discedit
3227 4290 3241 4341 ;
3275 4274 3711 4345 commissaque

2055 4379 2187 4418 cum
2218 4363 2509 4419 Armeniis
2541 4362 2733 4434 praelia
2764 4366 2951 4419 victus
2983 4371 3035 4418 et
3074 4371 3274 4433 captus
3304 4378 3510 4435 magna
3535 4379 3710 4433 pecu-

2056 4452 2149 4507 nia
2172 4451 2242 4509 ab
2258 4452 2607 4524 imperatore
2624 4451 3317 4508 redimitur.Andronicus
3339 4456 3533 4507 autem
3555 4450 3711 4507 184

2057 4540 2339 4598 Manuelis
2390 4541 2575 4597 minas
2608 4542 2848 4609 veritus,
2880 4556 2946 4597 ac
3009 4544 3278 4597 metuens
3309 4557 3382 4596 ne
3423 4539 3712 4612 Philippm

2055 4646 2312 4687 amorem
2371 4630 2613 4700 pristino
2670 4645 2893 4686 carcere
2953 4635 3012 4685 et
3082 4629 3375 4686 diuturnis
3431 4630 3710 4685 aerumnis

2056 4722 2463 4786 commularet,
2538 4718 2940 4791 Hierosolyma
2997 4735 3201 4776 versus
3257 4718 3368 4774 iter
3437 4719 3713 4785 intendit,

2055 4808 2191 4879 fuga
2220 4807 2291 4864 de
2323 4824 2481 4863 more
2498 4811 2730 4879 arrepta
2763 4826 2777 4876 ;
2806 4813 2863 4864 et
2894 4812 2959 4863 ut
2988 4807 3161 4865 homo
3184 4806 3713 4872 luxuriosissimus,

2052 4898 2411 4955 Theodoram
2442 4897 2645 4954 lsaacii
2693 4897 3179 4954 sebastocratoris
3213 4896 3391 4951 tiliam
3440 4895 3706 4958 incestat,

2054 4987 2323 5046 Bulduini
2370 4990 2592 5060 Franci,
2625 4988 2725 5060 qui
2781 4988 2888 5045 toti
2948 4987 3267 5044 Palaestina)
3298 4998 3482 5054 nuper
3527 4983 3707 5054 impe,

1681 5163 1849 5225 Hier.
1884 5162 2094 5226 Wolﬁi
2126 5170 2316 5227 notae.

291 5361 480 5417 laxata
508 5358 694 5414 vultus
746 5353 1038 5430 torvitate,
1054 5349 1325 5430 perpetua
1352 5341 1646 5430 seueritate
1681 5343 1948 5430 remissa,

292 5413 562 5501 ﬁliam
587 5442 808 5501 moram
853 5432 909 5479 et
936 5413 1317 5501 sollicitudine
1345 5422 1606 5501 seposita,
1636 5413 1950 5499 abiectoqae

290 5489 623 5576 ἓυρρνείιίο.
692 5498 955 5576 Ceterum
1010 5493 1138 5576 illa.
1179 5503 1407 5576 prqrgus
1437 5572 1454 5576 _
1468 5489 1948 5576 fgyfajpgiugiq

294 5556 555 5640 aitait-ei,
612 5556 779 5643 atque
833 5564 1036 5624 aedium
1092 5565 1141 5620 et
1179 5556 1380 5634 'patriz
1426 5556 1601 5613 oblita
1649 5556 1949 5614 amatorem

296 5651 482 5703 secuta
511 5648 612 5701 est.
876 5704 936 5711 η
1217 5704 1229 5711 ,
1329 5702 1340 5711 ,
1514 5698 1530 5711 .
1648 5700 1661 5711 .
1790 5700 1802 5711 .

516 5698 658 5778 'kaia'
690 5710 817 5767 ὅσον
868 5704 1015 5783 ᾔδει,
1056 5720 1158 5778 pro
1209 5702 1463 5777 jamjam,
1514 5698 1666 5756 baud
1724 5700 1841 5759 scio
1873 5716 1947 5757 an

2058 5345 2335 5401 usitatum
2380 5341 2475 5397 sit.
2509 5334 2716 5413 Βὶμῇδει
2748 5335 2979 5413 aut
3008 5335 3153 5413 παρᾷ
3193 5336 3256 5391 τὸ
3301 5333 3494 5413 εἰδέναι
3528 5335 3713 5408 legas-

2060 5432 2130 5471 ne
2160 5414 2245 5469 sic
2276 5413 2507 5483 quidem
2539 5409 2724 5483 placet
2758 5409 3323 5483 ;‘judicium'leclori
3352 5409 3638 5480 relinquo.

2129 5485 2242 5557 (88)
2298 5478 2655 5557 ξ’Λδοξοῦντας
2709 5478 2917 5557 αὐτόν.
2988 5480 3176 5557 verba
3248 5482 3332 5537 sic
3417 5478 3714 5557 satiant}

2058 5552 2195 5613 Cain
2220 5552 2401 5623 igitur
2433 5554 2825 5612 Constantinus
2852 5572 2908 5611 se
2937 5570 2971 5609 a
2997 5554 3270 5623 Philippm
3298 5552 3587 5609 amoribus
3617 5554 3712 5610 de-

2054 5628 2194 5699 spici
2220 5635 2486 5699 cerneret,
2531 5629 2625 5698 qui
2652 5625 2769 5682 alas
2799 5627 2870 5683 ad
2899 5627 3078 5683 alium
3123 5626 3393 5683 librarent
3420 5635 3475 5683 et
3501 5625 3712 5683 Andro-

2054 5698 2243 5757 nicum
2271 5698 2441 5756 matis
2463 5703 2720 5770 peterent
2743 5700 2899 5773 eique
2941 5700 3089 5772 faces
3111 5702 3455 5772 prae/errent.
