4066 6214
330 344 449 407 483

1649 331 1971 396 ΝΙΟΕΤΕ
2010 327 2448 393 ΟΗΟΝΙΔΤᾸΞ

3635 327 3766 388 484

335 484 508 549 rarat,
541 477 794 534 viduam.
846 473 1035 530 Altera
1086 471 1192 526 hac
1239 469 1408 542 plaga
1462 471 1700 541 accepta
1759 462 1991 524 Manuel

2103 462 2300 537 ἔρωτας
2357 456 2596 535 καῖπρδς
2659 453 2834 514 ἄλλον
2893 453 3126 520 λύοντας
3175 455 3239 512 τὸ
3294 455 3516 531 πτερὸν,
3574 467 3766 531 μηλο-

341 567 486 626 nibil
519 583 635 624 non
685 562 942 629 molitur,
978 576 1094 632 quo
1149 558 1548 616 Andronicum
1582 558 1641 614 in
1689 572 1857 614 suam
1888 571 1990 628 po-

339 662 600 715 testatem
657 653 920 724 redigat;
973 649 1266 722 missaque
1296 648 1370 703 ad
1423 646 1743 720 leesyriee
1803 650 1996 718 topar-

337 749 473 803 chas
503 759 679 800 aurea
711 738 874 797 Bulla
907 738 1150 794 mandat
1181 745 1244 792 ut
1265 737 1663 794 Andronicum
1696 733 1993 789 hominem

331 833 673 890 seditiosum
711 837 880 899 atque
911 828 1194 883 incestum
1235 826 1473 898 capiant
1498 831 1554 882 et
1584 824 1712 880 visu
1746 823 1992 894 privent.

331 929 412 976 Ac
473 919 799 976 luminibus
875 917 1112 973 orbatus
1180 920 1280 972 aut
1332 915 1500 986 plane
1560 913 1790 970 occisus
1841 914 1998 968 esset

340 1011 728 1077 Andronicus,
761 1007 812 1065 si
870 1025 948 1064 eae
983 1007 1184 1063 litterae
1218 1007 1289 1061 ad
1347 1021 1553 1060 manus
1582 1003 1830 1059 aliorum
1864 1017 1995 1073 per-

332 1101 644 1158 venissent.
707 1097 872 1156 Nunc
902 1103 1017 1152 Deo
1052 1095 1214 1152 illum
1247 1094 1317 1149 ad
1349 1095 1504 1150 diem
1555 1092 1798 1148 ultionis
1827 1095 1997 1162 atque

334 1189 408 1249 ad
439 1204 506 1244 ea
557 1187 713 1243 mala
743 1185 1123 1258 perpetranda
1157 1191 1210 1239 et
1273 1182 1619 1254 perferenda
1665 1184 1996 1236 reservanto

337 1295 464 1351 quae
497 1274 801 1350 tyrannide
832 1274 903 1330 ab
935 1289 1002 1330 eo
1030 1276 1312 1343 occupata
1343 1271 1706 1340 acciderunt,
1729 1284 1807 1325 eae
1838 1267 1996 1325 litte-

343 1383 415 1422 rae
446 1366 758 1422 Theodorus
799 1364 1142 1420 redduntur.
1176 1360 1394 1426 Quibus
1451 1359 1602 1418 185
1657 1375 1722 1415 ea
1753 1357 1917 1416 lectis
1945 1365 2000 1415 ct

339 1451 570 1509 insidiis
601 1449 850 1522 cognitis
882 1449 1139 1504 chartam
1192 1447 1527 1502 Andronico
1563 1445 1867 1510 tradit.Qui
1899 1443 1995 1500 ubi

338 1539 751 1597 animadvertit
783 1537 862 1593 ibi
914 1553 1033 1592 non
1081 1535 1420 1591 haerendum
1463 1549 1590 1592 esse
1644 1533 1866 1590 diutius
1895 1531 1996 1589 sed

344 1645 585 1700 propere
633 1625 1076 1690 discedendum,
1109 1623 1342 1679 territus
1391 1623 1585 1694 fugam
1619 1623 1863 1678 adornat
1893 1639 1909 1690 ;
1940 1625 1998 1677 et

340 1717 702 1773 Theodoram
739 1713 942 1769 fraude
973 1713 1367 1782 pellectam,ut
1395 1728 1457 1768 se
1491 1729 1606 1768 non
1637 1710 1804 1782 longe
1827 1709 1999 1766 comi'

2097 545 2397 610 ϐολοῦντάς
2425 569 2486 604 τε
2536 547 2628 604 καὶ
2687 544 3092 626 δᾳδουχοῦντας
3153 542 3521 622 Ἀνδρόνικον,
3554 545 3770 610 ἐκεῖθεν

2101 638 2434 712 μεθίσταται,
2492 637 2584 692 καὶ
2643 636 2743 704 τὴν
2805 636 3017 710 Ταρσὸν
3072 629 3395 690 καταλαϐὼν
3459 635 3594 709 μετὰ
3641 639 3774 690 τῶν

2096 725 2414 782 ἀντιπάλων
2471 724 2772 800 Ῥωμαίοις
2825 724 3134 798 Ἀρμενίων
3191 722 3527 802 συνεῤῥήγνυ
3581 723 3764 780 πόλε-

2101 837 2220 890 μον.
2247 816 2339 878 Ὠς
2368 811 2425 870 δέ
2455 835 2589 870 ποτε
2624 815 2808 888 τούτῳ
2850 809 3137 887 ἐπέϐρισαν
3192 815 3245 869 οἱ
3277 811 3553 894 διάφοροι,
3587 813 3770 870 ἑάλω-

2095 904 2273 960 τεκαὶ
2303 905 2374 974 ἦν
2413 903 2464 959 ἐν
2525 901 2772 978 δεσμοῖς.
2830 903 2894 962 Ὁ
2951 899 3009 959 δὲ
3069 900 3330 979 βασιλεὺς
3378 901 3607 958 ἐλύσατο
3635 908 3770 958 τοῦ-

2095 1015 2209 1065 τον,
2271 993 2426 1048 ἱκανὰ
2493 993 2735 1068 ζωάγρια
2821 992 3207 1064 καταθέμενος.
3277 989 3628 1064 Ἀνδρόνικος
3703 988 3768 1047 δὲ

2095 1083 2190 1146 τὰς
2224 1081 2453 1144 ἀπειλὰς
2510 1086 2608 1138 τοῦ
2665 1079 2927 1152 Μανουὴλ
2988 1077 3202 1149 δεδιὼς,
3250 1081 3342 1135 καὶ
3385 1081 3640 1151 πτοηθεὶς
3675 1081 3761 1154 μὴ

2097 1193 2216 1235 πως
2247 1169 2585 1249 συλληφθεὶς
2639 1176 2747 1226 τῶν
2803 1171 3120 1249 φιλοτήτων
3165 1168 3454 1232 Φιλίππας
3483 1172 3580 1240 τήν
3619 1190 3764 1246 προ-

2097 1263 2256 1337 τέραν
2313 1262 2531 1337 εἱρκτήν
2592 1257 2990 1331 ἆνταλλάξαιτο
3045 1260 3136 1316 καὶ
3198 1259 3468 1330 ὑποσταίη
3525 1257 3760 1335 χρόνιον

2097 1353 2361 1424 κάκωσιν,
2427 1349 2560 1427 ἄρας
2617 1349 2817 1416 ἰκεῖθεν
2879 1356 2980 1420 τῆς
3047 1347 3137 1404 ἐπὶ
3192 1354 3300 1404 τῶν
3359 1345 3766 1423 Ἰεροσολύμων

2100 1441 2308 1517 είχετο,
2358 1440 2505 1519 γαλῆ
2543 1440 2606 1496 τὸ
2661 1443 2760 1496 τοῦ
2817 1437 2993 1519 λόγου
3047 1441 3159 1516 (89)
3215 1439 3354 1515 πρὸς
3404 1439 3563 1513 στέαρ
3608 1435 3771 1514 ἐλεγ-

2101 1531 2276 1606 χθεὶς,
2335 1531 2468 1586 κδπὶ
2525 1530 2622 1595 τὰς
2658 1529 2850 1605 πρώην
2909 1525 3307 1607 ἐπαναδραμὼν
3352 1525 3764 1604 δραπετεύσεις,

2098 1623 2190 1678 καὶ
2245 1622 2384 1697 πρὸς
2433 1621 2530 1684 τὰς
2588 1619 2922 1696 παλαιτέρας
2979 1620 3144 1676 αὐτοῦ
3206 1620 3462 1698 μηχανάς
3521 1615 3767 1674 ἀπιδών·

2101 1708 2443 1789 ’Δδιαφόρως
2475 1708 2522 1766 δ’
2553 1708 2699 1790 ἔχων
2749 1715 2848 1766 τοῦ
2899 1709 3044 1787 βίου,
3099 1710 3189 1765 καὶ
3247 1711 3324 1772 ὡς
3370 1707 3546 1772 ἵππος
3585 1706 3769 1779 θηλυο

341 1809 576 1874 taretur,
611 1819 706 1860 seu
739 1802 1028 1859 volentem
1070 1818 1173 1858 seu
1223 1801 1464 1858 invitam
1509 1817 1708 1857 secum
1739 1799 1994 1857 abducit.

2109 1801 2283 1874 μανής
2357 1805 2479 1863 ταῖς
2561 1797 2898 1878 παραλόγοις
3001 1798 3424 1872 ἐπιθοονύμενος
3531 1798 3770 1872 μίξεσιν,

341 1899 487 1949 Dum
521 1901 712 1948 autem
729 1891 1092 1964 provinciam
1119 1887 1410 1961 provincia
1435 1893 1612 1945 mutat
1646 1887 1773 1945 etin
1807 1887 1998 1944 multi-

343 1983 480 2054 plici
512 1981 612 2037 illo
641 1996 829 2037 errore
859 1979 1046 2035 varios
1075 1979 1353 2049 dynastas
1387 1982 1442 2034 et
1485 1977 1724 2050 regulos
1753 1977 1894 2045 adit,
1926 1977 1997 2034 ab

340 2071 614 2124 omnibus
645 2067 962 2124 honoriﬁce
983 2066 1268 2139 excipitur
1299 2071 1357 2122 et
1389 2067 1618 2138 magnis
1649 2065 1998 2122 muneribus

340 2158 612 2215 afﬁcitur.
659 2158 795 2213 Sero
827 2157 1064 2212 tandem
1110 2157 1182 2212 ad
1217 2155 1536 2221 sultanum,
1568 2155 1668 2228 qui
1698 2155 1995 2212 Coloniam

339 2247 664 2304 Chaldaeum
696 2251 753 2302 et
799 2245 1049 2301 ﬁnitima
1091 2245 1216 2302 loca
1270 2245 1523 2312 tenebat,
1580 2245 1809 2301 divertit
1839 2261 1854 2314 ;
1889 2244 1995 2301 ibi-

340 2354 455 2409 que
483 2352 612 2392 cum
635 2335 938 2392 Theodore
967 2338 1023 2391 et
1053 2335 1278 2391 duobus
1307 2350 1372 2390 ex
1406 2349 1473 2391 eo
1493 2334 1780 2406 susceptis
1799 2333 1998 2390 liberis

340 2426 538 2483 Alexio
569 2429 628 2481 et
662 2425 846 2492 lrene,
877 2441 942 2481 ac
974 2423 1198 2480 Joanne
1228 2439 1399 2496 quem
1431 2440 1501 2480 ex
1532 2423 1794 2496 legitima
1821 2439 1998 2480 uxore

345 2519 707 2588 procreatum
757 2513 1029 2586 Byzantio
1084 2528 1282 2570 secum
1335 2512 1669 2578 abduxerat,
1735 2529 1998 2570 commo-

344 2611 522 2672 ratur,
555 2604 736 2660 donec
761 2603 831 2658 ad
881 2600 1207 2658 Manuelem
1271 2602 1681 2674 imperatorem
1731 2617 1999 2659 reversus

343 2697 432 2749 est
467 2709 482 2762 ;
514 2693 572 2748 id
621 2691 779 2764 quod
816 2707 920 2748 suo
969 2689 1093 2748 loco
1123 2689 1427 2758 referetur,
1462 2689 1619 2746 186
1652 2697 1712 2746 ut
1743 2707 1836 2747 res
1865 2691 1996 2762 ejus

341 2785 510 2854 gesta:
567 2782 912 2838 cobaareant.
964 2783 1029 2834 Et
1069 2779 1117 2834 si
1174 2784 1364 2835 autem
1413 2778 1646 2836 Manuel
1699 2779 1828 2835 vitae
1887 2783 2000 2837 An-

346 2870 567 2926 dronici
616 2869 849 2926 crebras
904 2868 1150 2940 ponebat
1194 2867 1458 2937 insidias,
1517 2867 1615 2924 ille
1663 2875 1856 2924 tamen
1888 2869 1999 2924 mi-

343 2959 508 3015 rabili
568 2957 826 3015 soriertia
858 2962 915 3013 et
973 2955 1278 3013 tolerantia
1327 2972 1531 3014 omnes
1587 2956 1828 3029 laqueos
1857 2973 1998 3014 eva-

349 3049 538 3105 debat

2106 1891 2388 1970 ἑγχρίπτει
2447 1895 2718 1967 σαρκικῶς
2775 1890 2866 1944 καὶ
2923 1887 3280 1964 ἐνασελγαίνει
3328 1887 3649 1950 ἀκολάστως
3695 1889 3776 1960 τῇ

2108 1986 2205 2039 τοῦ
2248 1981 2468 2056 πρώτου
2526 1976 2822 2059 ἒξαδίλφου
2871 1977 3100 2055 θυγατρὶ
3154 1976 3409 2054 Θεοδώρῳ
3447 1975 3770 2052 (Ἰσαακίου,

2107 2071 2275 2152 φημί,
2303 2074 2400 2126 τοῦ
2457 2063 2978 2145 σεϐαστοκράτορος,
3025 2071 3124 2152 τοῦ
3175 2066 3446 2143 βασιλέως
3497 2062 3769 2134 Μανουήλ

2106 2151 2428 2234 δμαίμονος)
2483 2158 2694 2231 θανάτῳ
2753 2155 2874 2232 ἄρτι
2934 2151 3292 2230 άποϐαλούσῃ
3348 2156 3442 2210 τὸν
3474 2151 3770 2228 παρθένιον

2107 2247 2376 2317 σύνευνον,
2435 2246 2496 2310 ’ὃς
2550 2246 2698 2324 ἦρχε
2753 2245 2858 2320 πρὸ
2918 2245 3156 2322 βραχέος
3215 2251 3315 2314 τῆς
3372 2243 3770 2313 Παλαιστίνηςο

2107 2333 2436 2398 Βαλδουῖνος
2493 2335 2562 2405 ἦν
2621 2335 2800 2405 οὗτος,
2869 2334 2932 2389 τὸ
2987 2333 3139 2410 γένος
3183 2329 3365 2388 ἕλκων
3416 2330 3465 2402 ἒξ
3513 2329 3766 2388 Ἰταλῶν.

2107 2425 2324 2502 Ἐτέραν
2384 2422 2474 2478 ἐπὶ
2546 2423 2765 2487 τούτοις
2839 2420 3069 2498 πληγὴν
3127 2423 3156 2478 ὁ
3218 2419 3474 2498 βασιλεὺς
3543 2418 3770 2496 δέχεται

2108 2513 2400 2585 Μανουήλ,
2457 2513 2549 2568 καὶ
2621 2511 2874 2587 πράττων
2950 2512 3017 2582 ἧν
3073 2511 3248 2568 πάντα
3304 2507 3772 2586 διατεχνώμενος,

2109 2603 2159 2658 εἲ
2217 2621 2337 2664 πως
2397 2601 2484 2672 εἲη
2567 2601 2906 2679 συνεικηφὼς
2968 2597 3309 2676 Ἀνδρόνικον
3372 2603 3479 2654 τῶν
3546 2597 3776 2654 οἲκείων

2110 2685 2546 2770 ἁμφιϐλήστρων
2607 2688 2782 2763 ἒντὸς,
2845 2689 2968 2746 ὅθεν
3031 2687 3378 2767 ἐρυθροδάνῳ
3435 2687 3770 2761 ἐνσημανθὲν

2110 2781 2288 2861 ἀφῆκε
2325 2781 2700 2856 γραμμάτιον,
2759 2778 2965 2857 ἐνάγων
3023 2779 3150 2840 τοὺς
3203 2779 3341 2833 κατὰ
3398 2775 3602 2846 Κοίλην
3667 2783 3779 2830 Συ-

2111 2869 2230 2946 ρίαν
2293 2868 2582 2944 ἰσχύοντας
2638 2866 2986 2943 Ἀνδρόνικον
3055 2872 3274 2943 συσχεῖν
3335 2866 3410 2929 ὡς
3466 2865 3774 2941 ἀντίφρονα

2109 2959 2202 3015 καὶ
2260 2961 2384 3035 περὶ
2433 2957 2496 3014 τὸ
2552 2960 2706 3033 γένος
2767 2955 3248 3025 ἀκολασταίνοντα,
3303 2957 3396 3012 καὶ
3451 2960 3546 3011 τοῦ
3599 2955 3780 3036 φάους

2116 3056 2372 3126 στερῆσαι
2425 3052 2532 3104 τῶν
2594 3047 2921 3126 ὀφθαλμῶν.
2983 3048 3080 3103 Καὶ
3146 3048 3271 3124 τάχ’
3319 3045 3381 3101 ἃν
3408 3047 3534 3106 τοὺς
3565 3045 3778 3122 ὀφθαλ-

357 3158 494 3210 μους
518 3132 861 3210 Ἀνδρόνικος
893 3133 945 3205 ἐξ
977 3133 1206 3208 αἳματος
1237 3133 1558 3210 ἡρεῦθοῦτο,
1609 3131 1797 3210 ὦχρός
1842 3132 1900 3190 τὲ
1948 3157 2040 3210 μιν
2094 3138 2210 3195 εἷλε
2265 3139 2490 3214 παρειὰς
2532 3137 2903 3214 συνεχόμενον
2933 3137 3023 3193 καὶ
3069 3133 3464 3210 δεσμούμενον,
3495 3136 3530 3205 ἤ
3561 3135 3652 3190 καὶ
3685 3134 3773 3198 εἰς

351 3223 663 3301 πορφύρεον
693 3219 954 3280 ἐϐάπτετο
984 3223 1229 3292 Θάνατον,
1289 3223 1335 3279 εἰ
1393 3229 1575 3299 χεῖρες
1629 3224 1780 3298 εἶχον
1843 3225 2041 3300 ἑτέρων
2089 3228 2152 3284 τὸ
2198 3235 2298 3298 τῆς
2349 3227 2640 3304 βασιλικῆς
2685 3227 2823 3283 ἐκεῖν
2882 3227 3061 3305 βαφῆς
3090 3224 3400 3302 δελτάριον.
3431 3227 3538 3284 Νῦν
3573 3222 3632 3280 δὲ
3666 3229 3775 3280 τοῦ

355 3317 488 3370 Θεοῦ
552 3317 843 3388 τηροῦντος
911 3313 1094 3384 αὐτὸν,
1159 3313 1234 3376 ὡς
1289 3305 1481 3383 ἔοικεν.
1548 3311 1625 3377 εἷς
1689 3313 1899 3389 ἡμέραν
1969 3315 2138 3393 ὀργῆς
2201 3317 2292 3372 καὶ
2356 3322 2474 3380 τοῖς
2545 3317 2864 3391 μετόπισθεν
2933 3321 3122 3378 κακοῖς
3175 3315 3548 3388 ταμιεύοντος,
3619 3313 3654 3368 ἄ
3718 3334 3782 3369 τε

353 3403 500 3479 παρὰ
561 3402 626 3458 τὸ
692 3399 809 3458 δέον
873 3403 951 3468 εἲς
1013 3402 1076 3457 τὸ
1134 3399 1377 3463 ὒπήκοον
1439 3398 1758 3473 ἐνεδείξατο,
1825 3403 2118 3478 Ῥωμαίων
2179 3401 2340 3482 ἄρξας
2394 3405 2454 3461 ἐκ
2510 3402 2842 3482 τυραννίδος,
2900 3406 2988 3461 καὶ
3058 3406 3146 3467 οἷς
3203 3404 3364 3469 αὐτὸς
3427 3403 3774 3475 ἂσυμπαθῶς

351 3489 597 3548 ἐσέπειτα
670 3493 1070 3568 περιπέπτωκε,
1147 3489 1304 3570 χερσὶ
1379 3491 1441 3546 τὸ
1516 3489 1828 3548 ἐπιστόλιον
1901 3497 2002 3560 τῆς
2088 3493 2372 3567 Θεοδώρας
2448 3493 2684 3552 δίδοται.
2759 3496 2825 3552 Ἣ
2900 3491 2959 3550 δὲ
3034 3494 3340 3570 ἀναγνοῦσα
3411 3497 3598 3562 τοῦτο,
3673 3491 3774 3546 καὶ

349 3587 550 3658 γνοῦσα
623 3582 691 3638 τά
762 3583 878 3636 κατ’
947 3577 1296 3656 Ἀνδρονίκου
1327 3579 1679 3656 τυρευόμενα,
1739 3581 1791 3652 ἐξ
1847 3581 2018 3654 αὐτῆς
2073 3585 2166 3640 τὸν
2223 3586 2435 3664 χάρτην
2484 3583 2630 3657 αὐτῷ
2678 3581 2994 3660 ἐγχειρίζει.
3047 3584 3237 3646 Συνεὶς
3283 3583 3375 3638 οὗν
3421 3579 3774 3654 Ἀνδρόνικος

351 3673 424 3734 ὡς
475 3678 677 3750 χωρεῖν
729 3670 928 3736 ἐκεῖθεν
987 3668 1110 3726 δὲον
1160 3671 1249 3725 καὶ
1296 3667 1560 3746 ἐγκονεῖν,
1622 3667 1752 3744 μηδ’
1811 3669 1972 3750 ἕδρας
2021 3672 2153 3729 εἶναι
2205 3675 2268 3730 τὸ
2321 3673 2428 3729 ἀπὸ
2474 3670 2633 3730 τοῦδε
2681 3675 2882 3748 ἀκμήν,
2933 3673 3098 3752 φρίκη
3146 3694 3208 3729 τε
3289 3669 3610 3751 ὑφέρπεται,
3677 3671 3777 3726 καὶ

353 3766 491 3839 πρὸς
536 3762 830 3841 ἀπόδρασιν
875 3763 1267 3834 ἐνσκευάζεται.
1327 3763 1603 3836 Σοφιστὴς
1661 3759 1718 3817 δὲ
1783 3758 1857 3818 ὤν
1917 3764 2008 3821 καὶ
2071 3763 2319 3821 ἀπατεὼν
2364 3765 2455 3820 καὶ
2505 3765 2670 3836 αὐτὴν
2721 3763 3012 3838 ἆποπλανᾷ
3067 3762 3374 3840 Θεοδώραν,
3435 3764 3524 3819 καὶ
3581 3760 3775 3837 ὥσπερ

355 3854 624 3930 Εὐρώπην
698 3854 869 3911 πάλαι
970 3855 998 3909 ὁ
1065 3851 1191 3915 Ζεὺς
1261 3856 1358 3907 τοῦ
1433 3856 1609 3927 χοροῦ
1671 3855 1780 3907 τῶν
1850 3853 2129 3928 παρθένων
2168 3850 2628 3927 ἆποϐουκολήσας
2693 3856 2796 3924 ἧκε
2864 3859 3042 3932 φὲρων
3081 3853 3168 3910 ἐπὶ
3207 3855 3418 3922 νώτων,
3487 3853 3562 3914 εἰς
3634 3853 3772 3927 βοῦν

350 3943 536 4001 ἑαυτὸν
604 3944 1041 4020 μεταμορφώσας
1093 3941 1462 4018 καλλίκερων,
1519 3941 1665 3996 οὓτω
1720 3941 1812 3996 καὶ
1872 3943 2030 4006 οὗτος
2080 3944 2392 4016 ἀποστήσας
2443 3950 2550 4001 τῶν
2612 3946 2756 4000 οἳκοι
2812 3945 2912 4014 τήν
2963 3949 3192 4022 γυναῖκα
3238 3944 3328 3999 καὶ
3387 3941 3769 4018 συμφοιτῆσαί

361 4036 411 4088 οἱ
474 4029 759 4090 Σαϐϐάτου
819 4030 944 4088 ὁδὸν
995 4031 1357 4104 αἰτησάμενος
1433 4031 1507 4090 ὡς
1581 4029 2009 4104 προπέμψουσαν
2084 4031 2284 4098 ἐκεῖθεν
2355 4033 2446 4088 καὶ
2507 4035 2592 4107 [Ρ.
2650 4037 2740 4106 93]
2811 4032 3204 4106 συνταξομένην
3255 4029 3446 4104 ἐκείνῳ
3482 4031 3549 4086 τὰ
3579 4029 3773 4101 ἐξιτή-

353 4143 462 4198 ρια,
533 4121 876 4197 συνέκδημου
940 4122 1032 4178 καὶ
1102 4118 1482 4194 συμπλανῆτιν
1557 4121 1785 4175 ἑκοῦσαν
1862 4119 2197 4196 ἐπεσπάσατο
2273 4120 2528 4182 ἄκουσαν.
2597 4124 2792 4197 Χώραν
2857 4121 2903 4178 δ’
2976 4120 3038 4178 ἐκ
3097 4123 3286 4199 χώρας
3345 4115 3614 4196 ἀμείϐων,
3675 4120 3774 4175 καὶ

348 4214 583 4290 ἡγεμόσι
641 4213 732 4269 καὶ
793 4211 1078 4275 δυνάσταις
1137 4209 1570 4282 ἐπιξενιζόμενος
1626 4207 2012 4281 πολυπλανὴς,
2069 4213 2158 4266 καὶ
2209 4216 2335 4288 παρ’
2385 4215 2471 4275 οἷς
2527 4211 2780 4282 κατέλυε,
2837 4213 3060 4287 τιμήεις
3110 4209 3184 4267 ὤν
3235 4212 3326 4267 καὶ
3357 4208 3639 4284 αἰδέσιμος
3673 4209 3774 4264 καὶ

348 4301 758 4380 φιλοφροσύνης
816 4301 902 4357 ὅτι
977 4299 1241 4370 πλείστης
1316 4297 1734 4372 καταξιούμενος
1806 4301 1896 4355 καὶ
1973 4297 2190 4376 δωρεῶν
2265 4299 2447 4376 ἁδρῶν
2522 4301 2576 4356 ὲν
2655 4303 2861 4375 μεθέξει
2919 4299 3225 4376 γινόμενος,
3293 4299 3396 4374 ὀψέ
3465 4321 3598 4355 ποτε
3673 4300 3772 4354 καί

354 4392 515 4463 μόλις
550 4391 696 4464 παρὰ
723 4395 802 4462 τῷ
831 4388 1141 4468 Σαλτούχῳ
1169 4394 1269 4457 τῆς
1301 4387 1513 4458 πλάνης
1541 4386 1780 4445 ἵσταται.
1836 4389 1937 4444 Ἦν
1998 4385 2045 4444 3’
2101 4391 2260 4452 οὗτος
2309 4391 2376 4445 τὰ
2431 4393 2500 4463 τῇ
2558 4388 2846 4462 Κολωνείᾳ
2872 4391 2996 4446 τότε
3024 4388 3400 4464 κληρούμενος
3431 4386 3637 4464 ὅμορα.
3670 4387 3768 4443 καί

350 4469 448 4532 ὅσα
503 4485 603 4547 τῆς
660 4475 934 4540 Χαλδαίας
991 4477 1259 4550 πρόσοικά
1339 4498 1398 4532 τε
1475 4477 1566 4532 καὶ
1640 4471 1861 4554 ἔγγιστα
1935 4478 2358 4554 καρπιζόμενος.
2429 4480 2654 4536 Κάκεῖσε
2737 4479 2804 4549 ἦν
2865 4478 3048 4536 ἀλύων
3104 4478 3194 4534 καὶ
3253 4477 3429 4534 συνὼν
3489 4473 3776 4553 Θεοδώρᾳ,

357 4566 472 4639 μετ’
503 4565 577 4619 ὧν
635 4564 883 4620 ὰπὲτεκεν
943 4565 1079 4635 αὕτη
1137 4566 1317 4637 τούτῳ
1363 4561 1574 4620 παίδων
1635 4562 1786 4620 δυοῖν
1845 4565 2095 4639 Ἀλεξίου
2147 4590 2209 4624 τε
2263 4569 2352 4624 καὶ
2403 4569 2668 4645 Εἰρήνης,
2701 4565 2779 4625 ἔτι
2810 4567 2868 4624 δὲ
2896 4568 2987 4624 καὶ
3014 4567 3282 4638 Ἰωάννου,
3311 4569 3369 4625 δν
3398 4567 3461 4624 ἐκ
3483 4571 3593 4624 τῶν
3627 4587 3781 4642 προ-

354 4657 526 4730 τέρων
584 4654 675 4709 καὶ
727 4675 966 4730 γνησιων
1025 4656 1075 4709 οἱ
1134 4654 1456 4730 σπερμάτων
1516 4655 1853 4730 συνεκδημον
1911 4655 1969 4713 ἒκ
2027 4661 2320 4728 Βυζαντίου
2395 4657 2654 4735 ἐπήγετο,
2740 4659 2850 4723 δως
2930 4665 3030 4730 τῆς
3110 4657 3164 4720 ἐς
3233 4657 3393 4714 αὐτὸν
3457 4657 3610 4718 αὗθις
3666 4657 3764 4711 τὸν

354 4743 727 4819 αὐτοκράτορα
785 4744 1043 4812 Μανουήλ
1090 4741 1490 4812 ἔπαναλύσεως,
1544 4742 1611 4812 ἥν
1665 4746 1755 4799 καὶ
1819 4746 1886 4802 τὰ
1935 4748 2026 4802 τὸν
2086 4747 2285 4803 οἰκεῖον
2340 4747 2542 4825 χρόνον
2607 4747 2699 4803 καὶ
2750 4747 3062 4826 πρόσφορον
3122 4747 3150 4802 ὁ
3210 4745 3369 4823 λόγις
3421 4750 3489 4821 τῇ
3548 4744 3764 4819 ἱστορίᾳ

351 4832 660 4910 παρέξεται,
719 4832 795 4895 ὡς
853 4829 938 4902 εἷή
999 4831 1315 4904 συνημμένα
1372 4833 1550 4901 δήπου
1605 4832 1695 4887 καὶ
1752 4841 1956 4912 συναφῆ
2013 4835 2082 4891 τὰ
2137 4835 2328 4916 ἐφεξῆς
2388 4837 2478 4892 ὑπ’
2537 4837 2704 4893 αὐτοῦ
2757 4836 3113 4912 πεπραγμένα
3168 4836 3258 4891 καὶ
3306 4836 3375 4890 τὰ
3423 4835 3552 4909 παρ’
3596 4835 3760 4908 ἡμῶν

347 4924 502 4986 αὖθις
559 4923 641 4978 ἐπ’
693 4921 840 4994 αὐτῷ
894 4918 1267 4995 ῥηθησόμενα.
1329 4920 1414 4976 ’Ev
1469 4918 1707 4982 πολλοῖς
1785 4919 1969 4993 μέντοι
2044 4923 2134 4979 καὶ
2209 4923 2484 4987 πολλάκις
2538 4926 2566 4981 6
2619 4924 2884 4996 Μανουήλ
2933 4927 3033 4996 τὴν
3089 4921 3432 4999 Ἀνδρονίκου
3478 4919 3766 4996 δεσμεύων

345 5015 556 5090 ψυχὴν,
612 5012 704 5068 καὶ
757 5014 936 5082 ζητῶν
1005 5008 1206 5079 ταύτην
1280 5001 1487 5074 λαϐεῖν,
1559 5013 1678 5071 τοῖς
1753 5009 2045 5079 ἀνηνύτοις
2118 5011 2383 5090 ἐγχειρῶν
2441 5012 2796 5090 διηλέγχετο’
2857 5015 2884 5069 ὁ
2941 5016 3045 5090 γὰρ
3099 5011 3534 5088 πολύπλαγκτος
3613 5010 3776 5074 οὗτος

347 5104 438 5159 καὶ
493 5101 844 5182 ταλασίφρων
901 5096 1248 5174 Ἀνδρόνικος
1300 5097 1397 5159 τὰς
1451 5099 1574 5152 καθ’
1631 5098 1800 5153 αὐτοῦ
1856 5096 2171 5173 προσϐολάς
2223 5103 2474 5179 εὐμαρῶς
2543 5103 2894 5178 ἀπεκρούετο,
2953 5103 3042 5158 καὶ
3090 5107 3198 5158 τῶν
3233 5101 3522 5178 θηράτρων
3553 5101 3779 5178 κούφως

353 5191 822 5270 ὑπεραλλόμενοςν
900 5190 1034 5266 ἅπερ
1109 5187 1255 5260 αὖτῷ
1327 5184 1600 5250 πολλάκις
1676 5187 1997 5265 ὑφηπλοῦτο
2053 5192 2144 5248 καὶ
2238 5192 2546 5263 ἐξετείνετο,
2625 5190 2982 5266 ἀπαγίδευτος
3082 5193 3149 5262 ἦν
3251 5191 3347 5246 καὶ
3445 5190 3771 5264 ἀθήρευτος.

1739 5335 1908 5398 Hier.
1940 5336 2161 5400 Wolﬁi
2191 5343 2381 5401 notae.

353 5506 389 5564 °_
425 5491 536 5560 (89)
565 5490 713 5564 Ιξαλὴ
769 5491 833 5546 τὸ
864 5493 961 5546 τοῦ
1008 5488 1199 5564 λογου.
1230 5489 1415 5547 Verba
1460 5489 1541 5545 sic
1597 5487 1712 5564 fere
1731 5495 1952 5564 sonant
1984 5506 2002 5564 ξ
2109 5492 2376 5564 muliere:
2405 5493 2714 5560 insaniens,
2735 5492 2796 5548 in
2822 5492 3019 5564 vetito:
3046 5489 3365 5549 concubitu:
3391 5489 3611 5564 ruebat,
3639 5505 3775 5564 cor-

355 5557 812 5636 Qusruadmodum
877 5557 1131 5628 mustela,
1182 5567 1246 5617 ut
1301 5564 1482 5630 aiunt,
1547 5557 1635 5636 ad
1665 5560 1872 5636 sebum,
1931 5563 2003 5636 ad
2109 5563 2323 5636 nolim
2351 5557 2865 5636 appropinquabat,
2896 5569 2948 5622 at
2989 5563 3424 5636 intemperanter
3449 5561 3778 5636 indulgebat

352 5627 623 5710 pristinas
677 5635 839 5710 fugo:
890 5627 1134 5710 reversus
1189 5627 1516 5710 astutiisque
1545 5633 1662 5710 suis
1723 5627 2002 5690 machinis
2111 5635 2339 5694 libidini
2367 5627 2656 5694 Tlieodorcé
2673 5635 2807 5707 ﬁlice
2827 5627 3092 5710 patruelis
3121 5627 3258 5693 netu
3285 5632 3516 5708 majori:
3536 5627 3772 5692 Ιεᾱασίἰ.

353 5703 577 5760 tentati:
604 5717 626 5764 ;
655 5707 708 5758 et
735 5706 796 5758 ut
825 5710 945 5760 erat
1009 5706 1313 5762 luxuriosae
1339 5703 1469 5762 vitae
1495 5711 1548 5760 ct
1575 5707 1634 5760 ut
1672 5717 1845 5774 equus
1871 5721 2003 5778 ergo
