4068 6196
288 339 415 401 485

1361 332 1462 396 DE
1504 330 1899 395 MANUELE
1944 326 2313 394 COMNENO
2358 334 2506 396 LIB.
2554 332 2655 398 IV.

3592 339 3709 401 486

373 472 435 541 ζ’.
466 467 651 526 ’Δλλά
677 466 795 523 τίνα
858 466 926 522 τὰ
968 467 1116 541 παρά
1158 463 1377 536 πόδας;
1423 465 1604 541 χρεὼν
1654 464 1759 539 γὰρ
1817 459 1959 537 μηδὲ

2142 467 2197 521 6.
2234 468 2348 523 [loc
2377 466 2503 524 loco
2534 468 2681 526 illud
2711 470 3167 544 praetereundum
3212 490 3327 528 non
3383 476 3491 529 est.
3525 473 3709 530 Pleri-

296 562 512 618 τούτων
541 557 850 637 ἀφέξεσθαι.
883 553 1157 632 ιΙεριδεεῖς
1193 556 1245 611 οἱ
1293 552 1499 611 πολλοὶ
1544 558 1654 609 τῶν
1701 551 1966 629 κρατούν-

296 673 413 707 των
441 648 551 705 εἰσὶ
611 669 705 703 και
762 646 1138 721 καχύποπτοι,
1188 645 1281 699 καὶ
1322 641 1582 719 χαίρουσι
1635 639 1965 717 διαπραττό-

302 760 464 814 μενοι
491 740 596 793 ’ὀσα
635 738 865 803 θάνατος
894 736 984 791 καὶ
1014 735 1154 795 Χάος
1194 734 1286 790 καὶ
1333 728 1565 808 Ἔρεϐος
1623 731 1674 787 ἐν
1721 736 1801 803 τῷ
1837 729 1965 793 τοὺς

292 826 638 902 εὐπατρίδας
695 826 1023 902 ἀκροτομεῖν
1081 823 1174 879 καὶ
1239 821 1486 879 ἐκποδὼν
1535 818 1737 878 τιθέναι
1790 821 1967 876 πάντα

294 916 523 992 ὑψηλὸν
565 916 660 973 καὶ
719 916 1015 990 μετέωρον,
1071 912 1162 968 καῖ
1219 911 1454 968 ἐοίκασιν
1509 912 1750 985 ἀτεχνῶς
1790 910 1967 983 ὑψιτε-

298 1011 419 1063 νέσι
485 1006 581 1062 καὶ
639 1005 978 1082 ἀκροκόμοις
1035 1004 1277 1060 πίτυσιν.
1335 1002 1425 1063 Ὠς
1494 1001 1599 1075 γὰρ
1658 1000 1816 1054 αὗται
1873 999 1965 1052 καὶ

306 1098 610 1174 βραχείαις
663 1095 879 1168 ἀνεμων
936 1099 1123 1156 πνοαῖς
1179 1092 1275 1155 τὰς
1315 1096 1423 1147 τῶν
1467 1087 1686 1146 κλάδων
1736 1087 1965 1165 βελόνας

304 1186 791 1259 διατινασσὸμεναι
820 1184 1219 1258 ψιθυρίζουσιν,
1251 1178 1394 1236 οὕτω
1429 1177 1495 1248 δὴ
1533 1179 1623 1233 καὶ
1677 1179 1830 1232 οὗτοι
1875 1175 1967 1231 καὶ

300 1280 403 1336 τὸν
479 1275 711 1348 πλούτῳ
782 1274 1043 1344 κομῶντα
1117 1265 1523 1327 ὑποϐλέπονται
1595 1268 1687 1323 καὶ
1736 1267 1827 1321 τὸν
1882 1264 1968 1321 ἐπ’

293 1365 504 1443 ἀνδρίᾳ
557 1369 668 1420 τῶν
722 1360 953 1418 πολλῶν
1015 1358 1339 1436 διαφέροντα
1390 1358 1801 1431 κατεπτήχασι.
1860 1353 1967 1412 Κᾶἱν

299 1455 396 1526 εἴη
423 1476 508 1518 τις
539 1456 602 1510 τὸ
630 1452 845 1513 κάλλος
878 1448 1249 1524 ἀγαλματίάς,
1300 1447 1392 1503 καὶ
1439 1448 1539 1516 τὴν
1589 1444 1845 1521 γλῶτταν
1890 1444 1965 1506 ὡς

301 1542 465 1617 ὅρνις
537 1541 882 1618 μουσηγέτης
947 1537 1253 1611 ἒστόμωτο,
1309 1536 1408 1591 κᾶν
1474 1535 1538 1590 τὸ
1595 1533 1728 1603 ἦθος
1789 1534 1966 1608 ὁρῷτο

301 1631 673 1709 εὐτράπελος,
735 1630 838 1685 οὐκ
879 1629 939 1699 ἑᾷ
985 1624 1266 1682 καθεύδειν
1316 1625 1411 1680 τὸν
1460 1623 1548 1679 ἐπὶ
1596 1628 1693 1678 τοῦ
1742 1622 1967 1701 στίφους

301 1721 428 1778 οὐδ’
458 1724 709 1796 ἠρεμεῖν,
740 1716 892 1774 ἀλλὰ
919 1716 1124 1793 γίνεται
1153 1715 1336 1788 τοῦσῳ
1365 1718 1475 1770 τῶν
1500 1712 1683 1768 ὕπνων
1735 1710 1967 1779 ὲκκοπή,

304 1820 416 1883 τῆς
447 1814 657 1888 τρυφῆς
706 1809 1012 1881 ἀνατροπὴ,
1058 1803 1268 1875 ἡδονῆς
1317 1804 1613 1883 ὑφαίρεσις,
1662 1798 1961 1877 φνοντίδων

311 1902 596 1966 ἀπόθεσις·
627 1900 720 1955 καὶ
767 1899 867 1968 τήν
922 1896 1082 1975 φύσιν
1139 1893 1443 1971 μέμφονται
1494 1892 1594 1961 τὴν
1638 1890 1962 1965 πλάστριαν,

311 1991 409 2047 δτι
435 1992 526 2046 καὶ
557 1991 774 2063 ἑτέρους
829 1984 905 2048 εἷς
970 1985 1034 2039 τὸ
1090 1982 1282 2058 ἄρχειν
1343 1979 1621 2053 ἐπιδόξους
1674 1977 1968 2052 ἐπαλαμή-

310 2101 476 2146 σατο,
531 2077 617 2133 καὶ
678 2079 755 2151 μὴ
816 2075 1070 2150 πρώτους
1126 2072 1322 2133 αὐτοὺς
1379 2070 1470 2127 καὶ
1515 2070 1775 2130 ὑστάτους
1830 2065 1971 2122 καλ-

298 2170 536 2230 λίστους
588 2166 890 2240 ἀνθρώπων
978 2162 1284 2240 ἐφύτευσεν.
1363 2159 1574 2219 Οὐκοῦν
1644 2158 1736 2214 καὶ
1809 2157 1967 2213 ἀντι-

303 2256 705 2333 πρατεῦονται
732 2256 799 2310 τὰ
828 2252 1017 2309 πολλὰ
1043 2255 1113 2326 τῇ
1143 2251 1374 2326 προνοίᾳ
1402 2251 1492 2305 καὶ
1521 2253 1602 2322 τῷ
1630 2248 1761 2320 θείῳ
1803 2244 1971 2321 ὑπέρ-

304 2349 485 2405 οπλοι
558 2348 824 2423 γίνονται,
896 2342 1076 2399 πάντα
1148 2341 1319 2417 ἀγαθᾶ
1391 2339 1453 2396 ἑκ
1522 2343 1621 2396 τοῦ
1713 2337 1971 2400 πλείονος

305 2434 745 2513 ἆκχορδεύοντες
821 2432 913 2488 καὶ
970 2430 1046 2492 ὡς
1121 2430 1336 2504 θύματα
1408 2428 1816 2506 σφαγιάζοντες,
1897 2426 1972 2491 ὡς

300 2523 497 2603 ἔχοιεν
541 2524 628 2604 ἐφ’
684 2522 923 2598 ἡσυχίας
974 2518 1243 2591 δήπουθεν
1289 2516 1446 2575 οὗτοι
1500 2522 1707 2588 σπαθᾷν
1755 2517 1846 2604 καὶ
1895 2517 1971 2578 ὡς

298 2602 829 2693 πατρῷον-κλῆρον
875 2608 1280 2682 καθηδυπαθεῖν
1324 2605 1631 2682 μονώτατοι
1679 2607 1747 2661 τά
1794 2602 1971 2678 δημό-

295 2727 399 2762 σια
426 2703 522 2759 καί
551 2705 628 2765 ὡς
659 2697 1023 2776 ἀνδραπόδοις
1075 2701 1318 2776 ’χρῆσθαι
1362 2702 1485 2760 τοῖς
1532 2694 1838 2771 ἐλευθέροις
1881 2694 1973 2749 καὶ

304 2797 393 2858 ὡς
422 2794 665 2864 ὠνητοῖς
691 2795 807 2852 τοῖς
845 2785 1162 2863 ἀξιωτέροις
1214 2786 1387 2843 ἐνιοτε
1432 2784 1623 2861 ἄρχειν
1673 2783 1975 2859 προσφέρε-

306 2886 465 2953 σθαι,
506 2886 690 2945 κακῶς
718 2876 923 2941 είδότες
951 2878 1127 2933 καὶτὸ
1176 2881 1390 2954 φρονεῖν
1437 2875 1541 2930 ὑπὸ
1588 2880 1688 2943 τῆς
1732 2871 1973 2943 ἐξουσίας

305 2972 667 3052 ἂφηρημένοι
722 2969 815 3024 καὶ
871 2962 1234 3028 κακοϐούλως
1288 2969 1396 3020 τῶν
1450 2962 1716 3039 πρότριτα
1773 2961 1975 3017 λαυθα-

305 3047 544 3136 νόμενοι
799 3057 899 3112 Καὶ
958 3057 988 3110 ὁ
1048 3052 1312 3125 Μανουήλ
1366 3052 1544 3109 τοίνυν
1594 3049 1750 3107 οὐδὲν
1806 3047 1974 3126 ἄχαρι

307 3151 468 3227 ἔχων
522 3146 840 3223 ἐπεγκαλεῖν
900 3143 1129 3217 Ἀλεξίῳ
1183 3147 1263 3213 τῷ
1325 3141 1796 3218 πρωτοστράτορι,
1853 3137 1889 3208 ἤ
1948 3137 1978 3193 ὅ

1993 1860 2040 1925 Β

2069 571 2180 625 que
2237 557 2530 631 principes
2583 559 2944 616 formidolosi
3002 564 3141 616 sunt
3192 562 3543 633 suspicaces,
3604 580 3708 621 nec

2070 645 2297 701 inferno
2326 651 2385 702 et
2415 652 2601 704 morte
2632 648 3033 705 clementiores
3062 648 3123 703 in
3154 650 3296 704 viris
3330 651 3624 708 nobilibus
3649 657 3707 709 et

2067 737 2364 806 generosis
2421 754 2452 793 θ
2508 740 2700 797 medio
2749 740 3070 809 tollendis;
3122 745 3177 796 et
3237 745 3301 795 ut
3352 742 3482 798 alta
3537 746 3707 813 picem

2068 823 2369 883 levissimo
2400 835 2568 886 vento
2624 829 2893 902 impulsas
2925 847 3221 886 ramorum
3279 831 3501 887 aculeis
3563 833 3715 887 inter

2069 930 2132 970 se
2162 915 2384 973 collisis
2442 918 2724 990 stridunt,
2761 920 2845 974 sio
2873 919 2984 990 ipsi
3015 926 3072 975 et
3103 920 3336 975 divitem
3371 925 3714 991 suspectum

2072 1004 2287 1062 habent
2314 1012 2371 1062 et
2400 1008 2743 1065 fortitudine
2773 1009 3060 1082 insignem
3096 1009 3429 1065 formidant.
3466 1014 3580 1066 Nec
3602 1010 3717 1066 for-

2073 1110 2165 1149 ma
2197 1111 2298 1150 nec
2321 1096 2590 1153 facundia
2615 1114 2718 1155 nec
2739 1114 2969 1153 morum
3011 1099 3259 1154 comitas
3284 1097 3533 1171 insignis
3555 1100 3716 1171 quie-

2070 1188 2160 1239 tos
2190 1201 2287 1240 eos
2352 1202 2479 1242 esse
2513 1189 2834 1259 patiuntur,
2866 1188 2965 1242 sed
2999 1187 3155 1242 omni
3189 1204 3333 1259 pene
3357 1188 3487 1243 vita
3519 1187 3717 1243 suavi-

2072 1279 2188 1330 tate
2247 1277 2496 1348 privant,
2556 1279 2699 1334 adeo
2748 1282 2812 1333 ut
2870 1283 3138 1333 naturam
3194 1279 3382 1349 ipsam
3437 1282 3717 1334 accusent

2072 1365 2220 1435 quod
2256 1365 2401 1421 alios
2431 1367 2607 1423 etiam
2637 1366 2877 1423 idoneos
2910 1367 3153 1438 imperio
3194 1367 3459 1422 formarit
3491 1384 3595 1422 nec
3628 1366 3714 1437 ip-

2071 1469 2169 1509 sos
2201 1455 2421 1526 primos
2451 1460 2507 1512 et
2536 1461 2862 1527 postremos
2909 1455 3176 1512 omnium
3212 1456 3548 1512 mortalium
3582 1455 3716 1527 pul-

2071 1541 2394 1600 cherrimos
2453 1544 2703 1611 finxerit,
2754 1544 3079 1616 divinaeque
3129 1545 3511 1600 Providentia:
3544 1560 3721 1616 repu—

2072 1638 2331 1705 gnent,et
2350 1636 2634 1707 optimum
2660 1652 2953 1708 quemque
2974 1635 3218 1691 tollante
3244 1636 3434 1691 medio
3456 1640 3513 1690 et
3534 1635 3718 1690 instar

2070 1722 2392 1778 hostiarum
2434 1725 2785 1793 sacrificent,
2816 1724 2963 1781 187
3004 1729 3069 1779 ut
3098 1724 3211 1796 ipsi
3244 1734 3435 1779 melus
3476 1728 3533 1778 et
3571 1724 3722 1794 peri-

2079 1810 2194 1867 culi
2225 1817 2488 1884 expertes
2521 1813 2750 1885 publica
2779 1813 3083 1886 vectigalia
3114 1822 3393 1885 tanquam
3427 1812 3720 1884 privatum

2080 1900 2490 1971 patrimonium
2512 1918 2614 1973 pro
2637 1919 2741 1956 sua
2772 1901 3012 1957 libidine
3034 1902 3327 1957 effundere
3350 1906 3407 1956 et
3435 1900 3724 1973 ingenuos

2080 1989 2344 2044 homines
2403 2006 2503 2061 pro
2532 1990 2840 2062 mancipiis
2874 1994 3125 2045 tractare
3179 1989 3426 2060 possint,
3461 1989 3562 2059 qui
3617 1989 3729 2044 ali-

2078 2080 2309 2149 quando
2340 2079 2486 2152 ipsis
2529 2084 2670 2134 sunt
2698 2079 2946 2150 imperio
2979 2078 3297 2150 digniores.
3334 2080 3418 2133 Ita
3454 2078 3725 2149 potentias

2079 2169 2376 2241 fastigium
2424 2169 2798 2241 prudentiam
2829 2168 2915 2223 eis
2945 2167 3176 2234 adimit,
3209 2170 3265 2223 et
3295 2167 3553 2237 pristinae
3583 2182 3725 2223 con-

2078 2256 2316 2313 ditionis
2347 2256 2586 2312 stultam
2618 2256 2968 2312 oblivionem
2997 2255 3181 2311 afi‘ert.
3207 2256 3298 2309 Sic
3328 2253 3557 2310 Manuel
3590 2270 3733 2327 quo-

2079 2360 2193 2418 que
2250 2361 2384 2402 cum
2416 2346 2488 2402 ab
2550 2344 2750 2401 Alexio
2785 2348 3198 2417 protostratore
3242 2343 3405 2400 nulla
3464 2361 3524 2399 re
3572 2347 3730 2400 esset

2080 2435 2358 2506 offensus,
2390 2452 2496 2492 nec
2544 2437 2671 2506 ejus
2702 2435 2874 2491 fidem
2910 2439 2967 2490 et
3006 2432 3463 2490 benevolentiam
3498 2433 3734 2489 deside-

2080 2541 2208 2581 rare
2241 2530 2459 2597 posset,
2519 2541 2583 2580 ac
2614 2530 2844 2581 tenuem
2880 2541 2982 2596 pro
3022 2523 3251 2579 meritis
3280 2523 3332 2579 ei
3364 2522 3607 2595 gratiam
3640 2539 3734 2580 re-

2080 2615 2333 2682 tulisset,
2366 2614 2491 2671 sola
2548 2615 2883 2687 suspicione
2914 2614 3201 2670 adductus
3234 2618 3292 2669 et
3319 2612 3729 2685 improborum

2081 2703 2385 2759 hominum
2444 2703 2753 2759 calumniis
2782 2703 3100 2775 impulsus,
3143 2702 3282 2774 quia
3311 2718 3445 2758 eum
3474 2708 3531 2758 et
3561 2702 3725 2757 duci-

2082 2794 2193 2850 bus
2223 2797 2280 2848 et
2313 2794 2600 2849 militibus
2629 2810 2755 2849 esse
2786 2793 3026 2849 charum
3051 2793 3280 2848 videbat
3309 2799 3365 2848 et
3385 2791 3740 2848 liberalitate

2082 2898 2218 2955 erga
2248 2898 2453 2938 omnes
2486 2883 2591 2949 uti,
2636 2898 2967 2953 quanquam
2999 2882 3265 2938 fortassis
3298 2884 3470 2937 etiam
3503 2880 3738 2937 divitias

2083 2973 2212 3042 ejus
2242 2972 2391 3027 clam
2418 2970 2745 3044 appetebat,
2792 2969 3040 3026 Serdicae
3062 2986 3235 3040 agens
3268 2969 3563 3026 hominem
3597 2972 3729 3025 ante

2089 3060 2272 3116 lucem
2309 3076 2440 3116 eum
2472 3076 2652 3116 uxore
2682 3076 2787 3116 sua
2829 3060 3138 3117 cubantem
3171 3058 3628 3131 comprehendit,
3671 3060 3730 3113 et

2089 3149 2364 3206 omnibus
2393 3150 2604 3222 opibus
2655 3150 2969 3205 multatum
3002 3149 3061 3205 in
3093 3147 3515 3204 monasterium
3548 3145 3736 3218 quod-

309 3262 374 3296 τι
449 3238 597 3300 ὅλως
671 3233 1130 3311 παραλελύπηκεν
1187 3229 1225 3302 ἤ
1282 3228 1726 3305 παρηνώχλησεν
1783 3229 1819 3299 ἢ
1876 3233 1974 3297 τῆς

2090 3240 2220 3294 dam
2263 3239 2498 3312 Papycii
2531 3239 2747 3294 montis
2790 3238 3048 3310 conjicit.
3081 3237 3164 3296 Ne
3191 3241 3385 3294 autem
3419 3236 3475 3292 id
3512 3235 3739 3291 facinus

312 3327 696 3408 ὀφειλομένης
725 3325 940 3388 εὐνοίας
975 3322 1067 3378 καὶ
1096 3321 1330 3408 πίστεως
1386 3327 1665 3399 καθυφῆκε
1709 3317 1894 3408 βραχύ
1920 3338 1975 3372 τι

314 3407 412 3494 [Ρ.
474 3418 567 3490 94]
619 3420 750 3491 γοῦν
816 3411 1124 3489 ἀντίρῥοπα
1216 3407 1414 3485 δράσας
1498 3409 1571 3463 ὧν
1660 3408 1750 3463 ὑπ’
1807 3407 1976 3462 αὐτοῦ

312 3508 584 3565 πέπονθεν
617 3506 695 3576 εὖ,
751 3504 841 3559 καὶ
890 3503 965 3566 ὡς
1030 3500 1119 3556 ἐπὶ
1177 3504 1343 3578 ζυγοῦ
1399 3500 1499 3569 τήν
1558 3498 1745 3575 ἑτέραν
1795 3498 1979 3573 παρή-

308 3617 505 3674 νεγκεν
535 3594 873 3671 πλάστιγγα,
901 3590 952 3662 ἐξ
989 3588 1244 3652 ὑπονοίας
1289 3585 1348 3643 δὲ
1399 3588 1574 3661 μόνης
1623 3586 1977 3662 ὁρμώμενος,

313 3684 684 3761 κακοσχόλων
710 3686 900 3750 τινῶν,
952 3680 1026 3743 ὡς
1080 3680 1392 3754 ἄνθρωπος,
1452 3676 1719 3752 ὑπαχθεὶς
1765 3676 1981 3754 ὑφηγή-

310 3798 491 3845 σεσιν,
522 3775 584 3829 ἐκ
631 3775 732 3828 τοῦ
789 3771 885 3826 τὸν
937 3767 1107 3844 ἄνδρα
1155 3768 1285 3841 ὁρᾷν
1352 3766 1445 3821 καὶ
1502 3770 1829 3842 στρατηγοῖς
1885 3763 1977 3819 καὶ

308 3866 689 3944 στρατιώταις
764 3860 1040 3936 ἐρώμενον
1114 3858 1206 3913 καὶ
1281 3854 1569 3935 φιλοτίμῳ
1633 3856 1829 3932 γνώμῃ
1887 3856 1979 3911 καὶ

314 3942 477 4036 χειρὶ
528 3950 831 4034 φιλοδώρῳ
887 3950 1024 4025 πρὸς
1082 3949 1320 4036 ’ἅπαντας
1376 3947 1692 4036 γρώμενον,
1737 3942 1873 4036 ἴσως
1924 3943 1981 4001 δὶ

310 4028 553 4103 ionico?)-
586 4042 889 4118 προσόντος
929 4037 1079 4110 αὐτῷ
1138 4034 1382 4092 πλούτου
1441 4034 1728 4111 ὑποτύφων
1777 4028 1978 4113 ἔφεσιν,

317 4127 705 4207 συλλαμϐάνει
733 4132 929 4184 τοῦτον
961 4123 1166 4201 διάγων
1221 4122 1275 4179 ἐν
1328 4119 1596 4199 Σαρδικῇ,
1653 4124 1822 4196 μήπω
1861 4122 1979 4179 ἐπι-

245 4262 255 4270 .
319 4222 672 4301 φαυσκούσης
729 4217 962 4294 ἡμέρας.
1017 4219 1087 4290 τῇ
1128 4212 1302 4284 οἰκείᾳ
1353 4208 1433 4268 ἔτι
1490 4211 1980 4288 συγκατακείμενον

318 4296 653 4389 δμευνέτιδι,
706 4307 798 4362 καὶ
847 4304 910 4361 οὔ
963 4304 1126 4378 μόνον
1173 4307 1282 4358 τῶν
1334 4296 1505 4357 ὄντων
1547 4301 1792 4356 ἁπάντων
1850 4301 1985 4358 ἀπο-

316 4388 553 4481 γυμνοῖ,
584 4395 734 4454 ἀλλὰ
763 4395 854 4450 καὶ
887 4393 964 4456 είς
1000 4391 1243 4469 μοναχὸν
1300 4389 1594 4481 ἀποκείρας
1644 4388 1697 4446 ἐν
1743 4390 1822 4445 ἑνὶ
1873 4396 1982 4446 τῶν

306 4478 452 4549 κατὰ
481 4492 546 4547 τὸ
602 4484 887 4545 Ηαπύκιον
949 4480 1079 4557 ὅρος
1117 4479 1550 4560 φροντιστηρίων
1594 4478 1980 4555 παραῤῥιπτεῖ.

2084 3328 2403 3385 manifesta:
2436 3327 2665 3400 injuriae
2696 3328 3100 3397 damnaretur,
3132 3327 3501 3401 schphanlte
3526 3329 3735 3397 praete

2085 3424 2270 3487 erant,
2321 3418 2423 3490 qui
2454 3417 2688 3474 crimini
2716 3418 2922 3474 darent
2955 3434 3091 3474 eum
3140 3416 3381 3487 magicis
3431 3413 3736 3487 praestigiis

2084 3504 2498 3576 imperatorem
2551 3511 2743 3577 petere
2777 3528 2791 3573 ;
2824 3520 2951 3577 quze
2980 3505 3138 3561 haud
3171 3503 3291 3560 scio
3322 3520 3395 3559 an
3428 3504 3507 3558 ita
3536 3503 3733 3559 efﬁca-

2087 3610 2180 3650 ces
2210 3594 2327 3650 sint
2365 3595 2541 3664 (sane:
2592 3594 2826 3666 quidem
2858 3610 3030 3650 aures
3075 3594 3148 3649 ab
3204 3592 3537 3648 istiusmodi
3573 3608 3734 3647 com-

2086 3681 2302 3736 mentis
2333 3679 2485 3737 188
2508 3680 2846 3753 abhorrent)
2874 3685 2938 3735 ut
2960 3680 3257 3735 hominem
3289 3677 3544 3734 efﬁciant
3572 3678 3733 3732 volu-

2087 3787 2264 3839 crem,
2292 3770 2493 3843 itaque
2525 3770 2923 3842 perstringunt
2941 3768 3141 3824 oculos
3172 3772 3235 3823 ut
3256 3766 3454 3823 stricto
3487 3782 3626 3821 ense
3658 3766 3736 3820 ir-

2086 3877 2264 3915 ruens
2300 3875 2413 3914 non
2446 3858 2851 3931 conspiciatur.
2903 3857 3066 3923 Quod
3096 3873 3282 3929 genus
3309 3856 3408 3911 illa
3439 3864 3576 3912 sunt
3601 3871 3727 3926 quas

2088 3948 2268 4004 Graeci
2297 3948 2434 4004 olim
2459 3948 2529 4004 de
2550 3948 2758 4002 Perseo
2783 3946 3138 4002 fabulantur.
3175 3946 3387 4001 Eorum
3421 3943 3741 4000 calumnia-

2086 4041 2277 4092 torum
2311 4036 2579 4108 princeps
2620 4051 2747 4091 esse
2778 4035 3074 4091 ferebatur
3110 4038 3298 4090 Aaron
3334 4033 3610 4100 Isaacius,
3639 4031 3741 4101 qui

2089 4124 2369 4181 Corintho
2399 4142 2534 4181 cum
2585 4124 2810 4181 caeteris
2842 4125 2901 4179 in
2931 4123 3189 4180 Siciliam
3225 4123 3512 4179 abductus
3539 4122 3739 4193 ibique

2090 4214 2356 4270 Latinam
2396 4213 2661 4286 linguam
2693 4212 2979 4283 exquisite
3008 4212 3249 4268 edoctus
3280 4210 3616 4267 Latinorum
3649 4210 3737 4265 in-

2089 4306 2404 4374 terpretem
2449 4301 2659 4374 agebat
2706 4301 2856 4371 apud
2919 4300 3348 4372 imperatorem.
3400 4298 3577 4354 Alexii
3606 4314 3742 4354 vero

2090 4407 2254 4457 uxor,
2290 4388 2473 4446 Alexii
2503 4388 2879 4461 primogeniti
2914 4388 3110 4444 fratris
3141 4388 3424 4443 Manuelis
3454 4386 3597 4451 ﬁlia,
3629 4385 3745 4457 pie-

2088 4485 2208 4539 tate
2258 4482 2316 4537 in
2373 4480 2648 4538 maritum
2679 4484 2737 4535 et
2767 4478 3049 4550 pudicitia
3098 4478 3349 4550 insignis
3407 4485 3462 4533 et
3516 4476 3748 4532 illustre

306 4587 430 4644 .Iva
458 4579 515 4637 δὲ
575 4580 652 4652 μὴ
704 4575 743 4651 ᾖ
783 4574 848 4630 τὸ
896 4571 1162 4661 πραχθὲν,
1201 4569 1605 4661 ἀπροφάσιστον
1652 4568 1741 4661 καί
1802 4572 1974 4644 προῦ-

2091 4571 2398 4628 muliebris
2428 4586 2604 4626 sexus
2621 4572 3054 4635 ornamentum,
3090 4569 3307 4624 frustra
3340 4565 3453 4621 sibi
3485 4565 3593 4636 ipsi
3622 4581 3747 4621 ma-

314 4694 459 4730 πτον
490 4668 582 4726 διὰ
608 4669 772 4723 τοῦτο
808 4663 871 4719 τὸ
923 4658 1207 4738 βασιλικὸν
1252 4655 1498 4731 ἀδίκημά
1542 4676 1602 4712 τε
1644 4654 1735 4712 καὶ
1798 4656 1981 4733 ἄσχη-

322 4763 574 4837 μόνημα,
643 4756 723 4837 οἱ,
765 4750 1096 4829 συκοφάνται
1154 4754 1404 4823 παρῆσαν
1464 4744 1620 4820 ἐγγὺς
1699 4742 1981 4837 ὑφειμένοι

317 4831 559 4925 παρ’πῶν
595 4836 1006 4912 ὑπεϐλήθησαν,
1065 4836 1156 4894 καὶ
1210 4839 1462 4912 γοητεῖαι
1515 4835 1679 4925 κατὰ-
1713 4831 1983 4909 βασιλέως

317 4922 720 5010 ’τὰ-αἰτιάματα
750 4931 903 4987 οδπω
959 4928 1096 4986 πάνυ
1141 4949 1197 4984 τι
1245 4925 1465 4991 πιθαναὶ
1524 4929 1612 4981 καὶ
1662 4922 1986 5002 δρασκήριοι

329 5032 409 5094 ὡς
438 5031 617 5085 ποιεῖν
645 5023 740 5079 τὸν
771 5020 1114 5097 κεχρημένον
1156 5017 1458 5089 πετόμενον
1514 5013 1605 5069 καὶ
1654 5012 1784 5088 μηδ’
1836 5015 1984 5079 δλως

330 5120 608 5194 θεώμενον
663 5113 780 5167 καθ’
839 5110 912 5165 ὧν
971 5108 1034 5164 ἄν
1101 5106 1447 5169 ἐπεισπέσθαι
1505 5101 1807 5194 ξιφηφόρος
1862 5104 1985 5178 βού.

332 5192 513 5277 λοιτο,
555 5205 643 5261 καὶ
700 5199 837 5275 ἕτερ’
896 5196 1028 5254 ἄττα
1077 5194 1390 5272 βωμολόχα
1429 5192 1519 5247 καὶ
1567 5194 1757 5257 ἀκοαῖς
1807 5194 1983 5269 ὑγιαι-

319 5297 548 5359 νούσαις
576 5295 682 5350 οὐκ
718 5285 1108 5364 εὐπαράδεκτα,
1159 5286 1325 5340 ὁποῖα
1368 5281 1539 5339 πάλαι
1588 5285 1685 5338 τοῦ
1735 5283 1982 5357 Περσέως

2097 4678 2209 4718 nus
2239 4660 2441 4717 afferre
2477 4664 2706 4729 conata,
2750 4659 2825 4716 ad
2856 4657 3046 4731 patrui
3081 4658 3257 4731 pedes
3288 4656 3533 4729 supplex
3568 4657 3746 4710 advo-

2096 4750 2220 4806 iuta
2248 4765 2599 4822 summoque
2657 4765 2791 4805 cum
2825 4748 2984 4804 luctu
3015 4751 3070 4803 et
3101 4746 3475 4803 sanctissimo
3515 4744 3747 4814 jureju-

2095 4840 2277 4896 rando
2336 4839 2530 4895 mariti
2572 4838 2963 4897 innocentiam
3022 4841 3079 4894 et
3134 4853 3271 4908 erga
3328 4836 3742 4907 imperatorem

2096 4931 2268 4986 ﬁdem
2302 4933 2479 5000 atque
2533 4929 2961 4985 observantiam
3020 4927 3351 4993 testificata,
3409 4934 3748 4992 permovere

2092 5024 2291 5074 tamen
2342 5020 2470 5089 ejus
2501 5016 2762 5073 animum
2795 5018 2866 5072 ad
2922 5013 3405 5077 miscricordiam,
3466 5006 3739 5079 quamvis

2093 5106 2406 5164 miserabili
2433 5105 2765 5171 habitu,nec
2787 5102 3124 5160 asententia
3154 5100 3304 5155 189
3330 5098 3616 5153 deducere
3637 5110 3746 5166 po-

2092 5197 2217 5252 tuit.
2247 5196 2443 5267 Itaque
2465 5211 2532 5251 ex
2553 5198 2831 5266 perpetuo
2855 5206 3096 5248 mcerore
3118 5186 3455 5246 solitudinis
3478 5189 3533 5240 et
3558 5185 3743 5251 luctu,

2091 5290 2264 5343 castra
2298 5283 2542 5341 turturis
2584 5283 2787 5351 instar,
2813 5281 3025 5338 mentis
3053 5293 3245 5334 errore
3279 5292 3465 5348 usque
3511 5274 3582 5330 ad
3615 5272 3742 5331 obi-

1723 5426 1892 5490 Hier.
1925 5428 2138 5492 Woltii
2167 5435 2355 5490 notae.

398 5571 517 5643 (90)
539 5568 661 5643 Τῶν
720 5560 989 5643 πρότριτα
1049 5555 1466 5643 λανθανόμενοι.
1508 5553 1743 5643 _Referri
1772 5560 1988 5643 ‘p'otest

318 5626 440 5699 hoc
466 5626 557 5697 v'el
586 5639 661 5697 ad
690 5626 1047 5695 meritorum
1078 5637 1139 5689 et
1170 5626 1371 5688 rerum
1400 5632 1706 5701 gestarum
1734 5626 1987 5710 oblivio-

2096 5569 2254 5622 nem,
2286 5552 2377 5610 vel
2427 5553 2499 5611 ad
2558 5550 2927 5610 insolentiam
2978 5548 3241 5623 pristinae
3299 5546 3476 5607 sortis
3535 5546 3751 5606 imme-

2096 5641 2339 5683 morem.
