4066 6214
479 298 594 356 487
1791 287 2112 354 ΝΙΟΕΤΕ
2151 285 2574 354 ΟΗΟΝΙΑΤΕ
3715 301 3813 365 488

482 433 610 487 tum
642 432 849 488 aﬂ‘ecta
889 433 946 486 et
977 430 1106 486 tabe
1163 427 1423 484 confecta
1445 431 1558 496 est,
1615 427 1846 484 duobus
1872 425 2009 483 filiis
2039 443 2115 482 sui

2240 423 2654 502 λογοποιοῦντες
2719 425 3020 505 καηγόρευν
3103 426 3394 500 Ἕλληνες.
3459 428 3550 486 Ἢν
3623 427 3690 500 δέ,
3759 433 3820 495 ὡς

483 523 846 595 perstitibus.
880 522 948 574 At
975 518 1216 574 Alexius
1246 516 1476 590 nigrum
1511 516 1778 574 habitum
1827 516 2115 590 amplexu:

2239 511 2426 588 ᾔδετο,
2463 520 2574 572 τῶν
2613 521 2963 594 συκοφαντῶν
3020 521 3118 574 τοῦ
3166 513 3356 590 ἀνδρὸς
3387 517 3414 571 ὁ
3442 521 3822 596 προχειρότατος

481 614 676 668 divino
707 624 899 666 amore
939 607 1262 672 levabatur,
1317 607 1535 663 summi
1584 607 1722 662 boni
1775 605 2115 678 appetitiont

2239 607 2444 680 Ἀαρών
2491 627 2574 668 τις
2621 607 2908 677 Ἱσαάκιος,
2967 609 3288 682 Κορινθόθεν
3358 608 3448 682 μὲν
3527 610 3825 684 ὁρμώμενος,

481 701 852 770 acquiescens
905 700 962 750 et
993 697 1180 751 instar
1237 695 1449 766 aquilae
1496 696 1556 750 in
1591 694 1846 751 nubibus
1882 693 2115 750 volanti:

2237 695 2338 762 τήν
2400 693 2457 750 δὲ
2513 695 2770 752 Λατινίδα
2822 696 3072 772 γλῶτταν
3134 695 3311 772 ἄκρως
3363 695 3652 768 ἐξησκηκὼς
3693 701 3826 768 ἡνίκα

477 789 753 844 inferiora
825 783 1172 856 despiciens.
1237 784 1380 840 Cum
1440 789 1660 852 autem,
1718 784 1858 838 dum
1920 783 2115 855 opibus

2241 785 2578 862 συναπήχθη
2611 791 2729 848 τοῖς
2777 787 3110 858 πατριώταις
3161 785 3238 848 εἰς
3284 783 3524 840 Σικελίαν
3579 786 3830 862 αἰχμάλω-
3935 803 3946 814 '

476 877 776 944 attinebat,
844 891 1118 931 summus
1167 879 1391 930 amator
1443 879 1598 930 esset
1653 871 2017 930 lautitiarum
2075 887 2115 929 et

2237 893 2354 945 τος,
2414 874 2506 928 καὶ
2543 880 2660 936 τοῖς
2725 873 2786 930 ἐκ
2826 881 2927 945 τῆς
2968 872 3254 931 διαλέκτου
3299 873 3496 944 ταύτης
3538 880 3611 948 τῷ
3649 877 3831 950 βασιλεῖ

475 965 754 1022 οοῐινὶνιὶε
778 963 1179 1032 delectaretur,
1212 972 1387 1035 atque
1416 979 1620 1019 omnes
1647 961 1974 1034 voluptates
1999 977 2115 1018 coni

2240 961 2663 1038 ἐντυγχάνουσιν
2724 959 3030 1026 ὑποϐολεὺς
3084 967 3384 1035 τηνικαῦτα
3447 965 3736 1041 γενόμενος.
3777 967 3831 1022 Ἥ

476 1059 815 1113 sectaretur.
848 1058 904 1110 et
953 1053 1230 1108 carnibus
1263 1069 1367 1108 nec
1392 1052 1753 1122 jejuniorum
1801 1050 2032 1116 diebus,
2068 1061 2115 1105 ut

2239 1047 2296 1106 δὲ
2324 1057 2421 1108 τοῦ
2461 1055 2520 1109 Ἀ
2541 1053 2714 1123 Κεξίου
2768 1055 2928 1130 γυνὴ,
2981 1055 3224 1130 θυγάτηρ
3279 1051 3409 1109 οὖσα
3453 1057 3546 1108 τοῦ
3597 1073 3832 1130 πορφυρο-

479 1147 622 1202 feria
653 1151 860 1217 quarta
890 1148 946 1200 et
975 1143 1248 1214 septima,
1283 1159 1389 1198 nec
1418 1141 1552 1198 aliis
1583 1141 1948 1198 solemnibus
1973 1139 2115 1196 feriii

2237 1143 2496 1214 γεννήτου
2529 1140 2797 1212 ’Δλεξίοιη
2831 1143 2892 1208 ὅς
2921 1141 3287 1219 ἐπρωτοτόκει
3328 1147 3436 1198 τῶν
3474 1146 3566 1198 τοῦ
3605 1143 3832 1213 Μανουὴλ

479 1235 815 1304 abstineret,
848 1239 974 1289 tum
1005 1231 1204 1289 crudis
1237 1231 1434 1287 herbis
1464 1233 1522 1287 et
1551 1230 1738 1302 pomis
1768 1229 2108 1286 vescebatur

2237 1226 2509 1307 ἀδελφῶν,
2561 1229 2942 1308 ἐφιλοτιμεῖτο
3011 1232 3109 1306 μὶν
3165 1231 3360 1300 ἑαυτήν
3411 1229 3627 1304 ἀνελεῖν,
3670 1231 3834 1310 φιλαν-

467 1325 715 1398 jejuniis
746 1323 1060 1397 gaudebat,
1091 1338 1160 1378 ac
1188 1322 1425 1378 tandem
1451 1320 1716 1393 piscibus
1745 1319 1922 1376 etiam
1966 1317 2115 1374 festi:

2241 1316 2393 1394 δρίαν
2422 1319 2512 1374 καὶ
2563 1321 2918 1396 σωφροσύνην
2974 1318 3028 1376 ἒν
3083 1325 3203 1386 ταῖς
3259 1319 3495 1394 μάλιστα
3544 1324 3643 1376 τῶν
3689 1341 3836 1394 γυναι-

471 1418 679 1473 diebus
709 1433 812 1490 pro
854 1414 1080 1471 deliciis
1110 1412 1459 1470 suavissime
1487 1411 1852 1469 vescebatur.
1885 1409 2130 1474 Quoties

474 1510 671 1564 autem
703 1510 960 1561 veterum
1009 1501 1388 1575 cupediarum
1443 1506 1498 1556 et
1527 1501 1768 1556 curiosae
1814 1498 1976 1554 illius
2025 1514 2124 1569 po-

475 1595 626 1668 pinae
651 1594 1074 1660 recordabatur,
1103 1590 1478 1647 condimenta
1508 1589 1609 1644 illa
1634 1587 1779 1644 nihil
1808 1586 1970 1643 aliud
2001 1601 2115 1644 eset

2239 1585 2600 1662 έπικόσμημα
2652 1587 2744 1644 καὶ
2801 1585 3166 1665 περιλάλημα
3209 1593 3326 1652 τοῖς
3375 1593 3532 1644 πᾶσιν
3595 1587 3835 1662 ἐράσμιον·

477 1684 704 1740 dicebat
739 1683 850 1739 nisi
889 1681 1102 1738 ventris
1152 1679 1456 1736 fastidium
1493 1683 1551 1735 et
1606 1677 1898 1750 appetitus
1943 1677 2115 1734 irrita

2237 1678 2338 1730 τοῦ
2364 1675 2623 1732 τοιούτου
2664 1673 2712 1731 δ’
2762 1675 3168 1752 ἐγχειρήματος
3215 1675 3592 1752 ἒκκρουσθεῖσα
3637 1679 3837 1731 πεσοῦσα

475 1782 667 1831 menta
701 1791 714 1829 :
777 1776 1045 1828 naturam
1097 1769 1253 1826 enim
1287 1769 1492 1842 paucis
1522 1783 1652 1825 esse
1683 1772 2038 1836 contentam,
2070 1772 2115 1822 et

2241 1769 2640 1840 προσεκνυζᾶτο
2699 1771 2819 1830 τοῖς
2875 1771 2973 1823 τοῦ
3031 1766 3175 1822 θείου
3239 1767 3331 1823 καὶ
3395 1761 3652 1841 βασιλέως
3716 1764 3840 1835 ποσὶ,

473 1865 684 1920 bonam
737 1860 994 1932 corporis
1025 1859 1422 1915 habitudinem
1476 1857 1682 1930 quovis
1739 1856 1855 1914 cibi
1907 1872 2115 1930 genere

2231 1853 2319 1908 καὶ
2377 1851 2551 1910 έδεῖτο
2607 1855 2923 1929 κοπτομένη
2981 1856 3307 1932 θερμότερον
3368 1857 3544 1934 φήνης
3612 1858 3710 1928 (91)
3756 1869 3838 1922 καὶ

468 1969 630 2023 aeque
659 1949 1004 2007 conservari.

2231 1939 2608 2018 ἐλεεινότερον,
2703 1941 3012 2020 δρακόντων
3105 1944 3520 2022 ὀδυνηρότερον,
3607 1941 3838 2007 ἀλκυόνος

471 2037 992 2112 πολυπενθέστερον,
1086 2037 1416 2112 χαρίσασθαι
1492 2035 1582 2090 τὸν
1658 2031 1823 2108 ἃνδρα
1897 2034 2060 2108 αὐτῇ,
2143 2035 2528 2107 μαρτυρομένη
2605 2035 2756 2102 Θεὸν,
2830 2034 2919 2091 καὶ
2995 2036 3044 2092 εἲ
3117 2037 3169 2092 τί
3245 2057 3355 2093 που
3429 2032 3682 2114 φρικῶδες
3745 2037 3842 2095 τοῖς

470 2124 753 2184 εὒσεϐοὖσι
817 2133 1048 2203 πρᾶγμα
1104 2126 1195 2181 καὶ
1253 2121 1434 2198 ὄνομα
1497 2120 1961 2199 ἆπαραλόγιστον,
2018 2123 2154 2178 εἶναι
2208 2128 2309 2191 τῆς
2364 2121 2574 2177 ἐκεινου
2633 2123 2913 2200 βασιλείας
2971 2125 3270 2202 θεράποντα
3337 2126 3429 2181 καὶ
3506 2121 3842 2179 ἀκαταιτίατον

471 2219 644 2294 πάντῃ
677 2219 768 2274 τὸν
801 2218 1022 2288 εύνέτην
1085 2216 1275 2286 αὐτῆς.
1335 2214 1492 2272 Ἀλλ’
1552 2214 1652 2270 οὐκ
1731 2213 1930 2289 ’ἰσχυσε
1989 2213 2312 2286 μεταθέσθαι
2365 2214 2464 2282 τήν
2525 2214 2754 2287 γνώμην
2809 2221 2906 2271 τοῦ
2965 2214 3392 2292 αὐτοκράτορος,
3459 2211 3570 2270 οὐδ’
3617 2209 3843 2267 ἀναλῦσαι

474 2309 620 2372 ὅλως
650 2311 785 2385 ἅπερ
812 2305 1008 2380 ἐκῦίνῳ
1037 2303 1144 2377 ἤδη
1203 2303 1480 2380 κεκύρωτό
1536 2323 1656 2366 πως
1707 2304 1801 2359 καὶ
1859 2300 2104 2372 δέδοκτο,
2163 2303 2254 2358 καὶ
2319 2307 2488 2360 ταῦτα
2539 2304 2644 2368 ἓως
2702 2302 2947 2382 δακρύων
3005 2306 3168 2363 αὐτὸν
3223 2307 3315 2362 καὶ
3377 2306 3470 2378 θέᾳ
3523 2301 3716 2377 ἐλεεινῇ
3764 2300 3843 2354 καὶ

475 2401 755 2474 σχήμασιν
832 2395 1114 2468 ἱλασίμοις
1189 2395 1278 2450 καὶ
1357 2393 1593 2469 ῥήμασιν
1667 2392 1910 2468 οἰκτροῖς
1979 2391 2342 2462 ἐκθηλύνασα.
2401 2394 2629 2469 Ἀμέλει
2703 2397 2793 2454 καὶ
2864 2399 2960 2454 τὸν
3035 2395 3373 2476 φιλοδακρον
3448 2394 3644 2475 ἔχουσα
3727 2392 3847 2447 κατᾶ

473 2490 568 2552 τὰς
627 2488 1050 2568 φιλοσώφρονας
1104 2485 1370 2562 τρυγόνας
1429 2485 1496 2539 τὰ
1551 2481 1811 2540 οἰκόπεδα
1866 2483 2208 2558 περιέτρυζεν
2265 2482 2628 2559 ὀλολύζουσα,
2704 2486 2794 2542 καὶ
2866 2488 2966 2556 τὴν
3041 2488 3277 2561 μόνωσιν
3359 2484 3680 2560 ἀπωδύρετο·
3743 2482 3843 2536 ’ὀθεν

473 2579 563 2632 καὶ
600 2583 670 2652 τῇ
744 2571 1098 2652 περισσοτέρᾳ
1175 2573 1322 2647 λύπῃ
1393 2577 1760 2629 καταποθεῖσα
1829 2575 1892 2629 τὸ
1967 2581 2184 2651 φρονεῖν
2257 2576 2698 2650 παρακέκοπται,
2767 2578 2860 2634 ἐπὶ
2935 2578 3120 2634 παισὶν
3197 2578 3391 2656 ἂῤῥεσι
3465 2575 3578 2633 δυσὶ
3613 2577 3671 2631 τὸ
3719 2573 3844 2648 βίοῦν

475 2669 878 2744 καταχαίνουσα
935 2665 1026 2722 καὶ
1085 2666 1280 2735 έαυτήν
1335 2664 1411 2727 εἷς
1464 2662 1624 2728 τέλος
1677 2663 2170 2738 καταμαραίνουσα.
2231 2669 2328 2722 Καὶ
2389 2666 2631 2740 Ἀλέξιος
2693 2670 2788 2742 μὲν
2845 2670 2907 2725 τὸ
2993 2667 3162 2744 μέλαν
3229 2669 3609 2744 ἀσπασάμενος
3672 2663 3842 2741 ἃμφιον

471 2766 588 2822 τοῖς
650 2759 814 2823 θείοις
891 2757 1204 2833 έκουφίζετο
1262 2749 1448 2830 ἔρωσι,
1505 2757 1602 2809 τοῦ
1673 2753 1971 2830 ἀκροτάτου
2022 2761 2129 2812 τῶν
2183 2755 2384 2832 ἐφετῶν
2439 2759 2718 2838 ἐφιέμενος
2773 2760 2864 2816 καὶ
2919 2761 2993 2822 ὡς
3064 2761 3340 2835 ὑψιπέτης
3372 2760 3522 2822 ἀετὸς
3575 2760 3675 2813 τῶν
3723 2751 3846 2810 κάτω

477 2846 932 2922 ὑπεριπτάμενος,
1011 2841 1385 2920 Κρεωδαισίας
1457 2841 1505 2898 δ’
1578 2841 1742 2916 ἄκρος
1816 2839 1890 2897 ὢν
1967 2842 2195 2918 ἐρασνὴς
2267 2847 2356 2902 καὶ
2430 2849 2744 2922 καρυκείαις
2821 2847 3030 2924 χαίρων
3073 2850 3388 2926 βρωμάτων
3427 2847 3516 2905 καὶ
3553 2841 3848 2909 πανθοινίαι(

479 2935 890 3009 προσκείμενος,
941 2935 1178 3005 ὁπηνίκα
1233 2931 1460 3006 πλούτῳ
1489 2932 1690 3006 πολλῷ
1719 2933 2056 3010 περιερρεῖτο
2086 2934 2176 2989 καὶ
2231 2941 2349 3000 τοῖς
2382 2937 2518 2992 κατὰ
2559 2939 2766 3012 κόσμον
2799 2937 3079 3004 ἐνεῦπάθει
3105 2940 3365 3003 τεόπνοῖς
3391 2941 3657 3015 τερπνοῖς,
3685 2933 3751 2994 ὡς
3777 2927 3848 2985 καὶ

481 3026 576 3090 τὰς
647 3023 948 3098 νηστίμους
1025 3029 1133 3080 τῶν
1209 3024 1296 3094 [Ρ.
1337 3026 1428 3096 95]
1502 3025 1722 3096 ἡμερῶν
1801 3019 2068 3098 (Τετράδα
2140 3023 2284 3101 φημὶ
2359 3026 2450 3080 καὶ
2527 3029 2898 3102 Ηαρασκευὴν)
2943 3023 3255 3104 κρεωϐόρον
3313 3030 3468 3099 αύτῷ
3505 3022 3848 3100 παρατίθεσθαι

479 3118 770 3188 τράπεζαν,
813 3113 846 3185 ἤ
889 3121 1220 3184 Δεσποτικῆς
1295 3113 1434 3169 κατὰ
1505 3114 1702 3174 ταύτας
1773 3111 1998 3182 τελετῆς
2072 3112 2348 3188 ἀγομένης
2421 3115 2457 3185 ἢ
2537 3117 2764 3190 μνήμης
2840 3113 3056 3188 ἐνδόξου
3135 3103 3414 3195 μάρτυρος
3473 3103 3846 3187 τελουμένηςῆ

475 3227 624 3268 τινος
697 3212 806 3262 τῶν
884 3201 1101 3260 ὀπαδῶν
1171 3207 1280 3259 τῶν
1358 3205 1617 3277 Χριστοῦ,
1692 3201 1814 3257 τότε
1888 3207 2190 3281 ποηφαγῶν
2264 3203 2353 3258 καὶ
2424 3210 2545 3267 ταῖς
2593 3205 2838 3280 ὀπώραις
2875 3205 3264 3280 ἐνξστιώμενος
3330 3206 3422 3262 καὶ
3469 3211 3584 3260 ταῖς
3623 3200 3848 3257 ἀκάπνοις

477 3295 618 3358 θύων
675 3298 785 3349 τῶν
838 3298 1117 3368 τραπεζῶν
1170 3290 1262 3346 καὶ
1313 3290 1376 3345 τὸ
1442 3293 1632 3363 πεινῆν
1689 3294 1887 3344 πεινῶν
1945 3289 2216 3364 ἀτεχνῶς,
2275 3293 2374 3366 ὀψὲ
2430 3291 2487 3349 δὲ
2543 3295 2632 3350 καὶ
2702 3294 2908 3371 ἰχθύων
2964 3294 3291 3372 ἐνεορτάζων
3372 3300 3494 3360 ταῖς
3562 3287 3847 3367 παραθέσεσι

468 3382 686 3462 ἔχαιρεν
761 3382 846 3436 ’ὁτι
926 3381 1182 3454 μάλιστα,
1255 3379 1346 3434 καὶ
1427 3379 1652 3452 μνήμην
1725 3381 1832 3432 τῶν
1905 3380 2184 3454 προτέρων
2260 3377 2553 3456 λαμϐάνων
2626 3385 3026 3459 ὀψαρτυμάτων
3102 3385 3192 3441 καὶ
3265 3393 3376 3457 τῆς
3435 3385 3710 3459 περιέργου
3757 3379 3845 3430 τῶν

470 3478 644 3550 κρεῶν
721 3470 1076 3548 δαιτρεύσεως
1151 3470 1420 3544 ἀκκισμὸν
1493 3467 1679 3524 ἐκάλει
1753 3467 1969 3532 κοιλίας
2043 3471 2134 3525 καὶ
2210 3470 2436 3546 ὀρέξεως
2515 3469 2741 3546 μέθοδον
2819 3475 2916 3528 ὅσα
2991 3475 3046 3530 οἱ
3075 3471 3394 3554 ἀδδηφάγοι
3445 3473 3535 3530 καὶ
3571 3465 3846 3547 κρεωφάγοι

469 3563 834 3638 προτίθενται,
869 3563 945 3636 μή
997 3559 1250 3616 δύνασθαι
1301 3555 1550 3634 Αέγοντες
1601 3561 1700 3612 τοῦ
1756 3554 1888 3633 ἄίγαν
1951 3559 2259 3634 ὑποχαλᾷν·
2311 3567 2414 3618 πᾶν
2471 3564 2571 3637 γὰρ
2628 3566 2692 3619 τό
2748 3565 3174 3640 παρατιθέμενον
3235 3563 3439 3622 εἰδέναι
3487 3564 3551 3620 τὸ
3607 3559 3848 3634 σωμάτιον

469 3659 714 3727 συνιστᾷν
746 3654 835 3710 καὶ
867 3654 1069 3723 εύεείας
1102 3653 1236 3706 εἶναι
1264 3651 1574 3722 ποιητικόν.
2853 3663 2860 3672 δ

541 3747 744 3802 Utrum
777 3763 908 3802 vero
937 3744 1217 3810 vindicta,
1241 3745 1706 3798 cumtotmanus
1737 3744 1794 3797 et
1826 3740 2115 3813 pedcsha-

2301 3743 2368 3798 Τί
2409 3739 2466 3796 δὲ
2495 3743 2530 3811 ἡ
2582 3741 2718 3819 φίλη
2769 3739 2894 3814 δίκη
2926 3760 2940 3812 ;
2973 3744 3075 3817 ἆρα
3122 3743 3422 3807 πολύπους
3473 3741 3567 3799 καὶ
3608 3738 3845 3811 πολύχειρ

2239 1412 2350 1462 κῶν
2407 1408 2728 1484 ἀγαπήσασα
2806 1409 2898 1466 καὶ
2979 1413 3280 1484 τιμήσασα,
3338 1411 3427 1466 καὶ
3498 1414 3602 1466 τῶν
3655 1407 3708 1465 ἐκ
3757 1413 3836 1465 τοῦ

2236 1498 2422 1573 γένους
2472 1496 2785 1576 θηλυτέρων
2843 1497 3196 1556 καλλιστεῖον
3256 1498 3390 1556 οὖσα
3465 1497 3551 1554 καί
3620 1497 3834 1573 λαμπρὸν

463 3836 617 3904 beat,
634 3851 763 3891 cum
796 3837 962 3890 acute
981 3833 1135 3887 190
1149 3831 1346 3886 omnia
1370 3829 1678 3903 perspiciat
1702 3833 1758 3886 et
1780 3830 2114 3900 patentibus

464 3927 701 3999 praedita
733 3929 811 3982 sit
843 3923 1105 3992 auribus,
1126 3922 1508 3992 obliviscitur,
1531 3939 1604 3978 an
1636 3937 1751 3978 non
1783 3923 2119 3980 considerat

468 4020 568 4071 aut
589 4016 823 4088 penitus
856 4011 1072 4070 inultas
1111 4011 1366 4083 praeterit
1394 4009 1769 4082 impudentes
1799 4009 2116 4068 calumnias

464 4107 517 4159 et
541 4103 948 4160 accusationes
977 4102 1266 4158 bonorum
1321 4099 1577 4156 virorum
1603 4099 1632 4154 ?
1689 4115 1806 4155 non
1859 4099 2112 4166 utique:

467 4192 569 4246 scd
597 4197 718 4246 tum
777 4207 1008 4264 quoque
1037 4189 1356 4246 declaravit
1387 4205 1453 4244 ea
1485 4204 1548 4244 se
1605 4189 1927 4261 perspicere
1987 4205 2115 4260 quas

462 4279 524 4335 in
553 4282 776 4336 telluris
830 4279 1148 4336 receSaitius
1190 4282 1464 4350 aguntur,
1499 4283 1556 4334 et
1609 4278 1860 4334 obscura
1901 4277 2115 4350 lingula

467 4386 771 4425 murmura
827 4368 1122 4425 exaudire.
1154 4369 1238 4422 An
1292 4383 1425 4422 vero
1457 4367 1788 4439 imperatori
1834 4367 2006 4424 etiam
2041 4367 2113 4423 ob

464 4457 736 4527 iniquum
797 4458 952 4512 istud
1005 4456 1233 4512 facinus
1279 4457 1702 4526 succensuerit,
1761 4472 1879 4514 non
1934 4456 2113 4528 hujus

465 4547 742 4617 temporis
774 4549 864 4601 est
903 4545 1112 4601 dicere.
1136 4547 1448 4616 Oportebat
1470 4551 1626 4602 certe
1655 4546 1892 4619 quidem
1923 4544 2112 4614 illum,

469 4637 538 4689 ut
592 4633 780 4690 virum
822 4635 1164 4706 prudentem
1215 4640 1271 4691 et
1324 4652 1436 4692 non
1471 4636 1794 4706 indoctum,
1831 4651 1948 4692 non
1981 4651 2111 4706 pro.

466 4726 664 4796 pterea
710 4725 869 4798 quod
918 4723 1096 4781 Alexii
1153 4739 1365 4782 nomen
1403 4726 1662 4782 alittera
1717 4727 1763 4780 A
1811 4725 2112 4796 inciperet,

469 4829 600 4870 eum
659 4818 724 4870 ut
776 4813 1174 4871 insidiatorem
1226 4821 1282 4872 et
1335 4830 1733 4871 successorem
1784 4819 2114 4886 suspectum

473 4904 704 4973 habere,
762 4906 864 4962 sed
899 4903 1130 4978 imperii
1180 4903 1441 4959 habenas
1471 4904 1520 4958 ei
1555 4903 1854 4970 mandare,
1906 4901 2004 4974 qui
2053 4918 2116 4959 se

462 4996 525 5052 in
556 4995 903 5070 Apocalypsi
935 4994 1181 5052 Joannis
1211 4993 1578 5064 evangelista:
1608 4997 1664 5049 et
1693 4993 1950 5065 theologi
1984 4996 2026 5046 Δ
2058 4997 2116 5049 et

2229 3832 2360 3887 οὖσα
2415 3829 2706 3908 ὀξυδερκής
2749 3853 2818 3888 τε
2860 3833 2951 3888 καὶ
2999 3830 3334 3909 πανδερκὴς,
3385 3834 3477 3890 καὶ
3539 3833 3724 3907 μικροῦ
3759 3845 3846 3880 πο-

2229 3917 2390 3994 δῆρες
2420 3921 2482 3974 τὸ
2516 3919 2609 3982 οὗς
2641 3917 2866 3998 ἔχουσα,
2922 3919 3171 3992 λήθεται,
3202 3921 3238 3991 ἤ
3273 3923 3383 3978 οὐκ
3434 3921 3601 3977 ἒννοεῖ
3625 3917 3660 3989 ἤ
3688 3913 3847 3972 τέλεον

2227 4008 2485 4084 παρίησιν
2518 4006 2846 4080 ἀνεκδίκητα
2903 4009 3002 4065 ὅσα
3050 4009 3139 4067 ἐπί
3183 4031 3329 4066 τισιν
3379 4007 3614 4071 ἀναιδῶς
3662 4006 3708 4060 οἱ
3747 4005 3843 4056 τῶν

2227 4097 2548 4155 ἔπαινετέων
2575 4102 2879 4175 κατήγοροι
2934 4100 3338 4177 συῤῥάπτουσιν
3396 4099 3622 4166 ἔκδικα;
3661 4095 3848 4168 Οὗμεν·

2227 4190 2338 4255 οὖν,
2395 4186 2542 4244 ἀλλὰ
2601 4188 2951 4269 παρυπέφηνε
3006 4189 3096 4244 καὶ
3152 4190 3281 4246 τότε
3340 4191 3418 4254 ὡς
3475 4189 3540 4244 τὰ
3592 4185 3642 4241 ἒν
3706 4181 3849 4256 μυχῷ

2224 4282 2325 4352 γῆς
2357 4273 2513 4351 διορᾷ
2539 4275 2630 4332 καὶ
2685 4277 2753 4332 τὰ
2800 4277 2904 4332 ὑπὸ
2960 4277 3208 4354 γλῶτταν
3259 4278 3580 4350 ἔνωτίζεται
3621 4274 3852 4344 τονθορύ-

2225 4365 2446 4438 ζόμενα.
2478 4364 2546 4423 Εί
2611 4365 2707 4438 μὲν
2753 4363 2847 4421 οὖν
2892 4367 2978 4422 καὶ
3045 4367 3262 4442 βασιλεῖ
3319 4366 3611 4442 ἐνεμέσησε
3654 4369 3748 4432 τῆς
3783 4357 3849 4431 μὴ

2224 4453 2437 4512 ἐνδίκου
2487 4456 2717 4527 ταυτησὶ
2783 4457 3047 4532 πράξεως,
3117 4456 3180 4512 οὐ
3231 4463 3335 4516 τοῦ
3393 4458 3658 4534 παρόντος
3707 4468 3854 4507 κατα-

2225 4543 2400 4622 λέγειν
2454 4549 2666 4621 καιροῦ·
2724 4539 2833 4601 ἔδει
2892 4543 2950 4600 δὲ
3010 4546 3176 4620 σοφὸν
3245 4542 3381 4604 ὄντα
3441 4545 3537 4602 τὸν
3615 4535 3852 4606 Μανουήλ

2229 4635 2360 4710 μηδ’
2389 4637 2572 4710 ἀμαθῆ
2603 4656 2663 4692 τε
2691 4636 2785 4691 καὶ
2838 4631 3222 4716 ἀναλφάϐητον
3273 4638 3389 4714 οὐχ
3438 4638 3516 4701 ὡς
3567 4630 3853 4703 διαδεξόμε-

2222 4747 2311 4781 νον
2339 4723 2542 4782 ἒκεῖνον
2572 4725 2662 4781 καὶ
2707 4732 2808 4795 τῆς
2864 4725 3046 4802 ἀρχῆς
3093 4725 3492 4801 παραλύσαντα
3527 4727 3590 4782 τὸ
3633 4727 3677 4780 Α
3713 4737 3854 4791 περι-

2225 4817 2560 4892 εργάζεσθαι,
2613 4813 2742 4870 ἀλλ’
2800 4813 2986 4889 ἐκείνῳ
3043 4816 3110 4871 τὰ
3163 4820 3264 4872 τοῦ
3349 4815 3548 4894 ἄρχειν
3619 4809 3852 4867 ἀνάπτειν

2223 4904 2496 4979 πείσματα
2525 4903 2586 4967 ὃς
2612 4904 2749 4960 εἷναί
2781 4925 2914 4982 φησι
2962 4905 3024 4960 τὸ
3065 4913 3109 4960 Λ
3149 4906 3242 4960 καὶ
3286 4907 3353 4962 τὸ
3408 4915 3478 4978 Ω,
3518 4904 3779 4961 τοττέστιν
3823 4897 3856 4963 ἦ

2226 4993 2374 5068 ἀρχή
2405 4993 2494 5047 καὶ
2525 4992 2589 5047 τὸ
2615 4992 2800 5062 τέλος,
2830 4993 2907 5057 ὡς
2962 4993 3222 5064 Ἰωάννης
3269 4995 3298 5049 ὁ
3343 4991 3734 5070 εὐαγγελιστὴς
3774 4982 3857 5042 καὶ

457 5092 520 5152 Ω,
553 5085 662 5142 hoc
691 5090 783 5142 est
831 5084 1186 5157 principium
1208 5086 1266 5138 et
1297 5083 1497 5148 ﬁnem,
1521 5098 1650 5138 esse
1684 5082 1845 5151 dicit,
1877 5083 1970 5140 cui
2003 5082 2114 5140 uti-

2231 5079 2496 5156 Θεολύγος
2524 5079 2577 5136 ἐν
2606 5083 2675 5154 τῇ
2709 5080 3082 5156 ’Λποκαλύψει
3115 5078 3359 5138 διδάσκει
3395 5101 3487 5158 με’
3521 5081 3585 5138 οὐ
3615 5081 3716 5156 γὰρ
3751 5073 3860 5131 λεί·

459 5193 572 5246 que
602 5177 762 5234 aliud
790 5183 838 5232 A
868 5193 984 5232 non
1015 5176 1359 5232 defuturum
1392 5178 1536 5231 erat.

529 5269 580 5323 7.
657 5265 1126 5326 Calumniatores
1203 5263 1436 5338 quidem
1513 5264 1658 5322 alias
1733 5264 1832 5322 alii
1907 5280 2112 5338 prunas

2222 5191 2310 5226 πει
2330 5175 2410 5244 τῷ
2439 5174 2557 5244 Θεῷ
2583 5173 2650 5229 Α.

2297 5261 2358 5331 ζ’.
2404 5259 2546 5322 Τοὺς
2603 5261 2938 5328 συκοφάντας
2997 5263 3186 5336 μέντοι
3244 5263 3520 5338 μετῆλθε,
3578 5260 3664 5317 καὶ
3718 5253 3864 5327 me

1837 5411 2006 5474 Hier.
2037 5407 2260 5472 Wolfii
2289 5414 2477 5471 notae.

536 5557 645 5643 (9!)
675 5560 1014 5643 βερμὸτερον
1042 5567 1236 5643 φήνῃς.
1275 5567 1462 5625 Verba
1493 5567 1578 5624 sic
1609 5568 1822 5624 sonant
1853 5582 1867 5621 :
1905 5561 2197 5621 Ardentius
2228 5569 2280 5618 et
2308 5559 2685 5619 miserabilius
2719 5559 2918 5636 fulica,
2944 5561 3272 5622 draconibus
3294 5569 3580 5631 mmtius,
3613 5561 3866 5634 halagora:

459 5631 773 5705 lugubrius'.
