4066 6214
238 421 363 484 489

1328 418 1432 480 DE
1475 415 2295 501 MANUELEJﬁOMNONO
2337 419 2488 484 LIB.
2532 424 2642 486 IV.

3531 431 3652 496 490

240 555 338 628 μὶν
379 547 561 623 ἄλλην
618 547 776 621 δίκην
835 547 1086 621 ἐπέθηκε,
1139 554 1222 622 τῷ
1270 546 1317 604 δ’
1370 550 1582 624 ’Λαρὼν
1637 543 1883 624 ἐπέϐρισε

2000 552 2304 623 dederunt,
2335 559 2528 611 Aaron
2569 572 2701 613 vero
2759 557 3136 630 gravissimas
3193 563 3481 636 omnium,
3523 567 3651 626 suis

239 642 661 722 χαλεπώτερον,
715 647 837 702 ταῖς
871 639 1074 703 οῗκείας
1125 637 1388 713 ἀρπεδόσι
1430 639 1901 714 περισχοινίσασα.

239 733 372 791 Μετ’
404 731 468 786 ού
499 730 678 787 πολὺν
708 731 815 805 γὰρ
864 751 985 785 τινα
1040 730 1241 804 χρόνον
1298 729 1574 785 ἁλίσκεται
1638 727 1888 804 μαγείαις

238 819 628 898 προσανέχων,
685 819 777 874 καὶ
836 818 1130 888 προύκειτο
1191 816 1448 898 χελώνης
1513 812 1744 894 ἔκφορον
1797 817 1894 890 μί-

245 931 432 984 μημα,
523 903 676 964 ἔνδον
747 909 930 982 στέγον
997 914 1096 977 τῆς
1167 905 1368 982 χέλυος
1426 906 1900 984 ἀνθρωπόμορφον

244 1001 502 1074 ε’κασμα,
533 996 909 1071 πεπεδημένον
940 995 1106 1078 ἄμφω
1136 999 1214 1051 τώ
1243 993 1377 1053 πόδε
1423 996 1513 1052 καὶ
1561 997 1626 1051 τὸ
1675 994 1895 1070 στέρνον

241 1088 593 1162 ἐληλαμένον
641 1087 770 1160 ἥλῳ
818 1085 1136 1162 διαμπερές.
1219 1085 1403 1142 Ἐάλω
1453 1083 1509 1140 δὲ
1555 1083 1644 1140 καὶ
1699 1082 1895 1160 βίϐλον

244 1179 672 1251 Σολομώντειον
726 1176 1050 1245 ἀνελίττων,
1107 1177 1230 1246 ἣτις
1305 1173 1747 1248 ἀναπτυσσομένη
1839 1195 1896 1230 τε

237 1268 329 1326 καὶ
373 1266 716 1344 διερχομένη
775 1266 912 1322 κατά
959 1264 1234 1343 λεγεῶνας
1291 1261 1539 1340 συλλέγει
1606 1265 1695 1318 καὶ
1755 1284 1896 1339 παρ-

241 1361 424 1431 ίστησι
468 1360 538 1414 τά
619 1354 895 1432 δαιμόνια,
961 1359 1222 1431 συχνάκις
1281 1353 1754 1428 ἀναπυνθανόμενα
1811 1353 1896 1432 ἐφ’

236 1448 355 1523 δτῳ
383 1445 842 1523 προσκέκληνται,
890 1446 981 1500 καὶ
1044 1446 1109 1500 τὸ
1166 1443 1585 1517 ἐπιταττόμενον
1645 1442 1897 1499 ἐπισπεύ-

239 1535 409 1594 δοντα
438 1540 723 1611 περατοῦν,
773 1534 863 1590 καὶ
922 1534 1221 1609 προθύμως
1279 1531 1488 1609 δρῶντα
1543 1535 1606 1590 τὸ
1659 1531 1892 1590 κελευό-

237 1648 425 1701 μενον.
458 1627 575 1684 Ούκ
601 1623 688 1681 έπί
719 1624 934 1685 τούτοις
966 1621 1023 1678 δὶ
1056 1623 1223 1698 μόνον
1273 1623 1477 1697 Ἀαρὼν
1547 1621 1889 1693 συνείληττο,

236 1715 386 1772 αλλ-ά
441 1715 535 1770 καὶ
595 1714 679 1768 ὅτι
739 1711 1012 1788 βασιλέως
1071 1710 1303 1767 ἐνώπιον
1367 1705 1702 1767 ὑποϐάλλων
1743 1709 1805 1774 ἃς
1833 1707 1893 1764 ἔκ

232 1811 346 1861 τῶν
390 1801 658 1877 δυσμόθεν
719 1801 884 1857 ἰθνῶν
943 1799 1270 1875 ἀφικόμενοι
1327 1794 1583 1874 πρέσϐεις
1635 1797 1890 1871 ἐκόμιζον

2010 642 2134 714 ipse
2163 643 2390 716 laqueis
2419 646 2699 704 irretitus.
2733 652 2858 704 Non
2919 651 3102 708 multo
3156 653 3311 710 enim
3360 661 3490 727 post
3520 673 3656 716 eum

2011 735 2212 804 magiae
2245 735 2574 792 studiosum
2607 754 2736 793 esse
2765 745 3132 811 compertum
3164 746 3277 812 est,
3309 746 3366 799 et
3407 746 3654 803 simula-

2005 837 2167 877 crum
2199 824 2510 880 testudinis
2540 825 2855 896 prolatum,
2891 829 2949 884 in
2983 847 3098 902 quo
3130 835 3252 887 erat
3307 831 3499 905 imago
3539 835 3649 892 ho-

2006 910 2204 976 minis,
2237 912 2331 979 qui
2367 914 2570 968 ambos
2602 915 2776 982 pedes
2807 916 3060 974 habebat
3089 919 3146 974 in
3181 923 3560 993 compedibus
3591 927 3648 980 et

2004 1005 2207 1070 pectus
2232 1000 2390 1056 clavo
2447 1003 2816 1059 transfixum.
2875 1006 2975 1062 Est
3031 1013 3087 1062 et
3134 1007 3349 1065 librum
3383 1011 3645 1068 Solomo-

2004 1087 2167 1142 nium
2199 1089 2462 1146 evolvere
2519 1092 2936 1164 deprehensus,
2991 1095 3090 1166 qui
3149 1112 3283 1152 cum
3323 1097 3645 1171 legebatur,

2001 1175 2258 1248 legiones
2288 1180 2616 1234 daemonum
2650 1182 2797 1236 191
2849 1183 3195 1256 adducebat,
3244 1187 3496 1244 subinde
3552 1190 3644 1244 in-

2000 1267 2420 1337 terrogantium
2452 1284 2588 1324 cum
2610 1269 2874 1324 accersiti
2941 1276 3158 1342 essent,
3189 1291 3252 1330 se
3293 1276 3466 1346 jussa
3522 1276 3651 1334 ala-

2001 1353 2178 1410 criter
2207 1355 2675 1426 exsequentium.
2708 1361 2825 1414 Nec
2857 1375 2970 1414 una
3002 1359 3122 1416 hazc
3180 1378 3359 1420 causa
3398 1365 3509 1421 fuit
3540 1382 3647 1422 cur

1998 1445 2514 1512 comprenderetur
2569 1448 2783 1512 Aaron,
2833 1449 2930 1504 sed
2991 1447 3092 1504 illa
3148 1450 3322 1507 etiam
3379 1456 3642 1511 accessit.

1997 1531 2142 1588 Cum
2170 1532 2626 1591 Occidentalium
2659 1537 2924 1607 gentium
2956 1537 3280 1610 legationes
3335 1548 3646 1613 exponeret

1995 1625 2052 1676 et
2082 1621 2448 1693 imperatoris
2483 1624 2770 1680 voluntati
2802 1641 2898 1680 eas
2929 1643 3047 1683 non
3079 1628 3358 1700 refragari
3407 1631 3645 1701 videret,

1996 1709 2056 1765 in
2088 1725 2203 1766 una
2234 1711 2627 1782 postulatione
2657 1713 2876 1784 legatos
2907 1715 3182 1789 objurgat
3212 1722 3276 1773 ut
3305 1717 3556 1775 nimium
3571 1721 3644 1777 ad

1989 1800 2153 1870 jussa
2178 1803 2547 1873 exsequenda
2568 1807 2825 1874 paratos,
2841 1809 3154 1876 monetque
3177 1810 3238 1861 ut
3269 1808 3648 1866 adversentur

239 1890 518 1968 ἀγγελίας,
544 1889 633 1945 καὶ
682 1891 759 1963 μὴ
814 1885 1217 1962 δυσαχθοῦντας
1276 1887 1419 1962 ὁρῶν
1475 1885 1611 1961 πρὸς
1669 1885 1736 1941 τὰ
1789 1887 1883 1939 τοῦ

1997 1905 2186 1960 neque
2214 1893 2335 1946 tam
2365 1889 2532 1946 facile
2563 1893 2960 1948 assentiantur
2991 1911 3004 1949 :
3037 1893 3095 1950 id
3127 1894 3280 1952 enim
3337 1896 3422 1953 eis
3478 1896 3642 1956 lucro

250 1980 524 2058 βασιλεως
550 1976 855 2052 θελήματα,
888 1974 1212 2047 ἐπιπλήττει
1243 1975 1458 2038 τούτοις
1505 1976 1560 2029 ἓν
1625 1979 1723 2049 μιᾷ
1776 1979 1883 2029 τῶν

1995 1979 2135 2048 fore,
2168 1979 2566 2050 maioremque
2597 1980 2846 2052 gratiam
2878 1983 3032 2054 apud
3065 1982 3475 2055 imperatorem
3523 1987 3643 2044 ini-

242 2072 518 2142 αἰτήσεων
548 2070 618 2131 ὡς
664 2068 802 2143 πρὸς
850 2067 946 2129 τάς
999 2064 1310 2130 καταθέσεις
1355 2063 1777 2139 ἒτοιμοῤῥόποις
1830 2086 1888 2120 τε

232 2161 328 2217 καί
360 2156 634 2226 εύκόλοις,
655 2158 748 2213 καὶ
781 2155 1102 2226 ὑποτίθησιν
1131 2153 1420 2211 ἀντιτεῖναι
1469 2155 1606 2230 πρὸς
1662 2154 1725 2209 τὸ
1776 2158 1884 2210 τῶν

234 2251 576 2323 ζητημάτων
631 2251 926 2319 τηνικαῦτα
981 2248 1341 2319 προκείμενον
1393 2245 1482 2301 καὶ
1545 2247 1620 2318 μὴ
1683 2243 1887 2322 ῥᾳδίως

231 2342 384 2396 οὕτω
438 2339 535 2394 καὶ
627 2337 689 2393 ἐκ
757 2337 984 2412 πρώτης
1037 2332 1482 2404 καθυπενδοῦναι,
1533 2334 1608 2398 ὡς
1653 2333 1886 2390 ἒντεῦθεν

226 2428 629 2506 κερδανοῦντας
657 2428 746 2482 καὶ
778 2425 964 2505 φιλίαν
1000 2425 1169 2499 μείζω
1202 2423 1263 2480 ἐκ
1297 2423 1568 2500 βασιλέως
1615 2425 1720 2480 κάκ
1775 2428 1883 2480 τῶν

229 2518 619 2597 ὁμογλώττων
649 2515 826 2572 πλείω
872 2517 1060 2588 τιμήν.
1114 2514 1215 2572 Καὶ
1257 2514 1380 2568 τότε
1431 2514 1525 2588 μὲν
1569 2516 1654 2587 [Ρ.
1705 2516 1796 2587 96]
1846 2515 1882 2583 ἡ

230 2607 476 2678 διάλεξις
521 2605 836 2677 διελέλυτο,
869 2605 1127 2684 ἀφώρατα
1161 2607 1242 2675 τῷ
1293 2602 1509 2678 βασιλεῖ
1565 2602 1763 2674 θεμένη
1818 2600 1886 2656 τὰ

223 2695 413 2754 τοιαδι
442 2701 544 2753 τοῦ
577 2695 790 2771 ’Δαρὼν
821 2694 1013 2772 εἶσηγή
1027 2713 1170 2766 ματα
1197 2693 1286 2748 καὶ
1317 2696 1398 2764 τῷ
1438 2698 1538 2760 τῆς
1592 2687 1884 2745 διαλέκτου

227 2785 484 2864 διαφόρῳ
539 2785 609 2841 τά
671 2779 902 2856 ἕκθεσμα
982 2783 1266 2857 σκέμματα
1340 2781 1687 2836 συσκιάσασα·
1749 2779 1885 2834 κατὰ

230 2875 404 2951 μόνας
433 2873 494 2932 δὲ
523 2876 594 2931 τά
630 2869 1012 2950 προϐληθέντα
1053 2876 1160 2927 τῶν
1211 2868 1540 2943 ζητημάτων
1584 2871 1618 2938 ἡ
1665 2867 1882 2942 βασιλὶς

223 2966 611 3036 ἆναπειιπάζει
666 2963 837 3041 φρενὶ,
897 2962 1114 3025 Δατινῖς
1176 2958 1308 3016 οὖσα
1363 2961 1425 3014 τὸ
1462 2959 1612 3034 γένος
1659 2958 1884 3012 καὶτῶν

224 3056 548 3132 λεγομένων
582 3049 823 3129 ἀκριϐῶς
854 3058 1112 3122 συνιεῖσα,
1144 3051 1232 3106 καί
1293 3048 1654 3104 ἀνακαλύπτει
1713 3046 1885 3102 πάντα

224 3151 307 3216 τῷ
338 3144 558 3200 ἄνακτι.
590 3144 652 3202 Ὀ
683 3140 728 3199 δ’
759 3141 847 3198 ἐπὶ
897 3147 1015 3204 τοῖς
1074 3140 1436 3213 ἠκουσμένοις
1503 3137 1882 3211 ἀγανακτήσας

219 3239 404 3296 κακῶς
433 3235 530 3289 τὸν
555 3233 774 3307 Ἀαρὼν
803 3231 1008 3302 τίθησι,
1039 3234 1146 3284 τῶν
1198 3248 1257 3284 τε
1314 3225 1612 3307 ὀφθαλμῶν
1659 3225 1723 3281 τὸ
1763 3229 1878 3302 φῶς

216 3323 558 3397 ἀμαυρώσεις
651 3323 742 3376 καὶ
799 3327 900 3390 τῆς
984 3317 1169 3379 ούσίας
1224 3317 1406 3386 πάσης
1476 3314 1874 3387 ἀποστερήσας.

217 3410 536 3488 Κακοεργὸς
567 3407 614 3465 δ’
645 3405 718 3464 ὥν
748 3411 776 3464 6
820 3409 1060 3483 Ἀαρὼν,
1089 3405 1182 3462 καὶ
1214 3403 1456 3480 λιχνείαν
1490 3405 1699 3482 φύσεως
1755 3401 1878 3475 περὶ

214 3502 283 3558 τά
311 3503 576 3578 χείριστα
608 3497 911 3574 δυστυχῶν,
940 3497 994 3560 ἐς
1023 3496 1245 3570 ὕστερον
1279 3493 1471 3569 ἐνῆγεν
1520 3491 1870 3568 ’Δνδρόνικον

216 3592 633 3665 τυραννήσαντα
667 3589 745 3662 μὴ
780 3585 946 3661 μέχρι
995 3587 1090 3640 τού
1146 3585 1426 3641 ἐκκόπτειν
1480 3585 1607 3645 τοὺς
1664 3581 1877 3661 ὀφθαλ-

221 3679 364 3753 μοὺς
392 3682 497 3749 τήν
555 3681 662 3733 τῶν
726 3676 1062 3754 ἀντιφρόνων
1117 3673 1306 3747 ἐκείνῳ
1361 3673 1661 3747 τιμωρίαν,
1718 3691 1874 3746 περι-

217 3775 375 3842 εστᾷν
425 3767 558 3824 ἀλλ’
614 3767 650 3837 ἤ
718 3767 943 3831 θάνατον
1009 3765 1261 3820 ἁπάντων
1329 3761 1792 3841 καταψηφίζεσθαι
1833 3761 1870 3831 ἢ

1995 2071 2157 2123 turos
2189 2071 2246 2124 et
2277 2085 2311 2123 a
2338 2069 2461 2124 suis
2491 2069 2874 2142 popularibus
2906 2070 3037 2142 plus
3069 2071 3308 2130 honoris
3357 2090 3640 2132 consecu-

1995 2165 2169 2213 turos.
2201 2161 2283 2214 Ac
2310 2159 2435 2213 tum
2462 2157 2518 2212 id
2553 2157 2910 2229 colloquium
2934 2159 3290 2232 diremptum
3311 2167 3400 2219 est
3447 2164 3640 2236 impe-

1992 2250 2182 2302 ratore
2211 2246 2283 2302 ob
2317 2246 2502 2303 Latini
2533 2247 2822 2304 sermonis
2851 2247 3203 2320 imperitiam
3235 2251 3380 2323 quid
3413 2251 3637 2309 dictum

1991 2338 2145 2391 esset
2164 2334 2482 2406 ignorante.
2507 2339 2787 2392 Caeterum
2807 2336 3149 2410 imperatrix
3169 2340 3410 2397 natione
3434 2341 3640 2399 Latina

1989 2428 2047 2480 et
2076 2423 2363 2480 sermonis
2392 2423 2553 2481 illius
2583 2424 2969 2497 peritissime,
3000 2427 3314 2499 propositis
3363 2430 3638 2501 quaestio-

1991 2512 2167 2568 nibus
2185 2515 2429 2569 seorsim
2455 2513 2862 2583 consideratis,
2892 2515 3231 2587 imperatori
3252 2519 3488 2589 exponit
3517 2535 3636 2577 om-

1990 2600 2124 2663 nia;
2158 2601 2258 2672 qui
2290 2602 2374 2657 ira
2395 2607 2724 2659 commotus
2751 2604 2964 2659 Aaroni
2996 2611 3050 2660 et
3079 2604 3271 2662 visum
3316 2611 3373 2662 et
3430 2623 3636 2666 omnes

1989 2688 2292 2758 facul,ates
2317 2689 2624 2760 eripit.Sed
2647 2693 2718 2759 is,
2738 2697 2804 2747 ut
2823 2693 2998 2748 homo
3023 2694 3324 2752 maleficus
3345 2700 3403 2751 et
3425 2703 3637 2756 natura

1991 2795 2312 2851 propensus
2342 2782 2410 2836 ad
2434 2780 2672 2852 scelera,
2705 2786 2838 2851 post
2870 2787 3073 2839 auctor
3126 2784 3257 2852 fuit,
3305 2787 3634 2845 Andronico

1980 2870 2105 2940 jam
2137 2886 2332 2924 rarum
2366 2886 2468 2941 per
2496 2871 2612 2926 vim
2656 2873 2857 2944 potito,
2919 2877 2983 2928 ut
3037 2875 3418 2932 excaecatione
3472 2877 3630 2935 haud

1989 2963 2299 3014 contentus
2321 2959 2680 3016 adversarios
2702 2965 2803 3016 aut
2831 2960 3001 3033 plane
3032 2964 3318 3021 occideret
3355 2967 3508 3023 που
3531 2971 3634 3024 aut

1987 3048 2355 3120 gravioribus
2378 3050 2683 3120 suppliciis
2707 3057 3014 3122 coerceret,
3041 3053 3299 3125 exemplo
3322 3061 3531 3130 suopte
3563 3057 3634 3114 ad

1987 3152 2116 3192 eam
2150 3137 2471 3193 orationem
2497 3139 2963 3195 confirmandam
3013 3157 3174 3211 usus,
3209 3143 3308 3214 qui
3331 3149 3388 3200 et
3419 3145 3636 3203 viveret

1988 3234 2040 3282 et
2065 3231 2391 3282 moveretur
2412 3230 2470 3282 et
2498 3227 2745 3297 spiraret
2774 3233 2830 3284 et
2851 3228 3186 3301 loqueretur
3219 3237 3278 3288 et
3324 3236 3638 3293 consilium

1991 3317 2127 3372 dare
2159 3320 2398 3386 posset:
2433 3331 2622 3387 neque
2669 3317 2824 3373 enim
2883 3335 3164 3375 manuum
3225 3320 3277 3376 vi
3333 3321 3635 3392 duntaxat,

1989 3406 2090 3461 sed
2121 3405 2324 3476 lingua
2347 3404 2523 3460 etiam
2555 3422 2718 3478 aeque
2750 3410 2923 3478 atque
2953 3419 3119 3464 acuto
3149 3409 3344 3481 gladio
3367 3412 3633 3484 jugulari

1987 3493 2513 3563 inimicos.Adjecit
2539 3502 2597 3549 et
2626 3493 2739 3550 alia
2768 3495 3093 3552 inhumana
3113 3503 3632 3573 nugamenta,qui-

1987 3587 2097 3642 bus
2129 3586 2475 3643 iracundum
2511 3585 2673 3641 illum
2705 3590 2764 3642 et
2795 3603 3091 3644 morosum
3149 3591 3515 3648 seneeionem
3556 3595 3630 3649 ad

1983 3676 2171 3732 caedes
2201 3675 2640 3747 propensiorem
2674 3675 2823 3732 fecit.
2855 3677 3037 3747 Cujus
3095 3679 3347 3751 improbi
3397 3681 3625 3739 consilii

1982 3765 2138 3821 hunc
2169 3765 2424 3820 fructum
2455 3764 2616 3829 tulit,
2647 3769 2712 3819 ut
2742 3763 2813 3820 ab
2837 3765 3055 3822 lsaacio
3086 3767 3326 3837 Angelo,
3357 3769 3458 3840 qui
3501 3771 3617 3826 An-

220 3859 552 3935 βαρυτέραις
628 3853 992 3934 ἐκμοχλεύειν
1058 3853 1366 3920 κολάσεσιν,
1443 3852 1629 3906 ἑαυτὸν
1701 3851 1868 3913 τιθεὶς

1992 3853 2285 3909 ironicum
2313 3851 2557 3922 imperio
2579 3853 2800 3921 evertit,
2829 3858 3109 3910 venenata
3137 3855 3189 3910 ei
3221 3855 3422 3928 lingua
3475 3876 3624 3930 prte-

213 3948 288 4010 εἷς
321 3943 680 4021 παράδειγμα
707 3945 990 4008 κάντεῦθεν
1034 3943 1394 4015 πιστούμενος
1451 3941 1517 3996 τὰ
1566 3939 1860 4018 λεγόμενα,

1971 3943 2275 3999 cideretur.

215 4037 401 4107 ζῶντά
425 4056 487 4091 τε
533 4035 622 4090 καὶ
697 4034 1017 4108 κινούμενον
1094 4031 1185 4086 καὶ
1258 4031 1490 4086 πνέοντα
1562 4028 1652 4084 καὶ
1728 4027 2096 4105 φθεγγόμενον
2137 4028 2226 4084 καὶ
2304 4023 2700 4106 συμφράδμονα
2775 4029 2906 4084 εἶναι
2981 4026 3296 4102 δυνάμενον,
3369 4034 3460 4090 καὶ
3539 4039 3615 4110 μὴ

217 4127 393 4199 μόνον
422 4122 517 4180 διὰ
570 4127 772 4199 χειρῶν
803 4117 1124 4188 ἀντιλαϐἦς,
1185 4120 1328 4176 ἀλλὰ
1383 4119 1471 4174 καὶ
1547 4115 1637 4173 διὰ
1708 4117 1964 4192 γλώττης
2038 4115 2207 4187 αὒτῆς
2285 4116 2411 4171 ὡσεὶ
2466 4115 2556 4170 καὶ
2611 4115 2885 4194 μαχαίρας
2947 4119 3122 4192 ὀξείας
3171 4119 3627 4199 ἀποδειροτομεῖν

208 4216 486 4292 ἱσχύοντα
512 4215 604 4269 τὸν
633 4210 929 4286 ἆντίδοξον,
960 4212 1051 4267 καὶ
1125 4204 1261 4286 ἕτερ’
1335 4206 1464 4264 ἅττα
1538 4207 1754 4285 φλύαροι
1826 4207 1918 4261 καὶ
1994 4207 2328 4282 ἀπάνθρωπα
2404 4203 2804 4282 ὑφηγούμενος,
2839 4203 2906 4261 δι’
2949 4208 3021 4261 ὡν
3053 4209 3115 4263 τὸ
3163 4210 3629 4285 ἀκροχολώτατον

208 4305 392 4361 ἰκεῖνο
446 4305 535 4359 καὶ
597 4301 969 4358 ὕποδύσκολον
1023 4302 1116 4356 τὸν
1161 4299 1362 4374 τρόπον
1417 4299 1694 4374 γερόντιον
1755 4301 2168 4376 χαιρησιφονεῖν
2228 4295 2315 4350 ἐπὶ
2385 4293 2599 4368 μᾶλλον
2655 4293 2980 4370 έπώτρυνεν.
3057 4300 3149 4354 Ὧν
3221 4299 3288 4370 δὴ
3369 4310 3630 4380 πονηρῶν

209 4389 560 4452 διαϐουλίων
610 4393 702 4448 καὶ
755 4391 1136 4470 παραιφάσεων
1192 4389 1387 4463 πικράν
1442 4385 1732 4448 ἀποτιννὺς
1784 4380 2025 4459 ἀμοιϐην
2079 4389 2156 4458 τῷ
2212 4386 2496 4460 γεννήτορι
2560 4384 2772 4459 Ἀαρὼν
2831 4387 2859 4441 6
2907 4386 3018 4453 τόν,
3057 4386 3399 4466 Ἀνδρόνικον
3474 4393 3633 4453 ὕστε-

212 4506 315 4553 ρον
348 4490 453 4553 τῆς
505 4483 688 4560 ἀρχῆς
716 4482 961 4538 καθελὼν
996 4479 1259 4541 Ἰσαάκιος
1287 4479 1315 4533 6
1345 4477 1609 4553 Ἀγγελος
1643 4476 1883 4551 ἐκτέμνει
1912 4476 2014 4546 τήν
2055 4473 2218 4530 αὐτοῦ
2274 4473 2547 4551 γλῶτταν,
2615 4474 2926 4555 συναφελεῖν
2983 4498 3043 4534 τε
3096 4479 3188 4534 καὶ
3245 4489 3483 4559 σφανιεῖν
3536 4486 3630 4543 τὸν

209 4576 305 4634 ἰπὶ
337 4574 546 4646 ταύτης
575 4570 818 4629 σπεύδων
846 4572 952 4628 ίόν.

285 4719 350 4772 Ὀ
409 4714 470 4772 δὲ
532 4713 788 4789 βασιλεὺς
843 4712 1107 4782 Μανουῆλ
1164 4706 1430 4784 ἐπέϐλεψέ
1508 4729 1640 4765 ποτε
1713 4709 1872 4782 θυμῷ

2048 4705 2275 4763 Manuel
2307 4722 2440 4762 vero
2465 4705 2784 4778 imperator
2810 4709 3071 4768 Selerum
3124 4713 3369 4772 Setbum
3427 4720 3486 4774 et
3523 4720 3633 4776 Mi-

211 4803 446 4881 πλαγίῳ
476 4802 568 4858 καὶ
598 4803 804 4872 κινήσει
860 4798 1056 4874 ἰνδίκῳ
1102 4800 1239 4855 κατά
1283 4802 1385 4854 τοῦ
1443 4799 1700 4870 ΣκΛηροῦ
1759 4794 1874 4863 Σὴθ

211 4896 438 4949 καὶτοῦ
494 4887 780 4948 Σικιδίτου
828 4890 1086 4966 Μιχαὴλ,
1135 4888 1254 4954 ὅθεν
1306 4888 1394 4943 καὶ
1431 4886 1714 4962 προστάξει
1742 4883 1872 4940 τού-

211 5005 315 5038 του
342 4988 468 5043 τοῖς
491 4980 720 5042 οἷ’κείαις
750 4975 934 5054 ὄψεσιν
977 4976 1142 5056 ἄμφω
1197 4977 1289 5033 τὸν
1351 4973 1572 5050 σίδηρον
1631 4971 1871 5044 ἐδέξαντο

217 5073 464 5142 σίζοντα,
511 5068 664 5143 λόγῳ
725 5068 820 5142 μὶν
871 5066 1232 5142 ἀστρονομίας
1286 5064 1568 5140 ἐχόμενοι,
1623 5060 1765 5138 ἔργῳ
1818 5060 1875 5118 δὲ

222 5159 587 5236 μαγγανείαις
627 5158 1016 5234 προσκείμενοι
1073 5156 1163 5211 καὶ
1217 5151 1610 5228 δαιμονώδεσιν
1668 5153 1875 5227 ὲτέροις

221 5253 606 5327 φενακισμοῖς.
644 5247 706 5305 Ὀ
745 5248 834 5302 αὶν
881 5246 984 5322 γὰρ
1043 5243 1295 5319 Σκληρὸς
1350 5242 1624 5318 έπιγάμου
1677 5242 1877 5314 παρθέ-

220 5361 321 5395 νου
350 5337 463 5413 ἤρα
493 5337 585 5392 καὶ
635 5335 822 5412 ἐπείρα
860 5332 1154 5410 λαμπρῶς,
1210 5332 1603 5407 παρορώμενος
1660 5328 1717 5386 δὲ
1773 5329 1876 5385 ὑπὸ

219 5436 325 5499 τῆς
401 5429 576 5504 κόρης
649 5424 740 5480 καὶ
816 5421 1180 5496 ἁδοξούμενος
1254 5421 1471 5479 στέλλει
1542 5419 1712 5495 ταύτῃ
1790 5418 1880 5475 διά

223 5519 559 5593 προαγωγοῦ
619 5533 770 5575 τινος
820 5511 1049 5588 γυναίου
1107 5510 1287 5585 μῆλον
1338 5510 1628 5586 Περσικόν.
1689 5511 1748 5568 Ἥ
1823 5507 1880 5566 δὲ

222 5607 496 5681 παρθένος
554 5600 893 5675 καταθεμένη
952 5606 1118 5658 τοῦτο
1183 5605 1262 5674 τῷ
1327 5599 1522 5674 κόλπῳ
1571 5598 1877 5672 ὲκμαίνεται

226 5695 383 5772 μάλα
413 5695 651 5769 δήπρὸς
696 5686 876 5770 ἔρωτα
929 5691 1020 5746 καὶ
1077 5688 1394 5770 ἀφροδισίου
1456 5689 1878 5764 ὑποπίμπλαται

555 5827 824 5888 Panos.
869 5823 984 5885 Gs.
1029 5819 1352 5886 CXXXIX.

1984 4794 2246 4853 chaelem
2278 4795 2570 4851 Siciditem
2590 4795 2754 4865 justa
2776 4797 2863 4852 ira
2883 4804 3395 4870 permotusctecari
3423 4806 3627 4880 jussit,

1981 4886 2082 4958 qui
2113 4885 2224 4940 sub
2257 4885 2626 4941 astronomiae
2658 4887 3019 4958 professione
3054 4892 3252 4964 magiae
3309 4897 3366 4949 et
3408 4895 3628 4951 daemo-

1983 4991 2124 5030 num
2156 4973 2504 5044 imposturis
2533 4990 2770 5047 operam
2803 4975 3042 5033 dabant.
3061 4979 3203 5036 Nam
3229 4980 3462 5037 Sclerus
3491 4998 3627 5039 cum

1984 5063 2243 5121 nubilem
2275 5064 2591 5134 quamdam
2622 5063 3098 5137 virginem,aqua
3119 5069 3625 5142 contemnebatur,

1985 5153 2290 5209 adamarat
2315 5167 2379 5206 ac
2412 5151 2720 5207 manifeste
2761 5152 3120 5224 sollicitaret,
3178 5171 3277 5226 per
3332 5159 3530 5213 lenam
3573 5159 3628 5216 ei

1987 5241 2207 5297 malum
2233 5239 2524 5295 Persicum
2560 5238 2741 5293 mittit
2773 5258 2787 5306 ;
2822 5255 2936 5309 quo
2970 5240 3156 5310 puella
3196 5242 3254 5296 in
3309 5243 3504 5300 sinum
3539 5263 3630 5303 re-

1987 5337 2172 5402 cepto,
2205 5343 2402 5382 amore
2431 5331 2488 5381 et
2521 5324 2761 5382 libidine
2791 5329 3114 5393 insaniens,
3146 5330 3218 5385 ab
3239 5329 3337 5388 illo
3367 5348 3632 5392 corrum-

1990 5421 2165 5493 pitur,
2193 5416 2346 5472 198
2378 5414 2580 5488 puellae
2612 5433 2744 5473 vero
2776 5418 3005 5488 cognati
3037 5417 3265 5476 lacinus
3295 5420 3354 5478 id
3397 5423 3638 5500 indigne

1989 5509 2260 5571 ferentes,
2301 5508 2359 5560 et
2416 5508 2654 5560 strenue
2712 5508 2914 5561 contra
2969 5507 3290 5564 demonem
3349 5514 3641 5582 pudicitiae

1991 5594 2318 5669 puellarum
2356 5591 2640 5648 infestum
2675 5598 2732 5648 et
2763 5609 2936 5666 pomo
2967 5595 3152 5652 instar
3180 5599 3427 5658 malefici
3485 5604 3646 5664 illius

1994 5688 2283 5762 serpentis
2342 5684 2741 5756 insidiantem,
2801 5702 2950 5760 quas
3012 5690 3279 5747 castitate
3361 5698 3645 5769 tanquam

3251 5821 3326 5881 16
