4068 6196
494 341 622 410 1191

1827 332 2145 397 ΝΙΟΕΤΔΞ
2182 336 2617 401 (ΖΗΟΝΙΑἿἋΕ
3730 360 3835 431 492

507 478 744 539 Edemio
765 477 933 533 horto
962 470 1225 542 ejiceret,
1264 466 1670 536 vociferantes,
1716 466 2035 526 ell‘eeerunt
2094 472 2147 526 ut

2272 470 2517 549 ονεστρου,
2584 470 2676 527 καὶ
2732 470 2893 535 τέλος
2951 468 3283 547 διακορεῖται
3340 476 3460 550 παρ’
3510 477 3675 542 αὐτοῦ.
3715 488 3769 546 Οἱ
3798 452 3846 548 δὶ

504 575 634 644 ejus
666 574 901 639 aspectu
936 564 1173 634 penitus
1232 556 1578 628 privaretur,
1631 572 1807 629 quam
1865 557 2164 630 impudice

504 660 828 733 aspexerat.
860 652 1131 710 Sicidites
1159 664 1294 705 vero
1328 648 1642 721 praestigiis
1673 647 2028 721 quibusdam
2073 666 2164 706 re-

502 766 633 807 rum
660 760 864 803 earum
899 743 1271 811 conspectum
1296 738 1599 810 eripiebat,
1627 754 1772 810 quas
1793 738 1945 794 oeuli
1968 740 2162 795 intue-

504 841 808 906 bantur,et
835 840 992 891 totas
1018 834 1349 886 dmmonum
1381 828 1647 885 cohortes
1705 830 2061 886 immittebat
2087 830 2162 886 iis

506 946 654 1003 quos
686 926 913 983 volebat
945 924 1270 977 exterritos.
1304 920 1444 973 Cum
1488 924 1681 973 autem
1732 917 2050 990 aliquando
2094 935 2163 976 ex

502 1018 749 1075 editiore
782 1016 981 1089 palatii
1014 1013 1145 1067 loco
1177 1010 1512 1066 naviculam
1545 1008 1789 1065 vidisset
1811 1025 1927 1080 qua
1948 1006 2075 1065 ollas
2104 1010 2161 1064 et

503 1112 713 1184 patina
744 1106 1132 1165 vehebantur,
1166 1104 1425 1155 astantes
1456 1098 1830 1171 interrogavit
1868 1098 2007 1169 quid
2053 1099 2161 1154 da-

503 1199 621 1255 turi
656 1200 874 1257 essent.
907 1194 956 1249 si
991 1191 1248 1247 efﬁceret
1303 1197 1365 1243 ut
1416 1191 1597 1242 nauta
1652 1187 1905 1243 alienata
1942 1190 2158 1255 mente,

502 1286 874 1358 navigatione
899 1281 1144 1349 omissa,
1165 1293 1325 1333 remo
1357 1276 1428 1331 ad
1456 1275 1914 1332 eomminuenda
1958 1274 2160 1332 ﬁctilia

503 1380 786 1433 uteretur.
807 1371 913 1438 Qui
938 1386 1074 1427 eum
1107 1366 1596 1434 eipollicerentur
1618 1363 1904 1437 quidquid
1956 1373 2159 1437 postu-

500 1465 891 1531 lasset,nauta
913 1459 1088 1533 paulo
1107 1461 1244 1530 post
1265 1454 1545 1527 exsurgit,
1577 1460 1637 1511 et
1655 1470 1795 1510 vasa
1843 1469 1958 1510 non
1991 1454 2157 1526 prius

503 1556 676 1611 ferire
704 1551 924 1607 destitit
946 1563 1124 1621 quam
1166 1546 1224 1601 in
1279 1544 1573 1617 pulverem
1632 1542 1971 1615 redegisset.
2033 1545 2155 1610 Quo

502 1646 814 1714 conspecto
837 1639 924 1695 illi
965 1641 1083 1694 risu
1101 1635 1306 1700 emoti,
1333 1633 1552 1690 factum
1579 1632 1725 1688 illud
1744 1633 2107 1689 admirantes
2137 1648 2153 1688 :

502 1738 683 1790 nauta
712 1746 847 1787 vero
882 1728 1055 1800 paulo
1088 1729 1219 1797 post
1247 1722 1427 1779 barba
1476 1722 1765 1794 prehensa
1823 1721 2151 1793 lamentari,

499 1826 813 1892 amotaquc
875 1817 1128 1885 caligine
1172 1814 1249 1869 ita
1279 1827 1339 1868 se
1369 1815 1434 1866 ut
1462 1811 1547 1866 ira
1579 1809 1841 1867 numinis
1869 1810 2151 1883 agitatum
2183 1845 2231 1911 Β

498 1910 825 1979 deplorare.
859 1909 1117 1977 Rogatus
1148 1917 1255 1958 cur
1284 1914 1510 1958 merces
1539 1916 1678 1956 suas
1705 1899 1787 1957 ita
1820 1904 2151 1967 tractasset,

496 2014 632 2055 cum
665 1996 864 2053 dolore
890 1993 1165 2050 narrabat
1192 2007 1255 2047 se
1280 1989 1459 2048 remis
1491 1989 1781 2046 intentum
1811 1988 2151 2045 horribilem

497 2091 833 2159 serpentem
867 2100 1047 2155 supra
1077 2097 1210 2138 vasa
1240 2083 1584 2153 porrectum,
1644 2078 1830 2136 oculis
1886 2078 2151 2135 inconni-

502 2178 773 2234 vcntibus
805 2176 862 2232 in
896 2174 1054 2230 I94
1082 2188 1146 2227 se
1173 2186 1520 2226 conversum
1580 2169 1764 2224 instar
1820 2168 2152 2225 devcraturi

502 2268 743 2336 vidisse,
775 2265 874 2336 qui
924 2263 1088 2335 prius
1143 2259 1393 2315 volutari
1458 2275 1571 2313 non
1635 2256 1926 2313 destiterit
1974 2274 2148 2329 quam

504 2356 707 2413 fictilia
756 2352 1052 2410 confracta
1107 2356 1354 2416 essent;
1414 2348 1547 2402 inde
1596 2346 1801 2402 subito
1841 2363 1911 2401 ex
1965 2347 2150 2402 oculis

501 2444 835 2502 evanuisse.
871 2437 1030 2496 Fecit
1058 2444 1116 2493 et
1142 2436 1303 2492 aliud
1336 2452 1452 2492 non
1483 2435 1793 2491 dissimile.
1829 2434 1890 2491 la
1943 2434 2147 2492 balneo

501 2533 705 2591 lavaas
732 2532 904 2588 rixari
936 2544 1070 2586 cum
1102 2526 1460 2599 quibusdam
1490 2524 1665 2596 erepit
1691 2529 1750 2579 et
1780 2525 1837 2579 in
1876 2524 2149 2582 conclave

500 2638 771 2695 egressus
802 2624 911 2676 est.
943 2618 1121 2673 Paulo
1151 2620 1284 2687 post
1338 2618 1398 2670 et
1451 2613 1646 2670 ceteri
1701 2612 2041 2669 anhelantes
2091 2616 2149 2669 et

500 2710 850 2784 trepidi,praa
882 2716 1038 2764 metn
1067 2721 1136 2762 ac
1175 2705 1546 2760 festinatione
1602 2702 1849 2758 invicem
1908 2701 2148 2758 concul-

495 2810 712 2868 cantes,
748 2802 990 2855 narrant
1020 2811 1091 2852 ex
1146 2793 1335 2851 canali
1391 2792 1593 2848 calidas
1624 2807 1790 2863 aqua
1838 2790 1991 2848 viros
2021 2792 2146 2862 pice

492 2890 779 2963 pigriores
811 2882 1405 2955 exsiliisse,aquihus
1437 2887 1601 2938 nates
1631 2880 1894 2953 ipsorum
1929 2880 2145 2953 plantis

2268 568 2370 650 τῆς
2456 556 2654 622 παιδὸς
2723 565 3045 650 προηενεῖς
3139 561 3352 638 βαρέως
3435 562 3705 644 ἐνεγκόντες
3763 582 3841 650 τὴν

2266 649 2472 721 ταύτης
2512 651 2837 706 ταπείνωσιν
2874 644 3249 707 καταϐοῶνται
3311 654 3553 726 γενναίως
3602 661 3727 732 μάλα
3769 644 3842 723 τόδ

2265 742 2386 799 ταῖς
2462 738 2690 795 νεάνισιν
2768 736 3160 817 ἐφοπλίζοντος
3234 736 3482 815 δαίμονας
3549 749 3629 803 καὶ
3716 750 3841 827 δίκην

2267 825 2441 906 ὄφεως
2473 827 2785 904 άρχεκάκου
2840 826 2913 884 δι’
2947 829 3169 904 ὀπώρας
3234 829 3334 892 τὰς
3386 833 3662 909 παρθένους
3708 825 3839 915 συλᾷ.

2264 921 2581 992 γωγοῦντος
2610 917 2703 974 καὶ
2750 925 2851 988 τῆς
2912 918 3192 998 σώφρονος
3255 919 3438 994 βιοτῆς
3491 923 3559 985 ὡς
3611 924 3657 997 ἐξ
3703 930 3837 1009 Ἐδὶμ

2264 1003 2690 1092 ἀπελαύνοντος.
2744 1007 2848 1066 Καὶ
2905 1006 3277 1092 πικρόγαμοςν
3310 1006 3533 1066 ἐντεῦθεν
3585 1003 3837 1092 γενόμενοξ,

2265 1093 2333 1164 ἥν
2375 1100 2557 1160 κακῶς
2585 1090 2831 1171 ἔϐλεψεν,
2864 1093 2979 1152 οὐδ’
3047 1098 3195 1161 ὅλως
3252 1091 3331 1153 ἔτι
3393 1094 3628 1174 ἑώρακεν.
3674 1106 3746 1162 ’οί
3794 1090 3839 1165 ὂί

2264 1181 2547 1255 Σικιδίτης
2605 1182 2695 1241 διά
2736 1206 2899 1241 τινων
2960 1185 3370 1263 ἄῤῥητουργιῶν
3449 1189 3532 1243 καὶ
3600 1188 3840 1270 δεδορκότα

2263 1278 2373 1329 τῶν
2426 1274 2709 1349 θεωμένων
2761 1274 2984 1332 ἐσκότου
3047 1275 3117 1332 τὰ
3183 1274 3427 1356 βλέφαρα
3478 1277 3562 1333 καὶ
3608 1280 3840 1342 ἀπεπλάνα

2260 1367 2357 1419 τοῦ
2394 1363 2463 1421 τὰ
2492 1366 2655 1422 θεατὰ
2681 1366 2755 1430 ὡς
2806 1362 2935 1422 ὄντα
2991 1367 3144 1441 ὁρᾷν,
3203 1366 3295 1422 καὶ
3349 1370 3454 1422 τῶν
3499 1368 3725 1443 ὁρώντων
3762 1376 3839 1438 τὰς

2262 1452 2414 1528 ὄψεις
2488 1454 2776 1532 παρέφερε,
2841 1455 2979 1510 κατᾶ
3034 1452 3322 1534 φάλαγγας
3380 1455 3703 1517 ὲπισυνιστῶν
3741 1483 3841 1527 τους

2262 1542 2547 1619 δαίμονας,
2614 1544 2706 1608 οὕς
2757 1545 2819 1602 ἄν
2886 1544 3151 1618 ἐκπλῆξαι
3210 1545 3494 1622 βούλοιτο,
3536 1551 3717 1627 Ἔτυχε
3738 1559 3839 1628 γοῦν

2260 1655 2392 1691 ποτε
2428 1634 2537 1691 ἀπὸ
2570 1635 2850 1710 μετεώρου
2893 1639 3004 1690 τῶν
3071 1633 3368 1710 βασιλείων
3424 1636 3625 1711 βλέπων
3669 1641 3733 1703 είς
3768 1644 3842 1698 θά-

2259 1724 2480 1794 λασσαν,
2560 1725 2831 1800 κατήγετο
2902 1721 2960 1780 δὲ
3014 1724 3176 1780 ἀλιόις
3232 1720 3493 1800 τρυϐλίας
3517 1728 3601 1782 καὶ
3646 1728 3843 1795 λοπάδας

2258 1810 2462 1888 ἔχουσα
2489 1814 2558 1869 τὰ
2586 1814 2862 1889 ἀγώγιμα.
2905 1813 3051 1884 Φησὶ
3088 1813 3265 1870 τοίνυν
3318 1815 3453 1890 πρὸς
3505 1815 3621 1882 τοὺς
3672 1821 3741 1893 [Ρ.
3766 1825 3838 1891 9η

2260 1903 2588 1961 συνεστῶτας
2640 1898 2716 1961 ὡς
2770 1898 2891 1954 τίνα
2944 1895 3003 1953 ἄν
3057 1897 3203 1972 αύτῷ
3261 1900 3588 1957 κατάθωνται
3639 1904 3719 1960 τὸν
3766 1924 3837 1977 μι-

2259 1986 2409 2058 σθόν,
2437 1988 2485 2043 εί
2513 1988 2603 2043 τὸν
2633 1985 2827 2059 νηΐτην
2848 1991 2958 2043 τῶν
2992 1988 3168 2062 ὀρθῶν
3221 1994 3433 2065 φρενῶν
3481 1988 3840 2048 διεκπλεύσαντσ

2260 2078 2338 2151 μὴ
2396 2076 2458 2135 ἄν
2518 2077 2745 2149 ὀκνῆσαι
2802 2077 3249 2151 παρασκευάσειεν
3332 2078 3612 2151 ἀναστῆναί
3661 2103 3709 2140 τε
3751 2088 3837 2138 τῶν

2258 2165 2565 2239 σελμάτων,
2595 2168 2694 2237 τήν
2746 2164 3015 2223 δικωπίαν
3072 2167 3406 2244 προέμενον,
3472 2169 3555 2225 καὶ
3609 2172 3844 2245 συντρίψει

2258 2256 2334 2317 είς
2392 2255 2564 2313 λεπτὰ
2616 2257 2686 2312 τὰ
2748 2256 3008 2331 κεράμια,
3072 2259 3198 2315 Τῶν
3253 2254 3319 2313 δὲ
3348 2259 3677 2335 εὐγνωμονεῖν
3700 2260 3846 2314 εἶπόν-

2253 2367 2361 2401 των
2392 2347 2527 2419 πρὸς
2560 2346 2696 2401 ἅπαν
2742 2346 2804 2401 τὸ
2851 2348 2980 2422 παρ’
3044 2346 3209 2402 αὐτοῦ
3269 2348 3514 2421 αἰτηθὲν,
3566 2350 3591 2405 ὁ
3639 2351 3844 2425 πρωρεῦς

2257 2437 2393 2510 μετὰ
2438 2436 2619 2512 βραχὺ
2673 2442 2771 2505 τῆς
2821 2432 2981 2512 ἕδρας
3040 2435 3352 2509 ἀνίσταται,
3398 2439 3484 2501 καὶ
3546 2440 3633 2508 τὴν
3687 2440 3840 2510 κώπην

2254 2524 2356 2580 άνᾶ
2383 2530 2573 2601 χεῖρας
2606 2519 2793 2580 λαϐὼν
2827 2523 3083 2601 κατέφερὲ
3109 2546 3169 2581 τε
3196 2530 3313 2582 τῶν
3351 2527 3630 2604 σκευαρίων
3684 2528 3842 2603 συχνὰ,

2252 2615 2344 2669 καὶ
2375 2614 2476 2669 οὐκ
2507 2613 2699 2680 ἀνῆκεν
2747 2613 2891 2670 οὕτω
2952 2611 3426 2690 διαπραττόμενος
3469 2612 3567 2680 ἓως
3625 2614 3739 2672 αύτα
3784 2616 3843 2678 εἷς

2252 2703 2400 2759 κόνιν
2423 2701 2728 2761 ἒλὲπτυνεν.
2760 2705 2856 2760 Ἐκ
2895 2701 2954 2760 δὲ
2997 2704 3194 2759 τούτου
3253 2706 3315 2760 οἱ
3378 2705 3470 2779 μὶν
3517 2706 3696 2770 ἄνωθεν
3736 2705 3842 2760 θεώ-

2254 2813 2407 2866 μενοι
2434 2796 2514 2865 τῷ
2561 2790 2765 2869 γέλωτι
2824 2788 3227 2868 διερρήγνυντο,
3287 2794 3361 2850 τὸ
3408 2795 3619 2872 γεγονὸς
3661 2795 3841 2867 τιθέμε-

2248 2902 2332 2938 νοι
2374 2879 2464 2937 διὰ
2492 2880 2785 2955 θαύματος·
2820 2881 2848 2937 ὁ
2889 2878 2948 2936 δὲ
2983 2881 3219 2960 πλωτὴρ
3273 2883 3607 2963 ἀμφοτέραις
3651 2883 3748 2957 μετ’
3791 2881 3839 2937 ού

489 2982 708 3055 pedum
732 2976 1075 3035 ferientibus
1138 2973 1343 3029 balneo
1399 2970 1585 3028 exacti
1627 2976 1844 3028 essent.
1880 2969 1965 3027 Ob
2022 2970 2142 3027 haec

2251 2970 2393 3028 πολὺ
2449 2974 2557 3027 τῶν
2615 2969 2839 3046 γενείων
2895 2968 3227 3046 δραξάμενος
3284 2974 3483 3049 γοερὸν
3564 2969 3839 3047 ἐπωδύρετο,

492 3054 674 3142 igitur
695 3067 927 3137 aliaque
947 3062 1214 3136 graviora
1244 3060 1504 3116 facinora
1542 3064 1785 3132 uterque
1832 3059 2021 3115 oculis
2048 3076 2138 3115 or-

2251 3059 2336 3115 κοὶ
2368 3060 2444 3123 ὡς
2489 3054 2816 3132 θεοϐλαϐείᾳ
2868 3060 2964 3125 τὶς
3013 3058 3206 3139 φρένας
3263 3065 3637 3139 παρακοπέντα
3683 3058 3842 3132 πολλῷ

486 3159 661 3214 batus
694 3160 799 3214 est.
829 3163 916 3212 Ac
945 3152 1164 3210 Sethus
1194 3151 1434 3223 quidem
1471 3149 1683 3207 iisdem
1741 3149 1917 3206 rebus
1959 3149 2137 3205 etiam

2251 3148 2323 3205 ἔτι
2371 3147 2585 3223 μᾶλλον
2616 3150 2895 3224 ἀνανήψας
2914 3171 3010 3205 του
3078 3151 3244 3229 ζόφου
3312 3153 3496 3208 ἑαυτὸν
3557 3150 3843 3229 ὠλοφύρετο.

485 3246 762 3317 deinceps
782 3242 1015 3301 studuit
1036 3258 1051 3298 :
1075 3220 1230 3297 alter
1240 3255 1373 3295 vero
1392 3237 1715 3295 monachus
1755 3238 1946 3295 factus
1987 3238 2131 3295 seri-

2251 3240 2640 3315 Ἐρωτώμενος
2669 3236 2728 3293 δὲ
2759 3239 2789 3294 ’ὁ
2834 3259 2888 3294 τι
2939 3240 3223 3305 πεπονθὼς
3283 3241 3381 3297 τὸν
3452 3240 3639 3318 φόρτον
3682 3237 3844 3295 οὑτωσὶ

481 3343 647 3414 ptum
663 3334 1211 3410 spurcissimam,ut
1230 3332 1405 3389 homo
1421 3330 1820 3400 diviaaigratia
1832 3329 2134 3403 indignus,

2251 3326 2475 3397 διέθετο,
2508 3324 2709 3398 διεξῄει
2737 3333 3055 3403 περιπαθῶς
3094 3328 3169 3391 ὡς
3210 3335 3339 3393 ταῖς
3404 3330 3607 3392 κώπαις
3652 3347 3846 3404 προσαν-

481 3427 555 3483 de
576 3427 795 3483 divinis
817 3423 1114 3498 mysteriis
1135 3421 1491 3495 composuit.
1524 3419 1673 3477 Illud
1694 3420 1869 3477 etiam
1910 3419 2131 3478 factum

2251 3418 2384 3496 ἔχων
2445 3417 2645 3495 αἴφνης
2690 3419 2811 3499 ὅφιν
2881 3420 2984 3495 ὁρᾷ
3036 3416 3313 3497 δαφοινὶν,
3371 3419 3622 3498 πυρσώδη
3668 3420 3745 3475 τὸν
3769 3416 3844 3473 λό-

478 3515 659 3587 hujus
684 3512 1056 3585 imperatoris
1087 3510 1314 3570 clarum
1344 3513 1454 3567 est.

2251 3527 2365 3585 ρον,
2450 3503 2560 3562 ἂνω
2633 3509 2742 3562 τῶν
2828 3502 3104 3582 τρυϐλίων
3186 3508 3561 3584 ἐκτεταμένον,
3614 3509 3660 3572 ἐς
3714 3507 3841 3563 αὐτὸν

476 3602 657 3665 ἀτενὲς
714 3602 928 3676 ὁρῶντα
999 3599 1137 3655 κατᾶ
1182 3597 1311 3662 τοὺς
1382 3600 1490 3653 τῶν
1564 3592 1873 3671 δρακόκεων
1949 3594 2191 3658 ἆκλινεῖς
2264 3597 2327 3651 τὸ
2357 3590 2538 3671 ὄμμα,
2593 3597 2683 3652 καὶ
2759 3601 3043 3653 καταπιεῖν
3117 3598 3513 3673 ὀριγνώμενον,
3553 3600 3608 3661 ὅς
3655 3597 3731 3653 καί
3764 3596 3840 3651 οὐκ

476 3690 638 3764 ἔληξε
692 3695 797 3746 τῶν
856 3688 1077 3761 mem
1134 3687 1261 3762 πρὶν
1319 3687 1355 3757 ἢ
1412 3685 1732 3758 κατηλοήθη
1791 3686 1857 3741 τὰ
1913 3685 2171 3761 κεράμια.
2222 3685 2286 3741 τὸ
2345 3682 2394 3741 δ’
2424 3684 2485 3741 ἐκ
2539 3686 2736 3742 τούτου
2760 3686 3107 3760 ἠφάντωται,
3135 3684 3329 3767 ὥσπερ
3360 3688 3423 3746 ἐκ
3470 3690 3637 3764 μέσων
3666 3689 3712 3743 οὶ
3753 3690 3838 3741 τῶν

476 3780 777 3859 ὀφθαλμῶν
833 3777 1102 3841 ἀποπτᾶς.
1152 3776 1255 3836 Καὶ
1294 3779 1458 3833 τοῦτο
1511 3776 1606 3849 μὶν
1661 3779 1936 3847 τοιοῦτον,
1990 3774 2171 3832 ἕτερον
2222 3771 2281 3830 δὲ
2318 3774 2557 3831 κάκεῖνο.
2617 3775 2707 3833 Ἐν
2761 3774 3035 3852 βαλανείῳ
3073 3774 3385 3851 λουόμενος
3411 3780 3502 3849 ἦν,
3546 3777 3596 3840 ἐς
3623 3774 3840 3855 διαφορὰν

476 3867 533 3926 δὲ
559 3871 824 3934 καταστὰς
879 3868 1013 3942 μετά
1066 3872 1174 3924 τῶν
1232 3872 1349 3929 τοῖς
1414 3865 1601 3927 αὐτοῖς
1683 3867 1887 3941 νίτροις
1962 3863 2329 3941 ἁγνιζομένων
2388 3866 2463 3928 εἰς
2528 3865 2594 3923 τὰ
2651 3863 2929 3941 ἀπόδυτρα
2988 3863 3170 3938 ἔξεισι.
3229 3871 3391 3929 Μετὰ
3439 3870 3625 3944 μικρὸν
3671 3865 3721 3923 δὲ
3765 3864 3835 3920 καί

472 3958 518 4014 ὦ
574 3958 626 4014 ἐν
682 3963 762 4032 τῷ
816 3955 1037 4032 λουτρῷ
1103 3955 1391 4033 φεύγοντες
1469 3957 1561 4010 καὶ
1635 3958 2044 4028 συμπατοῦντες
2113 3952 2398 4024 ἂλλήλους
2456 3953 2675 4027 ἐξῄεσαν
2744 3953 2946 4011 ἐκεῖθεν
2996 3954 3293 4031 περιδεεῖςο
3327 3956 3381 4015 οἵ
3438 3960 3526 4015 καὶ
3582 3963 3686 4022 τοῖς
3729 3976 3831 4010 συν·

469 4044 807 4122 ειλεγμένοις
867 4044 1044 4101 πυκνὰ
1126 4044 1190 4100 τὸ
1246 4047 1460 4117 πνεῦμα
1539 4041 1891 4120 συλλέγοντες
1940 4038 2170 4122 ἔφασκον
2217 4043 2293 4105 ὡς
2350 4041 2411 4098 ἐκ
2463 4050 2564 4114 τῆς
2630 4043 2977 4121 θερμορῥόης
3033 4044 3448 4120 ἐκπηδήσαντες
3490 4068 3625 4111 τινες
3680 4041 3836 4119 ἄνδρες

467 4135 667 4207 πίσσης
714 4133 1038 4210 μελάντεροι
1085 4133 1283 4205 ἐξῶσαν
1342 4131 1538 4196 αὐτοὺς
1630 4136 1726 4188 τοῦ
1816 4137 2080 4208 Λουτροῦ,
2164 4130 2414 4194 παίοντες
2480 4133 2617 4189 κατὰ
2666 4134 2775 4187 τῶν
2834 4134 3090 4210 γλουτῶν
3150 4141 3234 4210 τῷ
3283 4136 3486 4195 πλατεῖ
3537 4141 3627 4193 τοῦ
3678 4132 3835 4193 ποδός.

468 4226 567 4284 Διά
662 4229 833 4282 ταῦτα
932 4223 1114 4280 τοίνυν
1214 4223 1512 4300 ἀμφότεροι
1571 4222 1664 4278 καὶ
1719 4224 1938 4297 πράξεις
1996 4219 2055 4277 δὲ
2117 4218 2502 4297 ἀσελγεστὲρας
2566 4220 2749 4298 ἑτέρας
2792 4228 2900 4279 τῶν
2993 4220 3163 4280 ὅκεων
3229 4225 3613 4304 ἐστερήθησαν*
3706 4224 3753 4280 cl.
3799 4219 3836 4277 δ’

466 4314 622 4371 αὐτοὶ
653 4309 1125 4382 ἐπιϐιώσαντες,ὁ
1159 4313 1255 4385 μὶν
1289 4313 1403 4381 Σήθ
1459 4312 1545 4367 καὶ
1605 4309 1776 4368 πάλιν
1849 4316 1967 4372 τοῖς
2040 4308 2329 4386 προτέροις
2400 4309 2776 4386 ἐνησχόλητο,
2850 4311 3038 4389 ἅτερος
3117 4311 3173 4370 δὲ
3225 4316 3304 4380 εἰς
3384 4317 3620 4392 μοναχὸν
3648 4313 3840 4386 ἆποθρι-

465 4405 715 4476 ξάμενος,
799 4404 984 4479 χρόνῳ
1087 4403 1308 4478 ὕστερον
1386 4402 1720 4478 σύγγραμμὰ
1792 4422 1845 4457 τι
1939 4401 2065 4477 περὶ
2138 4404 2247 4456 τῶν
2320 4399 2476 4456 θείων
2552 4403 2868 4476 μυστηρίων
2942 4406 3288 4480 ξυνθὲμενος,
3321 4406 3499 4485 ἀφῆκε
3568 4403 3632 4461 δι’
3699 4402 3837 4459 αὐτοῦ

465 4495 642 4548 κυνῶν
675 4490 875 4566 ἐρυγᾶς
906 4492 935 4546 ὁ
969 4495 1075 4545 τῶν
1110 4492 1271 4546 θείων
1307 4487 1525 4566 δωρεῶν
1554 4490 1789 4561 ἀνάξιος.
1822 4491 2017 4567 Ἔργον
2048 4490 2266 4545 κάκεῖνο
2304 4493 2401 4545 τοῦ
2434 4486 2705 4565 βασιλέως
2732 4491 2929 4548 τούτου
2960 4493 3268 4571 περιφανὲς.

535 4584 681 4636 Cum
706 4582 923 4636 Asianis
958 4581 1133 4637 urbes
1163 4580 1389 4637 Chliara
1446 4581 1792 4654 Pergamum
1832 4589 1891 4639 et
1931 4582 2113 4638 Adra-

2295 4579 2364 4634 Al
2396 4579 2645 4637 Ἀσιαναὶ
2668 4579 2884 4652 πόλεις,
2914 4583 2981 4637 τὰ
3012 4582 3251 4659 Χλιαρᾶ,
3282 4586 3348 4641 τὸ
3378 4581 3649 4660 Περγαμόν
3676 4599 3727 4635 τε
3759 4575 3835 4632 καὶ

464 4671 747 4742 myttium
778 4687 813 4725 ιι
837 4670 1030 4726 Persis
1056 4668 1213 4727 male
1248 4675 1634 4726 tractarentur
1662 4670 1821 4743 (nam
1855 4671 2117 4727 finitimae

2251 4668 2615 4744 Ατραμύτιον,
2656 4673 2839 4735 κακῶς
2885 4668 3129 4751 ἔπασχον
3188 4673 3295 4728 ὑπὸ
3356 4675 3467 4728 τῶν
3516 4674 3735 4746 Περσῶν·
3786 4662 3834 4717 αἶ

462 4758 775 4833 provincias
808 4775 909 4829 per
938 4774 1119 4831 pagos
1154 4755 1569 4815 habitabantur
1597 4760 1748 4817 105
1803 4765 1860 4816 et
1912 4762 2118 4834 praedae

2251 4754 2323 4834 ’ἂρ
2354 4755 2687 4832 περιοικίδες
2727 4764 2907 4836 χῶραι
2940 4760 3309 4817 ἀσυνοίκιστοί
3356 4783 3419 4818 τε
3466 4763 3590 4833 ἦσαν
3640 4759 3837 4832 πρῶην,

458 4849 733 4907 hostibus
770 4846 983 4920 erant),
1018 4845 1452 4902 munitionibus
1481 4863 1578 4902 eas
1608 4848 1862 4904 ﬁrmavit
1892 4855 1951 4905 et
2005 4865 2109 4920 pa-

2255 4847 2323 4900 ltx
2350 4850 2446 4901 τοῦ
2476 4844 2742 4921 κωμηδὸν
2774 4848 3038 4905 οἰκεῖσθαι
3093 4849 3171 4913 είς
3232 4853 3520 4928 προνομήν
3576 4852 3683 4908 τοῖς
3743 4862 3840 4898 πο·

456 4943 646 4996 tentes
676 4954 914 5008 campos
945 4936 1207 4993 castellis
1235 4935 1557 4990 adornavit.
1591 4935 1754 4992 Unde
1798 4937 2012 4993 factum
2045 4942 2110 4994 ut

2258 4934 2434 5009 εμίοις
2520 4935 2801 5007 ἐξέκειντο.
2890 4939 2991 4996 Καὶ
3071 4939 3238 5004 αύτὰς
3303 4942 3488 4996 τοίνυν
3544 4935 3838 5014 ἐκρατύνατο

454 5045 522 5086 ea
552 5028 768 5101 oppida
791 5026 1122 5101 frequentia
1142 5024 1357 5082 civium
1383 5029 1441 5080 et
1459 5023 1587 5081 vitis
1605 5023 1765 5081 cultu
1793 5042 2108 5101 rerumque

2251 5024 2446 5100 είχεσι,
2506 5024 2598 5081 καὶ
2648 5028 2716 5081 τὰ
2771 5025 3010 5099 πλησίον
3068 5025 3128 5084 δὲ
3181 5028 3477 5101 ίππήλατα
3513 5024 3665 5085 πεδία
3691 5043 3838 5103 φρου-

453 5119 620 5189 cepia
644 5115 844 5173 multis
897 5115 1076 5172 beatis
1132 5114 1378 5171 urbibus
1437 5113 1808 5170 anteeellant.
1876 5115 2104 5188 Siquid

2255 5116 2360 5179 ίοις
2400 5110 2649 5172 διέλαϐεν
2680 5115 2959 5192 ἐρυμνοῖς.
3011 5119 3170 5178 Οὕτω
3225 5116 3285 5174 δὲ
3347 5120 3647 5190 πλήθυυσιν
3698 5114 3831 5179 οἰκη-

448 5205 627 5278 igitur
646 5206 873 5263 Manuel
895 5221 996 5279 per
1014 5221 1188 5261 omne
1210 5202 1438 5276 imperii
1460 5204 1547 5258 sui
1571 5210 1806 5276 tempus
1823 5205 2104 5262 Romanis

2251 5207 2389 5282 όρων
2462 5208 2631 5262 ταῦτα
2697 5204 2764 5277 δὴ
2826 5207 2891 5263 τὰ
2925 5206 3194 5285 πολίχνια
3247 5209 3343 5264 καὶ
3401 5215 3517 5272 τοῖς
3572 5207 3695 5263 κατὰ
3756 5202 3835 5258 τὸν

454 5296 599 5352 utile
619 5296 872 5368 suscepit
894 5302 946 5350 et
965 5293 1226 5367 perfecit,
1257 5292 1368 5350 hoc
1399 5291 1487 5348 vel
1507 5291 1566 5347 in
1591 5292 1795 5365 primis
1814 5293 2106 5352 celebran-
2148 5326 2149 5331 η

447 5383 589 5441 dum
619 5387 727 5440 est.
761 5383 903 5451 Quis
934 5386 1092 5440 enim
1121 5382 1252 5439 illae
1284 5380 1637 5456 praeteriens,
1686 5399 1802 5440 non
1860 5382 2101 5457 ignarus

449 5487 629 5545 quam
646 5472 866 5529 inculta
886 5472 1129 5529 locailla
1148 5473 1385 5535 fuerint.
1416 5487 1591 5543 quam
1609 5472 1761 5528 feros
1787 5479 1846 5530 et
1868 5472 2101 5531 latroci-

449 5558 568 5617 niis
591 5560 818 5616 deditos
837 5561 1089 5618 cultores
1109 5560 1447 5629 habuerint,
1476 5577 1592 5617 non
1618 5561 1866 5618 sublatis
1896 5563 1955 5618 in
1987 5580 2102 5620 cm-

448 5647 577 5709 tum
610 5647 884 5705 manibus
910 5648 1249 5720 imperatori
1277 5648 1532 5706 Manueli
1561 5649 1818 5720 paradisi
1862 5650 2100 5709 delicias

2211 5297 2413 5371 ἥμερον
2449 5294 2633 5371 βίοτον
2694 5295 3102 5369 ὲνευθηνοῦνται
3151 5302 3431 5375 χρηστοῖς
3490 5298 3565 5359 ὡς
3617 5294 3833 5370 ὐπερᾶνω

2210 5387 2419 5440 κεῖσθαι
2467 5383 2683 5440 πόλεών
2729 5384 2961 5443 πολλῶν
3014 5385 3378 5462 εὐδαιμόνων⁶
3440 5387 3599 5463 ἀγροὶ
3636 5406 3690 5443 τε
3746 5401 3836 5457 γαρ

2210 5471 2290 5537 εἷς
2343 5471 2596 5549 εύφορίαν
2661 5480 2885 5549 καρπῶν
2942 5476 3319 5552 ἠμερωθέντες
3404 5474 3692 5543 ἐπέδωκαν,
3763 5467 3838 5525 ιιιί

2209 5562 2528 5641 φυτηκόμος
2596 5565 2722 5641 χεὶρ
2787 5564 3163 5644 ἑῤῥιζούχισεν
3213 5564 3395 5621 ἐκεῖσε
3472 5565 3636 5639 ξύλον
3722 5564 3839 5618 ἅπαν

2208 5650 2607 5730 καρποδοτοῦν,
2659 5654 2736 5719 ὡς
2795 5655 3117 5731 μεταθέσθαι
3171 5652 3357 5736 (φάναι
3426 5657 3493 5714 τὸ
3528 5659 3627 5713 τοῦ
3667 5647 3838 5722 Δαόὶδ)
