4066 6214
457 409 579 470 495

1776 407 2082 470 ΝΙΟΕΤΛΕ
2119 403 2550 468 ΟΗΟΝῘΑΤΕ

3746 401 3870 462 εοο

461 541 742 614 exemplis
771 543 840 598 ad
873 540 1261 598 festinandum
1313 545 1369 597 et
1424 541 1795 600 imminentia
1851 539 2090 614 pericula

2212 535 2490 610 πολέμου,
2533 533 2684 596 ὅπως
2731 534 2788 588 αἱ
2831 537 2940 589 τῶν
2978 503 3315 608 πραγμάτων
3373 528 3574 601 ἄδηλοι
3621 525 3871 594 ἐκϐάσεις

459 631 785 696 subeunda,
817 629 1030 701 quibus
1061 629 1174 686 Deo
1217 631 1482 702 adiutore
1536 631 1760 687 iortiter
1814 631 2104 702 superatis

456 719 744 774 illustrem
775 719 1079 774 victoriam
1113 721 1454 790 reportaturi
1477 721 1854 785 sint,incitat.
1888 719 2101 784 Quodsi

455 805 700 878 gloriam
735 807 922 878 ipsine
957 806 1306 864 illustrarint
1338 815 1512 880 atque
1543 809 1772 864 absenti
1802 808 2103 862 victoriam

455 896 807 968 pepererint,
840 914 898 952 se
932 897 1250 954 liberaliter
1281 898 1412 955 illos
1471 903 2004 955 remuneraturum.
2039 899 2106 952 At.

453 983 538 1040 illi
568 988 626 1040 et
655 985 796 1040 dum
827 983 946 1040 haec
970 985 1331 1050 dicebantur,
1380 985 1702 1040 attentione
1755 982 2104 1054 silentioque

452 1073 814 1131 alacritatem
849 1090 1016 1130 suam
1075 1074 1480 1138 ostendebant,
1532 1079 1592 1130 et
1645 1072 1806 1128 [inita
1843 1073 2104 1128 oratione

453 1163 607 1219 198
626 1163 809 1236 magis
835 1165 1013 1220 etiam
1045 1163 1310 1218 uﬂ'ectum
1345 1177 1516 1218 suum
1567 1167 1626 1218 et
1661 1160 1936 1216 incitatos
1975 1159 2102 1215 ani-

451 1269 583 1310 mos
614 1251 1008 1316 declarabant,
1046 1257 1111 1307 ut
1139 1253 1450 1310 verborum
1481 1249 1790 1306 lenociniis
1849 1247 2098 1315 deliniti,

451 1342 675 1415 siquid
709 1341 994 1398 molestia:
1022 1357 1091 1397 ex
1151 1339 1553 1412 superioribus
1603 1338 1816 1410 pugnis
1873 1337 1930 1392 in
1977 1353 2098 1392 me-

454 1431 640 1487 moria
669 1431 984 1500 residebat,
1006 1429 1063 1485 id
1096 1433 1283 1485 totum
1309 1427 1586 1485 abolitum
1613 1427 1921 1483 videretur.
1956 1431 2096 1482 Nam

448 1524 506 1576 et
518 1519 598 1575 im
607 1525 929 1590 peratorem
946 1518 1096 1575 laetis
1113 1517 1634 1575 acclamationibus
1646 1515 2100 1583 cetehrabant,et

448 1623 512 1664 se
570 1609 726 1664 ultra
779 1607 936 1663 vires
993 1606 1168 1664 etiam
1216 1606 1594 1664 dimicaturos
1653 1604 2095 1678 pollicebantur,

447 1694 838 1768 petebantque
867 1703 928 1751 ut
985 1711 1020 1750 a
1077 1695 1224 1751 ducs
1278 1695 1404 1751 sine
1438 1710 1600 1752 mora
1637 1702 1840 1750 contra
1872 1693 2094 1750 hostem

448 1785 822 1842 ducerentur.
855 1786 942 1840 Ita
973 1783 1231 1841 incitatis
1285 1783 1638 1840 exercitibus
1695 1783 1894 1840 statim
1952 1799 2090 1840 cono

447 1875 618 1932 fusus
646 1873 869 1930 clamor
897 1874 956 1930 in
989 1873 1200 1930 castris
1233 1873 1475 1941 tollitur,
1517 1875 1668 1946 quod
1729 1873 1963 1945 quidam
2022 1890 2092 1930 ex

446 1971 621 2036 gente
675 1965 1030 2026 Pannonica.
1089 1963 1230 2020 dum
1302 1965 1592 2020 concitato
1649 1979 1797 2036 equo
1853 1979 1919 2019 ac
1968 1967 2090 2020 toto

446 2052 669 2124 impetu
703 2055 904 2122 fertur,
940 2070 1160 2124 pronus
1209 2055 1269 2108 in
1328 2053 1532 2109 faciem
1590 2053 1896 2124 prolapsus
1943 2056 2086 2108 erat.
2118 2075 2140 2090 υ

445 2144 569 2209 Quo
599 2145 916 2215 imperator
944 2143 1144 2199 audito
1200 2147 1257 2199 et
1312 2141 1440 2215 ipse
1491 2141 1848 2198 exhilaratus
1905 2147 1996 2198 est
2031 2147 2089 2198 et

445 2247 650 2288 omnes
680 2231 834 2286 bono
862 2230 1057 2286 animo
1088 2246 1217 2286 esse
1241 2229 1441 2301 Jussit,
1466 2231 1684 2286 bonum
1710 2231 1763 2286 id
1795 2247 1968 2287 omen
2000 2231 2088 2288 in-

441 2323 796 2392 terpretatus
827 2319 964 2376 belli
1023 2319 1266 2375 feliciter
1319 2318 1600 2388 eventuri,
1628 2324 1686 2374 et
1726 2319 1911 2376 Deum
1961 2337 2083 2378 ser-

439 2412 690 2466 vatorem
719 2414 784 2465 ut
823 2409 1032 2464 ductor
1059 2416 1211 2465 esset
1265 2409 1558 2466 exercitus
1617 2408 1922 2465 invocavit.
1965 2410 2082 2466 An-

439 2497 715 2554 dronicus
739 2513 873 2554 vero
903 2513 1034 2554 cum
1069 2496 1347 2552 omnibus
1377 2497 1562 2569 capiis
1592 2497 1916 2570 digressus,
1948 2503 2082 2570 post

435 2585 955 2659 aliquotdiesSavo
979 2595 1033 2642 et
1065 2586 1330 2642 Danubio
1359 2587 1649 2659 superatis
1691 2587 2075 2660 Zeugtninum

433 2675 780 2748 ingreditur.
816 2675 1094 2732 Pannonii
1127 2691 1259 2731 vero
1290 2691 1356 2731 ea
1414 2692 1474 2732 re
1531 2676 1675 2732 nihil
1734 2675 1940 2745 territi,
1971 2679 2074 2734 sed

431 2768 556 2825 suis
585 2767 925 2824 cohortibus
946 2768 1249 2824 instructis
1269 2772 1327 2824 et
1380 2785 1492 2824 non
1545 2767 1737 2840 parvis
1772 2769 2004 2826 auxiliis
2041 2787 2074 2826 a

428 2856 695 2915 ﬁnitimis
727 2857 959 2930 populis
990 2858 1142 2914 I99
1170 2861 1344 2930 atque
1402 2857 1548 2929 ipsis
1602 2857 1958 2930 Alemannis,
2009 2864 2073 2916 ut

2141 2053 2718 2128 ιδπροηγωνισμένων,

2215 626 2318 681 εἷεν
2349 624 2494 681 οὕτω
2522 625 2614 678 καὶ
2651 623 2715 679 τὸ
2764 621 2824 679 έκ
2869 629 2971 692 τῆς
3019 620 3193 692 ἥττης
3238 623 3430 701 αἶσχος
3483 621 3870 696 μετριάζουσαι

2212 713 2300 768 καὶ
2355 713 2418 770 τὸ
2474 713 2817 787 κατορθωθὲν
2879 709 3276 788 μεγαλύνουσαι
3371 709 3586 783 μᾶλλον
3641 710 3732 764 καὶ
3793 709 3872 774 είς

2211 801 2374 864 κλέος
2449 801 2751 877 ἐξαίρουσαι
2829 800 3109 878 μέγιθτον,
3185 801 3263 863 ὡς
3337 800 3588 855 κακείνου
3660 821 3722 854 τε
3773 799 3863 854 καὶ

2211 891 2407 948 τούτου
2456 886 2866 964 ξυμϐεϐηκότος
2913 891 3032 945 κατ’
3075 887 3338 945 ἀπουσίαν
3385 891 3484 944 τοῦ
3531 887 3864 961 αύτοκράτο·

2214 1001 2330 1056 ρος,
2393 977 2759 1036 ἀναδείκνυται
2799 986 2899 1048 τῆς
2939 972 3078 1050 ὅλης
3127 979 3380 1054 ἀρχηγὸς
3423 982 3678 1054 στρατιᾶς
3709 979 3738 1032 ὁ
3766 981 3865 1033 τοῦ

2212 1069 2415 1127 στόλου
2447 1067 2569 1140 δοὺξ
2605 1066 2947 1142 Ἀνδρόνικος
2969 1069 3000 1124 ὁ
3031 1068 3495 1144 Κοντοστέφανος.
3543 1068 3634 1124 Ἐν
3681 1065 3738 1122 δὲ
3777 1071 3861 1140 τῷ

2215 1157 2441 1233 μέλλειν
2499 1159 2746 1232 ἀπαίρειν
2799 1165 2900 1228 τῆς
2953 1155 3226 1233 Σαρδικῆς
3270 1156 3340 1213 τὰ
3379 1155 3754 1232 στρατεύματα
3801 1155 3857 1211 έν

2210 1248 2433 1322 ἰπηκόῳ
2491 1249 2618 1310 στὰς
2678 1249 2707 1304 ὁ
2769 1247 3026 1323 βασιλεὺς
3080 1247 3290 1323 γίνεται
3343 1243 3529 1302 καλῶν
3595 1245 3686 1301 καὶ
3736 1266 3862 1322 γεν-

2207 1339 2372 1396 ναίων
2415 1336 2597 1414 λόγων
2629 1337 2716 1392 καὶ
2777 1335 2923 1393 πολὺ
2968 1336 3032 1392 τὸ
3088 1335 3312 1392 πιθανὸν
3381 1334 3623 1412 ἑχόντων
3656 1337 3860 1413 ἀγορη-

2208 1430 2330 1498 τής.
2398 1425 2570 1484 Αὐτόν
2646 1446 2706 1481 τε
2783 1425 2888 1501 γὰρ
2968 1421 3401 1503 Κοντοστέφανον
3460 1423 3854 1503 παρεθάρρυνεν

2215 1517 2292 1578 είς
2345 1517 2447 1586 τὴν
2498 1513 2866 1592 προκειμένην
2913 1516 3302 1592 στρατήγησιν,
3351 1513 3414 1570 οὐ
3471 1513 3641 1588 μόνον
3693 1513 3861 1588 μεθόο

2205 1603 2332 1670 δους
2362 1605 2633 1668 ὑποτιθείς
2658 1605 2939 1673 τακτικὰς,
2997 1604 3144 1661 ἀλλά
3185 1603 3278 1660 καὶ
3331 1603 3518 1680 καιρὸν
3564 1603 3712 1677 αύτῷ
3757 1611 3860 1675 τῆς

2202 1691 2527 1772 προσϐολῆς
2584 1695 3082 1770 έπισημαινόμενος
3139 1691 3282 1758 εἶδός
3329 1714 3389 1750 τε
3431 1692 3706 1750 ὁπλίσεων
3761 1695 3860 1750 καὶ

2205 1789 2468 1862 σχήματα
2523 1785 2892 1862 παρατάξεων,
2949 1785 3077 1847 τούς
3139 1805 3200 1840 τε
3258 1784 3708 1858 ὑποστρατήγους
3762 1784 3857 1840 καὶ

2200 1875 2326 1938 τοὺς
2357 1873 2593 1951 ἲλάρχας
2631 1874 2724 1929 καί
2779 1875 3008 1945 καθεξῆς
3066 1875 3299 1936 ἅπαντας
3353 1873 3481 1934 τοὺς
3541 1871 3591 1927 ὲν
3647 1871 3856 1938 ὅπλοις

2198 1960 2442 2034 διανίστη
2503 1963 2639 2038 πρὸς
2702 1963 3007 2042 μαχισμὸν,
3065 1961 3264 2038 ἐνάγων
3326 1961 3403 2026 είς
3461 1961 3685 2035 μνήμην
3739 1967 3855 2018 τῶν

2811 2051 2899 2106 καὶ
2987 2052 3188 2106 πείθων
3275 2055 3395 2112 τοῖς
3483 2047 3850 2126 ὓποδείγμασι

2195 2145 2419 2198 σπεῦσαι
2491 2141 2581 2196 καὶ
2653 2141 2723 2196 τὰ
2793 2139 3124 2216 προκείμενα
3200 2139 3466 2217 θαρρῆσαι
3543 2137 3694 2194 δεινά
3749 2140 3845 2197 καὶ

2192 2231 2392 2308 ἀγαθὸν
2449 2229 2540 2286 καὶ
2612 2227 2828 2292 τούτοις
2888 2227 2980 2284 σὺν
3036 2233 3154 2302 Θεῷ
3211 2228 3475 2293 ἐπιθεῖναι
3527 2227 3687 2293 τέλος
3746 2229 3844 2286 καὶ

2195 2322 2328 2395 μετὰ
2373 2318 2645 2395 λαμπρῶν
2683 2317 2958 2393 τροπαίων
3007 2315 3342 2375 ἐπανελθεῖνο
3401 2317 3544 2375 οὕτω
3588 2319 3692 2395 γὰρ
3740 2319 3840 2375 ὑπ’

2188 2411 2365 2468 αὐτῶν
2404 2407 2677 2481 δοξασθεὶς
2723 2409 2948 2480 ἐκεῖνος,
2991 2410 3088 2466 κάν
3132 2413 3212 2482 τῷ
3262 2408 3478 2465 ἀπεῖναι
3523 2409 3648 2472 τοὺς
3691 2411 3842 2485 βαρ-

2149 2495 2389 2576 οϐάρους
2443 2499 2690 2568 νικήσας,
2745 2498 3163 2570 ἀντικαταθήσει
3243 2497 3335 2554 καὶ
3391 2498 3557 2561 αὐτὸς
3614 2497 3842 2563 τούτοις

2187 2589 2288 2645 οὐκ
2315 2587 2648 2664 εὖαγκάλους
2677 2588 2773 2651 τὰς
2803 2583 3062 2662 ἀμοιϐάς.
3091 2589 3158 2646 Οἱ
3190 2585 3248 2644 δὲ
3277 2589 3364 2644 καὶ
3396 2587 3485 2644 ὅτε
3525 2588 3622 2662 μὶν
3669 2584 3842 2662 ᾔδετο

2182 2681 2352 2732 ταῦτα
2407 2676 2545 2752 πρὸς
2585 2679 2684 2731 τοῦ
2739 2679 3084 2750 κρατοῦντος,
3131 2677 3196 2731 τὸ
3247 2672 3424 2746 ἡδέως
3477 2675 3690 2733 ἀκούειν
3744 2677 3842 2734 καὶ

2183 2763 2583 2842 παραδέχεσθαι
2626 2765 2924 2841 προθύμως
2972 2765 3258 2844 ὑπέφαινον
3307 2763 3358 2836 ἒξ
3409 2765 3482 2820 ὧν
3527 2767 3624 2830 τὰς
3665 2767 3842 2832 ἀκοὰς

2183 2853 2470 2912 ὑπέκλινον
2501 2855 2591 2911 καὶ
2623 2857 2779 2930 σιγὴν
2827 2854 2915 2911 ἐπὶ
2963 2860 3079 2918 τοῖς
3131 2851 3450 2933 λεγομένοις
3493 2856 3841 2926 ἠσπάζοντο·

2178 2942 2294 3000 ἐπεὶ
2336 2941 2385 2999 δ’
2439 2943 2706 3001 ἐπαύσατο
2747 2947 2849 2999 τοῦ
2894 2942 3094 3019 λέγειν,
3141 2939 3219 3000 ἔτι
3273 2943 3488 3018 μᾶλλον
3533 2947 3635 3014 τῆν
3683 2941 3842 3004 ἔνδον

425 2943 740 3014 ferebatur,
771 2945 1102 3012 conductis,
1153 2960 1506 3018 summaque
1560 2962 1754 3002 rerum
1799 2946 2070 3019 Dionysio

2179 3029 2416 3089 διάθεσιν
2485 3033 2857 3107 ὑπεσήμαινον
2916 3033 3008 3088 καὶ
3064 3031 3122 3088 ὅν
3195 3033 3350 3112 εἶχον
3424 3033 3696 3111 γάργαλον
3777 3035 3836 3094 έν

421 3033 546 3092 viro
576 3040 816 3092 strenuo
871 3044 926 3090 et
981 3035 1237 3091 victoriis
1294 3037 1510 3108 inclyte
1567 3035 1858 3104 mandata,
1911 3036 2067 3108 pleni

421 3123 752 3180 animorum
783 3128 839 3178 et
861 3123 1208 3195 jactabundi
1241 3124 1610 3182 incedebant.
1644 3127 1698 3180 ls
1730 3124 2064 3198 Dionysius,

2200 3129 2353 3202 ιυχῇ,
2383 3127 2464 3196 τῷ
2497 3121 2805 3196 μέλιτιτοῦ
2859 3121 3028 3200 λόγου
3086 3122 3584 3196 κατακηλούμενοι,
3632 3123 3723 3202 ὑφ’
3768 3125 3836 3182 οὗ

420 3218 486 3270 ut
544 3213 802 3287 primum
863 3213 1048 3270 audiit
1105 3216 1429 3271 Romanum
1477 3214 1788 3272 exercitum
1854 3216 2062 3271 lslrum

2200 3215 2264 3268 Lati
2311 3211 2544 3288 ἐῴκεσαν
2591 3213 2837 3288 ἀτεχνῶς
2896 3211 3304 3278 ἀποκλύσασθαι
3349 3211 3405 3269 εἷ’
3445 3213 3496 3269 τί
3545 3236 3652 3270 που
3699 3216 3834 3272 τού-

415 3282 725 3370 transisse,
777 3303 1041 3360 victoriis
1101 3303 1394 3376 prioribus
1454 3303 1696 3360 inflatus
1753 3303 2066 3362 insolenter

2200 3321 2294 3364 τοις
2345 3282 2900 3376 εἷσεῤῥύηκενηάηδὲς
2948 3301 3054 3357 ἀπὸ
3103 3307 3204 3371 τῆς
3255 3304 3484 3376 μνήμης
3530 3307 3639 3358 τῶν
3688 3303 3832 3380 πρό-

413 3390 694 3466 gloriatus
723 3400 809 3447 est
843 3409 929 3460 se,
960 3397 1024 3448 ut
1041 3395 1290 3466 pridem,
1323 3394 1404 3449 ita
1435 3411 1590 3449 nunc
1618 3393 1790 3451 etiam
1831 3395 2056 3451 occiso-

2200 3391 2333 3467 έρων
2372 3391 2656 3465 πολέμων·
2713 3389 2944 3467 βασιλέα
2988 3413 3048 3448 τε
3091 3392 3195 3470 γὰρ
3246 3391 3519 3472 εὐφήμοις
3570 3393 3834 3466 ἐκρότουν

415 3497 544 3538 rum
575 3481 968 3538 Romanorum
1001 3482 1236 3538 ossibus
1269 3484 1326 3540 in
1359 3483 1652 3538 tumulum
1678 3482 1927 3554 aggestis
1954 3500 2056 3555 pro

2200 3485 2396 3548 ιωναῖς,
2435 3480 2524 3536 καὶ
2553 3481 2615 3536 τὸ
2639 3480 2920 3556 πρόθυμον
2979 3482 3071 3536 καὶ
3113 3481 3246 3556 ὑπὲρ
3291 3481 3450 3559 ἰσχὺν
3495 3480 3832 3554 ἐνδείξασθαι

409 3578 622 3643 troptso
653 3587 918 3627 usurum.
949 3572 1014 3628 Id
1046 3575 1203 3629 enim
1259 3573 1560 3629 barbarica
1613 3573 1856 3641 feritate,
1905 3573 2056 3630 victo

2200 3569 2524 3646 σχυρίζοντο
2555 3568 2778 3640 Ἀμέλει
2828 3565 2968 3642 μηδὲ
3019 3567 3242 3643 μέλλειν
3298 3565 3469 3625 ἐϐόων
3518 3573 3613 3628 τὸν
3659 3593 3835 3646 στρα-

405 3659 598 3716 Gahra
626 3664 682 3716 et
712 3660 922 3728 Brana,
947 3667 1010 3716 ut
1034 3661 1156 3730 jam
1193 3659 1456 3728 memini,
1491 3661 1722 3716 fecerat.

2200 3656 2424 3735 ήγέτήν,
2450 3655 2598 3714 ἀλλὰ
2629 3659 2728 3727 τήν
2761 3656 2850 3713 ἐπὶ
2889 3656 3016 3720 τοὺς
3047 3657 3350 3734 πολεμίους
3398 3655 3546 3736 ἄγειν
3599 3661 3830 3724 αύτούς.

407 3746 596 3810 Οὕτως
659 3745 972 3822 έξῃρμένων
1026 3753 1134 3804 τῶν
1195 3748 1614 3823 στρατευμάτων
1671 3747 1868 3826 α’ίφνης
1934 3747 2142 3825 α’ίρεται
2194 3751 2354 3824 θροῦς
2409 3746 2462 3802 ἐν
2522 3751 2602 3820 τῷ
2660 3745 3009 3821 στρατοπέδῳ
3066 3751 3372 3824 συμμιγής*
3433 3747 3492 3804 ἐκ
3547 3749 3649 3826 γὰρ
3725 3757 3830 3807 τοῦ

403 3843 510 3894 τῶν
575 3836 822 3892 Παιόνων
879 3857 962 3900 τις
1015 3831 1200 3902 ἔθνους
1249 3839 1342 3894 τὸν
1395 3835 1566 3892 ’ίππον
1623 3839 1759 3893 κατᾶ
1811 3837 2006 3916 κράτος
2073 3835 2334 3906 ἐλαύνων,
2393 3837 2485 3891 καί
2547 3831 2894 3912 προσϐαίνων
2949 3835 3028 3900 εἷς
3104 3837 3236 3892 ὅσον
3326 3839 3414 3892 καὶ
3493 3839 3641 3907 ὅσον,
3725 3837 3819 3895 ἐπὶ

406 3924 581 3999 στόμα
610 3928 1040 4000 συγκατήνεκται
1093 3931 1173 3998 τῷ
1230 3927 1500 4002 ὀχήματι.
1556 3927 1818 3992 Βασιλεὺς
1870 3927 2052 3983 τοίνυν
2111 3927 2186 3990 ὡς
2249 3931 2410 3983 τοῦτο
2476 3928 2596 4001 εἶχε
2657 3927 2987 4000 πυθόμενος,
3043 3925 3206 3988 αὐτός
3264 3947 3323 3982 τε
3379 3923 3662 4002 διεκέχυτο
3722 3929 3817 3984 καὶ

407 4012 624 4090 θαῤῥεῖν
655 4014 1044 4089 παρεκελεύετο
1081 4019 1262 4086 πᾶσιν,
1325 4016 1424 4072 οὐκ
1473 4015 1640 4091 ἄχαρι
1698 4017 1762 4072 τὸ
1819 4015 2028 4090 μέλλον
2086 4014 2327 4073 ἐντεῦθεν
2387 4014 2797 4088 οῗωνιζόμενος,
2854 4015 2944 4070 καὶ
3002 4013 3216 4090 χαίρειν
3269 4017 3350 4090 [Ρ.
3419 4017 3541 4090 100]
3600 4015 3816 4092 ἑνάγων

405 4105 480 4168 ὡς
513 4105 600 4160 ἐπὶ
632 4102 778 4179 δεξιᾷ
805 4103 915 4176 ἤδη
946 4111 1014 4182 τῇ
1045 4110 1142 4162 τοῦ
1191 4105 1443 4179 πολέμου
1485 4105 1734 4182 τελευτῇ.
1784 4108 1886 4164 Καὶ
1952 4107 1979 4162 ὁ
2040 4107 2134 4182 μὲν
2192 4105 2246 4162 έν
2309 4103 2526 4167 τούτοις
2583 4105 2677 4176 ἦν,
2737 4105 2868 4160 Θεὸν
2929 4111 3150 4180 σωτῆρα
3207 4105 3454 4182 προηγὸν
3516 4105 3821 4163 ἐπικαλού-

405 4215 568 4266 μενος
631 4199 749 4256 τοῖς
818 4197 1232 4271 στρατεύμασιν.
1297 4197 1360 4254 Ὁ
1423 4193 1481 4251 δὲ
1567 4193 1912 4272 Ἀνδρόνικος
2004 4195 2094 4250 τὸν
2190 4190 2570 4268 στρατηλάτην
2637 4194 3069 4269 ὑποζωσάμενος
3138 4195 3344 4270 ἀπῆρεν
3406 4194 3611 4260 έκεῖθεν
3679 4198 3822 4270 μετὰ

398 4289 586 4340 πασῶν
641 4287 750 4340 τῶν
813 4281 1112 4357 δυνάμεων,
1169 4286 1259 4341 καὶ
1328 4287 1474 4361 εἶχεν
1533 4284 1695 4341 αὐτὸν
1753 4287 1976 4360 ἡμερῶν
2036 4306 2199 4341 τινων
2261 4279 2658 4338 διαλειπουσῶν
2719 4283 2748 4337 ὁ
2809 4278 3046 4346 Σάουϐις
3095 4285 3184 4339 καὶ
3268 4279 3533 4346 Δάνουόις
3613 4282 3820 4343 διαπε-

402 4373 744 4447 ραιούμενον,
799 4373 889 4428 καῖ
945 4373 1010 4428 τὸ
1069 4373 1366 4451 Ζεύγμινον
1427 4371 1755 4453 είσεδέχετο.
1826 4370 1957 4432 Οὖδ¹
2009 4375 2062 4428 οἳ
2139 4374 2365 4436 Παίονες
2443 4371 2530 4427 έπὶ
2611 4371 2828 4435 τούτοις
2920 4371 3394 4442 ἀναπεπτώκεσαν,
3475 4372 3627 4431 ἆλλᾶ
3718 4379 3818 4442 τὰς

401 4458 605 4522 οῗκείας
669 4457 798 4521 ἴλας
863 4461 1216 4533 ἆγειιῦᾶμενοι
1277 4461 1364 4517 καὶ
1435 4463 1787 4537 συμμαχικὸν
1859 4461 2310 4539 ξενολογήσαντες
2383 4460 2490 4516 οὐκ
2575 4459 2762 4535 ὀλίγον
2848 4459 2908 4516 έκ
2989 4465 3096 4517 τῶν
3187 4461 3543 4538 ὁμορούντων
3633 4464 3820 4544 σφίσιν

399 4543 596 4602 ένθνῶν
655 4547 744 4601 καὶ
806 4546 856 4620 ἐξ
914 4547 1088 4603 αὐτῶν
1149 4548 1206 4604 δὲ
1288 4550 1642 4623 Ἀλσμανῑὺν,
1724 4553 1799 4614 ὡς
1877 4551 2118 4630 ἐλέγετο,
2201 4551 2290 4607 καὶ
2375 4550 2652 4606 Διονύσιον
2737 4549 2952 4612 τούτοις
3027 4548 3411 4621 ἐπιστήσαντες
3500 4543 3815 4631 στρατήγὸν

399 4637 795 4710 αὐτοκράτορα,
871 4644 1110 4714 γενναῖον
1189 4637 1354 4716 ἀνδρα
1425 4641 1517 4695 καὶ
1589 4643 1862 4706 πολλάκις
1935 4643 2030 4706 τὰς
2103 4639 2346 4704 ἐναντίας
2437 4639 2784 4716 συγκόψαντα
2876 4639 3184 4718 φάλαγγας,
3281 4639 3373 4696 καί
3466 4661 3815 4719 φρονήματι-

399 4724 613 4790 σθέντες
664 4725 812 4781 οὕτω
876 4729 1009 4799 μετὰ
1065 4728 1284 4802 κόμπου
1341 4727 1595 4802 ἐπῄεσαν.
1657 4732 1830 4793 Οὗτος
1889 4729 1948 4786 δὲ
1999 4732 2027 4786 ὃ
2086 4729 2374 4794 Διονύσιος
2427 4729 2518 4784 ’ὅτε
2573 4729 2810 4802 πρώτως
2857 4728 3087 4800 ἠκηκόει
3171 4729 3262 4784 τὸν
3320 4731 3531 4805 Ἴστρον
3603 4727 3812 4798 διαϐῆ-

397 4837 480 4872 ναι
537 4816 855 4890 Ῥωμαϊκὴν
906 4817 1176 4888 στρατιὰν,
1239 4819 1659 4895 γεγαυρωμὲνος
1717 4819 1793 4874 ὢν
1844 4819 1930 4876 ἐπὶ
1985 4824 2104 4883 ταῖς
2161 4819 2424 4896 πρότερον
2484 4817 2658 4882 νίκαις
2713 4813 2777 4880 ἅς
2841 4817 3010 4894 ἤρατο
3062 4817 3198 4874 κατᾶ
3253 4819 3564 4892 Ῥωμαίων,
3628 4840 3810 4896 μεγαα

398 4902 766 4981 λοβρημονῶν
834 4900 1018 4983 ἔλεγεν
1089 4906 1163 4968 ὡς
1221 4907 1298 4969 εἷς
1355 4905 1601 4964 κολωνὸν
1659 4910 1806 4970 αὖθις
1867 4908 2064 4964 έσεῖται
2119 4907 2379 4983 ἆγηοχώς
2437 4907 2502 4962 τᾶ
2555 4911 2662 4961 τῶν
2722 4905 2799 4971 είς
2850 4906 3095 4981 πόλεμον
3161 4907 3439 4963 πεσόντων
3511 4909 3809 4981 Ῥωμαίων

395 5000 544 5054 οστᾶ,
577 4994 666 5050 καὶ
699 4995 790 5051 οἶα
817 4997 1065 5069 τροπαίῳ
1093 4995 1311 5058 τούτοις
1377 4997 1452 5061 ὡς
1507 4999 1596 5052 καὶ
1657 4996 1860 5052 ἄλλοτέ
1913 5017 2046 5052 ποτε
2100 4998 2397 5072 χρήσαιτο,
2445 4994 2560 5050 ἐπεὶ
2616 4995 2704 5050 καί
2761 4995 2828 5066 ἦν
2881 5016 2937 5052 τι
2990 4999 3242 5052 τοιοῦτον
3303 4992 3654 5074 βαρϐαρικῶς
3716 4995 3813 5054 δε-

392 5082 626 5158 δρακὼς,
661 5085 892 5155 ὁπηνίκα
923 5085 1012 5140 τὸν
1048 5080 1254 5160 Γαϐρᾶν
1282 5085 1371 5140 καὶ
1400 5087 1493 5142 τὸν
1528 5089 1721 5162 Βρνᾶν,
1756 5085 1830 5149 ὡς
1857 5081 1966 5154 ἤδη
2003 5105 2095 5159 μοι
2127 5083 2343 5162 ἐρῥέθη,
2373 5081 2810 5159 κατηγωνίσατο.

457 5234 514 5286 2.
545 5231 1056 5305 Contostephanus
1093 5248 1224 5288 vero
1258 5233 1312 5287 in
1377 5234 1520 5290 festo
1579 5232 1840 5305 Procopii
1889 5248 2039 5288 mar-
2076 5239 2090 5302 Ι

2226 5232 2296 5307 β’.
2347 5230 2642 5300 Ἐνστάσης
2691 5225 2752 5284 δὲ
2798 5235 2898 5300 τῆς
2945 5229 3158 5305 ἱορνίου
3206 5233 3434 5305 μνήμης
3483 5230 3812 5307 Προκοπίου

387 5320 530 5388 tyris
561 5330 820 5378 armatas
853 5323 1166 5394 phalanges
1197 5323 1255 5378 in
1303 5323 1485 5378 aciem
1545 5321 1754 5387 educit,
1791 5322 2038 5379 frontem

2200 5325 2242 5374 »ὖ
2305 5320 2597 5395 μάρτυρος,
2651 5316 2892 5374 ἐκτάσσει
2947 5319 3043 5382 τὰς
3097 5317 3352 5394 δυνάμεις
3410 5321 3488 5384 εἷς
3549 5319 3810 5394 πόλεμον

393 5411 826 5486 exercitusipse
856 5423 1122 5488 occupat,
1148 5430 1328 5472 cornu
1389 5415 1658 5472 dextrum
1714 5415 2038 5472 Andronico

2223 5405 2687 5484 Κόντοστέφανος,
2743 5406 2834 5462 καὶ
2892 5406 3056 5471 αύτός
3109 5429 3168 5465 τε
3223 5406 3368 5465 ἐνέδυ
3423 5409 3518 5466 τὸν
3577 5409 3809 5486 θώρακα

392 5493 995 5564 Lapara-las,sinistrum
1017 5503 1150 5560 aliis
1167 5503 1423 5561 tribunis
1448 5503 1708 5560 mandat.
1741 5503 2040 5577 D:sposuit

2200 5497 2233 5553 ιί
2287 5497 2387 5564 τὴν
2442 5492 2622 5566 ἄλλην
2672 5494 2979 5552 πανοπλίαν
3023 5496 3320 5575 ἠμφίεστο,
3375 5497 3466 5554 καί
3515 5503 3634 5563 τοῖς
3677 5499 3802 5557 λοι-

389 5584 447 5636 et
479 5578 625 5639 alias
656 5587 974 5662 phalanges
1029 5591 1269 5664 paulum
1325 5595 1398 5649 ab
1455 5603 1701 5666 utroque
1731 5610 1911 5650 cornu
1944 5611 2036 5650 se-

2200 5593 2268 5649 >ἱς
2294 5585 2558 5646 ὡσαύτως
2599 5582 2852 5640 ἐπέταττε
2903 5583 3056 5662 δρᾷν,
3115 5585 3205 5642 καὶ
3261 5587 3360 5656 τήν
3417 5587 3616 5644 ἑαυτοῦ
3671 5589 3806 5646 ’ἑκα-

389 5669 607 5739 motas,
628 5678 692 5728 ut
713 5689 814 5746 per
835 5683 1066 5753 tempus
1089 5679 1494 5740 laborantibus
1541 5683 1876 5757 legionibus
1898 5682 2035 5740 sub-

2200 5695 2268 5739 ξος
2324 5672 2469 5747 τάξιν
2521 5669 2878 5749 ἐπεπορεύετο
2933 5674 3023 5732 καί
3081 5677 3312 5743 καθίστα
3369 5679 3507 5754 πρὸς
3583 5679 3650 5735 τὸ
3710 5677 3802 5736 εὸ-
