4068 6196
452 298 573 359 499
1779 299 2085 361 NICETE

2227 295 2549 360 ONIATJE
3703 312 3806 375 500

456 431 618 486 τέκνα
694 431 784 487 καὶ
858 429 1229 503 συλλέκτρους
1262 428 1439 501 ἴδητε.
1516 431 1714 506 Αράτω
1788 431 1882 494 τὰς
1925 431 2109 508 φωνάς
2179 434 2288 486 τῶν
2362 422 2660 504 Βαρϐάρων
2738 425 2767 480 ό
2811 421 3110 502 βαθυδίνης
3186 424 3377 484 οὖτοπὶ
3405 432 3602 506 Ἴστρος
3628 433 3803 516 έπιτρι.

459 515 710 593 ϐομένων
781 521 871 574 καὶ
948 517 1118 582 δίναις
1189 517 1664 594 ἐναποψυχόντων⁶
1743 518 1888 575 ἀλλὰ
1960 519 2052 574 καὶ
2093 515 2412 592 αἱματώδης
2459 513 2747 592 προῤῥέων
2825 512 2897 570 δι’
2971 517 3044 570 ὧν
3121 523 3321 592 χωρῶν
3397 518 3540 593 ὁλκῷ
3602 512 3810 600 σῦρεται,

463 605 833 681 διατρανούτω
881 607 1115 669 Παίονας
1189 605 1527 680 ἡττημένους
1598 609 1685 663 καὶ
1766 607 2074 680 Ῥωμαίους
2129 605 2544 679 ἀνάκηρυττέτω
2647 607 2934 671 νικῶντας,
3014 603 3232 674 ἐξιστῶν
3327 609 3451 671 τοὺς
3547 614 3813 688 θεωμένους

457 701 535 768 τῷ
609 696 894 765 ἆήθειτῆς
971 698 1466 772 προχοῇς.Χρεὼν
1539 694 1596 752 δὲ
1669 697 1806 772 πρὸς
1877 698 2092 758 τούτοις
2168 701 2386 750 σκοπεῖν
2459 694 2534 758 ὡς
2609 695 2636 749 ὁ
2679 691 2960 768 ἐκπέμψας
3012 697 3160 767 ἡμᾶς
3231 695 3284 758 ἐς
3314 695 3466 753 τόνδε
3494 700 3578 754 τὸν
3604 703 3812 776 πόλεμον

462 785 603 844 ἄπας
677 785 838 855 ἡμῶν
917 782 1228 860 ἐξήρτηται,
1303 785 1391 840 καὶ
1419 792 1684 861 χρησταῖς
1759 786 1972 841 ἐλπίσιν
2003 783 2459 857 ὑποθαλπόμενος
2536 781 2619 858 ἐφ’
2695 784 2784 845 οἷς
2859 783 3010 856 αὖτῷ
3076 786 3167 839 καὶ
3255 787 3383 860 ὑπὲρ
3459 787 3608 868 ἰσχὺν
3657 792 3812 869 ἀνδρί.

461 883 653 936 σασθαι
684 871 1032 946 συνεθέμεθα,
1068 879 1268 951 μικροῦ
1310 877 1436 938 τοὺς
1472 877 1704 952 ζωγρίας
1761 875 2025 931 ἀναπολεῖ
2095 873 2188 929 καὶ
2263 873 2326 928 τὸ
2399 879 2502 942 τῆς
2575 871 2734 943 νίκης
2808 876 3130 951 φαντάζεται
3237 874 3479 952 μέγεθος.
3535 882 3620 950 Μὴ
3673 885 3818 942 τοίνυν

459 960 708 1016 κᾶκεῖνον
772 962 1121 1038 αίσχόνωμεν
1177 965 1267 1019 καὶ
1324 965 1472 1038 ἡμᾶς
1531 967 1726 1030 αὐτοὺς
1789 970 1968 1029 κακῶς
2025 961 2338 1036 διαθώμεθα
2423 963 2558 1036 πρὸς
2613 963 2704 1018 τὸν
2763 962 2814 1018 ἐν
2899 963 3019 1037 ’ὀψει
3103 964 3516 1036 μαλακισθέντες
3593 968 3816 1046 κίνδυνον,

459 1047 614 1105 οὐδὲν
646 1049 728 1106 ὅτι
764 1053 838 1124 μή
902 1051 1125 1115 θάνατον
1174 1054 1236 1108 τὸ
1295 1056 1458 1129 πέρας
1497 1050 1713 1130 ἔχοντα.
1768 1057 1839 1110 Αἱ
1891 1053 1996 1130 γάρ
2055 1052 2224 1126 ἀκμαί
2270 1057 2380 1107 τῶν
2405 1056 2582 1107 κακῶν
2617 1051 2678 1108 οὗ
2712 1052 2966 1129 φιλοῦσιν
3013 1051 3287 1126 ἀνάδυσιν,
3312 1055 3399 1110 καὶ
3438 1057 3498 1112 τὸ
3524 1057 3745 1133 βραχέως
3774 1065 3818 1119 ἐν

459 1141 676 1203 τούτοις
708 1141 1134 1198 καθυπενδοῦνηι
1161 1143 1599 1220 καταπροδοῦναι
1628 1148 1690 1202 τὸ
1719 1152 1820 1202 πᾶν
1851 1144 1984 1200 ἐστι.
2008 1169 2033 1200 ι

531 1242 584 1295 3.
619 1241 1004 1299 Haeclocutus
1026 1261 1163 1300 suas
1187 1245 1380 1316 copias
1403 1246 1462 1301 in
1500 1249 1793 1318 patentem
1837 1259 2104 1316 campum

2286 1241 2353 1316 γ’.
2412 1243 2625 1298 Τοιαῦτ⁹
2679 1240 2847 1297 είπῶν
2917 1241 3006 1299 ἐπὶ

458 1328 676 1385 educit.
709 1331 868 1386 Idem
900 1336 1103 1388 contra
1124 1339 1178 1388 ct
1212 1333 1520 1406 Dionysius
1552 1335 1710 1403 facit,
1743 1334 1913 1390 hilari
1945 1333 2104 1389 vultu

459 1435 591 1474 cum
620 1418 829 1489 plausu
864 1425 920 1476 et
947 1421 1166 1491 lastitia,
1193 1423 1360 1495 quasi
1393 1424 1466 1480 ad
1523 1423 1727 1480 ludum
1774 1424 1899 1480 iret.
1937 1422 2108 1478 Unde

458 1510 599 1582 quid
633 1513 917 1582 agendum
973 1517 1127 1568 esset
1181 1513 1241 1570 in
1301 1515 1610 1587 praesentia
1659 1513 1916 1586 ignarus,
1968 1529 2109 1568 suas

461 1601 658 1672 copias
692 1618 880 1674 neque
903 1601 962 1657 in
986 1604 1251 1659 dextrum
1286 1604 1660 1661 sinistrumve
1707 1621 1884 1660 cornu
1917 1601 2111 1658 distri-

461 1689 610 1756 buit,
630 1705 818 1762 neque
839 1689 898 1744 in
931 1691 1238 1747 distinctas
1268 1697 1496 1749 turmas
1552 1698 1609 1748 et
1665 1692 1986 1764 phalanges
2014 1691 2108 1745 de-

464 1779 700 1848 scripsit
717 1794 731 1832 :
746 1780 846 1834 sed
865 1784 1092 1836 tantum
1116 1787 1431 1837 exercitum
1449 1782 1506 1837 in
1524 1799 1694 1838 unam
1713 1783 1877 1854 quasi
1905 1781 2108 1836 turrim

466 1869 768 1941 giobatum
799 1886 864 1926 ac
897 1871 1208 1927 densatum
1241 1879 1378 1928 atras
1410 1872 1585 1929 nubis
1618 1873 1802 1928 instar
1847 1872 2108 1942 adduxit,

469 1952 601 2016 cum
635 1978 864 2018 summo
896 1968 952 2018 et
981 1963 1354 2020 acerbissimo
1388 1968 1718 2021 nostrorum
1751 1969 2107 2035 contemptu.

465 2048 754 2106 Vexillum
783 2051 912 2122 ejus
942 2053 1002 2108 in
1032 2069 1232 2109 crassa
1259 2058 1316 2110 et
1372 2053 1490 2110 alta
1545 2054 1726 2120 trabe,
1757 2069 1929 2124 quam
1972 2051 2111 2108 rotis

463 2140 798 2211 impositam
831 2143 1242 2214 quatuorjuga
1263 2143 1441 2200 boum
1464 2143 1792 2210 trahebant,
1823 2142 1976 2199 208
2009 2158 2111 2198 su-

463 2230 702 2286 blimes
731 2231 919 2288 ventis
951 2233 1299 2304 agitabatur.
1344 2234 1479 2290 Erat
1533 2250 1602 2289 ea
1657 2233 1812 2290 acies
1869 2232 2109 2288 omnino

461 2316 753 2374 horrenda
794 2319 944 2384 visu,
979 2326 1096 2375 tota
1119 2320 1408 2391 equestris
1437 2325 1494 2377 et
1525 2321 1772 2377 bastata.
1835 2319 1950 2377 Nec
2005 2318 2110 2373 viri

462 2414 691 2466 tantum
726 2411 906 2466 armis
936 2411 1164 2483 egregie
1195 2413 1266 2468 ad
1302 2413 1478 2484 pedes
1510 2427 1698 2484 usque
1741 2409 1978 2474 muniti,
2009 2409 2112 2465 sed

463 2504 518 2555 et
548 2515 830 2570 equorum
867 2506 1120 2573 pectora,
1152 2506 1211 2556 et
1265 2502 1481 2558 frontes
1536 2501 1687 2558 ferro
1732 2504 1932 2556 contra
1959 2497 2113 2555 ictus

3115 1241 3306 1300 πεδίου
3415 1246 3817 1323 ἀναπεπταμένου

2216 1339 2482 1407 προῆγεν.
2517 1333 2816 1410 Ἀντεξάγει
2857 1330 2915 1388 δὶ
2972 1335 3023 1390 οἱ
3081 1334 3172 1389 καὶ
3226 1335 3507 1401 Διονύσιος
3557 1340 3618 1393 τὰ
3665 1341 3818 1398 οἰκεῖα

2219 1419 2575 1498 στρατόπεδα,
2610 1424 2856 1497 χαροπὸς
2886 1427 2965 1495 τῷ
2994 1425 3301 1498 προσώπῳ,
3332 1431 3538 1500 κροτῶν
3596 1429 3699 1504 ἃμα
3747 1435 3818 1486 καὶ

2218 1510 2428 1586 χαίρων
2459 1510 2535 1572 ὼς
2568 1509 2896 1566 ἐπὶπαιδιὰν
2931 1511 3109 1582 ἐξιών.
3142 1514 3371 1578 Ὀπόθεν
3421 1516 3509 1570 καὶ
3555 1519 3612 1572 τὸ
3662 1520 3707 1572 τί
3758 1518 3823 1574 δεῖ

2216 1605 2392 1655 ποιεῖν
2427 1599 2512 1654 ἐπί
2541 1603 2733 1673 καιροῦ
2795 1601 2871 1672 μὴ
2934 1598 3116 1668 εἷ’δὼς,
3165 1598 3290 1658 οὔτε
3347 1601 3426 1666 εἷς
3483 1603 3633 1680 κέρας
3678 1604 3817 1676 δεξιὸν

2215 1690 2305 1745 καὶ
2363 1688 2643 1761 εὐώνυμον
2699 1692 2802 1758 τήν
2860 1689 2951 1744 ὕπ’
2995 1690 3156 1745 αὐτὸν
3212 1689 3429 1766 ἐμέρισε
3459 1696 3691 1769 στρατιὰν
3721 1693 3818 1750 οῧτε

2198 1777 2295 1841 ἐίς
2325 1776 2448 1839 ἴλας
2476 1773 2758 1832 ἀποδιεῖλε
2785 1777 2875 1831 καὶ
2907 1776 3206 1856 φάλαγγας,
3259 1777 3390 1836 ἀλλ’
3447 1781 3498 1844 ές
3547 1782 3810 1858 ὁμαιχμίαν

2216 1866 2644 1941 συνεσπειρακὼς
2681 1867 2806 1939 μίαν
2831 1871 3092 1923 τοσοῦτον
3133 1869 3442 1945 στράτευμα
3495 1871 3580 1926 καὶ
3637 1876 3818 1927 πυκνώ-

2217 1979 2310 2020 σας
2366 1959 2489 2013 οἴον
2551 1957 2681 2013 αὐτὸ
2729 1958 2816 2013 καὶ
2899 1959 3196 2036 πυργώσας
3269 1961 3408 2016 κατᾶ
3474 1961 3618 2038 νέφος
3673 1963 3812 2037 μέλαν

2216 2047 2439 2122 ἐπῆγεν,
2489 2043 2642 2103 οὐδὲν
2699 2045 2970 2104 ἐλλείπων
3023 2048 3324 2125 ὑπεροψίας
3368 2049 3544 2125 ώμῆςο
3613 2055 3701 2110 Ἤν
3767 2051 3813 2109 δέ

2217 2137 2372 2208 καὶὴ
2416 2137 2626 2210 σημαία
2683 2136 2886 2192 ἐκείνου
2948 2159 3243 2215 μετεωρος,
3309 2137 3397 2195 ἐπί
3451 2162 3589 2203 τινος
3632 2143 3815 2217 ἠνεμω-

2222 2226 2356 2300 μένη
2389 2228 2602 2306 παχέος
2634 2227 2724 2281 καὶ
2757 2226 3042 2300 ὖψιτενοῦς
3075 2227 3249 2297 ίστοῦ,
3323 2229 3562 2306 τέτρασιν
3617 2232 3812 2307 ὑποτρό-

2218 2337 2343 2394 χοις
2376 2315 2677 2389 έλκομένου
2719 2317 2867 2390 βοῶν
2901 2316 3218 2394 ζεύγμασιν.
3241 2317 3399 2387 Λύτή
3432 2316 3489 2374 δὲ
3549 2323 3579 2389 ἡ
3629 2321 3818 2393 ἀντίμα-

2219 2427 2322 2482 χος
2354 2405 2638 2483 ὁμαιχμία
2680 2403 2974 2484 φρικαλέον
3035 2406 3205 2470 ὅντως
3264 2407 3362 2463 καὶ
3417 2405 3818 2464 δυσαντίϐλεπτον

2219 2494 2400 2570 ὅραμα
2429 2495 2518 2563 ἦν,
2550 2498 2694 2548 πᾶσα
2725 2493 2864 2549 οὖσα
2907 2494 3147 2566 ἱππότης
3202 2497 3298 2552 καί
3360 2495 3710 2577 λογχηφόρος.
3757 2499 3818 2554 0-3

466 2591 862 2647 armabantur.
924 2592 1009 2647 Ad
1063 2591 1186 2647 hinc
1243 2609 1527 2664 equorum
1596 2591 1866 2648 hinnitus
1919 2606 2110 2645 armo-

2225 2583 2389 2658 μόνον
2423 2579 2480 2638 δὶ
2507 2583 2559 2637 οἱ
2589 2578 2776 2657 ἄνδρες
2817 2589 3074 2660 μετεῖχον
3123 2588 3221 2640 τοῦ
3274 2581 3534 2662 ἆγριϐοὖς
3587 2585 3821 2660 ὁπλισμοῦ

468 2697 719 2753 rumque
751 2680 941 2753 fulgor
970 2680 1111 2737 solis
1144 2683 1324 2738 radiis
1353 2683 1746 2751 everberatus,
1772 2684 1833 2736 ut
1873 2681 2113 2752 propius

465 2775 706 2827 ventum
738 2775 849 2839 est,
900 2770 1132 2842 utrique
1190 2771 1470 2829 exercitui
1527 2772 1808 2842 majorem
1859 2769 2112 2826 admira-

467 2861 682 2917 tionem
738 2865 796 2916 et
850 2863 1130 2917 terrorem
1181 2862 1476 2918 afferebat.
1535 2863 1655 2916 Sub
1709 2858 2010 2916 meridiem
2055 2858 2113 2914 in

469 2949 731 3007 medium
764 2965 1119 3023 processere.
1168 2949 1701 3023 Contostephanus,
1739 2949 1838 3006 ubi
1883 2953 2114 3020 tempus

467 3040 656 3097 visum
689 3043 798 3109 est,
831 3039 1015 3095 dextri
1075 3047 1134 3095 et
1191 3040 1416 3096 sinistri
1469 3055 1649 3096 cornu
1681 3038 1894 3096 milites
1925 3037 2116 3110 proxi-

468 3146 597 3186 mos
628 3133 950 3186 extremum
985 3127 1362 3184 barbarorum
1395 3143 1603 3200 agmen
1635 3129 1821 3199 jussit
1875 3129 2115 3195 credere,

468 3217 804 3289 sagittarios
836 3233 971 3273 vero
1002 3217 1303 3288 equitesin
1343 3217 1550 3290 primis
1599 3217 1833 3273 crebras
1877 3217 2116 3289 sagittas

468 3310 535 3361 ut
565 3306 924 3377 conjicerent
953 3306 1217 3362 hortatus
1249 3311 1358 3373 est,
1395 3323 1460 3363 eo
1492 3307 1734 3363 consilio
1787 3311 1852 3363 ut
1898 3307 2117 3362 Panno-

469 3396 698 3450 niorum
732 3393 1004 3450 continua
1053 3395 1310 3468 phalanx
1361 3396 1794 3454 dissolveretur.
1854 3396 2000 3452 Nam
2051 3400 2117 3450 ut

470 3489 640 3557 poeta
663 3487 862 3540 noster
891 3484 993 3552 ait,
1025 3506 1054 3534 «
1084 3490 1264 3541 Arma
1319 3485 1525 3554 armis,
1578 3487 1722 3558 pede
1780 3501 1881 3559 pes
1914 3485 2114 3554 haeret,

469 3575 809 3646 densusque
825 3573 943 3629 viro
959 3573 1068 3630 vir.
1099 3577 1317 3630 Juncta
1363 3573 1498 3646 equi
1537 3575 1728 3646 capita
1772 3573 2114 3643 habebant;

472 3669 634 3720 atrox
660 3679 860 3736 pugna
878 3662 1065 3719 hastis
1104 3662 1397 3732 horrebat,
1432 3665 1614 3720 instar
1647 3665 1916 3721 draconis
1947 3681 2117 3734 squa-

471 3768 600 3808 mas
622 3751 941 3808 attollentis
959 3753 1260 3808 undabant
1288 3753 1596 3810 exercitus.
1631 3752 1936 3827 Dionysius
1987 3768 2118 3808 vero

469 3841 629 3898 velut
652 3839 826 3896 turris
849 3840 1190 3898 firmissima
1212 3842 1531 3914 procedens
1554 3841 1783 3898 hastam
1817 3842 1876 3896 in
1907 3842 2120 3898 Conto-

470 3930 820 4003 stepbanum
845 3935 903 3986 et
922 3931 1050 4000 ejus
1067 3930 1382 3986 exercitum
1405 3929 1880 3987 vibrabat.Ubiad
1912 3947 2118 3986 manus

469 4027 708 4077 ventum
739 4027 846 4090 est,
878 4021 1064 4093 primo
1117 4019 1302 4078 hastis
1335 4035 1458 4076 rem
1501 4025 1727 4091 gerunt,
1766 4025 1991 4094 urgent,
2025 4037 2119 4075 ur-

469 4115 677 4181 gentur
708 4111 861 4166 204
893 4109 1255 4182 aliquandiu.
1290 4109 1483 4166 Hastis
1514 4110 1712 4166 fractis
1747 4115 1804 4166 et
1835 4115 2119 4182 tanquam

469 4215 634 4272 sepes
667 4201 727 4255 in
759 4199 951 4257 medio
981 4198 1366 4271 exaggeratis,
1401 4199 1727 4272 praelongos
1757 4215 1934 4256 enses
1949 4199 2121 4256 stria-

467 4294 678 4345 xerunt
709 4306 775 4345 ac
806 4289 995 4346 denuo
1057 4289 1355 4362 congressi
1415 4293 1845 4362 pugnaverunt.
1900 4288 2122 4353 Quibus

470 4378 778 4434 habebatis
809 4379 970 4451 (nam
1002 4381 1124 4435 tota
1151 4379 1304 4434 acies
1345 4377 1622 4450 utrinque
1678 4378 1864 4435 ferrea
1916 4381 2126 4433 eratet

474 4466 642 4538 aerea)
678 4467 958 4523 Pannonii
1015 4468 1362 4536 aastuabant,
1421 4468 1640 4540 quippe
1696 4467 1798 4541 qui
1830 4466 2126 4524 Romanos

476 4571 649 4612 suum
677 4556 958 4626 impetum
992 4557 1230 4612 minime
1259 4557 1608 4614 toleraturos
1658 4561 1956 4631 pularant.
2018 4557 2127 4613 [to-

477 4647 636 4701 mani
667 4645 867 4701 ferreis
897 4645 1093 4713 clavis,
1153 4663 1301 4717 quas
1358 4646 1417 4702 in
1473 4647 1695 4704 bellum
1738 4649 1884 4705 ferre
1914 4647 2124 4714 solent,

477 4734 724 4806 arreptis
747 4733 1183 4790 Pannoniorum
1241 4736 1433 4806 capita
1489 4741 1546 4793 et
1591 4737 1767 4793 facies
1802 4745 2128 4810 Opportune

475 4825 792 4884 caedebant.
826 4822 990 4880 Unde
1021 4823 1190 4879 multi
1225 4824 1428 4880 oborta
1458 4825 1706 4898 caligine
1724 4825 1892 4897 equis
1933 4825 2125 4882 devol-

476 4914 957 4982 vebantur,multi
982 4915 1287 4986 sanguinis
1315 4916 1598 4987 proﬂuvio
1617 4915 2124 4972 exanimabantur.

475 5011 558 5065 ita
590 5007 931 5065 ﬁrmissima
953 5006 1054 5062 illa
1075 5007 1197 5062 acie
1222 5007 1930 5079 perrupta,Romanorum
1959 5024 2128 5064 nemo

477 5105 598 5156 erat
630 5099 728 5172 qui
765 5115 879 5155 non
916 5095 1285 5154 Pannonium
1319 5095 1518 5153 feriret
1545 5114 1609 5154 ac
1664 5097 1962 5168 dejiceret,
1996 5115 2129 5170 pro-

479 5194 850 5261 stratumque
907 5187 1206 5262 spoliaret,
1264 5203 1369 5244 nec
1429 5186 1607 5244 aliam
1669 5187 2005 5259 paaOpliam
2040 5187 2132 5243 in-

480 5281 1048 5351 dueret,equumque
1071 5279 1489 5334 conscenderet
1510 5277 1682 5349 cujus
1699 5293 1987 5333 sessorem
2023 5292 2129 5333 oc-

2220 2673 2311 2729 καὶ
2368 2671 2728 2743 ποδηνεκοῦς,
2786 2671 2914 2730 ἀλλ’
2977 2677 3062 2748 [Ρ.
3125 2679 3250 2750 102]
3326 2678 3390 2746 ἦν
3440 2679 3560 2753 ὁρᾷν
3613 2678 3821 2732 καὶτῶν

2220 2765 2403 2820 ἳππων
2451 2763 2626 2820 αὐτῶν
2714 2761 3050 2837 διαδήματα,
3113 2769 3568 2847 μασχαλιστῆεας
3617 2788 3821 2846 προφαι-

2219 2854 2418 2910 νόντων
2479 2853 2571 2907 καὶ
2636 2853 3026 2926 περικειμένων
3109 2853 3533 2930 προμετωπίδια
3581 2857 3661 2911 καὶ
3708 2878 3822 2932 προ-

2225 2941 2497 3018 στερνίδια
2523 2946 2630 2996 τῶν
2676 2941 2977 3018 βλημάτων
3009 2941 3272 3018 ἐρύματα.
3304 2947 3366 3003 Ὁ
3424 2943 3480 3001 δὲ
3533 2950 3630 3002 τῶν
3669 2943 3820 3000 ’ίππων

2225 3030 2565 3111 φριμαγμὸς,
2651 3032 2685 3100 ἣ
2777 3051 2835 3086 τε
2890 3033 3028 3108 πρὸς
3092 3032 3253 3103 ἥλιον
3321 3035 3698 3111 ἀνταυγάζουσα
3733 3039 3818 3090 τῶν

2225 3119 2412 3179 ὅπλων
2465 3115 2800 3190 στιλϐηδὼν,
2859 3119 2935 3183 ώς
3004 3121 3161 3198 ἐγγὺς
3213 3124 3281 3193 ἦν
3343 3125 3408 3179 τὰ
3478 3126 3820 3200 στρατεύματα,

2224 3210 2536 3285 καινοτέραν
2561 3207 2730 3265 ἐποίει
2760 3211 2861 3279 τήν
2916 3209 3037 3266 θέαν
3079 3211 3169 3267 καὶ
3230 3209 3326 3268 διὰ
3383 3209 3550 3293 φόϐου
3605 3214 3684 3269 καὶ
3729 3212 3827 3276 01'3-

2230 3322 2398 3376 ματος
2453 3305 2571 3361 τοῖς
2623 3297 2684 3354 ἐκ
2735 3303 2844 3354 τῶν
2891 3299 3267 3370 στρατοπέδων
3342 3305 3558 3381 ἀμφοῖν.
3611 3304 3745 3362 Ἐπεὶ
3784 3300 3827 3356 δὲ

2225 3390 2504 3463 προῆλθον
2549 3389 2624 3452 ὡς
2683 3388 2760 3452 είς
2823 3389 3151 3467 μεταίχμιον
3189 3391 3282 3446 καὶ
3346 3393 3469 3468 περὶ
3529 3388 3824 3467 μεσημϐρίαν

2227 3481 2294 3550 ἦν
2347 3482 2383 3550 ἡ
2438 3479 2620 3554 ἡμέρα
2668 3477 2760 3533 καὶ
2813 3479 3002 3554 καιρὸς
3064 3478 3241 3536 ἐδόκει
3273 3481 3824 3559 συρῥήγνυσθαι,όμὶν

2225 3569 2663 3647 Κοντοστέφανος
2735 3569 2859 3631 τοῖς
2931 3567 2991 3624 ἐκ
3067 3567 3243 3642 δεξιοῦ
3324 3571 3416 3626 καὶ
3475 3570 3624 3628 λαιοῦ
3689 3573 3827 3643 κέρως

2227 3661 2461 3737 ἄγχιστα
2504 3655 2979 3733 παρακολουθοῦσι
3033 3659 3101 3715 τά
3156 3659 3449 3718 τελευταῖα
3497 3667 3598 3718 τῶν
3659 3655 3824 3738 βαρθάο

2229 3772 2336 3825 ρων
2385 3748 2604 3805 κόπτειν
2661 3746 2850 3825 ἐφῆκε,
2913 3747 3152 3822 μάλιστα
3204 3749 3262 3806 δὲ
3321 3758 3442 3817 τοῖς
3494 3753 3825 3821 ίπποτοξὸςαις

2229 3838 2375 3913 θαμᾶ
2407 3836 2634 3913 βάλλειν
2667 3835 3094 3914 παρεκελεύετο.
3143 3842 3369 3907 Σκοπὸς
3407 3839 3464 3898 δὲ
3513 3842 3576 3911 ἦν
3629 3839 3821 3902 ἐντεῦθεν

2227 3935 2306 4002 τῷ
2365 3932 2657 4005 στρατηγῷ
2705 3927 3034 3985 κατασείσειν
3091 3931 3198 3986 ε’ἰτε
3257 3933 3373 4005 μὴν
3420 3931 3704 4008 ἐκκρούσειν
3745 3935 3824 3996 τῆς

2232 4019 2516 4094 συνεχείας
2570 4018 2666 4080 τὰς
2725 4019 3021 4081 Πκιονικὰς
3079 4019 3392 4099 φάλαγγας·
3452 4020 3582 4077 κατὰ
3623 4021 3707 4097 γάρ
3743 4019 3823 4085 τὴν

2225 4109 2543 4182 Ὁμηρικὴν
2615 4109 2703 4164 καὶ
2780 4109 2905 4164 τότε
2977 4109 3270 4184 παράταξιν
3363 4135 3390 4166 α
3465 4111 3618 4172 ἀσπίς
3679 4103 3826 4163 ἀσπίδ’

2226 4195 2422 4273 ἔρειδε,
2479 4197 2644 4271 κόρυς
2711 4197 2899 4273 κόρυν,
2956 4197 3112 4274 ἀνέρα
3181 4196 3228 4254 δ’
3257 4199 3422 4277 ἀνὴρ,
3456 4225 3482 4254 ι)
3514 4201 3597 4255 καί
3624 4200 3727 4259 ’ἰσας
3762 4195 3826 4250 εἶ-

2231 4307 2332 4364 χον
2407 4287 2457 4342 οἱ
2531 4287 2691 4342 ἳπποι
2766 4287 2865 4350 τὰς
2928 4285 3191 4366 κεφαλὰς,
3259 4287 3445 4368 ἓφριξε
3500 4287 3545 4345 δ’
3614 4291 3644 4357 ἡ
3703 4289 3829 4362 μάχη

2230 4377 2474 4455 ἐγχείῃσι
2542 4371 2961 4454 φθισίμϐροτος,
3016 4378 3106 4433 καὶ
3163 4380 3304 4435 κατὰ
3359 4380 3662 4453 κινούμενον
3726 4374 3831 4448 δρά-

2231 4489 2395 4524 κοντα
2450 4468 2540 4522 καὶ
2594 4467 2888 4546 φρίσσοντα
2951 4469 3049 4531 τὰς
3132 4467 3369 4548 φολίδας
3455 4467 3717 4544 ἐκόμαινον
3790 4464 3832 4519 οἱ

2233 4558 2473 4634 στρατοί·
2548 4557 2611 4614 Ὀ
2670 4553 2728 4613 δὲ
2798 4558 3073 4620 Διονύσιος
3173 4559 3250 4621 ὡς
3328 4565 3516 4636 τεῖχος
3590 4557 3829 4613 ἀτίνακτον

2232 4641 2574 4723 προῦϐαινεν,
2635 4644 2687 4709 ἐς
2746 4645 2908 4704 αὑτόν
2959 4667 3019 4702 τε
3072 4647 3165 4704 τὸν
3219 4650 3636 4728 Κοντοστέφανον
3671 4643 3826 4701 καὶτὸ

2235 4739 2370 4816 ἀμφ’
2407 4737 2565 4792 αὐτὸν
2597 4737 2924 4814 τεταγμένον
2954 4736 3204 4794 τιταίνων
3251 4739 3315 4794 τὸ
3382 4737 3561 4816 ἔγχος.
3624 4737 3696 4794 Ὠς
3743 4730 3823 4785 οὖν

2233 4822 2478 4900 ἐδέξαντο
2581 4830 2772 4883 τοῦτον
2879 4828 3172 4900 Ῥωμαῖοι,
3257 4823 3668 4904 διαιδορατισμοὶ
3715 4819 3826 4896 παρ’

2238 4912 2506 4985 ἀλλήλων
2538 4915 2672 4984 ἦσαν
2730 4915 2820 4972 καὶ
2872 4915 3106 4989 ώθισμοὶ
3163 4917 3253 4972 καὶ
3316 4914 3633 4989 ἀντωθισμοὶ
3689 4912 3830 4985 μέχρι

2233 5003 2407 5066 τινός·
2444 5002 2560 5058 ἐπεὶ
2587 5001 2644 5059 δὶ
2687 5004 2754 5060 τὰ
2803 5003 3006 5080 δόρατα
3056 5005 3302 5081 κατεάγει
3362 5005 3451 5061 καὶ
3514 5005 3574 5075 ἧν
3626 5001 3682 5058 τὸ
3726 5017 3836 5072 μετ-

2238 5091 2468 5167 αίχμιον
2525 5090 2953 5168 ἀποσχεδιασθὶν
3015 5091 3090 5157 εἲς
3137 5095 3383 5172 φραγμὸν
3435 5094 3548 5156 τοὶς
3598 5097 3692 5148 τῶν
3730 5109 3836 5143 κον-

2236 5185 2346 5236 τῶν
2389 5175 2769 5255 στοιϐασμοῖς,
2815 5183 2911 5248 τάς
2955 5182 3246 5258 ἐπιμήκεις
3299 5183 3539 5239 έσέπειτα
3597 5179 3834 5258 μαχαίρμε

2241 5270 2546 5326 ἐσπάσαντο
2579 5272 2666 5326 καὶ
2702 5272 2855 5334 αὖθις
2914 5276 3279 5347 συμπεσόντες
3342 5271 3630 5352 ἐμάχοντο.
3675 5271 3750 5330 Ὧς
3799 5263 3837 5318 δ’

480 5367 717 5423 ciderat.
750 5367 985 5439 Vesperi
1018 5366 1276 5438 receptui
1334 5367 1674 5436 cauebatur,
1735 5365 1976 5422 sublimi
2029 5363 2116 5421 illc

2237 5359 2347 5432 ἤδη
2381 5360 2472 5416 καὶ
2503 5361 2658 5416 αὗται
2685 5362 2750 5416 τὰ
2789 5361 3035 5435 στόματα
3064 5359 3460 5436 ἠμϐλύνθησαν
3517 5360 3600 5417 διὰ
3650 5360 3705 5414 τὸ
3747 5359 3835 5410 τῶν

483 5455 740 5526 Dionysii
770 5456 976 5512 vexillo
999 5457 1253 5525 sublato,
1287 5459 1344 5510 et
1385 5454 1670 5513 exercitus
1725 5456 1969 5510 navibus
2027 5453 2133 5509 im-

487 5543 662 5615 positi
683 5547 900 5601 Istrum
934 5545 1323 5617 trajiciebant.
1354 5545 1534 5604 Fama
1557 5545 1711 5602 enim
1747 5561 1846 5617 per
1874 5545 2133 5603 Bomana

487 5638 679 5693 castra
706 5641 930 5708 vagata.
981 5635 1312 5693 Pannonios
1361 5634 1643 5708 postridie
1698 5633 1914 5692 auxilia
1961 5635 2132 5692 ﬁrma

2241 5452 2658 5526 στρατευμάτων
2720 5449 3046 5531 πάγχαλκον
3104 5453 3192 5508 καὶ
3255 5451 3604 5525 πανσίδηρον⁹
3661 5450 3706 5504 οἱ
3757 5446 3831 5519 μὲν

2242 5543 2470 5608 Παίονες
2525 5541 2854 5618 ἠμηχάνουν
2913 5541 2976 5598 τὸ
3031 5541 3140 5598 ἀπὸ
3199 5539 3378 5614 τοῦδε,
3441 5539 3696 5616 μηδαμῶς
3724 5535 3833 5591 κατᾶ

2239 5635 2362 5689 νοῦν
2421 5631 2633 5708 θέμενοι
2691 5632 2766 5698 ὡς
2819 5631 3067 5698 ἐπιόντας
3121 5631 3316 5698 αὐτοὺς
3374 5633 3630 5708 Ῥωμαῖοι
3682 5626 3836 5704 δέξον-
