4068 6196
293 295 420 359 501
1396 305 1498 364 DE
1541 303 1921 367 MANUELE
1964 303 2364 366 COMNENO
2406 305 2562 366 LIB.
2609 306 2685 366 γ.
3609 306 3726 370 502

296 435 719 508 ται,”Ρωμαῖοι
769 432 827 488 δὲ
875 437 1010 508 μετὰ
1068 438 1258 509 χεῖρας
1299 435 1396 496 τὰς
1453 433 1515 490 ἐκ
1579 432 1807 510 σιδήρου
1871 455 1951 490 κο·

2084 443 2442 510 exspectare,
2469 439 2678 495 ducem
2727 437 3046 498 sollicitum
3102 440 3403 498 reddebat.
3459 439 3543 499 Ob
3603 460 3733 500 eam

304 522 483 596 ρῦνας
515 525 898 599 χειρισάμενοι
955 523 1095 593 (ἓθος
1138 520 1197 578 δὲ
1244 523 1428 587 αὐτοῖς
1475 523 1566 579 καὶ
1621 521 1834 580 τοιόνδε
1881 522 1945 603 cpt

2083 527 2262 600 igitur
2293 527 2532 598 famam,
2566 546 2695 601 quae
2726 546 2840 585 non
2875 547 3114 600 prorsus
3144 531 3341 587 inanis
3373 547 3502 589 esse
3550 540 3732 603 puta-

298 631 423 687 ρειν
457 611 761 687 ὁπλισμὸν,
818 613 982 682 ἡνίκα
1027 611 1090 667 ἄν
1143 611 1218 676 είς
1268 613 1514 688 πόλεμον
1574 611 1731 687 ἴοιεν)
1781 612 1951 669 ἔπαιοε

2083 619 2275 688 batur,
2310 626 2442 691 post
2473 620 2695 678 felicem
2730 637 2936 694 pugna
2969 627 3237 679 eventum
3269 622 3406 678 inde
3457 623 3736 681 discessit

308 704 450 767 τούς
509 705 740 768 Παίονας
798 703 870 760 δι’
927 705 1124 760 αὐτῶν·
1167 706 1259 762 καὶ
1325 706 1392 774 ἦν
1449 707 1662 782 καίριον
1709 704 1858 779 μάλα
1909 708 1951 761 τέ

2082 709 2470 766 Andronicus.

294 793 576 871 πλῆγμα,
639 796 774 851 κατὰ
830 793 1075 873 κεφαλῆς
1131 797 1220 851 καὶ
1277 797 1591 870 προσώπων
1643 796 1948 872 γινόμενον.
2008 793 2222 852 ΙΙολλοὶ
2273 794 2455 850 τοίνυν
2525 793 2970 860 σκοτοδινιῶντες
3025 805 3125 868 τῆς
3207 798 3426 862 ἱππείας
3513 799 3730 874 ἄνετρέ-

292 905 486 940 ιποντο
551 882 733 960 ἔδρας’
799 883 904 940 εἶσὶ
963 881 1008 938 δ’
1067 883 1119 939 οἲ
1173 885 1268 940 καὶ
1324 884 1678 964 ἰλειφαίμουν
1731 890 1851 947 τοῖς
1906 883 2198 958 τραύμασι·
2260 884 2362 941 Καὶ
2421 883 2565 941 οὕτω
2638 890 2736 941 τοῦ
2793 887 3057 963 ἀρῥαγοῦς
3112 885 3319 944 ἐκείνου
3379 887 3735 946 δίασπασθέν-

308 994 418 1038 τος
448 975 845 1052 συντάγματος,
896 974 998 1029 οὐκ
1043 974 1112 1042 ἧν
1163 973 1223 1036 ὅς
1275 972 1374 1028 οὐκ
1433 976 1498 1044 ἦν
1556 978 1665 1030 τῶν
1719 973 2008 1048 Ῥωμαίων
2068 971 2291 1048 βάλλων
2348 975 2439 1030 καὶ
2495 971 2859 1031 καταϐάλλων
2919 977 3146 1047 Ηαίονα,
3206 979 3240 1047 ἢ
3303 980 3378 1052 μή
3447 977 3726 1035 σκυλεύων

292 1065 405 1121 τὸν
483 1064 832 1132 πεπτωκότα,
909 1065 943 1134 ἢ
1025 1065 1103 1139 μή
1181 1064 1492 1120 πανοπλίαν
1565 1063 1749 1139 ἑτέραν
1827 1060 2237 1136 ἐπενδυόμενος,
2313 1063 2350 1134 ἢ
2423 1063 2606 1120 ’ίππου
2685 1067 2760 1140 μὴ
2841 1062 3134 1122 ἐπιϐαίνων
3213 1066 3275 1123 οὗ
3321 1069 3412 1123 τὸν
3449 1063 3719 1139 ἀναϐάτην

289 1157 618 1212 κατέκανεν.
667 1152 890 1223 Ἐπειδή
941 1152 999 1209 δὲ
1037 1153 1160 1230 περὶ
1211 1153 1370 1229 ὀψίαν
1416 1154 1484 1223 ἦν
1544 1157 1578 1224 ἠ
1645 1154 1848 1228 ἡμέρα,
1897 1152 1959 1208 τὸ
2020 1153 2114 1227 μὲν
2169 1153 2536 1223 ἀνακλητικὸν
2602 1158 2636 1224 ἡ
2697 1154 2931 1226 σάλπιγξ
2986 1155 3255 1235 διατόρως
3315 1159 3732 1232 συνεθημάτιζε,

287 1244 493 1300 καὶτὸ
523 1241 762 1321 διαέριον
794 1243 967 1300 ἐκεῖνο
1013 1249 1302 1318 καθῃρεῖτο
1350 1255 1449 1314 τῆς
1501 1247 1598 1300 τοῦ
1649 1243 1934 1298 Διονυσίου
1984 1242 2222 1315 σημαίας
2277 1241 2506 1318 δίαρμα,
2558 1246 2586 1299 6
2634 1243 2682 1300 δ’
2728 1247 2940 1320 Ἴστρος
2993 1248 3111 1322 εἶχε
3155 1248 3223 1303 τὰ
3267 1250 3541 1324 πορθμεῖα
3593 1260 3732 1313 καθ-

297 1334 663 1410 ειλκυσμένα,
737 1335 830 1389 καὶ
905 1335 934 1388 6
1009 1335 1235 1409 στρατὸς
1309 1332 1386 1397 εἷς
1457 1334 1559 1402 τὴν
1632 1333 1857 1406 περαίαν
1932 1331 2186 1407 ἀνήγετο.
2265 1335 2441 1404 Φήμη
2526 1335 2632 1409 γὰρ
2709 1337 2808 1391 ἀνά
2879 1337 2946 1392 τὰ
3019 1338 3300 1412 Ῥωμαϊκὰ
3394 1334 3733 1412 στρατόπεδα

315 1422 584 1502 ἐπεφοίτα
635 1425 725 1478 καὶ
785 1423 1155 1498 κατακρότους
1211 1421 1374 1478 ἐτίθει
1440 1423 1536 1484 τὰς
1588 1426 1686 1476 τοῦ
1743 1425 2053 1496 στρατηγοῦ
2115 1424 2395 1497 μήνιγγας,
2456 1423 2531 1486 ὡς
2589 1425 2640 1478 οἰ
2698 1424 2916 1490 Παίονες
2981 1426 3082 1482 οὐκ
3144 1427 3338 1504 ἀγεννῆ
3415 1426 3730 1501 ξενολογίαν

301 1515 458 1569 κατὰ
513 1515 610 1583 τήν
671 1514 790 1581 μετ’
855 1511 1061 1583 ἐκείνην
1132 1512 1267 1566 εἰσὶν
1333 1508 1714 1590 ἐκδεχόμενοι.
1783 1512 1882 1566 Διὰ
1943 1509 2144 1581 ταύτην
2213 1510 2306 1566 οὗν
2372 1513 2472 1582 τήν
2538 1513 2727 1587 ἀκοῆν,
2797 1516 2874 1588 μή
2928 1521 3226 1596 πεφυκυῖαν
3290 1515 3482 1572 ἐπίπαν
3556 1514 3735 1571 ἀπόλ-

304 1602 533 1673 λυσθαι,
566 1603 762 1659 αὐτίκα
793 1602 926 1675 μετᾶ
953 1602 1114 1665 τέλος
1143 1600 1322 1657 αῗ’σιον
1353 1606 1452 1657 τοῦ
1481 1599 1733 1674 πολέμου
1763 1599 1968 1676 ἀπῆρεν
1994 1597 2195 1666 ἐκεῖθεν
2228 1598 2601 1678 Ἀνδρόνικος.

378 1719 536 1778 Ἀλλ’
571 1719 715 1775 οὕτω
759 1720 853 1792 μὶν
883 1720 1394 1796 κατεστρατήγηντο
1426 1717 1668 1779 Ῑῐαίονες⁶
1710 1715 1951 1792 βασιλεὶιέ

2149 1719 2462 1777 Pannoniis
2502 1721 2610 1778 hoc
2643 1724 2814 1780 modo
2845 1725 3154 1796 superatis,
3198 1725 3516 1795 imperator
3572 1727 3736 1781 tanta

305 1809 371 1866 δὲ
389 1813 490 1880 τὴν
515 1807 818 1879 καλλίστην
842 1809 1068 1880 ταυτηνὶ
1088 1808 1243 1877 νίκην
1274 1805 1670 1882 ἐνωτισάμενος
1700 1806 1815 1872 θύει
1847 1810 1963 1879 Θεῷ

307 1901 664 1976 χαριστήρια,
696 1897 786 1953 καὶ
823 1896 980 1960 αὐτὸς
1009 1898 1074 1966 ἦν
1123 1897 1176 1952 ἒν
1224 1895 1442 1972 κρότοις
1487 1896 1578 1951 καὶ
1628 1900 1960 1976 χαρμοναῖς.

309 1988 677 2060 Κοινοῦμενος
706 1983 763 2041 δὲ
791 1991 909 2048 τοῖς
941 1993 1042 2055 τῆς
1097 1982 1383 2061 βασιλίδος
1429 1985 1713 2059 οἰκήτορσι
1747 1985 1965 2046 πόλεως

295 2080 477 2131 ταῦτα
552 2074 616 2144 δὴ
695 2075 761 2132 τά
838 2075 1142 2150 εὖφρόσυνα
1214 2072 1634 2150 κατορθώματα,
1710 2076 1792 2147 [Ρ.
1839 2077 1962 2145 103]

291 2168 604 2244 γράμματα
635 2163 789 2226 εὒθὺς
819 2162 1091 2239 εὖάγγελα
1122 2163 1360 2232 στέλλει,
1402 2165 1502 2233 τὴν
1554 2164 1960 2239 τροπαιουχίαν

291 2255 790 2329 περισαλπίζοντα.
841 2255 975 2312 Μεθ’
1023 2254 1234 2330 ἡμέρας
1269 2252 1326 2310 δέ
1360 2275 1512 2318 τινας
1541 2253 1632 2309 καὶ
1662 2253 1836 2309 αὐτὸς
1860 2255 1959 2322 τὴν

298 2345 688 2420 μεγαλόπολιν
721 2343 904 2399 εἰσιὼν
935 2344 1152 2418 κατάγει
1202 2339 1471 2418 θρίαμϐον
1520 2343 1628 2398 ἀπὸ
1676 2350 1776 2412 τῆς
1822 2343 1960 2415 ἑῴας

291 2432 506 2503 πύλης,
575 2431 704 2503 ⁴ἥτις
771 2430 972 2506 ἀνέῳγε
1029 2434 1164 2488 κατὰ
1218 2434 1318 2502 τὴν
1384 2431 1706 2507 ἀκρόπολιν.
1750 2433 1858 2488 Οἷα
1915 2429 1960 2486 δ’

291 2522 384 2578 ἐπὶ
464 2523 704 2598 μεγίστῳ
761 2523 1010 2598 τροπαίῳ
1076 2522 1164 2578 καὶ
1229 2521 1514 2600 ἀκραιφνεῖ
1575 2521 1959 2595 κατορθώματι

295 2607 656 2686 θριαμϐεύειν
720 2610 1158 2686 μεγαλοπρεπῶς
1201 2611 1557 2684 προθέμενος,
1605 2609 1695 2664 καὶ
1747 2610 1814 2663 τὰ
1859 2615 1960 2678 τῆς

293 2701 580 2775 πομπείας
647 2698 1098 2771 διασκευασθῆναι
1142 2702 1280 2774 πρὸς
1324 2700 1386 2755 τὸ
1437 2697 1732 2775 ὑπέρογκον
1786 2695 1960 2752 διατέ-

290 2813 493 2870 ταχεν,
523 2793 703 2855 Ἀπας
751 2789 844 2845 οὖν
895 2791 1301 2867 περιπόρφυρος
1355 2788 1559 2850 πέπλος
1606 2787 1696 2843 καὶ
1745 2787 1959 2863 χρυσίῳ

291 2883 661 2943 κατάστικτος
738 2881 1064 2955 ἆπῃώρητο,
1138 2879 1228 2934 καὶ
1307 2880 1357 2934 οἱ
1433 2876 1727 2951 ἀστυνόμοι
1785 2875 1956 2938 ἄλλος

295 2970 540 3034 ἂλλοθεν
589 2969 677 3024 ἐπὶ
732 2971 831 3039 τῆν
887 2966 1120 3046 πρόοδον
1176 2967 1380 3039 ἐκείνην
1443 2965 1827 3043 μεταρῥυὲντες
1885 2966 1959 3031 ὡς

2074 1808 2318 1866 victoria
2351 1808 2522 1865 latus
2553 1811 2875 1880 exsultans,
2907 1813 3022 1868 Deo
3083 1812 3284 1883 gratiis
3337 1811 3502 1881 actis,
3537 1812 3734 1868 statim

2075 1899 2155 1955 rei
2187 1899 2333 1955 bene
2361 1904 2536 1972 gestas
2569 1900 2807 1957 nuntios
2839 1902 2896 1957 in
2955 1903 3160 1958 urbem
3221 1902 3370 1959 205
3421 1901 3623 1971 mittit,
3659 1917 3728 1956 ac

2075 1993 2204 2060 post
2233 1989 2357 2045 dies
2384 1989 2609 2062 aliquot
2639 1995 2697 2045 et
2729 1991 2855 2062 ipse
2905 1990 3128 2062 Cpolim
3188 1991 3491 2062 ingressus
3523 1991 3728 2047 trium-

2073 2076 2257 2148 phum
2276 2076 2438 2132 ducit
2459 2078 2529 2132 ab
2556 2078 2825 2134 orientali
2847 2088 3031 2149 porta,
3065 2093 3193 2149 qua
3215 2079 3286 2133 ad
3311 2093 3505 2133 arcem
3539 2081 3721 2149 patet,

2074 2181 2328 2237 eumque
2350 2167 2422 2220 ob
2440 2165 2731 2235 insignem
2752 2172 2807 2222 et
2832 2167 3196 2223 incruentam
3226 2166 3528 2222 victoriam
3543 2183 3724 2238 quam

2074 2254 2549 2326 splendidissime
2579 2260 2632 2312 et
2665 2255 3248 2328 magniﬁcentissime
3289 2256 3549 2310 adornat.
3606 2255 3726 2310 Ex-

2074 2361 2268 2416 pansas
2301 2348 2436 2400 sunt
2468 2362 2670 2402 omnes
2702 2362 3006 2418 purpureis
3037 2349 3093 2400 et
3134 2349 3351 2400 auratas
3405 2349 3630 2411 vestes;
3661 2347 3724 2399 et

2073 2433 2226 2489 cives
2259 2434 2354 2491 alii
2411 2434 2646 2491 aliunde
2699 2435 2768 2490 ad
2831 2451 3104 2508 pompam
3163 2434 3326 2490 illam
3359 2433 3722 2490 conﬂuentes

2073 2523 2260 2579 instar
2288 2526 2562 2580 torrentis
2594 2541 2662 2580 ex
2704 2528 2899 2580 monte
2930 2525 3317 2592 decurrentis,
3364 2522 3510 2593 fora,
3542 2522 3715 2592 aedes,

2072 2612 2310 2684 templa,
2342 2613 2606 2669 ofﬁcinas
2635 2622 2688 2670 et
2719 2612 2844 2669 loca
2874 2613 3073 2668 omnia
3129 2614 3293 2668 urbis
3339 2613 3722 2684 amplissima

2074 2701 2473 2758 desuererunt.
2528 2707 2678 2758 Sunt
2725 2708 2782 2758 et
2838 2703 3052 2774 captivi
3111 2703 3169 2756 in
3213 2702 3510 2773 triumpho
3540 2701 3723 2759 ducti.

2073 2790 2268 2847 Platea
2296 2793 2396 2847 illa
2429 2793 2703 2863 utrinque
2761 2803 3039 2864 suggesta
3091 2792 3298 2846 habuit
3355 2791 3424 2845 ad
3467 2791 3638 2845 binas
3669 2795 3728 2846 et

2073 2887 2267 2936 ternas
2298 2882 2762 2952 contignationes
2792 2885 3000 2937 educta
3026 2899 3040 2950 ;
3065 2887 3210 2935 tecta
3260 2895 3494 2952 quoque
3523 2880 3724 2936 omnia

2072 2971 2496 3042 spectatoribus
2547 2971 2753 3025 referta
2795 2973 3052 3026 fuerunt.
3105 2971 3526 3041 imperatorum
3578 2985 3720 3038 qua-

271 3050 479 3138 ’ῥεῦμα
504 3061 639 3116 κατὰ
667 3062 904 3134 πρανοῦς
963 3058 1399 3134 ὀχετηγούμενον
1453 3055 1769 3127 ἐξεκένωσαν
1824 3055 1950 3132 ἀγο-

2074 3059 2247 3127 drigze
2280 3064 2562 3130 argentea:
2593 3067 2802 3115 auratae
2835 3075 2969 3115 eum
2995 3061 3164 3131 equis
3197 3059 3324 3115 nive
3353 3056 3713 3115 candidiori-

299 3150 420 3224 ρᾶς,
455 3147 666 3222 οἴκους,
695 3149 850 3215 νεὼς,
896 3150 1230 3225 ἒργαστήρια
1267 3148 1355 3202 καὶ
1403 3145 1544 3202 ἄλλο
1598 3145 1760 3220 μέρος
1813 3145 1951 3199 ἓιπαν

293 3246 398 3309 τῆς
431 3236 816 3318 πολυχανδοῦς
849 3238 1086 3299 πόλεως.
1119 3235 1258 3294 Οὐδὲ
1286 3244 1386 3307 τῆς
1414 3241 1522 3290 τῶν
1571 3233 1951 3310 αἰχμαλώτων

295 3328 614 3404 συμμορίας
647 3329 675 3382 6
706 3322 973 3402 θρίαμϐος
1012 3323 1368 3401 ἀπεστέρητο,
1412 3324 1558 3381 ἀλλά
1607 3324 1696 3379 καὶ
1739 3323 1947 3380 τούτων

296 3419 506 3475 πολλοὶ
584 3417 772 3494 διῆγον
845 3416 972 3481 τοὺς
1048 3419 1316 3492 παρόντας
1373 3417 1460 3472 καὶ
1522 3411 1812 3488 ἐσέμνυνον
1849 3415 1949 3484 τὴν

295 3511 528 3582 πομπὴν
591 3509 895 3584 παριόντες.
963 3506 1103 3563 Αὐτὰ
1166 3506 1348 3580 μέντοι
1404 3506 1469 3561 τὰ
1551 3506 1674 3569 καθ’
1727 3505 1950 3581 ἑκάτερα

298 3603 440 3673 μὲρη
471 3605 575 3668 τῆς
602 3598 812 3673 ἀγυιᾶς,
862 3599 980 3654 καθ’
1028 3597 1094 3666 ἥν
1137 3592 1339 3670 ἔμελλε
1383 3595 1656 3659 τελεῖσθαι
1689 3595 1716 3649 6
1748 3595 1950 3669 θρίαμ-

295 3685 415 3759 ϐος,
475 3689 925 3767 παρυφιστάμενα
982 3685 1258 3764 δρόφακτα
1315 3685 1391 3747 εἷς
1447 3683 1694 3764 διώροφά
1749 3705 1809 3740 τε
1856 3687 1946 3741 καὶ

287 3782 580 3857 τριώροφα
627 3779 1018 3854 παρυψοῦμενα
1063 3781 1224 3832 πᾶσιν
1274 3773 1550 3830 ἐνεποίουν
1600 3776 1944 3849 θαυμασμὸν,

289 3873 383 3926 καὶ
414 3873 483 3926 τὲ
527 3869 657 3947 τέγη
705 3867 750 3924 δ’
800 3868 909 3944 οὐχ
963 3866 1159 3938 ἣκιστα
1220 3864 1454 3941 μᾶλιστα
1519 3865 1767 3929 πολλοὺς
1819 3868 1949 3931 τοὺς

285 3962 604 4035 θεωμένους
633 3965 724 4016 καί
784 3959 982 4022 πάντας
1033 3953 1294 4034 ἀνέχοντα
1342 3955 1645 4031 ἑκκρεμεῖς.
1688 3955 1838 4012 Ἐπεὶ
1889 3953 1946 4011 δὲ

285 4054 378 4109 καὶ
427 4057 530 4108 τοῦ
585 4053 677 4107 τὸν
733 4050 1106 4125 αὐτοκράτορα
1162 4047 1448 4123 παρελθεῖν
1505 4045 1681 4122 ἐπῆγε
1731 4048 1943 4122 καιρὸς,

287 4149 596 4218 προηγεῖτο
631 4141 725 4214 μὲν
758 4139 1015 4214 ἀργύρεον
1059 4138 1355 4212 ἐπίχρυσον
1401 4133 1697 4212 τέτρωρον,
1743 4134 1942 4201 ’ίπποις

285 4232 510 4294 λευκοῖς
546 4232 620 4294 ὡς
661 4232 717 4286 αἱ
757 4229 961 4306 χιόνων
1019 4225 1328 4289 ἀποσπάδες
1385 4225 1704 4300 ἑλκόμενον,
1751 4223 1942 4301 ἳδρυτο

284 4320 334 4378 δ’
364 4322 452 4379 ἐπ’
484 4320 652 4376 αότοῦ
683 4323 718 4390 ἡ
751 4319 910 4375 εἰκὼν
939 4324 1043 4387 τῆς
1081 4316 1448 4394 ἀπροσμάχου
1499 4319 1802 4394 συμμάχου
1850 4315 1942 4372 καὶ

281 4412 732 4488 ἀκαταγωνίστου
766 4410 1143 4486 συστρατήγου
1181 4411 1262 4479 τῷ
1305 4402 1522 4482 βασιλεῖ
1569 4406 1936 4480 Θεομήτορος.

2062 3149 2173 3205 bus
2204 3149 2606 3220 prascedebant
2629 3167 2644 3219 ;
2665 3150 2879 3222 quibus
2912 3150 3188 3220 imposita
3217 3157 3338 3204 erat
3390 3147 3571 3220 imago
3622 3148 3714 3202 in-

2059 3239 2221 3294 victas
2245 3237 2548 3311 adjutriois
2569 3243 2628 3294 et
2648 3237 3060 3310 insuperabilis
3074 3254 3200 3293 com
3213 3237 3492 3293 militonis
3507 3236 3712 3292 Matris

2061 3327 2182 3383 Dei.
2218 3328 2425 3399 Neque
2452 3343 2586 3383 vero
2625 3326 2747 3382 axis
2806 3343 3086 3399 magnum
3143 3330 3360 3395 sonuit,
3416 3327 3551 3397 quia
3593 3342 3712 3380 non

2061 3416 2303 3472 vehebat
2332 3433 2521 3473 acrem
2557 3417 2724 3474 deam
2767 3417 3105 3483 Minervam,
3159 3433 3288 3488 qua:
3349 3415 3497 3472 falso
3547 3416 3712 3487 virgo

2060 3507 2290 3576 dicitur,
2322 3508 2420 3562 sed
2453 3523 2643 3563 veram
2678 3507 2999 3579 Virginem,
3053 3523 3180 3578 qua:
3245 3504 3496 3562 Verbum
3553 3505 3707 3562 που

2057 3596 2453 3668 ineXplioabili
2475 3597 2698 3653 ratione
2734 3614 2833 3667 per
2864 3597 3101 3652 verbum
3126 3595 3365 3666 peperit.
3399 3594 3542 3648 Eum
3572 3610 3710 3648 cur-

2058 3706 2185 3745 rum
2218 3689 2584 3761 imperatoris
2619 3689 2928 3761 propinqui
2989 3694 3164 3758 atque
3213 3687 3408 3753 amici,
3441 3690 3706 3753 senatus,

2058 3779 2159 3833 viri
2193 3778 2637 3851 magistratibus
2696 3785 2750 3833 et
2804 3776 3187 3846 dignitatibus
3228 3775 3512 3845 insignes,
3559 3792 3708 3846 pone

2056 3868 2473 3939 sequebantur.
2497 3866 2715 3922 Deinde
2748 3867 2872 3937 ipse
2918 3866 3231 3936 imperator
3289 3864 3523 3936 prodiit,
3557 3881 3708 3935 equo

2056 3959 2230 4015 feroci
2263 3959 2546 4024 insidens,
2573 3958 2661 4012 vir
2682 3957 2931 4028 inclytus
2957 3964 3013 4012 et
3045 3957 3360 4016 maximus.
3394 3972 3700 4011 ornamen-

2053 4048 2130 4104 tis
2166 4047 2494 4102 illustribus
2544 4045 2812 4117 insignis,
2874 4047 3184 4101 comitante
3242 4045 3707 4116 Cuntoslephano

2053 4135 2335 4208 triumphi
2367 4138 2620 4203 auctore,
2653 4134 2753 4206 qui
2811 4135 2884 4190 ob
2941 4134 3239 4189 victoriam
3294 4141 3350 4190 et
3408 4150 3527 4189 rem
3565 4133 3706 4189 bene

2053 4230 2279 4300 gestam
2311 4223 2731 4281 celebrabatur.
2767 4224 3035 4292 Magnum
3068 4223 3345 4293 templum
3381 4223 3706 4293 ingressus,

2053 4317 2283 4388 Dcoque
2314 4331 2511 4372 coram
2542 4312 2702 4370 omni
2736 4314 2947 4386 popqu
3007 4313 3266 4379 laudato,
3301 4312 3355 4367 id
3416 4312 3702 4383 palatium

2052 4407 2256 4479 pergit,
2288 4406 2593 4476 laxataque
2634 4403 2807 4460 nimia
2837 4404 3123 4460 bellorum
3184 4401 3558 4460 contentione
3609 4403 3704 4458 lu-

279 4503 356 4558 Οὖ
394 4483 541 4580 μέγα
570 4499 616 4557 δ’
646 4483 1068 4576 ’s'69a15v6’5wv,
1115 4496 1201 4551 ἆτι
1251 4492 1392 4570 μηδὲ
1441 4495 1565 4560 θεὰν
1619 4494 1720 4569 ἦγε
1769 4491 1950 4566 δεινήν

2065 4497 2150 4553 dis
2177 4495 2553 4568 equestribus
2584 4499 2896 4552 recreatur.

275 4594 382 4661 τῆν
418 4579 852 4665 ψευδοπάρθενον
887 4588 1137 4657 ’Δθηνᾶν,
1191 4581 1338 4638 ἀλλᾶ
1387 4584 1486 4653 τὴν
1529 4583 1605 4646 ὡς
1658 4581 1882 4652 ἀληθῶς
1929 4581 2192 4658 παρθένον
2241 4582 2331 4638 καὶ
2385 4583 2519 4660 ὑπὲρ
2564 4581 2728 4658 λόγον
2781 4580 2870 4638 διὰ
2916 4581 3088 4662 λόγου
3136 4582 3227 4638 τὸν
3282 4581 3456 4659 Λόγον
3505 4579 3716 4660 λοχεῦ-

279 4701 475 4739 σασαν.
512 4679 666 4738 Μετᾶ
695 4675 754 4733 δὲ
782 4680 944 4732 τοῦτο
977 4676 1029 4730 οἱ
1090 4674 1208 4730 καθ’
1255 4672 1392 4747 αἷμα
1430 4676 1510 4746 τῷ
1564 4669 1784 4746 βασιλεῖ
1827 4673 2190 4747 περιώνυμοι,
2229 4673 2319 4726 καὶ
2377 4670 2494 4727 ὅσοι
2541 4672 2984 4748 γερουσιάζοντες
3018 4671 3115 4736 τὰς
3168 4671 3457 4735 πολιτικὰς
3509 4670 3716 4728 διεῖπον

278 4770 487 4848 ἀρχᾶς,
548 4767 641 4823 καὶ
699 4767 751 4822 οἱ
810 4764 1062 4840 λαμπροί
1118 4769 1236 4827 τοῖς
1291 4762 1563 4836 ἀξιώμασι
1619 4761 1708 4848 καὶ
1768 4765 1836 4835 τῇ
1895 4765 1992 4818 τοῦ
2051 4760 2322 4837 βασιλέως
2380 4762 2561 4835 εὐνοίᾳ
2616 4763 2958 4838 περίκλυτοι.
3016 4765 3246 4820 Ἔπειτα
3326 4760 3372 4817 δ’
3411 4765 3438 4818 6
3486 4768 3698 4838 κρατῶν

274 4835 485 4935 προῄει
540 4857 723 4924 αὐτὸς,
776 4835 929 4929 ίππῳ
979 4835 1252 4930 ⁷ιῖιιιθαόχενι
1320 4835 1548 4927 ἔποχος,
1598 4847 1872 4922 κύδιστος,
1929 4835 2184 4929 μέγιστος
2238 4851 2328 4906 καὶ
2376 4853 2616 4925 κόσμους
2664 4835 2792 4915 τοὺς
2860 4851 3180 4928 βασιλικοὺς
3239 4835 3552 4928 περιφανῶς
3612 4869 3710 4905 πε-

279 4949 618 5024 ρικείμενος.
677 4947 976 5021 Παρείπετο
1035 4942 1094 4998 δέ
1151 4943 1204 4998 οἳ
1259 4941 1348 4997 καὶ
1407 4941 1434 4995 6
1490 4943 1588 4996 τοῦ
1647 4935 1922 5017 θριάμϐου
1982 4940 2156 5005 α’ἰτιος
2231 4940 2690 5019 Κοντοστέφανος,
2754 4941 3093 5013 ὑμνούμενος
3182 4947 3282 5009 τῆς
3365 4939 3538 5009 νίκης,
3597 4943 3693 4992 τοῦ

275 5036 462 5110 δεξιοῦ
499 5035 934 5113 μακαριζόμενος
994 5031 1391 5110 ἀγωνίσματος.
1443 5029 1539 5092 Είς
1589 5026 1648 5085 δὶ
1699 5029 1792 5086 τὸν
1853 5028 2016 5105 μέγαν
2072 5029 2208 5084 νεὼν
2266 5030 2356 5084 καὶ
2414 5033 2510 5086 τοῦ
2559 5031 2759 5091 παντὸς
2819 5028 3057 5083 ἐνώπιου
3115 5026 3226 5083 λεὼ
3283 5029 3382 5096 τήν
3437 5031 3532 5081 τοῦ
3591 5029 3698 5082 Ku-

279 5130 408 5204 ρίου
443 5127 698 5197 λαλήσας
729 5125 929 5181 αἲνεσιν
962 5123 1208 5199 πρόεισιν
1249 5119 1449 5185 ἐκεῖθεν
1503 5119 1580 5182 εἲς
1639 5119 1707 5175 τὰ
1766 5118 2041 5195 βασίλεια.
2099 5121 2300 5195 Ὥσπερ
2360 5116 2416 5174 δὲ
2474 5119 2626 5188 τόξον
2687 5119 2852 5180 ἀνιεῖς
2911 5117 3094 5172 ἑαυτὸν
3152 5122 3254 5185 τῆς
3311 5117 3438 5192 ἄγαν
3494 5114 3699 5180 τάσεως

281 5217 543 5294 διεχεῖτο
565 5215 754 5273 *ίππων
787 5213 1073 5289 ἁμίλλαις.

348 5332 414 5392 δ’.
449 5335 557 5392 Καὶ
587 5334 649 5390 τὸ
700 5331 852 5388 ἐπιὸν
894 5327 951 5385 δὶ
1000 5324 1096 5404 ἔαρ
1139 5326 1218 5392 εἷς
1280 5329 1456 5383 ἄνεσιν
1503 5325 1938 5401 ταμιευσάμενος

2118 5328 2169 5381 4.
2203 5327 2477 5399 Sequenti
2531 5327 2703 5383 etiam
2755 5343 2887 5381 vere
2938 5325 2997 5381 in
3029 5323 3209 5379 animi
3251 5323 3690 5382 oblectationem

271 5428 560 5502 σώματος,
612 5420 800 5492 ἐπειδὴ
850 5419 1188 5495 παρίππευσε
1236 5417 1494 5493 Καρκίνον
1546 5417 1637 5472 καὶ
1687 5417 1937 5493 παρῆλθε

2069 5421 2368 5488 nsumpto,
2400 5433 2684 5489 posquam
2719 5414 2807 5471 sol
2859 5417 3141 5471 Cancrum
3183 5418 3241 5470 et
3286 5416 3534 5495 Leonem
3569 5433 3691 5488 per-

270 5517 487 5574 Λέοντα
514 5513 704 5585 ἥλιος,
738 5513 767 5568 ὅ
796 5533 854 5567 τε
882 5507 1096 5587 Σείριος
1128 5504 1372 5582 ὑπὲληγε
1416 5509 1526 5562 τῶν
1579 5503 1933 5582 φλογώσεων,

2045 5509 2269 5561 mearat
2293 5510 2350 5562 et
2379 5510 2558 5562 estus
2587 5503 2873 5562 Canicula
2929 5502 3280 5572 desavierat,
3316 5505 3520 5560 bruma
3560 5506 3686 5577 jam

269 5607 330 5666 al.
365 5604 424 5662 δὶ
452 5605 736 5684 χειμὲριοι
768 5600 966 5681 τροπαὶ
1011 5596 1120 5672 ἢδη
1174 5596 1724 5673 παρεσκυθρώπαζον,
1775 5594 1934 5669 ἔξεισι

2066 5597 2302 5654 nstante
2331 5594 2390 5654 in
2417 5593 2786 5655 Occidentem
2843 5591 3158 5670 egreditur.
3214 5594 3495 5654 Audierat
3529 5597 3686 5657 enim
