4066 6214
369 327 492 390 503
1689 313 1998 378 NICETE
2039 310 2459 374 CBONIATE
3654 294 3783 361 504-

371 460 706 520 Serviorum
736 455 1083 530 principem,
1118 451 1379 522 inquieto
1418 452 1476 506 et
1503 447 1824 504 insatiabili
1859 447 2015 514 inge-
2044 471 2061 515 Α

2174 445 2267 518 ρὸς
2297 443 2363 498 τὰ
2393 440 2614 514 ἑσπέρια
2643 441 2734 496 καὶ
2763 440 2900 494 κατά
2941 438 3040 507 τὴν
3094 435 3376 492 Φιλίππου
3423 433 3787 504 ἐναυλίζεται.

373 553 472 610 nio
502 523 819 616 hominem,
855 523 1208 615 Stephanum
1241 544 1589 596 Neemancm
1623 539 1786 608 justo
1839 537 2021 592 auda-

2171 532 2396 603 ίκηκόει
2428 532 2532 608 γὰρ
2561 530 2635 591 ὠς
2664 531 2692 585 6
2721 534 2828 584 τῶν
2862 530 3078 596 Σέροων
3111 526 3390 598 σατράπης
3431 525 3520 596 (ἦν
3555 523 3613 579 δὲ
3661 523 3790 579 τότε

373 645 588 700 ciorem
624 641 831 693 factum
859 633 1108 689 ﬁnitima
1133 645 1378 703 quaeque
1426 629 1716 693 invadere,
1750 643 1815 682 ac
1848 642 2026 698 popu-

2196 628 2408 694 Νεεμᾶν
2460 619 2752 703 Στέφανος)
2801 618 2932 690 ὑπὲρ
2983 615 3014 671 8
3057 613 3137 671 δεῖ
3189 615 3513 690 θρασότερος
3572 609 3790 690 γέγονε,

381 732 538 786 lares
561 744 695 782 suos
726 723 975 795 graviter
998 736 1256 792 premere
1277 721 1425 776 ferro
1448 723 1837 790 grassantem,
1873 733 2022 771 sue-

2173 709 2225 764 αὶ
2273 706 2619 784 κακόσχολος
2662 702 2736 760 ὤν
2779 726 2862 768 τις
2908 707 3114 780 ἥγηται
3151 703 3314 780 σοφὸν
3357 703 3421 757 τὸ
3478 703 3792 776 περίεργον,

379 836 491 890 que
526 817 673 874 207
705 790 947 868 fortunae
979 790 1228 866 oblitum
1286 807 1640 878 Crabatiam'j
1671 813 1748 862 et”
1775 807 2030 862 Cattaro—

2172 799 2231 853 αἱ
2304 800 2403 867 τήν
2481 795 2768 869 ἐπιθυμίαν
2845 795 3054 873 τρέφων
3129 792 3418 868 ἀκόρεστον
3494 791 3586 846 καὶ
3653 790 3793 865 πρὸς

381 879 510 963 rum
548 904 910 961 dominatum
944 901 1054 957 sibi
1089 900 1398 956 vindicare.
1432 898 1700 970 Utigitur
1722 895 2029 952 Neemanis

2172 888 2204 942 ἀ
2234 887 2344 942 ἐκεῖ
2388 889 2560 942 πάντα
2618 883 3000 952 διαπλωθῆναι
3053 880 3378 960 φιλονεικῶν
3421 886 3539 942 τοῖς
3591 879 3653 935 ἐκ
3694 882 3794 933 τοῦ

378 995 734 1052 voluntatem
768 992 1110 1063 exploraret,
1143 988 1511 1044 Theodorum
1546 986 1839 1042 Padiatam
1900 999 2030 1039 cum

2171 976 2304 1032 ὐτοῦ
2335 974 2512 1050 φύλου
2547 976 2713 1052 βαρὺς
2745 974 3004 1046 ἐμπίπτει
3036 971 3124 1063 καὶ
3157 972 3292 1049 ξίφει
3341 972 3404 1024 τὸ
3451 971 3634 1063 γένοςῄ
3659 971 3797 1063 μέτ-

381 1084 568 1158 copiis
598 1083 847 1153 ablegat.
883 1082 1018 1136 Erat
1047 1084 1239 1134 autem
1272 1094 1340 1134 ea
1370 1074 1682 1132 Neemanis
1730 1072 1940 1130 ferocia
1970 1079 2032 1126 ut

382 1172 537 1228 bello
569 1187 683 1227 non
716 1169 937 1225 indicto
961 1167 1159 1223 statim
1214 1166 1502 1222 Romanos
1547 1163 1862 1218 invaderet.
1891 1160 2029 1216 Pos-

391 1277 561 1333 quam
601 1266 793 1315 autem
823 1259 947 1330 ipse
1002 1257 1314 1325 imperator
1367 1269 1498 1309 eum
1559 1250 1761 1306 ulcisci
1811 1248 2033 1316 statuit,

391 1349 544 1406 bello
581 1348 845 1405 celeriter
861 1347 1057 1402 relicto
1080 1345 1136 1399 in
1157 1351 1381 1399 montes
1401 1341 1664 1412 confugit
1706 1344 1763 1396 et
1799 1336 2036 1411 spelun-

391 1455 489 1494 cas
521 1454 586 1494 ac
610 1445 800 1508 petras
825 1435 1008 1491 subiit
1039 1437 1134 1498 ;et
1155 1431 1405 1488 subinde
1427 1429 1731 1485 imminuta
1772 1425 2038 1482 nonnihil

393 1527 669 1598 superbia
693 1524 922 1580 tandem
947 1521 1188 1593 supplex
1211 1521 1279 1575 ad
1308 1519 1481 1591 pedes
1505 1517 1660 1573 illius
1684 1515 2036 1590 procumbit.

393 1614 724 1686 Augebatur
748 1613 901 1667 enim
927 1611 1146 1675 animo,
1181 1625 1251 1663 ne
1289 1608 1500 1664 Servie
1547 1606 1906 1679 principatus
1937 1603 2041 1659 ali-

399 1702 493 1758 cui
515 1717 583 1756 ex
613 1701 686 1755 iis
717 1715 861 1772 quos
900 1700 1025 1768 ipse
1045 1701 1344 1762 everterat,
1378 1695 1476 1768 qui
1525 1700 1678 1751 esset
1701 1711 1768 1750 eo
1791 1693 2044 1766 dignior,

399 1791 770 1846 tribueretur.
854 1789 997 1842 Eum
1083 1787 1262 1858 igitur
1345 1784 1642 1841 hominem
1735 1784 2048 1856 imperator

402 1883 568 1935 tanta
616 1881 737 1932 arte
783 1876 1064 1932 tractabat
1123 1881 1180 1930 et
1235 1875 1306 1930 ad
1364 1874 1532 1931 fidem
1564 1874 1678 1930 sibi
1706 1872 2047 1930 servandam

407 1967 776 2024 convertebat
807 1964 855 2020 si
886 1965 1118 2036 quando
1177 1982 1211 2019 a
1240 1971 1393 2020 recta
1433 1964 1522 2018 via
1567 1965 1834 2020 aberrare
1891 1968 1948 2018 et
1980 1961 2052 2016 li-

402 2056 682 2112 bertatem
720 2061 980 2124 spectare
1011 2052 1259 2119 videbat,
1286 2057 1386 2108 aut
1433 2068 1564 2108 cum
1602 2051 2053 2108 Alamannorum

409 2161 543 2217 rege
573 2161 634 2200 se
664 2144 1041 2215 conjungere,
1099 2147 1198 2198 aut
1251 2143 1323 2197 ad
1383 2145 1626 2197 Hunnos
1675 2141 1953 2196 inclinare
2000 2143 2058 2196 et

409 2232 718 2290 manubias
775 2231 1230 2299 communicare,
1291 2238 1514 2303 quanta
1597 2231 1898 2303 diligentia
1955 2245 2060 2286 nec

410 2323 590 2396 opilio
620 2321 896 2394 exiguum
952 2336 1186 2393 gregem
1251 2321 1545 2376 custodire
1603 2321 1771 2376 solet.
1804 2319 2060 2375 Necman

415 2429 550 2469 vero
581 2411 746 2467 illum
775 2427 890 2467 non
933 2411 1130 2466 minus
1190 2409 1540 2464 formidabat
1596 2425 1772 2480 quam
1837 2407 2062 2464 leonem

424 2505 640 2558 craterae
673 2501 1188 2556 animantes.Nam
1256 2514 1388 2556 cum
1447 2499 1765 2570 imperator
1800 2499 2063 2570 equitatu

425 2595 653 2646 tantum
677 2592 885 2646 educto
916 2595 974 2645 et
1032 2587 1380 2644 satellitibus
1445 2588 1602 2658 sequi
1636 2587 1824 2658 jussis
1857 2588 2062 2644 Roma-

421 2695 631 2734 norum
693 2679 838 2734 fines
893 2693 1160 2750 egressus
1218 2682 1416 2732 contra
1499 2676 1666 2732 illum
1753 2677 2062 2744 ferebatur,

416 2767 624 2824 Servis:
653 2771 867 2824 statum
893 2783 1000 2823 suo
1032 2767 1313 2823 arbitratu
1356 2766 1645 2838 extemplo
1692 2767 2061 2824 immutabat.

2141 1085 2267 1134 εισι,
2317 1066 2455 1138 μήτε
2507 1066 2614 1138 μὴν
2675 1063 2741 1118 τὰ
2798 1061 2972 1118 οἲκεῖα
3038 1057 3199 1123 εἰδὼς
3253 1060 3424 1134 μέτρα
3478 1053 3794 1132 Χορϐατίαν

2144 1157 2489 1212 ὑποποιεῖται
2529 1153 2618 1207 καὶ
2667 1153 2804 1228 πρὸς
2848 1151 3036 1206 ἐαυτὸν
3082 1149 3371 1206 ἐπισπᾶται
3422 1152 3529 1202 τῶν
3581 1146 3801 1204 Καττάο

2146 1265 2252 1319 ρων
2285 1247 2384 1314 τήν
2435 1241 2752 1318 κυριότητα.
2810 1242 2909 1296 Διά
2948 1245 3113 1295 ταῦτα
3159 1239 3342 1296 τοίνυν
3395 1242 3588 1311 πεῖραν
3637 1235 3800 1307 εἰλη-

2146 1333 2299 1414 φέναι
2333 1333 2506 1399 θέλων
2540 1337 2641 1388 τοῦ
2671 1332 2757 1388 ἐπὶ
2787 1333 3008 1393 τούτοις
3033 1335 3111 1404 τῷ
3153 1333 3366 1402 Νεεμᾶν
3413 1325 3800 1402 βουλήματος,

2147 1423 2361 1481 στέλλει
2397 1423 2532 1497 μετά
2562 1420 2842 1494 δυνάμεως
2879 1423 2971 1477 τὸν
3021 1417 3295 1489 Παδιάτην
3346 1414 3655 1492 Θεόδωρον.
3710 1419 3801 1487 Τῷ

2151 1512 2208 1570 δὶ
2232 1514 2489 1587 τοπάρχῖ,
2523 1518 2730 1585 Νεεμᾶν
2763 1511 2935 1572 οὕτως
2989 1509 3242 1585 ἀναρσίου
3295 1514 3461 1582 μετῆν
3507 1507 3805 1584 φρονήμα-

2149 1625 2244 1666 τος
2276 1604 2350 1664 ὡς
2382 1604 2466 1675 [Ρ.
2503 1604 2632 1676 104]
2665 1601 2823 1664 εὐθὺς
2857 1601 3146 1673 ἐξενεγκεῖν
3199 1598 3504 1672 ἀκήρυκτον
3553 1595 3804 1667 πόλεμον

2152 1693 2242 1750 καὶ
2271 1691 2566 1764 Ῥωμαίοις
2625 1691 2982 1746 ἐπεισπεσεῖν.
3043 1687 3319 1750 Βασιλέως
3364 1685 3409 1741 δ’
3462 1686 3624 1742 αὐτὸν
3679 1705 3811 1759 μετ-

2158 1783 2334 1848 ελθεῖν
2363 1782 2658 1856 κρίναντος,
2719 1779 2910 1856 ὀλίγον
2969 1783 3036 1853 τῇ
3089 1780 3244 1853 μάχῃ
3296 1773 3628 1854 παραφανεὶς
3676 1775 3812 1830 ἀπε-

2159 1871 2424 1946 κρύψιιτο,
2455 1870 2548 1932 τάς
2588 1874 2696 1924 τῶν
2745 1869 2888 1944 ὁρῶν
2947 1869 3036 1923 καὶ
3097 1866 3260 1923 πάλιν
3320 1863 3524 1928 ὐποδὺς
3573 1861 3817 1920 καταδό-

2166 1983 2275 2024 σεις
2306 1960 2398 2016 καὶ
2428 1961 2524 2024 τὶς
2568 1960 2764 2034 πέτρας
2815 1960 3039 2031 θέμενος
3089 1957 3164 2019 εἷς
3210 1951 3550 2029 ἀποκρυὸήν.
3596 1954 3711 2011 Ἀεί
3758 1952 3821 2009 δέ

2161 2073 2214 2107 τι
2244 2051 2588 2124 περικόπτων
2616 2051 2714 2118 τῆς
2747 2043 3135 2123 προλαὸούσης
3189 2046 3389 2124 όφρῦος
3413 2045 3502 2100 καὶ
3545 2044 3820 2122 ὑφαιρῶν,

2171 2139 2330 2201 τέλος
2367 2145 2482 2200 τοῖς
2531 2137 2739 2194 ἐκείνου
2793 2137 2923 2192 ποσὶ
2975 2138 3073 2205 τήν
3125 2136 3326 2192 οἰκείαν
3365 2133 3674 2198 ὑποτέθεικε
3721 2151 3825 2187 κε-

2169 2229 2372 2310 φαλὴν,
2433 2230 2596 2304 μέγας
2632 2228 2943 2302 μεγαλωστὶ
3005 2225 3294 2297 τεταμένος
3322 2225 3411 2280 καὶ
3441 2224 3685 2298 περὶτοῦ

2168 2309 2358 2375 παθεῖν
2391 2322 2569 2378 κακῶς
2609 2315 2886 2389 δεόμενος·
2949 2315 3160 2392 ἠγωνία
3209 2314 3314 2391 γὰρ
3365 2315 3442 2387 μή
3482 2332 3592 2373 πως
3641 2309 3824 2372 αὐτὸς

2174 2410 2269 2484 μὶν
2339 2415 2439 2477 τῆς·
2514 2413 2622 2464 τῶν
2700 2402 2921 2481 Σερϐων
2995 2405 3284 2481 παραλυθῇ
3345 2401 3674 2470 δυναστείας,
3749 2399 3823 2455 τὸ

2174 2498 2231 2554 δὲ
2259 2499 2460 2574 κράτος
2513 2501 2809 2571 μετενεχθῇ
2850 2498 2986 2571 πρὸς
3045 2495 3170 2557 τοὺς
3222 2492 3430 2550 ἐκείνου
3481 2493 3674 2570 ἄρχειν
3735 2486 3828 2543 δι-

2172 2589 2510 2661 καιοτέρους,
2540 2587 2630 2642 καὶ
2662 2586 2755 2647 οὓς
2787 2586 2948 2650 αὐτὸς
2985 2583 3327 2646 κατασπάσας
3383 2583 3503 2658 εἶχε
3543 2581 3680 2656 πρὸς
3719 2579 3823 2648 τὴν

2175 2678 2352 2752 ἀρχὴν
2383 2676 2654 2751 ἀναχθείς.
2687 2673 2838 2730 Οὕτω
2873 2671 2920 2729 δ’
2963 2676 3212 2749 εὐμαρῶς
3259 2673 3445 2748 μετῄει
3493 2674 3682 2726 τοῦτον
3729 2669 3822 2723 καὶ

2173 2766 2309 2840 πρὸς
2336 2766 2435 2834 τήν
2485 2763 2690 2820 ἐκείνου
2737 2763 2918 2819 πίστιν
2981 2766 3351 2842 μετέστρεφεν,
3407 2759 3452 2819 ε¹ί
3499 2780 3635 2816 ποτε
3680 2759 3826 2813 ἀπο-

416 2854 779 2929 πλανώμενον
811 2853 954 2930 ἐώρα
1008 2858 1102 2909 τοῦ
1155 2854 1350 2916 εὐθέως
1399 2855 1485 2908 καὶ
1539 2852 1816 2928 ἐλεύθερον
1871 2855 2162 2930 βλέποντα,
2214 2855 2248 2924 ἢ
2298 2858 2378 2926 τῷ
2423 2858 2532 2909 τῶν
2581 2853 2906 2927 Ἀλαμανων
2959 2854 3086 2929 ῥηγὶ
3137 2853 3558 2928 προστιθέμενον
3605 2850 3641 2919 ἦ
3702 2853 3825 2910 τοῖς

413 2943 643 3008 Οἶὶννοις
715 2945 1081 3020 προσνεύοντα
1156 2943 1245 2998 καὶ
1320 2943 1504 2998 κοινὸν
1582 2941 1804 3005 ἐκείνοις
1879 2943 2166 3018 βαλάντιον
2239 2947 2352 3017 (95)
2425 2941 2517 2998 καί
2555 2945 2734 3019 πήραν
2771 2944 3213 3018 προσκτώμενον,
3258 2941 3332 3004 ὡς
3407 2937 3532 2997 οὐδὲ
3605 2938 3821 3012 ποιμὴν

411 3035 672 3108 ποίμνιον
700 3032 1148 3109 εὐπερίγραπτον.
1184 3032 1340 3089 Οὕτω
1377 3030 1424 3085 δ’
1453 3029 1714 3087 ἒδεδοίκει
1753 3037 1946 3088 τοῦτον
1998 3034 2024 3086 6
2074 3033 2280 3107 Νεεμαν
2334 3033 2407 3094 ὼς
2453 3030 2576 3088 οὐδέ
2620 3033 2711 3087 τὸν
2773 3031 3200 3107 βασιλικώτατον
3248 3038 3390 3107 θῆρα
3434 3031 3502 3086 τὰ
3542 3027 3826 3085 κνώδαλα⁹

412 3123 444 3179 6'
474 3145 536 3201 γε
573 3125 661 3177 καὶ
695 3122 760 3178 τά
787 3123 1068 3193 ἱππάσιμα
1101 3119 1238 3192 μόνα
1267 3118 1542 3183 πολλάκις
1576 3120 1963 3197 ἐπιφερόμενος
2013 3123 2099 3177 καὶ
2147 3128 2268 3184 τοῖς
2321 3120 2714 3196 δορυφοροῦσιν
2766 3122 2933 3177 ειπὼν
2982 3147 3012 3174 ‹‹
3061 3123 3308 3186 Ἐπεσθε,
3343 3145 3372 3172 ››
3418 3121 3485 3176 τὰ
3531 3119 3824 3192 Ῥωμαίων

415 3211 801 3288 παρήλλαττεν
833 3211 974 3287 ὅρια,
1008 3211 1098 3266 καὶ
1129 3213 1244 3267 κατ’
1276 3211 1438 3268 αὐτοῦ
1471 3212 1712 3286 ἐξορμῶν
1747 3215 1881 3288 πρὸς
1911 3214 1974 3268 τὸ
2011 3213 2212 3268 οἰκεῖον
2246 3211 2431 3287 ἐφετὸν
2453 3211 2520 3266 τά
2552 3210 2749 3267 ἐκεῖθεν
2786 3207 3087 3286 μετήμειϐε
3113 3212 3424 3288 πράγματα.

492 3313 644 3370 208
666 3314 866 3370 5.Post
884 3313 1005 3370 haec
1028 3313 1276 3380 Manuel,
1309 3313 1508 3369 audita
1524 3315 1751 3388 Egypti
1776 3314 2065 3370 fertilitate
2094 3337 2140 3400 ο

420 3407 478 3459 et
499 3401 788 3473 frugiferis
825 3400 938 3458 Nili
959 3401 1462 3470 exundationibus,
1487 3403 1666 3461 classe
1697 3420 1823 3460 eam
1849 3409 2063 3460 terram

425 3495 641 3562 petere,
669 3495 728 3546 et
757 3507 887 3563 quas
935 3490 1176 3547 auribus
1235 3499 1556 3564 acceperat,
1611 3493 1797 3550 oculis
1849 3492 2064 3549 intueri

422 3587 477 3638 et
501 3584 859 3637 contrectare
917 3582 1191 3637 manibus
1250 3582 1517 3639 instituit.
1549 3583 1823 3648 Quamvis
1871 3587 2064 3638 autem

423 3669 688 3743 proxima
745 3685 986 3741 quasque
1045 3669 1236 3726 adhuc
1296 3670 1355 3726 in
1415 3676 1573 3727 motu
1630 3677 1822 3728 essent
1849 3676 1906 3727 et
1933 3672 2068 3728 licet

421 3766 826 3816 secarenturst
848 3766 1174 3825 urerentur,
1207 3776 1318 3815 non
1347 3764 1541 3817 tamen
1577 3760 1934 3830 tollerentur,
1964 3761 2064 3816 sed

420 3849 606 3905 instar
619 3849 886 3905 rediviva:
910 3849 1098 3921 hydrae
1124 3849 1765 3921 repullularent,tamen
1790 3851 2069 3922 importu-

419 3954 496 3995 na
559 3937 877 3994 ambitione
933 3937 1247 4010 impulsus,
1305 3943 1362 3994 et
1421 3945 1682 3996 veterum
1735 3939 2067 4012 principum

421 4026 793 4084 emutatione
823 4044 888 4083 ac
918 4026 1103 4099 gloria
1143 4027 1455 4098 adductus,
1489 4028 1587 4100 qui
1642 4045 1754 4085 non
1818 4029 1989 4084 modo
2037 4045 2069 4084 ιι

419 4117 568 4172 mari
599 4117 671 4172 ad
706 4132 884 4186 mare,
912 4117 1012 4172 sed
1039 4117 1110 4172 ab
1137 4118 1365 4174 Oriente
1391 4132 1576 4188 usque
1599 4118 1669 4173 ad
1693 4117 2067 4174 Occidentem

422 4205 708 4263 dominati
741 4207 990 4275 fuerunt,
1025 4206 1197 4262 rebus
1247 4207 1437 4279 magis
1477 4207 1818 4279 urgentibus
1841 4207 2071 4264 omissis

425 4295 808 4368 longinquam
871 4295 1297 4367 expeditionem
1376 4297 1653 4369 suscepit,
1712 4295 2071 4368 consilioque

427 4400 531 4440 suo
556 4400 690 4441 cum
713 4383 988 4457 Amerigo
1013 4384 1538 4458 Hierosolymorum
1587 4401 1720 4459 rege
1751 4389 2072 4443 communi-

427 4473 763 4544 cato,quise
783 4476 835 4530 ei
859 4480 1066 4544 prasto
1091 4476 1349 4532 futurum
1400 4475 1791 4549 pollicebatur,
1824 4475 2070 4533 classem

428 4561 682 4630 amplius
720 4579 786 4619 cc
819 4563 1118 4634 longarum
1153 4565 1390 4622 navium
1439 4569 1640 4622 contra
1697 4566 2070 4622 Tamiatbum

2248 3313 2306 3368 ε’.
2341 3309 2518 3368 Ἀλλά
2545 3312 2665 3366 τίνα
2719 3312 2786 3366 τά
2829 3310 2916 3366 ἐπὶ
2959 3310 3220 3382 τούτοιςς
3262 3311 3357 3385 ἐρᾷ
3403 3310 3492 3366 καὶ
3543 3308 3828 3386 στρατείας

2177 3399 2491 3475 ὑπερορίου,
2530 3401 2622 3456 καὶ
2667 3401 2730 3455 τὸ
2779 3407 2878 3470 τῆς
2918 3400 3192 3476 Αἷγύπνου
3237 3399 3628 3474 ἐνωτιζόμενος
3678 3400 3830 3470 πάμ-

2176 3510 2368 3566 φορον,
2414 3490 2506 3545 καὶ
2565 3490 2662 3545 ὅσα
2718 3495 2952 3568 γεωργεῖ
3004 3491 3200 3552 Νεῖλος
3259 3490 3288 3544 ὁ
3337 3486 3688 3565 καρποδότης
3737 3486 3828 3542 καί

2175 3576 2465 3655 εὕσταχυς,
2494 3586 2612 3643 τοῖς
2642 3583 2849 3656 πήχεσι
2882 3585 3096 3655 μετρῶν
3125 3580 3188 3634 τὸ
3217 3576 3474 3654 εὔδαιμον
3505 3581 3642 3652 (96),
3690 3575 3828 3653 ἔγνω

2175 3667 2229 3724 ἐν
2261 3667 2503 3743 θαλάσσῃ
2538 3671 2718 3734 θέπθαι
2762 3675 2924 3745 χεῖρα
2969 3667 3134 3725 αὖτοῦ
3173 3669 3258 3724 ααὶ
3313 3666 3366 3724 ἐν
3415 3673 3693 3742 ποταμοῖς
3734 3664 3818 3722 δε·

2173 3758 2288 3827 ξιάν
2319 3757 2507 3826 αὐτοῦ,
2539 3757 2593 3813 εἴ
2633 3779 2750 3820 πως
2801 3759 2866 3813 τὰ
2917 3755 2987 3812 δι’
3034 3758 3202 3822 ἀκοῆς
3248 3756 3496 3833 ἐρώμενα
3543 3757 3823 3832 Αίγύπτια

2174 3846 2342 3923 ἀγαθά
2388 3849 2479 3904 καὶ
2537 3849 2846 3926 ὀφθαλμοῖς
2919 3847 3192 3924 ἐντράνοις
3249 3850 3363 3923 (θ’)
3423 3847 3671 3904 θεάσαιτο
3729 3845 3822 3902 καὶ

2175 3938 2292 4009 θείη
2341 3937 2527 4009 ληπτά
2573 3945 2691 4001 ταῖς
2749 3939 2958 4017 χερσίν.
3021 3939 3225 3996 Ἐποίει
3286 3936 3332 3993 δ’
3391 3936 3595 3994 ἐκεῖνον
3656 3940 3831 3992 ταῦτα

2176 4028 2525 4108 φαντάζεσθαι
2585 4030 2651 4084 τὰ
2698 4027 2749 4083 ἐν
2805 4029 2962 4084 ποσὶν
3011 4028 3480 4104 ὑπεραλλόμενον,
3524 4034 3613 4082 καί
3653 4031 3827 4082 ταῦτα

2175 4115 2252 4172 ἔτι
2312 4115 2595 4185 ὠδίνοντα,
2639 4119 2730 4174 καὶ
2776 4117 3075 4192 τεμνόμενα
3126 4121 3221 4192 μὲν
3267 4121 3355 4174 καὶ
3403 4117 3827 4190 κατακαιόμενα,

2178 4205 2276 4262 οὐκ
2297 4207 2678 4284 ἁφαντούμενα
2709 4205 2766 4264 δὲ
2786 4209 2876 4264 καὶ
2906 4207 3318 4284 ἀμαυρούμενα,
3349 4205 3496 4263 ἀλλὰ
3526 4205 3823 4285 παλιμφυῆ

2175 4295 2309 4351 κατά
2364 4297 2463 4366 τήν
2517 4293 2678 4372 ὕδραν
2736 4299 3014 4373 γινόμενα,
3073 4295 3359 4375 φιλοδοξία
3439 4318 3524 4360 τις
3603 4295 3830 4371 ἄκαιρος

2173 4386 2264 4440 καὶ
2320 4386 2383 4442 τὸ
2439 4387 2576 4460 πρὸς
2629 4385 2874 4463 βασιλεῖς
2923 4386 3381 4460 ἀνθαμιλλᾶσθαι,
3421 4386 3502 4450 οἷς
3553 4387 3618 4442 τὸ
3663 4385 3827 4449 κλέος

2174 4473 2318 4530 πολὺ
2368 4476 2458 4530 καὶ
2501 4477 2568 4531 τά
2613 4475 2979 4552 σχοινίσματα
3027 4474 3127 4531 οὐκ
3170 4477 3275 4532 ἀπὸ
3327 4474 3605 4548 θαλάσσης
3658 4477 3827 4549 μόνον

2174 4563 2279 4625 ἓως
2301 4563 2576 4635 θαλάσσης
2613 4563 3002 4645 ὑφαπλούμενα
3034 4565 3160 4638 πρὶν
3198 4567 3544 4640 παρετέτατο,
3590 4563 3723 4621 ἀλλ’
3766 4564 3832 4622 ἐκ

428 4655 746 4720 comparat,
782 4650 932 4707 inter
979 4668 1122 4722 quas
1175 4661 1337 4709 erant
1377 4670 1409 4709 ι
1464 4655 1813 4726 Ερίᾱειωιιὶω
1860 4659 1916 4711 et
1972 4671 2061 4712 se:

2177 4656 2285 4708 τῶν
2317 4652 2466 4726 ἐῴων
2519 4655 2829 4728 ὁρισμάτων
2880 4656 3047 4730 μέχρι
3097 4659 3205 4710 τῶν
3253 4654 3514 4730 ἐσπερίων
3562 4651 3827 4710 διικνεῖτο

426 4738 692 4794 Euboica
743 4720 1015 4810 expeditas
1070 4757 1263 4797 naves.
1350 4720 1709 4800 Navarchum
1804 4745 2061 4818 designat

2177 4740 2414 4812 στηλῶν.
2448 4743 2658 4800 Οὐκοῦν
2709 4742 2800 4798 καὶ
2849 4744 2912 4799 τὸ
2962 4743 3181 4818 σκέμμα
3225 4745 3306 4818 τῷ
3343 4749 3450 4800 τῶν
3508 4743 3825 4817 Ἱεροσολύ-

421 4827 823 4884 Andronicum
855 4825 1388 4898 Contostephanum
1423 4845 1700 4902 magnum
1726 4831 1932 4888 ducem
1969 4857 1983 4898 ;
2014 4836 2072 4890 et

420 4918 796 4975 Theodorum
848 4920 1278 4974 Maurozumem
1329 4933 1460 4974 cum
1524 4936 1592 4974 nx
1629 4921 1964 4976 triremibus
1995 4923 2064 4978 ad

420 5010 575 5068 που
607 5023 796 5081 regem
829 5006 1156 5080 praemittit,
1217 5008 1345 5080 qui:
1373 5007 1662 5081 reliquam
1719 5009 1958 5066 classem
2009 5016 2066 5068 et

2181 4853 2296 4905 μων
2339 4831 2469 4907 ῥηγὶ
2520 4832 2794 4909 ’Δμερίγῳ
2842 4833 3269 4908 κοινωσάμενος,
3345 4836 3596 4890 κάκεῖνον
3643 4831 3822 4908 εὑρὼν

2177 4922 2280 4976 οὐκ
2308 4921 2771 4996 ἀποπεμπόμενον
2802 4922 2866 4978 τὸ
2901 4923 3164 4998 εννόημα,
3200 4922 3416 4999 μᾶλλον
3453 4925 3545 4998 μὶν
3594 4921 3688 4980 οὗν
3733 4921 3828 4978 καὶ

2173 5006 2541 5086 συλλαϐέσθαι
2617 5013 2669 5067 οἱ
2741 5016 2839 5068 τοῦ
2915 5010 3322 5090 ἐγχειρήματος
3365 5013 3828 5092 ὑπισχνοῦμενον,

1795 5157 1962 5221 Hier.
1995 5158 2216 5223 Wolfii
2247 5168 2434 5225 notae.

493 5322 614 5397 (95)
643 5319 852 5397 Kow6v
883 5315 1108 5397 ἐκείνοις
1161 5313 1500 5397 βαλάντιονἈ
1543 5317 1682 5374 Puto
1739 5317 2061 5397 Cboniaten

2191 5321 2303 5376 Nili
2335 5321 2610 5397 confusis,
2669 5323 2823 5379 unde
2880 5321 3107 5395 quidam
3160 5327 3402 5382 censent
3456 5326 3839 5397 geometriam

429 5390 1248 5463 dejlatrocinii:societate'et
1305 5390 1616 5463 partitione
1672 5390 2082 5449 manubiarum

421 5464 607 5534 loqui.

660 5535 796 5613 Τοῖς
849 5533 1094 5612 πήχεσιῆξ
1127 5531 1807 5613 μετρῶνξ-ἷτδξζεϐδμιμον.
1839 5535 2083 5613 ίᾼημάὶι

433 5603 509 5664 ad
549 5603 1284 5679 dimensiones'agro'rum,
1341 5603 1632 5668 limitibus
1684 5603 2084 5670 'exundatione

2191 5399 2383 5450 ortum
2413 5395 2709 5450 habuisse.

2261 5465 2374 5543 t9?)
2407 5464 2742 5543 Ἐντράνοις,
2796 5465 3016 5543 Τρανής
3080 5471 3139 5525 et
3185 5467 3374 5543 τρανὸς
3432 5469 3654 5543 usitata
3682 5475 3842 5542 sunt,

2191 5533 2290 5593 sed
2328 5533 2577 5612 ἔντρανὸς
2607 5538 2746 5597 alibi
2777 5533 2871 5597 me
2899 5533 3090 5614 legere
3121 5533 3237 5600 non
3268 5541 3533 5602 memini.
