  <div class='ocr_page' id='page_1' title='image "/cluster/home/n/w/nwhite01/storage/ocr_20150623/139/hvd.32044023361710/258.png"; bbox 0 0 4066 6214; ppageno 0'>
   <div class='ocr_carea' id='block_1_1' title="bbox 1335 350 2619 419">
    <p class='ocr_par' dir='ltr' id='par_1_1' title="bbox 1335 350 2619 419">
     <span class='ocr_line' id='line_1_1' title="bbox 1335 350 2619 419; baseline 0 -4"><span class='ocrx_word' id='word_1_1' title='bbox 1335 352 1436 415; x_wconf 88' lang='lat' dir='ltr'><strong>DE</strong></span> <span class='ocrx_word' id='word_1_2' title='bbox 1478 351 1873 417; x_wconf 69' lang='lat' dir='ltr'><strong>MANUEuE</strong></span> <span class='ocrx_word' id='word_1_3' title='bbox 1915 350 2298 416; x_wconf 81' lang='lat' dir='ltr'>GOMNENO</span> <span class='ocrx_word' id='word_1_4' title='bbox 2339 354 2495 417; x_wconf 88' lang='lat' dir='ltr'>LIB.</span> <span class='ocrx_word' id='word_1_5' title='bbox 2540 356 2619 419; x_wconf 70' lang='grc' dir='ltr'>ν.</span> 
     </span>
    </p>
   </div>
   <div class='ocr_carea' id='block_1_2' title="bbox 3554 355 3683 418">
    <p class='ocr_par' dir='ltr' id='par_1_2' title="bbox 3554 355 3683 418">
     <span class='ocr_line' id='line_1_2' title="bbox 3554 355 3683 418; baseline 0 0"><span class='ocrx_word' id='word_1_6' title='bbox 3554 355 3683 418; x_wconf 77' lang='lat'>506</span> 
     </span>
    </p>
   </div>
   <div class='ocr_carea' id='block_1_3' title="bbox 253 482 1897 563">
    <p class='ocr_par' dir='ltr' id='par_1_3' title="bbox 253 482 1897 560">
     <span class='ocr_line' id='line_1_3' title="bbox 253 482 1897 560; baseline 0 -20"><span class='ocrx_word' id='word_1_7' title='bbox 253 482 467 540; x_wconf 79' lang='grc' dir='ltr'>στόλον</span> <span class='ocrx_word' id='word_1_8' title='bbox 493 483 781 558; x_wconf 89' lang='grc' dir='ltr'>καταρτύει</span> <span class='ocrx_word' id='word_1_9' title='bbox 814 483 982 560; x_wconf 74' lang='grc' dir='ltr'>βαρὺν</span> <span class='ocrx_word' id='word_1_10' title='bbox 1013 482 1156 540; x_wconf 86' lang='grc' dir='ltr'>κατᾶ</span> <span class='ocrx_word' id='word_1_11' title='bbox 1189 488 1287 540; x_wconf 89' lang='grc' dir='ltr'>τοῦ</span> <span class='ocrx_word' id='word_1_12' title='bbox 1334 487 1612 559; x_wconf 83' lang='grc' dir='ltr'>Ταμιάθου</span> <span class='ocrx_word' id='word_1_13' title='bbox 1662 482 1738 548; x_wconf 78' lang='grc' dir='ltr'>εἰς</span> <span class='ocrx_word' id='word_1_14' title='bbox 1788 491 1897 555; x_wconf 63' lang='grc' dir='ltr'>νῆαι</span> 
     </span>
    </p>
   </div>
   <div class='ocr_carea' id='block_1_4' title="bbox 2010 482 3676 563">
    <p class='ocr_par' dir='ltr' id='par_1_4' title="bbox 2033 487 3676 563">
     <span class='ocr_line' id='line_1_4' title="bbox 2033 487 3676 563; baseline 0.003 -21"><span class='ocrx_word' id='word_1_15' title='bbox 2033 487 2565 559; x_wconf 86' lang='lat' dir='ltr'><strong>Centestephanum</strong></span> <span class='ocrx_word' id='word_1_16' title='bbox 2590 487 2831 558; x_wconf 82' lang='lat' dir='ltr'><strong>jamjam</strong></span> <span class='ocrx_word' id='word_1_17' title='bbox 2850 487 3045 542; x_wconf 80' lang='lat' dir='ltr'><strong>adfore</strong></span> <span class='ocrx_word' id='word_1_18' title='bbox 3070 489 3676 563; x_wconf 68' lang='lat' dir='ltr'><strong>prmnunliaret,atque</strong></span> 
     </span>
    </p>
   </div>
   <div class='ocr_carea' id='block_1_5' title="bbox 253 570 1920 649">
    <p class='ocr_par' dir='ltr' id='par_1_5' title="bbox 253 570 1920 649">
     <span class='ocr_line' id='line_1_5' title="bbox 253 570 1920 649; baseline -0.001 -20"><span class='ocrx_word' id='word_1_19' title='bbox 253 577 476 649; x_wconf 77' lang='grc' dir='ltr'>μακρὰς</span> <span class='ocrx_word' id='word_1_20' title='bbox 507 570 784 636; x_wconf 81' lang='grc' dir='ltr'>διακοσίας</span> <span class='ocrx_word' id='word_1_21' title='bbox 809 576 898 628; x_wconf 79' lang='grc' dir='ltr'>καὶ</span> <span class='ocrx_word' id='word_1_22' title='bbox 941 570 1019 629; x_wconf 80' lang='grc' dir='ltr'>ἔτι</span> <span class='ocrx_word' id='word_1_23' title='bbox 1067 575 1204 648; x_wconf 85' lang='grc' dir='ltr'>πρὸς</span> <span class='ocrx_word' id='word_1_24' title='bbox 1250 572 1680 649; x_wconf 75' lang='grc' dir='ltr'>ἀριθμούμενον,</span> <span class='ocrx_word' id='word_1_25' title='bbox 1731 572 1783 630; x_wconf 75' lang='grc' dir='ltr'>ἓν</span> <span class='ocrx_word' id='word_1_26' title='bbox 1832 576 1920 635; x_wconf 78' lang='grc' dir='ltr'>αἷς</span> 
     </span>
    </p>
   </div>
   <div class='ocr_carea' id='block_1_6' title="bbox 246 658 1920 739">
    <p class='ocr_par' dir='ltr' id='par_1_6' title="bbox 246 658 1920 739">
     <span class='ocr_line' id='line_1_6' title="bbox 246 658 1920 739; baseline 0 -20"><span class='ocrx_word' id='word_1_27' title='bbox 246 660 625 739; x_wconf 71' lang='grc' dir='ltr'>κατελέγοντο</span> <span class='ocrx_word' id='word_1_28' title='bbox 671 658 802 718; x_wconf 77' lang='grc' dir='ltr'>δεκα</span> <span class='ocrx_word' id='word_1_29' title='bbox 860 662 951 737; x_wconf 74' lang='grc' dir='ltr'>μὲν</span> <span class='ocrx_word' id='word_1_30' title='bbox 1016 664 1070 717; x_wconf 72' lang='grc' dir='ltr'>αἱ</span> <span class='ocrx_word' id='word_1_31' title='bbox 1120 663 1227 719; x_wconf 80' lang='grc' dir='ltr'>ἀπὸ</span> <span class='ocrx_word' id='word_1_32' title='bbox 1272 671 1372 733; x_wconf 78' lang='grc' dir='ltr'>τῆς</span> <span class='ocrx_word' id='word_1_33' title='bbox 1423 662 1761 737; x_wconf 70' lang='grc' dir='ltr'>Ἐπιδάμνου</span> <span class='ocrx_word' id='word_1_34' title='bbox 1790 666 1920 720; x_wconf 85' lang='grc' dir='ltr'>ἀνα-</span> 
     </span>
    </p>
   </div>
   <div class='ocr_carea' id='block_1_7' title="bbox 254 748 1917 829">
    <p class='ocr_par' dir='ltr' id='par_1_7' title="bbox 254 748 1917 829">
     <span class='ocr_line' id='line_1_7' title="bbox 254 748 1917 829; baseline -0.001 -22"><span class='ocrx_word' id='word_1_35' title='bbox 254 756 508 827; x_wconf 75' lang='grc' dir='ltr'>χθεῖσᾳι,</span> <span class='ocrx_word' id='word_1_36' title='bbox 550 748 606 822; x_wconf 76' lang='grc' dir='ltr'>’ἐξ</span> <span class='ocrx_word' id='word_1_37' title='bbox 634 748 693 806; x_wconf 77' lang='grc' dir='ltr'>δὶ</span> <span class='ocrx_word' id='word_1_38' title='bbox 721 756 1151 827; x_wconf 85' lang='grc' dir='ltr'>ταχυναντοῦσαι</span> <span class='ocrx_word' id='word_1_39' title='bbox 1180 751 1403 818; x_wconf 81' lang='grc' dir='ltr'>ἃπασαι,</span> <span class='ocrx_word' id='word_1_40' title='bbox 1436 753 1498 816; x_wconf 75' lang='grc' dir='ltr'>ἅς</span> <span class='ocrx_word' id='word_1_41' title='bbox 1529 752 1805 829; x_wconf 78' lang='grc' dir='ltr'>ἐπλήρουν</span> <span class='ocrx_word' id='word_1_42' title='bbox 1860 755 1917 807; x_wconf 74' lang='grc' dir='ltr'>οἱ</span> 
     </span>
    </p>
   </div>
   <div class='ocr_carea' id='block_1_8' title="bbox 250 837 1915 920">
    <p class='ocr_par' dir='ltr' id='par_1_8' title="bbox 250 837 1915 920">
     <span class='ocr_line' id='line_1_8' title="bbox 250 837 1915 920; baseline -0.001 -22"><span class='ocrx_word' id='word_1_43' title='bbox 250 837 513 903; x_wconf 63' lang='grc' dir='ltr'>Εὐϐοεῖς.</span> <span class='ocrx_word' id='word_1_44' title='bbox 544 838 883 896; x_wconf 66' lang='grc' dir='ltr'>ἀναδείκνυσι</span> <span class='ocrx_word' id='word_1_45' title='bbox 917 839 974 896; x_wconf 74' lang='grc' dir='ltr'>δὲ</span> <span class='ocrx_word' id='word_1_46' title='bbox 1022 841 1297 918; x_wconf 76' lang='grc' dir='ltr'>ναύαρχον</span> <span class='ocrx_word' id='word_1_47' title='bbox 1347 844 1437 897; x_wconf 87' lang='grc' dir='ltr'>τὸν</span> <span class='ocrx_word' id='word_1_48' title='bbox 1495 842 1661 920; x_wconf 90' lang='grc' dir='ltr'>μέγαν</span> <span class='ocrx_word' id='word_1_49' title='bbox 1715 840 1915 897; x_wconf 88' lang='grc' dir='ltr'>δοῦκαν</span> 
     </span>
    </p>
   </div>
   <div class='ocr_carea' id='block_1_9' title="bbox 240 928 1917 1009">
    <p class='ocr_par' dir='ltr' id='par_1_9' title="bbox 240 928 1917 1009">
     <span class='ocr_line' id='line_1_9' title="bbox 240 928 1917 1009; baseline -0.001 -21"><span class='ocrx_word' id='word_1_50' title='bbox 240 934 347 988; x_wconf 80' lang='grc' dir='ltr'>τὸν</span> <span class='ocrx_word' id='word_1_51' title='bbox 425 928 863 1009; x_wconf 77' lang='grc' dir='ltr'>Κοντοστέφανον</span> <span class='ocrx_word' id='word_1_52' title='bbox 935 928 1296 1003; x_wconf 82' lang='grc' dir='ltr'>Ἀνδρόνικον.</span> <span class='ocrx_word' id='word_1_53' title='bbox 1376 933 1515 987; x_wconf 83' lang='grc' dir='ltr'>Ἀπὸ</span> <span class='ocrx_word' id='word_1_54' title='bbox 1590 930 1647 987; x_wconf 80' lang='grc' dir='ltr'>δὶ</span> <span class='ocrx_word' id='word_1_55' title='bbox 1682 931 1917 987; x_wconf 85' lang='grc' dir='ltr'>τουτωνῖ</span> 
     </span>
    </p>
   </div>
   <div class='ocr_carea' id='block_1_10' title="bbox 244 1018 1915 1097">
    <p class='ocr_par' dir='ltr' id='par_1_10' title="bbox 244 1018 1915 1097">
     <span class='ocr_line' id='line_1_10' title="bbox 244 1018 1915 1097; baseline -0.001 -22"><span class='ocrx_word' id='word_1_56' title='bbox 244 1024 366 1075; x_wconf 85' lang='grc' dir='ltr'>τῶν</span> <span class='ocrx_word' id='word_1_57' title='bbox 422 1018 699 1096; x_wconf 77' lang='grc' dir='ltr'>τριηρέων</span> <span class='ocrx_word' id='word_1_58' title='bbox 758 1019 1019 1093; x_wconf 67' lang='grc' dir='ltr'>ἐξήκοντα</span> <span class='ocrx_word' id='word_1_59' title='bbox 1071 1018 1153 1094; x_wconf 79' lang='grc' dir='ltr'>τῷ</span> <span class='ocrx_word' id='word_1_60' title='bbox 1212 1019 1588 1097; x_wconf 76' lang='grc' dir='ltr'>Μαυροζούμῃ</span> <span class='ocrx_word' id='word_1_61' title='bbox 1638 1018 1915 1095; x_wconf 81' lang='grc' dir='ltr'>παραδοὺς</span> 
     </span>
    </p>
   </div>
   <div class='ocr_carea' id='block_1_11' title="bbox 244 1105 1914 1186">
    <p class='ocr_par' dir='ltr' id='par_1_11' title="bbox 244 1105 1914 1186">
     <span class='ocr_line' id='line_1_11' title="bbox 244 1105 1914 1186; baseline -0.001 -21"><span class='ocrx_word' id='word_1_62' title='bbox 244 1105 527 1181; x_wconf 83' lang='grc' dir='ltr'>Θεοδώρῳ</span> <span class='ocrx_word' id='word_1_63' title='bbox 591 1108 732 1184; x_wconf 85' lang='grc' dir='ltr'>πρὸς</span> <span class='ocrx_word' id='word_1_64' title='bbox 798 1109 893 1164; x_wconf 88' lang='grc' dir='ltr'>τὸν</span> <span class='ocrx_word' id='word_1_65' title='bbox 959 1109 1106 1184; x_wconf 84' lang='grc' dir='ltr'>ῥῆγα</span> <span class='ocrx_word' id='word_1_66' title='bbox 1173 1108 1462 1185; x_wconf 74' lang='grc' dir='ltr'>ἐξέπεμψε,</span> <span class='ocrx_word' id='word_1_67' title='bbox 1545 1129 1914 1186; x_wconf 84' lang='grc' dir='ltr'>προκαταγγε-</span> 
     </span>
    </p>
   </div>
   <div class='ocr_carea' id='block_1_12' title="bbox 240 1195 1912 1270">
    <p class='ocr_par' dir='ltr' id='par_1_12' title="bbox 240 1195 1912 1270">
     <span class='ocr_line' id='line_1_12' title="bbox 240 1195 1912 1270; baseline -0.001 -16"><span class='ocrx_word' id='word_1_68' title='bbox 240 1196 457 1254; x_wconf 82' lang='grc' dir='ltr'>λοῦντα</span> <span class='ocrx_word' id='word_1_69' title='bbox 488 1198 587 1270; x_wconf 78' lang='grc' dir='ltr'>μὲν</span> <span class='ocrx_word' id='word_1_70' title='bbox 616 1197 708 1252; x_wconf 85' lang='grc' dir='ltr'>καὶ</span> <span class='ocrx_word' id='word_1_71' title='bbox 736 1199 836 1267; x_wconf 76' lang='grc' dir='ltr'>τήν</span> <span class='ocrx_word' id='word_1_72' title='bbox 877 1197 1003 1254; x_wconf 88' lang='grc' dir='ltr'>ὅσον</span> <span class='ocrx_word' id='word_1_73' title='bbox 1053 1195 1271 1253; x_wconf 77' lang='grc' dir='ltr'>οὐδέπω</span> <span class='ocrx_word' id='word_1_74' title='bbox 1317 1203 1415 1254; x_wconf 91' lang='grc' dir='ltr'>τοῦ</span> <span class='ocrx_word' id='word_1_75' title='bbox 1461 1198 1661 1255; x_wconf 77' lang='grc' dir='ltr'>λοιποῦ</span> <span class='ocrx_word' id='word_1_76' title='bbox 1710 1197 1912 1253; x_wconf 89' lang='grc' dir='ltr'>στόλου</span> 
     </span>
    </p>
   </div>
   <div class='ocr_carea' id='block_1_13' title="bbox 247 1285 1914 1365">
    <p class='ocr_par' dir='ltr' id='par_1_13' title="bbox 247 1285 1914 1365">
     <span class='ocr_line' id='line_1_13' title="bbox 247 1285 1914 1365; baseline 0 -23"><span class='ocrx_word' id='word_1_77' title='bbox 247 1287 549 1364; x_wconf 71' lang='grc' dir='ltr'>ἀναγωγὴν</span> <span class='ocrx_word' id='word_1_78' title='bbox 580 1287 671 1341; x_wconf 84' lang='grc' dir='ltr'>καί</span> <span class='ocrx_word' id='word_1_79' title='bbox 704 1288 804 1355; x_wconf 73' lang='grc' dir='ltr'>τήν</span> <span class='ocrx_word' id='word_1_80' title='bbox 855 1285 1032 1343; x_wconf 81' lang='grc' dir='ltr'>έκεῖσε</span> <span class='ocrx_word' id='word_1_81' title='bbox 1077 1292 1175 1343; x_wconf 89' lang='grc' dir='ltr'>τοῦ</span> <span class='ocrx_word' id='word_1_82' title='bbox 1226 1291 1664 1365; x_wconf 75' lang='grc' dir='ltr'>Κοντοστεφάνου</span> <span class='ocrx_word' id='word_1_83' title='bbox 1709 1285 1914 1364; x_wconf 72' lang='grc' dir='ltr'>ἄφιξιν,</span> 
     </span>
    </p>
   </div>
   <div class='ocr_carea' id='block_1_14' title="bbox 242 1373 1912 1451">
    <p class='ocr_par' dir='ltr' id='par_1_14' title="bbox 242 1373 1912 1451">
     <span class='ocr_line' id='line_1_14' title="bbox 242 1373 1912 1451; baseline 0.001 -20"><span class='ocrx_word' id='word_1_84' title='bbox 242 1373 686 1447; x_wconf 83' lang='grc' dir='ltr'>διαναστήσοντα</span> <span class='ocrx_word' id='word_1_85' title='bbox 716 1373 774 1431; x_wconf 76' lang='grc' dir='ltr'>δὲ</span> <span class='ocrx_word' id='word_1_86' title='bbox 805 1382 1053 1432; x_wconf 69' lang='grc' dir='ltr'>κάκεῖνον</span> <span class='ocrx_word' id='word_1_87' title='bbox 1107 1376 1182 1440; x_wconf 85' lang='grc' dir='ltr'>ὡς</span> <span class='ocrx_word' id='word_1_88' title='bbox 1229 1375 1316 1447; x_wconf 79' lang='grc' dir='ltr'>εἶή</span> <span class='ocrx_word' id='word_1_89' title='bbox 1367 1377 1792 1451; x_wconf 74' lang='grc' dir='ltr'>ἑτοιμασάμενος</span> <span class='ocrx_word' id='word_1_90' title='bbox 1845 1378 1912 1432; x_wconf 79' lang='grc' dir='ltr'>τὰ</span> 
     </span>
    </p>
   </div>
   <div class='ocr_carea' id='block_1_15' title="bbox 243 1462 1910 1539">
    <p class='ocr_par' dir='ltr' id='par_1_15' title="bbox 243 1462 1910 1539">
     <span class='ocr_line' id='line_1_15' title="bbox 243 1462 1910 1539; baseline 0 -20"><span class='ocrx_word' id='word_1_91' title='bbox 243 1463 394 1537; x_wconf 77' lang='grc' dir='ltr'>πρὸς</span> <span class='ocrx_word' id='word_1_92' title='bbox 424 1466 521 1535; x_wconf 71' lang='grc' dir='ltr'>τὴν</span> <span class='ocrx_word' id='word_1_93' title='bbox 546 1462 755 1535; x_wconf 68' lang='grc' dir='ltr'>ἔξοδον,</span> <span class='ocrx_word' id='word_1_94' title='bbox 786 1464 902 1539; x_wconf 68' lang='grc' dir='ltr'>ἅμα</span> <span class='ocrx_word' id='word_1_95' title='bbox 933 1463 981 1521; x_wconf 79' lang='grc' dir='ltr'>δ’</span> <span class='ocrx_word' id='word_1_96' title='bbox 1020 1465 1434 1539; x_wconf 71' lang='grc' dir='ltr'>ἁποκομίσοντά</span> <span class='ocrx_word' id='word_1_97' title='bbox 1463 1468 1514 1521; x_wconf 84' lang='lat' dir='ltr'>o&#39;t</span> <span class='ocrx_word' id='word_1_98' title='bbox 1547 1467 1638 1521; x_wconf 85' lang='grc' dir='ltr'>καὶ</span> <span class='ocrx_word' id='word_1_99' title='bbox 1687 1466 1756 1521; x_wconf 84' lang='grc' dir='ltr'>τὰ</span> <span class='ocrx_word' id='word_1_100' title='bbox 1800 1470 1910 1520; x_wconf 89' lang='grc' dir='ltr'>τῶν</span> 
     </span>
    </p>
   </div>
   <div class='ocr_carea' id='block_1_16' title="bbox 246 1550 1907 1630">
    <p class='ocr_par' dir='ltr' id='par_1_16' title="bbox 246 1550 1907 1630">
     <span class='ocr_line' id='line_1_16' title="bbox 246 1550 1907 1630; baseline 0 -21"><span class='ocrx_word' id='word_1_101' title='bbox 246 1553 710 1628; x_wconf 79' lang='grc' dir='ltr'>Ἱεροσολυμιτῶν</span> <span class='ocrx_word' id='word_1_102' title='bbox 738 1550 949 1612; x_wconf 72' lang='grc' dir='ltr'>ἱππέων</span> <span class='ocrx_word' id='word_1_103' title='bbox 993 1554 1224 1628; x_wconf 77' lang='grc' dir='ltr'>ὀψώνια,</span> <span class='ocrx_word' id='word_1_104' title='bbox 1273 1554 1394 1611; x_wconf 90' lang='grc' dir='ltr'>ὅσοι</span> <span class='ocrx_word' id='word_1_105' title='bbox 1442 1555 1907 1630; x_wconf 82' lang='grc' dir='ltr'>συνεκστρατεύειν</span> 
     </span>
    </p>
   </div>
   <div class='ocr_carea' id='block_1_17' title="bbox 241 1636 1910 1720">
    <p class='ocr_par' dir='ltr' id='par_1_17' title="bbox 241 1636 1910 1720">
     <span class='ocr_line' id='line_1_17' title="bbox 241 1636 1910 1720; baseline 0.001 -23"><span class='ocrx_word' id='word_1_106' title='bbox 241 1636 493 1715; x_wconf 66' lang='grc' dir='ltr'>ἔμελλον</span> <span class='ocrx_word' id='word_1_107' title='bbox 525 1647 606 1716; x_wconf 76' lang='grc' dir='ltr'>τῷ</span> <span class='ocrx_word' id='word_1_108' title='bbox 637 1642 763 1720; x_wconf 78' lang='grc' dir='ltr'>ῥηγὶ</span> <span class='ocrx_word' id='word_1_109' title='bbox 798 1643 1259 1719; x_wconf 73' lang='grc' dir='ltr'>συνεφαπτομένῳ</span> <span class='ocrx_word' id='word_1_110' title='bbox 1287 1649 1383 1700; x_wconf 86' lang='grc' dir='ltr'>τοῦ</span> <span class='ocrx_word' id='word_1_111' title='bbox 1405 1643 1655 1718; x_wconf 79' lang='grc' dir='ltr'>πολέμου</span> <span class='ocrx_word' id='word_1_112' title='bbox 1681 1646 1768 1700; x_wconf 84' lang='grc' dir='ltr'>καὶ</span> <span class='ocrx_word' id='word_1_113' title='bbox 1789 1645 1910 1701; x_wconf 87' lang='grc' dir='ltr'>κατ’</span> 
     </span>
    </p>
   </div>
   <div class='ocr_carea' id='block_1_18' title="bbox 243 1731 1909 1808">
    <p class='ocr_par' dir='ltr' id='par_1_18' title="bbox 243 1731 1909 1808">
     <span class='ocr_line' id='line_1_18' title="bbox 243 1731 1909 1808; baseline 0.001 -21"><span class='ocrx_word' id='word_1_114' title='bbox 243 1731 573 1805; x_wconf 74' lang='grc' dir='ltr'>Αἷγυπτίων</span> <span class='ocrx_word' id='word_1_115' title='bbox 604 1733 875 1807; x_wconf 75' lang='grc' dir='ltr'>τιθεμένῳ</span> <span class='ocrx_word' id='word_1_116' title='bbox 903 1735 1003 1803; x_wconf 74' lang='grc' dir='ltr'>τήν</span> <span class='ocrx_word' id='word_1_117' title='bbox 1032 1735 1268 1805; x_wconf 87' lang='grc' dir='ltr'>κίνησιν,</span> <span class='ocrx_word' id='word_1_118' title='bbox 1301 1736 1385 1808; x_wconf 88' lang='grc' dir='ltr'>[Ρ.</span> <span class='ocrx_word' id='word_1_119' title='bbox 1430 1736 1555 1808; x_wconf 85' lang='grc'><strong>105]</strong></span> <span class='ocrx_word' id='word_1_120' title='bbox 1602 1735 1723 1799; x_wconf 86' lang='grc' dir='ltr'>καθ’</span> <span class='ocrx_word' id='word_1_121' title='bbox 1764 1735 1837 1789; x_wconf 81' lang='grc' dir='ltr'>ὧν</span> <span class='ocrx_word' id='word_1_122' title='bbox 1880 1734 1909 1789; x_wconf 83' lang='grc' dir='ltr'>ὁ</span> 
     </span>
    </p>
   </div>
   <div class='ocr_carea' id='block_1_19' title="bbox 2029 576 3676 649">
    <p class='ocr_par' dir='ltr' id='par_1_19' title="bbox 2029 576 3676 649">
     <span class='ocr_line' id='line_1_19' title="bbox 2029 576 3676 649; baseline 0.001 -17"><span class='ocrx_word' id='word_1_123' title='bbox 2029 592 2159 632; x_wconf 86' lang='lat' dir='ltr'>eum</span> <span class='ocrx_word' id='word_1_124' title='bbox 2191 576 2523 633; x_wconf 81' lang='lat' dir='ltr'>hortaretur</span> <span class='ocrx_word' id='word_1_125' title='bbox 2554 587 2609 631; x_wconf 91' lang='lat' dir='ltr'>ut</span> <span class='ocrx_word' id='word_1_126' title='bbox 2669 577 2795 647; x_wconf 70' lang='lat' dir='ltr'><strong>ipse</strong></span> <span class='ocrx_word' id='word_1_127' title='bbox 2851 577 3277 648; x_wconf 74' lang='lat' dir='ltr'><strong>eXpeditionem</strong></span> <span class='ocrx_word' id='word_1_128' title='bbox 3321 586 3676 649; x_wconf 74' lang='lat' dir='ltr'><strong>maturaret;</strong></span> 
     </span>
    </p>
   </div>
   <div class='ocr_carea' id='block_1_20' title="bbox 2028 664 3673 742">
    <p class='ocr_par' dir='ltr' id='par_1_20' title="bbox 2028 664 3673 742">
     <span class='ocr_line' id='line_1_20' title="bbox 2028 664 3673 742; baseline 0.002 -22"><span class='ocrx_word' id='word_1_129' title='bbox 2028 664 2202 720; x_wconf 91' lang='lat' dir='ltr'><strong>simul</strong></span> <span class='ocrx_word' id='word_1_130' title='bbox 2236 668 2408 722; x_wconf 88' lang='lat' dir='ltr'><strong>etiam</strong></span> <span class='ocrx_word' id='word_1_131' title='bbox 2440 667 2983 736; x_wconf 68' lang='lat' dir='ltr'><strong>Hierosolymitanis</strong></span> <span class='ocrx_word' id='word_1_132' title='bbox 3016 665 3328 736; x_wconf 83' lang='lat' dir='ltr'>equilibus,</span> <span class='ocrx_word' id='word_1_133' title='bbox 3351 670 3447 738; x_wconf 86' lang='lat' dir='ltr'>qui</span> <span class='ocrx_word' id='word_1_134' title='bbox 3482 685 3673 742; x_wconf 80' lang='lat' dir='ltr'>regem</span> 
     </span>
    </p>
   </div>
   <div class='ocr_carea' id='block_1_21' title="bbox 2029 756 3675 828">
    <p class='ocr_par' dir='ltr' id='par_1_21' title="bbox 2029 756 3675 828">
     <span class='ocr_line' id='line_1_21' title="bbox 2029 756 3675 828; baseline 0.003 -19"><span class='ocrx_word' id='word_1_135' title='bbox 2029 756 2087 809; x_wconf 90' lang='lat' dir='ltr'>in</span> <span class='ocrx_word' id='word_1_136' title='bbox 2128 757 2432 828; x_wconf 60' lang='lat' dir='ltr'><strong>[Egyptum</strong></span> <span class='ocrx_word' id='word_1_137' title='bbox 2492 758 2747 810; x_wconf 77' lang='lat' dir='ltr'>secuturi</span> <span class='ocrx_word' id='word_1_138' title='bbox 2807 760 3020 825; x_wconf 80' lang='lat' dir='ltr'>essent,</span> <span class='ocrx_word' id='word_1_139' title='bbox 3081 756 3369 825; x_wconf 87' lang='lat' dir='ltr'><strong>stipendia</strong></span> <span class='ocrx_word' id='word_1_140' title='bbox 3427 757 3675 814; x_wconf 69' lang='lat' dir='ltr'><strong>alterret.</strong></span> 
     </span>
    </p>
   </div>
   <div class='ocr_carea' id='block_1_22' title="bbox 2025 843 3675 913">
    <p class='ocr_par' dir='ltr' id='par_1_22' title="bbox 2025 843 3675 913">
     <span class='ocr_line' id='line_1_22' title="bbox 2025 843 3675 913; baseline 0 -14"><span class='ocrx_word' id='word_1_141' title='bbox 2025 844 2151 899; x_wconf 90' lang='lat' dir='ltr'><strong>Non</strong></span> <span class='ocrx_word' id='word_1_142' title='bbox 2184 844 2365 898; x_wconf 85' lang='lat' dir='ltr'><strong>multo</strong></span> <span class='ocrx_word' id='word_1_143' title='bbox 2394 848 2540 913; x_wconf 81' lang='lat' dir='ltr'><strong>post,</strong></span> <span class='ocrx_word' id='word_1_144' title='bbox 2597 860 2698 899; x_wconf 80' lang='lat' dir='ltr'>VIU</span> <span class='ocrx_word' id='word_1_145' title='bbox 2756 845 2851 899; x_wconf 91' lang='lat' dir='ltr'>die</span> <span class='ocrx_word' id='word_1_146' title='bbox 2909 844 3130 899; x_wconf 83' lang='lat' dir='ltr'>mensis</span> <span class='ocrx_word' id='word_1_147' title='bbox 3179 843 3340 913; x_wconf 83' lang='lat' dir='ltr'>Julii,</span> <span class='ocrx_word' id='word_1_148' title='bbox 3372 848 3675 901; x_wconf 85' lang='lat' dir='ltr'><strong>Conteste-</strong></span> 
     </span>
    </p>
   </div>
   <div class='ocr_carea' id='block_1_23' title="bbox 2027 932 3671 1005">
    <p class='ocr_par' dir='ltr' id='par_1_23' title="bbox 2027 932 3671 1005">
     <span class='ocr_line' id='line_1_23' title="bbox 2027 932 3671 1005; baseline 0.001 -18"><span class='ocrx_word' id='word_1_149' title='bbox 2027 934 2256 1003; x_wconf 88' lang='lat' dir='ltr'><strong>phanus</strong></span> <span class='ocrx_word' id='word_1_150' title='bbox 2286 932 2361 988; x_wconf 83' lang='lat' dir='ltr'>ad</span> <span class='ocrx_word' id='word_1_151' title='bbox 2393 933 2730 988; x_wconf 68' lang='lat' dir='ltr'><strong>Melibotum</strong></span> <span class='ocrx_word' id='word_1_152' title='bbox 2764 932 3012 1005; x_wconf 84' lang='lat' dir='ltr'><strong>appulit,</strong></span> <span class='ocrx_word' id='word_1_153' title='bbox 3041 934 3138 989; x_wconf 90' lang='lat' dir='ltr'>ubi</span> <span class='ocrx_word' id='word_1_154' title='bbox 3195 934 3268 989; x_wconf 91' lang='lat' dir='ltr'>ab</span> <span class='ocrx_word' id='word_1_155' title='bbox 3301 934 3671 1004; x_wconf 89' lang='lat' dir='ltr'><strong>imperatore,</strong></span> 
     </span>
    </p>
   </div>
   <div class='ocr_carea' id='block_1_24' title="bbox 2025 1021 3667 1095">
    <p class='ocr_par' dir='ltr' id='par_1_24' title="bbox 2025 1021 3667 1095">
     <span class='ocr_line' id='line_1_24' title="bbox 2025 1021 3667 1095; baseline 0.001 -18"><span class='ocrx_word' id='word_1_156' title='bbox 2025 1022 2122 1093; x_wconf 88' lang='lat' dir='ltr'><strong>qui</strong></span> <span class='ocrx_word' id='word_1_157' title='bbox 2156 1021 2364 1077; x_wconf 81' lang='lat' dir='ltr'>classis</span> <span class='ocrx_word' id='word_1_158' title='bbox 2396 1025 2729 1093; x_wconf 67' lang='lat' dir='ltr'><strong>spectandis</strong></span> <span class='ocrx_word' id='word_1_159' title='bbox 2775 1022 2962 1093; x_wconf 84' lang='lat' dir='ltr'><strong>gratia</strong></span> <span class='ocrx_word' id='word_1_160' title='bbox 3019 1023 3232 1088; x_wconf 87' lang='lat' dir='ltr'><strong>aderat,</strong></span> <span class='ocrx_word' id='word_1_161' title='bbox 3275 1039 3406 1095; x_wconf 68' lang='lat' dir='ltr'><strong>quae</strong></span> <span class='ocrx_word' id='word_1_162' title='bbox 3454 1022 3513 1078; x_wconf 92' lang='lat' dir='ltr'><strong>in</strong></span> <span class='ocrx_word' id='word_1_163' title='bbox 3545 1040 3667 1079; x_wconf 90' lang='lat' dir='ltr'>rem</span> 
     </span>
    </p>
   </div>
   <div class='ocr_carea' id='block_1_25' title="bbox 2026 1111 3669 1185">
    <p class='ocr_par' dir='ltr' id='par_1_25' title="bbox 2026 1111 3669 1185">
     <span class='ocr_line' id='line_1_25' title="bbox 2026 1111 3669 1185; baseline 0.002 -21"><span class='ocrx_word' id='word_1_164' title='bbox 2026 1112 2146 1167; x_wconf 82' lang='lat' dir='ltr'><strong>fore</strong></span> <span class='ocrx_word' id='word_1_165' title='bbox 2191 1112 2528 1168; x_wconf 79' lang='lat' dir='ltr'>viderentur</span> <span class='ocrx_word' id='word_1_166' title='bbox 2584 1113 2842 1177; x_wconf 85' lang='lat' dir='ltr'><strong>edoctus,</strong></span> <span class='ocrx_word' id='word_1_167' title='bbox 2898 1111 3071 1169; x_wconf 87' lang='lat' dir='ltr'><strong>biduo</strong></span> <span class='ocrx_word' id='word_1_168' title='bbox 3131 1118 3258 1184; x_wconf 86' lang='lat' dir='ltr'><strong>post</strong></span> <span class='ocrx_word' id='word_1_169' title='bbox 3311 1112 3485 1182; x_wconf 73' lang='lat' dir='ltr'><strong>Coela,</strong></span> <span class='ocrx_word' id='word_1_170' title='bbox 3542 1130 3669 1185; x_wconf 65' lang='lat' dir='ltr'><strong>qua</strong></span> 
     </span>
    </p>
   </div>
   <div class='ocr_carea' id='block_1_26' title="bbox 2024 1200 3669 1274">
    <p class='ocr_par' dir='ltr' id='par_1_26' title="bbox 2024 1200 3669 1274">
     <span class='ocr_line' id='line_1_26' title="bbox 2024 1200 3669 1274; baseline 0.002 -20"><span class='ocrx_word' id='word_1_171' title='bbox 2024 1200 2177 1255; x_wconf 89' lang='lat' dir='ltr'><strong>circa</strong></span> <span class='ocrx_word' id='word_1_172' title='bbox 2207 1200 2443 1256; x_wconf 86' lang='lat' dir='ltr'>Sestum</span> <span class='ocrx_word' id='word_1_173' title='bbox 2466 1210 2522 1256; x_wconf 90' lang='lat' dir='ltr'>et</span> <span class='ocrx_word' id='word_1_174' title='bbox 2544 1200 2800 1271; x_wconf 79' lang='lat' dir='ltr'>Abydum</span> <span class='ocrx_word' id='word_1_175' title='bbox 2819 1204 2979 1269; x_wconf 86' lang='lat' dir='ltr'><strong>sunt,</strong></span> <span class='ocrx_word' id='word_1_176' title='bbox 3000 1201 3276 1274; x_wconf 84' lang='lat' dir='ltr'><strong>pervenit,</strong></span> <span class='ocrx_word' id='word_1_177' title='bbox 3298 1207 3351 1257; x_wconf 81' lang='lat' dir='ltr'>et</span> <span class='ocrx_word' id='word_1_178' title='bbox 3376 1202 3669 1257; x_wconf 82' lang='lat' dir='ltr'><strong>Romanas</strong></span> 
     </span>
    </p>
   </div>
   <div class='ocr_carea' id='block_1_27' title="bbox 2023 1291 3668 1364">
    <p class='ocr_par' dir='ltr' id='par_1_27' title="bbox 2023 1291 3668 1364">
     <span class='ocr_line' id='line_1_27' title="bbox 2023 1291 3668 1364; baseline 0.001 -19"><span class='ocrx_word' id='word_1_179' title='bbox 2023 1291 2453 1363; x_wconf 82' lang='lat' dir='ltr'><strong>auxiliaresque</strong></span> <span class='ocrx_word' id='word_1_180' title='bbox 2476 1293 2674 1363; x_wconf 88' lang='lat' dir='ltr'><strong>copias</strong></span> <span class='ocrx_word' id='word_1_181' title='bbox 2696 1293 2807 1347; x_wconf 88' lang='lat' dir='ltr'><strong>sibi</strong></span> <span class='ocrx_word' id='word_1_182' title='bbox 2830 1293 3158 1364; x_wconf 83' lang='lat' dir='ltr'><strong>assignatas</strong></span> <span class='ocrx_word' id='word_1_183' title='bbox 3177 1293 3511 1349; x_wconf 87' lang='lat' dir='ltr'><strong>triremibus</strong></span> <span class='ocrx_word' id='word_1_184' title='bbox 3552 1293 3668 1347; x_wconf 87' lang='lat' dir='ltr'><strong>im-</strong></span> 
     </span>
    </p>
   </div>
   <div class='ocr_carea' id='block_1_28' title="bbox 2022 1378 3669 1454">
    <p class='ocr_par' dir='ltr' id='par_1_28' title="bbox 2022 1378 3669 1454">
     <span class='ocr_line' id='line_1_28' title="bbox 2022 1378 3669 1454; baseline 0 -19"><span class='ocrx_word' id='word_1_185' title='bbox 2022 1378 2204 1451; x_wconf 83' lang='lat' dir='ltr'><strong>ponit.</strong></span> <span class='ocrx_word' id='word_1_186' title='bbox 2239 1380 2379 1436; x_wconf 87' lang='lat' dir='ltr'><strong>Inde</strong></span> <span class='ocrx_word' id='word_1_187' title='bbox 2410 1381 2551 1436; x_wconf 90' lang='lat' dir='ltr'>dum</span> <span class='ocrx_word' id='word_1_188' title='bbox 2586 1381 2855 1436; x_wconf 90' lang='lat' dir='ltr'><strong>secundis</strong></span> <span class='ocrx_word' id='word_1_189' title='bbox 2904 1380 3120 1437; x_wconf 88' lang='lat' dir='ltr'><strong>ventris</strong></span> <span class='ocrx_word' id='word_1_190' title='bbox 3169 1384 3417 1454; x_wconf 84' lang='lat' dir='ltr'><strong>Cyprum</strong></span> <span class='ocrx_word' id='word_1_191' title='bbox 3466 1396 3669 1436; x_wconf 85' lang='lat' dir='ltr'><strong>versus</strong></span> 
     </span>
    </p>
   </div>
   <div class='ocr_carea' id='block_1_29' title="bbox 2021 1468 3669 1542">
    <p class='ocr_par' dir='ltr' id='par_1_29' title="bbox 2021 1468 3669 1542">
     <span class='ocr_line' id='line_1_29' title="bbox 2021 1468 3669 1542; baseline 0.001 -20"><span class='ocrx_word' id='word_1_192' title='bbox 2021 1468 2272 1540; x_wconf 80' lang='lat' dir='ltr'><strong>navigat,</strong></span> <span class='ocrx_word' id='word_1_193' title='bbox 2332 1468 2548 1525; x_wconf 79' lang='lat' dir='ltr'><strong>in~sex</strong></span> <span class='ocrx_word' id='word_1_194' title='bbox 2608 1470 3022 1540; x_wconf 65' lang='lat' dir='ltr'><strong>speculatrices</strong></span> <span class='ocrx_word' id='word_1_195' title='bbox 3080 1487 3253 1525; x_wconf 85' lang='lat' dir='ltr'><strong>naves</strong></span> <span class='ocrx_word' id='word_1_196' title='bbox 3310 1471 3383 1526; x_wconf 90' lang='lat' dir='ltr'>ab</span> <span class='ocrx_word' id='word_1_197' title='bbox 3433 1470 3669 1542; x_wconf 66' lang='lat' dir='ltr'><strong>Egyptl</strong></span> 
     </span>
    </p>
   </div>
   <div class='ocr_carea' id='block_1_30' title="bbox 2022 1556 3666 1630">
    <p class='ocr_par' dir='ltr' id='par_1_30' title="bbox 2022 1556 3666 1630">
     <span class='ocr_line' id='line_1_30' title="bbox 2022 1556 3666 1630; baseline 0.001 -21"><span class='ocrx_word' id='word_1_198' title='bbox 2022 1560 2232 1612; x_wconf 84' lang='lat' dir='ltr'><strong>Amera</strong></span> <span class='ocrx_word' id='word_1_199' title='bbox 2291 1556 2506 1613; x_wconf 88' lang='lat' dir='ltr'><strong>missas</strong></span> <span class='ocrx_word' id='word_1_200' title='bbox 2566 1560 2819 1626; x_wconf 89' lang='lat' dir='ltr'><strong>incidit;</strong></span> <span class='ocrx_word' id='word_1_201' title='bbox 2873 1575 3122 1630; x_wconf 88' lang='lat' dir='ltr'><strong>quarum</strong></span> <span class='ocrx_word' id='word_1_202' title='bbox 3173 1559 3400 1615; x_wconf 89' lang='lat' dir='ltr'><strong>duabus</strong></span> <span class='ocrx_word' id='word_1_203' title='bbox 3456 1558 3666 1628; x_wconf 87' lang='lat' dir='ltr'><strong>captis,</strong></span> 
     </span>
    </p>
   </div>
   <div class='ocr_carea' id='block_1_31' title="bbox 2021 1647 3669 1719">
    <p class='ocr_par' dir='ltr' id='par_1_31' title="bbox 2021 1647 3669 1719">
     <span class='ocr_line' id='line_1_31' title="bbox 2021 1647 3669 1719; baseline 0.001 -18"><span class='ocrx_word' id='word_1_204' title='bbox 2021 1650 2274 1717; x_wconf 87' lang='lat' dir='ltr'><strong>quatuor</strong></span> <span class='ocrx_word' id='word_1_205' title='bbox 2304 1647 2537 1719; x_wconf 69' lang='lat' dir='ltr'><strong>reliquae</strong></span> <span class='ocrx_word' id='word_1_206' title='bbox 2592 1648 2825 1704; x_wconf 87' lang='lat' dir='ltr'><strong>eminus</strong></span> <span class='ocrx_word' id='word_1_207' title='bbox 2878 1647 3194 1705; x_wconf 85' lang='lat' dir='ltr'><strong>accelerate</strong></span> <span class='ocrx_word' id='word_1_208' title='bbox 3245 1664 3423 1704; x_wconf 89' lang='lat' dir='ltr'><strong>cursu</strong></span> <span class='ocrx_word' id='word_1_209' title='bbox 3466 1663 3669 1703; x_wconf 90' lang='lat' dir='ltr'><strong>evase-</strong></span> 
     </span>
    </p>
   </div>
   <div class='ocr_carea' id='block_1_32' title="bbox 2019 1743 2176 1792">
    <p class='ocr_par' dir='ltr' id='par_1_32' title="bbox 2019 1743 2176 1792">
     <span class='ocr_line' id='line_1_32' title="bbox 2019 1743 2176 1792; baseline -0.006 -1"><span class='ocrx_word' id='word_1_210' title='bbox 2019 1743 2176 1792; x_wconf 87' lang='lat' dir='ltr'><strong>runt.</strong></span> 
     </span>
    </p>
   </div>
   <div class='ocr_carea' id='block_1_33' title="bbox 246 1817 3660 1902">
    <p class='ocr_par' dir='ltr' id='par_1_33' title="bbox 246 1817 3660 1902">
     <span class='ocr_line' id='line_1_33' title="bbox 246 1817 3660 1902; baseline 0 -25"><span class='ocrx_word' id='word_1_211' title='bbox 246 1817 453 1885; x_wconf 80' lang='grc' dir='ltr'>στόλος</span> <span class='ocrx_word' id='word_1_212' title='bbox 484 1822 515 1876; x_wconf 85' lang='grc' dir='ltr'>ὁ</span> <span class='ocrx_word' id='word_1_213' title='bbox 544 1823 855 1895; x_wconf 82' lang='grc' dir='ltr'>Ῥωμαϊκὸς</span> <span class='ocrx_word' id='word_1_214' title='bbox 885 1823 1305 1899; x_wconf 58' lang='grc' dir='ltr'>συγκεκρότητα</span> <span class='ocrx_word' id='word_1_215' title='bbox 1340 1826 1471 1883; x_wconf 78' lang='grc' dir='ltr'>Μετ’</span> <span class='ocrx_word' id='word_1_216' title='bbox 1502 1824 1565 1879; x_wconf 81' lang='grc' dir='ltr'>οὗ</span> <span class='ocrx_word' id='word_1_217' title='bbox 1594 1821 1740 1879; x_wconf 81' lang='grc' dir='ltr'>πολὺ</span> <span class='ocrx_word' id='word_1_218' title='bbox 1790 1820 1847 1878; x_wconf 76' lang='grc' dir='ltr'>δὲ</span> <span class='ocrx_word' id='word_1_219' title='bbox 1892 1820 1982 1877; x_wconf 84' lang='grc' dir='ltr'>καὶ</span> <span class='ocrx_word' id='word_1_220' title='bbox 2026 1823 2187 1886; x_wconf 78' lang='grc' dir='ltr'>αὐτὸς</span> <span class='ocrx_word' id='word_1_221' title='bbox 2238 1826 2266 1879; x_wconf 90' lang='grc' dir='ltr'>ὁ</span> <span class='ocrx_word' id='word_1_222' title='bbox 2314 1824 2755 1902; x_wconf 78' lang='grc' dir='ltr'>Κοντοστέφανος</span> <span class='ocrx_word' id='word_1_223' title='bbox 2790 1822 2982 1896; x_wconf 79' lang='grc' dir='ltr'>ἔξεισιν</span> <span class='ocrx_word' id='word_1_224' title='bbox 3024 1825 3145 1901; x_wconf 77' lang='grc' dir='ltr'>(ἦγε</span> <span class='ocrx_word' id='word_1_225' title='bbox 3193 1822 3251 1880; x_wconf 68' lang='grc' dir='ltr'>δὲ</span> <span class='ocrx_word' id='word_1_226' title='bbox 3288 1825 3413 1879; x_wconf 87' lang='grc' dir='ltr'>τότε</span> <span class='ocrx_word' id='word_1_227' title='bbox 3456 1820 3660 1898; x_wconf 77' lang='grc' dir='ltr'>ὀγδόην</span> 
     </span>
    </p>
   </div>
   <div class='ocr_carea' id='block_1_34' title="bbox 261 1907 3664 1991">
    <p class='ocr_par' dir='ltr' id='par_1_34' title="bbox 261 1907 3664 1991">
     <span class='ocr_line' id='line_1_34' title="bbox 261 1907 3664 1991; baseline 0.001 -28"><span class='ocrx_word' id='word_1_228' title='bbox 261 1911 377 1982; x_wconf 70' lang='grc' dir='ltr'>μην</span> <span class='ocrx_word' id='word_1_229' title='bbox 408 1912 439 1966; x_wconf 78' lang='grc' dir='ltr'><strong>ὁ</strong></span> <span class='ocrx_word' id='word_1_230' title='bbox 468 1909 743 1982; x_wconf 77' lang='grc' dir='ltr'>Ἰούλιος),</span> <span class='ocrx_word' id='word_1_231' title='bbox 782 1910 970 1981; x_wconf 78' lang='grc' dir='ltr'>καὶ,δή</span> <span class='ocrx_word' id='word_1_232' title='bbox 1001 1912 1138 1987; x_wconf 81' lang='grc' dir='ltr'>πρὸς</span> <span class='ocrx_word' id='word_1_233' title='bbox 1167 1913 1229 1968; x_wconf 87' lang='grc' dir='ltr'>τὸ</span> <span class='ocrx_word' id='word_1_234' title='bbox 1262 1907 1570 1970; x_wconf 78' lang='grc' dir='ltr'>Μελίϐοτον</span> <span class='ocrx_word' id='word_1_235' title='bbox 1608 1915 1924 1991; x_wconf 75' lang='grc' dir='ltr'>καταχθεὶς,</span> <span class='ocrx_word' id='word_1_236' title='bbox 1957 1911 2048 1967; x_wconf 82' lang='grc' dir='ltr'>καὶ</span> <span class='ocrx_word' id='word_1_237' title='bbox 2102 1914 2248 1988; x_wconf 86' lang='grc' dir='ltr'>παρὰ</span> <span class='ocrx_word' id='word_1_238' title='bbox 2283 1919 2381 1969; x_wconf 87' lang='grc' dir='ltr'>τοῦ</span> <span class='ocrx_word' id='word_1_239' title='bbox 2426 1913 2696 1990; x_wconf 86' lang='grc' dir='ltr'>βασιλέως</span> <span class='ocrx_word' id='word_1_240' title='bbox 2745 1914 2915 1970; x_wconf 75' lang='grc' dir='ltr'>ἐκεῖσε</span> <span class='ocrx_word' id='word_1_241' title='bbox 2968 1913 3280 1991; x_wconf 78' lang='grc' dir='ltr'>ἆφιχμένου</span> <span class='ocrx_word' id='word_1_242' title='bbox 3328 1916 3521 1978; x_wconf 77' lang='grc' dir='ltr'>θεατοῦ</span> <span class='ocrx_word' id='word_1_243' title='bbox 3568 1916 3664 1967; x_wconf 90' lang='grc' dir='ltr'>τοῦ</span> 
     </span>
    </p>
   </div>
   <div class='ocr_carea' id='block_1_35' title="bbox 251 1995 3654 2081">
    <p class='ocr_par' dir='ltr' id='par_1_35' title="bbox 251 1995 3654 2081">
     <span class='ocr_line' id='line_1_35' title="bbox 251 1995 3654 2081; baseline -0 -25"><span class='ocrx_word' id='word_1_244' title='bbox 251 1995 461 2056; x_wconf 84' lang='grc' dir='ltr'>στόλου</span> <span class='ocrx_word' id='word_1_245' title='bbox 487 2000 549 2056; x_wconf 67' lang='grc' dir='ltr'>τὰ</span> <span class='ocrx_word' id='word_1_246' title='bbox 571 2002 710 2077; x_wconf 87' lang='grc' dir='ltr'>πρὸς</span> <span class='ocrx_word' id='word_1_247' title='bbox 743 2001 806 2058; x_wconf 89' lang='grc' dir='ltr'>τὸ</span> <span class='ocrx_word' id='word_1_248' title='bbox 838 1997 996 2076; x_wconf 83' lang='grc' dir='ltr'>ἔργον</span> <span class='ocrx_word' id='word_1_249' title='bbox 1024 2002 1349 2081; x_wconf 79' lang='grc' dir='ltr'>ὓφηγηθεὶς,</span> <span class='ocrx_word' id='word_1_250' title='bbox 1386 2003 1522 2074; x_wconf 79' lang='grc' dir='ltr'>μετὰ</span> <span class='ocrx_word' id='word_1_251' title='bbox 1574 2000 1670 2058; x_wconf 89' lang='grc' dir='ltr'>δύο</span> <span class='ocrx_word' id='word_1_252' title='bbox 1718 2002 1928 2076; x_wconf 75' lang='grc' dir='ltr'>ἡμέρας</span> <span class='ocrx_word' id='word_1_253' title='bbox 1979 2000 2253 2078; x_wconf 78' lang='grc' dir='ltr'>ἄνάγεται,</span> <span class='ocrx_word' id='word_1_254' title='bbox 2298 2004 2388 2058; x_wconf 74' lang='grc' dir='ltr'>καὶ</span> <span class='ocrx_word' id='word_1_255' title='bbox 2441 2003 2730 2078; x_wconf 77' lang='grc' dir='ltr'>κατάγεται</span> <span class='ocrx_word' id='word_1_256' title='bbox 2781 2004 2857 2066; x_wconf 84' lang='grc' dir='ltr'>εἰς</span> <span class='ocrx_word' id='word_1_257' title='bbox 2894 2003 2960 2057; x_wconf 76' lang='grc' dir='ltr'>τὰ</span> <span class='ocrx_word' id='word_1_258' title='bbox 3006 2002 3205 2073; x_wconf 84' lang='grc' dir='ltr'>Κοῖλα,</span> <span class='ocrx_word' id='word_1_259' title='bbox 3252 2007 3423 2058; x_wconf 85' lang='grc' dir='ltr'>ταῦτα</span> <span class='ocrx_word' id='word_1_260' title='bbox 3471 1999 3539 2070; x_wconf 77' lang='grc' dir='ltr'>δὴ</span> <span class='ocrx_word' id='word_1_261' title='bbox 3586 2000 3654 2056; x_wconf 81' lang='grc' dir='ltr'>τὰ</span> 
     </span>
    </p>
   </div>
   <div class='ocr_carea' id='block_1_36' title="bbox 244 2085 3652 2167">
    <p class='ocr_par' dir='ltr' id='par_1_36' title="bbox 244 2085 3652 2167">
     <span class='ocr_line' id='line_1_36' title="bbox 244 2085 3652 2167; baseline 0 -24"><span class='ocrx_word' id='word_1_262' title='bbox 244 2091 375 2164; x_wconf 83' lang='grc' dir='ltr'>περί</span> <span class='ocrx_word' id='word_1_263' title='bbox 434 2092 645 2160; x_wconf 84' lang='grc' dir='ltr'>Σηστόν</span> <span class='ocrx_word' id='word_1_264' title='bbox 700 2111 760 2146; x_wconf 86' lang='grc' dir='ltr'>τε</span> <span class='ocrx_word' id='word_1_265' title='bbox 797 2090 887 2146; x_wconf 84' lang='grc' dir='ltr'>καὶ</span> <span class='ocrx_word' id='word_1_266' title='bbox 946 2085 1207 2161; x_wconf 76' lang='grc' dir='ltr'>Ἄϐυδον,</span> <span class='ocrx_word' id='word_1_267' title='bbox 1266 2091 1357 2146; x_wconf 86' lang='grc' dir='ltr'>καὶ</span> <span class='ocrx_word' id='word_1_268' title='bbox 1393 2090 1644 2162; x_wconf 72' lang='grc' dir='ltr'>’ἐντίθησι</span> <span class='ocrx_word' id='word_1_269' title='bbox 1690 2095 1812 2155; x_wconf 85' lang='grc' dir='ltr'>ταῖς</span> <span class='ocrx_word' id='word_1_270' title='bbox 1867 2091 2114 2167; x_wconf 75' lang='grc' dir='ltr'>τριήρεσι</span> <span class='ocrx_word' id='word_1_271' title='bbox 2154 2089 2316 2146; x_wconf 83' lang='grc' dir='ltr'>τὸέκ</span> <span class='ocrx_word' id='word_1_272' title='bbox 2372 2093 2697 2164; x_wconf 79' lang='grc' dir='ltr'>Ῥωμαϊκῶν</span> <span class='ocrx_word' id='word_1_273' title='bbox 2757 2093 2845 2146; x_wconf 86' lang='grc' dir='ltr'>καὶ</span> <span class='ocrx_word' id='word_1_274' title='bbox 2905 2091 3127 2146; x_wconf 84' lang='grc' dir='ltr'>ἐθνικῶν</span> <span class='ocrx_word' id='word_1_275' title='bbox 3188 2090 3323 2145; x_wconf 83' lang='grc' dir='ltr'>ἰλῶν</span> <span class='ocrx_word' id='word_1_276' title='bbox 3365 2089 3652 2163; x_wconf 74' lang='grc' dir='ltr'>ἀποκριθὲν</span> 
     </span>
    </p>
   </div>
   <div class='ocr_carea' id='block_1_37' title="bbox 238 2177 3658 2260">
    <p class='ocr_par' dir='ltr' id='par_1_37' title="bbox 238 2177 3658 2260">
     <span class='ocr_line' id='line_1_37' title="bbox 238 2177 3658 2260; baseline -0.001 -26"><span class='ocrx_word' id='word_1_277' title='bbox 238 2180 335 2235; x_wconf 83' lang='grc' dir='ltr'>καί</span> <span class='ocrx_word' id='word_1_278' title='bbox 396 2177 703 2254; x_wconf 79' lang='grc' dir='ltr'>παραδοθέν</span> <span class='ocrx_word' id='word_1_279' title='bbox 763 2181 817 2235; x_wconf 83' lang='grc' dir='ltr'>οἱ</span> <span class='ocrx_word' id='word_1_280' title='bbox 876 2183 1205 2254; x_wconf 76' lang='grc' dir='ltr'>στράτευμα.</span> <span class='ocrx_word' id='word_1_281' title='bbox 1264 2184 1338 2237; x_wconf 86' lang='grc' dir='ltr'>Τὸ</span> <span class='ocrx_word' id='word_1_282' title='bbox 1394 2177 1442 2235; x_wconf 91' lang='grc' dir='ltr'>δ’</span> <span class='ocrx_word' id='word_1_283' title='bbox 1500 2180 1764 2246; x_wconf 80' lang='grc' dir='ltr'>ἐντεῦθεν,</span> <span class='ocrx_word' id='word_1_284' title='bbox 1821 2179 1895 2234; x_wconf 78' lang='grc' dir='ltr'>ὡς</span> <span class='ocrx_word' id='word_1_285' title='bbox 1947 2186 2010 2255; x_wconf 39' lang='grc' dir='ltr'>ἓν</span> <span class='ocrx_word' id='word_1_286' title='bbox 2072 2180 2136 2235; x_wconf 88' lang='grc' dir='ltr'>τὸ</span> <span class='ocrx_word' id='word_1_287' title='bbox 2174 2184 2389 2254; x_wconf 89' lang='grc' dir='ltr'>πνεῦμα</span> <span class='ocrx_word' id='word_1_288' title='bbox 2426 2181 2591 2260; x_wconf 70' lang='grc' dir='ltr'>φορὸν</span> <span class='ocrx_word' id='word_1_289' title='bbox 2629 2181 2719 2235; x_wconf 88' lang='grc' dir='ltr'>καὶ</span> <span class='ocrx_word' id='word_1_290' title='bbox 2760 2177 2966 2255; x_wconf 76' lang='grc' dir='ltr'>οὔριον·</span> <span class='ocrx_word' id='word_1_291' title='bbox 3007 2180 3075 2235; x_wconf 73' lang='grc' dir='ltr'>τὰ</span> <span class='ocrx_word' id='word_1_292' title='bbox 3113 2181 3427 2254; x_wconf 81' lang='grc' dir='ltr'>πρυμνήσια</span> <span class='ocrx_word' id='word_1_293' title='bbox 3489 2177 3658 2240; x_wconf 84' lang='grc' dir='ltr'>λύσας</span> 
     </span>
    </p>
   </div>
   <div class='ocr_carea' id='block_1_38' title="bbox 233 2265 3662 2346">
    <p class='ocr_par' dir='ltr' id='par_1_38' title="bbox 233 2265 3662 2346">
     <span class='ocr_line' id='line_1_38' title="bbox 233 2265 3662 2346; baseline -0.001 -21"><span class='ocrx_word' id='word_1_294' title='bbox 233 2271 331 2325; x_wconf 82' lang='grc' dir='ltr'>καί</span> <span class='ocrx_word' id='word_1_295' title='bbox 391 2270 463 2325; x_wconf 70' lang='grc' dir='ltr'>τὰ</span> <span class='ocrx_word' id='word_1_296' title='bbox 513 2270 661 2325; x_wconf 75' lang='grc' dir='ltr'>ἱστία</span> <span class='ocrx_word' id='word_1_297' title='bbox 700 2267 1023 2333; x_wconf 74' lang='grc' dir='ltr'>διαπετάσας</span> <span class='ocrx_word' id='word_1_298' title='bbox 1070 2272 1172 2338; x_wconf 78' lang='grc' dir='ltr'>τὴν</span> <span class='ocrx_word' id='word_1_299' title='bbox 1218 2269 1271 2333; x_wconf 83' lang='grc' dir='ltr'>ές</span> <span class='ocrx_word' id='word_1_300' title='bbox 1320 2269 1534 2345; x_wconf 75' lang='grc' dir='ltr'>Κύπρον</span> <span class='ocrx_word' id='word_1_301' title='bbox 1572 2267 1968 2346; x_wconf 83' lang='grc' dir='ltr'>παρανελέγετο</span> <span class='ocrx_word' id='word_1_302' title='bbox 2024 2269 2307 2335; x_wconf 85' lang='grc' dir='ltr'>κόλευθον.</span> <span class='ocrx_word' id='word_1_303' title='bbox 2370 2270 2522 2327; x_wconf 83' lang='grc' dir='ltr'>Κατά</span> <span class='ocrx_word' id='word_1_304' title='bbox 2581 2268 2639 2326; x_wconf 72' lang='grc' dir='ltr'>δὲ</span> <span class='ocrx_word' id='word_1_305' title='bbox 2672 2272 2767 2326; x_wconf 85' lang='grc' dir='ltr'>τὸν</span> <span class='ocrx_word' id='word_1_306' title='bbox 2826 2269 2998 2325; x_wconf 83' lang='grc' dir='ltr'>πλοῦν</span> <span class='ocrx_word' id='word_1_307' title='bbox 3072 2274 3266 2325; x_wconf 88' lang='grc' dir='ltr'>τοῦτον</span> <span class='ocrx_word' id='word_1_308' title='bbox 3349 2265 3406 2338; x_wconf 71' lang='grc' dir='ltr'>’ἐξ</span> <span class='ocrx_word' id='word_1_309' title='bbox 3464 2266 3662 2342; x_wconf 81' lang='grc' dir='ltr'>ἐγκύρ-</span> 
     </span>
    </p>
   </div>
   <div class='ocr_carea' id='block_1_39' title="bbox 235 2354 3659 2439">
    <p class='ocr_par' dir='ltr' id='par_1_39' title="bbox 235 2354 3659 2439">
     <span class='ocr_line' id='line_1_39' title="bbox 235 2354 3659 2439; baseline -0.001 -26"><span class='ocrx_word' id='word_1_310' title='bbox 235 2379 335 2419; x_wconf 86' lang='grc' dir='ltr'>σας</span> <span class='ocrx_word' id='word_1_311' title='bbox 368 2358 559 2414; x_wconf 81' lang='grc' dir='ltr'>ναυσὶν</span> <span class='ocrx_word' id='word_1_312' title='bbox 594 2354 655 2421; x_wconf 77' lang='grc' dir='ltr'>ἃς</span> <span class='ocrx_word' id='word_1_313' title='bbox 715 2361 746 2415; x_wconf 80' lang='grc' dir='ltr'>ὁ</span> <span class='ocrx_word' id='word_1_314' title='bbox 800 2366 901 2430; x_wconf 79' lang='grc' dir='ltr'>τῆς</span> <span class='ocrx_word' id='word_1_315' title='bbox 958 2359 1240 2437; x_wconf 68' lang='grc' dir='ltr'>Αἰγύπτου</span> <span class='ocrx_word' id='word_1_316' title='bbox 1290 2361 1506 2433; x_wconf 83' lang='grc' dir='ltr'>ἀμηρᾶς</span> <span class='ocrx_word' id='word_1_317' title='bbox 1564 2359 1872 2439; x_wconf 76' lang='grc' dir='ltr'>ἐπεπόμφει</span> <span class='ocrx_word' id='word_1_318' title='bbox 1916 2359 2052 2434; x_wconf 87' lang='grc' dir='ltr'>πρὸς</span> <span class='ocrx_word' id='word_1_319' title='bbox 2091 2358 2518 2431; x_wconf 86' lang='grc' dir='ltr'>κατασκόπησιν,</span> <span class='ocrx_word' id='word_1_320' title='bbox 2555 2360 2653 2422; x_wconf 80' lang='grc' dir='ltr'>τὰς</span> <span class='ocrx_word' id='word_1_321' title='bbox 2715 2360 2810 2433; x_wconf 74' lang='grc' dir='ltr'>μὲν</span> <span class='ocrx_word' id='word_1_322' title='bbox 2879 2356 2975 2415; x_wconf 85' lang='grc' dir='ltr'>δύο</span> <span class='ocrx_word' id='word_1_323' title='bbox 3026 2354 3319 2414; x_wconf 76' lang='grc' dir='ltr'>συλλαϐῶν</span> <span class='ocrx_word' id='word_1_324' title='bbox 3369 2358 3531 2431; x_wconf 74' lang='grc' dir='ltr'>εἶχεν·</span> <span class='ocrx_word' id='word_1_325' title='bbox 3602 2356 3659 2410; x_wconf 72' lang='grc' dir='ltr'>αἱ</span> 
     </span>
    </p>
   </div>
   <div class='ocr_carea' id='block_1_40' title="bbox 236 2443 2811 2527">
    <p class='ocr_par' dir='ltr' id='par_1_40' title="bbox 236 2443 2811 2527">
     <span class='ocr_line' id='line_1_40' title="bbox 236 2443 2811 2527; baseline 0.002 -25"><span class='ocrx_word' id='word_1_326' title='bbox 236 2443 288 2502; x_wconf 83' lang='grc' dir='ltr'>δ’</span> <span class='ocrx_word' id='word_1_327' title='bbox 320 2444 517 2515; x_wconf 76' lang='grc' dir='ltr'>ἄλλαι,</span> <span class='ocrx_word' id='word_1_328' title='bbox 547 2445 609 2502; x_wconf 69' lang='grc' dir='ltr'>αἳ</span> <span class='ocrx_word' id='word_1_329' title='bbox 639 2448 728 2502; x_wconf 81' lang='grc' dir='ltr'>καὶ</span> <span class='ocrx_word' id='word_1_330' title='bbox 764 2449 840 2519; x_wconf 81' lang='grc' dir='ltr'>μὴ</span> <span class='ocrx_word' id='word_1_331' title='bbox 873 2447 1188 2523; x_wconf 75' lang='grc' dir='ltr'>ἀγχώμαλα</span> <span class='ocrx_word' id='word_1_332' title='bbox 1217 2449 1307 2504; x_wconf 86' lang='grc' dir='ltr'>τὸν</span> <span class='ocrx_word' id='word_1_333' title='bbox 1336 2448 1510 2505; x_wconf 83' lang='grc' dir='ltr'>πλοῦν</span> <span class='ocrx_word' id='word_1_334' title='bbox 1543 2448 1802 2519; x_wconf 80' lang='grc' dir='ltr'>ἐτίθεντο,</span> <span class='ocrx_word' id='word_1_335' title='bbox 1834 2450 2281 2527; x_wconf 79' lang='grc' dir='ltr'>καταταχήσασαι</span> <span class='ocrx_word' id='word_1_336' title='bbox 2316 2446 2811 2521; x_wconf 75' lang='grc' dir='ltr'>διαδιδράσκουσιν.</span> 
     </span>
    </p>
   </div>
   <div class='ocr_carea' id='block_1_41' title="bbox 310 2532 1897 2617">
    <p class='ocr_par' dir='ltr' id='par_1_41' title="bbox 310 2532 1897 2617">
     <span class='ocr_line' id='line_1_41' title="bbox 310 2532 1897 2617; baseline 0.001 -26"><span class='ocrx_word' id='word_1_337' title='bbox 310 2537 363 2600; x_wconf 72' lang='grc' dir='ltr'>ς’</span> <span class='ocrx_word' id='word_1_338' title='bbox 418 2535 807 2610; x_wconf 83' lang='grc' dir='ltr'>Προσωκείλας</span> <span class='ocrx_word' id='word_1_339' title='bbox 856 2532 913 2592; x_wconf 71' lang='grc' dir='ltr'>δὲ</span> <span class='ocrx_word' id='word_1_340' title='bbox 969 2540 1039 2611; x_wconf 77' lang='grc' dir='ltr'>τῇ</span> <span class='ocrx_word' id='word_1_341' title='bbox 1100 2536 1300 2612; x_wconf 78' lang='grc' dir='ltr'>Κύπρῳ</span> <span class='ocrx_word' id='word_1_342' title='bbox 1350 2540 1451 2608; x_wconf 73' lang='grc' dir='ltr'>τὴν</span> <span class='ocrx_word' id='word_1_343' title='bbox 1508 2535 1683 2617; x_wconf 75' lang='grc' dir='ltr'>ἄφιξιν</span> <span class='ocrx_word' id='word_1_344' title='bbox 1738 2537 1897 2593; x_wconf 84' lang='grc' dir='ltr'>αὐτοῦ</span> 
     </span>
    </p>
   </div>
   <div class='ocr_carea' id='block_1_42' title="bbox 2010 2532 3655 2617">
    <p class='ocr_par' dir='ltr' id='par_1_42' title="bbox 2082 2539 3655 2612">
     <span class='ocr_line' id='line_1_42' title="bbox 2082 2539 3655 2612; baseline 0 -18"><span class='ocrx_word' id='word_1_345' title='bbox 2082 2541 2135 2594; x_wconf 90' lang='lat'>6.</span> <span class='ocrx_word' id='word_1_346' title='bbox 2166 2541 2252 2596; x_wconf 80' lang='lat' dir='ltr'>Ad</span> <span class='ocrx_word' id='word_1_347' title='bbox 2293 2539 2542 2612; x_wconf 81' lang='lat' dir='ltr'><strong>Cyprum</strong></span> <span class='ocrx_word' id='word_1_348' title='bbox 2592 2540 2878 2612; x_wconf 87' lang='lat' dir='ltr'><strong>appulsus</strong></span> <span class='ocrx_word' id='word_1_349' title='bbox 2937 2540 3056 2611; x_wconf 86' lang='lat' dir='ltr'><strong>regi</strong></span> <span class='ocrx_word' id='word_1_350' title='bbox 3109 2554 3284 2596; x_wconf 88' lang='lat' dir='ltr'><strong>suum</strong></span> <span class='ocrx_word' id='word_1_351' title='bbox 3342 2539 3655 2594; x_wconf 83' lang='lat' dir='ltr'><strong>adventum</strong></span> 
     </span>
    </p>
   </div>
   <div class='ocr_carea' id='block_1_43' title="bbox 231 2621 1896 2703">
    <p class='ocr_par' dir='ltr' id='par_1_43' title="bbox 231 2621 1896 2703">
     <span class='ocr_line' id='line_1_43' title="bbox 231 2621 1896 2703; baseline 0.001 -23"><span class='ocrx_word' id='word_1_352' title='bbox 231 2624 542 2698; x_wconf 73' lang='grc' dir='ltr'>παρίστησι</span> <span class='ocrx_word' id='word_1_353' title='bbox 570 2629 652 2698; x_wconf 78' lang='grc' dir='ltr'>τῷ</span> <span class='ocrx_word' id='word_1_354' title='bbox 695 2624 845 2701; x_wconf 68' lang='grc' dir='ltr'>ῥηγὶ,</span> <span class='ocrx_word' id='word_1_355' title='bbox 898 2625 989 2681; x_wconf 85' lang='grc' dir='ltr'>καὶ</span> <span class='ocrx_word' id='word_1_356' title='bbox 1047 2628 1361 2682; x_wconf 66' lang='grc' dir='ltr'>πυνθάνεται</span> <span class='ocrx_word' id='word_1_357' title='bbox 1422 2628 1557 2701; x_wconf 88' lang='grc' dir='ltr'>πρὸς</span> <span class='ocrx_word' id='word_1_358' title='bbox 1611 2629 1722 2699; x_wconf 78' lang='grc' dir='ltr'>ὅτῳ</span> <span class='ocrx_word' id='word_1_359' title='bbox 1778 2621 1896 2703; x_wconf 84' lang='grc' dir='ltr'>ἔχει</span> 
     </span>
    </p>
   </div>
   <div class='ocr_carea' id='block_1_44' title="bbox 228 2713 1892 2791">
    <p class='ocr_par' dir='ltr' id='par_1_44' title="bbox 228 2713 1892 2791">
     <span class='ocr_line' id='line_1_44' title="bbox 228 2713 1892 2791; baseline -0.001 -20"><span class='ocrx_word' id='word_1_360' title='bbox 228 2716 329 2771; x_wconf 82' lang='grc' dir='ltr'>τὸν</span> <span class='ocrx_word' id='word_1_361' title='bbox 357 2718 492 2770; x_wconf 88' lang='grc' dir='ltr'>νοῦν</span> <span class='ocrx_word' id='word_1_362' title='bbox 522 2713 748 2783; x_wconf 74' lang='grc' dir='ltr'>ἐκεῖνος,</span> <span class='ocrx_word' id='word_1_363' title='bbox 773 2715 863 2770; x_wconf 86' lang='grc' dir='ltr'><strong>καί</strong></span> <span class='ocrx_word' id='word_1_364' title='bbox 895 2714 943 2769; x_wconf 83' lang='grc' dir='ltr'>εί</span> <span class='ocrx_word' id='word_1_365' title='bbox 999 2721 1296 2791; x_wconf 74' lang='grc' dir='ltr'>προσμενεῖ</span> <span class='ocrx_word' id='word_1_366' title='bbox 1347 2715 1507 2771; x_wconf 78' lang='grc' dir='ltr'>αὐτὸν</span> <span class='ocrx_word' id='word_1_367' title='bbox 1551 2716 1626 2778; x_wconf 82' lang='grc' dir='ltr'>εἷς</span> <span class='ocrx_word' id='word_1_368' title='bbox 1679 2716 1892 2789; x_wconf 84' lang='grc' dir='ltr'>Κύπρον</span> 
     </span>
    </p>
   </div>
   <div class='ocr_carea' id='block_1_45' title="bbox 229 2804 1893 2884">
    <p class='ocr_par' dir='ltr' id='par_1_45' title="bbox 229 2804 1893 2884">
     <span class='ocr_line' id='line_1_45' title="bbox 229 2804 1893 2884; baseline 0.014 -33"><span class='ocrx_word' id='word_1_369' title='bbox 229 2804 271 2878; x_wconf 60' lang='grc' dir='ltr'><strong><em>ἦ</em></strong></span> <span class='ocrx_word' id='word_1_370' title='bbox 300 2807 410 2876; x_wconf 74' lang='grc' dir='ltr'>τήν</span> <span class='ocrx_word' id='word_1_371' title='bbox 441 2805 535 2863; x_wconf 67' lang='grc' dir='ltr'>ἐπὶ</span> <span class='ocrx_word' id='word_1_372' title='bbox 563 2806 970 2883; x_wconf 83' lang='grc' dir='ltr'>Ἰεροσολύμων</span> <span class='ocrx_word' id='word_1_373' title='bbox 1027 2805 1299 2884; x_wconf 85' lang='grc' dir='ltr'>βαδιεῖται</span> <span class='ocrx_word' id='word_1_374' title='bbox 1347 2809 1527 2871; x_wconf 78' lang='grc' dir='ltr'>οὗτος.</span> <span class='ocrx_word' id='word_1_375' title='bbox 1578 2809 1640 2867; x_wconf 89' lang='grc' dir='ltr'>Ὁ</span> <span class='ocrx_word' id='word_1_376' title='bbox 1684 2805 1742 2864; x_wconf 67' lang='grc' dir='ltr'>δὲ</span> 
     </span>
    </p>
   </div>
   <div class='ocr_carea' id='block_1_46' title="bbox 228 2898 1892 2977">
    <p class='ocr_par' dir='ltr' id='par_1_46' title="bbox 228 2898 1892 2977">
     <span class='ocr_line' id='line_1_46' title="bbox 228 2898 1892 2977; baseline -0.001 -22"><span class='ocrx_word' id='word_1_377' title='bbox 228 2898 377 2955; x_wconf 81' lang='grc' dir='ltr'>κατὰ</span> <span class='ocrx_word' id='word_1_378' title='bbox 404 2899 501 2954; x_wconf 82' lang='grc' dir='ltr'>τὸν</span> <span class='ocrx_word' id='word_1_379' title='bbox 532 2900 862 2973; x_wconf 75' lang='grc' dir='ltr'>Ἐπιμηθέα,</span> <span class='ocrx_word' id='word_1_380' title='bbox 893 2899 941 2972; x_wconf 82' lang='grc' dir='ltr'>ᾧ</span> <span class='ocrx_word' id='word_1_381' title='bbox 966 2899 1030 2955; x_wconf 87' lang='grc' dir='ltr'>τὸ</span> <span class='ocrx_word' id='word_1_382' title='bbox 1059 2899 1154 2972; x_wconf 73' lang='grc' dir='ltr'>μὲν</span> <span class='ocrx_word' id='word_1_383' title='bbox 1206 2898 1391 2974; x_wconf 82' lang='grc' dir='ltr'>μέλειν</span> <span class='ocrx_word' id='word_1_384' title='bbox 1438 2898 1537 2955; x_wconf 80' lang='grc' dir='ltr'>οὐκ</span> <span class='ocrx_word' id='word_1_385' title='bbox 1588 2898 1723 2954; x_wconf 78' lang='grc' dir='ltr'>εἷναί</span> <span class='ocrx_word' id='word_1_386' title='bbox 1767 2919 1892 2977; x_wconf 80' lang='grc' dir='ltr'>φασι</span> 
     </span>
    </p>
   </div>
   <div class='ocr_carea' id='block_1_47' title="bbox 224 2984 1890 3064">
    <p class='ocr_par' dir='ltr' id='par_1_47' title="bbox 224 2984 1890 3064">
     <span class='ocr_line' id='line_1_47' title="bbox 224 2984 1890 3064; baseline -0.001 -20"><span class='ocrx_word' id='word_1_387' title='bbox 224 2989 295 3044; x_wconf 84' lang='grc' dir='ltr'>τὸ</span> <span class='ocrx_word' id='word_1_388' title='bbox 329 2984 392 3043; x_wconf 80' lang='grc' dir='ltr'>δὶ</span> <span class='ocrx_word' id='word_1_389' title='bbox 420 2986 779 3062; x_wconf 68' lang='grc' dir='ltr'>μεταμέλειν,</span> <span class='ocrx_word' id='word_1_390' title='bbox 853 2988 941 3045; x_wconf 91' lang='grc' dir='ltr'>καί</span> <span class='ocrx_word' id='word_1_391' title='bbox 1021 2987 1173 3063; x_wconf 83' lang='grc' dir='ltr'>μάλα</span> <span class='ocrx_word' id='word_1_392' title='bbox 1243 2991 1344 3060; x_wconf 73' lang='grc' dir='ltr'>τὴν</span> <span class='ocrx_word' id='word_1_393' title='bbox 1418 2986 1644 3064; x_wconf 84' lang='grc' dir='ltr'>καρδίαν</span> <span class='ocrx_word' id='word_1_394' title='bbox 1724 2988 1890 3062; x_wconf 83' lang='grc' dir='ltr'>μέσην</span> 
     </span>
    </p>
   </div>
   <div class='ocr_carea' id='block_1_48' title="bbox 226 3078 1891 3157">
    <p class='ocr_par' dir='ltr' id='par_1_48' title="bbox 226 3078 1891 3157">
     <span class='ocr_line' id='line_1_48' title="bbox 226 3078 1891 3157; baseline -0.001 -22"><span class='ocrx_word' id='word_1_395' title='bbox 226 3078 565 3151; x_wconf 79' lang='grc' dir='ltr'>έπλήττετο,</span> <span class='ocrx_word' id='word_1_396' title='bbox 615 3078 702 3136; x_wconf 85' lang='grc' dir='ltr'>ὅτι</span> <span class='ocrx_word' id='word_1_397' title='bbox 751 3080 1062 3157; x_wconf 74' lang='grc' dir='ltr'>συναρηξειν</span> <span class='ocrx_word' id='word_1_398' title='bbox 1114 3078 1261 3142; x_wconf 87' lang='grc' dir='ltr'>ὅλως</span> <span class='ocrx_word' id='word_1_399' title='bbox 1322 3079 1540 3156; x_wconf 86' lang='grc' dir='ltr'>βασιλεῖ</span> <span class='ocrx_word' id='word_1_400' title='bbox 1582 3080 1891 3135; x_wconf 82' lang='grc' dir='ltr'>κατένευσεν</span> 
     </span>
    </p>
   </div>
   <div class='ocr_carea' id='block_1_49' title="bbox 226 3167 1893 3247">
    <p class='ocr_par' dir='ltr' id='par_1_49' title="bbox 226 3167 1893 3247">
     <span class='ocr_line' id='line_1_49' title="bbox 226 3167 1893 3247; baseline 0 -24"><span class='ocrx_word' id='word_1_401' title='bbox 226 3171 266 3240; x_wconf 72' lang='grc' dir='ltr'>ἦ</span> <span class='ocrx_word' id='word_1_402' title='bbox 304 3173 444 3247; x_wconf 88' lang='grc' dir='ltr'>γοῦν</span> <span class='ocrx_word' id='word_1_403' title='bbox 480 3167 757 3246; x_wconf 79' lang='grc' dir='ltr'>ἐπώτρυνε</span> <span class='ocrx_word' id='word_1_404' title='bbox 783 3170 882 3239; x_wconf 80' lang='grc' dir='ltr'>τήν</span> <span class='ocrx_word' id='word_1_405' title='bbox 920 3171 1038 3225; x_wconf 88' lang='grc' dir='ltr'>κατ’</span> <span class='ocrx_word' id='word_1_406' title='bbox 1086 3169 1402 3245; x_wconf 81' lang='grc' dir='ltr'>Αἰγυπτίων</span> <span class='ocrx_word' id='word_1_407' title='bbox 1457 3167 1769 3244; x_wconf 86' lang='grc' dir='ltr'>μελετῶντα</span> <span class='ocrx_word' id='word_1_408' title='bbox 1808 3168 1893 3224; x_wconf 86' lang='grc' dir='ltr'>κί-</span> 
     </span>
    </p>
   </div>
   <div class='ocr_carea' id='block_1_50' title="bbox 226 3252 1893 3332">
    <p class='ocr_par' dir='ltr' id='par_1_50' title="bbox 226 3252 1893 3332">
     <span class='ocr_line' id='line_1_50' title="bbox 226 3252 1893 3332; baseline -0.001 -19"><span class='ocrx_word' id='word_1_409' title='bbox 226 3279 415 3329; x_wconf 87' lang='grc' dir='ltr'>νησιν.</span> <span class='ocrx_word' id='word_1_410' title='bbox 451 3259 546 3331; x_wconf 82' lang='grc' dir='ltr'>Τῷ</span> <span class='ocrx_word' id='word_1_411' title='bbox 575 3278 664 3313; x_wconf 90' lang='grc' dir='ltr'>τοι</span> <span class='ocrx_word' id='word_1_412' title='bbox 698 3258 790 3313; x_wconf 82' lang='grc' dir='ltr'>καὶ</span> <span class='ocrx_word' id='word_1_413' title='bbox 836 3252 1269 3332; x_wconf 76' lang='grc' dir='ltr'>ἀναϐαλλομὲνῳ</span> <span class='ocrx_word' id='word_1_414' title='bbox 1318 3258 1476 3332; x_wconf 80' lang='grc' dir='ltr'>ἐῴκει</span> <span class='ocrx_word' id='word_1_415' title='bbox 1523 3258 1612 3314; x_wconf 83' lang='grc' dir='ltr'>καὶ</span> <span class='ocrx_word' id='word_1_416' title='bbox 1661 3278 1893 3314; x_wconf 88' lang='grc' dir='ltr'>σκεπτο-</span> 
     </span>
    </p>
   </div>
   <div class='ocr_carea' id='block_1_51' title="bbox 232 3344 1893 3423">
    <p class='ocr_par' dir='ltr' id='par_1_51' title="bbox 232 3344 1893 3423">
     <span class='ocr_line' id='line_1_51' title="bbox 232 3344 1893 3423; baseline -0.001 -19"><span class='ocrx_word' id='word_1_417' title='bbox 232 3346 394 3423; x_wconf 69' lang='grc' dir='ltr'>μένῳ</span> <span class='ocrx_word' id='word_1_418' title='bbox 425 3344 701 3410; x_wconf 85' lang='grc' dir='ltr'>πολλάκις</span> <span class='ocrx_word' id='word_1_419' title='bbox 730 3347 792 3403; x_wconf 86' lang='grc' dir='ltr'>τὸ</span> <span class='ocrx_word' id='word_1_420' title='bbox 826 3346 1107 3419; x_wconf 83' lang='grc' dir='ltr'>ποιητέον.</span> <span class='ocrx_word' id='word_1_421' title='bbox 1145 3348 1271 3423; x_wconf 75' lang='grc' dir='ltr'>Ὀψὲ</span> <span class='ocrx_word' id='word_1_422' title='bbox 1302 3344 1349 3403; x_wconf 87' lang='grc' dir='ltr'>δ’</span> <span class='ocrx_word' id='word_1_423' title='bbox 1379 3345 1471 3403; x_wconf 76' lang='grc' dir='ltr'>οῦν</span> <span class='ocrx_word' id='word_1_424' title='bbox 1515 3346 1767 3422; x_wconf 84' lang='grc' dir='ltr'>σημαίνει</span> <span class='ocrx_word' id='word_1_425' title='bbox 1814 3351 1893 3420; x_wconf 83' lang='grc' dir='ltr'>τῷ</span> 
     </span>
    </p>
   </div>
   <div class='ocr_carea' id='block_1_52' title="bbox 225 3434 1896 3512">
    <p class='ocr_par' dir='ltr' id='par_1_52' title="bbox 225 3434 1896 3512">
     <span class='ocr_line' id='line_1_52' title="bbox 225 3434 1896 3512; baseline 0.002 -22"><span class='ocrx_word' id='word_1_426' title='bbox 225 3434 580 3511; x_wconf 78' lang='grc' dir='ltr'>Ἀνδρονίκῳ</span> <span class='ocrx_word' id='word_1_427' title='bbox 606 3438 707 3508; x_wconf 78' lang='grc' dir='ltr'>τὴν</span> <span class='ocrx_word' id='word_1_428' title='bbox 761 3436 850 3493; x_wconf 73' lang='grc' dir='ltr'>ἐπί</span> <span class='ocrx_word' id='word_1_429' title='bbox 895 3437 1297 3512; x_wconf 86' lang='grc' dir='ltr'>Ἱεροσολύμων</span> <span class='ocrx_word' id='word_1_430' title='bbox 1346 3435 1546 3510; x_wconf 69' lang='grc' dir='ltr'>ἵεσθαι,</span> <span class='ocrx_word' id='word_1_431' title='bbox 1600 3437 1675 3501; x_wconf 82' lang='grc' dir='ltr'>ὡς</span> <span class='ocrx_word' id='word_1_432' title='bbox 1724 3436 1896 3493; x_wconf 77' lang='grc' dir='ltr'>ἐκεῖσε</span> 
     </span>
    </p>
   </div>
   <div class='ocr_carea' id='block_1_53' title="bbox 234 3522 1897 3605">
    <p class='ocr_par' dir='ltr' id='par_1_53' title="bbox 234 3522 1897 3605">
     <span class='ocr_line' id='line_1_53' title="bbox 234 3522 1897 3605; baseline 0.001 -24"><span class='ocrx_word' id='word_1_433' title='bbox 234 3524 592 3590; x_wconf 80' lang='grc' dir='ltr'>συνελθόντες</span> <span class='ocrx_word' id='word_1_434' title='bbox 667 3522 1152 3602; x_wconf 72' lang='grc' dir='ltr'>ωνδιασκέψωνται</span> <span class='ocrx_word' id='word_1_435' title='bbox 1227 3526 1528 3605; x_wconf 77' lang='grc' dir='ltr'>ἀμφότεροι</span> <span class='ocrx_word' id='word_1_436' title='bbox 1603 3526 1635 3582; x_wconf 80' lang='grc' dir='ltr'>ὅ</span> <span class='ocrx_word' id='word_1_437' title='bbox 1699 3531 1897 3591; x_wconf 86' lang='grc' dir='ltr'>κοινῶς</span> 
     </span>
    </p>
   </div>
   <div class='ocr_carea' id='block_1_54' title="bbox 233 3613 1891 3691">
    <p class='ocr_par' dir='ltr' id='par_1_54' title="bbox 233 3613 1891 3691">
     <span class='ocr_line' id='line_1_54' title="bbox 233 3613 1891 3691; baseline 0.001 -21"><span class='ocrx_word' id='word_1_438' title='bbox 233 3613 655 3689; x_wconf 74' lang='grc' dir='ltr'>διαπράεονται.</span> <span class='ocrx_word' id='word_1_439' title='bbox 708 3617 847 3691; x_wconf 81' lang='grc' dir='ltr'>Εἶχε</span> <span class='ocrx_word' id='word_1_440' title='bbox 900 3614 1079 3672; x_wconf 89' lang='grc' dir='ltr'>τοίνυν</span> <span class='ocrx_word' id='word_1_441' title='bbox 1142 3618 1178 3687; x_wconf 76' lang='grc' dir='ltr'>ἠ</span> <span class='ocrx_word' id='word_1_442' title='bbox 1241 3617 1335 3689; x_wconf 73' lang='grc' dir='ltr'>μὲν</span> <span class='ocrx_word' id='word_1_443' title='bbox 1395 3614 1724 3688; x_wconf 82' lang='grc' dir='ltr'>Παλαιστίνη</span> <span class='ocrx_word' id='word_1_444' title='bbox 1798 3617 1891 3671; x_wconf 83' lang='grc' dir='ltr'>τὸν</span> 
     </span>
    </p>
   </div>
   <div class='ocr_carea' id='block_1_55' title="bbox 236 3702 1896 3783">
    <p class='ocr_par' dir='ltr' id='par_1_55' title="bbox 236 3702 1896 3783">
     <span class='ocr_line' id='line_1_55' title="bbox 236 3702 1896 3783; baseline -0.001 -21"><span class='ocrx_word' id='word_1_445' title='bbox 236 3703 708 3780; x_wconf 73' lang='grc' dir='ltr'>Κοντοστὲφανον,</span> <span class='ocrx_word' id='word_1_446' title='bbox 737 3705 829 3760; x_wconf 84' lang='grc' dir='ltr'>τὸν</span> <span class='ocrx_word' id='word_1_447' title='bbox 879 3702 926 3759; x_wconf 87' lang='grc' dir='ltr'>δ’</span> <span class='ocrx_word' id='word_1_448' title='bbox 982 3706 1273 3783; x_wconf 82' lang='grc' dir='ltr'>Ἀμέριγον</span> <span class='ocrx_word' id='word_1_449' title='bbox 1330 3706 1483 3770; x_wconf 79' lang='grc' dir='ltr'>αὖθις</span> <span class='ocrx_word' id='word_1_450' title='bbox 1530 3707 1565 3775; x_wconf 81' lang='grc' dir='ltr'>ὴ</span> <span class='ocrx_word' id='word_1_451' title='bbox 1623 3702 1896 3779; x_wconf 79' lang='grc' dir='ltr'>μέλλησις</span> 
     </span>
    </p>
   </div>
   <div class='ocr_carea' id='block_1_56' title="bbox 232 3791 1892 3873">
    <p class='ocr_par' dir='ltr' id='par_1_56' title="bbox 232 3791 1892 3873">
     <span class='ocr_line' id='line_1_56' title="bbox 232 3791 1892 3873; baseline -0.001 -23"><span class='ocrx_word' id='word_1_452' title='bbox 232 3792 335 3850; x_wconf 69' lang='grc' dir='ltr'>καὶ</span> <span class='ocrx_word' id='word_1_453' title='bbox 403 3793 435 3849; x_wconf 77' lang='grc' dir='ltr'><strong>ὃ</strong></span> <span class='ocrx_word' id='word_1_454' title='bbox 505 3791 817 3866; x_wconf 80' lang='grc' dir='ltr'>μετάμελος</span> <span class='ocrx_word' id='word_1_455' title='bbox 881 3792 1057 3856; x_wconf 79' lang='grc' dir='ltr'>πολὺς</span> <span class='ocrx_word' id='word_1_456' title='bbox 1121 3791 1436 3871; x_wconf 75' lang='grc' dir='ltr'>ἐγκείμενος</span> <span class='ocrx_word' id='word_1_457' title='bbox 1501 3793 1733 3873; x_wconf 80' lang='grc' dir='ltr'>ὑπέτυφε</span> <span class='ocrx_word' id='word_1_458' title='bbox 1791 3795 1892 3863; x_wconf 77' lang='grc' dir='ltr'>τὴν</span> 
     </span>
    </p>
   </div>
   <div class='ocr_carea' id='block_1_57' title="bbox 2012 2627 3658 2700">
    <p class='ocr_par' dir='ltr' id='par_1_57' title="bbox 2012 2627 3658 2700">
     <span class='ocr_line' id='line_1_57' title="bbox 2012 2627 3658 2700; baseline 0 -18"><span class='ocrx_word' id='word_1_459' title='bbox 2012 2628 2262 2695; x_wconf 86' lang='lat' dir='ltr'><strong>nuntiat,</strong></span> <span class='ocrx_word' id='word_1_460' title='bbox 2294 2628 2567 2700; x_wconf 84' lang='lat' dir='ltr'><strong>illiusque</strong></span> <span class='ocrx_word' id='word_1_461' title='bbox 2596 2629 2943 2685; x_wconf 85' lang='lat' dir='ltr'><strong>sententiam</strong></span> <span class='ocrx_word' id='word_1_462' title='bbox 2991 2628 3260 2700; x_wconf 81' lang='lat' dir='ltr'><strong>exquirit,</strong></span> <span class='ocrx_word' id='word_1_463' title='bbox 3303 2637 3499 2683; x_wconf 87' lang='lat' dir='ltr'><strong>utrum</strong></span> <span class='ocrx_word' id='word_1_464' title='bbox 3533 2627 3658 2696; x_wconf 90' lang='lat' dir='ltr'><strong>ipse</strong></span> 
     </span>
    </p>
   </div>
   <div class='ocr_carea' id='block_1_58' title="bbox 2011 2715 3657 2790">
    <p class='ocr_par' dir='ltr' id='par_1_58' title="bbox 2011 2715 3657 2790">
     <span class='ocr_line' id='line_1_58' title="bbox 2011 2715 3657 2790; baseline -0.001 -19"><span class='ocrx_word' id='word_1_465' title='bbox 2011 2717 2067 2772; x_wconf 92' lang='lat' dir='ltr'>in</span> <span class='ocrx_word' id='word_1_466' title='bbox 2100 2717 2354 2790; x_wconf 80' lang='lat' dir='ltr'><strong>Cyprum</strong></span> <span class='ocrx_word' id='word_1_467' title='bbox 2389 2719 2580 2774; x_wconf 83' lang='lat' dir='ltr'><strong>venire</strong></span> <span class='ocrx_word' id='word_1_468' title='bbox 2611 2734 2684 2772; x_wconf 84' lang='lat' dir='ltr'>an</span> <span class='ocrx_word' id='word_1_469' title='bbox 2743 2735 2806 2774; x_wconf 89' lang='lat' dir='ltr'>se</span> <span class='ocrx_word' id='word_1_470' title='bbox 2857 2719 3257 2788; x_wconf 79' lang='lat' dir='ltr'><strong>Hierosolyma</strong></span> <span class='ocrx_word' id='word_1_471' title='bbox 3308 2717 3391 2773; x_wconf 91' lang='lat' dir='ltr'>ire</span> <span class='ocrx_word' id='word_1_472' title='bbox 3434 2715 3657 2772; x_wconf 78' lang='lat' dir='ltr'><strong>malit?</strong></span> 
     </span>
    </p>
   </div>
   <div class='ocr_carea' id='block_1_59' title="bbox 2010 2804 3657 2878">
    <p class='ocr_par' dir='ltr' id='par_1_59' title="bbox 2010 2804 3657 2878">
     <span class='ocr_line' id='line_1_59' title="bbox 2010 2804 3657 2878; baseline -0.001 -16"><span class='ocrx_word' id='word_1_473' title='bbox 2010 2808 2081 2862; x_wconf 87' lang='lat' dir='ltr'>At</span> <span class='ocrx_word' id='word_1_474' title='bbox 2101 2823 2200 2861; x_wconf 81' lang='lat' dir='ltr'><strong>rex</strong></span> <span class='ocrx_word' id='word_1_475' title='bbox 2222 2806 2539 2876; x_wconf 84' lang='lat' dir='ltr'><strong>Epimethei</strong></span> <span class='ocrx_word' id='word_1_476' title='bbox 2565 2823 2916 2878; x_wconf 90' lang='lat' dir='ltr'><strong>more,quem</strong></span> <span class='ocrx_word' id='word_1_477' title='bbox 2943 2815 3067 2877; x_wconf 89' lang='lat' dir='ltr'><strong>post</strong></span> <span class='ocrx_word' id='word_1_478' title='bbox 3091 2807 3309 2863; x_wconf 83' lang='lat' dir='ltr'><strong>laetum</strong></span> <span class='ocrx_word' id='word_1_479' title='bbox 3334 2804 3657 2862; x_wconf 73' lang='lat' dir='ltr'><strong>deliberare</strong></span> 
     </span>
    </p>
   </div>
   <div class='ocr_carea' id='block_1_60' title="bbox 2008 2893 3655 2968">
    <p class='ocr_par' dir='ltr' id='par_1_60' title="bbox 2008 2893 3655 2968">
     <span class='ocr_line' id='line_1_60' title="bbox 2008 2893 3655 2968; baseline -0.002 -18"><span class='ocrx_word' id='word_1_480' title='bbox 2008 2896 2195 2961; x_wconf 89' lang='lat' dir='ltr'><strong>aiunt,</strong></span> <span class='ocrx_word' id='word_1_481' title='bbox 2221 2911 2353 2952; x_wconf 90' lang='lat' dir='ltr'>cum</span> <span class='ocrx_word' id='word_1_482' title='bbox 2392 2895 2561 2967; x_wconf 82' lang='lat' dir='ltr'><strong>plane</strong></span> <span class='ocrx_word' id='word_1_483' title='bbox 2610 2897 2976 2968; x_wconf 66' lang='lat' dir='ltr'><strong>paenituisset</strong></span> <span class='ocrx_word' id='word_1_484' title='bbox 3019 2896 3174 2967; x_wconf 91' lang='lat' dir='ltr'><strong>quod</strong></span> <span class='ocrx_word' id='word_1_485' title='bbox 3219 2911 3279 2951; x_wconf 81' lang='lat' dir='ltr'>se</span> <span class='ocrx_word' id='word_1_486' title='bbox 3319 2893 3655 2965; x_wconf 89' lang='lat' dir='ltr'><strong>imperatori</strong></span> 
     </span>
    </p>
   </div>
   <div class='ocr_carea' id='block_1_61' title="bbox 2009 2983 3655 3056">
    <p class='ocr_par' dir='ltr' id='par_1_61' title="bbox 2009 2983 3655 3056">
     <span class='ocr_line' id='line_1_61' title="bbox 2009 2983 3655 3056; baseline -0.001 -15"><span class='ocrx_word' id='word_1_487' title='bbox 2009 3001 2178 3056; x_wconf 87' lang='lat' dir='ltr'><strong>opem</strong></span> <span class='ocrx_word' id='word_1_488' title='bbox 2214 2985 2462 3040; x_wconf 84' lang='lat' dir='ltr'><strong>laturum</strong></span> <span class='ocrx_word' id='word_1_489' title='bbox 2498 2984 2859 3056; x_wconf 88' lang='lat' dir='ltr'><strong>promisisset</strong></span> <span class='ocrx_word' id='word_1_490' title='bbox 2890 2991 3066 3056; x_wconf 90' lang='lat' dir='ltr'><strong>atque</strong></span> <span class='ocrx_word' id='word_1_491' title='bbox 3089 2986 3218 3056; x_wconf 77' lang='lat' dir='ltr'><strong>ejus</strong></span> <span class='ocrx_word' id='word_1_492' title='bbox 3260 2983 3655 3055; x_wconf 66' lang='lat' dir='ltr'><strong>Egyptiacam</strong></span> 
     </span>
    </p>
   </div>
   <div class='ocr_carea' id='block_1_62' title="bbox 2008 3073 3657 3147">
    <p class='ocr_par' dir='ltr' id='par_1_62' title="bbox 2008 3073 3657 3147">
     <span class='ocr_line' id='line_1_62' title="bbox 2008 3073 3657 3147; baseline -0.002 -16"><span class='ocrx_word' id='word_1_493' title='bbox 2008 3073 2431 3145; x_wconf 85' lang='lat' dir='ltr'><strong>expeditionem</strong></span> <span class='ocrx_word' id='word_1_494' title='bbox 2465 3075 2872 3147; x_wconf 84' lang='lat' dir='ltr'><strong>approbasset,</strong></span> <span class='ocrx_word' id='word_1_495' title='bbox 2906 3089 3255 3145; x_wconf 82' lang='lat' dir='ltr'><strong>magnopere</strong></span> <span class='ocrx_word' id='word_1_496' title='bbox 3291 3073 3446 3129; x_wconf 72' lang='grc' dir='ltr'>αιο</span> <span class='ocrx_word' id='word_1_497' title='bbox 3476 3088 3657 3144; x_wconf 85' lang='lat' dir='ltr'><strong>ange—</strong></span> 
     </span>
    </p>
   </div>
   <div class='ocr_carea' id='block_1_63' title="bbox 2009 3162 3657 3236">
    <p class='ocr_par' dir='ltr' id='par_1_63' title="bbox 2009 3162 3657 3236">
     <span class='ocr_line' id='line_1_63' title="bbox 2009 3162 3657 3236; baseline -0.002 -17"><span class='ocrx_word' id='word_1_498' title='bbox 2009 3163 2201 3220; x_wconf 87' lang='lat' dir='ltr'><strong>batur.</strong></span> <span class='ocrx_word' id='word_1_499' title='bbox 2232 3164 2480 3221; x_wconf 90' lang='lat' dir='ltr'><strong>Proinde</strong></span> <span class='ocrx_word' id='word_1_500' title='bbox 2511 3182 2632 3220; x_wconf 89' lang='lat' dir='ltr'>rem</span> <span class='ocrx_word' id='word_1_501' title='bbox 2669 3163 3068 3236; x_wconf 85' lang='lat' dir='ltr'><strong>procrastinat,</strong></span> <span class='ocrx_word' id='word_1_502' title='bbox 3100 3180 3165 3218; x_wconf 85' lang='lat' dir='ltr'>ac</span> <span class='ocrx_word' id='word_1_503' title='bbox 3221 3162 3467 3219; x_wconf 86' lang='lat' dir='ltr'><strong>subinde</strong></span> <span class='ocrx_word' id='word_1_504' title='bbox 3515 3162 3657 3234; x_wconf 86' lang='lat' dir='ltr'><strong>quid</strong></span> 
     </span>
    </p>
   </div>
   <div class='ocr_carea' id='block_1_64' title="bbox 2008 3251 3658 3325">
    <p class='ocr_par' dir='ltr' id='par_1_64' title="bbox 2008 3251 3658 3325">
     <span class='ocr_line' id='line_1_64' title="bbox 2008 3251 3658 3325; baseline -0.001 -17"><span class='ocrx_word' id='word_1_505' title='bbox 2008 3254 2301 3325; x_wconf 85' lang='lat' dir='ltr'><strong>agendum</strong></span> <span class='ocrx_word' id='word_1_506' title='bbox 2335 3253 2407 3310; x_wconf 89' lang='lat' dir='ltr'>sit</span> <span class='ocrx_word' id='word_1_507' title='bbox 2438 3252 2733 3310; x_wconf 76' lang='lat' dir='ltr'><strong>deliberat.</strong></span> <span class='ocrx_word' id='word_1_508' title='bbox 2789 3254 3047 3310; x_wconf 87' lang='lat' dir='ltr'><strong>Tandem</strong></span> <span class='ocrx_word' id='word_1_509' title='bbox 3096 3253 3498 3309; x_wconf 83' lang='lat' dir='ltr'><strong>Andronicum</strong></span> <span class='ocrx_word' id='word_1_510' title='bbox 3525 3251 3658 3307; x_wconf 83' lang='lat' dir='ltr'><strong>Hie-</strong></span> 
     </span>
    </p>
   </div>
   <div class='ocr_carea' id='block_1_65' title="bbox 2008 3342 3659 3418">
    <p class='ocr_par' dir='ltr' id='par_1_65' title="bbox 2008 3342 3659 3418">
     <span class='ocr_line' id='line_1_65' title="bbox 2008 3342 3659 3418; baseline -0.001 -18"><span class='ocrx_word' id='word_1_511' title='bbox 2008 3345 2303 3418; x_wconf 80' lang='lat' dir='ltr'><strong>rosolyma</strong></span> <span class='ocrx_word' id='word_1_512' title='bbox 2333 3347 2599 3409; x_wconf 76' lang='lat' dir='ltr'><strong>accersit.</strong></span> <span class='ocrx_word' id='word_1_513' title='bbox 2632 3355 2694 3401; x_wconf 83' lang='lat' dir='ltr'>ut</span> <span class='ocrx_word' id='word_1_514' title='bbox 2727 3347 2805 3403; x_wconf 86' lang='lat' dir='ltr'>ibi</span> <span class='ocrx_word' id='word_1_515' title='bbox 2857 3348 2919 3402; x_wconf 89' lang='lat' dir='ltr'><strong>in</strong></span> <span class='ocrx_word' id='word_1_516' title='bbox 2977 3362 3291 3404; x_wconf 90' lang='lat' dir='ltr'><strong>commune</strong></span> <span class='ocrx_word' id='word_1_517' title='bbox 3327 3342 3659 3403; x_wconf 79' lang='lat' dir='ltr'><strong>consulant.</strong></span> 
     </span>
    </p>
   </div>
   <div class='ocr_carea' id='block_1_66' title="bbox 2008 3434 3657 3504">
    <p class='ocr_par' dir='ltr' id='par_1_66' title="bbox 2008 3434 3657 3504">
     <span class='ocr_line' id='line_1_66' title="bbox 2008 3434 3657 3504; baseline 0.001 -15"><span class='ocrx_word' id='word_1_518' title='bbox 2008 3434 2131 3501; x_wconf 85' lang='lat' dir='ltr'><strong>Quo</strong></span> <span class='ocrx_word' id='word_1_519' title='bbox 2161 3451 2297 3490; x_wconf 89' lang='lat' dir='ltr'>cum</span> <span class='ocrx_word' id='word_1_520' title='bbox 2349 3435 2715 3492; x_wconf 82' lang='lat' dir='ltr'><strong>Andronicus</strong></span> <span class='ocrx_word' id='word_1_521' title='bbox 2762 3435 3041 3504; x_wconf 82' lang='lat' dir='ltr'><strong>venisset,</strong></span> <span class='ocrx_word' id='word_1_522' title='bbox 3098 3437 3404 3504; x_wconf 67' lang='lat' dir='ltr'><strong>Ameriyus</strong></span> <span class='ocrx_word' id='word_1_523' title='bbox 3463 3435 3657 3490; x_wconf 86' lang='lat' dir='ltr'><strong>denuo</strong></span> 
     </span>
    </p>
   </div>
   <div class='ocr_carea' id='block_1_67' title="bbox 2008 3522 3653 3597">
    <p class='ocr_par' dir='ltr' id='par_1_67' title="bbox 2008 3522 3653 3597">
     <span class='ocr_line' id='line_1_67' title="bbox 2008 3522 3653 3597; baseline 0 -18"><span class='ocrx_word' id='word_1_524' title='bbox 2008 3527 2337 3593; x_wconf 89' lang='lat' dir='ltr'><strong>cunctatur,</strong></span> <span class='ocrx_word' id='word_1_525' title='bbox 2369 3530 2427 3580; x_wconf 91' lang='lat' dir='ltr'>et</span> <span class='ocrx_word' id='word_1_526' title='bbox 2457 3525 2791 3597; x_wconf 64' lang='lat' dir='ltr'><strong>poenitentia</strong></span> <span class='ocrx_word' id='word_1_527' title='bbox 2818 3525 3195 3582; x_wconf 83' lang='lat' dir='ltr'><strong>vehementer</strong></span> <span class='ocrx_word' id='word_1_528' title='bbox 3212 3530 3462 3581; x_wconf 80' lang='lat' dir='ltr'><strong>aestuans</strong></span> <span class='ocrx_word' id='word_1_529' title='bbox 3496 3522 3653 3580; x_wconf 87' lang='lat' dir='ltr'><strong>aliud</strong></span> 
     </span>
    </p>
   </div>
   <div class='ocr_carea' id='block_1_68' title="bbox 2008 3614 3658 3686">
    <p class='ocr_par' dir='ltr' id='par_1_68' title="bbox 2008 3614 3658 3686">
     <span class='ocr_line' id='line_1_68' title="bbox 2008 3614 3658 3686; baseline -0.002 -17"><span class='ocrx_word' id='word_1_530' title='bbox 2008 3617 2183 3684; x_wconf 88' lang='lat' dir='ltr'><strong>atque</strong></span> <span class='ocrx_word' id='word_1_531' title='bbox 2217 3614 2375 3670; x_wconf 87' lang='lat' dir='ltr'><strong>aliud</strong></span> <span class='ocrx_word' id='word_1_532' title='bbox 2434 3620 2692 3686; x_wconf 86' lang='lat' dir='ltr'><strong>excusat,</strong></span> <span class='ocrx_word' id='word_1_533' title='bbox 2750 3630 3106 3685; x_wconf 86' lang='lat' dir='ltr'><strong>suarumque</strong></span> <span class='ocrx_word' id='word_1_534' title='bbox 3158 3614 3456 3685; x_wconf 85' lang='lat' dir='ltr'><strong>legionum</strong></span> <span class='ocrx_word' id='word_1_535' title='bbox 3512 3628 3658 3667; x_wconf 86' lang='lat' dir='ltr'><strong>eon-</strong></span> 
     </span>
    </p>
   </div>
   <div class='ocr_carea' id='block_1_69' title="bbox 2007 3703 3646 3761">
    <p class='ocr_par' dir='ltr' id='par_1_69' title="bbox 2007 3703 3646 3761">
     <span class='ocr_line' id='line_1_69' title="bbox 2007 3703 3646 3761; baseline -0.002 -3"><span class='ocrx_word' id='word_1_536' title='bbox 2007 3703 2369 3760; x_wconf 79' lang='lat' dir='ltr'><strong>vecationem</strong></span> <span class='ocrx_word' id='word_1_537' title='bbox 2391 3709 2685 3760; x_wconf 82' lang='lat' dir='ltr'><strong>causatur.</strong></span> <span class='ocrx_word' id='word_1_538' title='bbox 2709 3704 3081 3761; x_wconf 81' lang='lat' dir='ltr'><strong>Andronicus</strong></span> <span class='ocrx_word' id='word_1_539' title='bbox 3109 3718 3236 3760; x_wconf 89' lang='lat' dir='ltr'>eam</span> <span class='ocrx_word' id='word_1_540' title='bbox 3262 3717 3486 3757; x_wconf 86' lang='lat' dir='ltr'><strong>meram</strong></span> <span class='ocrx_word' id='word_1_541' title='bbox 3524 3708 3646 3755; x_wconf 89' lang='lat' dir='ltr'>tum</span> 
     </span>
    </p>
   </div>
   <div class='ocr_carea' id='block_1_70' title="bbox 2008 3792 3651 3866">
    <p class='ocr_par' dir='ltr' id='par_1_70' title="bbox 2008 3792 3651 3866">
     <span class='ocr_line' id='line_1_70' title="bbox 2008 3792 3651 3866; baseline -0.002 -18"><span class='ocrx_word' id='word_1_542' title='bbox 2008 3793 2082 3848; x_wconf 89' lang='lat' dir='ltr'>ob</span> <span class='ocrx_word' id='word_1_543' title='bbox 2108 3792 2579 3866; x_wconf 88' lang='lat' dir='ltr'><strong>irrecuperahilis</strong></span> <span class='ocrx_word' id='word_1_544' title='bbox 2609 3794 2932 3849; x_wconf 89' lang='lat' dir='ltr'><strong>occasionis</strong></span> <span class='ocrx_word' id='word_1_545' title='bbox 2965 3796 3310 3865; x_wconf 87' lang='lat' dir='ltr'><strong>neglectum,</strong></span> <span class='ocrx_word' id='word_1_546' title='bbox 3344 3795 3470 3845; x_wconf 90' lang='lat' dir='ltr'>tum</span> <span class='ocrx_word' id='word_1_547' title='bbox 3512 3804 3651 3845; x_wconf 82' lang='lat' dir='ltr'><strong>vero</strong></span> 
     </span>
    </p>
   </div>
   <div class='ocr_carea' id='block_1_71' title="bbox 229 3879 1897 3976">
    <p class='ocr_par' dir='ltr' id='par_1_71' title="bbox 229 3879 1893 3976">
     <span class='ocr_line' id='line_1_71' title="bbox 229 3879 1893 3976; baseline 0.001 -39"><span class='ocrx_word' id='word_1_548' title='bbox 229 3883 454 3957; x_wconf 75' lang='grc' dir='ltr'>ψυχήν.</span> <span class='ocrx_word' id='word_1_549' title='bbox 496 3879 776 3976; x_wconf 42' lang='lat' dir='ltr'><strong>[Iolla-3‘s</strong></span> <span class='ocrx_word' id='word_1_550' title='bbox 807 3882 896 3938; x_wconf 76' lang='grc' dir='ltr'>καὶ</span> <span class='ocrx_word' id='word_1_551' title='bbox 928 3880 1075 3976; x_wconf 75' lang='grc' dir='ltr'>ἄλλα</span> <span class='ocrx_word' id='word_1_552' title='bbox 1113 3882 1427 3954; x_wconf 72' lang='grc' dir='ltr'>Πάτροκλον</span> <span class='ocrx_word' id='word_1_553' title='bbox 1459 3883 1729 3962; x_wconf 68' lang='grc' dir='ltr'>πρόφασιν</span> <span class='ocrx_word' id='word_1_554' title='bbox 1753 3903 1893 3960; x_wconf 86' lang='grc' dir='ltr'>προ·-</span> 
     </span>
    </p>
   </div>
   <div class='ocr_carea' id='block_1_72' title="bbox 2010 3879 3649 3976">
    <p class='ocr_par' dir='ltr' id='par_1_72' title="bbox 2010 3880 3649 3955">
     <span class='ocr_line' id='line_1_72' title="bbox 2010 3880 3649 3955; baseline -0.002 -17"><span class='ocrx_word' id='word_1_555' title='bbox 2010 3889 2246 3955; x_wconf 88' lang='lat' dir='ltr'><strong>propter</strong></span> <span class='ocrx_word' id='word_1_556' title='bbox 2263 3884 2478 3938; x_wconf 85' lang='lat' dir='ltr'><strong>frustra</strong></span> <span class='ocrx_word' id='word_1_557' title='bbox 2499 3883 2796 3953; x_wconf 83' lang='lat' dir='ltr'><strong>insumpta</strong></span> <span class='ocrx_word' id='word_1_558' title='bbox 2816 3882 2872 3937; x_wconf 91' lang='lat' dir='ltr'>in</span> <span class='ocrx_word' id='word_1_559' title='bbox 2898 3882 3146 3937; x_wconf 90' lang='lat' dir='ltr'><strong>classem</strong></span> <span class='ocrx_word' id='word_1_560' title='bbox 3172 3880 3457 3950; x_wconf 87' lang='lat' dir='ltr'><strong>stipendia</strong></span> <span class='ocrx_word' id='word_1_561' title='bbox 3502 3891 3649 3946; x_wconf 73' lang='lat' dir='ltr'><strong>aegre</strong></span> 
     </span>
    </p>
   </div>
   <div class='ocr_carea' id='block_1_73' title="bbox 225 3968 1888 4044">
    <p class='ocr_par' dir='ltr' id='par_1_73' title="bbox 225 3968 1888 4044">
     <span class='ocr_line' id='line_1_73' title="bbox 225 3968 1888 4044; baseline -0.001 -17"><span class='ocrx_word' id='word_1_562' title='bbox 225 3971 406 4036; x_wconf 80' lang='grc' dir='ltr'>τιθεῖς</span> <span class='ocrx_word' id='word_1_563' title='bbox 441 3973 575 4044; x_wconf 83' lang='grc'>(98),</span> <span class='ocrx_word' id='word_1_564' title='bbox 617 3968 770 4027; x_wconf 76' lang='grc' dir='ltr'>οὖδὶν</span> <span class='ocrx_word' id='word_1_565' title='bbox 809 3971 973 4041; x_wconf 79' lang='grc' dir='ltr'>ἦττον</span> <span class='ocrx_word' id='word_1_566' title='bbox 1014 3968 1103 4026; x_wconf 71' lang='grc' dir='ltr'>ἐπὶ</span> <span class='ocrx_word' id='word_1_567' title='bbox 1141 3977 1274 4027; x_wconf 82' lang='grc' dir='ltr'>πᾶσι</span> <span class='ocrx_word' id='word_1_568' title='bbox 1337 3972 1427 4028; x_wconf 79' lang='grc' dir='ltr'>καὶ</span> <span class='ocrx_word' id='word_1_569' title='bbox 1481 3974 1582 4043; x_wconf 82' lang='grc' dir='ltr'>τήν</span> <span class='ocrx_word' id='word_1_570' title='bbox 1633 3976 1745 4028; x_wconf 90' lang='grc' dir='ltr'>τῶν</span> <span class='ocrx_word' id='word_1_571' title='bbox 1807 3972 1888 4027; x_wconf 82' lang='lat' dir='ltr'><strong>el.-</strong></span> 
     </span>
    </p>
   </div>
   <div class='ocr_carea' id='block_1_74' title="bbox 229 4056 1889 4139">
    <p class='ocr_par' dir='ltr' id='par_1_74' title="bbox 229 4056 1889 4139">
     <span class='ocr_line' id='line_1_74' title="bbox 229 4056 1889 4139; baseline 0 -23"><span class='ocrx_word' id='word_1_572' title='bbox 229 4061 400 4117; x_wconf 81' lang='grc' dir='ltr'>κείων</span> <span class='ocrx_word' id='word_1_573' title='bbox 478 4060 897 4134; x_wconf 74' lang='grc' dir='ltr'>στρατευμὰτων</span> <span class='ocrx_word' id='word_1_574' title='bbox 972 4056 1360 4135; x_wconf 77' lang='grc' dir='ltr'>προύϐάλλετο</span> <span class='ocrx_word' id='word_1_575' title='bbox 1435 4059 1719 4139; x_wconf 81' lang='grc' dir='ltr'>συλλογήν</span> <span class='ocrx_word' id='word_1_576' title='bbox 1771 4062 1889 4118; x_wconf 81' lang='grc' dir='ltr'>Ἀν-</span> 
     </span>
    </p>
   </div>
   <div class='ocr_carea' id='block_1_75' title="bbox 230 4145 1893 4225">
    <p class='ocr_par' dir='ltr' id='par_1_75' title="bbox 230 4145 1893 4225">
     <span class='ocr_line' id='line_1_75' title="bbox 230 4145 1893 4225; baseline 0 -21"><span class='ocrx_word' id='word_1_577' title='bbox 230 4147 492 4222; x_wconf 79' lang='grc' dir='ltr'>δρόνικος</span> <span class='ocrx_word' id='word_1_578' title='bbox 533 4145 582 4203; x_wconf 86' lang='grc' dir='ltr'>δ’</span> <span class='ocrx_word' id='word_1_579' title='bbox 619 4147 707 4205; x_wconf 83' lang='grc' dir='ltr'>ἐπὶ</span> <span class='ocrx_word' id='word_1_580' title='bbox 745 4147 965 4214; x_wconf 88' lang='grc' dir='ltr'>τούτοις</span> <span class='ocrx_word' id='word_1_581' title='bbox 1000 4149 1209 4224; x_wconf 70' lang='grc' dir='ltr'>ἤχθετο</span> <span class='ocrx_word' id='word_1_582' title='bbox 1252 4151 1346 4224; x_wconf 70' lang='grc' dir='ltr'>μὲν</span> <span class='ocrx_word' id='word_1_583' title='bbox 1385 4154 1486 4205; x_wconf 91' lang='grc' dir='ltr'>τοῦ</span> <span class='ocrx_word' id='word_1_584' title='bbox 1551 4153 1744 4225; x_wconf 82' lang='grc' dir='ltr'>καιροῦ</span> <span class='ocrx_word' id='word_1_585' title='bbox 1796 4169 1893 4221; x_wconf 85' lang='grc' dir='ltr'>τη-</span> 
     </span>
    </p>
   </div>
   <div class='ocr_carea' id='block_1_76' title="bbox 227 4235 1888 4314">
    <p class='ocr_par' dir='ltr' id='par_1_76' title="bbox 227 4235 1888 4314">
     <span class='ocr_line' id='line_1_76' title="bbox 227 4235 1888 4314; baseline -0.001 -19"><span class='ocrx_word' id='word_1_586' title='bbox 227 4237 457 4300; x_wconf 78' lang='grc' dir='ltr'>νᾶλλως</span> <span class='ocrx_word' id='word_1_587' title='bbox 501 4235 963 4314; x_wconf 73' lang='grc' dir='ltr'>ἔκμετρουμένου,</span> <span class='ocrx_word' id='word_1_588' title='bbox 1014 4239 1180 4312; x_wconf 79' lang='grc' dir='ltr'>οὗπερ</span> <span class='ocrx_word' id='word_1_589' title='bbox 1221 4237 1322 4295; x_wconf 74' lang='grc' dir='ltr'>οὒκ</span> <span class='ocrx_word' id='word_1_590' title='bbox 1364 4240 1432 4310; x_wconf 80' lang='grc' dir='ltr'>ἦν</span> <span class='ocrx_word' id='word_1_591' title='bbox 1481 4240 1719 4304; x_wconf 76' lang='grc' dir='ltr'>εἰσαῦθις</span> <span class='ocrx_word' id='word_1_592' title='bbox 1770 4236 1888 4294; x_wconf 74' lang='grc' dir='ltr'>ἔπι-</span> 
     </span>
    </p>
   </div>
   <div class='ocr_carea' id='block_1_77' title="bbox 229 4323 1889 4404">
    <p class='ocr_par' dir='ltr' id='par_1_77' title="bbox 229 4323 1889 4404">
     <span class='ocr_line' id='line_1_77' title="bbox 229 4323 1889 4404; baseline -0.001 -20"><span class='ocrx_word' id='word_1_593' title='bbox 229 4323 501 4393; x_wconf 76' lang='grc' dir='ltr'>λαϐέσθαι</span> <span class='ocrx_word' id='word_1_594' title='bbox 533 4327 608 4392; x_wconf 83' lang='grc' dir='ltr'>ὡς</span> <span class='ocrx_word' id='word_1_595' title='bbox 653 4324 793 4402; x_wconf 70' lang='grc' dir='ltr'>μηδὲ</span> <span class='ocrx_word' id='word_1_596' title='bbox 838 4332 1120 4401; x_wconf 83' lang='grc' dir='ltr'>κομῶντος</span> <span class='ocrx_word' id='word_1_597' title='bbox 1169 4325 1463 4399; x_wconf 77' lang='grc' dir='ltr'>ἐξόπισθεν·</span> <span class='ocrx_word' id='word_1_598' title='bbox 1519 4330 1812 4404; x_wconf 84' lang='grc' dir='ltr'>ὑπέθραττε</span> <span class='ocrx_word' id='word_1_599' title='bbox 1842 4325 1889 4383; x_wconf 77' lang='grc' dir='ltr'>δ’</span> 
     </span>
    </p>
   </div>
   <div class='ocr_carea' id='block_1_78' title="bbox 230 4414 1890 4494">
    <p class='ocr_par' dir='ltr' id='par_1_78' title="bbox 230 4414 1890 4494">
     <span class='ocr_line' id='line_1_78' title="bbox 230 4414 1890 4494; baseline 0.001 -21"><span class='ocrx_word' id='word_1_600' title='bbox 230 4416 400 4473; x_wconf 76' lang='grc' dir='ltr'>αὐτὸν</span> <span class='ocrx_word' id='word_1_601' title='bbox 460 4414 734 4479; x_wconf 79' lang='grc' dir='ltr'>πλειόνως</span> <span class='ocrx_word' id='word_1_602' title='bbox 773 4416 803 4472; x_wconf 82' lang='grc' dir='ltr'>ὁ</span> <span class='ocrx_word' id='word_1_603' title='bbox 838 4420 938 4472; x_wconf 89' lang='grc' dir='ltr'>τοῦ</span> <span class='ocrx_word' id='word_1_604' title='bbox 997 4421 1250 4473; x_wconf 89' lang='grc' dir='ltr'>ναυτικοῦ</span> <span class='ocrx_word' id='word_1_605' title='bbox 1306 4417 1687 4494; x_wconf 76' lang='grc' dir='ltr'>πληρώματος</span> <span class='ocrx_word' id='word_1_606' title='bbox 1735 4418 1890 4493; x_wconf 79' lang='grc' dir='ltr'>ὀψω-</span> 
     </span>
    </p>
   </div>
   <div class='ocr_carea' id='block_1_79' title="bbox 224 4504 1888 4585">
    <p class='ocr_par' dir='ltr' id='par_1_79' title="bbox 224 4504 1888 4585">
     <span class='ocr_line' id='line_1_79' title="bbox 224 4504 1888 4585; baseline 0.001 -22"><span class='ocrx_word' id='word_1_607' title='bbox 224 4508 468 4584; x_wconf 75' lang='grc' dir='ltr'>νιασμὸς</span> <span class='ocrx_word' id='word_1_608' title='bbox 562 4504 814 4578; x_wconf 73' lang='grc' dir='ltr'>διακενῆς</span> <span class='ocrx_word' id='word_1_609' title='bbox 868 4506 1260 4581; x_wconf 68' lang='grc' dir='ltr'>ἄναλούμενος.</span> <span class='ocrx_word' id='word_1_610' title='bbox 1344 4510 1407 4567; x_wconf 81' lang='grc' dir='ltr'>Ὀ</span> <span class='ocrx_word' id='word_1_611' title='bbox 1463 4511 1568 4585; x_wconf 78' lang='grc' dir='ltr'>γὰρ</span> <span class='ocrx_word' id='word_1_612' title='bbox 1628 4506 1888 4584; x_wconf 78' lang='grc' dir='ltr'>βασιλεὺς</span> 
     </span>
    </p>
   </div>
   <div class='ocr_carea' id='block_1_80' title="bbox 223 4592 1889 4674">
    <p class='ocr_par' dir='ltr' id='par_1_80' title="bbox 223 4592 1889 4674">
     <span class='ocr_line' id='line_1_80' title="bbox 223 4592 1889 4674; baseline -0.001 -19"><span class='ocrx_word' id='word_1_613' title='bbox 223 4603 398 4674; x_wconf 80' lang='grc' dir='ltr'>τριῶν</span> <span class='ocrx_word' id='word_1_614' title='bbox 470 4600 658 4672; x_wconf 86' lang='grc' dir='ltr'>μηνῶν</span> <span class='ocrx_word' id='word_1_615' title='bbox 713 4600 794 4671; x_wconf 81' lang='grc' dir='ltr'>τῷ</span> <span class='ocrx_word' id='word_1_616' title='bbox 832 4592 1017 4671; x_wconf 86' lang='grc' dir='ltr'>στόλῳ</span> <span class='ocrx_word' id='word_1_617' title='bbox 1074 4598 1380 4673; x_wconf 80' lang='grc' dir='ltr'>σιτηρέσιον</span> <span class='ocrx_word' id='word_1_618' title='bbox 1422 4595 1787 4674; x_wconf 80' lang='grc' dir='ltr'>ἑπεμέτρησεν</span> <span class='ocrx_word' id='word_1_619' title='bbox 1829 4597 1889 4653; x_wconf 77' lang='grc' dir='ltr'>ἐκ</span> 
     </span>
    </p>
   </div>
   <div class='ocr_carea' id='block_1_81' title="bbox 225 4684 1886 4763">
    <p class='ocr_par' dir='ltr' id='par_1_81' title="bbox 225 4684 1886 4763">
     <span class='ocr_line' id='line_1_81' title="bbox 225 4684 1886 4763; baseline -0.001 -20"><span class='ocrx_word' id='word_1_620' title='bbox 225 4692 325 4744; x_wconf 88' lang='grc' dir='ltr'>τοῦ</span> <span class='ocrx_word' id='word_1_621' title='bbox 358 4685 684 4763; x_wconf 75' lang='grc' dir='ltr'>Αὐγούστου</span> <span class='ocrx_word' id='word_1_622' title='bbox 725 4686 898 4759; x_wconf 81' lang='grc' dir='ltr'>μηνὸς</span> <span class='ocrx_word' id='word_1_623' title='bbox 928 4686 1246 4763; x_wconf 72' lang='grc' dir='ltr'>ἀρξάμενοςο</span> <span class='ocrx_word' id='word_1_624' title='bbox 1279 4687 1349 4757; x_wconf 82' lang='grc' dir='ltr'>ἧν</span> <span class='ocrx_word' id='word_1_625' title='bbox 1381 4684 1438 4743; x_wconf 63' lang='grc' dir='ltr'>δὲ</span> <span class='ocrx_word' id='word_1_626' title='bbox 1463 4686 1590 4743; x_wconf 89' lang='grc' dir='ltr'>τότε</span> <span class='ocrx_word' id='word_1_627' title='bbox 1634 4687 1824 4762; x_wconf 89' lang='grc' dir='ltr'>λήγων</span> <span class='ocrx_word' id='word_1_628' title='bbox 1857 4687 1886 4742; x_wconf 88' lang='grc' dir='ltr'>ό</span> 
     </span>
    </p>
   </div>
   <div class='ocr_carea' id='block_1_82' title="bbox 230 4770 1888 4852">
    <p class='ocr_par' dir='ltr' id='par_1_82' title="bbox 230 4770 1888 4852">
     <span class='ocr_line' id='line_1_82' title="bbox 230 4770 1888 4852; baseline -0.002 -20"><span class='ocrx_word' id='word_1_629' title='bbox 230 4770 630 4851; x_wconf 79' lang='grc' dir='ltr'>Σεπτέμόριος.</span> <span class='ocrx_word' id='word_1_630' title='bbox 682 4775 807 4833; x_wconf 81' lang='grc' dir='ltr'>Ἐπὶ</span> <span class='ocrx_word' id='word_1_631' title='bbox 866 4772 911 4831; x_wconf 88' lang='grc' dir='ltr'>δ’</span> <span class='ocrx_word' id='word_1_632' title='bbox 970 4772 1143 4832; x_wconf 83' lang='grc' dir='ltr'>ἐδόκει</span> <span class='ocrx_word' id='word_1_633' title='bbox 1189 4775 1460 4852; x_wconf 75' lang='grc' dir='ltr'>ἀπαίρειν,</span> <span class='ocrx_word' id='word_1_634' title='bbox 1503 4776 1604 4846; x_wconf 82' lang='grc' dir='ltr'>τήν</span> <span class='ocrx_word' id='word_1_635' title='bbox 1658 4773 1747 4831; x_wconf 78' lang='grc' dir='ltr'>διὰ</span> <span class='ocrx_word' id='word_1_636' title='bbox 1788 4777 1888 4848; x_wconf 78' lang='grc' dir='ltr'>ξη-</span> 
     </span>
    </p>
   </div>
   <div class='ocr_carea' id='block_1_83' title="bbox 232 4862 1883 4942">
    <p class='ocr_par' dir='ltr' id='par_1_83' title="bbox 232 4862 1883 4942">
     <span class='ocr_line' id='line_1_83' title="bbox 232 4862 1883 4942; baseline -0.003 -19"><span class='ocrx_word' id='word_1_637' title='bbox 232 4871 322 4942; x_wconf 79' lang='grc' dir='ltr'>ρᾶς</span> <span class='ocrx_word' id='word_1_638' title='bbox 362 4863 589 4942; x_wconf 81' lang='grc' dir='ltr'>πορείαν</span> <span class='ocrx_word' id='word_1_639' title='bbox 631 4865 662 4920; x_wconf 83' lang='grc' dir='ltr'><strong>ὁ</strong></span> <span class='ocrx_word' id='word_1_640' title='bbox 852 4869 953 4921; x_wconf 87' lang='grc' dir='ltr'>τοῦ</span> <span class='ocrx_word' id='word_1_641' title='bbox 1011 4864 1303 4930; x_wconf 81' lang='grc' dir='ltr'>θαλαττίου</span> <span class='ocrx_word' id='word_1_642' title='bbox 1362 4866 1653 4940; x_wconf 89' lang='grc' dir='ltr'>προτίθησι</span> <span class='ocrx_word' id='word_1_643' title='bbox 1713 4863 1883 4937; x_wconf 89' lang='grc' dir='ltr'>πλοῦ,</span> 
     </span>
    </p>
   </div>
   <div class='ocr_carea' id='block_1_84' title="bbox 226 4952 1883 5033">
    <p class='ocr_par' dir='ltr' id='par_1_84' title="bbox 226 4952 1883 5033">
     <span class='ocr_line' id='line_1_84' title="bbox 226 4952 1883 5033; baseline -0.001 -23"><span class='ocrx_word' id='word_1_644' title='bbox 226 4955 317 5011; x_wconf 77' lang='grc' dir='ltr'>καὶ</span> <span class='ocrx_word' id='word_1_645' title='bbox 398 4952 740 5028; x_wconf 77' lang='grc' dir='ltr'>Ἀνδρονίκῳ</span> <span class='ocrx_word' id='word_1_646' title='bbox 796 4952 996 5010; x_wconf 77' lang='grc' dir='ltr'>οὕτωσί</span> <span class='ocrx_word' id='word_1_647' title='bbox 1047 4958 1222 5010; x_wconf 86' lang='grc' dir='ltr'>ποιεῖν</span> <span class='ocrx_word' id='word_1_648' title='bbox 1288 4953 1600 5025; x_wconf 80' lang='grc' dir='ltr'>ὑποτίθησι,</span> <span class='ocrx_word' id='word_1_649' title='bbox 1664 4954 1883 5033; x_wconf 80' lang='grc' dir='ltr'>φάσκων</span> 
     </span>
    </p>
   </div>
   <div class='ocr_carea' id='block_1_85' title="bbox 228 5041 1883 5122">
    <p class='ocr_par' dir='ltr' id='par_1_85' title="bbox 228 5041 1883 5122">
     <span class='ocr_line' id='line_1_85' title="bbox 228 5041 1883 5122; baseline -0.002 -20"><span class='ocrx_word' id='word_1_650' title='bbox 228 5046 623 5122; x_wconf 71' lang='grc' dir='ltr'>εὐμαρεστέραν</span> <span class='ocrx_word' id='word_1_651' title='bbox 656 5041 852 5100; x_wconf 63' lang='grc' dir='ltr'>ειδέναι</span> <span class='ocrx_word' id='word_1_652' title='bbox 883 5044 1088 5115; x_wconf 76' lang='grc' dir='ltr'>ταύτην</span> <span class='ocrx_word' id='word_1_653' title='bbox 1124 5042 1326 5118; x_wconf 88' lang='grc' dir='ltr'>πολλῷ</span> <span class='ocrx_word' id='word_1_654' title='bbox 1372 5044 1466 5100; x_wconf 79' lang='grc' dir='ltr'>καί</span> <span class='ocrx_word' id='word_1_655' title='bbox 1520 5045 1883 5119; x_wconf 81' lang='grc' dir='ltr'>ἀπαθεστέραν</span> 
     </span>
    </p>
   </div>
   <div class='ocr_carea' id='block_1_86' title="bbox 229 5131 1883 5215">
    <p class='ocr_par' dir='ltr' id='par_1_86' title="bbox 229 5131 1883 5215">
     <span class='ocr_line' id='line_1_86' title="bbox 229 5131 1883 5215; baseline -0.002 -23"><span class='ocrx_word' id='word_1_656' title='bbox 229 5139 308 5211; x_wconf 75' lang='grc' dir='ltr'>τῷ</span> <span class='ocrx_word' id='word_1_657' title='bbox 380 5132 656 5210; x_wconf 63' lang='grc' dir='ltr'>ἑλομένῳ,</span> <span class='ocrx_word' id='word_1_658' title='bbox 730 5133 827 5191; x_wconf 84' lang='grc' dir='ltr'>καὶ</span> <span class='ocrx_word' id='word_1_659' title='bbox 899 5132 975 5199; x_wconf 80' lang='grc' dir='ltr'>ὦς</span> <span class='ocrx_word' id='word_1_660' title='bbox 1050 5132 1251 5191; x_wconf 73' lang='grc' dir='ltr'>ἆσεῖται</span> <span class='ocrx_word' id='word_1_661' title='bbox 1327 5131 1442 5209; x_wconf 75' lang='grc' dir='ltr'>ἃμα</span> <span class='ocrx_word' id='word_1_662' title='bbox 1491 5134 1666 5197; x_wconf 75' lang='grc' dir='ltr'>οὕτως</span> <span class='ocrx_word' id='word_1_663' title='bbox 1705 5134 1883 5215; x_wconf 72' lang='grc' dir='ltr'>σφίσιν</span> 
     </span>
    </p>
   </div>
   <div class='ocr_carea' id='block_1_87' title="bbox 2002 3968 3650 4043">
    <p class='ocr_par' dir='ltr' id='par_1_87' title="bbox 2002 3968 3650 4043">
     <span class='ocr_line' id='line_1_87' title="bbox 2002 3968 3650 4043; baseline -0.003 -18"><span class='ocrx_word' id='word_1_664' title='bbox 2002 3971 2244 4036; x_wconf 81' lang='lat' dir='ltr'><strong>ferebat,</strong></span> <span class='ocrx_word' id='word_1_665' title='bbox 2278 3972 2744 4043; x_wconf 65' lang='lat' dir='ltr'><strong>quasimperaler</strong></span> <span class='ocrx_word' id='word_1_666' title='bbox 2794 3972 2861 4025; x_wconf 88' lang='lat' dir='ltr'>ad</span> <span class='ocrx_word' id='word_1_667' title='bbox 2923 3976 3039 4025; x_wconf 89' lang='lat' dir='ltr'><strong>tres</strong></span> <span class='ocrx_word' id='word_1_668' title='bbox 3092 3984 3321 4024; x_wconf 90' lang='lat' dir='ltr'><strong>menses</strong></span> <span class='ocrx_word' id='word_1_669' title='bbox 3372 3968 3650 4022; x_wconf 82' lang='lat' dir='ltr'><strong>duntaxat</strong></span> 
     </span>
    </p>
   </div>
   <div class='ocr_carea' id='block_1_88' title="bbox 2004 4055 3646 4131">
    <p class='ocr_par' dir='ltr' id='par_1_88' title="bbox 2004 4055 3646 4131">
     <span class='ocr_line' id='line_1_88' title="bbox 2004 4055 3646 4131; baseline -0.004 -16"><span class='ocrx_word' id='word_1_670' title='bbox 2004 4065 2360 4125; x_wconf 78' lang='lat' dir='ltr'><strong>numeraret,</strong></span> <span class='ocrx_word' id='word_1_671' title='bbox 2391 4060 2463 4116; x_wconf 88' lang='lat' dir='ltr'>ab</span> <span class='ocrx_word' id='word_1_672' title='bbox 2492 4061 2751 4131; x_wconf 83' lang='lat' dir='ltr'><strong>Augusto</strong></span> <span class='ocrx_word' id='word_1_673' title='bbox 2801 4060 3149 4128; x_wconf 85' lang='lat' dir='ltr'><strong>auspicatus,</strong></span> <span class='ocrx_word' id='word_1_674' title='bbox 3204 4072 3335 4112; x_wconf 91' lang='lat' dir='ltr'>cum</span> <span class='ocrx_word' id='word_1_675' title='bbox 3385 4055 3646 4125; x_wconf 88' lang='lat' dir='ltr'><strong>Septem-</strong></span> 
     </span>
    </p>
   </div>
   <div class='ocr_carea' id='block_1_89' title="bbox 2003 4144 3644 4207">
    <p class='ocr_par' dir='ltr' id='par_1_89' title="bbox 2003 4144 3644 4207">
     <span class='ocr_line' id='line_1_89' title="bbox 2003 4144 3644 4207; baseline -0.005 -2"><span class='ocrx_word' id='word_1_676' title='bbox 2003 4149 2105 4205; x_wconf 89' lang='lat' dir='ltr'>ber</span> <span class='ocrx_word' id='word_1_677' title='bbox 2136 4157 2258 4205; x_wconf 89' lang='lat' dir='ltr'>tum</span> <span class='ocrx_word' id='word_1_678' title='bbox 2291 4147 2492 4205; x_wconf 80' lang='lat' dir='ltr'><strong>exiret.</strong></span> <span class='ocrx_word' id='word_1_679' title='bbox 2525 4154 2663 4203; x_wconf 73' lang='lat' dir='ltr'>Cum</span> <span class='ocrx_word' id='word_1_680' title='bbox 2719 4152 2912 4202; x_wconf 90' lang='lat' dir='ltr'><strong>autem</strong></span> <span class='ocrx_word' id='word_1_681' title='bbox 2956 4163 3054 4202; x_wconf 78' lang='lat' dir='ltr'>rex</span> <span class='ocrx_word' id='word_1_682' title='bbox 3073 4150 3338 4201; x_wconf 78' lang='lat' dir='ltr'><strong>terrestre</strong></span> <span class='ocrx_word' id='word_1_683' title='bbox 3364 4144 3472 4200; x_wconf 81' lang='lat' dir='ltr'><strong>iter</strong></span> <span class='ocrx_word' id='word_1_684' title='bbox 3516 4148 3644 4207; x_wconf 88' lang='lat' dir='ltr'>tum</span> 
     </span>
    </p>
   </div>
   <div class='ocr_carea' id='block_1_90' title="bbox 2002 4235 3644 4310">
    <p class='ocr_par' dir='ltr' id='par_1_90' title="bbox 2002 4235 3644 4310">
     <span class='ocr_line' id='line_1_90' title="bbox 2002 4235 3644 4310; baseline -0.006 -13"><span class='ocrx_word' id='word_1_685' title='bbox 2002 4245 2068 4297; x_wconf 89' lang='lat' dir='ltr'><strong>ut</strong></span> <span class='ocrx_word' id='word_1_686' title='bbox 2096 4240 2468 4297; x_wconf 87' lang='lat' dir='ltr'><strong>commodius</strong></span> <span class='ocrx_word' id='word_1_687' title='bbox 2519 4244 2578 4294; x_wconf 89' lang='lat' dir='ltr'>et</span> <span class='ocrx_word' id='word_1_688' title='bbox 2636 4238 2817 4294; x_wconf 89' lang='lat' dir='ltr'><strong>tutius</strong></span> <span class='ocrx_word' id='word_1_689' title='bbox 2875 4236 3233 4310; x_wconf 80' lang='lat' dir='ltr'><strong>navigationi</strong></span> <span class='ocrx_word' id='word_1_690' title='bbox 3275 4235 3644 4308; x_wconf 69' lang='lat' dir='ltr'><strong>praetulisset,</strong></span> 
     </span>
    </p>
   </div>
   <div class='ocr_carea' id='block_1_91' title="bbox 1999 4324 3643 4402">
    <p class='ocr_par' dir='ltr' id='par_1_91' title="bbox 1999 4324 3643 4402">
     <span class='ocr_line' id='line_1_91' title="bbox 1999 4324 3643 4402; baseline -0.004 -16"><span class='ocrx_word' id='word_1_691' title='bbox 1999 4333 2125 4386; x_wconf 86' lang='lat' dir='ltr'>tum</span> <span class='ocrx_word' id='word_1_692' title='bbox 2158 4330 2315 4402; x_wconf 89' lang='lat' dir='ltr'><strong>quod</strong></span> <span class='ocrx_word' id='word_1_693' title='bbox 2346 4329 2537 4385; x_wconf 90' lang='lat' dir='ltr'><strong>obiter</strong></span> <span class='ocrx_word' id='word_1_694' title='bbox 2562 4332 2641 4382; x_wconf 91' lang='lat' dir='ltr'><strong>Tu</strong></span> <span class='ocrx_word' id='word_1_695' title='bbox 2654 4328 2815 4383; x_wconf 91' lang='lat' dir='ltr'><strong>nium</strong></span> <span class='ocrx_word' id='word_1_696' title='bbox 2845 4333 2904 4383; x_wconf 91' lang='lat' dir='ltr'>et</span> <span class='ocrx_word' id='word_1_697' title='bbox 2925 4326 3251 4383; x_wconf 84' lang='lat' dir='ltr'><strong>Tenebium</strong></span> <span class='ocrx_word' id='word_1_698' title='bbox 3276 4341 3452 4398; x_wconf 78' lang='lat' dir='ltr'><strong>pages</strong></span> <span class='ocrx_word' id='word_1_699' title='bbox 3479 4324 3643 4381; x_wconf 86' lang='lat' dir='ltr'><strong>aditu</strong></span> 
     </span>
    </p>
   </div>
   <div class='ocr_carea' id='block_1_92' title="bbox 2000 4414 3646 4490">
    <p class='ocr_par' dir='ltr' id='par_1_92' title="bbox 2000 4414 3646 4490">
     <span class='ocr_line' id='line_1_92' title="bbox 2000 4414 3646 4490; baseline -0.002 -16"><span class='ocrx_word' id='word_1_700' title='bbox 2000 4418 2201 4476; x_wconf 83' lang='lat' dir='ltr'><strong>faciles</strong></span> <span class='ocrx_word' id='word_1_701' title='bbox 2247 4422 2304 4476; x_wconf 92' lang='lat' dir='ltr'>et</span> <span class='ocrx_word' id='word_1_702' title='bbox 2333 4419 2394 4475; x_wconf 90' lang='lat' dir='ltr'><strong>in</strong></span> <span class='ocrx_word' id='word_1_703' title='bbox 2447 4416 2689 4490; x_wconf 84' lang='lat' dir='ltr'><strong>planitie</strong></span> <span class='ocrx_word' id='word_1_704' title='bbox 2744 4416 2909 4486; x_wconf 87' lang='lat' dir='ltr'><strong>sitos,</strong></span> <span class='ocrx_word' id='word_1_705' title='bbox 2967 4432 3216 4488; x_wconf 88' lang='lat' dir='ltr'><strong>quorum</strong></span> <span class='ocrx_word' id='word_1_706' title='bbox 3285 4414 3646 4472; x_wconf 85' lang='lat' dir='ltr'><strong>habitatores</strong></span> 
     </span>
    </p>
   </div>
   <div class='ocr_carea' id='block_1_93' title="bbox 1999 4506 3648 4581">
    <p class='ocr_par' dir='ltr' id='par_1_93' title="bbox 1999 4506 3648 4581">
     <span class='ocr_line' id='line_1_93' title="bbox 1999 4506 3648 4581; baseline -0.003 -16"><span class='ocrx_word' id='word_1_707' title='bbox 1999 4506 2314 4566; x_wconf 87' lang='lat' dir='ltr'><strong>Christiani</strong></span> <span class='ocrx_word' id='word_1_708' title='bbox 2343 4508 2608 4581; x_wconf 88' lang='lat' dir='ltr'><strong>plerique</strong></span> <span class='ocrx_word' id='word_1_709' title='bbox 2636 4506 2896 4563; x_wconf 89' lang='lat' dir='ltr'><strong>nominis</strong></span> <span class='ocrx_word' id='word_1_710' title='bbox 2925 4506 3156 4579; x_wconf 67' lang='lat' dir='ltr'><strong>Egypti</strong></span> <span class='ocrx_word' id='word_1_711' title='bbox 3208 4506 3430 4562; x_wconf 67' lang='lat' dir='ltr'><strong>Amarae</strong></span> <span class='ocrx_word' id='word_1_712' title='bbox 3480 4520 3648 4578; x_wconf 81' lang='lat' dir='ltr'><strong>pare-</strong></span> 
     </span>
    </p>
   </div>
   <div class='ocr_carea' id='block_1_94' title="bbox 2000 4594 3647 4669">
    <p class='ocr_par' dir='ltr' id='par_1_94' title="bbox 2000 4594 3647 4669">
     <span class='ocr_line' id='line_1_94' title="bbox 2000 4594 3647 4669; baseline -0.001 -16"><span class='ocrx_word' id='word_1_713' title='bbox 2000 4596 2680 4669; x_wconf 84' lang='lat' dir='ltr'><strong>rent,occupareliceret,</strong></span> <span class='ocrx_word' id='word_1_714' title='bbox 2711 4596 3086 4652; x_wconf 82' lang='lat' dir='ltr'><strong>Andronicus</strong></span> <span class='ocrx_word' id='word_1_715' title='bbox 3127 4596 3281 4668; x_wconf 85' lang='lat' dir='ltr'><strong>regis</strong></span> <span class='ocrx_word' id='word_1_716' title='bbox 3333 4594 3647 4652; x_wconf 86' lang='lat' dir='ltr'><strong>consilium</strong></span> 
     </span>
    </p>
   </div>
   <div class='ocr_carea' id='block_1_95' title="bbox 1998 4684 3649 4759">
    <p class='ocr_par' dir='ltr' id='par_1_95' title="bbox 1998 4684 3649 4759">
     <span class='ocr_line' id='line_1_95' title="bbox 1998 4684 3649 4759; baseline -0.003 -14"><span class='ocrx_word' id='word_1_717' title='bbox 1998 4686 2279 4759; x_wconf 85' lang='lat' dir='ltr'><strong>sequitur.</strong></span> <span class='ocrx_word' id='word_1_718' title='bbox 2311 4687 2615 4758; x_wconf 85' lang='lat' dir='ltr'><strong>Interjeeto</strong></span> <span class='ocrx_word' id='word_1_719' title='bbox 2663 4687 2870 4742; x_wconf 89' lang='lat' dir='ltr'><strong>itinere</strong></span> <span class='ocrx_word' id='word_1_720' title='bbox 2926 4685 3071 4744; x_wconf 90' lang='lat' dir='ltr'><strong>citra</strong></span> <span class='ocrx_word' id='word_1_721' title='bbox 3128 4684 3458 4741; x_wconf 88' lang='lat' dir='ltr'><strong>molestiam</strong></span> <span class='ocrx_word' id='word_1_722' title='bbox 3515 4700 3649 4741; x_wconf 62' lang='lat' dir='ltr'><strong>cono</strong></span> 
     </span>
    </p>
   </div>
   <div class='ocr_carea' id='block_1_96' title="bbox 1998 4766 3646 4848">
    <p class='ocr_par' dir='ltr' id='par_1_96' title="bbox 1998 4766 3646 4848">
     <span class='ocr_line' id='line_1_96' title="bbox 1998 4766 3646 4848; baseline -0.002 -15"><span class='ocrx_word' id='word_1_723' title='bbox 1998 4777 2170 4846; x_wconf 87' lang='lat' dir='ltr'><strong>fecte,</strong></span> <span class='ocrx_word' id='word_1_724' title='bbox 2202 4780 2258 4832; x_wconf 90' lang='lat' dir='ltr'>et</span> <span class='ocrx_word' id='word_1_725' title='bbox 2286 4775 2546 4833; x_wconf 87' lang='lat' dir='ltr'><strong>castellis</strong></span> <span class='ocrx_word' id='word_1_726' title='bbox 2577 4792 2701 4847; x_wconf 73' lang='lat' dir='ltr'><strong>quis</strong></span> <span class='ocrx_word' id='word_1_727' title='bbox 2729 4766 3191 4848; x_wconf 26' lang='lat' dir='ltr'><strong>diximus,‘quod</strong></span> <span class='ocrx_word' id='word_1_728' title='bbox 3241 4775 3401 4847; x_wconf 88' lang='lat' dir='ltr'><strong>justo</strong></span> <span class='ocrx_word' id='word_1_729' title='bbox 3448 4773 3646 4846; x_wconf 61' lang='lat' dir='ltr'><strong>praesi-</strong></span> 
     </span>
    </p>
   </div>
   <div class='ocr_carea' id='block_1_97' title="bbox 1997 4866 3644 4935">
    <p class='ocr_par' dir='ltr' id='par_1_97' title="bbox 1997 4866 3644 4935">
     <span class='ocr_line' id='line_1_97' title="bbox 1997 4866 3644 4935; baseline -0.001 -13"><span class='ocrx_word' id='word_1_730' title='bbox 1997 4867 2093 4923; x_wconf 91' lang='lat' dir='ltr'>dio</span> <span class='ocrx_word' id='word_1_731' title='bbox 2120 4867 2267 4923; x_wconf 56' lang='lat' dir='ltr'>ﬁll</span> <span class='ocrx_word' id='word_1_732' title='bbox 2324 4882 2440 4924; x_wconf 90' lang='lat' dir='ltr'>non</span> <span class='ocrx_word' id='word_1_733' title='bbox 2502 4867 2729 4922; x_wconf 81' lang='lat' dir='ltr'><strong>munita</strong></span> <span class='ocrx_word' id='word_1_734' title='bbox 2785 4873 2974 4935; x_wconf 89' lang='lat' dir='ltr'><strong>erant,</strong></span> <span class='ocrx_word' id='word_1_735' title='bbox 3035 4867 3095 4922; x_wconf 91' lang='lat' dir='ltr'>in</span> <span class='ocrx_word' id='word_1_736' title='bbox 3155 4866 3509 4922; x_wconf 87' lang='lat' dir='ltr'><strong>deditionem</strong></span> <span class='ocrx_word' id='word_1_737' title='bbox 3548 4879 3644 4920; x_wconf 83' lang='lat' dir='ltr'>ac-</span> 
     </span>
    </p>
   </div>
   <div class='ocr_carea' id='block_1_98' title="bbox 2002 4953 3643 5028">
    <p class='ocr_par' dir='ltr' id='par_1_98' title="bbox 2002 4953 3643 5028">
     <span class='ocr_line' id='line_1_98' title="bbox 2002 4953 3643 5028; baseline -0.004 -17"><span class='ocrx_word' id='word_1_738' title='bbox 2002 4956 2579 5028; x_wconf 83' lang='lat' dir='ltr'><strong>ceptis,pergunt;et</strong></span> <span class='ocrx_word' id='word_1_739' title='bbox 2606 4972 2739 5012; x_wconf 92' lang='lat' dir='ltr'>cum</span> <span class='ocrx_word' id='word_1_740' title='bbox 2764 4955 2969 5023; x_wconf 81' lang='lat' dir='ltr'><strong>classe,</strong></span> <span class='ocrx_word' id='word_1_741' title='bbox 3000 4970 3125 5025; x_wconf 65' lang='lat' dir='ltr'><strong>qua:</strong></span> <span class='ocrx_word' id='word_1_742' title='bbox 3159 4956 3279 5024; x_wconf 83' lang='lat' dir='ltr'><strong>jam</strong></span> <span class='ocrx_word' id='word_1_743' title='bbox 3304 4954 3372 5008; x_wconf 89' lang='lat' dir='ltr'>ad</span> <span class='ocrx_word' id='word_1_744' title='bbox 3414 4953 3643 5006; x_wconf 86' lang='lat' dir='ltr'><strong>Tamia-</strong></span> 
     </span>
    </p>
   </div>
   <div class='ocr_carea' id='block_1_99' title="bbox 1996 5038 3642 5116">
    <p class='ocr_par' dir='ltr' id='par_1_99' title="bbox 1996 5038 3642 5116">
     <span class='ocr_line' id='line_1_99' title="bbox 1996 5038 3642 5116; baseline -0.005 -15"><span class='ocrx_word' id='word_1_745' title='bbox 1996 5045 2166 5102; x_wconf 85' lang='lat' dir='ltr'><strong>thum</strong></span> <span class='ocrx_word' id='word_1_746' title='bbox 2189 5045 2513 5116; x_wconf 85' lang='lat' dir='ltr'><strong>appulerat,</strong></span> <span class='ocrx_word' id='word_1_747' title='bbox 2543 5044 2840 5116; x_wconf 70' lang='lat' dir='ltr'><strong>congressi</strong></span> <span class='ocrx_word' id='word_1_748' title='bbox 2886 5049 3227 5100; x_wconf 84' lang='lat' dir='ltr'><strong>Sarracenos</strong></span> <span class='ocrx_word' id='word_1_749' title='bbox 3253 5039 3397 5095; x_wconf 90' lang='lat' dir='ltr'><strong>urbe</strong></span> <span class='ocrx_word' id='word_1_750' title='bbox 3425 5038 3642 5093; x_wconf 71' lang='lat' dir='ltr'><strong>effusos</strong></span> 
     </span>
    </p>
   </div>
   <div class='ocr_carea' id='block_1_100' title="bbox 1996 5125 3645 5208">
    <p class='ocr_par' dir='ltr' id='par_1_100' title="bbox 1996 5125 3645 5208">
     <span class='ocr_line' id='line_1_100' title="bbox 1996 5125 3645 5208; baseline -0.004 -19"><span class='ocrx_word' id='word_1_751' title='bbox 1996 5136 2290 5208; x_wconf 86' lang='lat' dir='ltr'><strong>intrepida</strong></span> <span class='ocrx_word' id='word_1_752' title='bbox 2318 5135 2441 5191; x_wconf 89' lang='lat' dir='ltr'><strong>acie</strong></span> <span class='ocrx_word' id='word_1_753' title='bbox 2470 5136 2556 5191; x_wconf 91' lang='lat' dir='ltr'>sic</span> <span class='ocrx_word' id='word_1_754' title='bbox 2585 5137 2959 5205; x_wconf 83' lang='lat' dir='ltr'><strong>exceperunt,</strong></span> <span class='ocrx_word' id='word_1_755' title='bbox 2993 5137 3057 5185; x_wconf 90' lang='lat' dir='ltr'>ut</span> <span class='ocrx_word' id='word_1_756' title='bbox 3111 5145 3246 5186; x_wconf 89' lang='lat' dir='ltr'>cum</span> <span class='ocrx_word' id='word_1_757' title='bbox 3293 5125 3545 5183; x_wconf 87' lang='lat' dir='ltr'><strong>clamore</strong></span> <span class='ocrx_word' id='word_1_758' title='bbox 3584 5129 3645 5183; x_wconf 82' lang='lat' dir='ltr'>et</span> 
     </span>
    </p>
   </div>
   <div class='ocr_carea' id='block_1_101' title="bbox 1632 5289 2228 5349">
    <p class='ocr_par' dir='ltr' id='par_1_101' title="bbox 1632 5289 2228 5349">
     <span class='ocr_line' id='line_1_101' title="bbox 1632 5289 2228 5349; baseline -0.003 0"><span class='ocrx_word' id='word_1_759' title='bbox 1632 5291 1794 5349; x_wconf 79' lang='lat' dir='ltr'><strong>Hier.</strong></span> <span class='ocrx_word' id='word_1_760' title='bbox 1824 5289 2020 5348; x_wconf 79' lang='lat' dir='ltr'><strong>Welﬁi</strong></span> <span class='ocrx_word' id='word_1_761' title='bbox 2049 5295 2228 5348; x_wconf 70' lang='lat' dir='ltr'><strong>notis.</strong></span> 
     </span>
    </p>
   </div>
   <div class='ocr_carea' id='block_1_102' title="bbox 302 5440 1897 5528">
    <p class='ocr_par' dir='ltr' id='par_1_102' title="bbox 302 5440 1882 5528">
     <span class='ocr_line' id='line_1_102' title="bbox 302 5440 1882 5528; baseline 0.002 -26"><span class='ocrx_word' id='word_1_762' title='bbox 302 5448 410 5528; x_wconf 60' lang='lat'>(98)</span> <span class='ocrx_word' id='word_1_763' title='bbox 441 5440 763 5528; x_wconf 72' lang='grc' dir='ltr'>Πάτροκλον</span> <span class='ocrx_word' id='word_1_764' title='bbox 792 5444 1065 5528; x_wconf 74' lang='grc' dir='ltr'>πρόφασιν</span> <span class='ocrx_word' id='word_1_765' title='bbox 1111 5445 1412 5528; x_wconf 67' lang='grc' dir='ltr'>προτιθείς.</span> <span class='ocrx_word' id='word_1_766' title='bbox 1455 5446 1595 5528; x_wconf 67' lang='lat' dir='ltr'><strong>Vide</strong></span> <span class='ocrx_word' id='word_1_767' title='bbox 1620 5445 1882 5528; x_wconf 80' lang='lat' dir='ltr'><strong>_Erasmi</strong></span> 
     </span>
    </p>
   </div>
   <div class='ocr_carea' id='block_1_103' title="bbox 2010 5440 2524 5528">
    <p class='ocr_par' dir='ltr' id='par_1_103' title="bbox 2010 5442 2524 5517">
     <span class='ocr_line' id='line_1_103' title="bbox 2010 5442 2524 5517; baseline -0.016 -12"><span class='ocrx_word' id='word_1_768' title='bbox 2010 5445 2147 5505; x_wconf 78' lang='lat' dir='ltr'><strong>:anti</strong></span> <span class='ocrx_word' id='word_1_769' title='bbox 2178 5442 2489 5517; x_wconf 91' lang='lat' dir='ltr'><strong>respondet</strong></span> <span class='ocrx_word' id='word_1_770' title='bbox 2509 5456 2524 5496; x_wconf 93' lang='lat'><strong>:</strong></span> 
     </span>
    </p>
   </div>
   <div class='ocr_carea' id='block_1_104' title="bbox 236 5519 1881 5593">
    <p class='ocr_par' dir='ltr' id='par_1_104' title="bbox 236 5519 1881 5593">
     <span class='ocr_line' id='line_1_104' title="bbox 236 5519 1881 5593; baseline -0.001 -15"><span class='ocrx_word' id='word_1_771' title='bbox 236 5519 595 5593; x_wconf 45' lang='lat' dir='ltr'><strong>Ch‘iliadem&#39;;</strong></span> <span class='ocrx_word' id='word_1_772' title='bbox 621 5519 950 5593; x_wconf 76' lang='lat' dir='ltr'><strong>quanquam</strong></span> <span class='ocrx_word' id='word_1_773' title='bbox 992 5519 1163 5577; x_wconf 85' lang='lat' dir='ltr'><strong>haud</strong></span> <span class='ocrx_word' id='word_1_774' title='bbox 1204 5521 1325 5577; x_wconf 78' lang='lat' dir='ltr'><strong>scio</strong></span> <span class='ocrx_word' id='word_1_775' title='bbox 1382 5537 1456 5577; x_wconf 91' lang='lat' dir='ltr'>an</span> <span class='ocrx_word' id='word_1_776' title='bbox 1513 5521 1585 5577; x_wconf 91' lang='lat' dir='ltr'>ad</span> <span class='ocrx_word' id='word_1_777' title='bbox 1620 5520 1881 5578; x_wconf 81' lang='lat' dir='ltr'><strong>Homeri-</strong></span> 
     </span>
    </p>
   </div>
   <div class='ocr_carea' id='block_1_105' title="bbox 238 5579 1897 5667">
    <p class='ocr_par' dir='ltr' id='par_1_105' title="bbox 238 5579 1887 5667">
     <span class='ocr_line' id='line_1_105' title="bbox 238 5579 1887 5667; baseline -0.001 -15"><span class='ocrx_word' id='word_1_778' title='bbox 238 5609 368 5667; x_wconf 82' lang='lat' dir='ltr'>cum</span> <span class='ocrx_word' id='word_1_779' title='bbox 395 5579 684 5667; x_wconf 71' lang='lat' dir='ltr'><strong>Achillem</strong></span> <span class='ocrx_word' id='word_1_780' title='bbox 726 5579 1042 5667; x_wconf 66' lang='lat' dir='ltr'><strong>all&#39;udatnr,</strong></span> <span class='ocrx_word' id='word_1_781' title='bbox 1102 5593 1205 5667; x_wconf 79' lang='lat' dir='ltr'>qui</span> <span class='ocrx_word' id='word_1_782' title='bbox 1262 5593 1492 5667; x_wconf 64' lang='lat' dir='ltr'><strong>saevitia</strong></span> <span class='ocrx_word' id='word_1_783' title='bbox 1539 5609 1656 5651; x_wconf 70' lang='lat' dir='ltr'>sua</span> <span class='ocrx_word' id='word_1_784' title='bbox 1696 5598 1887 5650; x_wconf 84' lang='lat' dir='ltr'><strong>Patre-</strong></span> 
     </span>
    </p>
   </div>
   <div class='ocr_carea' id='block_1_106' title="bbox 2010 5579 3636 5667">
    <p class='ocr_par' dir='ltr' id='par_1_106' title="bbox 2010 5579 3636 5667">
     <span class='ocr_line' id='line_1_106' title="bbox 2010 5579 3636 5667; baseline 0.001 -21"><span class='ocrx_word' id='word_1_785' title='bbox 2010 5591 2231 5667; x_wconf 54' lang='lat' dir='ltr'>Kétﬁeyz</span> <span class='ocrx_word' id='word_1_786' title='bbox 2278 5586 2371 5667; x_wconf 67' lang='grc' dir='ltr'>καὶ</span> <span class='ocrx_word' id='word_1_787' title='bbox 2424 5580 2743 5667; x_wconf 75' lang='grc' dir='ltr'>Πάτροκλος</span> <span class='ocrx_word' id='word_1_788' title='bbox 2775 5579 2827 5667; x_wconf 26' lang='grc' dir='ltr'>’ὅ</span> <span class='ocrx_word' id='word_1_789' title='bbox 2866 5601 2949 5667; x_wconf 66' lang='grc' dir='ltr'>τις</span> <span class='ocrx_word' id='word_1_790' title='bbox 2996 5581 3085 5667; x_wconf 61' lang='grc' dir='ltr'>σέο</span> <span class='ocrx_word' id='word_1_791' title='bbox 3125 5582 3345 5667; x_wconf 57' lang='grc' dir='ltr'>πολλῷΔ</span> <span class='ocrx_word' id='word_1_792' title='bbox 3375 5584 3636 5663; x_wconf 76' lang='grc' dir='ltr'>ἀμείνων.</span> 
     </span>
    </p>
   </div>
   <div class='ocr_carea' id='block_1_107' title="bbox 239 5664 1883 5741">
    <p class='ocr_par' dir='ltr' id='par_1_107' title="bbox 239 5664 1883 5741">
     <span class='ocr_line' id='line_1_107' title="bbox 239 5664 1883 5741; baseline 0.001 -16"><span class='ocrx_word' id='word_1_793' title='bbox 239 5666 312 5725; x_wconf 80' lang='lat' dir='ltr'>eli</span> <span class='ocrx_word' id='word_1_794' title='bbox 338 5666 556 5725; x_wconf 68' lang='lat' dir='ltr'><strong>eadem</strong></span> <span class='ocrx_word' id='word_1_795' title='bbox 585 5664 959 5740; x_wconf 70' lang='lat' dir='ltr'><strong>protexebat,</strong></span> <span class='ocrx_word' id='word_1_796' title='bbox 985 5664 1139 5727; x_wconf 60' lang='lat' dir='ltr'><strong>eum&#39;</strong></span> <span class='ocrx_word' id='word_1_797' title='bbox 1180 5664 1336 5724; x_wconf 85' lang='lat' dir='ltr'><strong>hosti</strong></span> <span class='ocrx_word' id='word_1_798' title='bbox 1398 5669 1649 5727; x_wconf 82' lang='lat' dir='ltr'><strong>mortem</strong></span> <span class='ocrx_word' id='word_1_799' title='bbox 1674 5667 1883 5741; x_wconf 82' lang='lat' dir='ltr'><strong>depre-</strong></span> 
     </span>
    </p>
   </div>
   <div class='ocr_carea' id='block_1_108' title="bbox 1995 5653 3366 5733">
    <p class='ocr_par' dir='ltr' id='par_1_108' title="bbox 1995 5653 3366 5733">
     <span class='ocr_line' id='line_1_108' title="bbox 1995 5653 3366 5733; baseline -0.002 -10"><span class='ocrx_word' id='word_1_800' title='bbox 1995 5662 2208 5733; x_wconf 75' lang='lat' dir='ltr'><strong>Occidt’t</strong></span> <span class='ocrx_word' id='word_1_801' title='bbox 2242 5665 2297 5722; x_wconf 78' lang='lat' dir='ltr'>et</span> <span class='ocrx_word' id='word_1_802' title='bbox 2316 5653 2606 5721; x_wconf 63' lang='lat' dir='ltr'><strong>Patroclus</strong></span> <span class='ocrx_word' id='word_1_803' title='bbox 2632 5658 2733 5732; x_wconf 76' lang='lat' dir='ltr'>qui</span> <span class='ocrx_word' id='word_1_804' title='bbox 2764 5664 2817 5717; x_wconf 73' lang='lat' dir='ltr'>te</span> <span class='ocrx_word' id='word_1_805' title='bbox 2842 5653 3137 5717; x_wconf 70' lang='lat' dir='ltr'><strong>virtutibus</strong></span> <span class='ocrx_word' id='word_1_806' title='bbox 3175 5653 3366 5720; x_wconf 59' lang='lat' dir='ltr'><strong>ante“.</strong></span> 
     </span>
    </p>
   </div>
  </div>
