4068 6196
383 319 502 382 80⁸1

1707 316 2017 378 NICETIE
2055 315 2476 380 CHONIATA

3683 316 3811 377 508

379 453 661 522 tumultu,
693 453 786 508 vix
818 452 1050 523 aspectu
1108 451 1497 505 Romanorum
1555 447 1821 517 tolerato,
1878 447 2031 504 intra

2162 448 2196 517 με
2271 446 2468 513 ἐφόδου
2542 447 2632 503 καὶ
2706 449 2856 522 πάρει
2883 467 2978 524 γον
3053 443 3184 503 ὁδοῦ
3242 446 3697 522 παραστήσασθαι
3747 447 3814 500 τὸ

387 551 584 617 portas
617 539 1034 611 refugerentJd
1059 555 1123 594 ea
1145 538 1240 593 die
1264 537 1475 594 factum
1503 555 1622 608 qua
1673 543 1731 594 et
1771 539 2041 593 triremes

2162 536 2360 591 Γούνιόν
2393 557 2451 592 τε
2479 537 2570 592 καὶ
2601 537 2663 591 τὸ
2692 537 2966 593 Τενέσιον.
3000 535 3076 590 Ti
3114 533 3172 590 δέ
3222 534 3334 590 ἐστι
3379 531 3677 607 κωμύδρια
3729 537 3812 605 τῷ

395 633 589 689 Nilum
623 635 761 685 sunt
792 629 1085 697 ingressa,
1130 632 1188 684 et
1242 645 1341 684 rex
1397 629 1571 699 pedes
1629 629 1831 684 eodem
1862 628 2039 684 venit.

396 719 686 779 Postridie
719 717 1022 773 Sarraceni
1082 717 1269 773 denuo
1320 723 1734 786 convenerunt,
1767 733 1898 773 cum
1926 720 2040 773 Ro-

392 810 583 866 manis
613 810 669 863 in
694 825 900 878 campo
931 808 1166 864 sinuoso
1225 814 1284 864 et
1339 809 1547 865 leniter
1590 810 1660 865 ad
1696 825 1928 865 murum
1959 809 2046 864 in-

391 900 534 955 ﬂexo
559 897 916 953 dimicaturi.
943 897 1049 953 Sed
1071 914 1142 953 ne
1163 902 1287 953 tum
1306 899 1544 970 quidem
1577 899 1661 954 eis
1684 898 2044 954 restiterunt.

384 988 524 1045 Nam
559 988 640 1044 ita
673 987 1031 1060 pugnabant,
1067 990 1132 1042 ut
1160 987 1398 1059 paulum
1440 1004 1474 1044 a
1506 988 1688 1059 portis
1749 985 2045 1060 progressi

390 1093 687 1150 nusquam
721 1095 751 1132 a
782 1076 1215 1132 munitionibus
1246 1077 1632 1134 discederent.
1652 1079 1924 1134 Romanis
1951 1093 2048 1134 au-

391 1173 510 1225 tem
545 1167 932 1236 irruentibus,
967 1165 1216 1222 salutem
1250 1167 1388 1239 fuga
1418 1183 1676 1238 querere
1696 1167 1952 1225 contenti
1984 1167 2044 1222 in

393 1264 592 1330 portas
626 1259 1060 1321 irruunt,suam
1088 1255 1436 1328 phalangem
1461 1257 1732 1314 hostibus
1754 1271 2046 1329 opponere

395 1364 508 1404 non
544 1346 760 1402 ausi.ld
788 1362 890 1417 per
919 1345 1044 1400 dies
1084 1345 1418 1417 complures
1469 1348 1710 1402 factum.
1766 1345 1930 1410 Quod
1979 1362 2046 1403 eo

394 1436 745 1509 pertinebat,
778 1443 842 1490 ut
871 1451 965 1490 res
1003 1435 1282 1498 ostendit,
1340 1438 1405 1488 ut
1463 1434 1709 1490 Romani
1750 1452 1902 1490 vana
1943 1452 2048 1507 spe

395 1526 580 1582 inﬂati
617 1530 856 1596 tempus
883 1529 1157 1580 tererent.
1193 1524 1346 1581 212
1385 1524 1708 1596 Aliquando
1761 1532 1888 1594 post
1931 1530 2046 1581 An-

399 1615 678 1671 dronicus
712 1630 909 1669 muros
941 1614 1112 1669 ferire
1142 1613 1420 1669 arietibus
1452 1630 1565 1670 non
1596 1615 1725 1670 sine
1769 1614 1966 1670 laboro
1993 1619 2051 1671 et

396 1704 660 1776 periculo
690 1701 1038 1774 ccepit.Nam
1074 1702 1306 1757 Berbari
1336 1717 1435 1758 eos
1469 1702 1568 1774 qui
1607 1703 1908 1760 machinas
1955 1704 2051 1760 sd-

2145 631 2243 692 τῆς
2279 626 2556 699 Αἰγύπτου
2596 625 2786 699 ἀμηρᾷ
2850 624 3268 689 καθυπεὶκοντα,
3331 623 3394 678 οὐ
3456 619 3812 698 δυσπρόσοδα

2148 712 2272 768 οὐδὲ
2303 710 2639 788 δυσέμϐολα,
2667 712 2792 770 ἀλλ’
2831 713 2914 790 ἐφ’
2945 714 3141 770 ὑπτίου
3177 715 3400 787 κείμενα
3445 711 3668 782 πεδίου,
3719 714 3811 766 καὶ

2147 811 2276 872 τοὺς
2307 811 2597 875 πλείστους
2637 817 2746 868 τῶν
2795 811 3061 868 κατοίκων
3113 806 3318 888 ἔχοντα
3363 812 3811 886 γνωριζομένους

2149 899 2201 970 ἐξ
2233 900 2504 973 ὀνόματος
2530 905 2629 956 τοῦ
2668 904 2927 976 Χριστοῦ.
2965 902 3056 963 Ὠς
3101 900 3274 974 ἀγαθῇ
3306 905 3438 974 γοῦν
3487 903 3558 972 τῇ
3605 919 3813 973 παραι-

2151 991 2307 1065 φάσει
2380 994 2478 1046 τοῦ
2555 990 2721 1067 ῥηγὸς
2793 991 3031 1055 πεισθεὶς
3078 987 3457 1064 Ἀνδρόνικος,
3515 991 3576 1060 ἢν
3618 990 3816 1064 ᾑρεῖτο

2151 1079 2332 1148 οὗτος,
2406 1077 2687 1155 ἐτράπετο.
2762 1081 2875 1150 Τὴν
2950 1077 2994 1134 δ’
3072 1078 3125 1134 ἐν
3200 1082 3280 1150 τῷ
3331 1079 3527 1152 μεταξὺ
3575 1078 3810 1152 πορείαν

2150 1168 2377 1232 ἀλύπως
2416 1168 2722 1238 ἀνύσαντες,
2776 1171 2859 1231 οἷς
2905 1166 3132 1240 εἴπομεν
3193 1167 3476 1243 φρουρίοις
3532 1161 3814 1242 προσέϐαο

2152 1258 2275 1330 λον,
2350 1259 2442 1314 καὶ
2518 1258 2820 1334 ὁμολόγως
2891 1259 3029 1313 αὑτά
3067 1259 3495 1333 χειρωσάμενοι,
3548 1257 3636 1311 ὅτι
3684 1253 3821 1329 μηδ’

2155 1359 2311 1432 εἶχον
2340 1354 2554 1422 ἔνδοθεν
2585 1357 2891 1435 ἀξιόμαχον
2926 1353 3150 1429 δύναμιν
3181 1357 3273 1410 καὶ
3315 1360 3476 1430 χεῖρα
3508 1353 3700 1423 ἱκανὴν
3738 1354 3823 1416 εἷς

2155 1445 2450 1501 ἀντίπαλον
2496 1451 2692 1521 μοῖραν
2732 1450 2962 1524 χωρεῖν,
3000 1448 3098 1500 τοῦ
3136 1443 3329 1521 πρόσω
3377 1443 3626 1518 εἲχοντο.
3705 1442 3815 1499 Καὶ

2155 1535 2220 1608 δὴ
2253 1541 2333 1610 τῷ
2372 1536 2555 1610 στόλῳ
2611 1537 2975 1611 συμμίξαντες
3024 1533 3134 1605 ἤδη
3184 1537 3284 1599 τὰς
3331 1538 3522 1597 κώπας
3569 1533 3662 1589 ἐπὶ
3719 1537 3823 1588 τοῦ

2153 1636 2431 1708 Ταμιάθου
2482 1635 2743 1714 σχάσαντι
2789 1635 2881 1690 καὶ
2947 1632 3280 1712 ἐφορμῶντι,
3346 1638 3464 1695 τοῖς
3531 1632 3642 1707 πρὸ
3715 1637 3824 1700 τῆς

2153 1721 2370 1784 πόλεως
2409 1721 2560 1784 εὐθὺς
2601 1720 2879 1798 ἐκχυθεῖσι
2943 1721 3034 1776 καὶ
3105 1722 3224 1794 μεθ’
3284 1718 3474 1775 ’ὀπλων
3532 1718 3822 1797 emacem

401 1792 726 1858 movebant,
768 1808 1017 1863 superne
1037 1792 1312 1862 jaciendo
1343 1797 1401 1848 et
1446 1792 1580 1848 telis
1635 1793 1938 1863 grandinis
1983 1792 2043 1848 in

2162 1816 2500 1886 Σαρακηνοῖς
2531 1792 2956 1885 συμμίγνυνται.
2989 1792 3143 1866 Οὕτω
3176 1808 3224 1865 δ’
3280 1807 3577 1880 ἐξέπληξαν
3621 1792 3826 1870 αὑτοὺς

401 1885 640 1940 modum
676 1881 1012 1954 ingerendis
1041 1881 1113 1936 ab
1163 1897 1337 1954 opere
1394 1881 1785 1953 depellebant,
1814 1881 2047 1954 aliaque

405 1970 1003 2029 comminiscebaulur
1031 1970 1100 2026 ad
1137 1969 1414 2027 manium
1439 1969 1860 2028 defensionem.
1894 1972 2052 2029 Nihi-

409 2061 671 2118 lominus
702 2065 922 2132 partem
948 2061 1098 2116 muri
1127 2060 1355 2132 dejecit,
1387 2061 1446 2116 in
1477 2078 1592 2133 quo
1623 2062 1867 2119 celebris
1897 2063 2048 2120 aedes

404 2153 502 2209 Dei
533 2151 857 2208 Genetricis
887 2156 1177 2208 exstructa
1206 2156 1348 2208 erat.
1407 2151 1552 2208 Nam
1612 2153 1692 2210 ibi
1731 2155 2052 2210 narrabant

397 2243 553 2300 cives
572 2241 874 2314 Virginem
909 2241 1152 2297 Matrem
1179 2258 1310 2297 cum
1336 2257 1553 2313 sponso
1569 2243 1820 2314 Josepho
1855 2245 2048 2316 fugam

400 2337 644 2401 stitisse,
678 2349 811 2390 cum
847 2333 1205 2405 sanguinarii
1225 2333 1464 2388 Herodis
1488 2334 1719 2390 motuin
1741 2338 2049 2405 Egyptum

402 2427 688 2496 fugerent.
723 2423 978 2478 Proinde
1022 2422 1324 2478 Sarraceni
1385 2421 1677 2479 Romanos
1737 2423 2053 2480 irridebant

401 2519 459 2572 et
488 2512 884 2570 Andronicum
909 2512 1534 2582 insectabantur,quod
1560 2512 1666 2568 adi
1697 2529 1811 2568 non
1847 2528 2050 2586 peper-

402 2605 672 2663 cissetin
707 2621 825 2675 qua
871 2602 1185 2659 Christiani
1239 2603 1356 2660 Deo
1413 2619 1610 2674 preces
1667 2604 1938 2660 offerrent
1995 2608 2054 2659 et

399 2699 531 2752 vota
561 2693 924 2751 exsolverent
955 2697 1012 2748 et
1040 2710 1149 2748 sua
1207 2693 1482 2766 mysteria
1535 2700 1894 2765 peragerent.
1943 2695 2050 2751 Sed

399 2801 530 2842 cum
565 2803 635 2841 ne
663 2784 748 2840 sic
779 2783 1013 2855 quidem
1049 2784 1372 2854 quidquam
1403 2799 1473 2838 ex
1517 2783 1804 2839 sententia
1853 2800 2054 2841 succe-

407 2876 819 2944 deret,majore
841 2875 1064 2946 impetu
1088 2873 1278 2928 hostes
1303 2873 1661 2928 invadendos
1674 2879 1838 2930 ratus
1859 2890 2052 2946 regem

406 2967 572 3036 adiit,
605 2965 982 3020 vehementer
1011 2964 1240 3018 instans
1269 2968 1330 3016 ut
1357 2967 1411 3018 et
1440 2962 1554 3034 ipsi
1598 2963 1722 3019 suis
1754 2965 2054 3035 productis

402 3056 587 3127 c0piis
620 3057 820 3110 urbem
853 3069 1065 3108 corona
1095 3052 1393 3115 cingerent
1431 3059 1483 3106 et
1517 3051 1567 3106 si
1598 3068 1690 3108 res
1723 3051 2054 3108 facultatem

401 3145 645 3200 haberet
676 3142 850 3199 scalis
882 3141 1132 3197 admotis
1163 3140 1640 3199 conscenderent.
1674 3143 1730 3197 Is
1777 3158 1911 3198 vero
1946 3141 2055 3198 etsi

401 3233 741 3288 institutum
764 3240 822 3286 et
843 3229 1211 3302 prudentiam
1241 3229 1559 3286 Andronici
1579 3230 2057 3295 collaudabat,ta-

404 3338 536 3378 men
564 3321 820 3377 salutare
843 3320 1055 3376 Christi
1078 3319 1413 3392 sepulcrum
1438 3324 1686 3377 teslatus
1707 3337 1770 3376 se
1790 3335 1915 3376 eam
1934 3335 2050 3376 rem

403 3411 570 3484 prius
593 3425 999 3483 aggressurum
1027 3425 1155 3466 esse
1186 3409 1417 3482 negavit
1451 3426 1626 3480 quam
1659 3409 1868 3482 ligneis
1898 3411 2053 3467 2I8

405 3510 596 3556 turres
639 3499 1086 3567 fabricarentur,
1147 3515 1293 3570 quas
1353 3499 1648 3555 manibus
1704 3503 2050 3556 admoveret.

399 3589 705 3660 Jussitque
736 3587 956 3658 palmas
989 3587 1309 3644 suburbani
1339 3589 1535 3658 agriin
1567 3604 1699 3645 eum
1725 3605 1900 3645 usum
1923 3605 2054 3644 suc-

405 3679 542 3736 cidi.
576 3679 737 3746 Quod
773 3695 905 3735 cum
941 3680 1160 3734 factum
1192 3681 1370 3746 esset,
1399 3686 1588 3736 turres
1639 3678 1823 3736 nihilo
1866 3681 2056 3751 magis

405 3769 854 3824 exstruebantnr
884 3769 958 3824 ob
991 3768 1144 3841 regis
1162 3769 1744 3841 procrastinationem
1784 3772 1842 3826 et
1870 3769 2055 3839 tergi-

406 3858 814 3915 versationem.
851 3859 928 3914 Ea
984 3875 1045 3914 re
1101 3858 1286 3915 tristis
1341 3859 1707 3916 Andronicus
1740 3859 2054 3917 exercitum

406 3947 804 4003 miserebatur
849 3949 974 4018 jam
1033 3952 1364 4004 commeatu
1421 3949 1768 4005 destitutum
1817 3953 1876 4004 et
1907 3951 2060 4005 fama

405 4035 855 4108 periclitantem.
911 4037 1057 4092 Nam
1117 4036 1210 4091 alii
1274 4053 1347 4092 ne
1403 4037 1641 4093 obolum
1702 4039 1939 4110 quidem
1985 4039 2059 4095 ad

405 4125 649 4182 emenda
680 4126 896 4182 cibaria
930 4125 1221 4182 habebant
1248 4144 1261 4194 ;
1296 4126 1391 4182 alii
1423 4126 1888 4200 indignabantur
1903 4130 2056 4201 quod

407 4215 701 4288 peculiare
734 4217 920 4272 forum
955 4232 1068 4272 non
1114 4215 1397 4273 habentes
1449 4234 1482 4272 a
1529 4217 2060 4276 frumentatoribus

410 4305 586 4376 regiis
618 4322 829 4378 magna
862 4307 1110 4378 pecunia
1132 4323 1338 4378 parum
1364 4307 1766 4379 impetrarent.
1804 4307 1869 4363 Et
1904 4307 2061 4362 mili-

411 4395 505 4450 tia:
534 4400 767 4466 tempus
790 4396 1145 4466 jampridem
1174 4397 1436 4466 elapsum
1469 4395 1734 4468 querelas
1775 4400 1833 4454 et
1877 4396 2062 4452 mole-

413 4482 556 4537 stias
590 4483 839 4539 militum
873 4484 1142 4556 augebat.
1177 4487 1238 4538 ln
1273 4485 1479 4556 primi
1538 4492 1732 4542 tamen
1782 4485 1974 4541 inanis
2003 4487 2061 4540 et

405 4569 585 4625 irritas
616 4572 938 4628 obsidionis
962 4572 1116 4629 ultra
1137 4573 1261 4629 dies
1275 4574 1706 4648 quinquaginta
1729 4579 2047 4648 prorogata;

409 4660 663 4734 pigebat.
695 4663 836 4718 Cum
870 4671 1063 4720 autem
1095 4662 1240 4718 nihil
1273 4680 1376 4736 per
1410 4664 1782 4735 imperatoris
1831 4665 2055 4722 litteras

411 4764 580 4818 agere
640 4751 832 4808 liceret
891 4752 1005 4808 nisi
1063 4752 1216 4824 quod
1293 4752 1414 4823 regi
1497 4753 1838 4826 placuisset,
1896 4753 2056 4810 illius

411 4840 766 4897 sententiam
797 4841 1169 4914 exspectavit.
1225 4840 1334 4897 Sed
1393 4857 1527 4897 cum
1587 4843 1776 4914 reipsa
1818 4859 2054 4915 compe-

409 4931 580 4989 risset
609 4947 740 4988 eum
775 4931 918 4987 nihil
950 4931 1099 5004 aequi
1154 4930 1349 4987 animo
1406 4931 1627 5003 agitare
1666 4947 1854 5003 neque
1883 4931 2054 5003 quid-

410 5038 583 5094 quam
619 5024 744 5093 opis
767 5023 993 5090 afferre,
1025 5021 1342 5078 exercitum
1377 5037 1506 5078 vero
1533 5021 1592 5078 in
1624 5021 1826 5078 multis
1852 5039 2059 5080 aerum-

409 5113 499 5169 nis
532 5117 589 5169 et
621 5112 895 5186 periculis
926 5111 1148 5168 versari
1180 5110 1417 5180 videret,
1477 5110 1694 5184 quippe
1753 5113 1904 5168 fame
1958 5127 2052 5169 nr-

408 5209 598 5276 gente,
635 5212 697 5259 ut
727 5203 884 5260 214
907 5201 1172 5259 nonnulli
1204 5200 1348 5257 cibis
1388 5200 1688 5258 inusitatis
1738 5205 2056 5269 uterentur,

408 5309 611 5348 omnes
642 5309 776 5349 vero
801 5292 1097 5350 radicibus
1155 5295 1212 5348 et
1269 5290 1596 5364 palmarum
1655 5291 1838 5348 comis
1887 5292 2054 5349 elixis

406 5384 1123 5449 vescerentur,accedebat
1155 5383 1308 5438 fama
1339 5398 1544 5455 parum
1571 5382 1847 5449 secunda,
1870 5399 1903 5440 a
1933 5383 2058 5439 sul-

411 5474 548 5525 tano
581 5472 802 5544 Egypti
833 5477 891 5528 et
919 5473 1303 5528 orientalibus
1355 5472 1644 5528 Arabibus
1689 5471 1925 5543 iamjam
1957 5490 2056 5528 au-

412 5557 554 5616 xilia
572 5561 936 5618 submissum
968 5563 1062 5630 iri,
1095 5568 1151 5620 et
1181 5578 1396 5634 magna
1431 5563 1681 5635 pecunia
1735 5565 2056 5622 conductos

409 5648 637 5722 equites
658 5652 922 5723 Assyrios
949 5651 1009 5708 in
1032 5653 1354 5724 propinquo
1384 5667 1534 5708 esse.
1568 5651 1795 5708 Mortuo
1845 5669 1960 5710 non
1994 5655 2056 5711 in

411 5756 614 5803 aurem
645 5741 1139 5797 insusurrandum
1169 5745 1353 5811 ratus,
1369 5743 1700 5814 contempto
1719 5740 2055 5800 Latinorum

2160 1903 2424 1974 Ῥωμαῖοι
2454 1901 2544 1955 καὶ
2577 1898 2890 1975 διετάραξαν
2922 1904 3001 1971 τῷ
3030 1901 3322 1972 ἀποτοήτῳ
3349 1905 3451 1969 τῆς
3496 1898 3829 1971 ἀντιτάξεως

2161 1990 2236 2052 ὡς
2262 1989 2353 2044 σὺν
2396 1990 2500 2065 βοῇ
2552 2010 2610 2044 τε
2663 1990 2754 2044 καὶ
2809 1991 3039 2064 ταράχῳ
3087 1994 3464 2059 συνωθηθῆναι
3526 1987 3660 2042 εἲσω
3720 2009 3830 2041 πυ-

2162 2087 2297 2160 λων,
2333 2085 2474 2162 μηδὶ
2501 2089 2752 2162 καθαρῶς
2801 2081 3124 2160 ἀντιϐλέψαι
3177 2086 3355 2164 σφίσιν
3398 2087 3822 2159 ὑπενεγκόντας.

2162 2179 2265 2236 Καὶ
2295 2183 2456 2233 τοῦτο
2493 2177 2586 2252 μὶν
2621 2179 2766 2233 οὕτω
2812 2180 2911 2247 τῆς
2957 2179 3170 2252 ἡμέρας
3223 2177 3435 2247 ἐκείνης
3477 2173 3828 2252 πέπρακται,

2162 2268 2282 2332 καθ’
2311 2269 2378 2338 ἣν
2410 2268 2462 2322 αἱ
2498 2267 2590 2342 μὲν
2619 2271 2864 2342 τριήρεις
2904 2271 2982 2339 τῷ
3031 2265 3216 2340 Νείλῳ
3266 2265 3663 2342 προσώκειλαν,
3697 2268 3726 2321 ὁ
3763 2265 3830 2322 δὲ

2294 2362 2432 2431 πεζῇ
2462 2355 2813 2433 παρεγένετο·
2853 2363 2922 2433 τῇ
2958 2355 3007 2412 δ’
3039 2356 3294 2432 ὑστεραίᾳ
3346 2355 3509 2413 πάλιν
3538 2357 3587 2412 οἱ
3627 2364 3829 2433 Σαρα-

2162 2447 2322 2518 κηνοὶ
2399 2445 2925 2520 συμπλακησόμενοι
2997 2448 3299 2520 Ῥωμαίοις
3377 2445 3825 2514 συνεληλύθεσαν

2162 2538 2299 2592 κατᾶ
2333 2537 2397 2592 τὸ
2446 2537 2554 2611 πρὸ
2608 2543 2710 2605 τῆς
2748 2535 2966 2597 πόλεως
3011 2533 3300 2600 κολπῶδες
3337 2533 3524 2591 πεδίον
3559 2534 3652 2590 καὶ
3696 2535 3828 2590 ἐπι-

2164 2627 2376 2700 καμπὲς
2403 2627 2586 2698 ἠρέμα
2614 2626 2735 2700 περὶ
2769 2626 2831 2681 τὸ
2860 2631 3069 2701 τεῖχος.
3131 2625 3288 2694 Πλὴν
3339 2623 3464 2680 οὑδὲ
3509 2625 3636 2680 τότε
3687 2625 3834 2682 Ῥω-

2167 2724 2362 2800 μαίους
2412 2723 2731 2794 ὑπέστησαν.
2767 2727 2891 2781 Τῶν
2935 2725 3040 2800 γὰρ
3084 2723 3273 2780 πυλῶν
3315 2723 3438 2779 ὅσον
3477 2723 3827 2798 ἀποσχόντες

2167 2816 2345 2890 βραχὺ
2376 2813 2463 2869 καὶ
2499 2811 2733 2887 μηδαμῆ
2760 2817 2856 2869 τοῦ
2915 2815 3382 2890 προτειχίσματος
3439 2814 3826 2892 ἀφιστάμενοι,

2167 2904 2313 2959 οὕτω
2347 2901 2608 2959 διετίοουν
2651 2904 2742 2958 τὸν
2777 2901 3051 2977 πόλεμον
3113 2903 3187 2966 ὡς
3239 2900 3283 2958 δ’
3329 2901 3411 2958 ἐπ’
3462 2901 3658 2966 αὐτοὺς
3710 2901 3834 2979 ὤρ-

2169 3022 2343 3078 μηντο
2381 3003 2652 3074 Ῥωμαῖοι
2716 3001 2877 3076 μόνον
2903 3001 2965 3057 τὸ
2997 3002 3186 3057 παθεῖν
3232 3006 3414 3063 κακῶς
3463 2998 3822 3079 φυλαττόμεο

2165 3113 2250 3148 νοι
2289 3089 2564 3147 ἐνέκλινον
2607 3091 2684 3154 εἰς
2748 3092 2926 3170 φυγὴν
2985 3090 3074 3145 καὶ
3129 3087 3216 3145 διὰ
3275 3095 3384 3145 τῶν
3442 3089 3632 3144 πυλῶν
3675 3089 3832 3144 εἷσε-

2119 3188 2131 3244 ζ
2168 3181 2380 3257 χέοντο,
2425 3183 2502 3255 μή
2543 3180 2813 3257 εὐθύωρον
2855 3183 2998 3255 ἄγειν
3043 3181 3118 3243 εἷς
3158 3181 3284 3244 τοὺς
3342 3180 3652 3255 πολεμίους
3715 3183 3824 3249 τήν

2165 3271 2369 3329 ἐαυτῶν
2401 3268 2834 3346 ἀποθαῤῥοῦντες
2861 3269 3135 3348 φάλαγγα’
3168 3270 3258 3325 καὶ
3287 3274 3451 3326 τοῦτο
3479 3269 3569 3325 ἐπὶ
3599 3269 3831 3333 πολλὰς

2162 3361 2377 3438 ἡμέρας
2442 3359 2673 3438 ἐγίνετο.
2717 3362 2818 3418 ἸΙν
2870 3357 2928 3416 δὲ
2983 3361 3019 3430 ἡ
3077 3360 3378 3437 στρατηγία
3446 3359 3581 3432 αὕτη
3648 3358 3830 3434 μηδὲν

2165 3449 2308 3506 ἄλλο
2341 3447 2631 3524 δυναμένη,
2669 3450 2742 3512 ὡς
2790 3446 3077 3517 δέδεικται,
3121 3450 3157 3518 ἢ
3213 3451 3526 3525 Ῥωμαίους
3582 3472 3832 3506 κατασο-

2165 3552 2436 3628 φίζεσθαι,
2467 3550 2616 3613 ’ὁπως
2650 3548 2766 3619 εἰκῆ
2797 3543 3249 3625 χρονοτριϐὦσιν,
3282 3547 3465 3604 ἐλπίσι
3502 3551 3578 3622 μὴ
3623 3570 3824 3624 περαι-

2165 3638 2419 3714 νομέναις
2461 3637 2900 3714 ὑποσυλώμενοι.
2941 3635 3171 3711 Ἀμέλει
3225 3660 3310 3694 τοι
3371 3637 3468 3701 τὰς
3529 3636 3825 3703 ἑλεπόλεις

2164 3730 2219 3792 ἐς
2285 3728 2458 3784 νέωτα
2521 3729 2880 3806 προσαγαγὼν
2933 3729 2960 3783 ὁ
3023 3724 3366 3802 Ἀνδρόνικος
3414 3729 3515 3784 οὐκ
3572 3728 3824 3804 ἄμογητῖ

2166 3818 2254 3874 καὶ
2287 3815 2579 3881 ἀκινδύνως
2626 3818 2689 3873 τὸ
2742 3823 2929 3893 τεῖχος
2978 3813 3219 3872 ἔτυπτεν·
3274 3818 3328 3872 οἱ
3382 3819 3483 3892 γὰρ
3544 3813 3824 3892 βάρϐαροι

2165 3909 2291 3969 τοὺς
2367 3907 2832 3983 διαπειρωμένους
2906 3911 3014 3962 τῶν
3095 3927 3517 3982 μηχανηματων
3573 3901 3822 3963 ἔϐαλλον

2169 3997 2362 4073 ὑψόθεν
2389 3999 2480 4052 καὶ
2526 4000 2624 4051 τοῦ
2672 3992 2835 4073 ἔργου
2885 3994 3225 4064 ἀπεκώλυον,
3273 3995 3409 4070 βέλη
3466 4017 3524 4050 τε
3574 3992 3825 4075 νιφάδων

2168 4085 2409 4150 ἀφιέντες
2440 4085 2742 4159 πυκνότερα
2768 4085 2858 4139 καὶ
2906 4084 3353 4147 ἀντεπινοοῦντες
3393 4083 3462 4140 τὰ
3516 4089 3592 4156 τῷ
3636 4082 3824 4160 τείχει

2169 4177 2432 4248 σωτήρια.
2466 4175 2685 4250 Ἴσχυσε
2716 4169 2772 4228 δὲ
2803 4172 2892 4227 καὶ
2924 4171 3067 4227 οὕτω
3098 4171 3305 4247 κόρσην
3343 4175 3659 4247 κατερεῖψαι
3712 4173 3826 4228 τείο

2168 4285 2332 4342 χους,
2372 4264 2452 4343 ἐφ’
2493 4265 2554 4319 οὗ
2593 4260 2802 4334 κηῶδες
2860 4260 3044 4337 ἵδρυτο
3097 4261 3322 4336 τέμενος
3378 4265 3446 4335 τῇ
3507 4263 3828 4337 Θεομήτορι

2169 4365 2536 4438 ἀνακείμενον.
2603 4359 2799 4432 νῌδετο
2858 4357 2914 4417 δὲ
2955 4366 3071 4423 τοῖς
3117 4360 3302 4424 ἀστοῖς
3344 4357 3453 4416 ἐκεῖ
3503 4381 3609 4415 που
3674 4362 3820 4416 παύ-

2169 4464 2358 4518 σασθαι
2387 4456 2484 4508 τοῦ
2516 4450 2723 4507 πλάνου
2778 4452 2877 4521 τὴν
2930 4450 3378 4526 μητροπάρθενον
3433 4447 3645 4521 σύναμα
3699 4451 3823 4507 Ἰω·

2087 4569 2132 4634 D
2171 4544 2280 4620 σήφ
2309 4547 2390 4616 τῷ
2419 4543 2709 4617 μνήστορι,
2739 4539 2904 4596 ὁπότε
2948 4538 3024 4602 εἷς
3080 4537 3352 4614 Αἴγυπτον
3403 4537 3665 4614 ὣρμηντο
3716 4539 3815 4596 τὸν

2164 4630 2502 4710 παιδοφόνον
2531 4627 2784 4708 Ἡρώδην
2808 4626 3172 4692 ἐκκλίνοντες.
3206 4629 3273 4688 Οἱ
3295 4629 3476 4686 τοίνυν
3501 4629 3823 4702 Σαρακηνοὶ

2165 4721 2521 4779 ἀπέσκωπτον
2572 4721 2626 4786 ἐς
2661 4718 2995 4793 Ῥωμαίόυς,
3053 4719 3143 4775 καὶ
3202 4714 3418 4796 ὕϐρεσιν
3466 4717 3823 4795 ’Δνδρόνικον

2166 4807 2396 4869 ἔπλυνον
2428 4814 2520 4868 οἷα
2552 4813 2627 4885 μὴ
2662 4807 2978 4890 φειδόμενον
3010 4810 3114 4865 νεὼ
3140 4810 3260 4864 καθ’
3307 4809 3472 4883 οὗπερ
3515 4805 3823 4878 ἐγκλησιά-

2170 4917 2345 4982 ζοντες
2373 4913 2436 4968 τὸ
2478 4908 2863 4986 χριστώνυμον
2916 4908 2984 4964 τὰ
3040 4907 3219 4964 οἰκεῖα
3272 4907 3553 4964 τελοῦνται
3599 4909 3822 4980 μυστή-

2167 5022 2279 5078 ρια,
2319 5007 2396 5071 πῆ
2433 5000 2526 5073 μὲν
2576 5000 2998 5075 προσευκτήρια,
3056 5003 3132 5067 πῆ
3199 4995 3258 5053 δὲ.
3311 4999 3405 5053 καὶ
3479 5000 3825 5073 χαριστήρια

2166 5089 2406 5163 ᾅδοντες.
2435 5091 2523 5152 Ὠς
2554 5088 2608 5145 δὲ
2641 5087 2754 5144 οὐδ’
2805 5089 2956 5143 οὕτω
3005 5087 3072 5144 τὰ
3123 5087 3261 5142 κατά
3303 5091 3427 5142 νοῦν
3469 5085 3824 5162 ’Δνδρόνικος

2167 5173 2486 5256 ἐξεπέλραινε,
2520 5176 2610 5234 διὰ
2666 5173 2986 5254 προσϐολῆς
3026 5176 3385 5254 ἰσχυροτέρας
3436 5174 3577 5254 ἔγνω
3632 5178 3820 5250 πειρὰ-

2168 5291 2357 5344 σασθαι
2386 5282 2491 5335 τῶν
2523 5277 2692 5340 ἐντός.
2734 5277 2836 5334 Καὶ
2870 5275 2936 5347 δὴ
2979 5281 3058 5348 τῷ
3107 5275 3234 5352 ῥηγὶ
3282 5277 3424 5350 πρὸς
3475 5274 3674 5350 λόγους
3724 5273 3820 5331 ἐλ-

2166 5369 2272 5426 θὼν
2307 5368 2464 5446 ἐνῆγε
2494 5373 2765 5434 κακεῖνον,
2796 5363 2971 5428 πολὺς
3005 5364 3341 5440 ἐγκείμενος,
3402 5363 3681 5442 ἐξαγαγεῖν
3721 5365 3823 5434 τὴν

2166 5459 2414 5534 στρατιὰν
2442 5457 2533 5515 καὶ
2562 5458 2624 5514 τὸ
2657 5463 2844 5535 τεῖχος
2887 5455 3022 5510 ἅπαν
3073 5450 3375 5522 διαλαϐεῖν,
3425 5452 3524 5509 κᾶν
3586 5453 3633 5509 εἰ
3681 5474 3820 5528 προ·-

2165 5555 2381 5634 χωροίη
2413 5556 2482 5612 τὰ
2535 5559 2634 5612 τοῦ
2689 5552 2867 5630 ἔργου,
2909 5552 3000 5610 καὶ
3063 5549 3294 5624 κλίμαξι
3353 5554 3671 5632 χρήσασθαι
3729 5553 3818 5608 καὶ

2163 5647 2291 5710 τοὺς
2323 5643 2806 5722 ἂναῤῥιχωμόνους
2837 5640 3130 5722 διαφεῖναι.
3159 5642 3224 5701 Ὁ
3254 5639 3312 5697 Si
3358 5640 3546 5716 ἐπῄνει
3599 5642 3698 5716 μὲν
3753 5642 3820 5698 τὰ

2169 5734 2435 5814 λεγόμενα
2459 5736 2548 5792 καὶ
2580 5739 2689 5792 τῶν
2722 5729 3030 5811 εὔμεθόδων
3087 5729 3479 5810 βουλευμάτων
3535 5731 3818 5805 ἀπεθείαζε
