4066 6214
274 354 404 420 509

1340 354 1438 413 DE
1483 352 1864 415 MANUELE
1907 354 2293 418 COMNENO
2337 359 2486 419 LIB.
2536 360 2613 420 ν.

3575 351 3696 410 510

275 489 372 542 τὸν
416 479 788 558 Ἀνδρόνικον,
820 481 925 538 οὐκ
949 480 1134 545 ἃλλως
1197 481 1255 539 δὲ
1314 489 1394 555 τῷ
1450 484 1726 560 πράγματι
1755 483 1937 560 ἔγχει-

2055 489 2196 544 laetu
2228 489 2316 546 vel
2383 487 2546 545 solus
2604 485 2742 544 belli
2795 487 3089 542 fortunam
3148 482 3392 556 experiri
3421 482 3692 538 decrevit.

277 579 468 651 ρήσειν
504 568 888 628 διεϐεϐαιοῦτο
943 573 1033 628 καὶ
1093 571 1404 641 διετείνετο,
1445 573 1536 628 τὸν
1577 577 1673 628 τοῦ
1702 575 1942 648 Χριστοῦ

274 666 449 740 τάφον
510 661 589 724 εἷς
641 661 805 736 ὅρκον
863 657 1332 737 παραλαμϐάνων,
1387 661 1432 716 εἰ
1526 663 1601 735 μή
1684 663 1946 737 πρότερον

275 753 478 826 πύργοι
512 754 1015 822 τεκτονηθήσονται
1047 751 1254 822 ξύλινοι
1295 750 1384 805 καὶ
1441 751 1671 815 τούτους
1725 750 1944 821 ἐπιστή-

277 863 358 897 σει
389 847 511 902 τοῖς
543 843 780 915 τείχεσι.
835 841 939 896 Καὶ
997 845 1167 896 ταῦτα
1225 838 1402 915 λέγων
1437 839 1689 896 ἐπὲττατε
1716 840 1842 902 τοὺς
1872 842 1942 914 τῇ

275 931 440 987 πόλει
473 931 936 1007 παραπεφυκότας
968 930 1214 1007 φοίνικας
1272 931 1546 1003 καθαιρεῖν
1575 929 1664 984 καὶ
1696 929 1772 991 εἰς
1803 929 1940 1004 πύρ-

274 1043 388 1097 γων
421 1021 676 1091 ἀποξὲειν
714 1021 1003 1094 ὑψώματα.
1037 1021 1106 1078 Οἱ
1148 1020 1242 1092 μὲν
1276 1017 1367 1074 οὖν
1411 1019 1623 1093 εὐυψεῖς
1654 1019 1743 1074 καὶ
1775 1019 1942 1093 ἀκρόο

275 1131 446 1182 κομοι
470 1109 714 1187 φοίνικες
745 1108 1136 1183 ἀπετέμνοντο,
1167 1109 1256 1164 καὶ
1286 1108 1353 1164 τὰ
1382 1107 1526 1178 ἄλση
1556 1113 1666 1163 τῶν
1707 1105 1943 1182 δένδρων

275 1197 614 1252 ἀπεκενοῦτο
650 1238 665 1264 ,
748 1196 1006 1270 ἐψιλοῦτο
1092 1196 1230 1258 ἆπας
1315 1193 1679 1272 παράδεισος,
1761 1195 1829 1250 τὰ
1886 1193 1944 1251 δὲ

275 1290 386 1340 τῶν
431 1284 660 1360 πύργων
693 1281 1056 1360 δοκανώματα
1083 1285 1173 1342 καὶ
1219 1287 1254 1355 ἡ
1309 1285 1516 1341 τούτων
1570 1285 1793 1362 ἁρμογὴ
1852 1284 1943 1340 καὶ

270 1374 572 1448 ἀπάρτισις
604 1374 975 1449 ἓξεπεραίνετο
1007 1373 1272 1447 οὐδαμοῦ
1308 1375 1336 1430 ὁ
1376 1375 1480 1449 γὰρ
1655 1372 1707 1436 ἒς
1747 1371 1944 1442 ἡλίους

276 1465 526 1537 μακροὺς
557 1465 802 1520 ἀπετίθει
841 1466 903 1521 τὸ
931 1465 1295 1539 γενησόμενον
1362 1464 1414 1528 ἐς
1473 1465 1664 1540 αὔριον
1709 1465 1790 1519 hat
1825 1483 1943 1525 πως

271 1551 769 1628 ἀναϐαλλόμενος,
797 1553 937 1628 μηδὲ
967 1558 1033 1612 τὰ
1064 1553 1368 1633 δεδογμένα
1397 1560 1646 1630 πληρῶν.
1681 1557 1863 1612 Ταῦτα
1894 1551 1942 1608 δ’

274 1647 422 1721 ὁρῶν
482 1644 839 1722 Ἀνδρόνικος
895 1646 1099 1722 ἤχθετο
1154 1647 1272 1719 μὶν,
1303 1647 1332 1700 ’ὀ
1373 1645 1699 1719 λειπόμενον
1733 1645 1820 1715 ἦν,
1851 1644 1942 1700 καὶ

282 1739 631 1810 κατῴκτειρε
676 1738 774 1804 την
827 1736 1077 1811 στρατιὰν
1134 1737 1317 1792 σιτίων
1347 1735 1455 1807 ἤδη
1520 1739 1604 1810 [Ρ.
1647 1737 1771 1809 107]
1805 1755 1942 1791 σπα-

2047 578 2484 650 Convocaloque
2504 579 2753 633 exercitu
2778 578 2846 630 ad
2879 575 3032 631 hunc
3063 574 3302 629 modum
3361 571 3639 629 disseruit
3672 587 3686 628 :

2051 691 2078 719 ‹‹
2111 667 2181 722 Et
2211 669 2302 723 hic
2335 668 2433 723 diu
2501 667 2849 724 commorari
2908 665 3221 720 molestum
3278 669 3368 717 est
3400 680 3413 729 ;
3448 668 3504 717 et
3535 661 3694 716 nulla

2049 757 2211 814 clade
2253 758 2324 813 iis
2349 758 2513 813 illata
2543 774 2688 829 quos
2716 759 3114 828 Oppugnatum
3150 753 3376 818 ivimus,
3397 767 3462 805 ac
3492 750 3691 806 vacuis

2049 849 2254 905 reverti
2288 849 2563 904 manil-us
2597 849 3029 914 turpissimum.
3064 849 3322 914 Utroque
3349 858 3482 896 vero
3530 843 3696 911 pejus

2048 945 2135 994 est
2151 939 2862 1010 summaequedementiaa,
2893 934 3274 1008 parereviroa
3298 933 3695 987 Romanorum

2049 1028 2370 1085 commodis
2394 1044 2639 1100 prorsus
2660 1024 2996 1082 abhorrenti
3027 1029 3083 1082 et
3109 1021 3293 1079 nihilo
3329 1020 3539 1076 melius
3561 1034 3698 1090 erga

2051 1134 2158 1174 nos
2188 1117 2394 1173 aﬂ'ecto
2423 1134 2593 1189 quam
2627 1116 2739 1188 ipsi
2772 1115 2992 1172 hostes.
3060 1118 3184 1171 Non
3227 1111 3437 1167 videtis
3483 1113 3548 1164 ut
3597 1124 3698 1163 rex

2048 1206 2264 1263 vallum
2296 1205 2462 1278 longe
2493 1224 2525 1262 a
2575 1211 2773 1262 nostro
2825 1203 3258 1272 communierit,
3319 1216 3508 1271 neque
3559 1197 3697 1253 inde

2050 1299 2314 1371 prodeat,
2337 1297 2532 1353 socius
2561 1301 2620 1352 et
2657 1295 3090 1352 contmderatus
3130 1296 3349 1355 noster,
3383 1307 3498 1346 non
3530 1291 3705 1344 secus

2050 1405 2115 1444 ac
2147 1387 2196 1444 si
2235 1388 2302 1442 ad
2342 1388 2549 1442 festum
2571 1390 2628 1441 et
2653 1383 3050 1456 spectaculum
3076 1382 3350 1439 invitatus
3381 1383 3558 1445 esset,
3577 1394 3693 1434 non

2049 1483 2245 1535 autem
2277 1477 2777 1532 bellisocietatem
2824 1472 3128 1528 nobiscum
3175 1470 3445 1527 coisset?
3501 1483 3695 1524 nonne

2047 1569 2202 1625 idem
2233 1575 2290 1624 et
2320 1567 2523 1622 hostes
2549 1565 2732 1621 nostri
2767 1563 3010 1630 faciunt,
3071 1578 3204 1618 cum
3264 1559 3446 1614 dilata
3501 1572 3700 1629 pugna

2049 1659 2202 1714 intra
2225 1657 2439 1712 maenis
2469 1672 2530 1711 se
2555 1653 2901 1710 continent?
2925 1653 3119 1722 itaque
3149 1649 3332 1704 vereri
3362 1646 3505 1702 mihi
3545 1645 3704 1700 subit

2050 1766 2122 1806 ne
2154 1765 2268 1804 non
2303 1747 2476 1802 modo
2510 1745 2685 1801 rebus
2743 1744 2977 1798 infectis
3033 1739 3428 1803 discedamus.
3486 1737 3588 1792 sed
3630 1750 3703 1791 ne

275 1826 530 1895 νίζουσαν
563 1827 656 1880 καὶ
716 1825 870 1900 λιμῶ
927 1828 1103 1880 θανεῖν
1154 1823 1589 1898 κινδυνεύουσαν,
1647 1826 1737 1880 καὶ
1811 1824 1939 1887 τοὺς

2055 1841 2230 1898 vitam
2256 1838 2491 1910 quidem
2526 1843 2783 1892 nostram
2815 1833 2956 1890 tueri
2992 1833 3310 1905 possimus.
3333 1829 3530 1900 Neque
3560 1826 3705 1882 mihi

273 1917 370 1988 μὲν
418 1913 556 1987 μηδ’
590 1911 799 1970 ὀϐολοῦ
832 1915 1198 1990 εὐποροῦντας
1237 1915 1311 1978 ὡς
1370 1914 1550 1995 ἔχοιεν
1609 1915 1675 1970 τὰ
1704 1916 1840 1991 πρὸς
1871 1915 1934 1970 τὸ

273 2010 374 2078 ζῇν
404 2005 799 2079 ἐξωνούμενοι,
830 2005 954 2068 τοὺς
995 2003 1051 2060 δὲ
1108 2003 1551 2082 δυσχεραίνοντας
1608 2005 1684 2070 ὡς
1730 2005 1932 2061 οἰκείαν

276 2096 351 2169 μή
387 2093 618 2170 ἔχοντες
675 2096 905 2170 ἀγορὰν,
960 2093 1189 2151 πλεῖστα
1246 2101 1364 2157 τοῖς
1420 2094 1508 2150 ἐπὶ
1558 2102 1658 2166 τῆς
1688 2096 1933 2171 σιτηγίας

271 2187 688 2256 κατατιθέμενοι
719 2188 817 2239 τοῦ
846 2185 1037 2258 ῥηγὸς,
1070 2183 1275 2260 ὀλίγων
1325 2186 1602 2261 ηὐπόρουν
1659 2191 1766 2240 τῶν
1799 2185 1937 2259 πρὸς

269 2271 538 2332 ἴστίασιν,
589 2274 697 2330 Καὶ
739 2274 767 2329 ὁ
823 2273 1228 2348 συντεθειμένος
1285 2272 1343 2330 δὲ
1399 2275 1601 2354 χρόνος
1650 2275 1717 2351 τῇ
1774 2295 1935 2351 στραο

270 2369 393 2436 rei;
431 2363 604 2420 πάλαι
640 2363 991 2438 ἐκμετρηθεῖς
1033 2363 1374 2441 σχτελιάζειν
1418 2364 1587 2421 ἐποίει
1617 2365 1706 2420 καὶ
1737 2363 1939 2443 δυστο-

275 2459 420 2528 ρεῖν,
460 2455 564 2528 πρὸ
597 2451 655 2508 δὲ
685 2455 904 2510 πάντων
935 2457 969 2525 ἡ
1000 2456 1130 2524 κενὴ
1171 2455 1262 2510 καὶ
1293 2455 1558 2526 ἀνόνητος
1619 2453 1933 2535 προσεδρία,

274 2541 494 2615 ἡμέρας
554 2537 832 2618 ὑπερϐᾶσα
907 2546 1262 2614 πεντήγοντα.
1322 2543 1415 2608 Εἷς
1500 2543 1682 2618 ἑτέραν
1751 2541 1809 2598 δὲ
1859 2547 1934 2617 μὴ

276 2628 428 2707 ἔχων
486 2630 698 2688 ἀπιδεῖν
755 2633 1027 2710 ἐργασίαν,
1060 2634 1142 2690 ὅτι
1202 2632 1343 2708 μηδέ
1390 2634 1518 2690 εἶ’ων
1550 2633 1708 2690 αὐτὸν
1749 2634 1816 2690 τὰ
1841 2639 1939 2690 τοῦ

277 2723 562 2798 βασιλέως
597 2724 899 2800 γράμματα
948 2725 1094 2787 ὅλως
1152 2723 1419 2802 ἐγχειρεῖν
1461 2723 1494 2779 ἄ
1527 2726 1602 2798 μή
1647 2725 1731 2796 εἲη
1763 2725 1936 2781 ἀσπά-

277 2830 368 2863 σια
402 2814 482 2880 τῷ
525 2809 678 2885 ῥηγὶ,
718 2812 958 2879 καθῆστο
995 2809 1317 2885 καραδοκῶν
1366 2811 1428 2867 τὸ
1488 2810 1594 2866 ὰπδ
1645 2815 1741 2866 τοῦ
1773 2812 1939 2886 ῥηγὸς

279 2895 596 2971 ἒνδόσιμον.
634 2900 784 2956 Ἑπεί
812 2896 858 2953 δ’
892 2897 1043 2955 οὐδέν
1079 2921 1131 2956 τι
1173 2900 1417 2977 χρηστὸν
1474 2899 1599 2956 οὐδὲ
1634 2899 1849 2976 μέτριον
1882 2898 1941 2955 ἐκ

272 2993 387 3042 τῶν
420 2991 812 3063 πραττομένων
844 2986 1219 3064 κατελάμϐανε
1246 2991 1338 3045 τὸν
1405 2987 1573 3066 ἄνδρα
1626 2987 1941 3064 διανοούμε-

274 3099 370 3131 νον
407 3080 549 3149 μήτε
583 3079 694 3151 μὴν
726 3073 1224 3153 προσλαμϐάνοντα
1261 3079 1351 3134 καὶ
1401 3083 1808 3154 συμμογοῦντα,
1847 3079 1936 3134 καὶ

303 3168 316 3187 Ι
389 3164 442 3198 λ-
519 3167 531 3184 Π
748 3166 764 3188 ‘
836 3169 849 3186 9
1305 3169 1320 3187 \
1371 3169 1386 3188 ν
1673 3169 1683 3186 σ
1884 3170 1897 3186 \

268 3186 352 3230 εις
387 3184 542 3222 δεινα
573 3165 631 3222 δὲ
675 3189 766 3221 και
824 3171 1087 3244 αμήχανα
1144 3168 1330 3225 πολλα
1368 3189 1775 3242 εμπεπτωκεναι
1839 3189 1936 3238 την

268 3262 530 3335 στρατιὰν
564 3260 708 3335 ὁρῶν
750 3257 1193 3332 κινδυνεύουσαν,
1237 3262 1328 3315 οἷα
1382 3265 1479 3316 τοῦ
1507 3261 1678 3334 λιμοῦ
1732 3255 1943 3316 ἐπιϐρί-

269 3366 464 3417 Ocno;
505 3350 596 3405 καὶ
635 3348 828 3412 δεινῶς
894 3346 1355 3427 ἐπιϐοσκομένου,
1398 3351 1470 3414 ὡς
1527 3353 1785 3406 ἅπτεσθαι
1835 3355 1942 3406 τῶν

270 3441 744 3516 ἀπηγορευμένων
786 3441 972 3496 σιτίων
1035 3444 1205 3511 τινας,
1238 3442 1440 3506 πάντας
1498 3438 1547 3496 δ’
1586 3443 1739 3516 ὁμῶς
1793 3439 1946 3516 ῥιζο-

270 3537 470 3611 φαγεῖν
502 3531 722 3592 καὶτὰς
786 3535 894 3586 τῶν
955 3531 1214 3610 φοινίκων
1277 3529 1562 3608 δρέπεσθαι
1621 3515 1800 3604 κόμας
1854 3515 1945 3585 καὶ

275 3622 501 3678 δεῖπνον
566 3619 796 3695 ἕψοντας
855 3621 1274 3697 παρατίθεσθαι,
1343 3621 1446 3677 οὐκ
1499 3621 1692 3697 ἀγαθαὶ
1743 3618 1800 3676 δὲ
1855 3621 1946 3676 καὶ

275 3721 462 3786 σῆμαι
497 3707 916 3787 προσέϐαλλον,
948 3711 1074 3766 ὅσον
1135 3710 1288 3766 οὔπω
1345 3711 1658 3786 ξενολογίαν
1686 3716 1805 3774 τοῖς
1843 3732 1947 3766 πο-

274 3802 714 3877 λιορκουμένοις
749 3800 1025 3880 ἀφίξεσθαι
1050 3799 1110 3856 ἔκ
1148 3821 1206 3856 τε
1233 3804 1330 3856 τοῦ
1364 3801 1661 3856 σουλτάνου
1716 3807 1816 3871 τῆς
1847 3799 1946 3858 Αἶ-

274 3894 500 3969 γόπτου
532 3891 625 3946 καὶ
655 3895 763 3946 τῶν
796 3891 932 3966 πρὸς
979 3890 1270 3967 ἀνίσχοντα
1325 3891 1486 3961 ἣλιον
1549 3886 1818 3966 Ἀράϐων,
1856 3889 1946 3945 καὶ

278 3982 581 4056 Ἀσσυρίαν
616 3979 674 4036 δὲ
701 3977 876 4036 ’ἕππον
906 3979 1220 4055 ὲωνημὲνην
1243 3979 1461 4052 πολλὴν
1495 3978 1732 4057 ἃγχιστα
1781 3981 1944 4053 εἶναι,

283 4074 439 4147 ἀφεῖς
475 4073 613 4147 πρὸς
654 4070 746 4132 οὖς
774 4071 954 4144 νεκρῷ
986 4068 1329 4146 διαλέγεσθαι
1376 4069 1466 4127 καὶ
1521 4072 1620 4141 τὴν
1657 4073 1947 4142 Λατινικὴν

281 4160 653 4233 ἒξουδενώσας
708 4161 940 4234 κόρυζαν
1002 4158 1438 4225 ἐπαποδόσασθαι
1490 4161 1582 4216 καὶ
1651 4161 1818 4236 μόνος
1847 4164 1946 4233 τήν

283 4257 386 4308 τοῦ
425 4251 682 4325 πολέμου
713 4251 956 4328 κέκρικεν
987 4249 1253 4324 ἅμιλλαν.
1311 4249 1717 4322 Ἐκκλησιάσας
1770 4252 1950 4308 τοίνυν

283 4342 391 4408 τῆν
422 4341 702 4414 στρατιὰν,
737 4365 764 4393 ‹‹
799 4339 895 4394 Καὶ
925 4341 986 4396 τὸ
1025 4337 1232 4408 ἐνθάδε,
1265 4364 1294 4392 ››
1361 4341 1546 4417 φησὶν,
1579 4362 1604 4394 ο
1667 4341 1753 4398 ἰπὶ
1805 4342 1948 4398 πολὺ

292 4431 474 4504 μένειν
503 4432 746 4507 ἀνιαρὸν,
812 4430 900 4486 καὶ
947 4431 1010 4486 τὸ
1070 4428 1240 4505 μηδέν
1298 4451 1350 4486 τι
1411 4427 1735 4508 δεδρακότας
1765 4432 1950 4501 κακὸν,

286 4523 408 4576 πάθ’
501 4519 578 4575 ὧν
663 4521 1017 4593 ἐπήλθομεν,
1103 4520 1291 4597 χερσὶν
1364 4521 1685 4594 ἐπανηκὲναι
1771 4527 1949 4586 κεναῖς

291 4607 614 4686 αῖσχιστονο
647 4615 835 4689 χεῖρον
864 4606 912 4664 δ’
939 4609 1144 4688 ἀμφοῖν
1171 4609 1380 4666 τούτων
1447 4609 1537 4667 καὶ
1590 4612 1666 4685 μὴ
1699 4615 1775 4684 νῷ
1814 4608 1958 4666 διοι-
1989 4601 2034 4664 D

292 4700 589 4774 κουμὲνων
643 4698 894 4774 ἄντικρυς
959 4698 1118 4775 ἔργον
1171 4700 1234 4754 τὸ
1300 4700 1574 4766 πείθεσθαι
1624 4697 1778 4776 ἀνδρῖ
1850 4700 1957 4757 οὐχ

294 4791 447 4852 Ξπως
479 4791 603 4845 κατ’
658 4785 813 4844 οὐδὲν
873 4787 1204 4864 ξυγκειμένῳ
1234 4791 1332 4860 τὴν
1372 4791 1599 4866 γνώμην
1633 4789 1956 4863 Ῥωμαίοις,

296 4879 441 4935 ἀλλὰ
484 4880 577 4935 καί
608 4883 716 4933 τῶν
747 4876 957 4952 ἐχθρῶν
987 4875 1181 4935 οὔκουν
1212 4876 1535 4955 διακειμένῳ
1579 4879 1822 4953 ἄμεινον.
1880 4879 1958 4938 Οὐ

297 4973 505 5026 συνίετε
528 4970 685 5030 ὅπως
727 4968 755 5022 ὁ
785 4965 885 5042 ῥήξ
925 4968 1012 5023 τὸν
1047 4968 1259 5023 οἰκεῖον
1307 4969 1527 5048 χάρακα
1561 4973 1659 5025 τοῦ
1689 4969 1959 5046 ἡμετέρου

303 5060 492 5136 βαλὼν
536 5056 736 5114 ἂποθεν
768 5057 1008 5132 πρόεισιν
1044 5055 1157 5114 οὐδ’
1187 5057 1334 5121 ὅλως
1367 5058 1564 5115 ἐκεῖθεν
1622 5061 1650 5114 ὁ
1719 5081 1961 5136 συναγω-

297 5153 508 5220 νιστὴς,
554 5150 584 5202 ὁ
615 5149 934 5224 σΰμμαχος,
965 5151 1205 5225 καθάπερ
1255 5148 1332 5213 είς
1371 5149 1577 5224 ἑόρτιον
1626 5147 1803 5205 ἃνεσιν
1834 5150 1962 5226 παρ’

297 5243 456 5312 ἡμῶν
498 5239 592 5294 καὶ
634 5240 830 5308 θεατὴς
876 5236 1278 5314 προσληφοεὶς,
1339 5238 1438 5295 οὐκ
1476 5238 1710 5316 ἐργάτης
1768 5243 1962 5315 ’Ἄρεος

303 5330 529 5406 ἔργωνς
575 5329 688 5404 οὐχ
750 5328 893 5382 οὕτω
931 5329 1023 5383 καὶ
1092 5327 1240 5384 οῦτοι
1303 5325 1504 5404 δρῶσιν
1556 5329 1608 5384 0t
1647 5328 1960 5404 ἀντίπαλοι,

300 5421 421 5476 ὅταν
453 5424 558 5488 τὴν
595 5419 788 5493 μάχην
823 5416 1180 5492 ὑπέιιθωνται,
1215 5417 1343 5474 οὐδὶ
1404 5416 1748 5494 μαχούμενοι
1795 5417 1962 5489 ἐξίασι

2051 1948 2201 1986 cum
2235 1930 2382 1985 215
2417 1934 2506 1983 est
2537 1943 2608 1982 an
2642 1943 2740 1982 rex
2767 1941 2936 1996 opem
2973 1923 3140 1979 nobis
3175 1922 3341 1988 ferat,
3388 1919 3486 1975 sed
3536 1918 3701 1985 illud,

2050 2037 2163 2092 quo
2187 2024 2355 2092 pacto
2373 2017 2532 2074 dolos
2553 2018 2681 2087 ejus
2695 2014 3040 2086 effugiemus
3054 2013 3148 2083 qui
3164 2027 3302 2066 suas
3325 2009 3700 2077 insidiasjam

2051 2129 2125 2168 ne
2155 2108 2528 2165 dissimulare
2560 2106 2796 2180 quidem
2831 2107 3012 2159 stutet
3064 2119 3130 2158 ac
3170 2100 3515 2155 imminente
3547 2099 3700 2168 peri-

2051 2200 2185 2257 culo
2214 2199 2422 2256 evitato
2456 2197 2778 2252 incolumes
2810 2193 2946 2248 hinc
3005 2190 3396 2247 discedamus.
3431 2187 3696 2242 Fortasse

2053 2305 2209 2347 nunc
2231 2287 2476 2361 Egyptii
2505 2301 2651 2341 nova
2682 2283 3112 2338 medicamenta
3149 2279 3516 2341 invenerunt,
3548 2282 3700 2332 vete-

2053 2379 2218 2436 ribus
2246 2376 2365 2432 illis
2396 2375 2744 2442 efﬂcaciora,
2779 2374 2994 2444 quibus
3027 2387 3141 2425 non
3185 2370 3355 2424 modo
3387 2365 3569 2423 animi
3600 2365 3699 2420 tri-

2053 2469 2206 2525 tistia
2237 2466 2507 2539 pellatur,
2541 2470 2605 2519 ut
2635 2463 2734 2518 illo
2761 2461 2988 2519 Helena:
3018 2480 3050 2516 a
3080 2460 3265 2515 Thoni
3308 2474 3485 2514 uxore
3544 2457 3704 2524 dato,

2053 2559 2156 2614 sed
2219 2559 2396 2613 tortes
2451 2553 2625 2610 etiam
2680 2553 2788 2608 viri
2845 2550 3271 2608 ett‘eminentur.
3358 2546 3702 2618 Hujusmodi

2055 2645 2261 2718 poculo
2292 2644 2604 2715 Amerigus
2625 2642 2693 2697 ad
2727 2640 3061 2697 ebrietatem
3120 2637 3328 2694 hausto
3369 2637 3428 2691 in
3480 2636 3704 2692 diulur-

2055 2751 2196 2791 num
2219 2739 2524 2790 veternum
2556 2730 2836 2786 incidisse
2892 2728 3143 2794 videtur,
3203 2729 3530 2799 ignavoque
3588 2724 3705 2780 otio

2055 2823 2298 2894 abjectis
2327 2827 2384 2880 et
2416 2820 2698 2894 neglectis
2756 2819 2940 2875 armis
2995 2823 3344 2890 torpescere,
3377 2821 3478 2871 aut
3508 2816 3703 2887 potius

2055 2914 2309 2988 pecunia
2341 2913 2591 2968 infectus
2625 2915 2884 2966 mutasse
2915 2908 3180 2963 animum
3209 2913 3266 2962 et
3295 2921 3436 2960 auro
3468 2905 3705 2960 obtura-

2055 3004 2131 3062 tis
2163 3005 2402 3060 auribus
2452 3002 2852 3058 οιιευτόιιὶεεε.
2911 3003 3074 3054 Nunc
3140 3000 3315 3053 inane
3373 2997 3560 3052 fmdus
3619 2997 3709 3049 est

2056 3095 2214 3166 quod
2243 3111 2375 3150 cum
2404 3094 2754 3164 i'r-peratore
2787 3090 2886 3145 icit
2921 3107 2935 3158 ;
2967 3104 3139 3160 quem
3181 3086 3370 3142 verbis
3426 3087 3711 3141 duntaxat

2056 3184 2214 3254 colit,
2246 3183 2442 3241 animo
2473 3183 2545 3237 ab
2568 3199 2635 3238 eo
2666 3180 3006 3236 abhorrens.
3042 3177 3158 3234 Nos
3184 3194 3315 3233 vero
3347 3175 3525 3232 tantis
3553 3173 3716 3229 malis

2057 3274 2442 3331 circumventi
2473 3279 2528 3329 et
2562 3274 2713 3328 fame
2743 3279 2795 3326 et
2827 3269 2983 3326 bello
3019 3272 3420 3325 absumemur.
3465 3264 3710 3321 Romani

2054 3365 2270 3421 frustra
2331 3363 2536 3418 virtute
2593 3360 2954 3434 gloriantur:
3018 3375 3105 3414 res
3164 3376 3197 3414 a
3238 3359 3405 3413 nobis
3435 3355 3708 3429 praeclare

2053 3460 2229 3528 gestae
2260 3453 2708 3510 interciderunt.
2744 3449 3121 3506 Praestitisset
3177 3448 3330 3506 216
3386 3464 3490 3502 nos
3552 3462 3705 3502 nun-

2054 3562 2229 3619 quam
2263 3561 2367 3617 per
2397 3549 2559 3600 tanta
2591 3542 2774 3599 maria
2805 3547 3008 3614 portus
3065 3541 3172 3597 hos
3218 3540 3492 3607 intrasse,
3525 3553 3704 3610 quam

2053 3635 2289 3692 infectis
2340 3633 2515 3690 rebus
2571 3633 2875 3688 discedere
2935 3629 3094 3686 hinc.
3127 3629 3292 3684 Nunc
3350 3628 3499 3683 albis
3541 3625 3705 3691 velis,

2053 3721 2250 3794 qualia
2284 3723 2551 3795 Byzantio
2612 3719 2881 3788 tulimus,
2941 3716 3125 3772 redire
3165 3731 3279 3770 non
3340 3711 3557 3779 licebit,
3607 3712 3706 3766 sed

2052 3816 2234 3871 fuscis
2267 3830 2444 3870 naves
2475 3811 2801 3883 operiamus
2831 3809 2902 3863 ob
2936 3803 3262 3877 ignominiaa
3323 3802 3532 3858 labem.
3593 3805 3706 3857 Ve-

2055 3921 2187 3962 rum
2221 3919 2350 3973 nos,
2383 3900 2838 3964 commilitones,
2873 3898 2991 3952 sive
3015 3893 3324 3968 populares
3377 3893 3496 3948 sive
3541 3909 3702 3964 pere-

2055 3993 2229 4066 grini,
2259 3991 2510 4063 sejuncti
2538 4008 2570 4044 a
2598 3987 2918 4044 Palaestinis
2980 3985 3301 4056 equitibus,
3358 3981 3704 4037 hominibus

2055 4081 2334 4155 superbia
2361 4080 2533 4136 elatis
2572 4083 2629 4132 et
2682 4076 2938 4148 perﬁdis,
2995 4074 3275 4130 barbaros
3333 4072 3702 4143 invadamus,

2057 4171 2272 4230 mmnia
2301 4184 2731 4242 oppugnemus,
2756 4165 3020 4221 certatim
3054 4163 3335 4236 oppidum
3368 4162 3475 4218 hoc
3507 4162 3704 4233 capia-

2056 4278 2208 4330 mus,
2239 4261 2438 4332 itaque
2472 4258 2918 4320 conlendamus,
2977 4253 3140 4325 quasi
3183 4253 3441 4308 hostium
3487 4252 3707 4307 divitiis

2052 4351 2296 4424 jamjam
2331 4348 2595 4420 potituri.
2629 4347 2686 4402 Si
2718 4344 3013 4402 mmmbus
3045 4343 3255 4400 muniti
3287 4350 3421 4399 sunt
3475 4341 3710 4398 barbari

2057 4445 2115 4497 et
2143 4456 2211 4495 ex
2241 4436 2541 4510 superiore
2569 4436 2697 4492 loco
2731 4434 2842 4490 tela
2871 4433 3212 4504 conjiciunt,
3247 4437 3389 4488 sunt
3419 4430 3587 4487 nobis
3619 4431 3710 4486 in-

2064 4532 2267 4604 gentes
2298 4527 2662 4600 clypei,quos
2688 4526 2876 4581 instar
2891 4524 3141 4579 turrium
3176 4539 3564 4595 apponamus,
3596 4538 3712 4578 non

2065 4618 2199 4675 telis
2213 4617 2387 4674 modo
2400 4616 2676 4688 etgladiis
2690 4613 3083 4686 impervii,sed
3100 4618 3517 4669 tormentorum
3534 4614 3712 4668 etiam

2063 4700 3594 4774 ictibusinviolabiles.Quodsiofﬁciotungivultis,me
3624 4717 3716 4757 se-

2065 4796 2619 4870 quimini,paratum
2651 4811 2766 4852 una
2794 4793 3096 4851 vobiscum
3156 4794 3381 4865 perpeti
3422 4791 3710 4863 quidquid

2067 4903 2193 4944 sors
2226 4885 2688 4957 dederit.Neque
2709 4884 2865 4941 enim
2896 4884 3258 4940 committam
3309 4891 3368 4937 ut
3396 4883 3712 4953 quisquam

2067 4975 2634 5033 dicatAndronicum
2670 4974 2943 5031 solertem
2974 4987 3100 5028 esse
3140 4972 3211 5027 ad
3244 4972 3420 5028 verba
3453 4969 3715 5024 facienda

2068 5075 2121 5124 et
2153 5067 2448 5124 acuendos
2482 5065 2735 5120 militum
2765 5064 3017 5131 animos,
3049 5062 3148 5117 sed
3195 5062 3397 5116 ducem
3439 5059 3713 5128 ignavum

2068 5161 2126 5213 et
2159 5155 2476 5212 ulciscendi
2507 5153 2694 5210 hostis
2723 5153 2954 5208 rudem.
2987 5153 3110 5207 Imo
3167 5154 3224 5204 et
3282 5149 3342 5202 in
3377 5147 3560 5217 prima
3591 5146 3713 5203 acie

2070 5247 2258 5313 stabo,
2291 5252 2358 5300 ut
2385 5244 2635 5312 decebit,
2665 5247 2720 5298 et
2779 5247 3096 5297 extremum
3156 5255 3364 5312 agmen
3416 5235 3711 5307 claudam,

2071 5336 2167 5389 ubi
2203 5334 2353 5390 217
2389 5334 2727 5404 oportuerit.
2761 5329 2914 5385 Deus
2933 5327 3172 5385 consilia
3206 5331 3404 5384 nostra
3433 5327 3712 5401 fortunat,

2070 5429 2128 5478 et
2157 5421 2518 5478 calamitates
2553 5421 2610 5474 in
2636 5419 2889 5473 hostium
2923 5417 3114 5490 capita
3138 5423 3343 5476 vertat.
3378 5441 3407 5468 »

304 5525 404 5574 τῶν
471 5517 686 5587 πυλῶν,
721 5516 862 5572 ὥστε
901 5517 962 5571 τὸ
1030 5515 1135 5571 ἀπὸ
1188 5514 1347 5572 τοῦδε
1385 5517 1550 5574 τοῦτό
1612 5538 1707 5590 μοι
1773 5515 1944 5573 ἔπεισι
2005 5515 2256 5585 δεδιέναι,
2326 5517 2401 5590 μὴ
2462 5513 2618 5571 οὐδὲν
2670 5513 2912 5590 χρηστὸν
2964 5514 3388 5591 κατωρθωκότες
3444 5514 3716 5593 ἀπίωμεν,

303 5605 423 5663 ἀλλ’
483 5604 539 5663 εἷ’
559 5627 682 5668 πως
721 5603 1039 5662 οὐχῖκανοὶ
1077 5603 1335 5680 ἐσοίμεθα
1394 5605 1489 5670 τὰς
1529 5605 1801 5683 ἡμετέρας
1867 5605 2099 5664 ἐκσῶσαι
2162 5605 2369 5683 ψυχάς.
2411 5601 2567 5664 Ἀλλ’
2615 5601 2731 5660 οὐδ’
2804 5602 2978 5660 ἕκεῖνό
3049 5627 3141 5680 μοι
3197 5603 3285 5663 διὰ
3326 5605 3561 5684 μελέτης
3627 5609 3720 5666 καὶ

310 5695 560 5775 σκᾶψιως,
595 5695 751 5760 ὅπως
811 5693 905 5752 σὺν
972 5696 1108 5772 ἡμῖν
1173 5699 1432 5774 μαχεῖται
1491 5696 1520 5752 ὁ
1578 5693 1700 5772 ρἠ,
1741 5695 1869 5753 ἀλλ’
1907 5695 2057 5761 ὅπως
2097 5695 2192 5760 τὰς
2247 5696 2417 5753 αὐτοῦ
2470 5691 2881 5775 δολοφροσύνας
2921 5692 3255 5775 διαδράντες,
3305 5698 3404 5756 οὐκ
3433 5697 3723 5778 ἐγκρυφιά-
