4066 6214
381 353 495 414 511
1701 348 1987 409 ΝΙΟΕΤΑ

2198 347 2467 410 ’ΝΙΛΤᾸΞ
3672 343 3804 408 512

381 493 566 558 ζοντος
596 482 704 556 ἤδη
743 485 880 558 μήτε
913 483 1020 554 μὴν
1050 478 1500 554 παραπετάσματι
1532 482 1919 550 συσκιάζοντας
1942 482 2009 537 τά
2037 479 2343 558 ένδόμυχα,
2373 483 2655 556 ἀπείρατοι
2720 485 2901 537 κακῶν
2967 476 3174 544 ἐνθένδε
3212 479 3534 556 ἀπάρωμεν,
3584 477 3678 533 τὸν
3740 478 3806 535 ἰν

376 576 687 651 ὀφθαλμοῖς
758 570 1207 645 διακρουσάμενοι
1268 565 1543 627 κίνδυνον.
1603 570 1763 645 Τάχα
1830 570 1919 625 καὶ
1959 575 2047 625 νῦν
2106 569 2438 645 Αἰγυπτίοις
2478 570 2935 647 προσεξεύρηνται
3001 569 3264 647 φάρμακα
3311 568 3420 623 τῶν
3471 566 3643 623 πάλαι
3685 587 3802 642 παρ

381 665 561 725 αὐτοῖς
594 662 919 737 ἰσχυρότερα
952 660 982 713 ἃ
1004 660 1091 713 καὶ
1125 660 1203 732 μὴ
1234 658 1506 731 κοιμίζειν
1538 658 1702 731 μόνον
1739 658 1912 722 λύπας
1953 656 2146 738 ἔχουσι
2177 659 2266 715 καί
2298 660 2359 715 τὸ
2392 657 2728 735 δεδηγμένον
2770 661 2870 727 τῆς
2899 662 3087 733 ψυχῆς
3118 655 3550 730 ἀπροσδοκήτοις
3584 654 3802 727 διαιτᾷν

380 755 714 830 διαχύσεσιν,
746 753 822 813 ὼς
865 749 1037 806 ἐκεῖνο
1080 752 1274 825 πρώην
1306 750 1368 805 τὸ
1401 751 1684 828 φάρμακον
1718 750 1747 805 ὅ
1787 748 2011 806 δεδώκει
2042 757 2110 826 τῇ
2153 751 2389 827 Λακαίνῃ
2425 753 2614 807 Θώνου
2644 750 2965 824 παράκοιτις
3000 740 3489 821 νηπενθέςξκακῶν
3535 747 3800 805 ἀπάντων

378 843 656 914 ἐπίληθες,
686 841 833 899 ἀλλά
862 842 952 896 καὶ
986 841 1330 914 πολεμικοὺς
1358 839 1555 915 ἃνδρας
1588 840 1902 912 ἐκθηλύνειν
1944 841 2034 896 καὶ
2087 847 2262 897 ποιεῖν
2298 844 2448 916 [108]
2503 841 2679 912 ἀλκῆς
2718 839 3113 914 ἐπιλήσμονας.
3176 840 3279 897 Καὶ
3328 839 3554 904 τούτων,
3606 839 3800 911 οἶμαι,

374 938 483 989 τῶν
516 933 818 1013 φαρμάκων
846 930 1125 1007 Ἀμερίγῳ
1164 928 1484 1005 προῦτειναν
1519 932 1720 1008 σκύφον
1768 930 2083 1006 Αἰγύπτιοι,
2115 931 2206 987 καὶ
2261 934 2601 1007 γοητευθείς,
2660 931 2735 993 ὡς
2765 926 2928 999 ἔοικε,
2957 934 3036 1002 τῷ
3095 933 3248 1002 ποτῷ
3279 929 3370 983 καὶ
3412 926 3700 1003 μετασχὼν
3738 927 3802 990 ἐς

378 1024 547 1097 μέθην
595 1025 694 1092 τῆς
754 1020 979 1083 κύλικος
1018 1022 1155 1093 πρὸς
1197 1020 1362 1095 κάρον
1419 1016 1891 1095 ἀποδεδόχμώται
1925 1020 2166 1100 χρόνιον.
2226 1022 2318 1094 Τῷ
2337 1042 2422 1077 τοι
2451 1022 2598 1097 παρά
2626 1019 2910 1077 πάσσαλον
2946 1020 3041 1094 μὶν
3075 1017 3222 1090 αὐτῷ
3278 1020 3315 1088 ἡ
3373 1017 3557 1083 ἀσπὶς,
3611 1018 3677 1071 τὸ
3733 1013 3805 1072 δὶ

374 1114 526 1192 ξίφος
554 1113 925 1176 καθυπνώττει
983 1116 1063 1182 τῷ
1093 1108 1332 1181 κουλεῷ,
1393 1108 1480 1163 ἰπὶ
1553 1106 1611 1163 δὲ
1664 1116 2019 1186 σαυρωτῆρος
2051 1111 2112 1165 τὸ
2170 1108 2301 1183 δόρυ
2327 1105 2584 1185 πέπηγεν.
2628 1111 2697 1167 Ἤ
2764 1112 2929 1164 τοῦτο
2991 1109 3087 1182 μέν
3116 1103 3395 1179 οὐδαμῶς,
3452 1104 3668 1181 ἀργύρῳ
3727 1102 3797 1159 δί

375 1201 719 1281 φαρμαχθεθς
784 1201 878 1263 τὰς
936 1202 1126 1275 φρένας
1184 1198 1496 1270 ἠλλοίωται
1565 1198 1656 1252 καὶ
1738 1197 1954 1278 χρυσίῳ
1993 1200 2062 1255 τά
2098 1202 2214 1255 ὦτα
2258 1195 2534 1273 βέϐυσται,
2564 1198 2656 1254 καὶ
2695 1199 2876 1273 τούτῳ
2913 1199 3190 1271 κνώμενος
3229 1198 3366 1270 πρὸς
3406 1195 3468 1250 τὸ
3515 1192 3789 1281 δυσηκοον

380 1279 814 1365 μετεσκεύασται.
849 1290 948 1344 Καὶ
1017 1293 1107 1343 νῦν
1176 1285 1409 1366 φροῦδαι
1491 1287 1583 1360 μὲν
1628 1289 1681 1341 αἱ
1738 1288 1997 1356 ξυνθῆκαι
2052 1287 2113 1350 ἅς
2172 1288 2303 1363 ὑπὲρ
2360 1292 2458 1344 τοῦ
2515 1290 2902 1364 συμμαχήσειν
2960 1286 3266 1359 Ῥωμαίοις
3316 1281 3535 1361 βασιλεῖ
3562 1279 3794 1352 δέδωκα,

380 1380 592 1457 χείλεσι
639 1380 829 1454 μόνοις
886 1377 1089 1433 ἐκεῖνον
1147 1382 1349 1449 τιμῶν,
1405 1379 1475 1449 τῇ
1544 1373 1603 1430 δὲ
1666 1374 1862 1450 καρδίᾳ
1924 1375 2115 1452 πόρῥω
2173 1380 2495 1457 φερόμενος·
2564 1381 2729 1451 ἡμεῖς
2771 1376 2827 1434 δὶ
2876 1376 3129 1448 τηλίκοις
3181 1374 3380 1436 δεινοῖς
3440 1390 3803 1449 περιστοιχι-

377 1459 609 1543 ζόμεθα,
644 1469 754 1543 εἶ’γε
819 1465 1068 1540 πόλεμος
1128 1467 1269 1538 ὁμοῦ
1324 1466 1414 1520 καί
1465 1462 1632 1537 λιμὸς
1689 1468 1837 1537 ἡμᾶς
1894 1462 2118 1536 δαπανᾷ,
2172 1467 2262 1520 καὶ
2317 1467 2385 1522 τά
2435 1468 2724 1540 Ῥωμαίων
2780 1465 2862 1544 ἐφ’
2919 1468 3054 1539 ἡμῖν
3084 1465 3381 1542 αὐχήματα
3442 1461 3684 1538 οἴχεται,
3727 1461 3803 1516 τὰ

374 1555 442 1613 δὲ
503 1560 734 1633 Λαμπρά
789 1562 900 1612 τῶν
983 1556 1425 1629 κατορθωμάτων
1494 1557 1826 1635 ἠφάντωται.
1871 1559 2128 1631 Κρεῖσσον
2187 1558 2253 1626 ἦν
2314 1560 2388 1630 μή
2433 1557 2634 1632 ὅρμοις
2687 1563 2803 1621 τοῖς
2861 1557 3084 1622 ἐνταῦθα
3148 1559 3434 1631 προσχεῖν,
3494 1552 3800 1628 διαμεμετ-

381 1648 621 1721 ρηκότας
688 1645 899 1721 πελάγη
957 1648 1134 1721 διχανῆ
1196 1646 1288 1701 καί
1347 1646 1593 1720 ἀόριστα,
1655 1645 1692 1715 ἤ
1743 1647 2050 1719 ἀπράκτους
2096 1646 2310 1702 ἀπιέναι
2367 1650 2723 1722 κατάραντας,
2775 1648 2849 1711 ὡς
2898 1652 2995 1703 νῦν
3050 1668 3114 1723 γε
3178 1646 3289 1722 οὐχ
3344 1643 3538 1706 ἱστίοις
3569 1642 3798 1705 λευκοῖς

382 1736 477 1798 τας
504 1740 631 1798 ναῦς
666 1740 939 1810 πτερῶσαι
1006 1737 1165 1809 ἡμῖν,
1198 1735 1272 1797 ὡς
1339 1737 1521 1808 οἶμαι,
1573 1738 1882 1809 γενήσεται,
1943 1735 2154 1798 ὁποίοις
2219 1735 2279 1791 έκ
2328 1734 2644 1807 Βυζαντίδος
2700 1737 3050 1817 ἀνήχθημεν,
3098 1735 3247 1793 ἀλλά
3298 1740 3481 1813 φαιοῖς
3541 1735 3800 1811 ἀτεχνῶς

380 1822 471 1880 διά
520 1824 582 1880 τὸ
636 1831 736 1894 τῆς
800 1824 1065 1903 αίσχύνης
1115 1822 1444 1897 μελάνωμα.
1500 1822 1657 1882 Ἀλλ’
1714 1822 1899 1900 ἄνδρες
1955 1827 2234 1901 ὁμογενεῖς
2290 1826 2378 1881 καὶ
2439 1833 2852 1903 συστρατιῶται,
2911 1827 2999 1882 καὶ
3069 1826 3193 1881 ὅσον
3265 1823 3513 1889 ἐνταυθοῖ
3567 1823 3794 1894 ξενικὸν,

377 1915 759 1988 ἀποκριθέντες
825 1918 933 1969 τῶν
1024 1912 1464 1983 ΙΙαλαιστίνηθεν
1546 1914 1793 1969 ἱπποτῶν
1858 1919 1967 1970 τῶν
2023 1916 2238 1990 γαύρων
2328 1916 2533 1971 τούτων
2622 1917 2713 1973 καὶ
2776 1916 3095 1992 ὑψαυχένων
3170 1916 3259 1970 καὶ
3353 1912 3659 1987 Ῥωμαίοις
3712 1910 3797 1972 ὡς

380 1999 581 2073 ἔδειξαν
655 2001 893 2057 ἀπίστων
952 1997 1355 2077 προσϐάλωμεν
1414 2008 1533 2066 τοῖς
1601 1999 1925 2079 βαρϐάροις,
1985 2005 2355 2080 τειχομαχίαν
2411 2005 2758 2080 στησώμεθα,
2818 2005 3211 2079 ἀγωνισώμεθα
3271 2004 3345 2066 ὡς
3398 2004 3462 2058 τὸ
3538 1997 3796 2075 πόλισμα

377 2094 539 2146 τοῦτο
594 2089 906 2163 ληψόμεθα,
968 2092 1054 2146 καὶ
1107 2092 1180 2153 ὡς
1248 2089 1358 2161 ⁴ἤδη
1413 2086 1633 2166 ἔχοντες
1703 2092 1757 2147 έν
1814 2093 1973 2167 χερσὶ
2032 2093 2123 2148 τὸν
2220 2087 2369 2149 ἔνδον
2460 2094 2697 2150 πλοῦτον
2781 2091 3211 2168 ἁμιλληθῶμεν.
3290 2091 3351 2149 El
3416 2097 3605 2166 τεῖχος
3669 2094 3798 2151 τοῖς

383 2175 683 2258 βαρϐάροις
735 2179 797 2233 τὸ
863 2174 1168 2254 πρόϐλημα
1226 2181 1316 2235 καὶ
1375 2179 1465 2259 ἀφ’
1529 2181 1701 2256 ὕψους
1748 2186 1855 2237 τῶν
1909 2181 2262 2257 ἀμυντηρίων
2330 2185 2365 2252 ἡ
2436 2182 2642 2262 ἄφεσις,
2693 2180 2823 2239 ἀλλ’
2886 2183 2991 2238 εἶσὶ
3047 2182 3138 2238 καὶ
3203 2182 3332 2253 παρ’
3374 2184 3509 2254 ἡμῖν
3539 2177 3791 2247 ἀσπίδες,

382 2266 439 2322 αἱ
496 2270 599 2324 οὐκ
650 2267 871 2343 ἀνδράσι
902 2266 1103 2346 ῥᾳδίως
1160 2270 1447 2345 ἀνέχονται
1505 2271 1659 2343 (ὑπὲρ
1726 2271 1829 2346 γὰρ
1895 2271 1957 2326 τὸ
2009 2272 2171 2334 σάκος
2223 2272 2322 2327 εἶσὶ
2381 2274 2444 2327 τὸ
2503 2273 2786 2330 Δίάντειον
2842 2270 3014 2328 έκεῖνο
3042 2272 3107 2327 τὸ
3173 2265 3513 2344 ἑπταϐόειον)
3542 2268 3667 2325 ἀλλ’
3708 2267 3793 2330 ὡς

379 2357 580 2434 πύργοι
611 2354 1167 2433 ἂντιπροόέϐληνται,
1201 2357 1263 2413 οὐ
1301 2360 1467 2432 μόνον
1502 2359 1776 2414 ἀτίνακτοι
1813 2358 1994 2434 βέλεσι
2025 2359 2115 2414 καὶ
2144 2366 2263 2424 τοῖς
2302 2361 2407 2415 ἀπὸ
2447 2366 2654 2436 χειρῶν
2684 2362 2989 2435 οὐτήμασιν
3057 2358 3439 2437 ἆδιάῤῥηκτοι,
3492 2356 3637 2414 ἀλλά
3686 2356 3789 2412 καὶ

378 2451 486 2501 τῶν
507 2446 611 2501 ἀπὸ
649 2451 914 2522 μηχανῶν
956 2447 1258 2527 ἀφιεμένων
1285 2446 1499 2502 πάντων
1529 2444 1797 2519 δήπουθεν
1830 2450 2239 2524 στεγανώτεραι.
2280 2450 2489 2512 Ταύτας
2530 2450 2943 2520 ἀντιστήσαντες
2984 2452 3058 2514 ὡς
3088 2446 3471 2527 πυργοϐάρεις,
3502 2447 3662 2524 ὀλίγα
3688 2451 3794 2503 τόὖ

382 2536 607 2615 τείχους
636 2537 725 2591 καὶ
755 2541 863 2591 τῶν
894 2536 984 2590 ἀπ’
1018 2536 1185 2591 αὐτοῦ
1216 2536 1548 2612 μαχομένων
1578 2537 1975 2615 φροντίσωμεν.
2022 2538 2085 2595 Εί
2118 2536 2183 2605 δὴ
2219 2535 2396 2593 δίκαια
2434 2544 2611 2595 ποιεῖν
2646 2541 2899 2615 αἱρεῖσθε,
2931 2539 3046 2615 ὥρα
3083 2561 3177 2614 μοι
3217 2540 3515 2604 πείθεσθαι,
3546 2536 3663 2593 ἐπεὶ
3693 2537 3793 2591 καὶ

385 2624 547 2686 αὐτὸς
579 2625 608 2680 δ
637 2646 691 2681 τι
721 2625 781 2680 ἄν
807 2623 899 2701 δὲῃ
925 2624 1017 2681 σὺν
1051 2626 1178 2699 ὑμῖν
1213 2626 1459 2699 ἀσμένως
1488 2627 1769 2700 πείσομαι’
1806 2624 1947 2701 μηδὲ
1975 2628 2078 2703 γὰρ
2108 2626 2191 2698 ε”η
2235 2628 2351 2683 τινά
2378 2627 2518 2703 ἐρεῖν
2550 2629 2624 2691 ὡς
2653 2626 3015 2703 Ἀνδρόνικος,
3050 2627 3419 2706 ὑπαγαγέσθαι
3445 2628 3539 2702 μὶν
3568 2625 3789 2701 λόγοις,

380 2716 473 2771 καὶ
512 2716 814 2790 παραθῆξαι
853 2716 991 2790 πρὸς
1033 2717 1199 2791 ’Ἄρεα
1229 2717 1581 2779 ἱκανώτατος,
1604 2717 1856 2792 ἀρχηγὸς
1888 2713 1935 2771 δ’
1955 2717 2178 2791 ἀχρεῖος
2214 2715 2344 2791 μηδ’
2409 2718 2843 2793 ἀποκρούσασθαι
2873 2716 3031 2783 είδὼς
3082 2719 3147 2775 τὸ
3186 2717 3483 2792 πολέμιον.
3517 2715 3698 2775 ’Δλλά
3723 2716 3791 2772 τὸ

381 2812 484 2874 τῆς
514 2803 654 2878 ἐμῆς
684 2807 915 2879 κόρυθος
958 2801 1207 2879 μέτωπον
1243 2802 1467 2880 ὄψονται
1500 2807 1606 2881 πρὸ
1648 2806 1801 2879 ὑμῶν
1843 2807 1896 2860 οἱ
1934 2805 2256 2882 ἀντίμαχοι.
2298 2808 2395 2862 Καὶ
2427 2809 2720 2882 πρόμαχος
2744 2805 2842 2877 ὢν,
2876 2804 2992 2863 δέον
3023 2807 3166 2863 οὕτω
3204 2813 3400 2876 ποιεῖν,
3424 2808 3515 2862 καὶ
3546 2806 3789 2880 οὐραγὸς

382 2891 610 2968 ἐσοίμην
653 2893 937 2969 ὓμέτερος,
978 2895 1023 2949 εί
1053 2895 1143 2949 καὶ
1174 2899 1334 2950 τοῦτο
1368 2892 1589 2950 δίδωσιν
1620 2896 1648 2950 ὁ
1677 2897 1889 2972 καιρός
1943 2896 2073 2958 Θεὸς
2104 2893 2161 2951 δὲ
2207 2897 2452 2971 περαίνοι
2491 2897 2557 2952 τά
2590 2892 3018 2973 βεϐουλευμένα,
3057 2895 3148 2954 καὶ
3185 2898 3449 2976 τράποιτο
3479 2901 3584 2953 πᾶν
3619 2893 3790 2951 ἀπαί-

376 3004 494 3039 σιον
522 2985 657 3039 κατά
686 2983 931 3061 κεφαλῆς
969 2986 1042 3039 ῶν
1073 2986 1171 3054 τήν
1215 2986 1400 3060 χώραν
1426 2985 1696 3061 κείρομεν.
1730 3007 1754 3039 ι

445 3103 499 3156 7.
533 3107 663 3157 Haec
693 3102 925 3159 locutus
954 3106 1012 3159 et
1063 3103 1184 3175 ipse
1236 3107 1294 3159 et
1348 3104 1539 3159 caeteri
1608 3103 1850 3159 dimissa
1881 3119 2017 3159 cou-
2049 3164 2051 3169 η

2205 3105 2267 3175 ζ’.
2300 3106 2461 3161 Ταῦτ’
2491 3104 2658 3159 είπὼν
2717 3102 2879 3165 αὐτός
2930 3124 2988 3159 τε
3056 3101 3360 3174 ὡπλίσατο,
3410 3100 3501 3158 καὶ
3566 3102 3626 3156 οἱ
3658 3101 3785 3157 λοι-

387 3192 551 3250 cione
578 3210 741 3248 arma
768 3196 1063 3263 ceperunt.
1098 3195 1165 3247 Et
1212 3192 1321 3248 sub
1368 3192 1598 3249 tertiam
1657 3193 1769 3248 diei
1824 3192 1993 3248 borar

2186 3193 2236 3249 οὶ
2277 3191 2621 3257 διαλυθέντες
2652 3199 2747 3249 τοῦ
2787 3192 3065 3269 συλλόγου
3111 3194 3209 3256 τάς
3264 3190 3572 3257 πανοπλίας
3611 3189 3792 3247 ἐνεδύ-

387 3282 645 3355 legiones
679 3282 992 3339 instructas
1050 3280 1265 3351 educit,
1325 3282 1548 3353 primus
1606 3290 1738 3338 ante
1793 3298 1993 3338 omne:

2188 3304 2316 3340 ιντο.
2360 3284 2510 3341 Ἐπεὶ
2568 3279 2626 3338 δὲ
2662 3283 2787 3339 τότε
2843 3283 2997 3359 ἦμαρ
3050 3283 3306 3354 ηὐξάνετο
3352 3282 3430 3344 ὡς
3489 3282 3541 3343 ἐς
3599 3280 3794 3355 τρίτην

382 3372 700 3429 exercitum
733 3372 1029 3429 incedens.
1063 3376 1136 3425 At
1162 3372 1459 3427 Sarraceni
1519 3376 1713 3443 portas
1767 3373 1945 3428 seriis
1975 3388 1988 3428 ι

2190 3393 2280 3448 ραν
2337 3367 2732 3447 προϐεϐηκέναι
2787 3372 2986 3428 καὶτὰ
3039 3373 3293 3449 τάγματα
3357 3370 3597 3445 ἐξῄεσαν,
3652 3367 3796 3446 ἄρας

382 3461 645 3518 vectibus
669 3460 1027 3525 munierunt,
1060 3466 1117 3516 et
1135 3460 1421 3516 machinis
1452 3461 1807 3531 quibusdam
1834 3461 1903 3516 ad
1932 3477 1988 3516 ea

2180 3465 2332 3517 ιεῖθεν
2361 3461 2559 3537 προῄει
2605 3464 2696 3518 σὺν
2760 3464 2978 3537 κόσμῳ,
3041 3467 3140 3519 τοῦ
3195 3461 3391 3526 παντὸς
3423 3461 3786 3539 προαφεστὼς

381 3552 733 3609 muniendas
785 3550 1114 3622 suspensis,
1145 3552 1215 3605 de
1273 3549 1568 3606 menibus
1597 3556 1827 3606 nostros
1866 3567 1987 3606 om:

2178 3551 2557 3627 τρατεύματος.
2616 3554 2685 3610 Οἱ
2752 3550 2809 3608 δὲ
2867 3553 3169 3630 Σαρακηνοὶ
3236 3553 3329 3614 τάς
3377 3550 3555 3616 πύλας
3596 3548 3784 3607 διαλα·

380 3640 619 3698 telorum
650 3656 857 3709 genere
885 3639 1177 3710 petebant,
1227 3643 1291 3693 ut
1339 3639 1489 3693 intra
1534 3638 1632 3694 teli
1679 3639 1897 3708 iactum
1932 3657 1986 3696 ut

2178 3642 2313 3705 ὄντες
2354 3641 2533 3698 κλεισὶ
2572 3641 2661 3697 καὶ
2723 3642 2935 3717 ὀχεῦσι,
3003 3642 3092 3698 καί
3163 3662 3281 3698 τινα
3343 3640 3784 3714 προπετάσαντες

379 3731 521 3787 mini
542 3731 814 3787 accedere
844 3728 1058 3785 liceret.
1091 3729 1198 3784 Sed
1231 3727 1594 3783 Andronicus
1640 3727 1984 3785 nihilominu

2183 3733 2518 3810 ηχανήματα
2556 3732 2765 3788 τούτων
2807 3731 3070 3806 ἐρύματα,
3128 3726 3319 3806 ἔμενον
3376 3730 3463 3786 ἐπὶ
3521 3734 3632 3786 τῶν
3672 3751 3789 3786 τει-

375 3838 525 3893 equo
566 3825 850 3878 concitato
881 3820 1108 3875 hastam
1144 3820 1199 3875 in
1235 3825 1461 3891 portam
1520 3819 1739 3892 dirigit,
1786 3819 1981 3887 sagitta

2177 3823 2265 3889 ῶν,
2296 3819 2572 3883 παντοίοις
2603 3818 2799 3883 ὅπλοις
2830 3819 2957 3882 τοὺς
3015 3820 3264 3882 ἐπιόντας
3321 3818 3783 3893 ἀποκρουόμενοι,

377 3911 480 3967 riis
510 3919 568 3967 et
596 3911 818 3967 caeteris
876 3911 1151 3967 omnibus
1212 3915 1450 3965 strenuo
1507 3910 1907 3981 sequentibus,
1964 3927 1983 3966 ε

2182 3908 2215 3962 ιί
2244 3908 2336 3964 τὸν
2381 3907 2574 3984 βέλους
2631 3908 2779 3971 ἐντὸς
2811 3904 3017 3965 ἅπαντα
3074 3914 3259 3986 χῶρον
3318 3909 3555 3970 τιθέντες
3607 3904 3788 3979 ἀδιεξ-

377 4000 642 4058 classicis
672 4000 1039 4058 continenter
1067 3999 1436 4065 canentibus,
1467 4003 1523 4054 et
1579 4002 1875 4072 tympanis
1930 4015 1983 4055 re

2174 3997 2341 4055 Βευτον
2374 3999 2460 4061 οἷς
2488 4020 2546 4055 τε
2604 3996 3026 4074 ἂπεσφενδόνουν
3081 3997 3141 4055 ἐκ
3192 4003 3300 4053 τῶν
3354 3994 3623 4067 έπάλξεων
3683 3996 3780 4051 καὶ

374 4092 743 4155 sonantibus,
778 4099 843 4145 ut
873 4089 1204 4145 defensores
1260 4087 1421 4143 urbis
1484 4088 1679 4143 subito
1738 4088 1980 4144 Romam

2169 4090 2210 4150 ῖς
2243 4086 2302 4143 ἐκ
2326 4088 2496 4158 τόξων
2537 4088 2784 4168 ἠφίεσαν.
2844 4087 3018 4147 Ἀλλά
3055 4090 3248 4163 καίπερ
3305 4088 3453 4143 οὓτω
3506 4091 3609 4143 τῶν
3680 4086 3775 4159 [Ρ.

371 4196 502 4236 rum
536 4179 614 4234 im
627 4185 751 4249 ρθὶιι
770 4184 825 4234 et
846 4182 1263 4234 tormentorum
1284 4177 1494 4232 ictibus
1546 4177 1977 4248 percellerentm

2180 4179 2250 4251 ιθ]
2278 4171 2424 4231 ἔνδον
2476 4177 2854 4252 ἀμυνομένων,
2905 4179 3076 4242 αὐτός
3128 4198 3187 4233 τε
3217 4177 3308 4234 τὸν
3337 4175 3515 4233 ’ίππον
3571 4172 3786 4230 ἰπελά-

370 4270 477 4326 Sed
501 4269 777 4340 cumjam
811 4269 1013 4323 multis
1044 4283 1343 4323 murorum
1390 4266 1650 4337 partibus
1698 4266 1860 4322 scalis
1918 4267 1976 4322 ac‘

2176 4286 2215 4328 ις
2244 4265 2378 4322 κατά
2405 4271 2505 4336 τῆς
2559 4264 2741 4338 πύλης
2798 4264 3138 4341 Ἀνδρόνικος
3180 4267 3242 4343 τὸ
3302 4263 3431 4340 δόρυ
3459 4265 3629 4335 ἳθυνε,
3685 4262 3782 4319 καὶ

372 4362 763 4428 moverentur,
796 4374 895 4413 rex
924 4373 990 4413 eo
1009 4355 1212 4413 nuntio
1262 4356 1653 4427 perturbatus,
1691 4357 1858 4427 quasi
1886 4357 1975 4427 ips

2202 4355 2536 4425 τοξόταικαὶ
2607 4354 2744 4417 ἃπας
2801 4353 2983 4430 ἕτερος
3040 4353 3271 4432 ένεργεῖς
3325 4351 3657 4422 ἐδείκνυντο,
3718 4351 3782 4409 αἶ

371 4463 581 4517 magno
608 4446 761 4503 malo
792 4447 1034 4502 all'ectus
1080 4453 1181 4501 aut
1234 4444 1477 4500 fulmine
1517 4447 1662 4501 ictus
1701 4449 1876 4514 esset,
1906 4445 1977 4500 dll

2171 4470 2176 4498 ;
2250 4444 2552 4521 σάλπιγγες
2612 4445 2787 4501 πυκνά
2839 4443 3167 4515 ένεπνέοντο,
3237 4445 3299 4499 τὸ
3356 4442 3777 4519 παρακλητικὸν

370 4534 585 4589 tacitus
616 4536 792 4592 stetit.
844 4537 918 4590 Ac
964 4536 1056 4591 vix
1116 4534 1351 4589 tandem
1388 4535 1556 4605 pulsa
1595 4534 1696 4590 illa
1738 4534 1976 4605 caligine

2207 4535 2400 4611 μάχην
2429 4534 2951 4611 παρακελευόμεναι,
2999 4536 3089 4590 καί
3148 4530 3449 4613 έϐαρυήχει
3513 4533 3581 4587 τὰ
3631 4531 3780 4606 κύμ-

370 4637 689 4679 conscenso
723 4638 873 4693 equo
923 4638 1052 4676 cum
1099 4621 1336 4676 delectis
1383 4622 1720 4679 cohortibus
1751 4622 1903 4680 218
1936 4641 1976 4680 ειη

2169 4622 2282 4692 ιλα,
2316 4625 2391 4686 ὡς
2411 4624 2536 4686 τοὺς
2567 4624 2641 4686 είς
2666 4624 2734 4680 τὰ
2762 4623 2921 4700 τείχη
2954 4623 3043 4680 καὶ
3074 4624 3170 4686 τὰς
3206 4623 3393 4700 βάρεις
3423 4620 3775 4699 ἐκπλαγῆναι

368 4711 698 4768 Romanum
732 4710 1047 4768 exercitum
1082 4715 1368 4780 properat,
1403 4716 1717 4782 monetque
1771 4729 1844 4769 ue
1876 4730 1974 4770 cur

2168 4715 2217 4784 ἣν
2243 4719 2349 4770 τῶν
2380 4714 2669 4787 Ῥωμαίων
2701 4713 2896 4788 ἀθρόαν
2939 4709 3188 4786 ἐμϐολὴν
3221 4712 3310 4768 κάὶ
3363 4711 3640 4768 έπέλευσιν
3675 4710 3774 4765 καὶ

365 4800 441 4858 iis
472 4805 731 4873 pugnent
761 4800 859 4871 qui
901 4799 1014 4870 iam
1046 4798 1263 4868 pridem
1298 4797 1410 4853 sibi
1443 4800 1762 4856 nuntiarint
1800 4818 1861 4856 se
1893 4802 1971 4858 Ro

2169 4803 2187 4857 it
2215 4801 2277 4858 έκ
2303 4803 2575 4858 παντοίων
2609 4802 2851 4877 ὀργάνων
2875 4799 3143 4883 ἀφέματα.
3173 4799 3316 4873 Ἤδη
3350 4798 3406 4857 δὲ
3432 4805 3535 4857 τῶν
3554 4798 3775 4871 κλιμάο

369 4908 673 4948 manorum
707 4888 1041 4961 imperatori
1067 4886 1419 4942 deditionem
1454 4887 1730 4945 facturos.
1776 4894 1851 4944 Ea
1886 4906 1975 4946 ora

2176 4913 2226 4946 υν
2259 4890 2687 4969 προσαγομένων
2712 4893 2800 4947 καὶ
2841 4894 2976 4948 κατά
3022 4890 3209 4948 πολλά
3241 4890 3380 4967 μέρη
3412 4894 3510 4947 τοῦ
3545 4890 3782 4965 τείχους

368 4984 446 5039 ιὶο
478 4981 732 5037 militum
763 4995 970 5035 manus
1001 4975 1321 5048 torpediuis
1344 4976 1529 5032 instar
1557 4976 1816 5049 alligavit
1848 4983 1905 5033 et
1936 4983 1974 5034 a‘

2173 4978 2497 5055 ιειδομένων,
2531 4984 2565 5051 ἡ
2596 4985 2703 5035 τῶν
2732 4980 3031 5057 γινομένων
3059 4979 3289 5060 ἀγγελία
3314 4980 3462 5036 παίει
3491 4981 3583 5035 τὸν
3624 4980 3779 5058 ῥῆγα

371 5072 517 5129 urbe
539 5072 789 5144 jamjam
825 5069 1106 5140 capienda
1135 5065 1449 5123 revocavit.
1482 5065 1746 5122 Paclione
1803 5083 1936 5124 vero

2176 5074 2393 5128 ανταίαν
2422 5072 2669 5148 πληγήν.
2712 5073 2773 5129 Ὀ
2805 5069 2861 5127 δέ
2900 5072 2977 5134 ὠς
3007 5071 3167 5134 αὐτός
3194 5094 3248 5128 τι
3282 5069 3421 5149 μέγα
3479 5071 3646 5125 κακὸν
3679 5071 3776 5127 καί

366 5178 498 5235 rege
532 5164 706 5232 facta,
751 5160 1022 5217 hostibus
1075 5156 1263 5227 magis
1313 5151 1443 5211 utili
1500 5173 1675 5228 quam
1734 5156 1972 5214 Romani

2172 5161 2506 5237 ταράκλητον
2539 5161 2843 5232 πεπονθὼς,
2872 5159 2909 5231 ἤ
2971 5162 3034 5218 τὸ
3090 5160 3451 5240 λογιζόμενον
3488 5168 3778 5237 πρηστῖρι

364 5251 868 5321 honesta,milites
899 5247 1059 5306 nulla
1090 5246 1313 5303 ratione
1333 5244 1533 5301 habita
1566 5245 1756 5318 qualis
1801 5264 1870 5305 ea
1899 5265 1970 5321 pa

2170 5252 2481 5328 αρακοπεῖς,
2510 5248 2650 5314 ένεὸς
2682 5253 2748 5321 ἦν
2777 5249 2857 5327 ἐφ’
2889 5249 3097 5310 ἱκανόν.
3146 5249 3323 5312 Μόλις
3364 5247 3410 5305 δ’
3468 5248 3776 5324 ἀνενεγκὼν

365 5352 539 5407 esset,
572 5345 672 5400 sed
708 5340 1000 5399 mentione
1029 5339 1164 5409 ejus
1195 5337 1475 5393 duntaxat
1533 5337 1752 5405 audita,
1785 5339 1971 5396 reditu

2182 5342 2212 5397 ὗ
2245 5340 2494 5419 ἰλίγγου,
2566 5339 2791 5411 αίτήσας
2842 5337 3014 5395 ’ίππον
3046 5338 3136 5395 καὶ
3170 5336 3525 5410 ἀναπηδήσας
3555 5337 3783 5419 έφίστα·

368 5433 563 5501 cupidi
595 5435 883 5489 nauticam
916 5430 1294 5504 petulantiam
1323 5428 1445 5500 igni
1489 5444 1615 5486 esse
1662 5430 1974 5488 atrociores

2176 5455 2202 5485 ει
2259 5436 2338 5504 τῷ
2387 5431 2686 5504 Ῥωμαϊκῷ
2746 5428 3106 5506 στρατεύματι
3165 5429 3299 5502 μετά
3337 5433 3447 5485 τῶν
3492 5429 3585 5485 ὑπ’
3614 5429 3782 5485 αὐτὸν

368 5519 553 5587 reipsa
586 5528 1075 5586 monstraverunt,
1099 5535 1165 5577 ac
1195 5516 1445 5576 tumultu
1479 5522 1601 5575 tota
1629 5523 1823 5577 castra
1851 5538 1974 5578 com

2172 5517 2440 5590 ιιλέκτων,
2478 5519 2569 5574 καὶ
2622 5518 2718 5582 τὰς
2775 5519 3026 5575 ἀπάντων
3064 5519 3332 5595 ἀνακόψας
3400 5519 3578 5596 ὁρμὰς
3636 5520 3778 5576 ὐπο-

362 5606 693 5683 plsverunt.
722 5610 871 5669 Nam
901 5615 961 5668 et
989 5611 1198 5668 arietes
1250 5608 1481 5680 injussu
1537 5609 1706 5668 ducis
1734 5610 1968 5669 incende

2167 5613 2294 5683 θησι
2327 5611 2407 5687 μὴ
2467 5606 2829 5689 διαμάχεσθαι
2887 5610 3194 5685 ἀνθρώποις
3251 5607 3422 5667 πάλαι
3482 5605 3773 5687 διαμεμη-
