4066 6214
278 402 404 464 513

1355 405 1456 466 DE
1502 403 1882 467 MANUELE
1925 402 2304 466 COMNENO
2346 406 2499 468 LIB.
2545 409 2622 471 ν.

3584 420 3705 480 514

271 535 498 592 νυκόσιν
552 536 706 609 αὐτῷ
763 535 843 599 ὡς
901 536 1120 600 ἑαυτοὺς
1187 537 1459 611 ἀναιμωτὶ
1514 537 1737 609 καὶτήν
1768 534 1896 593 πόλι

2005 585 2017 606 ,
2049 541 2207 605 runt,
2238 542 2294 596 et
2323 540 2504 597 armis
2544 540 2838 614 plerisque
2868 542 3151 616 depositis
3206 546 3264 601 in
3311 564 3505 606 remos
3534 549 3701 608 incu-

280 624 505 702 βασιλεῖ
530 622 943 699 παραδώσουσι.
971 627 1123 682 Καὶὸ
1159 627 1254 699 μὲν
1297 625 1464 704 λόγος
1520 626 1678 688 οὗτος
1721 626 1812 682 οἶά
1852 647 1935 689 τις

272 717 453 790 νάρκη
485 715 582 776 ea;
614 714 907 787 Ῥωμαίων
936 720 1129 792 χεῖρας
1183 712 1411 786 ἐπέδησε
1466 715 1556 770 καὶ
1606 714 1767 793 ἔγγὺς
1825 713 1933 786 ἤδη

272 811 375 863 τοῦ
405 810 631 880 πορθεῖν
668 807 771 874 τήν
797 803 960 861 πόλιν
1007 806 1400 882 γιγενημένους
1458 803 1710 862 ἔπαυσεν·
1769 807 1934 867 αὐτὸς

273 893 396 951 δὶὸ
428 897 526 971 ῥὴξ
575 895 630 957 ἐς
691 890 985 968 συμϐάσεις
1040 897 1379 970 τραπόμενος
1441 896 1730 958 ἀσπασίως
1789 895 1935 969 μάλ-

272 983 375 1041 λον
405 990 520 1046 τοῖς
551 985 612 1041 ἐκ
641 993 744 1055 τῆς
773 988 947 1063 Ἀγαρ
977 985 1013 1054 ἤ
1038 986 1354 1057 Ῥωμαίους
1412 983 1599 1041 κυδαιν
1613 986 1777 1046 ούσας
1835 986 1931 1045 τὰς

269 1076 540 1146 ξυνθήκας
572 1074 886 1152 εἰργάσατο.
919 1075 987 1134 Οἱ
1019 1072 1063 1130 δ’
1109 1076 1200 1130 οὗν
1233 1079 1557 1149 στρατιῶται
1595 1074 1724 1149 μηδ’
1782 1074 1929 1136 ὅλως

270 1165 440 1219 ὁποῖα
495 1164 566 1219 τὰ
628 1171 729 1234 τῆς
787 1163 1010 1236 εἰρήνης
1066 1163 1533 1235 κατεξετάσαντες,
1622 1162 1767 1219 ἀλλά
1839 1163 1930 1218 καὶ

268 1254 410 1329 πρὸς
457 1252 633 1327 μόνην
672 1255 774 1322 τήν
824 1252 1027 1320 ταύτης
1085 1254 1254 1325 ἀκοήν
1320 1252 1513 1309 νόστου
1570 1253 1929 1326 μνησάμενοι,

263 1343 375 1412 τὴν
406 1344 666 1413 ναυτικὴν
700 1340 1047 1398 ἀπαιδευσίαν
1106 1344 1424 1420 πράγμασιν
1485 1340 1668 1403 αὐτοῖς
1721 1344 1930 1397 καθυπ-

270 1430 485 1504 ὶδειξαν
539 1430 968 1507 δραστικωτέραν
1028 1433 1223 1508 πυρὸς,
1308 1432 1395 1488 καὶ
1485 1430 1700 1502 ἀταξίας
1768 1432 1929 1494 εὐθὺς

273 1521 586 1592 ἐνέπλησαν
606 1522 675 1576 τὰ
713 1518 1069 1596 στρατόπεδα.
1103 1520 1175 1579 Δῖ
1238 1543 1297 1577 τε
1354 1521 1457 1598 γὰρ
1508 1518 1790 1582 ἑλεπόλεις
1840 1520 1928 1576 ὑπ’

264 1610 451 1666 αὐτῶν
510 1609 866 1685 ἐπυρώθησαν
917 1610 1146 1684 γνώμης
1204 1611 1331 1686 ἄτερ
1407 1614 1503 1666 τοῦ
1571 1613 1930 1687 στρατηγοῦν-

258 1720 382 1771 τος,
438 1701 533 1756 καὶ
598 1701 693 1762 τάς
735 1698 993 1761 πλείστας
1048 1699 1543 1778 ἀποφορτισάμενοι
1597 1704 1704 1755 τῶν
1761 1699 1927 1753 ὁπλί-

260 1810 404 1845 cum
473 1789 612 1864 πρὸς
663 1794 783 1851 ταῖς
837 1784 1051 1853 κώπαις
1117 1787 1352 1865 ἐγένοντο
1427 1790 1515 1845 καὶ
1575 1788 1659 1845 ἐπί
1727 1789 1920 1845 πόντον

2048 628 2520 698 buerunt,furore
2552 633 2805 702 quodam
2859 632 2915 687 in
2978 650 3150 689 naves
3207 639 3520 708 irruentes,
3554 642 3702 701 nihil

2048 716 2291 773 hiberno
2325 724 2583 791 tempore
2615 720 2821 786 territi,
2854 722 2925 776 ad
2974 724 3396 795 navigationem
3456 730 3695 789 minime

2046 813 2178 875 apto
2203 825 2216 862 :
2244 812 2491 878 quartus
2512 811 2664 864 enim
2685 810 3017 865 Decembris
3064 812 3188 869 dies
3246 821 3367 870 tum
3398 821 3695 887 agebatur.

2048 896 2195 950 Tum
2241 897 2434 952 videre
2497 897 2706 951 licebat
2758 899 3051 968 ingentem
3115 902 3273 957 illam
3333 903 3574 961 classem
3630 924 3699 963 ex

2046 1002 2159 1039 una
2191 986 2437 1041 statione
2471 989 2524 1040 in
2558 990 2747 1042 varias
2806 990 3051 1044 diffundi
3086 1001 3298 1061 partes,
3341 993 3473 1049 aliis
3516 995 3691 1052 aliam

2041 1076 2193 1129 viam
2229 1075 2636 1146 sequentibus,
2669 1079 2808 1132 dum
2844 1095 3008 1134 suam
3040 1080 3256 1151 quique
3296 1085 3545 1153 patriam
3582 1101 3689 1156 pe-

2042 1168 2195 1231 tunt,
2249 1165 2399 1220 2|!)
2468 1169 2529 1219 ut
2589 1165 2679 1220 vix
2728 1183 2827 1221 sex
2883 1185 3055 1223 naves
3116 1182 3511 1243 superessent,
3565 1191 3691 1246 quae

2037 1255 2432 1309 Andronicum
2467 1254 2707 1310 domum
2742 1256 3095 1316 reveherent.
3136 1260 3190 1313 Is
3241 1275 3374 1314 vero
3424 1263 3687 1319 Hieroso-

2038 1343 2192 1415 lyma
2222 1359 2354 1399 cum
2389 1359 2519 1413 rege
2551 1345 2865 1414 profectus,
2897 1351 3073 1419 atque
3113 1364 3246 1404 cum
3297 1352 3459 1421 justo
3505 1353 3686 1408 comi-

2039 1437 2163 1488 tatu
2199 1433 2452 1488 Iconium
2486 1439 2917 1502 prmtervectus,
2977 1437 3317 1508 Byzantium
3379 1441 3570 1497 rediit.
3604 1443 3687 1497 Ex

2039 1520 2242 1577 multis
2273 1533 2462 1576 autem
2494 1521 2607 1576 illis
2640 1524 2887 1578 navibus
2919 1524 3065 1579 alias
3096 1525 3319 1582 adversi
3378 1529 3530 1583 venti
3565 1546 3685 1587 una

2036 1627 2168 1665 cum
2197 1610 2524 1666 vectoribus
2549 1611 2958 1667 demerserunt
2980 1629 2996 1681 ;
3020 1612 3148 1669 alias
3186 1613 3462 1672 ﬂuctibus
3499 1619 3683 1689 disje-

2036 1704 2137 1755 ctas
2172 1716 2344 1755 verno
2370 1704 2626 1772 tempore
2648 1700 2884 1755 demum
2910 1701 2967 1756 in
3016 1701 3242 1757 navalia
3292 1705 3517 1761 urbana
3541 1710 3684 1762 sunt

2036 1790 2282 1847 reductas
2319 1806 2331 1857 ;
2366 1805 2553 1861 neque
2613 1806 2809 1862 pauca:
2872 1790 2969 1845 ubi
3032 1799 3286 1848 vectores
3336 1793 3411 1849 ad
3467 1800 3681 1853 terram

264 1873 509 1952 ἰὸλεψαν
560 1878 652 1933 τὸν
706 1876 1027 1953 ἀτρύγετον,
1093 1879 1464 1953 μανικώτερον
1511 1878 1587 1942 είς
1644 1877 1738 1942 τὰς
1794 1879 1890 1934 ναῦ

2005 1929 2007 1971 ἰ
2037 1879 2725 1950 pervexerant,ﬂuctuum
2760 1881 3001 1936 arbitrio
3033 1886 3168 1936 sunt
3226 1886 3547 1954 permissae.
3596 1890 3682 1943 Ita

269 1966 635 2047 ξφορμῶντες,
671 1964 814 2039 μηδὲ
834 1970 895 2022 τὸ
924 1971 1020 2022 τοῦ
1045 1972 1237 2043 καιροῦ
1297 1967 1656 2044 δυσχείμερον
1713 1969 1805 2024 καὶ
1854 1968 1918 2023 τὸ

267 2059 375 2111 τοῦ
406 2054 572 2118 πλοὸς
594 2053 796 2131 ἓξωρον
827 2054 1156 2120 ἐννοοῦντεςο
1215 2057 1479 2131 τετάρτην
1530 2058 1633 2133 γὰρ
1689 2060 1819 2132 ἦγεν
1889 2059 1918 2112 ὁ

259 2140 606 2219 Δεκέμϐριος
636 2147 771 2218 μήν.
802 2147 906 2202 Ἤν
938 2146 1030 2201 οὗν
1056 2143 1187 2202 ἰδεῖν
1233 2145 1325 2201 τὸν
1383 2144 1664 2203 πολύνεων
1710 2146 1913 2203 ἐκεῖνον

254 2233 462 2291 στόλον
490 2235 579 2290 καὶ
613 2235 712 2305 τὴν
740 2233 827 2291 ἐπὶ
861 2234 1102 2309 λιμένων
1127 2237 1253 2310 μίαν
1272 2237 1602 2312 καταγωγὴν
1624 2235 1715 2292 καὶ
1736 2238 1836 2306 τὴν
1858 2238 1919 2293 ἐκ

247 2323 472 2380 τούτων
510 2324 665 2388 αὗθις
690 2323 983 2401 ἀναγωγὴν
1011 2321 1091 2386 εἵς
1125 2325 1293 2399 μόρια
1339 2322 1713 2381 πεδασθεῖσαν
1768 2329 1914 2399 τμήο

261 2433 433 2488 ματα,
474 2410 667 2468 ἃλλων
696 2411 1092 2488 ἀγαπησάντων
1122 2409 1310 2491 ἕτειρον
1341 2418 1513 2469 πλοῦν
1551 2415 1641 2469 καὶ
1696 2416 1910 2471 πάντων

2035 1967 2350 2038 perexiguae
2381 1966 2467 2022 vel
2494 1970 2665 2023 maris
2687 1972 2892 2023 aestum
2914 1969 2998 2024 vel
3024 1977 3333 2026 nautarum
3379 1974 3679 2046 negligen-

2025 2058 2167 2112 tiam
2200 2056 2506 2112 evitarunt.
2574 2060 2856 2112 Caeterum
2914 2058 3219 2114 Sarraceni
3278 2061 3672 2120 Romanorum

2025 2149 2438 2221 impressiones
2496 2153 2843 2217 metuentes,
2901 2166 3221 2223 eorumque
3272 2155 3675 2226 navigationes

2022 2237 2080 2293 in
2126 2243 2421 2309 posterum
2457 2254 2777 2309 praecavere
2809 2239 3134 2311 cupientes,
3170 2239 3377 2312 legatis
3434 2247 3491 2298 et
3543 2261 3675 2300 am-

2022 2328 2136 2403 plis
2168 2330 2508 2387 muneribus
2540 2331 2610 2386 ad
2641 2329 3060 2403 imperatorem
3098 2330 3294 2388 missis
3338 2349 3538 2407 pacem
3574 2334 3671 2389 flr-

2021 2425 2276 2475 marunt.
2748 2451 2751 2454 ι

255 2502 403 2578 πρὸς
432 2502 530 2563 τάς
561 2499 827 2576 πατρίδας
884 2501 1420 2578 οἱακοστροφούντων
1479 2503 1576 2567 τὰς
1629 2505 1856 2575 ναῦς,ὡς
1901 2503 2066 2577 μόλις
2115 2503 2172 2569 ἕς
2226 2503 2306 2562 ἔτι
2337 2504 2724 2583 ναυλοχεῖσθαι
2765 2509 3035 2582 τριήρεις,
3070 2507 3124 2564 α“ί
3153 2507 3403 2583 ἤμελλον
3428 2509 3667 2584 ἀνακομ-

242 2612 364 2647 σειν
400 2587 766 2665 ’Δνδρόνικον,
823 2592 885 2649 Ὀ
917 2589 975 2647 δὶ
1030 2593 1130 2661 τήν
1187 2590 1275 2647 ἔπὶ
1334 2590 1737 2667 Ἰεροσολύμων
1795 2590 1909 2665 ἅμα
1964 2599 2046 2668 τῷ
2077 2594 2202 2670 ῥηγὶ
2234 2597 2571 2670 τραπόμενος
2598 2598 2840 2652 κάκεῖθεν
2877 2598 3226 2671 ἁρμοζόντως
3254 2599 3673 2677 παραπεμφθεῖς

240 2682 314 2737 τὸ
356 2679 589 2737 Ἰκόνιον
621 2678 996 2755 παραλλάξας,
1028 2680 1080 2744 ἐς
1112 2681 1407 2751 Βυζάντιον
1438 2681 1783 2757 παρεγένετο.
1813 2686 1924 2737 Τῶν
1955 2680 2012 2738 δὲ
2039 2683 2266 2740 πολλῶν
2308 2684 2526 2739 ἐκείνων
2584 2690 2729 2755 νηῶν
2784 2686 2840 2741 αἱ
2911 2687 3007 2759 μὶν
3068 2688 3275 2760 ἀνέμων
3333 2688 3670 2752 ἀντιπνοίαις

237 2773 651 2842 περιπεσοῦσαι
705 2767 998 2825 κατέδυσαν
1066 2767 1379 2843 αὔτανδροι,
1436 2771 1492 2825 αἱ
1550 2767 1608 2825 δὲ
1662 2768 1906 2826 κλύδωνι
1964 2771 2239 2846 Θαλαττίῳ
2297 2770 2671 2847 διασπαρεῖσαι
2740 2773 2840 2848 ὀψὲ
2898 2774 2989 2828 καὶ
3049 2768 3206 2851 ἔαρος
3293 2774 3669 2856 ἐπιφαίνοντος

232 2863 365 2920 τοῖς
428 2858 744 2923 νιωσοίκοις
795 2862 896 2925 τῆς
951 2858 1168 2920 πόλεως
1227 2856 1586 2930 ἀπεδόθησαν.
1647 2858 1762 2917 Οὐκ
1819 2858 2000 2936 ὀλίγαι
2061 2858 2117 2916 δὲ
2175 2861 2265 2916 καὶ
2330 2868 2437 2916 τῶν
2471 2856 2743 2917 ἐπιϐατῶν
2778 2864 3101 2918 κενωθεῖσαι
3132 2865 3375 2936 καθάπαξ
3406 2860 3669 2920 ἐπιλαϐο-

240 2949 431 3021 μὲνων
497 2954 599 3017 τῆς
655 2955 761 3022 γῆς
815 2949 890 3012 ὡς
939 2950 1231 3025 Χαρώνεια
1282 2954 1557 3023 πορθμεῖα
1612 2953 1729 3011 τοῖς
1781 2954 1887 3005 τῶν
1946 2952 2205 3023 κυμάτων
2256 2949 2503 3013 διαύλοις
2559 2951 2855 3029 ἀφείθησαν
2926 2954 3205 3029 φέρεσθαι,
3265 2954 3339 3015 ὡς
3399 2954 3668 3030 βραχείας

238 3039 692 3115 περιλειφθῆναι,
753 3037 996 3113 βρασμὸν
1053 3036 1329 3108 θαλάσσης
1401 3039 1491 3093 καὶ
1567 3042 1775 3093 ναυτῶν
1853 3036 2142 3115 διαδράσας
2219 3038 2500 3114 ἀμέλειαν.
2579 3041 2646 3098 Οἱ
2707 3037 2765 3095 δὲ
2816 3041 3127 3116 Σαρακηνοὶ
3182 3043 3279 3111 τήν
3358 3041 3410 3104 ἐς
3466 3042 3661 3109 αὐτοὺς

235 3124 371 3182 ὁδὸν
448 3132 557 3183 τῶν
630 3126 946 3199 Ῥωμαίων,
979 3128 1054 3189 ὡς
1079 3120 1303 3199 ἔδειξαν,
1344 3123 1824 3192 ἀποδειλιάσαντες
1894 3131 1984 3183 καὶ
2059 3128 2150 3184 τόν
2231 3129 2476 3185 ἐσέπειτα
2548 3128 2721 3185 πλοῦν
2797 3129 3195 3205 ἀποτρέποντες
3270 3126 3521 3206 πρέσϐεις
3608 3132 3664 3196 ἐς

212 3216 478 3292 ’βασιλέα
526 3210 791 3286 ἔστειλαν,
821 3215 911 3270 καί
943 3212 1092 3291 δῶρα
1121 3216 1188 3272 τά
1219 3218 1342 3289 παρ’
1372 3215 1557 3279 αὐτοῖς
1588 3218 1875 3291 τιμώμενα
1904 3214 2169 3292 ἔπεμψαν,
2200 3219 2290 3275 καί
2320 3221 2419 3289 τήν
2449 3218 2667 3292 εἰρήνην
2709 3218 3019 3293 ἐκράτυναν.

310 3308 384 3377 η’.
436 3303 577 3377 Ἤδη
632 3303 690 3361 δὲ
748 3302 1051 3377 ώδινούσης
1105 3313 1206 3376 τῆς
1268 3303 1551 3380 βασιλίδος
1592 3305 1681 3361 καὶ
1720 3311 1890 3362 τεκεῖν
1930 3315 1972 3381 C

230 3396 567 3471 ἰγγιζούσης
613 3394 886 3469 σεσάρωτο
956 3396 1050 3469 μὶν
1109 3396 1172 3452 τὸ
1226 3394 1436 3469 οῗίκημα
1498 3395 1588 3451 καὶ
1648 3393 1893 3472 διηυτρὲ-

232 3505 406 3540 πιστο
460 3480 704 3561 ἀκριϐῶς
754 3485 820 3540 τά
873 3487 1010 3561 πρὸς
1067 3487 1167 3556 τήν
1214 3488 1408 3557 κόησιν
1434 3490 1531 3541 τοῦ
1573 3484 1767 3548 παιδὸς
1799 3486 1889 3540 καὶ

225 3576 336 3643 τήν
391 3570 680 3650 ὒποδοχήν
736 3578 833 3644 τῆς
895 3575 1125 3651 μητρός.
1187 3577 1272 3638 Ὠς
1312 3573 1369 3632 δὲ
1434 3578 1765 3654 κατήπειγον
1832 3578 1889 3631 αἱ

225 3663 563 3734 Εἰλείθυιαι,
591 3665 622 3720 ὁ
660 3664 969 3743 πορφύρεος
1003 3664 1175 3740 δόμος
1210 3666 1353 3741 εἶχεν
1411 3667 1563 3729 ἐντὸς
1612 3674 1711 3737 τῆν
1771 3665 1887 3722 ἐπί-

222 3773 414 3810 τοκον.
476 3755 717 3829 Ἠγωνία
773 3755 869 3827 μὲν
944 3755 1036 3811 οὖν
1115 3754 1201 3811 ἐπὶ
1276 3760 1345 3830 τῇ
1428 3759 1639 3831 γαμετῇ
1696 3756 1883 3832 παρὼν

223 3841 513 3917 βασιλεὺς,
544 3843 634 3899 καὶ
671 3844 767 3905 τὰς
798 3841 993 3909 ὀδύνας
1042 3843 1320 3922 ἐκούφιζεν
1380 3845 1769 3918 ὀπτανόμενος,
1822 3846 1883 3900 τὸ

220 3931 401 3988 πλέον
431 3930 490 3988 δὲ
529 3937 628 3988 τοῦ
690 3932 1015 4009 βλέμματος
1062 3933 1347 4009 ἐχαρίζετο
1386 3939 1474 4007 τῷ
1534 3933 1884 4009 σκεπτομένῳ

215 4024 348 4084 τοὺς
403 4020 633 4095 ἀστέρας
716 4023 807 4078 καὶ
858 4029 977 4085 τοῖς
1056 4024 1173 4079 κατ’
1231 4023 1458 4098 οὐρανὸν
1519 4021 1879 4103 διαχαίνοντι⁹

228 4111 383 4166 Ἐπεὶ
435 4108 494 4165 δὲ
558 4111 624 4167 τὸ
678 4112 870 4186 τεχθὲν
922 4110 1181 4182 ἒξώλισθε
1236 4114 1337 4180 τῆς
1394 4109 1594 4183 νηδύος
1641 4113 1731 4167 καὶ
1810 4112 1877 4181 ἧν

226 4197 389 4274 ἄρσεν
417 4200 770 4276 καὶήτὲχνη
830 4198 1106 4256 ἐδίδασκεν
1167 4196 1358 4256 δλϐιον
1404 4201 1494 4256 καὶ
1554 4198 1879 4277 μοιρηγενὲς

214 4290 306 4344 καὶ
352 4295 456 4358 τῆς
518 4291 776 4364 πατρῴας
833 4289 1014 4365 ἀρχῆς
1070 4287 1353 4365 διάδοχον,
1413 4294 1530 4361 Θεῷ
1585 4310 1644 4345 τε
1700 4290 1875 4367 φωναὶ

215 4374 549 4433 ἀπεδίδοντο
590 4381 943 4453 χαριστήριοι
972 4380 1062 4434 καὶ
1094 4378 1238 4443 ἄπας
1266 4378 1332 4447 ἦν
1392 4377 1447 4433 ἐν
1505 4377 1722 4452 κρότοις
1782 4380 1870 4435 καὶ

212 4473 547 4543 χαρμοναῖς.
581 4468 904 4543 Ὑπεξαίρων
939 4466 996 4524 δὲ
1022 4468 1123 4537 τὴν
1170 4467 1451 4544 γενέθλιον
1512 4469 1602 4522 καὶ
1666 4468 1873 4541 ὀνομα-

213 4558 442 4632 στήριον
500 4560 600 4611 τοῦ
642 4555 834 4618 παιδὸς
880 4555 1110 4632 ἡμέραν,
1171 4558 1246 4620 ὡς
1304 4562 1531 4621 εἴθισται
1580 4557 1728 4631 παρά
1757 4563 1873 4621 τοῖς

224 4643 512 4719 βασιλεῦσι
569 4643 862 4715 Ῥωμαίων
916 4642 1045 4706 τοὺς
1099 4643 1481 4718 ἐντιμοτέρους
1536 4648 1643 4698 τῶν
1710 4641 1869 4699 πολι-
1905 4687 1947 4750 D

248 4738 275 4749 ο
492 4733 505 4749 ι
609 4729 629 4750 ‘
664 4728 711 4750 οὓ
841 4735 866 4750 Λ
909 4731 930 4750 \
980 4736 1004 4748 θ
1136 4732 1150 4750 9
1402 4734 1415 4750 \
1520 4732 1533 4750 ν
1592 4732 1632 4750 I\
1850 4734 1864 4750 ἱ

213 4738 317 4788 τῶν
375 4733 516 4806 μιτά
571 4728 789 4787 κλάδων
840 4731 1045 4788 θαλιῶν
1107 4732 1183 4796 εἰς
1246 4734 1456 4810 τροφὴν
1515 4732 1718 4803 ἐκάλει,
1776 4734 1867 4788 καὶ

212 4821 458 4895 Ἀλέξιον
483 4822 579 4877 τὸν
609 4818 775 4877 παῖδα
806 4822 1102 4895 ὠνόμασεν,
1137 4823 1249 4897 οὐχ
1278 4820 1471 4884 ἁπλῶς
1512 4824 1610 4893 τὴν
1667 4819 1867 4887 κλῆσιν

213 4905 643 4984 ἀπολεξάμενός,
667 4907 794 4966 οὐδὲ
821 4912 915 4966 τὸν
941 4909 1109 4966 παῖδα
1165 4915 1343 4985 τιμῶν
1397 4916 1476 4983 τῷ
1522 4915 1618 4967 τοῦ
1676 4910 1862 4966 τεκόν-

211 5020 303 5063 τος
327 5005 425 5056 τὸν
447 4999 818 5075 γεγεννηκότα
872 4999 1074 5056 ἐκεῖνον
1145 5000 1397 5073 ὀνόματι,
1456 4998 1605 5056 ἀλλά
1662 5003 1866 5073 προσέ-

212 5108 324 5163 χων
371 5091 470 5145 τὸν
524 5093 656 5145 νοῦν
709 5088 1062 5165 προρρήματι
1127 5091 1263 5163 πρὸς
1303 5091 1404 5157 τήν
1459 5085 1864 5161 ὑποϐλἠθεῖσαν

211 5176 473 5253 ἐρώτησιν
514 5175 1019 5255 ὲξενεχθὲντι,ἢτις
1048 5178 1114 5247 ἦν
1158 5178 1211 5240 ἐς
1270 5175 1393 5232 ὅσον
1450 5178 1486 5248 ἠ
1545 5182 1643 5233 τοῦ
1700 5180 1857 5253 βασι-

211 5263 346 5328 λέως
379 5265 632 5338 Ἀλεξίου
659 5268 758 5321 τοῦ
816 5269 1104 5340 Κομνηνοῦ
1156 5265 1492 5341 παραταθείη
1555 5267 1732 5342 σειρά,
1796 5268 1858 5322 τὸ

211 5350 264 5409 δὶ
289 5354 688 5431 προαγόρευμα
714 5357 874 5428 αἷμα,
929 5355 959 5411 ὅ
1015 5361 1115 5425 τῆς
1172 5349 1457 5424 συλλαϐῆς
1509 5352 1856 5431 διιστάμενον

207 5444 288 5498 καὶ
317 5445 458 5501 καιά
479 5449 757 5520 στοιχεῖον
781 5444 1172 5520 ἀναλεγόμενον
1212 5442 1302 5500 διὰ
1352 5445 1444 5518 μὲν
1504 5449 1600 5501 τοῦ
1654 5449 1701 5504 Α
1760 5466 1861 5500 σα-

212 5534 319 5608 ei);
339 5532 616 5610 ὑπὲγραφε
650 5533 743 5588 τὸν
777 5531 1042 5605 Ἀλέξων,
1073 5530 1162 5589 διὰ
1192 5531 1250 5588 δὲ
1278 5537 1374 5589 τοῦ
1427 5534 1449 5589 Ι
1501 5533 1596 5588 τὸν
1658 5534 1855 5590 Ἰωὰν-

205 5639 312 5689 νην,
339 5618 431 5677 διὰ
450 5618 511 5678 δὲ
560 5626 667 5677 τῶν
697 5622 889 5697 ἐφεξῆς
934 5619 1028 5678 δύο
1086 5623 1427 5699 γραμμάτων
1472 5625 1563 5678 τὸν
1594 5622 1854 5695 Μανουὴλ

207 5706 289 5764 καί
315 5709 479 5782 ti)le
519 5711 728 5768 ἐκείνου
758 5711 924 5769 πάλιν
972 5711 1438 5789 παραληψόμενον
1487 5714 1587 5783 τήν
1646 5715 1851 5791 ἀρχήν.

2073 3313 2273 3366 8.Cum
2299 3316 2494 3366 autem
2527 3310 2866 3380 imperatrix
2923 3311 3115 3381 partui
3174 3311 3501 3383 propinqua
3557 3330 3652 3370 es-

1996 3400 2535 3473 set,depromptaet
2561 3400 2842 3455 adornata
2865 3403 3227 3471 estpurpura
3277 3402 3348 3457 ad
3398 3417 3644 3473 puerum

1993 3491 2458 3561 suscipiendum.
2505 3490 2816 3545 Doloribus
2870 3506 3002 3545 vero
3065 3491 3429 3561 urgentibus,
3491 3492 3647 3549 220

1991 3595 2058 3633 ea
2090 3580 2147 3635 in
2184 3597 2441 3652 purpura
2471 3579 2774 3646 collocata,
2807 3578 2973 3633 adest
3022 3583 3079 3633 et
3132 3580 3470 3650 imperator,
3507 3596 3647 3634 sua-

1990 3684 2107 3739 que
2144 3668 2443 3739 przesentia
2474 3669 2777 3740 conjugem
2839 3667 3064 3721 solatur
3122 3673 3177 3722 et
3207 3666 3489 3734 sublevat,
3524 3683 3642 3721 ma-

1989 3760 2079 3831 gis
2112 3768 2302 3815 tamen
2336 3758 2395 3814 in
2427 3757 2625 3815 stellas
2656 3768 2708 3812 et
2742 3762 3019 3827 punctum
3053 3755 3257 3809 edendi
3324 3756 3473 3809 fetus
3520 3754 3645 3809 ani-

1989 3866 2084 3903 mo
2118 3849 2397 3903 intentus.
2432 3847 2576 3901 Nato
2610 3846 2749 3911 filio,
2784 3861 2957 3917 quem
3013 3842 3370 3898 astronomia
3397 3842 3641 3899 docebat

1987 3936 2222 3992 divitem
2258 3937 2375 3991 fore
2406 3940 2582 4005 atque
2639 3935 3005 4005 unigenitum
3061 3940 3111 3986 et
3148 3931 3371 4003 paterni
3406 3931 3637 3999 imperii

1986 4040 2406 4087 successorem,
2471 4024 2583 4077 Deo
2642 4022 2846 4094 gratiae
2915 4020 3254 4087 agebantur,
3314 4036 3640 4091 omnesque

1985 4113 2200 4169 subditi
2234 4110 2590 4183 plaudebant
2611 4116 2665 4166 et
2701 4110 3069 4165 laetabantur.
3107 4109 3236 4180 Ipse
3286 4125 3418 4163 vero
3448 4107 3634 4179 impe-

1982 4210 2159 4269 rator,
2193 4206 2254 4255 ut
2276 4200 2429 4255 diem
2456 4199 2705 4255 natalem
2732 4198 3106 4254 celebriorem
3162 4198 3451 4266 redderet,
3482 4197 3637 4254 cives

1980 4290 2495 4356 honoratiores,uti
2524 4289 2702 4344 moris
2732 4293 2873 4355 erat,
2903 4302 3095 4343 ramos
3148 4292 3443 4355 gestantes
3494 4303 3632 4342 con-

1980 4381 2147 4435 viviis
2172 4380 2490 4450 excepit,et
2514 4377 2757 4449 puerum
2786 4375 3048 4431 Alcxium
3072 4376 3413 4431 nominavit.
3449 4375 3632 4447 quue

1979 4476 2354 4535 nontemere,
2388 4485 2489 4525 nec
2524 4474 2641 4524 tam
2677 4472 2736 4523 ut
2791 4483 2925 4523 cum
2986 4467 3180 4536 proavi
3240 4465 3333 4521 sui
3393 4467 3633 4522 nomine

1980 4560 2310 4624 honoraret,
2348 4573 2511 4627 quam
2576 4560 2812 4629 propter
2868 4555 3195 4623 oraculum,
3257 4570 3371 4625 quo
3429 4553 3480 4611 ei
3531 4570 3635 4627 per

1980 4648 2258 4719 ambages
2294 4661 2639 4717 responsum
2674 4644 2860 4700 fuerat
2918 4644 3125 4698 seriem
3183 4642 3511 4698 Comneuim
3545 4644 3633 4698 fa-

1982 4736 2153 4791 miliae
2210 4737 2553 4790 duraturam
2613 4740 2864 4804 tantum,
2917 4740 3056 4806 quot
3118 4731 3339 4787 litteras
3417 4747 3631 4789 nomen

1976 4825 2165 4892 Aima,
2201 4824 2302 4879 boc
2337 4828 2420 4878 est
2466 4823 2726 4889 sanguis,
2788 4824 3273 4893 complectere-tur
3325 4837 3389 4875 ac
3446 4837 3547 4891 per
3584 4819 3625 4874 Α

1977 4914 2233 4980 Alexius,
2270 4930 2368 4985 per
2401 4913 2727 4981 (Joannes,
2763 4929 2862 4983 per
2897 4914 2939 4966 Μ
2970 4918 3024 4967 et
3055 4915 3091 4966 Α
3133 4908 3357 4966 Manucl
3384 4913 3442 4964 et
3472 4908 3627 4962 filius

1976 5005 2105 5073 ejus
2136 5001 2282 5058 alter
2333 5002 2567 5057 Alexius
2622 5003 2773 5056 haud
2826 5001 3070 5055 obscure
3120 4997 3621 5065 significabantur.

1976 5092 2120 5148 Cum
2185 5108 2327 5162 puer
2393 5095 2557 5145 astate
2616 5090 2947 5159 procederet
3008 5095 3064 5142 et
3118 5088 3306 5139 instar
3359 5081 3621 5137 fecunda

1976 5183 2190 5254 plantae
2220 5190 2524 5245 cresceret,
2561 5179 2716 5233 aliud
2751 5177 3060 5233 consilium
3095 5174 3250 5244 capit
3293 5171 3624 5242 imperator,

1973 5270 2117 5326 και
2160 5266 2653 5338 etjusiurandum
2688 5267 2757 5319 de
2790 5263 3011 5336 imperii
3040 5260 3409 5317 successione
3440 5274 3473 5314 a
3497 5257 3621 5315 Ma-

1972 5359 2057 5412 ria
2083 5356 2196 5411 ﬁlia
2229 5360 2285 5410 et
2313 5356 2442 5425 ejus
2474 5355 2678 5408 marito
2715 5352 2908 5407 Alexio
2956 5348 3256 5406 Pannonio
3314 5350 3372 5403 in
3428 5347 3620 5404 filium

1968 5445 2285 5503 transferre
2320 5443 2594 5497 instituit.
2629 5441 2875 5496 Proinde
2906 5457 3035 5495 cum
3068 5438 3189 5494 tilio
3211 5441 3268 5492 et
3298 5437 3524 5494 civibus
3558 5437 3617 5493 in

1968 5533 2342 5605 amplissimo
2376 5531 2594 5601 templo
2626 5531 2936 5586 Genitricis
2969 5530 3063 5585 Dei
3100 5527 3391 5594 convenit,
3425 5532 3484 5583 et
3515 5543 3619 5599 per

1958 5624 2378 5697 jusjurandum
2414 5622 2638 5692 imperii
2684 5622 3052 5677 successione
3086 5623 3140 5673 in
3173 5618 3387 5683 (illum,
3416 5625 3475 5672 ut
3510 5634 3615 5689 pu-

1965 5715 2142 5784 tabat,
2175 5711 2475 5779 translata,
2510 5710 2679 5785 paulo
2712 5716 2846 5787 post.
2875 5711 3055 5769 tiliam
3086 5710 3157 5766 ab
3195 5708 3392 5767 Alexio
3422 5709 3621 5783 sejun-
