4068 6196
486 356 603 416 515

1805 356 2124 419 ΝΙΟΕΤιΕ
2163 356 2586 420 ΟΗΟΝΙΑΤΕ

3709 382 3800 443 516

487 493 576 566 git
606 508 621 560 ;
646 490 817 563 eique
838 487 1033 546 uxoris
1058 504 1177 544 suae
1195 504 1682 560 sororsm,recens
1702 506 1834 548 cum
1849 489 2103 548 Balduin‘

2211 547 2222 562 _
2316 497 2404 556 Ὠς
2451 491 2545 546 οὗν
2601 491 2630 544 6
2696 495 2825 545 παῖς
2883 490 2983 559 τὴν
3036 489 3258 560 ἡλικίαν
3296 496 3570 567 προέκοπτε
3603 505 3676 561 καὶ
3699 514 3805 568 κατὰ

491 585 668 639 fratre
700 579 1006 640 Antiochia
1035 580 1375 652 profectam,
1427 581 1768 651 despondet.
1827 581 1900 638 Ut
1941 586 2134 637 autem

487 678 597 728 sub
631 673 688 727 id
721 684 956 742 tempus
1011 669 1314 726 Hunzariae
1371 687 1464 726 rex
1525 674 1688 743 obiit,
1745 671 1970 727 Manuel
2006 671 2135 742 ejus

486 769 728 816 mortem
768 766 1254 833 peropportunam
1289 766 1450 816 ratus
1479 761 1741 818 Alexium
1765 762 1966 818 statim
1998 778 2131 816 cum

487 852 794 921 splendido
827 852 1106 906 comitatu
1166 857 1228 907 at
1281 851 1516 906 maximo
1551 856 1832 923 apparatu
1871 851 2030 923 regio
2060 852 2131 907 ad

484 941 803 997 Pannonia
860 940 1227 996 dominatum
1288 941 1687 1012 accipiendum
1748 941 1994 1012 ablegat.
2054 941 2131 996 Eo

485 1034 612 1089 sine
637 1031 833 1087 labore
863 1031 1193 1086 diademate
1223 1038 1449 1096 ornato,
1482 1037 1540 1087 et
1594 1032 1776 1088 totius
1823 1031 2130 1101 Bungariaa

487 1141 621 1196 rege
670 1123 816 1177 citra
871 1120 1328 1177 controversiam
1416 1122 1728 1191 declarato,
1817 1121 2132 1191 imperator

484 1213 745 1269 studiose
759 1211 1033 1266 maritum
1055 1208 1297 1266 alterum
1321 1210 1448 1264 tilia:
1469 1210 1680 1282 quaerit
1701 1236 1715 1277 ;
1734 1226 1800 1266 ac
1835 1209 2130 1267 nobilibus

481 1301 761 1358 Romanis
795 1299 1121 1370 praeteritis,
1150 1299 1388 1368 indagat
1417 1299 1517 1370 qui
1577 1305 1908 1355 exterarum
1949 1299 2130 1354 natio-

483 1412 625 1452 num
655 1393 948 1466 principes
975 1397 1077 1447 aut
1107 1390 1336 1446 caelibes
1375 1399 1568 1447 essent
1596 1396 1698 1446 aut
1755 1390 1908 1446 filios
1947 1391 2128 1446 babe-

482 1489 612 1541 rent
674 1483 930 1555 paternis
986 1481 1182 1553 regnis
1258 1496 1657 1536 successuros.
1712 1480 1857 1536 Cum
1929 1484 2124 1536 autem

480 1571 828 1630 Guilielmue
862 1569 1067 1624 Siciliae
1122 1585 1220 1624 rex
1250 1568 1310 1624 in
1368 1583 1433 1626 eo
1471 1585 1682 1639 genere
1729 1569 2122 1641 principatum

481 1667 675 1718 tenere
699 1659 992 1715 videretur
1021 1661 1078 1714 et
1106 1657 1178 1714 ab
1209 1657 1326 1714 illis
1351 1658 1576 1731 nuptiis
1607 1674 1722 1713 non
1761 1657 2122 1730 abhorreret,

477 1752 688 1808 crebris
717 1749 1038 1821 legationes
1083 1746 1234 1802 ultro
1289 1747 1551 1818 citroque
1593 1748 1784 1803 missa:
1815 1749 1887 1803 de
1918 1747 2122 1803 matri-

478 1841 659 1897 monii
686 1837 1117 1895 conditionibus
1150 1835 1365 1892 frustra
1403 1837 1555 1894 222
1594 1837 1913 1908 agitabant.
1971 1836 2118 1894 Nam

470 1931 788 2000 imperator
818 1943 851 1981 a
881 1925 1165 1997 principio
1197 1924 1530 1997 ambiguus,
1563 1930 1620 1982 et
1643 1924 1833 1981 animo
1863 1924 2109 1982 diversis

470 2017 735 2077 consiliis
765 2016 1044 2071 distracto
1076 2013 1327 2070 subinde
1385 2015 1700 2081 ﬂuctuans,
1759 2017 2108 2072 sententiam

467 2109 704 2166 tandem
737 2107 948 2173 mutat,
977 2103 1324 2159 affinitatem
1382 2102 1592 2160 Sicilia:
1642 2103 1790 2177 regis
1842 2122 1958 2161 non
1988 2121 2020 2162 e
2051 2121 2111 2161 re

468 2197 705 2272 publica
736 2196 855 2251 fore
885 2193 1250 2250 existimans.
1281 2191 1368 2249 Ita
1399 2191 1517 2249 ﬁlia
1573 2195 1724 2263 ejus,
1757 2194 2028 2266 quamvis
2076 2211 2110 2251 a

470 2287 676 2344 multis
729 2283 919 2358 procis
967 2282 1241 2352 expetita,
1300 2281 1401 2337 diu
1493 2280 1698 2340 caelebs
1783 2288 1840 2340 et
1905 2287 2110 2340 Incesta

465 2377 526 2433 in
575 2375 793 2450 palatio
850 2371 1096 2429 desedit.
1173 2371 1286 2426 Sed
1389 2379 1518 2443 post
1618 2371 1852 2442 longam
1928 2373 2110 2444 patris

461 2463 1070 2536 circumspectionem,
1110 2460 1344 2516 tandem
1403 2461 1506 2516 uni
1580 2477 1648 2517 ex
1721 2461 1860 2517 ﬁliis
1940 2461 2111 2519 Mon-

460 2553 742 2612 tislerrati
797 2548 1178 2616 marcbionis,
1253 2547 1609 2606 adolescenti
1684 2550 2108 2606 formosissimo

457 2642 954 2712 suavissimoque,
999 2637 1247 2695 imberbi
1323 2638 1515 2695 adhuc
1590 2639 1780 2706 nubit,
1841 2639 2111 2712 quamvis

458 2738 589 2809 ipsa
619 2751 729 2791 xxx
803 2747 1024 2788 annum
1099 2728 1463 2801 excessisset,
1496 2728 1648 2786 virili
1724 2730 1966 2802 praedita
2017 2747 2111 2787 ro-

457 2827 619 2884 bore.

2240 579 2463 643 εύθαλὶς
2521 580 2612 634 καὶ
2668 585 2793 635 πῖον
2841 579 3095 655 νεόφυτον
3171 580 3248 642 εἷς
3334 582 3482 657 αὔξην
3553 592 3787 672 ἀνέτρεγεν

2238 670 2418 742 ἕτερος
2475 671 2681 733 σκοπὸς
2732 672 2896 740 ἀνῆκε
2959 671 3052 726 τὸν
3115 670 3356 746 βασιλέα·
3413 679 3493 732 καὶ
3541 677 3599 749 δὴ
3641 648 3807 755 deviam:

2242 763 2368 829 θησι
2396 759 2524 821 τοὺς
2556 759 2750 834 ὅρκους
2781 760 2917 833 πρὸς
2953 760 3046 814 τὸν
3069 760 3208 831 υἱὸν,
3244 760 3332 825 οῦς
3379 763 3459 819 ἐπὶ
3517 773 3579 842 τῇ
3620 775 3806 852 θυγατρὶ

2240 853 2424 926 Μαρίᾳ
2453 853 2648 922 καὶτῷ
2681 853 2944 926 μνήστορι
3006 851 3206 920 ταύτης
3263 851 3478 928 Ἀλεξίῳ
3528 865 3598 932 τῷ
3649 851 3803 924 Ηιίονι

2237 941 2432 1017 πρώην
2467 942 2586 1021 εἶχε
2613 938 2933 1001 τετελεκώς.
2966 943 3126 998 ’Όθεν
3178 941 3335 996 αύτὸν
3379 966 3433 999 τε
3477 949 3559 1001 τὸν
3604 951 3804 1025 βασιλέα,

2236 1031 2430 1109 καὶέφ’
2461 1030 2519 1086 ὃν
2555 1031 2604 1084 οὶ
2663 1029 2842 1102 ὅρκοι,
2893 1031 2980 1084 καὶ
3033 1029 3161 1091 τοὺς
3215 1028 3571 1099 ἀποδώσοντας
3625 1042 3807 1110 τούτους

2235 1123 2298 1178 τὸ
2329 1121 2381 1177 ἐν
2432 1121 2770 1196 Βλαχέρναις
2815 1117 3121 1194 είσεδέχετο
3179 1129 3280 1189 τῆς
3335 1128 3652 1201 Θεομητορος
3703 1136 3809 1209 μέγα

2233 1211 2323 1266 καί
2354 1211 2680 1283 περίπυστον
2721 1211 2962 1283 τέμενος.
3015 1208 3110 1264 Καὶ
3171 1207 3259 1265 διὰ
3313 1219 3410 1280 τῆς
3465 1207 3807 1296 τελεσιουργίάς

2231 1307 2340 1356 τῶν
2390 1302 2565 1375 ’ὀρκων
2617 1301 2693 1362 εἷς
2744 1301 2835 1354 τὸν
2875 1299 2922 1370 ἐξ
2982 1299 3180 1376 ὀσφύος
3236 1299 3397 1356 αὐτοῦ
3442 1306 3534 1374 τήν
3583 1327 3804 1377 σκηπτου.

2231 1391 2384 1466 χίαν,
2415 1391 2490 1454 ὡς
2517 1389 2675 1464 ᾣετο,
2729 1391 3116 1464 μεταθέμενος,
3177 1391 3312 1462 μενά
3367 1393 3539 1467 βραχὺ
3572 1401 3657 1449 τοῦ
3700 1403 3809 1471 μνῆ.

2231 1502 2417 1556 στερος
2470 1479 2716 1552 Ἀλεξίου
2789 1479 2851 1533 τὸ
2919 1477 3214 1556 θυγάτριον
3317 1479 3662 1556 ἀποζεύγνυσι,
3738 1489 3807 1543 καὶ

2229 1571 2378 1644 αὐτῷ
2419 1571 2513 1644 μὲν
2566 1569 2641 1632 εἰς
2698 1573 2930 1645 γυναῖκα
2985 1566 3241 1646 ἐγγυᾶται
3299 1575 3397 1640 τῆν
3455 1578 3549 1640 τῆς
3603 1579 3810 1649 γυναικός

2229 1661 2279 1715 οἱ
2311 1659 2646 1736 ὁμόσπορον,
2705 1655 2825 1734 ἃρτι
2858 1659 2952 1712 σὺν
2998 1661 3078 1728 τῷ
3123 1654 3344 1735 ἀδελφῷ
3398 1657 3686 1736 Βαλδουίνῳ
3729 1673 3808 1735 τῆς

2224 1749 2572 1828 Ἀντιοχείας
2642 1745 2940 1820 ἆπάρασαν.
3007 1745 3098 1807 Ὠς
3158 1743 3216 1802 δὲ
3300 1747 3434 1803 κατὰ
3507 1750 3592 1804 τὸν
3661 1755 3810 1828 καιρὸν

2227 1837 2428 1894 ἐκεῖνον
2463 1840 2491 1894 ὁ
2546 1844 2646 1908 τῆς
2703 1836 2974 1914 Ούγγρίας
3031 1837 3258 1892 ἀπέθανε
3307 1837 3427 1910 ῥῆε,
3456 1836 3713 1915 εὐτύχημα
3734 1845 3807 1898 τὸν

2223 1921 2419 1977 τούτου
2467 1918 2692 1984 θάνατον
2735 1919 2762 1972 ὁ
2823 1915 3088 1988 Μανουήλ
3142 1919 3494 1994 ἡγησάμενος
3529 1925 3712 1994 πέμπει
3735 1922 3809 1978 τὸν

2217 2009 2462 2080 Ἀλέξιον
2493 2007 2648 2072 εὐθὺς
2683 2006 2816 2081 μετᾶ
2862 2004 3120 2082 λαμπρᾶς
3173 2004 3508 2086 δομυφορίας
3568 2011 3646 2066 καὶ
3685 2012 3812 2087 βασι-

2219 2099 2370 2156 λείου
2422 2098 2688 2168 πλείστης
2733 2103 3100 2173 παρασκευῆς,
3161 2097 3259 2165 τὴν
3325 2099 3606 2168 Ηαιονικῆν
3644 2120 3812 2174 παραι.

2219 2190 2532 2264 ληψόμενον
2585 2185 2894 2244 δυναστείαν
2949 2185 3039 2242 καὶ
3102 2183 3487 2261 βασιλεύσοντο
3531 2192 3623 2243 τῶν
3672 2189 3808 2262 ὁμοει

2218 2283 2377 2336 θνῶν.
2436 2278 2543 2336 Καὶ
2603 2279 2719 2354 εἶχε
2781 2281 2973 2333 τοῦτον
3031 2273 3438 2352 ἀταλαιπώρως
3514 2278 3545 2348 ἡ
3617 2279 3806 2334 Ηαιονία

2216 2369 2395 2442 ταινίᾳ
2460 2370 2666 2444 ρηγικῇ
2734 2364 3091 2440 διαδούμενον
3145 2365 3240 2421 καὶ
3294 2370 3392 2422 τοῦ
3471 2365 3634 2443 γένους
3692 2366 3810 2423 ὅλου

2217 2455 2606 2520 ανενδοιάστως
2639 2453 2986 2526 δεσπόζοντα.
3026 2456 3084 2514 Ὀ
3115 2451 3172 2510 δὲ
3219 2453 3478 2531 βασιλεὺς
3522 2455 3654 2519 αὖθις
3699 2456 3809 2528 ἀνη-

2219 2547 2378 2622 ρεύνα
2408 2544 2688 2620 ἐπιμελῶς
2744 2545 2836 2600 τὸν
2895 2548 2964 2618 τῇ
3029 2543 3237 2600 ἐκείνου
3304 2546 3520 2621 θυγατρὶ
3563 2547 3814 2618 συζευύμε-

2218 2658 2322 2693 νον.
2357 2636 2460 2694 Καὶ
2498 2634 2793 2708 Ῥωμαίων
2849 2634 3110 2710 ἀθερίζων
3159 2635 3244 2691 ’ὀσι
3307 2637 3442 2711 πρὸς
3498 2637 3668 2712 γένους
3719 2635 3813 2691 ἐπί-

2218 2726 2387 2800 δοξοι,
2448 2724 2777 2804 ἐφιλοκρίνει
2836 2726 2965 2790 τοὺς
3031 2723 3298 2789 δυνάστας
3332 2725 3514 2795 ἐθνῶν,
3555 2728 3724 2783 ὁπόσοι
3753 2729 3813 2799 μὴ

2219 2822 2450 2893 ζυγῖται,
2509 2815 2599 2870 καὶ
2657 2813 2785 2878 τοὺς
2816 2815 2934 2870 ’ὸσοι
2987 2815 3244 2889 πατρῴαν
3309 2813 3677 2890 διαδεξομένων
3707 2815 3815 2888 μετὰ

454 2915 665 2986 πότμον
721 2915 828 2966 τῶν
890 2907 1223 2984 γειναμένων
1277 2906 1509 2969 τούτους
1566 2905 1767 2984 ἀρχήν.
1823 2907 1926 2963 Καὶ
1985 2903 2277 2983 ἐπειδήπερ
2347 2901 2537 2961 ἔπιπτε
2591 2905 2654 2960 τὸ
2710 2910 2977 2979 πρωτεῖον
3029 2905 3166 2979 πρὸς
3241 2906 3340 2961 τὸν
3406 2909 3685 2981 κρατοῦντα
3732 2913 3816 2961 Σι-

453 3001 637 3064 κελίας
668 2997 965 3070 Γιλίελμον
1040 2999 1128 3066 [Ρ.
1165 2997 1312 3068 iii],
1387 2993 1560 3056 ἄλλος
1635 2993 1720 3048 ἐπ’
1749 2992 1909 3068 ἄλλῳ
1982 2991 2218 3072 πρέσϐυς
2290 2995 2365 3057 εἷς
2444 2994 2642 3050 ἐκεῖνον
2693 2993 3038 3061 ἐστέλλοντο,
3085 2995 3173 3049 καὶ
3215 2997 3352 3069 παρ’
3383 2994 3582 3051 ἐκείνου
3609 2995 3740 3055 αὖθις
3765 2995 3814 3049 τὸ

453 3091 622 3160 κῆδος
678 3083 1068 3162 πρεσϐεύοντος
1127 3082 1420 3154 ἐπάλληλα
1474 3084 1540 3152 ἦν
1599 3085 1666 3140 τὰ
1715 3085 2001 3159 κηρύκεια,
2059 3085 2148 3141 καὶ
2181 3084 2246 3155 ἢν
2294 3085 2374 3159 ἐφ’
2432 3083 2617 3140 ἱκανόν
2649 3083 2714 3138 τὰ
2743 3089 2850 3140 τῶν
2901 3084 3089 3158 γάμων
3124 3083 3608 3165 λογολεσχούμενα
3633 3105 3816 3160 προεισ-

458 3173 1108 3256 ὁδια.Ἀμφιτάλλαντον
1185 3169 1242 3226 δὲ
1311 3173 1410 3241 τήν
1487 3170 1576 3227 ἐπὶ
1651 3172 1866 3235 τούτοις
1939 3173 2028 3227 καὶ
2101 3175 2168 3229 τὰ
2243 3179 2433 3250 πρῶτα
2458 3171 2665 3248 ἔχωνὸ
2709 3171 2966 3245 βαστλεὺς
3007 3171 3180 3248 ῥοπήν
3223 3175 3320 3228 καὶ
3389 3177 3506 3230 οἷον
3557 3177 3817 3246 minimu-

456 3290 548 3324 σαν
623 3266 713 3321 καὶ
788 3262 1002 3325 πολλὰς

1111 3257 1418 3336 μεταϐολὰς
1473 3257 1851 3334 λαμϐάνουσαν
1929 3263 2018 3318 καὶ
2093 3264 2321 3339 τρόπας,
2380 3265 2478 3338 ὀψέ
2550 3269 2684 3319 ποτε
2761 3263 3073 3336 μεθίσταται
3127 3268 3225 3318 τοῦ
3283 3264 3515 3329 σλοποῦ,
3563 3265 3816 3336 Ῥωμαίοις

444 3357 632 3431 κρίνας
665 3354 962 3428 ἀσύμφορα
986 3352 1050 3406 τὰ
1111 3351 1246 3425 μετᾶ
1292 3356 1387 3406 τοῦ
1447 3350 1613 3428 ρηγὸς
1671 3351 1923 3414 Σικελίας
2002 3354 2409 3428 μνηστεύματα,
2485 3355 2589 3410 Ἦν
2662 3353 2751 3408 οῦν
2830 3355 2865 3422 ἡ
2939 3354 3076 3428 κόρη
3155 3351 3527 3427 πολυμνήστη
3587 3353 3816 3429 βασίλεια,

441 3446 531 3501 καὶ
563 3446 699 3500 κατὰ
730 3445 830 3512 τὴν

933 3442 1408 3516 ’Δγαμεμνόνειον
1483 3439 1780 3514 Ἠλέκτραν
1855 3441 2118 3518 ἅλεκτρος
2150 3442 2239 3498 ἐπὶ
2299 3442 2444 3499 πολὺ
2519 3448 2636 3506 τοῖς
2673 3443 2988 3518 ἀνακτόροις
3063 3439 3336 3512 ἀλύουσα,
3387 3445 3479 3499 καὶ
3532 3445 3639 3498 κατ’
3701 3443 3809 3521 ἄχει

440 3532 611 3608 ρωίδα
687 3537 800 3607 (99)
865 3529 1111 3606 ὑδρηλὴν
1155 3528 1343 3604 ὑψηλὴ
1389 3529 1478 3583 καὶ
1538 3530 1728 3601 κοίτης
1785 3529 2034 3606 ἆνδρῴας
2094 3531 2401 3608 ἷμείρουσα.
2461 3535 2786 3602 Συνέζευκτο
2852 3530 2899 3587 δ’
2939 3531 3030 3586 οὗν
3087 3527 3241 3603 ὅμως
3314 3534 3451 3607 μετᾶ
3508 3531 3710 3599 πολλὴν
3739 3534 3818 3586 τοῦ

453 3621 725 3700 βασιλέως
781 3623 1123 3694 προμήθειαν
1194 3618 1414 3693 ὕστερον
1469 3617 1546 3673 ἐνί
1603 3622 1710 3673 τῶν
1771 3623 1868 3674 τοῦ
1916 3620 2215 3695 μαρκεσίου
2249 3621 2471 3692 Μόντης
2546 3620 2814 3699 φεράντης
2855 3621 3010 3688 υἱῶν,
3037 3619 3292 3694 χαρίεντι
3324 3622 3426 3690 τὴν
3457 3616 3578 3694 ὄψιν
3604 3620 3686 3674 καὶ
3707 3616 3812 3673 ἰδεῖν

440 3711 652 3786 ἡδίστῳ
680 3712 768 3768 καὶ
800 3713 897 3780 τήν
931 3711 1109 3782 κόμην
1142 3708 1376 3779 ἡλιῶντι
1404 3709 1495 3764 καὶ
1527 3710 1783 3785 εὐπρεπεῖ
1808 3710 1898 3765 καὶ
1932 3713 2101 3786 μήπω
2135 3712 2324 3790 φύοντι
2354 3711 2578 3789 γένειον,
2634 3711 2771 3780 αὐτὴ
2815 3711 2878 3765 τὸ
2925 3712 3243 3785 τριακοστὸν
3301 3707 3670 3786 ὓπεραναϐἆσα
3720 3707 3816 3767 ἔτος

432 3803 522 3859 καὶ
551 3800 778 3877 ἀνδρική
804 3802 1159 3880 τυγχάνουσα
1186 3800 1285 3868 τήν
1317 3798 1509 3876 ἰσχύν.

505 3895 560 3950 9.
594 3899 711 3950 Hoc
743 3895 866 3949 loco
899 3893 1040 3948 illud
1101 3891 1274 3948 etiam
1333 3897 1422 3947 est
1478 3891 1880 3950 inserendum.
1923 3893 2083 3950 Occi-

439 3984 692 4040 dentalia
724 3983 906 4039 maris
938 3981 1126 4051 sinus,
1194 3979 1289 4052 qui
1348 3981 1521 4036 Adria
1565 3981 1800 4051 dicitur,
1833 4000 1865 4036 a
1897 3981 2091 4040 Siculo

435 4074 660 4147 pelago
685 4079 946 4128 remotus
967 4076 1024 4126 et
1043 4070 1208 4126 Iionii
1226 4069 1404 4124 maris
1428 4070 1705 4126 abcessus
1728 4071 1968 4142 quidam
2002 4087 2086 4127 se-

431 4169 698 4234 paratus,
732 4159 1017 4232 Aquilone
1047 4159 1305 4230 spirante
1337 4157 1453 4214 late
1499 4165 1801 4214 exaestuat.
1835 4159 1975 4231 Ejus
2007 4161 2089 4214 si-

435 4267 549 4307 nus
581 4251 783 4306 intima
811 4248 1037 4315 Heneti,
1069 4250 1169 4319 qui
1202 4253 1257 4303 et
1286 4247 1484 4304 Veneti
1515 4247 1900 4320 appellantur,
1925 4247 2084 4304 inco-

433 4339 858 4408 lunt,homines
882 4338 1060 4393 maris
1083 4336 1332 4404 alumni,
1361 4338 1486 4408 vagi
1514 4336 1848 4393 Phoenicum
1872 4337 2080 4406 instar,

431 4427 662 4484 callidis
699 4427 926 4499 praediti
951 4426 1223 4497 ingeniis.
1257 4425 1324 4481 Hi
1356 4427 1510 4483 228
1565 4425 1880 4499 aliquando
1913 4444 1946 4482 a
1977 4427 2084 4482 Ro-

429 4513 626 4570 manis
657 4515 729 4568 ob
762 4512 897 4567 belli
942 4513 1161 4567 navalis
1201 4513 1604 4569 necessitatem
1645 4513 1902 4586 suscepti
1960 4531 2083 4570 ma-

426 4603 589 4659 ximo
623 4617 865 4657 numero
895 4601 1059 4672 Cpoli
1116 4601 1533 4670 consederunt,
1591 4606 1647 4657 et
1703 4603 1762 4658 in
1809 4604 2082 4659 omnibus

437 4692 719 4749 Romanis
751 4689 1065 4763 provinciis
1098 4690 1366 4760 dispersi,
1399 4689 1520 4745 solo
1561 4695 1784 4748 retento
1844 4696 2080 4749 nomine

424 4786 627 4852 veteri,
687 4783 1094 4849 affinitatibus,
1179 4781 1454 4838 amicitiis
1512 4783 1847 4856 ueterisque
1903 4786 2077 4842 rebus

427 4876 900 4950 conjunctissimi
935 4873 1209 4931 Romanis
1240 4873 1554 4929 admodum
1615 4882 1915 4931 creverunt
1950 4894 1964 4944 ;
2019 4882 2078 4934 et

428 4985 674 5041 magnas
707 4982 847 5040 opes
876 4964 1028 5021 nacti
1062 4969 1433 5019 contumaces
1455 4971 1512 5018 et
1537 4963 1908 5035 impudentes
1942 4982 2073 5022 eva-

425 5063 676 5127 serunt;
712 5073 815 5113 nec
849 5057 1139 5112 Romanos
1192 5059 1418 5109 tantum
1477 5053 1694 5122 odisse,
1750 5055 1850 5109 sed
1899 5056 2075 5112 etiam

426 5148 616 5205 edicta
645 5153 704 5204 et
733 5148 924 5203 minas
981 5143 1352 5218 imperatoris
1409 5141 1696 5216 negligere
1741 5156 2072 5216 'cmperunt.

433 5239 591 5296 Unde
620 5238 835 5295 factum
869 5241 957 5293 est
983 5240 1045 5291 ut
1076 5235 1126 5291 is
1158 5238 1382 5290 mutata
1429 5232 1855 5304 benevolentia,
1916 5252 2076 5292 nunc

426 5330 731 5398 Corcyraea:
788 5324 1106 5382 insolentiis
1161 5323 1519 5388 recordatus,
1555 5337 1706 5378 nunc
1755 5321 1873 5380 alis.
1901 5329 2075 5396 atque

429 5413 542 5469 alia
573 5415 782 5486 injuria
807 5415 1090 5480 irritatus,
1124 5414 1492 5470 vehementer
1522 5411 1634 5468 illis
1678 5411 2028 5470 irasceretur
2055 5434 2070 5484 ;

2125 3896 2168 3962 Β

2268 3894 2332 3950 θ’.
2385 3891 2543 3951 Ἀλλ’
2608 3891 2833 3948 ἐνταῦθα
2889 3899 2987 3962 τῆς
3073 3893 3325 3966 ἱστορίας
3403 3894 3690 3967 γενόμενος
3745 3887 3816 3942 καὶ

2191 3986 2359 4037 ταῦτα
2388 3988 2507 4044 τοῖς
2536 3980 2848 4057 εἰρημένοις
2902 3983 3342 4057 προσεπαγάγσ).
3409 3984 3562 4039 Ἔστι
3614 4001 3688 4042 τις
3737 3989 3815 4040 θα·

2191 4067 2410 4132 λάττιος
2461 4069 2671 4132 κόλπος
2730 4067 2999 4143 ἑσπέριος,
3065 4067 3289 4142 Ἀδρίας
3353 4070 3673 4146 λεγόμενος,
3721 4065 3821 4121 ἁνα-

2189 4163 2389 4238 χωρῶν
2456 4159 2549 4232 μὲν
2617 4163 2714 4214 τοῦ
2777 4158 3068 4214 Σικελικοῦ
3127 4157 3415 4235 πελάγους
3510 4160 3596 4213 καὶ
3648 4155 3728 4211 οἷά
3774 4175 3814 4207 τι

2188 4248 2418 4323 ἐξέραμα
2468 4253 2566 4304 τοῦ
2624 4248 2818 4304 Ἰονίου
2872 4249 2991 4323 ῥοῦ,
3045 4250 3167 4312 καθ’
3227 4250 3424 4305 ἑαυτὸν
3483 4247 3694 4317 ἱδιάζων
3743 4244 3818 4298 καὶ

2183 4338 2318 4413 πρὸς
2379 4337 2588 4414 Βορρᾶν
2653 4336 2851 4410 ἄνεμον
2913 4336 3001 4393 ἐπὶ
3067 4336 3216 4394 πολὺ
3275 4338 3602 4414 συρόμενος.
3633 4333 3815 4393 Τούτου

2183 4425 2248 4496 δὴ
2281 4429 2346 4483 τὰ
2386 4427 2699 4503 μυχαίτατα
2741 4428 2954 4484 Ένετοὶ
3025 4425 3309 4501 νέμονται,
3369 4429 3464 4491 οὕς
3499 4428 3588 4483 καὶ
3644 4421 3824 4481 Bne-rl—

2177 4537 2306 4578 κους
2353 4516 2498 4571 ε’ἰποι
2552 4538 2634 4580 τις
2693 4517 2754 4572 ἄν
2800 4516 2939 4572 κατὰ
2995 4516 3260 4591 γλώττης
3328 4516 3599 4586 ἰδιότητα,
3655 4510 3821 4585 ἄνδρες

2180 4603 2462 4677 ηαλάττης
2518 4608 2803 4684 τρόφιμοι,
2867 4605 3000 4661 κατὰ
3060 4605 3329 4663 Φοίνικας
3418 4606 3660 4682 ἀγύρται,
3722 4620 3813 4656 πα-

2179 4699 2397 4772 νοῦργοι
2428 4696 2490 4750 τὸ
2550 4697 2830 4774 φρόνημα.
2865 4694 3025 4752 Ἀλλ’
3073 4697 3226 4751 οὗτοι
3256 4696 3564 4770 Ῥωμαίοις
3591 4693 3818 4756 εἰσποιη-

2179 4785 2351 4848 θέντες
2380 4785 2518 4840 κατα
2549 4785 2735 4860 χρείαν
2766 4786 2834 4855 ἦν
2871 4785 2962 4840 ὅτε
3024 4788 3414 4860 ναυμαχικὴν,
3469 4783 3595 4840 κατὰ
3643 4779 3816 4852 σμήνη

2179 4875 2269 4930 καὶ
2326 4875 2554 4951 φατρίας
2607 4877 2705 4943 τήν
2769 4877 3173 4931 Κωνσταντίνου
3228 4883 3340 4946 τῆς
3401 4877 3597 4935 οἰκείας
3650 4868 3823 4940 ἠλλά-

2181 4968 2360 5037 ξαντο,
2420 4967 2541 5030 ὃθεν
2628 4967 2946 5040 ἁπανταχοῦ
3003 4968 3102 5034 τῆς
3143 4965 3443 5039 Ῥωμαίων
3505 4960 3823 5038 ἐπικρατείας

2179 5055 2583 5131 διασπαρέντες,
2636 5056 2726 5110 καὶ
2781 5055 2946 5129 μόνον
2978 5056 3041 5110 τὸ
3097 5055 3200 5110 όπὸ
3233 5055 3438 5132 γένους
3466 5054 3637 5128 ὄνομα
3665 5069 3826 5124 παρα-

2181 5144 2492 5218 μεμενηκὸς
2557 5142 2742 5206 αὐτοῖς
2791 5140 3034 5224 ἔχοντες,
3106 5144 3173 5199 τὰ
3230 5141 3279 5198 δ’
3342 5141 3497 5199 ἄλλα
3568 5137 3824 5218 σύμφυλοι

2186 5237 2335 5298 ὅντες
2367 5235 2456 5291 καὶ
2507 5234 2665 5314 φίλοι
2731 5237 2868 5291 πάνυ
2909 5235 3208 5309 Ῥωμαίοις
3273 5230 3584 5307 ηῦξάνοντό
3638 5252 3694 5288 τε
3743 5229 3821 5282 καὶ

2185 5322 2494 5400 ἐχυδάϊζον.
2555 5323 2764 5383 Οὐκοῦν
2814 5326 2904 5380 καὶ
2953 5321 3435 5401 περιϐαλλόμενοι
3465 5323 3700 5381 πλοῦτον
3733 5338 3824 5374 πο·

2186 5412 2283 5469 λὺν
2345 5411 2626 5469 αὐθάδειάν
2679 5435 2738 5470 τε
2793 5414 2882 5470 καὶ
2945 5413 3209 5472 ἀναίδειαν
3247 5411 3622 5488 μετεδίωκον,
3653 5412 3725 5471 ὡς
3757 5407 3824 5479 μὴ

1765 5537 1951 5607 Hier.
1988 5539 2229 5609 \Volﬁi
2256 5548 2458 5610 notae.

490 5684 603 5758 (99)
635 5681 769 5742 Κατ’
800 5677 1102 5754 ἇχερω¹ιδα.
1137 5681 1374 5738 Procera
1404 5681 1580 5737 instar
1605 5683 1799 5754 populi
1829 5685 2076 5756 irrigua.
