  <div class='ocr_page' id='page_1' title='image "/cluster/home/n/w/nwhite01/storage/ocr_20150623/139/hvd.32044023361710/264.png"; bbox 0 0 4068 6196; ppageno 0'>
   <div class='ocr_carea' id='block_1_1' title="bbox 327 419 453 478">
    <p class='ocr_par' dir='ltr' id='par_1_1' title="bbox 327 419 453 478">
     <span class='ocr_line' id='line_1_1' title="bbox 327 419 453 478; baseline -0.008 0"><span class='ocrx_word' id='word_1_1' title='bbox 327 419 453 478; x_wconf 66' lang='grc'>51⁵1</span> 
     </span>
    </p>
   </div>
   <div class='ocr_carea' id='block_1_2' title="bbox 1399 413 2664 477">
    <p class='ocr_par' dir='ltr' id='par_1_2' title="bbox 1399 413 2664 477">
     <span class='ocr_line' id='line_1_2' title="bbox 1399 413 2664 477; baseline -0.002 -1"><span class='ocrx_word' id='word_1_2' title='bbox 1399 416 1504 477; x_wconf 81' lang='lat' dir='ltr'><strong>DE</strong></span> <span class='ocrx_word' id='word_1_3' title='bbox 1549 413 1920 477; x_wconf 79' lang='lat' dir='ltr'>MANUELE</span> <span class='ocrx_word' id='word_1_4' title='bbox 1962 413 2353 476; x_wconf 81' lang='lat' dir='ltr'>COMNENO</span> <span class='ocrx_word' id='word_1_5' title='bbox 2397 414 2542 476; x_wconf 88' lang='lat' dir='ltr'>LIB.</span> <span class='ocrx_word' id='word_1_6' title='bbox 2589 413 2664 476; x_wconf 83' lang='lat' dir='ltr'>V.</span> 
     </span>
    </p>
   </div>
   <div class='ocr_carea' id='block_1_3' title="bbox 3630 426 3748 488">
    <p class='ocr_par' dir='ltr' id='par_1_3' title="bbox 3630 426 3748 488">
     <span class='ocr_line' id='line_1_3' title="bbox 3630 426 3748 488; baseline 0.017 -3"><span class='ocrx_word' id='word_1_7' title='bbox 3630 426 3748 488; x_wconf 75' lang='grc'>518</span> 
     </span>
    </p>
   </div>
   <div class='ocr_carea' id='block_1_4' title="bbox 330 544 1985 628">
    <p class='ocr_par' dir='ltr' id='par_1_4' title="bbox 330 544 1985 628">
     <span class='ocr_line' id='line_1_4' title="bbox 330 544 1985 628; baseline -0.002 -23"><span class='ocrx_word' id='word_1_8' title='bbox 330 551 505 624; x_wconf 81' lang='grc' dir='ltr'>μόνον</span> <span class='ocrx_word' id='word_1_9' title='bbox 535 547 800 625; x_wconf 83' lang='grc' dir='ltr'>ἀναρσίως</span> <span class='ocrx_word' id='word_1_10' title='bbox 833 544 980 628; x_wconf 76' lang='grc' dir='ltr'>ἔχειν</span> <span class='ocrx_word' id='word_1_11' title='bbox 1029 546 1352 622; x_wconf 86' lang='grc' dir='ltr'>Ῥωμαίοις,</span> <span class='ocrx_word' id='word_1_12' title='bbox 1401 545 1547 603; x_wconf 82' lang='grc' dir='ltr'>ἀλλὰ</span> <span class='ocrx_word' id='word_1_13' title='bbox 1594 547 1684 602; x_wconf 86' lang='grc' dir='ltr'>καὶ</span> <span class='ocrx_word' id='word_1_14' title='bbox 1731 549 1839 602; x_wconf 81' lang='grc' dir='ltr'>τῶν</span> <span class='ocrx_word' id='word_1_15' title='bbox 1889 547 1985 622; x_wconf 86' lang='grc' dir='ltr'>βα-</span> 
     </span>
    </p>
   </div>
   <div class='ocr_carea' id='block_1_5' title="bbox 2092 544 3747 628">
    <p class='ocr_par' dir='ltr' id='par_1_5' title="bbox 2100 547 3747 624">
     <span class='ocr_line' id='line_1_5' title="bbox 2100 547 3747 624; baseline 0.008 -20"><span class='ocrx_word' id='word_1_16' title='bbox 2100 559 2412 618; x_wconf 87' lang='lat' dir='ltr'><strong>eorumque</strong></span> <span class='ocrx_word' id='word_1_17' title='bbox 2442 547 2832 618; x_wconf 84' lang='lat' dir='ltr'><strong>grassationes</strong></span> <span class='ocrx_word' id='word_1_18' title='bbox 2863 550 3253 608; x_wconf 76' lang='lat' dir='ltr'>intolerabiles</span> <span class='ocrx_word' id='word_1_19' title='bbox 3303 557 3488 624; x_wconf 90' lang='lat' dir='ltr'><strong>ratus,</strong></span> <span class='ocrx_word' id='word_1_20' title='bbox 3537 556 3747 618; x_wconf 88' lang='lat' dir='ltr'><strong>litteris</strong></span> 
     </span>
    </p>
   </div>
   <div class='ocr_carea' id='block_1_6' title="bbox 326 634 1987 718">
    <p class='ocr_par' dir='ltr' id='par_1_6' title="bbox 326 634 1987 718">
     <span class='ocr_line' id='line_1_6' title="bbox 326 634 1987 718; baseline -0.002 -24"><span class='ocrx_word' id='word_1_21' title='bbox 326 638 561 694; x_wconf 83' lang='grc' dir='ltr'>σιλικῶν</span> <span class='ocrx_word' id='word_1_22' title='bbox 641 638 1046 718; x_wconf 73' lang='grc' dir='ltr'>ἀνεπιστρόιρως</span> <span class='ocrx_word' id='word_1_23' title='bbox 1121 635 1362 694; x_wconf 78' lang='grc' dir='ltr'>ἀπειλῶν</span> <span class='ocrx_word' id='word_1_24' title='bbox 1433 658 1491 693; x_wconf 86' lang='grc' dir='ltr'>τε</span> <span class='ocrx_word' id='word_1_25' title='bbox 1565 635 1657 692; x_wconf 83' lang='grc' dir='ltr'>καὶ</span> <span class='ocrx_word' id='word_1_26' title='bbox 1724 634 1987 697; x_wconf 73' lang='grc' dir='ltr'>ἐντολῶν.</span> 
     </span>
    </p>
   </div>
   <div class='ocr_carea' id='block_1_7' title="bbox 324 723 1986 801">
    <p class='ocr_par' dir='ltr' id='par_1_7' title="bbox 324 723 1986 801">
     <span class='ocr_line' id='line_1_7' title="bbox 324 723 1986 801; baseline -0.004 -15"><span class='ocrx_word' id='word_1_27' title='bbox 324 728 678 786; x_wconf 83' lang='grc' dir='ltr'>Μεταλλοιοῖ</span> <span class='ocrx_word' id='word_1_28' title='bbox 717 727 900 784; x_wconf 79' lang='grc' dir='ltr'>τοίνυν</span> <span class='ocrx_word' id='word_1_29' title='bbox 950 728 1046 790; x_wconf 64' lang='grc' dir='ltr'>τὰς</span> <span class='ocrx_word' id='word_1_30' title='bbox 1106 727 1189 783; x_wconf 79' lang='grc' dir='ltr'>ἐπ’</span> <span class='ocrx_word' id='word_1_31' title='bbox 1236 727 1420 790; x_wconf 75' lang='grc' dir='ltr'>αὐτοῖς</span> <span class='ocrx_word' id='word_1_32' title='bbox 1481 727 1650 801; x_wconf 77' lang='grc' dir='ltr'>ῥοπὰς</span> <span class='ocrx_word' id='word_1_33' title='bbox 1711 723 1986 801; x_wconf 78' lang='grc' dir='ltr'>βασιλεὺς,</span> 
     </span>
    </p>
   </div>
   <div class='ocr_carea' id='block_1_8' title="bbox 321 815 1986 895">
    <p class='ocr_par' dir='ltr' id='par_1_8' title="bbox 321 815 1986 895">
     <span class='ocr_line' id='line_1_8' title="bbox 321 815 1986 895; baseline -0.002 -21"><span class='ocrx_word' id='word_1_34' title='bbox 321 821 538 895; x_wconf 28' lang='grc' dir='ltr'>καὶ-νῦν</span> <span class='ocrx_word' id='word_1_35' title='bbox 577 820 672 890; x_wconf 77' lang='grc' dir='ltr'>μὶν</span> <span class='ocrx_word' id='word_1_36' title='bbox 709 823 809 873; x_wconf 84' lang='grc' dir='ltr'>τοῦ</span> <span class='ocrx_word' id='word_1_37' title='bbox 854 818 992 873; x_wconf 81' lang='grc' dir='ltr'>κατὰ</span> <span class='ocrx_word' id='word_1_38' title='bbox 1049 817 1325 892; x_wconf 85' lang='grc' dir='ltr'>Κέρκυραν</span> <span class='ocrx_word' id='word_1_39' title='bbox 1372 816 1721 890; x_wconf 78' lang='grc' dir='ltr'>μεμνημένος</span> <span class='ocrx_word' id='word_1_40' title='bbox 1772 815 1986 892; x_wconf 71' lang='grc' dir='ltr'>ἐμπαρ-</span> 
     </span>
    </p>
   </div>
   <div class='ocr_carea' id='block_1_9' title="bbox 325 902 1986 983">
    <p class='ocr_par' dir='ltr' id='par_1_9' title="bbox 325 902 1986 983">
     <span class='ocr_line' id='line_1_9' title="bbox 325 902 1986 983; baseline -0.001 -21"><span class='ocrx_word' id='word_1_41' title='bbox 325 909 660 982; x_wconf 80' lang='grc' dir='ltr'>οιλήματος,</span> <span class='ocrx_word' id='word_1_42' title='bbox 739 911 832 961; x_wconf 90' lang='grc' dir='ltr'>νῦν</span> <span class='ocrx_word' id='word_1_43' title='bbox 908 905 955 961; x_wconf 84' lang='grc' dir='ltr'>δ’</span> <span class='ocrx_word' id='word_1_44' title='bbox 1005 905 1181 962; x_wconf 74' lang='grc' dir='ltr'>ἄλλου</span> <span class='ocrx_word' id='word_1_45' title='bbox 1232 911 1422 983; x_wconf 84' lang='grc' dir='ltr'>πεῖραν</span> <span class='ocrx_word' id='word_1_46' title='bbox 1463 902 1758 979; x_wconf 75' lang='grc' dir='ltr'>λαμϐάνων</span> <span class='ocrx_word' id='word_1_47' title='bbox 1795 909 1986 976; x_wconf 86' lang='grc' dir='ltr'>κακοῦ,</span> 
     </span>
    </p>
   </div>
   <div class='ocr_carea' id='block_1_10' title="bbox 324 995 1986 1072">
    <p class='ocr_par' dir='ltr' id='par_1_10' title="bbox 324 995 1986 1072">
     <span class='ocr_line' id='line_1_10' title="bbox 324 995 1986 1072; baseline -0.002 -21"><span class='ocrx_word' id='word_1_48' title='bbox 324 1000 486 1061; x_wconf 70' lang='grc' dir='ltr'>αὖθις</span> <span class='ocrx_word' id='word_1_49' title='bbox 539 995 586 1052; x_wconf 80' lang='grc' dir='ltr'>δ’</span> <span class='ocrx_word' id='word_1_50' title='bbox 647 998 833 1071; x_wconf 74' lang='grc' dir='ltr'>ἑτέρου</span> <span class='ocrx_word' id='word_1_51' title='bbox 889 996 980 1052; x_wconf 86' lang='grc' dir='ltr'>καὶ</span> <span class='ocrx_word' id='word_1_52' title='bbox 1045 996 1294 1072; x_wconf 84' lang='grc' dir='ltr'>χείρονος</span> <span class='ocrx_word' id='word_1_53' title='bbox 1352 997 1833 1070; x_wconf 65' lang='grc' dir='ltr'>πανουργειόματος</span> <span class='ocrx_word' id='word_1_54' title='bbox 1887 997 1986 1062; x_wconf 81' lang='grc' dir='ltr'>τὴν</span> 
     </span>
    </p>
   </div>
   <div class='ocr_carea' id='block_1_11' title="bbox 325 1081 1987 1161">
    <p class='ocr_par' dir='ltr' id='par_1_11' title="bbox 325 1081 1987 1161">
     <span class='ocr_line' id='line_1_11' title="bbox 325 1081 1987 1161; baseline -0.003 -20"><span class='ocrx_word' id='word_1_55' title='bbox 325 1086 537 1141; x_wconf 80' lang='grc' dir='ltr'>ἑκεῐνου</span> <span class='ocrx_word' id='word_1_56' title='bbox 566 1083 1002 1161; x_wconf 68' lang='grc' dir='ltr'>διαβριπίζοντος</span> <span class='ocrx_word' id='word_1_57' title='bbox 1046 1085 1256 1158; x_wconf 67' lang='grc' dir='ltr'>ψυχήν,</span> <span class='ocrx_word' id='word_1_58' title='bbox 1318 1085 1392 1146; x_wconf 83' lang='grc' dir='ltr'>εἷς</span> <span class='ocrx_word' id='word_1_59' title='bbox 1443 1086 1614 1158; x_wconf 85' lang='grc' dir='ltr'>θυμὸν</span> <span class='ocrx_word' id='word_1_60' title='bbox 1654 1081 1987 1158; x_wconf 69' lang='grc' dir='ltr'>ἐῤῥόχοησεδ</span> 
     </span>
    </p>
   </div>
   <div class='ocr_carea' id='block_1_12' title="bbox 324 1169 1987 1250">
    <p class='ocr_par' dir='ltr' id='par_1_12' title="bbox 324 1169 1987 1250">
     <span class='ocr_line' id='line_1_12' title="bbox 324 1169 1987 1250; baseline -0.003 -20"><span class='ocrx_word' id='word_1_61' title='bbox 324 1175 512 1250; x_wconf 78' lang='grc' dir='ltr'>ὥσπερ</span> <span class='ocrx_word' id='word_1_62' title='bbox 572 1175 675 1229; x_wconf 70' lang='grc' dir='ltr'>υπὸ</span> <span class='ocrx_word' id='word_1_63' title='bbox 735 1172 1028 1243; x_wconf 76' lang='grc' dir='ltr'>Καικίουῆ</span> <span class='ocrx_word' id='word_1_64' title='bbox 1083 1171 1382 1248; x_wconf 77' lang='grc' dir='ltr'>ἀπαρκτίου</span> <span class='ocrx_word' id='word_1_65' title='bbox 1442 1172 1594 1246; x_wconf 77' lang='grc' dir='ltr'>ἅλμη</span> <span class='ocrx_word' id='word_1_66' title='bbox 1654 1169 1987 1246; x_wconf 81' lang='grc' dir='ltr'>καταιγιδῶ-</span> 
     </span>
    </p>
   </div>
   <div class='ocr_carea' id='block_1_13' title="bbox 322 1259 1986 1337">
    <p class='ocr_par' dir='ltr' id='par_1_13' title="bbox 322 1259 1986 1337">
     <span class='ocr_line' id='line_1_13' title="bbox 322 1259 1986 1337; baseline -0.003 -18"><span class='ocrx_word' id='word_1_67' title='bbox 322 1263 418 1328; x_wconf 80' lang='grc' dir='ltr'>δες</span> <span class='ocrx_word' id='word_1_68' title='bbox 455 1263 546 1319; x_wconf 74' lang='grc' dir='ltr'>καὶ</span> <span class='ocrx_word' id='word_1_69' title='bbox 607 1262 795 1337; x_wconf 83' lang='grc' dir='ltr'>ἄγριον</span> <span class='ocrx_word' id='word_1_70' title='bbox 864 1263 1144 1324; x_wconf 87' lang='grc' dir='ltr'>πνέοντος.</span> <span class='ocrx_word' id='word_1_71' title='bbox 1217 1262 1321 1319; x_wconf 82' lang='grc' dir='ltr'>Καὶ</span> <span class='ocrx_word' id='word_1_72' title='bbox 1389 1259 1579 1330; x_wconf 75' lang='grc' dir='ltr'>ἐπειδὴ</span> <span class='ocrx_word' id='word_1_73' title='bbox 1649 1262 1717 1318; x_wconf 73' lang='grc' dir='ltr'>τὰ</span> <span class='ocrx_word' id='word_1_74' title='bbox 1777 1261 1986 1315; x_wconf 89' lang='grc' dir='ltr'>τούτων</span> 
     </span>
    </p>
   </div>
   <div class='ocr_carea' id='block_1_14' title="bbox 319 1348 1990 1427">
    <p class='ocr_par' dir='ltr' id='par_1_14' title="bbox 319 1348 1990 1427">
     <span class='ocr_line' id='line_1_14' title="bbox 319 1348 1990 1427; baseline -0.003 -19"><span class='ocrx_word' id='word_1_75' title='bbox 319 1355 660 1425; x_wconf 83' lang='grc' dir='ltr'>ἀτοπήματα</span> <span class='ocrx_word' id='word_1_76' title='bbox 693 1350 1003 1427; x_wconf 82' lang='grc' dir='ltr'>ὑπέραντλά</span> <span class='ocrx_word' id='word_1_77' title='bbox 1047 1353 1099 1407; x_wconf 72' lang='grc' dir='ltr'>οἱ</span> <span class='ocrx_word' id='word_1_78' title='bbox 1158 1348 1431 1419; x_wconf 76' lang='grc' dir='ltr'>ἐδέδοκτο,</span> <span class='ocrx_word' id='word_1_79' title='bbox 1489 1350 1790 1426; x_wconf 81' lang='grc' dir='ltr'>γράμματα</span> <span class='ocrx_word' id='word_1_80' title='bbox 1837 1349 1990 1427; x_wconf 76' lang='grc' dir='ltr'>ἐφοί-</span> 
     </span>
    </p>
   </div>
   <div class='ocr_carea' id='block_1_15' title="bbox 324 1440 1990 1516">
    <p class='ocr_par' dir='ltr' id='par_1_15' title="bbox 324 1440 1990 1516">
     <span class='ocr_line' id='line_1_15' title="bbox 324 1440 1990 1516; baseline -0.003 -17"><span class='ocrx_word' id='word_1_81' title='bbox 324 1465 444 1500; x_wconf 84' lang='grc' dir='ltr'>των</span> <span class='ocrx_word' id='word_1_82' title='bbox 475 1444 607 1498; x_wconf 80' lang='grc' dir='ltr'>κατὰ</span> <span class='ocrx_word' id='word_1_83' title='bbox 654 1447 828 1496; x_wconf 82' lang='grc' dir='ltr'>πᾶσαν</span> <span class='ocrx_word' id='word_1_84' title='bbox 878 1440 1147 1516; x_wconf 77' lang='grc' dir='ltr'>ἐπαρχίαν</span> <span class='ocrx_word' id='word_1_85' title='bbox 1202 1441 1520 1514; x_wconf 69' lang='grc' dir='ltr'>Ῥωμαϊκὴν</span> <span class='ocrx_word' id='word_1_86' title='bbox 1577 1440 1676 1508; x_wconf 79' lang='grc' dir='ltr'>τήν</span> <span class='ocrx_word' id='word_1_87' title='bbox 1728 1444 1836 1495; x_wconf 80' lang='grc' dir='ltr'>τῶν</span> <span class='ocrx_word' id='word_1_88' title='bbox 1891 1442 1990 1496; x_wconf 83' lang='grc' dir='ltr'>Βε-</span> 
     </span>
    </p>
   </div>
   <div class='ocr_carea' id='block_1_16' title="bbox 331 1528 1987 1607">
    <p class='ocr_par' dir='ltr' id='par_1_16' title="bbox 331 1528 1987 1607">
     <span class='ocr_line' id='line_1_16' title="bbox 331 1528 1987 1607; baseline -0.002 -19"><span class='ocrx_word' id='word_1_89' title='bbox 331 1533 564 1588; x_wconf 80' lang='grc' dir='ltr'>νετίκων</span> <span class='ocrx_word' id='word_1_90' title='bbox 621 1533 956 1607; x_wconf 79' lang='grc' dir='ltr'>κατάσχεσιν</span> <span class='ocrx_word' id='word_1_91' title='bbox 1021 1530 1376 1600; x_wconf 76' lang='grc' dir='ltr'>ἐπιτείνοντα,</span> <span class='ocrx_word' id='word_1_92' title='bbox 1445 1531 1535 1586; x_wconf 85' lang='grc' dir='ltr'>καὶ</span> <span class='ocrx_word' id='word_1_93' title='bbox 1599 1531 1698 1599; x_wconf 76' lang='grc' dir='ltr'>τήν</span> <span class='ocrx_word' id='word_1_94' title='bbox 1779 1528 1987 1604; x_wconf 80' lang='grc' dir='ltr'>ἡμέραν</span> 
     </span>
    </p>
   </div>
   <div class='ocr_carea' id='block_1_17' title="bbox 327 1618 1990 1696">
    <p class='ocr_par' dir='ltr' id='par_1_17' title="bbox 327 1618 1990 1696">
     <span class='ocr_line' id='line_1_17' title="bbox 327 1618 1990 1696; baseline -0.002 -19"><span class='ocrx_word' id='word_1_95' title='bbox 327 1621 769 1696; x_wconf 67' lang='grc' dir='ltr'>διασημαίνοντα</span> <span class='ocrx_word' id='word_1_96' title='bbox 825 1623 942 1686; x_wconf 89' lang='grc' dir='ltr'>καθ’</span> <span class='ocrx_word' id='word_1_97' title='bbox 1000 1622 1068 1691; x_wconf 66' lang='grc' dir='ltr'>ἢν</span> <span class='ocrx_word' id='word_1_98' title='bbox 1153 1618 1263 1677; x_wconf 75' lang='grc' dir='ltr'>ἔδει</span> <span class='ocrx_word' id='word_1_99' title='bbox 1318 1624 1479 1676; x_wconf 87' lang='grc' dir='ltr'>τοῦτο</span> <span class='ocrx_word' id='word_1_100' title='bbox 1509 1618 1751 1696; x_wconf 86' lang='grc' dir='ltr'>γενέσθαι</span> <span class='ocrx_word' id='word_1_101' title='bbox 1803 1620 1990 1675; x_wconf 80' lang='grc' dir='ltr'>καὶτὰ</span> 
     </span>
    </p>
   </div>
   <div class='ocr_carea' id='block_1_18' title="bbox 325 1707 1989 1785">
    <p class='ocr_par' dir='ltr' id='par_1_18' title="bbox 325 1707 1989 1785">
     <span class='ocr_line' id='line_1_18' title="bbox 325 1707 1989 1785; baseline -0.002 -18"><span class='ocrx_word' id='word_1_102' title='bbox 325 1711 548 1767; x_wconf 78' lang='grc' dir='ltr'>ἐκείνων</span> <span class='ocrx_word' id='word_1_103' title='bbox 599 1710 833 1767; x_wconf 82' lang='grc' dir='ltr'>ἒσεῖσθαι</span> <span class='ocrx_word' id='word_1_104' title='bbox 892 1708 1134 1785; x_wconf 78' lang='grc' dir='ltr'>δημόσια</span> <span class='ocrx_word' id='word_1_105' title='bbox 1203 1712 1492 1785; x_wconf 82' lang='grc' dir='ltr'>χρήματα.</span> <span class='ocrx_word' id='word_1_106' title='bbox 1549 1707 1840 1778; x_wconf 82' lang='grc' dir='ltr'>Ἐνστάσης</span> <span class='ocrx_word' id='word_1_107' title='bbox 1897 1708 1989 1764; x_wconf 79' lang='grc' dir='ltr'>οῦν</span> 
     </span>
    </p>
   </div>
   <div class='ocr_carea' id='block_1_19' title="bbox 324 1798 1988 1877">
    <p class='ocr_par' dir='ltr' id='par_1_19' title="bbox 324 1798 1988 1877">
     <span class='ocr_line' id='line_1_19' title="bbox 324 1798 1988 1877; baseline -0.002 -20"><span class='ocrx_word' id='word_1_108' title='bbox 324 1810 430 1871; x_wconf 78' lang='grc' dir='ltr'>τῆς</span> <span class='ocrx_word' id='word_1_109' title='bbox 461 1800 795 1877; x_wconf 73' lang='grc' dir='ltr'>προθεσμίας</span> <span class='ocrx_word' id='word_1_110' title='bbox 827 1800 968 1863; x_wconf 75' lang='grc' dir='ltr'>ἃπας</span> <span class='ocrx_word' id='word_1_111' title='bbox 999 1798 1358 1871; x_wconf 84' lang='grc' dir='ltr'>συνείληπτο,</span> <span class='ocrx_word' id='word_1_112' title='bbox 1388 1799 1478 1854; x_wconf 79' lang='grc' dir='ltr'>καὶ</span> <span class='ocrx_word' id='word_1_113' title='bbox 1526 1802 1635 1856; x_wconf 83' lang='grc' dir='ltr'>τῶν</span> <span class='ocrx_word' id='word_1_114' title='bbox 1693 1800 1988 1872; x_wconf 79' lang='grc' dir='ltr'>κτημάτων</span> 
     </span>
    </p>
   </div>
   <div class='ocr_carea' id='block_1_20' title="bbox 331 1887 1984 1966">
    <p class='ocr_par' dir='ltr' id='par_1_20' title="bbox 331 1887 1984 1966">
     <span class='ocr_line' id='line_1_20' title="bbox 331 1887 1984 1966; baseline -0.003 -20"><span class='ocrx_word' id='word_1_115' title='bbox 331 1890 559 1953; x_wconf 76' lang='grc' dir='ltr'>ἐκείνοις</span> <span class='ocrx_word' id='word_1_116' title='bbox 587 1892 652 1945; x_wconf 77' lang='grc' dir='ltr'>τά</span> <span class='ocrx_word' id='word_1_117' title='bbox 697 1891 793 1964; x_wconf 74' lang='grc' dir='ltr'>μὲν</span> <span class='ocrx_word' id='word_1_118' title='bbox 853 1890 975 1966; x_wconf 78' lang='grc' dir='ltr'>εἶχε</span> <span class='ocrx_word' id='word_1_119' title='bbox 1018 1889 1084 1946; x_wconf 83' lang='grc' dir='ltr'>τὸ</span> <span class='ocrx_word' id='word_1_120' title='bbox 1137 1889 1419 1965; x_wconf 82' lang='grc' dir='ltr'>βασιλικὸν</span> <span class='ocrx_word' id='word_1_121' title='bbox 1475 1887 1984 1966; x_wconf 71' lang='grc' dir='ltr'>θησαυροφυλάκιον</span> 
     </span>
    </p>
   </div>
   <div class='ocr_carea' id='block_1_21' title="bbox 337 1976 1987 2056">
    <p class='ocr_par' dir='ltr' id='par_1_21' title="bbox 337 1976 1987 2056">
     <span class='ocr_line' id='line_1_21' title="bbox 337 1976 1987 2056; baseline -0.001 -22"><span class='ocrx_word' id='word_1_122' title='bbox 337 1982 714 2056; x_wconf 72' lang='grc' dir='ltr'>ξυνενεχθέντα</span> <span class='ocrx_word' id='word_1_123' title='bbox 743 1979 962 2048; x_wconf 81' lang='grc' dir='ltr'>ὁπόθεν,</span> <span class='ocrx_word' id='word_1_124' title='bbox 1009 1979 1076 2036; x_wconf 77' lang='grc' dir='ltr'>τὰ</span> <span class='ocrx_word' id='word_1_125' title='bbox 1139 1978 1316 2035; x_wconf 79' lang='grc' dir='ltr'>πλείω</span> <span class='ocrx_word' id='word_1_126' title='bbox 1362 1976 1419 2034; x_wconf 78' lang='grc' dir='ltr'>δὲ</span> <span class='ocrx_word' id='word_1_127' title='bbox 1469 1979 1521 2034; x_wconf 77' lang='grc' dir='ltr'>οἱ</span> <span class='ocrx_word' id='word_1_128' title='bbox 1576 1982 1987 2054; x_wconf 86' lang='grc' dir='ltr'>τοπαρχοῦντες</span> 
     </span>
    </p>
   </div>
   <div class='ocr_carea' id='block_1_22' title="bbox 331 2066 1984 2143">
    <p class='ocr_par' dir='ltr' id='par_1_22' title="bbox 331 2066 1984 2143">
     <span class='ocr_line' id='line_1_22' title="bbox 331 2066 1984 2143; baseline -0.002 -17"><span class='ocrx_word' id='word_1_129' title='bbox 331 2068 699 2141; x_wconf 75' lang='grc' dir='ltr'>ἐξιδιώσαντο.</span> <span class='ocrx_word' id='word_1_130' title='bbox 733 2070 800 2127; x_wconf 78' lang='grc' dir='ltr'>Οἱ</span> <span class='ocrx_word' id='word_1_131' title='bbox 832 2067 880 2124; x_wconf 83' lang='grc' dir='ltr'>δ’</span> <span class='ocrx_word' id='word_1_132' title='bbox 909 2069 960 2124; x_wconf 82' lang='grc' dir='ltr'>ἐν</span> <span class='ocrx_word' id='word_1_133' title='bbox 1019 2073 1089 2143; x_wconf 82' lang='grc' dir='ltr'>τῇ</span> <span class='ocrx_word' id='word_1_134' title='bbox 1139 2068 1297 2124; x_wconf 79' lang='grc' dir='ltr'>πόλει</span> <span class='ocrx_word' id='word_1_135' title='bbox 1336 2071 1432 2132; x_wconf 82' lang='grc' dir='ltr'>τὰς</span> <span class='ocrx_word' id='word_1_136' title='bbox 1481 2067 1722 2140; x_wconf 72' lang='grc' dir='ltr'>οῗκήσεις</span> <span class='ocrx_word' id='word_1_137' title='bbox 1764 2066 1984 2143; x_wconf 76' lang='grc' dir='ltr'>ἔχοντες</span> 
     </span>
    </p>
   </div>
   <div class='ocr_carea' id='block_1_23' title="bbox 324 2156 1987 2234">
    <p class='ocr_par' dir='ltr' id='par_1_23' title="bbox 324 2156 1987 2234">
     <span class='ocr_line' id='line_1_23' title="bbox 324 2156 1987 2234; baseline -0.004 -18"><span class='ocrx_word' id='word_1_138' title='bbox 324 2156 630 2227; x_wconf 80' lang='grc' dir='ltr'>Βενὲτικοι,</span> <span class='ocrx_word' id='word_1_139' title='bbox 674 2159 764 2214; x_wconf 87' lang='grc' dir='ltr'>καὶ</span> <span class='ocrx_word' id='word_1_140' title='bbox 821 2157 1030 2214; x_wconf 89' lang='grc' dir='ltr'>τούτων</span> <span class='ocrx_word' id='word_1_141' title='bbox 1072 2157 1312 2228; x_wconf 80' lang='grc' dir='ltr'>μάλιστα</span> <span class='ocrx_word' id='word_1_142' title='bbox 1350 2159 1402 2214; x_wconf 80' lang='grc' dir='ltr'>οἱ</span> <span class='ocrx_word' id='word_1_143' title='bbox 1466 2160 1542 2232; x_wconf 83' lang='grc' dir='ltr'>μὴ</span> <span class='ocrx_word' id='word_1_144' title='bbox 1580 2157 1786 2234; x_wconf 81' lang='grc' dir='ltr'>γάμοις</span> <span class='ocrx_word' id='word_1_145' title='bbox 1841 2158 1987 2230; x_wconf 87' lang='grc' dir='ltr'>ὡμι-</span> 
     </span>
    </p>
   </div>
   <div class='ocr_carea' id='block_1_24' title="bbox 322 2247 1988 2327">
    <p class='ocr_par' dir='ltr' id='par_1_24' title="bbox 322 2247 1988 2327">
     <span class='ocr_line' id='line_1_24' title="bbox 322 2247 1988 2327; baseline -0.002 -21"><span class='ocrx_word' id='word_1_146' title='bbox 322 2248 586 2321; x_wconf 73' lang='grc' dir='ltr'>ληκότες,</span> <span class='ocrx_word' id='word_1_147' title='bbox 623 2249 862 2325; x_wconf 81' lang='grc' dir='ltr'>δρασμὸν</span> <span class='ocrx_word' id='word_1_148' title='bbox 902 2249 1280 2327; x_wconf 74' lang='grc' dir='ltr'>βουλεύονται,</span> <span class='ocrx_word' id='word_1_149' title='bbox 1310 2250 1400 2305; x_wconf 84' lang='grc' dir='ltr'>καὶ</span> <span class='ocrx_word' id='word_1_150' title='bbox 1453 2247 1639 2320; x_wconf 76' lang='grc' dir='ltr'>ἐπειδὴ</span> <span class='ocrx_word' id='word_1_151' title='bbox 1694 2254 1810 2312; x_wconf 87' lang='grc' dir='ltr'>τοῖς</span> <span class='ocrx_word' id='word_1_152' title='bbox 1857 2269 1988 2304; x_wconf 85' lang='grc' dir='ltr'>νεω-</span> 
     </span>
    </p>
   </div>
   <div class='ocr_carea' id='block_1_25' title="bbox 328 2337 1985 2416">
    <p class='ocr_par' dir='ltr' id='par_1_25' title="bbox 328 2337 1985 2416">
     <span class='ocr_line' id='line_1_25' title="bbox 328 2337 1985 2416; baseline -0.001 -22"><span class='ocrx_word' id='word_1_153' title='bbox 328 2342 477 2416; x_wconf 86' lang='grc' dir='ltr'>ρίοις</span> <span class='ocrx_word' id='word_1_154' title='bbox 518 2339 752 2414; x_wconf 82' lang='grc' dir='ltr'>ένώρμει</span> <span class='ocrx_word' id='word_1_155' title='bbox 804 2347 904 2410; x_wconf 74' lang='grc' dir='ltr'>τῆς</span> <span class='ocrx_word' id='word_1_156' title='bbox 959 2337 1177 2402; x_wconf 88' lang='grc' dir='ltr'>πόλεως</span> <span class='ocrx_word' id='word_1_157' title='bbox 1237 2344 1364 2402; x_wconf 89' lang='grc' dir='ltr'>ναῦς</span> <span class='ocrx_word' id='word_1_158' title='bbox 1429 2343 1538 2394; x_wconf 83' lang='grc' dir='ltr'>τῶν</span> <span class='ocrx_word' id='word_1_159' title='bbox 1605 2337 1985 2415; x_wconf 82' lang='grc' dir='ltr'>τριαρμενίων,</span> 
     </span>
    </p>
   </div>
   <div class='ocr_carea' id='block_1_26' title="bbox 319 2427 1986 2505">
    <p class='ocr_par' dir='ltr' id='par_1_26' title="bbox 319 2427 1986 2505">
     <span class='ocr_line' id='line_1_26' title="bbox 319 2427 1986 2505; baseline -0.001 -21"><span class='ocrx_word' id='word_1_160' title='bbox 319 2431 396 2499; x_wconf 77' lang='grc' dir='ltr'>ἧς</span> <span class='ocrx_word' id='word_1_161' title='bbox 431 2428 498 2498; x_wconf 76' lang='grc' dir='ltr'>δὴ</span> <span class='ocrx_word' id='word_1_162' title='bbox 581 2427 1094 2504; x_wconf 82' lang='grc' dir='ltr'>πολυχανδεστέραν</span> <span class='ocrx_word' id='word_1_163' title='bbox 1124 2431 1158 2500; x_wconf 73' lang='grc' dir='ltr'><strong>ἢ</strong></span> <span class='ocrx_word' id='word_1_164' title='bbox 1195 2428 1408 2502; x_wconf 77' lang='grc' dir='ltr'>μᾶλλον</span> <span class='ocrx_word' id='word_1_165' title='bbox 1458 2429 1520 2484; x_wconf 87' lang='grc' dir='ltr'>τὸ</span> <span class='ocrx_word' id='word_1_166' title='bbox 1573 2441 1800 2505; x_wconf 86' lang='grc' dir='ltr'>μεγεθος</span> <span class='ocrx_word' id='word_1_167' title='bbox 1849 2449 1986 2501; x_wconf 87' lang='grc' dir='ltr'>προ-</span> 
     </span>
    </p>
   </div>
   <div class='ocr_carea' id='block_1_27' title="bbox 322 2517 1979 2600">
    <p class='ocr_par' dir='ltr' id='par_1_27' title="bbox 322 2517 1979 2600">
     <span class='ocr_line' id='line_1_27' title="bbox 322 2517 1979 2600; baseline -0.002 -25"><span class='ocrx_word' id='word_1_168' title='bbox 322 2521 653 2600; x_wconf 70' lang='grc' dir='ltr'>ερερεστέραν</span> <span class='ocrx_word' id='word_1_169' title='bbox 711 2517 772 2574; x_wconf 63' lang='grc' dir='ltr'>οὔ</span> <span class='ocrx_word' id='word_1_170' title='bbox 839 2539 973 2574; x_wconf 90' lang='grc' dir='ltr'>ποτε</span> <span class='ocrx_word' id='word_1_171' title='bbox 1027 2524 1222 2594; x_wconf 78' lang='grc' dir='ltr'>καιροῦ</span> <span class='ocrx_word' id='word_1_172' title='bbox 1277 2519 1641 2594; x_wconf 85' lang='grc' dir='ltr'>ναυλοχήσειν</span> <span class='ocrx_word' id='word_1_173' title='bbox 1704 2520 1790 2591; x_wconf 83' lang='grc' dir='ltr'>[Ρ.</span> <span class='ocrx_word' id='word_1_174' title='bbox 1857 2518 1979 2590; x_wconf 81' lang='grc'>112]</span> 
     </span>
    </p>
   </div>
   <div class='ocr_carea' id='block_1_28' title="bbox 318 2602 1987 2685">
    <p class='ocr_par' dir='ltr' id='par_1_28' title="bbox 318 2602 1987 2685">
     <span class='ocr_line' id='line_1_28' title="bbox 318 2602 1987 2685; baseline -0.004 -19"><span class='ocrx_word' id='word_1_175' title='bbox 318 2610 574 2685; x_wconf 80' lang='grc' dir='ltr'>ἐλέγετο,</span> <span class='ocrx_word' id='word_1_176' title='bbox 628 2610 832 2679; x_wconf 80' lang='grc' dir='ltr'>ταύτης</span> <span class='ocrx_word' id='word_1_177' title='bbox 891 2609 1083 2670; x_wconf 83' lang='grc' dir='ltr'>νυκτὸς</span> <span class='ocrx_word' id='word_1_178' title='bbox 1141 2602 1424 2670; x_wconf 75' lang='grc' dir='ltr'>ἐπιϐάντες</span> <span class='ocrx_word' id='word_1_179' title='bbox 1480 2609 1576 2668; x_wconf 85' lang='grc' dir='ltr'>τάς</span> <span class='ocrx_word' id='word_1_180' title='bbox 1635 2627 1693 2662; x_wconf 82' lang='grc' dir='ltr'>τε</span> <span class='ocrx_word' id='word_1_181' title='bbox 1747 2607 1987 2681; x_wconf 82' lang='grc' dir='ltr'>ἀγκύρας</span> 
     </span>
    </p>
   </div>
   <div class='ocr_carea' id='block_1_29' title="bbox 316 2693 1987 2773">
    <p class='ocr_par' dir='ltr' id='par_1_29' title="bbox 316 2693 1987 2773">
     <span class='ocr_line' id='line_1_29' title="bbox 316 2693 1987 2773; baseline -0.003 -18"><span class='ocrx_word' id='word_1_182' title='bbox 316 2701 598 2773; x_wconf 77' lang='grc' dir='ltr'>ἀνίμησαν</span> <span class='ocrx_word' id='word_1_183' title='bbox 652 2699 742 2754; x_wconf 81' lang='grc' dir='ltr'>καὶ</span> <span class='ocrx_word' id='word_1_184' title='bbox 782 2697 850 2754; x_wconf 85' lang='grc' dir='ltr'>τά</span> <span class='ocrx_word' id='word_1_185' title='bbox 905 2696 1077 2773; x_wconf 76' lang='grc' dir='ltr'>λαίφη</span> <span class='ocrx_word' id='word_1_186' title='bbox 1136 2703 1250 2760; x_wconf 88' lang='grc' dir='ltr'>τοῖς</span> <span class='ocrx_word' id='word_1_187' title='bbox 1281 2697 1507 2768; x_wconf 87' lang='grc' dir='ltr'>ἀνέμοις</span> <span class='ocrx_word' id='word_1_188' title='bbox 1575 2693 1987 2757; x_wconf 77' lang='grc' dir='ltr'>διαπετάσαντες</span> 
     </span>
    </p>
   </div>
   <div class='ocr_carea' id='block_1_30' title="bbox 318 2784 1985 2861">
    <p class='ocr_par' dir='ltr' id='par_1_30' title="bbox 318 2784 1985 2861">
     <span class='ocr_line' id='line_1_30' title="bbox 318 2784 1985 2861; baseline -0.004 -16"><span class='ocrx_word' id='word_1_189' title='bbox 318 2789 723 2860; x_wconf 81' lang='grc' dir='ltr'>ἀπενόστησαν.</span> <span class='ocrx_word' id='word_1_190' title='bbox 801 2784 1139 2858; x_wconf 77' lang='grc' dir='ltr'>Κατιδίωξαν</span> <span class='ocrx_word' id='word_1_191' title='bbox 1219 2787 1312 2861; x_wconf 72' lang='grc' dir='ltr'>μὲν</span> <span class='ocrx_word' id='word_1_192' title='bbox 1382 2786 1472 2841; x_wconf 78' lang='grc' dir='ltr'>οὗν</span> <span class='ocrx_word' id='word_1_193' title='bbox 1545 2784 1720 2840; x_wconf 79' lang='grc' dir='ltr'>ὀπίσω</span> <span class='ocrx_word' id='word_1_194' title='bbox 1772 2784 1985 2840; x_wconf 83' lang='grc' dir='ltr'>τούτων</span> 
     </span>
    </p>
   </div>
   <div class='ocr_carea' id='block_1_31' title="bbox 317 2875 1987 2957">
    <p class='ocr_par' dir='ltr' id='par_1_31' title="bbox 317 2875 1987 2957">
     <span class='ocr_line' id='line_1_31' title="bbox 317 2875 1987 2957; baseline -0.002 -24"><span class='ocrx_word' id='word_1_195' title='bbox 317 2881 453 2950; x_wconf 79' lang='grc' dir='ltr'>νῆες</span> <span class='ocrx_word' id='word_1_196' title='bbox 515 2880 788 2957; x_wconf 75' lang='grc' dir='ltr'>πυρφόροι</span> <span class='ocrx_word' id='word_1_197' title='bbox 845 2878 936 2932; x_wconf 86' lang='grc' dir='ltr'>καὶ</span> <span class='ocrx_word' id='word_1_198' title='bbox 996 2879 1241 2952; x_wconf 75' lang='grc' dir='ltr'>τριήρεις</span> <span class='ocrx_word' id='word_1_199' title='bbox 1303 2875 1582 2951; x_wconf 81' lang='grc' dir='ltr'>βασιλικαὶ</span> <span class='ocrx_word' id='word_1_200' title='bbox 1648 2875 1852 2950; x_wconf 78' lang='grc' dir='ltr'>πλήρει</span> <span class='ocrx_word' id='word_1_201' title='bbox 1891 2875 1987 2930; x_wconf 87' lang='grc' dir='ltr'>ἀν-</span> 
     </span>
    </p>
   </div>
   <div class='ocr_carea' id='block_1_32' title="bbox 323 2962 1989 3044">
    <p class='ocr_par' dir='ltr' id='par_1_32' title="bbox 323 2962 1989 3044">
     <span class='ocr_line' id='line_1_32' title="bbox 323 2962 1989 3044; baseline -0.003 -20"><span class='ocrx_word' id='word_1_202' title='bbox 323 2968 473 3044; x_wconf 76' lang='grc' dir='ltr'>δρῶν</span> <span class='ocrx_word' id='word_1_203' title='bbox 510 2969 561 3023; x_wconf 82' lang='grc' dir='ltr'>οἳ</span> <span class='ocrx_word' id='word_1_204' title='bbox 615 2967 742 3029; x_wconf 74' lang='grc' dir='ltr'>τοὺς</span> <span class='ocrx_word' id='word_1_205' title='bbox 801 2965 1193 3042; x_wconf 81' lang='grc' dir='ltr'>έτεροστόμους</span> <span class='ocrx_word' id='word_1_206' title='bbox 1242 2965 1491 3028; x_wconf 65' lang='grc' dir='ltr'>πελέκεις</span> <span class='ocrx_word' id='word_1_207' title='bbox 1529 2965 1614 3020; x_wconf 81' lang='grc' dir='ltr'>ἐπὶ</span> <span class='ocrx_word' id='word_1_208' title='bbox 1661 2969 1769 3021; x_wconf 78' lang='grc' dir='ltr'>τῶν</span> <span class='ocrx_word' id='word_1_209' title='bbox 1820 2962 1989 3038; x_wconf 83' lang='grc' dir='ltr'>ὣμων</span> 
     </span>
    </p>
   </div>
   <div class='ocr_carea' id='block_1_33' title="bbox 321 3053 1990 3136">
    <p class='ocr_par' dir='ltr' id='par_1_33' title="bbox 321 3053 1990 3136">
     <span class='ocr_line' id='line_1_33' title="bbox 321 3053 1990 3136; baseline -0.003 -22"><span class='ocrx_word' id='word_1_210' title='bbox 321 3059 608 3136; x_wconf 68' lang='grc' dir='ltr'>ἀνέχουσι.</span> <span class='ocrx_word' id='word_1_211' title='bbox 686 3056 789 3114; x_wconf 83' lang='grc' dir='ltr'>Καὶ</span> <span class='ocrx_word' id='word_1_212' title='bbox 863 3057 1241 3132; x_wconf 83' lang='grc' dir='ltr'>προσήγγισαν</span> <span class='ocrx_word' id='word_1_213' title='bbox 1310 3056 1404 3128; x_wconf 76' lang='grc' dir='ltr'>μὲν</span> <span class='ocrx_word' id='word_1_214' title='bbox 1473 3059 1554 3128; x_wconf 80' lang='grc' dir='ltr'>τῷ</span> <span class='ocrx_word' id='word_1_215' title='bbox 1619 3053 1823 3129; x_wconf 86' lang='grc' dir='ltr'>πλοίῳ,</span> <span class='ocrx_word' id='word_1_216' title='bbox 1890 3053 1990 3109; x_wconf 79' lang='grc' dir='ltr'>οὐκ</span> 
     </span>
    </p>
   </div>
   <div class='ocr_carea' id='block_1_34' title="bbox 318 3143 1988 3223">
    <p class='ocr_par' dir='ltr' id='par_1_34' title="bbox 318 3143 1988 3223">
     <span class='ocr_line' id='line_1_34' title="bbox 318 3143 1988 3223; baseline -0.003 -21"><span class='ocrx_word' id='word_1_217' title='bbox 318 3149 565 3223; x_wconf 69' lang='grc' dir='ltr'>ἴσχυσαν</span> <span class='ocrx_word' id='word_1_218' title='bbox 601 3144 647 3201; x_wconf 83' lang='grc' dir='ltr'>δ’</span> <span class='ocrx_word' id='word_1_219' title='bbox 677 3148 706 3201; x_wconf 83' lang='grc' dir='ltr'>’ὀ</span> <span class='ocrx_word' id='word_1_220' title='bbox 735 3167 786 3200; x_wconf 88' lang='grc' dir='ltr'>τι</span> <span class='ocrx_word' id='word_1_221' title='bbox 818 3147 907 3200; x_wconf 83' lang='grc' dir='ltr'>καὶ</span> <span class='ocrx_word' id='word_1_222' title='bbox 943 3143 1212 3220; x_wconf 79' lang='grc' dir='ltr'>δράσαιεν,</span> <span class='ocrx_word' id='word_1_223' title='bbox 1244 3143 1335 3198; x_wconf 77' lang='grc' dir='ltr'>καὶ</span> <span class='ocrx_word' id='word_1_224' title='bbox 1380 3148 1476 3199; x_wconf 89' lang='grc' dir='ltr'>τοῦ</span> <span class='ocrx_word' id='word_1_225' title='bbox 1528 3145 1837 3217; x_wconf 79' lang='grc' dir='ltr'>πνεύματος</span> <span class='ocrx_word' id='word_1_226' title='bbox 1895 3144 1988 3216; x_wconf 75' lang='grc' dir='ltr'>μὶν</span> 
     </span>
    </p>
   </div>
   <div class='ocr_carea' id='block_1_35' title="bbox 315 3230 1988 3310">
    <p class='ocr_par' dir='ltr' id='par_1_35' title="bbox 315 3230 1988 3310">
     <span class='ocr_line' id='line_1_35' title="bbox 315 3230 1988 3310; baseline -0.004 -16"><span class='ocrx_word' id='word_1_227' title='bbox 315 3240 422 3307; x_wconf 69' lang='grc' dir='ltr'>τήν</span> <span class='ocrx_word' id='word_1_228' title='bbox 457 3245 565 3306; x_wconf 79' lang='grc' dir='ltr'>νῆα</span> <span class='ocrx_word' id='word_1_229' title='bbox 597 3235 906 3310; x_wconf 82' lang='grc' dir='ltr'>ἐπείγοντος</span> <span class='ocrx_word' id='word_1_230' title='bbox 964 3236 1040 3298; x_wconf 85' lang='grc' dir='ltr'>ὡς</span> <span class='ocrx_word' id='word_1_231' title='bbox 1091 3233 1352 3291; x_wconf 72' lang='grc' dir='ltr'>’ίπτασθαι</span> <span class='ocrx_word' id='word_1_232' title='bbox 1411 3230 1607 3292; x_wconf 84' lang='grc' dir='ltr'>δοκεῖν.</span> <span class='ocrx_word' id='word_1_233' title='bbox 1659 3233 1720 3288; x_wconf 77' lang='grc' dir='ltr'>οὐ</span> <span class='ocrx_word' id='word_1_234' title='bbox 1768 3231 1988 3289; x_wconf 70' lang='grc' dir='ltr'>ναυτίλο</span> 
     </span>
    </p>
   </div>
   <div class='ocr_carea' id='block_1_36' title="bbox 2097 636 3748 709">
    <p class='ocr_par' dir='ltr' id='par_1_36' title="bbox 2097 636 3748 709">
     <span class='ocr_line' id='line_1_36' title="bbox 2097 636 3748 709; baseline 0.009 -17"><span class='ocrx_word' id='word_1_235' title='bbox 2097 637 2160 694; x_wconf 87' lang='lat' dir='ltr'>in</span> <span class='ocrx_word' id='word_1_236' title='bbox 2186 652 2390 692; x_wconf 90' lang='lat' dir='ltr'><strong>omnes</strong></span> <span class='ocrx_word' id='word_1_237' title='bbox 2419 636 2750 709; x_wconf 83' lang='lat' dir='ltr'>provincias</span> <span class='ocrx_word' id='word_1_238' title='bbox 2807 639 3001 696; x_wconf 91' lang='lat' dir='ltr'><strong>missis</strong></span> <span class='ocrx_word' id='word_1_239' title='bbox 3049 641 3294 699; x_wconf 89' lang='lat' dir='ltr'><strong>Venetos</strong></span> <span class='ocrx_word' id='word_1_240' title='bbox 3343 660 3545 703; x_wconf 90' lang='lat' dir='ltr'><strong>omnes</strong></span> <span class='ocrx_word' id='word_1_241' title='bbox 3591 657 3748 707; x_wconf 89' lang='lat' dir='ltr'><strong>certa</strong></span> 
     </span>
    </p>
   </div>
   <div class='ocr_carea' id='block_1_37' title="bbox 2095 727 3739 810">
    <p class='ocr_par' dir='ltr' id='par_1_37' title="bbox 2095 727 3739 810">
     <span class='ocr_line' id='line_1_37' title="bbox 2095 727 3739 810; baseline 0.009 -28"><span class='ocrx_word' id='word_1_242' title='bbox 2095 727 2190 782; x_wconf 87' lang='lat' dir='ltr'>die</span> <span class='ocrx_word' id='word_1_243' title='bbox 2221 729 2625 799; x_wconf 72' lang='lat' dir='ltr'><strong>comprehendi</strong></span> <span class='ocrx_word' id='word_1_244' title='bbox 2657 745 2970 804; x_wconf 79' lang='lat' dir='ltr'><strong>eorumque</strong></span> <span class='ocrx_word' id='word_1_245' title='bbox 3030 738 3175 788; x_wconf 83' lang='lat' dir='ltr'><strong>bona</strong></span> <span class='ocrx_word' id='word_1_246' title='bbox 3233 735 3517 806; x_wconf 79' lang='lat' dir='ltr'>publicari</span> <span class='ocrx_word' id='word_1_247' title='bbox 3569 741 3739 810; x_wconf 40' lang='lat' dir='ltr'><strong>jube.</strong></span> 
     </span>
    </p>
   </div>
   <div class='ocr_carea' id='block_1_38' title="bbox 2095 818 3743 900">
    <p class='ocr_par' dir='ltr' id='par_1_38' title="bbox 2095 818 3743 900">
     <span class='ocr_line' id='line_1_38' title="bbox 2095 818 3743 900; baseline 0.008 -29"><span class='ocrx_word' id='word_1_248' title='bbox 2095 820 2200 872; x_wconf 89' lang='lat' dir='ltr'><strong>ret.</strong></span> <span class='ocrx_word' id='word_1_249' title='bbox 2235 818 2392 882; x_wconf 86' lang='lat' dir='ltr'>Quod</span> <span class='ocrx_word' id='word_1_250' title='bbox 2418 833 2549 874; x_wconf 89' lang='lat' dir='ltr'>cum</span> <span class='ocrx_word' id='word_1_251' title='bbox 2574 819 2646 873; x_wconf 90' lang='lat' dir='ltr'>ad</span> <span class='ocrx_word' id='word_1_252' title='bbox 2669 819 3047 876; x_wconf 77' lang='lat' dir='ltr'><strong>constitutum</strong></span> <span class='ocrx_word' id='word_1_253' title='bbox 3072 827 3302 894; x_wconf 80' lang='lat' dir='ltr'>tempus</span> <span class='ocrx_word' id='word_1_254' title='bbox 3325 826 3542 881; x_wconf 82' lang='lat' dir='ltr'><strong>factum</strong></span> <span class='ocrx_word' id='word_1_255' title='bbox 3570 837 3743 900; x_wconf 87' lang='lat' dir='ltr'><strong>esset,</strong></span> 
     </span>
    </p>
   </div>
   <div class='ocr_carea' id='block_1_39' title="bbox 2095 907 3747 987">
    <p class='ocr_par' dir='ltr' id='par_1_39' title="bbox 2095 907 3747 987">
     <span class='ocr_line' id='line_1_39' title="bbox 2095 907 3747 987; baseline 0.009 -27"><span class='ocrx_word' id='word_1_256' title='bbox 2095 922 2412 979; x_wconf 89' lang='lat' dir='ltr'><strong>eorumque</strong></span> <span class='ocrx_word' id='word_1_257' title='bbox 2443 907 2594 964; x_wconf 89' lang='lat' dir='ltr'><strong>bona</strong></span> <span class='ocrx_word' id='word_1_258' title='bbox 2627 909 2834 980; x_wconf 78' lang='lat' dir='ltr'>partim</span> <span class='ocrx_word' id='word_1_259' title='bbox 2869 911 2928 965; x_wconf 91' lang='lat' dir='ltr'>in</span> <span class='ocrx_word' id='word_1_260' title='bbox 2961 912 3160 967; x_wconf 80' lang='lat' dir='ltr'><strong>iiscum</strong></span> <span class='ocrx_word' id='word_1_261' title='bbox 3220 914 3413 982; x_wconf 82' lang='lat' dir='ltr'><strong>relata,</strong></span> <span class='ocrx_word' id='word_1_262' title='bbox 3463 918 3678 987; x_wconf 79' lang='lat' dir='ltr'>partim</span> <span class='ocrx_word' id='word_1_263' title='bbox 3714 938 3747 975; x_wconf 88' lang='lat' dir='ltr'>a</span> 
     </span>
    </p>
   </div>
   <div class='ocr_carea' id='block_1_40' title="bbox 2096 997 3744 1074">
    <p class='ocr_par' dir='ltr' id='par_1_40' title="bbox 2096 997 3744 1074">
     <span class='ocr_line' id='line_1_40' title="bbox 2096 997 3744 1074; baseline 0.008 -24"><span class='ocrx_word' id='word_1_264' title='bbox 2096 997 2436 1065; x_wconf 75' lang='lat' dir='ltr'><strong>pr.esidibus</strong></span> <span class='ocrx_word' id='word_1_265' title='bbox 2469 999 2895 1069; x_wconf 80' lang='lat' dir='ltr'>provinciarum</span> <span class='ocrx_word' id='word_1_266' title='bbox 2927 1010 3208 1074; x_wconf 85' lang='lat' dir='ltr'><strong>occupata</strong></span> <span class='ocrx_word' id='word_1_267' title='bbox 3263 1012 3476 1070; x_wconf 84' lang='lat' dir='ltr'><strong>essent,</strong></span> <span class='ocrx_word' id='word_1_268' title='bbox 3537 1009 3744 1064; x_wconf 83' lang='lat' dir='ltr'>Veneti</span> 
     </span>
    </p>
   </div>
   <div class='ocr_carea' id='block_1_41' title="bbox 2094 1087 3743 1168">
    <p class='ocr_par' dir='ltr' id='par_1_41' title="bbox 2094 1087 3743 1168">
     <span class='ocr_line' id='line_1_41' title="bbox 2094 1087 3743 1168; baseline 0.007 -28"><span class='ocrx_word' id='word_1_269' title='bbox 2094 1087 2188 1156; x_wconf 90' lang='lat' dir='ltr'><strong>qui</strong></span> <span class='ocrx_word' id='word_1_270' title='bbox 2224 1087 2281 1141; x_wconf 92' lang='lat' dir='ltr'>in</span> <span class='ocrx_word' id='word_1_271' title='bbox 2317 1088 2457 1143; x_wconf 90' lang='lat' dir='ltr'><strong>urbe</strong></span> <span class='ocrx_word' id='word_1_272' title='bbox 2486 1087 2849 1158; x_wconf 86' lang='lat' dir='ltr'><strong>habitabant,</strong></span> <span class='ocrx_word' id='word_1_273' title='bbox 2883 1091 3119 1147; x_wconf 76' lang='lat' dir='ltr'><strong>cmlibes</strong></span> <span class='ocrx_word' id='word_1_274' title='bbox 3169 1092 3228 1147; x_wconf 89' lang='lat' dir='ltr'>in</span> <span class='ocrx_word' id='word_1_275' title='bbox 3279 1094 3504 1164; x_wconf 82' lang='lat' dir='ltr'><strong>primis,</strong></span> <span class='ocrx_word' id='word_1_276' title='bbox 3551 1098 3743 1168; x_wconf 83' lang='lat' dir='ltr'>fugam</span> 
     </span>
    </p>
   </div>
   <div class='ocr_carea' id='block_1_42' title="bbox 2095 1175 3742 1246">
    <p class='ocr_par' dir='ltr' id='par_1_42' title="bbox 2095 1175 3742 1246">
     <span class='ocr_line' id='line_1_42' title="bbox 2095 1175 3742 1246; baseline 0.007 -16"><span class='ocrx_word' id='word_1_277' title='bbox 2095 1175 2376 1232; x_wconf 86' lang='lat' dir='ltr'><strong>adornant</strong></span> <span class='ocrx_word' id='word_1_278' title='bbox 2411 1194 2424 1245; x_wconf 90' lang='lat'><strong>;</strong></span> <span class='ocrx_word' id='word_1_279' title='bbox 2462 1177 2703 1246; x_wconf 86' lang='lat' dir='ltr'><strong>navique</strong></span> <span class='ocrx_word' id='word_1_280' title='bbox 2750 1178 2937 1235; x_wconf 89' lang='lat' dir='ltr'><strong>tribus</strong></span> <span class='ocrx_word' id='word_1_281' title='bbox 2993 1189 3197 1238; x_wconf 88' lang='lat' dir='ltr'><strong>ornata</strong></span> <span class='ocrx_word' id='word_1_282' title='bbox 3227 1183 3368 1239; x_wconf 83' lang='lat' dir='ltr'><strong>velis</strong></span> <span class='ocrx_word' id='word_1_283' title='bbox 3397 1197 3565 1241; x_wconf 85' lang='lat' dir='ltr'><strong>noctu</strong></span> <span class='ocrx_word' id='word_1_284' title='bbox 3601 1203 3742 1244; x_wconf 90' lang='lat' dir='ltr'><strong>con-</strong></span> 
     </span>
    </p>
   </div>
   <div class='ocr_carea' id='block_1_43' title="bbox 2094 1268 3745 1342">
    <p class='ocr_par' dir='ltr' id='par_1_43' title="bbox 2094 1268 3745 1342">
     <span class='ocr_line' id='line_1_43' title="bbox 2094 1268 3745 1342; baseline 0.007 -22"><span class='ocrx_word' id='word_1_285' title='bbox 2094 1281 2319 1333; x_wconf 86' lang='lat' dir='ltr'><strong>scensa,</strong></span> <span class='ocrx_word' id='word_1_286' title='bbox 2351 1281 2463 1336; x_wconf 89' lang='lat' dir='ltr'>qua</span> <span class='ocrx_word' id='word_1_287' title='bbox 2521 1268 2684 1322; x_wconf 90' lang='lat' dir='ltr'><strong>nulla</strong></span> <span class='ocrx_word' id='word_1_288' title='bbox 2739 1284 2997 1340; x_wconf 83' lang='lat' dir='ltr'>unquam</span> <span class='ocrx_word' id='word_1_289' title='bbox 3058 1273 3244 1342; x_wconf 84' lang='lat' dir='ltr'><strong>major</strong></span> <span class='ocrx_word' id='word_1_290' title='bbox 3298 1274 3641 1332; x_wconf 66' lang='lat' dir='ltr'><strong>aedificatum</strong></span> <span class='ocrx_word' id='word_1_291' title='bbox 3675 1278 3745 1333; x_wconf 91' lang='lat' dir='ltr'>iri</span> 
     </span>
    </p>
   </div>
   <div class='ocr_carea' id='block_1_44' title="bbox 2095 1358 3744 1436">
    <p class='ocr_par' dir='ltr' id='par_1_44' title="bbox 2095 1358 3744 1436">
     <span class='ocr_line' id='line_1_44' title="bbox 2095 1358 3744 1436; baseline 0.007 -24"><span class='ocrx_word' id='word_1_292' title='bbox 2095 1358 2362 1425; x_wconf 75' lang='lat' dir='ltr'>creditur,</span> <span class='ocrx_word' id='word_1_293' title='bbox 2396 1358 2660 1415; x_wconf 87' lang='lat' dir='ltr'><strong>abierunt</strong></span> <span class='ocrx_word' id='word_1_294' title='bbox 2696 1377 2709 1428; x_wconf 93' lang='lat'><strong>;</strong></span> <span class='ocrx_word' id='word_1_295' title='bbox 2743 1376 2892 1432; x_wconf 89' lang='lat' dir='ltr'><strong>quos</strong></span> <span class='ocrx_word' id='word_1_296' title='bbox 2932 1378 3067 1418; x_wconf 89' lang='lat' dir='ltr'>cum</span> <span class='ocrx_word' id='word_1_297' title='bbox 3124 1364 3503 1436; x_wconf 68' lang='lat' dir='ltr'><strong>imperatoriae</strong></span> <span class='ocrx_word' id='word_1_298' title='bbox 3565 1385 3744 1425; x_wconf 84' lang='lat' dir='ltr'><strong>naves</strong></span> 
     </span>
    </p>
   </div>
   <div class='ocr_carea' id='block_1_45' title="bbox 2095 1447 3746 1529">
    <p class='ocr_par' dir='ltr' id='par_1_45' title="bbox 2095 1447 3746 1529">
     <span class='ocr_line' id='line_1_45' title="bbox 2095 1447 3746 1529; baseline 0.008 -27"><span class='ocrx_word' id='word_1_299' title='bbox 2095 1447 2335 1502; x_wconf 81' lang='lat' dir='ltr'><strong>armatis</strong></span> <span class='ocrx_word' id='word_1_300' title='bbox 2392 1448 2547 1504; x_wconf 73' lang='lat'><strong>224</strong></span> <span class='ocrx_word' id='word_1_301' title='bbox 2613 1449 2816 1519; x_wconf 71' lang='lat' dir='ltr'><strong>plenae,</strong></span> <span class='ocrx_word' id='word_1_302' title='bbox 2879 1451 3162 1522; x_wconf 77' lang='lat' dir='ltr'><strong>ancipites</strong></span> <span class='ocrx_word' id='word_1_303' title='bbox 3219 1470 3453 1511; x_wconf 85' lang='lat' dir='ltr'><strong>secures</strong></span> <span class='ocrx_word' id='word_1_304' title='bbox 3518 1467 3746 1529; x_wconf 88' lang='lat' dir='ltr'><strong>gestare</strong></span> 
     </span>
    </p>
   </div>
   <div class='ocr_carea' id='block_1_46' title="bbox 2093 1537 3744 1614">
    <p class='ocr_par' dir='ltr' id='par_1_46' title="bbox 2093 1537 3744 1614">
     <span class='ocr_line' id='line_1_46' title="bbox 2093 1537 3744 1614; baseline 0.008 -22"><span class='ocrx_word' id='word_1_305' title='bbox 2093 1537 2305 1603; x_wconf 86' lang='lat' dir='ltr'><strong>solitis,</strong></span> <span class='ocrx_word' id='word_1_306' title='bbox 2338 1543 2848 1610; x_wconf 84' lang='lat' dir='ltr'><strong>persequerentur,</strong></span> <span class='ocrx_word' id='word_1_307' title='bbox 2880 1541 3101 1613; x_wconf 71' lang='lat' dir='ltr'><strong>adeptae</strong></span> <span class='ocrx_word' id='word_1_308' title='bbox 3128 1543 3368 1614; x_wconf 88' lang='lat' dir='ltr'><strong>quidem</strong></span> <span class='ocrx_word' id='word_1_309' title='bbox 3399 1544 3532 1602; x_wconf 91' lang='lat' dir='ltr'><strong>illos</strong></span> <span class='ocrx_word' id='word_1_310' title='bbox 3563 1554 3704 1603; x_wconf 89' lang='lat' dir='ltr'><strong>sunt</strong></span> <span class='ocrx_word' id='word_1_311' title='bbox 3730 1565 3744 1606; x_wconf 88' lang='lat'><strong>:</strong></span> 
     </span>
    </p>
   </div>
   <div class='ocr_carea' id='block_1_47' title="bbox 2091 1625 3744 1695">
    <p class='ocr_par' dir='ltr' id='par_1_47' title="bbox 2091 1625 3744 1695">
     <span class='ocr_line' id='line_1_47' title="bbox 2091 1625 3744 1695; baseline 0.008 -14"><span class='ocrx_word' id='word_1_312' title='bbox 2091 1626 2191 1682; x_wconf 77' lang='lat' dir='ltr'>sed</span> <span class='ocrx_word' id='word_1_313' title='bbox 2225 1625 2298 1681; x_wconf 91' lang='lat' dir='ltr'>ob</span> <span class='ocrx_word' id='word_1_314' title='bbox 2329 1625 2491 1682; x_wconf 88' lang='lat' dir='ltr'><strong>navis</strong></span> <span class='ocrx_word' id='word_1_315' title='bbox 2534 1626 2904 1684; x_wconf 90' lang='lat' dir='ltr'><strong>altitudinem</strong></span> <span class='ocrx_word' id='word_1_316' title='bbox 2961 1637 3016 1686; x_wconf 90' lang='lat' dir='ltr'>et</span> <span class='ocrx_word' id='word_1_317' title='bbox 3063 1633 3424 1690; x_wconf 78' lang='lat' dir='ltr'><strong>velocitatem</strong></span> <span class='ocrx_word' id='word_1_318' title='bbox 3486 1639 3744 1695; x_wconf 91' lang='lat' dir='ltr'><strong>secundo</strong></span> 
     </span>
    </p>
   </div>
   <div class='ocr_carea' id='block_1_48' title="bbox 2091 1714 3739 1790">
    <p class='ocr_par' dir='ltr' id='par_1_48' title="bbox 2091 1714 3739 1790">
     <span class='ocr_line' id='line_1_48' title="bbox 2091 1714 3739 1790; baseline 0.008 -21"><span class='ocrx_word' id='word_1_319' title='bbox 2091 1719 2264 1771; x_wconf 89' lang='lat' dir='ltr'><strong>vento</strong></span> <span class='ocrx_word' id='word_1_320' title='bbox 2285 1714 2534 1772; x_wconf 82' lang='lat' dir='ltr'><strong>volantis</strong></span> <span class='ocrx_word' id='word_1_321' title='bbox 2566 1718 2749 1789; x_wconf 89' lang='lat' dir='ltr'><strong>magis</strong></span> <span class='ocrx_word' id='word_1_322' title='bbox 2780 1735 2958 1790; x_wconf 88' lang='lat' dir='ltr'><strong>quam</strong></span> <span class='ocrx_word' id='word_1_323' title='bbox 2984 1721 3294 1788; x_wconf 87' lang='lat' dir='ltr'><strong>currentis,</strong></span> <span class='ocrx_word' id='word_1_324' title='bbox 3335 1727 3392 1778; x_wconf 89' lang='lat' dir='ltr'>et</span> <span class='ocrx_word' id='word_1_325' title='bbox 3446 1729 3739 1783; x_wconf 87' lang='lat' dir='ltr'><strong>vectorum</strong></span> 
     </span>
    </p>
   </div>
   <div class='ocr_carea' id='block_1_49' title="bbox 2090 1803 3744 1873">
    <p class='ocr_par' dir='ltr' id='par_1_49' title="bbox 2090 1803 3744 1873">
     <span class='ocr_line' id='line_1_49' title="bbox 2090 1803 3744 1873; baseline 0.008 -15"><span class='ocrx_word' id='word_1_326' title='bbox 2090 1803 2418 1872; x_wconf 75' lang='lat' dir='ltr'><strong>audaciam,</strong></span> <span class='ocrx_word' id='word_1_327' title='bbox 2450 1820 2509 1861; x_wconf 88' lang='lat' dir='ltr'>re</span> <span class='ocrx_word' id='word_1_328' title='bbox 2536 1805 2747 1862; x_wconf 81' lang='lat' dir='ltr'><strong>infecta</strong></span> <span class='ocrx_word' id='word_1_329' title='bbox 2776 1807 3017 1864; x_wconf 89' lang='lat' dir='ltr'><strong>domum</strong></span> <span class='ocrx_word' id='word_1_330' title='bbox 3075 1811 3258 1865; x_wconf 88' lang='lat' dir='ltr'><strong>redire</strong></span> <span class='ocrx_word' id='word_1_331' title='bbox 3315 1818 3453 1867; x_wconf 91' lang='lat' dir='ltr'>unt</span> <span class='ocrx_word' id='word_1_332' title='bbox 3508 1823 3744 1873; x_wconf 69' lang='lat' dir='ltr'><strong>coactas.</strong></span> 
     </span>
    </p>
   </div>
   <div class='ocr_carea' id='block_1_50' title="bbox 2090 1890 3742 1969">
    <p class='ocr_par' dir='ltr' id='par_1_50' title="bbox 2090 1890 3742 1969">
     <span class='ocr_line' id='line_1_50' title="bbox 2090 1890 3742 1969; baseline 0.009 -24"><span class='ocrx_word' id='word_1_333' title='bbox 2090 1890 2294 1947; x_wconf 85' lang='lat' dir='ltr'><strong>Veneti</strong></span> <span class='ocrx_word' id='word_1_334' title='bbox 2325 1907 2599 1964; x_wconf 89' lang='lat' dir='ltr'><strong>prospero</strong></span> <span class='ocrx_word' id='word_1_335' title='bbox 2632 1910 2806 1950; x_wconf 87' lang='lat' dir='ltr'><strong>cursu</strong></span> <span class='ocrx_word' id='word_1_336' title='bbox 2837 1895 3104 1952; x_wconf 87' lang='lat' dir='ltr'><strong>Venetias</strong></span> <span class='ocrx_word' id='word_1_337' title='bbox 3134 1900 3405 1969; x_wconf 86' lang='lat' dir='ltr'><strong>pervecti,</strong></span> <span class='ocrx_word' id='word_1_338' title='bbox 3464 1917 3616 1958; x_wconf 90' lang='lat' dir='ltr'><strong>anno</strong></span> <span class='ocrx_word' id='word_1_339' title='bbox 3647 1921 3742 1960; x_wconf 89' lang='lat' dir='ltr'><strong>se-</strong></span> 
     </span>
    </p>
   </div>
   <div class='ocr_carea' id='block_1_51' title="bbox 2021 1963 3741 2057">
    <p class='ocr_par' dir='ltr' id='par_1_51' title="bbox 2021 1963 3741 2057">
     <span class='ocr_line' id='line_1_51' title="bbox 2021 1963 3741 2057; baseline 0.008 -25"><span class='ocrx_word' id='word_1_340' title='bbox 2021 1963 2306 2051; x_wconf 80' lang='lat' dir='ltr'><strong>Bquente</strong></span> <span class='ocrx_word' id='word_1_341' title='bbox 2357 1963 2544 2036; x_wconf 83' lang='lat' dir='ltr'><strong>classe</strong></span> <span class='ocrx_word' id='word_1_342' title='bbox 2601 1982 2907 2046; x_wconf 82' lang='lat' dir='ltr'><strong>instructa,</strong></span> <span class='ocrx_word' id='word_1_343' title='bbox 2970 1963 3188 2040; x_wconf 75' lang='lat' dir='ltr'><strong>insulas</strong></span> <span class='ocrx_word' id='word_1_344' title='bbox 3247 1963 3633 2057; x_wconf 79' lang='lat' dir='ltr'><strong>invaserunt;</strong></span> <span class='ocrx_word' id='word_1_345' title='bbox 3674 2007 3741 2046; x_wconf 89' lang='lat' dir='ltr'>ae</span> 
     </span>
    </p>
   </div>
   <div class='ocr_carea' id='block_1_52' title="bbox 2090 2069 3742 2149">
    <p class='ocr_par' dir='ltr' id='par_1_52' title="bbox 2090 2069 3742 2149">
     <span class='ocr_line' id='line_1_52' title="bbox 2090 2069 3742 2149; baseline 0.006 -24"><span class='ocrx_word' id='word_1_346' title='bbox 2090 2069 2363 2125; x_wconf 77' lang='lat' dir='ltr'><strong>Eubceam</strong></span> <span class='ocrx_word' id='word_1_347' title='bbox 2414 2069 2660 2140; x_wconf 88' lang='lat' dir='ltr'><strong>ingressi</strong></span> <span class='ocrx_word' id='word_1_348' title='bbox 2714 2071 2998 2142; x_wconf 83' lang='lat' dir='ltr'><strong>Euripum</strong></span> <span class='ocrx_word' id='word_1_349' title='bbox 3058 2072 3430 2144; x_wconf 88' lang='lat' dir='ltr'><strong>obsederunt,</strong></span> <span class='ocrx_word' id='word_1_350' title='bbox 3462 2081 3519 2132; x_wconf 92' lang='lat' dir='ltr'>et</span> <span class='ocrx_word' id='word_1_351' title='bbox 3574 2085 3742 2149; x_wconf 90' lang='lat' dir='ltr'><strong>parte</strong></span> 
     </span>
    </p>
   </div>
   <div class='ocr_carea' id='block_1_53' title="bbox 2091 2157 3744 2233">
    <p class='ocr_par' dir='ltr' id='par_1_53' title="bbox 2091 2157 3744 2233">
     <span class='ocr_line' id='line_1_53' title="bbox 2091 2157 3744 2233; baseline 0.007 -22"><span class='ocrx_word' id='word_1_352' title='bbox 2091 2158 2345 2226; x_wconf 88' lang='lat' dir='ltr'><strong>quadam</strong></span> <span class='ocrx_word' id='word_1_353' title='bbox 2377 2157 2506 2228; x_wconf 89' lang='lat' dir='ltr'><strong>ejus</strong></span> <span class='ocrx_word' id='word_1_354' title='bbox 2535 2164 2816 2229; x_wconf 88' lang='lat' dir='ltr'><strong>occupata</strong></span> <span class='ocrx_word' id='word_1_355' title='bbox 2848 2158 3042 2230; x_wconf 85' lang='lat' dir='ltr'><strong>ignem</strong></span> <span class='ocrx_word' id='word_1_356' title='bbox 3083 2160 3345 2216; x_wconf 72' lang='lat' dir='ltr'><strong>aediﬁciis</strong></span> <span class='ocrx_word' id='word_1_357' title='bbox 3394 2162 3744 2233; x_wconf 90' lang='lat' dir='ltr'><strong>injecerunt.</strong></span> 
     </span>
    </p>
   </div>
   <div class='ocr_carea' id='block_1_54' title="bbox 2089 2247 3744 2323">
    <p class='ocr_par' dir='ltr' id='par_1_54' title="bbox 2089 2247 3744 2323">
     <span class='ocr_line' id='line_1_54' title="bbox 2089 2247 3744 2323; baseline 0.005 -20"><span class='ocrx_word' id='word_1_358' title='bbox 2089 2247 2236 2303; x_wconf 75' lang='lat' dir='ltr'><strong>Vere</strong></span> <span class='ocrx_word' id='word_1_359' title='bbox 2269 2248 2524 2303; x_wconf 87' lang='lat' dir='ltr'><strong>instante</strong></span> <span class='ocrx_word' id='word_1_360' title='bbox 2548 2248 2684 2303; x_wconf 90' lang='lat' dir='ltr'><strong>inde</strong></span> <span class='ocrx_word' id='word_1_361' title='bbox 2715 2247 2926 2306; x_wconf 86' lang='lat' dir='ltr'><strong>Chium</strong></span> <span class='ocrx_word' id='word_1_362' title='bbox 2960 2251 3335 2323; x_wconf 87' lang='lat' dir='ltr'><strong>appulerunt.</strong></span> <span class='ocrx_word' id='word_1_363' title='bbox 3369 2253 3492 2318; x_wconf 88' lang='lat' dir='ltr'><strong>Qua</strong></span> <span class='ocrx_word' id='word_1_364' title='bbox 3548 2272 3609 2312; x_wconf 89' lang='lat' dir='ltr'>re</span> <span class='ocrx_word' id='word_1_365' title='bbox 3639 2272 3744 2312; x_wconf 90' lang='lat' dir='ltr'><strong>au-</strong></span> 
     </span>
    </p>
   </div>
   <div class='ocr_carea' id='block_1_55' title="bbox 2090 2335 3741 2413">
    <p class='ocr_par' dir='ltr' id='par_1_55' title="bbox 2090 2335 3741 2413">
     <span class='ocr_line' id='line_1_55' title="bbox 2090 2335 3741 2413; baseline 0.005 -20"><span class='ocrx_word' id='word_1_366' title='bbox 2090 2337 2208 2394; x_wconf 84' lang='lat' dir='ltr'><strong>dita</strong></span> <span class='ocrx_word' id='word_1_367' title='bbox 2260 2335 2488 2393; x_wconf 84' lang='lat' dir='ltr'><strong>Manuel</strong></span> <span class='ocrx_word' id='word_1_368' title='bbox 2579 2354 2858 2410; x_wconf 89' lang='lat' dir='ltr'><strong>magnum</strong></span> <span class='ocrx_word' id='word_1_369' title='bbox 2945 2341 3154 2397; x_wconf 89' lang='lat' dir='ltr'><strong>ducem</strong></span> <span class='ocrx_word' id='word_1_370' title='bbox 3207 2344 3741 2413; x_wconf 85' lang='lat' dir='ltr'><strong>Contostephanum</strong></span> 
     </span>
    </p>
   </div>
   <div class='ocr_carea' id='block_1_56' title="bbox 2088 2428 3738 2508">
    <p class='ocr_par' dir='ltr' id='par_1_56' title="bbox 2088 2428 3738 2508">
     <span class='ocr_line' id='line_1_56' title="bbox 2088 2428 3738 2508; baseline 0.005 -26"><span class='ocrx_word' id='word_1_371' title='bbox 2088 2428 2509 2494; x_wconf 81' lang='lat' dir='ltr'><strong>Andronicum,</strong></span> <span class='ocrx_word' id='word_1_372' title='bbox 2565 2443 2702 2484; x_wconf 89' lang='lat' dir='ltr'>cum</span> <span class='ocrx_word' id='word_1_373' title='bbox 2763 2429 3006 2485; x_wconf 89' lang='lat' dir='ltr'><strong>navibus</strong></span> <span class='ocrx_word' id='word_1_374' title='bbox 3075 2430 3310 2487; x_wconf 89' lang='lat' dir='ltr'><strong>circiter</strong></span> <span class='ocrx_word' id='word_1_375' title='bbox 3367 2449 3430 2488; x_wconf 83' lang='lat' dir='ltr'>CL</span> <span class='ocrx_word' id='word_1_376' title='bbox 3485 2433 3738 2508; x_wconf 82' lang='lat' dir='ltr'><strong>ablegat,</strong></span> 
     </span>
    </p>
   </div>
   <div class='ocr_carea' id='block_1_57' title="bbox 2091 2517 3742 2597">
    <p class='ocr_par' dir='ltr' id='par_1_57' title="bbox 2091 2517 3742 2597">
     <span class='ocr_line' id='line_1_57' title="bbox 2091 2517 3742 2597; baseline 0.007 -27"><span class='ocrx_word' id='word_1_377' title='bbox 2091 2517 2243 2588; x_wconf 90' lang='lat' dir='ltr'><strong>quod</strong></span> <span class='ocrx_word' id='word_1_378' title='bbox 2279 2532 2385 2572; x_wconf 88' lang='lat' dir='ltr'>nec</span> <span class='ocrx_word' id='word_1_379' title='bbox 2415 2518 2626 2574; x_wconf 87' lang='lat' dir='ltr'><strong>Veneta</strong></span> <span class='ocrx_word' id='word_1_380' title='bbox 2673 2517 2882 2574; x_wconf 89' lang='lat' dir='ltr'><strong>classis</strong></span> <span class='ocrx_word' id='word_1_381' title='bbox 2939 2520 3128 2575; x_wconf 88' lang='lat' dir='ltr'><strong>minor</strong></span> <span class='ocrx_word' id='word_1_382' title='bbox 3185 2524 3331 2590; x_wconf 88' lang='lat' dir='ltr'><strong>erat,</strong></span> <span class='ocrx_word' id='word_1_383' title='bbox 3390 2538 3742 2597; x_wconf 86' lang='lat' dir='ltr'><strong>summaque</strong></span> 
     </span>
    </p>
   </div>
   <div class='ocr_carea' id='block_1_58' title="bbox 2091 2605 3738 2680">
    <p class='ocr_par' dir='ltr' id='par_1_58' title="bbox 2091 2605 3738 2680">
     <span class='ocr_line' id='line_1_58' title="bbox 2091 2605 3738 2680; baseline 0.005 -19"><span class='ocrx_word' id='word_1_384' title='bbox 2091 2605 2389 2678; x_wconf 86' lang='lat' dir='ltr'><strong>diligentia</strong></span> <span class='ocrx_word' id='word_1_385' title='bbox 2418 2610 2476 2662; x_wconf 89' lang='lat' dir='ltr'>et</span> <span class='ocrx_word' id='word_1_386' title='bbox 2504 2608 2660 2662; x_wconf 90' lang='lat' dir='ltr'><strong>omni</strong></span> <span class='ocrx_word' id='word_1_387' title='bbox 2695 2611 2978 2679; x_wconf 89' lang='lat' dir='ltr'><strong>apparatu</strong></span> <span class='ocrx_word' id='word_1_388' title='bbox 3010 2614 3077 2664; x_wconf 90' lang='lat' dir='ltr'>ut</span> <span class='ocrx_word' id='word_1_389' title='bbox 3105 2609 3176 2664; x_wconf 91' lang='lat' dir='ltr'>ad</span> <span class='ocrx_word' id='word_1_390' title='bbox 3211 2626 3484 2680; x_wconf 85' lang='lat' dir='ltr'><strong>magnum</strong></span> <span class='ocrx_word' id='word_1_391' title='bbox 3516 2613 3738 2672; x_wconf 87' lang='lat' dir='ltr'><strong>bellum</strong></span> 
     </span>
    </p>
   </div>
   <div class='ocr_carea' id='block_1_59' title="bbox 2090 2697 3744 2776">
    <p class='ocr_par' dir='ltr' id='par_1_59' title="bbox 2090 2697 3744 2776">
     <span class='ocr_line' id='line_1_59' title="bbox 2090 2697 3744 2776; baseline 0.005 -22"><span class='ocrx_word' id='word_1_392' title='bbox 2090 2701 2148 2754; x_wconf 86' lang='lat' dir='ltr'>et</span> <span class='ocrx_word' id='word_1_393' title='bbox 2177 2701 2379 2754; x_wconf 90' lang='lat' dir='ltr'><strong>contra</strong></span> <span class='ocrx_word' id='word_1_394' title='bbox 2406 2697 2607 2755; x_wconf 84' lang='lat' dir='ltr'><strong>hostes</strong></span> <span class='ocrx_word' id='word_1_395' title='bbox 2671 2699 2967 2756; x_wconf 83' lang='lat' dir='ltr'><strong>Romanos</strong></span> <span class='ocrx_word' id='word_1_396' title='bbox 3025 2701 3311 2758; x_wconf 89' lang='lat' dir='ltr'><strong>instructa</strong></span> <span class='ocrx_word' id='word_1_397' title='bbox 3367 2709 3513 2776; x_wconf 89' lang='lat' dir='ltr'><strong>erat,</strong></span> <span class='ocrx_word' id='word_1_398' title='bbox 3546 2707 3744 2763; x_wconf 87' lang='lat' dir='ltr'><strong>multis</strong></span> 
     </span>
    </p>
   </div>
   <div class='ocr_carea' id='block_1_60' title="bbox 2090 2787 3745 2851">
    <p class='ocr_par' dir='ltr' id='par_1_60' title="bbox 2090 2787 3745 2851">
     <span class='ocr_line' id='line_1_60' title="bbox 2090 2787 3745 2851; baseline 0.004 -7"><span class='ocrx_word' id='word_1_399' title='bbox 2090 2788 2266 2844; x_wconf 90' lang='lat' dir='ltr'><strong>etiam</strong></span> <span class='ocrx_word' id='word_1_400' title='bbox 2323 2787 2702 2844; x_wconf 82' lang='lat' dir='ltr'><strong>auxiliaribus</strong></span> <span class='ocrx_word' id='word_1_401' title='bbox 2761 2789 3155 2846; x_wconf 83' lang='lat' dir='ltr'><strong>Sclavinorum</strong></span> <span class='ocrx_word' id='word_1_402' title='bbox 3217 2793 3466 2850; x_wconf 88' lang='lat' dir='ltr'><strong>navibus</strong></span> <span class='ocrx_word' id='word_1_403' title='bbox 3524 2797 3745 2851; x_wconf 90' lang='lat' dir='ltr'><strong>ascitis.</strong></span> 
     </span>
    </p>
   </div>
   <div class='ocr_carea' id='block_1_61' title="bbox 2091 2879 3745 2954">
    <p class='ocr_par' dir='ltr' id='par_1_61' title="bbox 2091 2879 3745 2954">
     <span class='ocr_line' id='line_1_61' title="bbox 2091 2879 3745 2954; baseline 0.004 -19"><span class='ocrx_word' id='word_1_404' title='bbox 2091 2879 2366 2935; x_wconf 68' lang='lat' dir='ltr'><strong>Caeterum</strong></span> <span class='ocrx_word' id='word_1_405' title='bbox 2396 2879 2467 2936; x_wconf 89' lang='lat' dir='ltr'>ad</span> <span class='ocrx_word' id='word_1_406' title='bbox 2501 2879 2748 2951; x_wconf 86' lang='lat' dir='ltr'><strong>primam</strong></span> <span class='ocrx_word' id='word_1_407' title='bbox 2787 2880 3001 2936; x_wconf 84' lang='lat' dir='ltr'><strong>famam</strong></span> <span class='ocrx_word' id='word_1_408' title='bbox 3035 2882 3421 2954; x_wconf 83' lang='lat' dir='ltr'><strong>expeditionis</strong></span> <span class='ocrx_word' id='word_1_409' title='bbox 3451 2884 3745 2942; x_wconf 88' lang='lat' dir='ltr'><strong>Romano-</strong></span> 
     </span>
    </p>
   </div>
   <div class='ocr_carea' id='block_1_62' title="bbox 2092 2969 3743 3039">
    <p class='ocr_par' dir='ltr' id='par_1_62' title="bbox 2092 2969 3743 3039">
     <span class='ocr_line' id='line_1_62' title="bbox 2092 2969 3743 3039; baseline 0.004 -14"><span class='ocrx_word' id='word_1_410' title='bbox 2092 2985 2218 3025; x_wconf 89' lang='lat' dir='ltr'>rum</span> <span class='ocrx_word' id='word_1_411' title='bbox 2252 2969 2465 3024; x_wconf 83' lang='lat' dir='ltr'><strong>turbati</strong></span> <span class='ocrx_word' id='word_1_412' title='bbox 2525 2969 2584 3024; x_wconf 91' lang='lat' dir='ltr'>in</span> <span class='ocrx_word' id='word_1_413' title='bbox 2641 2984 2816 3024; x_wconf 86' lang='lat' dir='ltr'><strong>naves</strong></span> <span class='ocrx_word' id='word_1_414' title='bbox 2880 2985 2942 3025; x_wconf 92' lang='lat' dir='ltr'>se</span> <span class='ocrx_word' id='word_1_415' title='bbox 2979 2971 3370 3039; x_wconf 88' lang='lat' dir='ltr'><strong>contulerunt,</strong></span> <span class='ocrx_word' id='word_1_416' title='bbox 3406 2977 3462 3028; x_wconf 89' lang='lat' dir='ltr'>et</span> <span class='ocrx_word' id='word_1_417' title='bbox 3492 2975 3550 3029; x_wconf 92' lang='lat' dir='ltr'>in</span> <span class='ocrx_word' id='word_1_418' title='bbox 3593 2974 3743 3032; x_wconf 86' lang='lat' dir='ltr'><strong>alias</strong></span> 
     </span>
    </p>
   </div>
   <div class='ocr_carea' id='block_1_63' title="bbox 2091 3057 3742 3132">
    <p class='ocr_par' dir='ltr' id='par_1_63' title="bbox 2091 3057 3742 3132">
     <span class='ocr_line' id='line_1_63' title="bbox 2091 3057 3742 3132; baseline 0.004 -18"><span class='ocrx_word' id='word_1_419' title='bbox 2091 3059 2241 3114; x_wconf 76' lang='lat'>225</span> <span class='ocrx_word' id='word_1_420' title='bbox 2277 3057 2500 3113; x_wconf 88' lang='lat' dir='ltr'><strong>insulas</strong></span> <span class='ocrx_word' id='word_1_421' title='bbox 2531 3057 2779 3114; x_wconf 90' lang='lat' dir='ltr'><strong>subinde</strong></span> <span class='ocrx_word' id='word_1_422' title='bbox 2837 3057 3108 3130; x_wconf 80' lang='lat' dir='ltr'><strong>fugiendo</strong></span> <span class='ocrx_word' id='word_1_423' title='bbox 3167 3062 3545 3132; x_wconf 71' lang='lat' dir='ltr'><strong>transierunt,</strong></span> <span class='ocrx_word' id='word_1_424' title='bbox 3581 3069 3646 3119; x_wconf 91' lang='lat' dir='ltr'>ut</span> <span class='ocrx_word' id='word_1_425' title='bbox 3685 3068 3742 3120; x_wconf 87' lang='lat' dir='ltr'>et</span> 
     </span>
    </p>
   </div>
   <div class='ocr_carea' id='block_1_64' title="bbox 2089 3146 3743 3226">
    <p class='ocr_par' dir='ltr' id='par_1_64' title="bbox 2089 3146 3743 3226">
     <span class='ocr_line' id='line_1_64' title="bbox 2089 3146 3743 3226; baseline 0.004 -24"><span class='ocrx_word' id='word_1_426' title='bbox 2089 3146 2236 3219; x_wconf 84' lang='lat' dir='ltr'><strong>ipsis</strong></span> <span class='ocrx_word' id='word_1_427' title='bbox 2256 3147 2606 3203; x_wconf 83' lang='lat' dir='ltr'><strong>mutationes</strong></span> <span class='ocrx_word' id='word_1_428' title='bbox 2637 3146 2939 3202; x_wconf 69' lang='lat' dir='ltr'><strong>laboriosas</strong></span> <span class='ocrx_word' id='word_1_429' title='bbox 2970 3154 3186 3216; x_wconf 83' lang='lat' dir='ltr'><strong>essent,</strong></span> <span class='ocrx_word' id='word_1_430' title='bbox 3220 3155 3277 3205; x_wconf 90' lang='lat' dir='ltr'>et</span> <span class='ocrx_word' id='word_1_431' title='bbox 3313 3151 3560 3206; x_wconf 87' lang='lat' dir='ltr'><strong>Romani</strong></span> <span class='ocrx_word' id='word_1_432' title='bbox 3591 3168 3743 3226; x_wconf 85' lang='lat' dir='ltr'><strong>aegre</strong></span> 
     </span>
    </p>
   </div>
   <div class='ocr_carea' id='block_1_65' title="bbox 2092 3237 3747 3309">
    <p class='ocr_par' dir='ltr' id='par_1_65' title="bbox 2092 3237 3747 3309">
     <span class='ocr_line' id='line_1_65' title="bbox 2092 3237 3747 3309; baseline 0.004 -16"><span class='ocrx_word' id='word_1_433' title='bbox 2092 3239 2311 3294; x_wconf 85' lang='lat' dir='ltr'><strong>ferrent</strong></span> <span class='ocrx_word' id='word_1_434' title='bbox 2361 3237 2656 3309; x_wconf 85' lang='lat' dir='ltr'><strong>negotium</strong></span> <span class='ocrx_word' id='word_1_435' title='bbox 2719 3238 2916 3294; x_wconf 88' lang='lat' dir='ltr'><strong>minus</strong></span> <span class='ocrx_word' id='word_1_436' title='bbox 2975 3238 3220 3295; x_wconf 86' lang='lat' dir='ltr'><strong>feliciter</strong></span> <span class='ocrx_word' id='word_1_437' title='bbox 3275 3244 3589 3299; x_wconf 81' lang='lat' dir='ltr'><strong>succedere</strong></span> <span class='ocrx_word' id='word_1_438' title='bbox 3643 3261 3747 3300; x_wconf 90' lang='lat' dir='ltr'>nec</span> 
     </span>
    </p>
   </div>
   <div class='ocr_carea' id='block_1_66' title="bbox 324 3313 1985 3400">
    <p class='ocr_par' dir='ltr' id='par_1_66' title="bbox 324 3321 1980 3398">
     <span class='ocr_line' id='line_1_66' title="bbox 324 3321 1980 3398; baseline -0.003 -17"><span class='ocrx_word' id='word_1_439' title='bbox 324 3327 538 3396; x_wconf 62' lang='lat' dir='ltr'>Asc-31:,</span> <span class='ocrx_word' id='word_1_440' title='bbox 595 3324 915 3386; x_wconf 75' lang='grc' dir='ltr'>ἀπειπόντες</span> <span class='ocrx_word' id='word_1_441' title='bbox 965 3321 1021 3378; x_wconf 74' lang='grc' dir='ltr'>δὲ</span> <span class='ocrx_word' id='word_1_442' title='bbox 1083 3321 1323 3396; x_wconf 79' lang='grc' dir='ltr'>μάλιστα</span> <span class='ocrx_word' id='word_1_443' title='bbox 1378 3322 1517 3398; x_wconf 88' lang='grc' dir='ltr'>πρὸς</span> <span class='ocrx_word' id='word_1_444' title='bbox 1572 3322 1634 3376; x_wconf 83' lang='grc' dir='ltr'>τὸ</span> <span class='ocrx_word' id='word_1_445' title='bbox 1690 3329 1792 3392; x_wconf 80' lang='grc' dir='ltr'>τῆς</span> <span class='ocrx_word' id='word_1_446' title='bbox 1849 3323 1980 3393; x_wconf 84' lang='grc' dir='ltr'>νηὸς</span> 
     </span>
    </p>
   </div>
   <div class='ocr_carea' id='block_1_67' title="bbox 2092 3313 3746 3400">
    <p class='ocr_par' dir='ltr' id='par_1_67' title="bbox 2096 3327 3746 3400">
     <span class='ocr_line' id='line_1_67' title="bbox 2096 3327 3746 3400; baseline 0.003 -17"><span class='ocrx_word' id='word_1_447' title='bbox 2096 3327 2207 3383; x_wconf 89' lang='lat' dir='ltr'><strong>sibi</strong></span> <span class='ocrx_word' id='word_1_448' title='bbox 2239 3327 2536 3400; x_wconf 79' lang='lat' dir='ltr'><strong>pugnandi</strong></span> <span class='ocrx_word' id='word_1_449' title='bbox 2595 3331 2935 3398; x_wconf 87' lang='lat' dir='ltr'><strong>potestatem</strong></span> <span class='ocrx_word' id='word_1_450' title='bbox 2994 3329 3066 3384; x_wconf 86' lang='lat' dir='ltr'>ab</span> <span class='ocrx_word' id='word_1_451' title='bbox 3129 3329 3292 3385; x_wconf 82' lang='lat' dir='ltr'><strong>hoste</strong></span> <span class='ocrx_word' id='word_1_452' title='bbox 3341 3331 3486 3387; x_wconf 81' lang='lat' dir='ltr'><strong>fieri.</strong></span> <span class='ocrx_word' id='word_1_453' title='bbox 3520 3333 3746 3388; x_wconf 82' lang='lat' dir='ltr'><strong>Andro-</strong></span> 
     </span>
    </p>
   </div>
   <div class='ocr_carea' id='block_1_68' title="bbox 323 3407 1985 3490">
    <p class='ocr_par' dir='ltr' id='par_1_68' title="bbox 323 3407 1985 3490">
     <span class='ocr_line' id='line_1_68' title="bbox 323 3407 1985 3490; baseline -0.003 -20"><span class='ocrx_word' id='word_1_454' title='bbox 323 3415 467 3490; x_wconf 69' lang='grc' dir='ltr'>ὕψος</span> <span class='ocrx_word' id='word_1_455' title='bbox 514 3417 761 3490; x_wconf 81' lang='grc' dir='ltr'>ἀτεχνῶς</span> <span class='ocrx_word' id='word_1_456' title='bbox 800 3407 1087 3468; x_wconf 74' lang='grc' dir='ltr'>ἀναϐαῖνον</span> <span class='ocrx_word' id='word_1_457' title='bbox 1145 3412 1326 3486; x_wconf 87' lang='grc' dir='ltr'>ἀέριον</span> <span class='ocrx_word' id='word_1_458' title='bbox 1367 3411 1459 3466; x_wconf 80' lang='grc' dir='ltr'>καὶ</span> <span class='ocrx_word' id='word_1_459' title='bbox 1501 3411 1564 3466; x_wconf 83' lang='grc' dir='ltr'>τὸ</span> <span class='ocrx_word' id='word_1_460' title='bbox 1615 3409 1985 3485; x_wconf 84' lang='grc' dir='ltr'>ἀπονενοημέ-</span> 
     </span>
    </p>
   </div>
   <div class='ocr_carea' id='block_1_69' title="bbox 328 3501 1985 3579">
    <p class='ocr_par' dir='ltr' id='par_1_69' title="bbox 328 3501 1985 3579">
     <span class='ocr_line' id='line_1_69' title="bbox 328 3501 1985 3579; baseline -0.002 -19"><span class='ocrx_word' id='word_1_461' title='bbox 328 3528 428 3560; x_wconf 81' lang='grc' dir='ltr'>νον</span> <span class='ocrx_word' id='word_1_462' title='bbox 459 3510 564 3560; x_wconf 82' lang='grc' dir='ltr'>τῶν</span> <span class='ocrx_word' id='word_1_463' title='bbox 599 3503 977 3579; x_wconf 75' lang='grc' dir='ltr'>ἐμπλεόντων.</span> <span class='ocrx_word' id='word_1_464' title='bbox 1010 3501 1112 3560; x_wconf 82' lang='grc' dir='ltr'>Καὶ</span> <span class='ocrx_word' id='word_1_465' title='bbox 1170 3503 1292 3557; x_wconf 84' lang='grc' dir='ltr'>τότε</span> <span class='ocrx_word' id='word_1_466' title='bbox 1344 3503 1436 3575; x_wconf 83' lang='grc' dir='ltr'>μὶν</span> <span class='ocrx_word' id='word_1_467' title='bbox 1466 3503 1500 3570; x_wconf 81' lang='grc' dir='ltr'>ἡ</span> <span class='ocrx_word' id='word_1_468' title='bbox 1529 3503 1724 3576; x_wconf 73' lang='grc' dir='ltr'>πατρὶς</span> <span class='ocrx_word' id='word_1_469' title='bbox 1773 3502 1985 3558; x_wconf 83' lang='grc' dir='ltr'>Βενετία</span> 
     </span>
    </p>
   </div>
   <div class='ocr_carea' id='block_1_70' title="bbox 325 3588 1987 3672">
    <p class='ocr_par' dir='ltr' id='par_1_70' title="bbox 325 3588 1987 3672">
     <span class='ocr_line' id='line_1_70' title="bbox 325 3588 1987 3672; baseline -0.003 -21"><span class='ocrx_word' id='word_1_470' title='bbox 325 3597 450 3672; x_wconf 69' lang='grc' dir='ltr'>εἶχε</span> <span class='ocrx_word' id='word_1_471' title='bbox 480 3593 710 3656; x_wconf 76' lang='grc' dir='ltr'>τούτους</span> <span class='ocrx_word' id='word_1_472' title='bbox 763 3590 1260 3662; x_wconf 79' lang='grc' dir='ltr'>εύθυπλοήσαντας·</span> <span class='ocrx_word' id='word_1_473' title='bbox 1319 3592 1455 3645; x_wconf 73' lang='grc' dir='ltr'>κατὰ</span> <span class='ocrx_word' id='word_1_474' title='bbox 1514 3588 1572 3646; x_wconf 73' lang='grc' dir='ltr'>δὲ</span> <span class='ocrx_word' id='word_1_475' title='bbox 1626 3591 1717 3646; x_wconf 86' lang='grc' dir='ltr'>τὸν</span> <span class='ocrx_word' id='word_1_476' title='bbox 1768 3589 1987 3647; x_wconf 79' lang='grc' dir='ltr'>ἐπιόντα</span> 
     </span>
    </p>
   </div>
   <div class='ocr_carea' id='block_1_71' title="bbox 326 3680 1982 3756">
    <p class='ocr_par' dir='ltr' id='par_1_71' title="bbox 326 3680 1982 3756">
     <span class='ocr_line' id='line_1_71' title="bbox 326 3680 1982 3756; baseline -0.004 -14"><span class='ocrx_word' id='word_1_477' title='bbox 326 3686 574 3742; x_wconf 70' lang='grc' dir='ltr'>ἐνιαυτὸν</span> <span class='ocrx_word' id='word_1_478' title='bbox 619 3681 816 3738; x_wconf 88' lang='grc' dir='ltr'>στόλον</span> <span class='ocrx_word' id='word_1_479' title='bbox 861 3680 1208 3755; x_wconf 77' lang='grc' dir='ltr'>κρατύναντες</span> <span class='ocrx_word' id='word_1_480' title='bbox 1256 3681 1352 3742; x_wconf 73' lang='grc' dir='ltr'>τὰς</span> <span class='ocrx_word' id='word_1_481' title='bbox 1398 3682 1599 3751; x_wconf 89' lang='grc' dir='ltr'>νήσους</span> <span class='ocrx_word' id='word_1_482' title='bbox 1649 3680 1982 3756; x_wconf 78' lang='grc' dir='ltr'>ἐπήρχοντο,</span> 
     </span>
    </p>
   </div>
   <div class='ocr_carea' id='block_1_72' title="bbox 328 3765 1986 3845">
    <p class='ocr_par' dir='ltr' id='par_1_72' title="bbox 328 3765 1986 3845">
     <span class='ocr_line' id='line_1_72' title="bbox 328 3765 1986 3845; baseline -0.003 -14"><span class='ocrx_word' id='word_1_483' title='bbox 328 3776 382 3836; x_wconf 76' lang='grc' dir='ltr'>ἐς</span> <span class='ocrx_word' id='word_1_484' title='bbox 436 3772 498 3829; x_wconf 71' lang='grc' dir='ltr'>δὲ</span> <span class='ocrx_word' id='word_1_485' title='bbox 550 3774 653 3842; x_wconf 72' lang='grc' dir='ltr'>τήν</span> <span class='ocrx_word' id='word_1_486' title='bbox 714 3765 948 3830; x_wconf 69' lang='grc' dir='ltr'>Εὔϐοιαν</span> <span class='ocrx_word' id='word_1_487' title='bbox 1005 3768 1414 3834; x_wconf 79' lang='grc' dir='ltr'>εἷ’σπλεύσαντες</span> <span class='ocrx_word' id='word_1_488' title='bbox 1481 3769 1842 3845; x_wconf 80' lang='grc' dir='ltr'>ἐπολιόρκουν</span> <span class='ocrx_word' id='word_1_489' title='bbox 1895 3772 1986 3826; x_wconf 87' lang='grc' dir='ltr'>τὸν</span> 
     </span>
    </p>
   </div>
   <div class='ocr_carea' id='block_1_73' title="bbox 325 3857 1983 3936">
    <p class='ocr_par' dir='ltr' id='par_1_73' title="bbox 325 3857 1983 3936">
     <span class='ocr_line' id='line_1_73' title="bbox 325 3857 1983 3936; baseline -0.002 -17"><span class='ocrx_word' id='word_1_490' title='bbox 325 3863 593 3936; x_wconf 67' lang='grc' dir='ltr'>Εὔριπον,</span> <span class='ocrx_word' id='word_1_491' title='bbox 624 3863 718 3917; x_wconf 73' lang='grc' dir='ltr'>καὶ</span> <span class='ocrx_word' id='word_1_492' title='bbox 769 3861 934 3936; x_wconf 84' lang='grc' dir='ltr'>μέρος</span> <span class='ocrx_word' id='word_1_493' title='bbox 988 3881 1043 3915; x_wconf 89' lang='grc' dir='ltr'>τι</span> <span class='ocrx_word' id='word_1_494' title='bbox 1086 3860 1283 3915; x_wconf 89' lang='grc' dir='ltr'>τούτου</span> <span class='ocrx_word' id='word_1_495' title='bbox 1337 3865 1632 3936; x_wconf 84' lang='grc' dir='ltr'>κατασχεῖν</span> <span class='ocrx_word' id='word_1_496' title='bbox 1682 3857 1983 3933; x_wconf 72' lang='grc' dir='ltr'>δεδυιημέ·</span> 
     </span>
    </p>
   </div>
   <div class='ocr_carea' id='block_1_74' title="bbox 323 3946 1986 4027">
    <p class='ocr_par' dir='ltr' id='par_1_74' title="bbox 323 3946 1986 4027">
     <span class='ocr_line' id='line_1_74' title="bbox 323 3946 1986 4027; baseline -0.001 -21"><span class='ocrx_word' id='word_1_497' title='bbox 323 3975 410 4008; x_wconf 82' lang='grc' dir='ltr'>νοι</span> <span class='ocrx_word' id='word_1_498' title='bbox 444 3957 554 4026; x_wconf 85' lang='grc' dir='ltr'>πῦρ</span> <span class='ocrx_word' id='word_1_499' title='bbox 585 3957 702 4013; x_wconf 89' lang='grc' dir='ltr'>τοῖς</span> <span class='ocrx_word' id='word_1_500' title='bbox 742 3948 1059 4012; x_wconf 70' lang='grc' dir='ltr'>οἷκοπέδοις</span> <span class='ocrx_word' id='word_1_501' title='bbox 1117 3949 1356 4025; x_wconf 72' lang='grc' dir='ltr'>ὑφῆψαν.</span> <span class='ocrx_word' id='word_1_502' title='bbox 1417 3952 1623 4024; x_wconf 85' lang='grc' dir='ltr'>Ἕαρος</span> <span class='ocrx_word' id='word_1_503' title='bbox 1673 3946 1720 4004; x_wconf 81' lang='grc' dir='ltr'>δ’</span> <span class='ocrx_word' id='word_1_504' title='bbox 1753 3949 1986 4027; x_wconf 64' lang='grc' dir='ltr'>ὑποφαί-</span> 
     </span>
    </p>
   </div>
   <div class='ocr_carea' id='block_1_75' title="bbox 325 4038 1984 4114">
    <p class='ocr_par' dir='ltr' id='par_1_75' title="bbox 325 4038 1984 4114">
     <span class='ocr_line' id='line_1_75' title="bbox 325 4038 1984 4114; baseline -0.001 -20"><span class='ocrx_word' id='word_1_505' title='bbox 325 4062 520 4103; x_wconf 81' lang='grc' dir='ltr'>νοντος</span> <span class='ocrx_word' id='word_1_506' title='bbox 552 4041 754 4097; x_wconf 83' lang='grc' dir='ltr'>έκεῖοεν</span> <span class='ocrx_word' id='word_1_507' title='bbox 797 4041 1113 4114; x_wconf 74' lang='grc' dir='ltr'>ἀνήχθησαν</span> <span class='ocrx_word' id='word_1_508' title='bbox 1167 4038 1259 4093; x_wconf 83' lang='grc' dir='ltr'>καὶ</span> <span class='ocrx_word' id='word_1_509' title='bbox 1317 4040 1454 4110; x_wconf 83' lang='grc' dir='ltr'>πρὸς</span> <span class='ocrx_word' id='word_1_510' title='bbox 1510 4039 1610 4106; x_wconf 84' lang='grc' dir='ltr'>τήν</span> <span class='ocrx_word' id='word_1_511' title='bbox 1665 4045 1827 4108; x_wconf 83' lang='grc' dir='ltr'>νῆσον</span> <span class='ocrx_word' id='word_1_512' title='bbox 1887 4042 1984 4108; x_wconf 77' lang='grc' dir='ltr'>τὴν</span> 
     </span>
    </p>
   </div>
   <div class='ocr_carea' id='block_1_76' title="bbox 323 4123 1986 4201">
    <p class='ocr_par' dir='ltr' id='par_1_76' title="bbox 323 4123 1986 4201">
     <span class='ocr_line' id='line_1_76' title="bbox 323 4123 1986 4201; baseline -0.004 -15"><span class='ocrx_word' id='word_1_513' title='bbox 323 4131 466 4186; x_wconf 81' lang='grc' dir='ltr'>Χίον</span> <span class='ocrx_word' id='word_1_514' title='bbox 509 4134 770 4201; x_wconf 79' lang='grc' dir='ltr'>κατῆραν.</span> <span class='ocrx_word' id='word_1_515' title='bbox 813 4125 964 4183; x_wconf 81' lang='grc' dir='ltr'>Ἐπεὶ</span> <span class='ocrx_word' id='word_1_516' title='bbox 1024 4123 1082 4180; x_wconf 76' lang='grc' dir='ltr'>δὲ</span> <span class='ocrx_word' id='word_1_517' title='bbox 1136 4123 1365 4179; x_wconf 85' lang='grc' dir='ltr'>πύθοιτο</span> <span class='ocrx_word' id='word_1_518' title='bbox 1421 4127 1588 4178; x_wconf 90' lang='grc' dir='ltr'>ταῦτα</span> <span class='ocrx_word' id='word_1_519' title='bbox 1645 4125 1673 4178; x_wconf 84' lang='grc' dir='ltr'><strong>ὁ</strong></span> <span class='ocrx_word' id='word_1_520' title='bbox 1729 4124 1986 4201; x_wconf 82' lang='grc' dir='ltr'>βασιλεὺς</span> 
     </span>
    </p>
   </div>
   <div class='ocr_carea' id='block_1_77' title="bbox 324 4211 1986 4289">
    <p class='ocr_par' dir='ltr' id='par_1_77' title="bbox 324 4211 1986 4289">
     <span class='ocr_line' id='line_1_77' title="bbox 324 4211 1986 4289; baseline -0.004 -13"><span class='ocrx_word' id='word_1_521' title='bbox 324 4217 619 4286; x_wconf 46' lang='lat' dir='ltr'><strong>Hunni),</strong></span> <span class='ocrx_word' id='word_1_522' title='bbox 653 4213 872 4271; x_wconf 65' lang='grc' dir='ltr'>στέλλει</span> <span class='ocrx_word' id='word_1_523' title='bbox 901 4216 992 4269; x_wconf 84' lang='grc' dir='ltr'>τὸν</span> <span class='ocrx_word' id='word_1_524' title='bbox 1054 4215 1217 4289; x_wconf 89' lang='grc' dir='ltr'>μέγαν</span> <span class='ocrx_word' id='word_1_525' title='bbox 1273 4211 1439 4269; x_wconf 83' lang='grc' dir='ltr'>δοῦκα</span> <span class='ocrx_word' id='word_1_526' title='bbox 1480 4213 1572 4268; x_wconf 88' lang='grc' dir='ltr'>τὸν</span> <span class='ocrx_word' id='word_1_527' title='bbox 1619 4213 1986 4286; x_wconf 64' lang='grc' dir='ltr'>Κοντοστέφα·</span> 
     </span>
    </p>
   </div>
   <div class='ocr_carea' id='block_1_78' title="bbox 319 4301 1988 4381">
    <p class='ocr_par' dir='ltr' id='par_1_78' title="bbox 319 4301 1988 4381">
     <span class='ocr_line' id='line_1_78' title="bbox 319 4301 1988 4381; baseline -0.002 -19"><span class='ocrx_word' id='word_1_528' title='bbox 319 4331 411 4364; x_wconf 84' lang='grc' dir='ltr'>νον</span> <span class='ocrx_word' id='word_1_529' title='bbox 443 4303 794 4381; x_wconf 78' lang='grc' dir='ltr'>Ἀνδρόνικον</span> <span class='ocrx_word' id='word_1_530' title='bbox 836 4302 960 4378; x_wconf 85' lang='grc' dir='ltr'>περὶ</span> <span class='ocrx_word' id='word_1_531' title='bbox 1019 4323 1123 4358; x_wconf 89' lang='grc' dir='ltr'>που</span> <span class='ocrx_word' id='word_1_532' title='bbox 1172 4303 1268 4364; x_wconf 74' lang='grc' dir='ltr'>τὰς</span> <span class='ocrx_word' id='word_1_533' title='bbox 1323 4301 1510 4358; x_wconf 73' lang='grc' dir='ltr'>ἑκατὸν</span> <span class='ocrx_word' id='word_1_534' title='bbox 1571 4322 1664 4357; x_wconf 88' lang='grc' dir='ltr'>και</span> <span class='ocrx_word' id='word_1_535' title='bbox 1701 4305 1988 4373; x_wconf 85' lang='grc' dir='ltr'>πεντήκον-</span> 
     </span>
    </p>
   </div>
   <div class='ocr_carea' id='block_1_79' title="bbox 323 4395 1986 4475">
    <p class='ocr_par' dir='ltr' id='par_1_79' title="bbox 323 4395 1986 4475">
     <span class='ocr_line' id='line_1_79' title="bbox 323 4395 1986 4475; baseline -0.002 -18"><span class='ocrx_word' id='word_1_536' title='bbox 323 4425 389 4458; x_wconf 78' lang='grc' dir='ltr'>τα</span> <span class='ocrx_word' id='word_1_537' title='bbox 467 4403 714 4475; x_wconf 79' lang='grc' dir='ltr'>τριήρεις</span> <span class='ocrx_word' id='word_1_538' title='bbox 790 4396 1008 4474; x_wconf 76' lang='grc' dir='ltr'>ἔχοντα,</span> <span class='ocrx_word' id='word_1_539' title='bbox 1086 4395 1170 4451; x_wconf 76' lang='grc' dir='ltr'>ὅτι</span> <span class='ocrx_word' id='word_1_540' title='bbox 1252 4395 1392 4469; x_wconf 73' lang='grc' dir='ltr'>μηδὲ</span> <span class='ocrx_word' id='word_1_541' title='bbox 1450 4400 1558 4452; x_wconf 83' lang='grc' dir='ltr'>τῶν</span> <span class='ocrx_word' id='word_1_542' title='bbox 1614 4396 1906 4453; x_wconf 86' lang='grc' dir='ltr'>Βενετίκων</span> <span class='ocrx_word' id='word_1_543' title='bbox 1959 4399 1986 4454; x_wconf 82' lang='grc' dir='ltr'>ὁ</span> 
     </span>
    </p>
   </div>
   <div class='ocr_carea' id='block_1_80' title="bbox 322 4482 1984 4562">
    <p class='ocr_par' dir='ltr' id='par_1_80' title="bbox 322 4482 1984 4562">
     <span class='ocr_line' id='line_1_80' title="bbox 322 4482 1984 4562; baseline -0.004 -15"><span class='ocrx_word' id='word_1_544' title='bbox 322 4489 528 4551; x_wconf 81' lang='grc' dir='ltr'>στόλος</span> <span class='ocrx_word' id='word_1_545' title='bbox 561 4489 628 4557; x_wconf 79' lang='grc' dir='ltr'>ἦν</span> <span class='ocrx_word' id='word_1_546' title='bbox 667 4485 998 4562; x_wconf 67' lang='grc' dir='ltr'>ἐνδεέστερος</span> <span class='ocrx_word' id='word_1_547' title='bbox 1057 4482 1093 4553; x_wconf 78' lang='grc' dir='ltr'>ἤ</span> <span class='ocrx_word' id='word_1_548' title='bbox 1155 4482 1345 4548; x_wconf 80' lang='grc' dir='ltr'>ἄλλως</span> <span class='ocrx_word' id='word_1_549' title='bbox 1399 4485 1461 4540; x_wconf 89' lang='grc' dir='ltr'>τὸ</span> <span class='ocrx_word' id='word_1_550' title='bbox 1509 4483 1984 4560; x_wconf 84' lang='grc' dir='ltr'>κατετπουδασμέ-</span> 
     </span>
    </p>
   </div>
   <div class='ocr_carea' id='block_1_81' title="bbox 319 4569 1987 4654">
    <p class='ocr_par' dir='ltr' id='par_1_81' title="bbox 319 4569 1987 4654">
     <span class='ocr_line' id='line_1_81' title="bbox 319 4569 1987 4654; baseline -0.003 -18"><span class='ocrx_word' id='word_1_551' title='bbox 319 4603 410 4636; x_wconf 88' lang='grc' dir='ltr'>νον</span> <span class='ocrx_word' id='word_1_552' title='bbox 473 4576 625 4654; x_wconf 81' lang='grc' dir='ltr'>ἔχων</span> <span class='ocrx_word' id='word_1_553' title='bbox 711 4578 786 4649; x_wconf 83' lang='grc' dir='ltr'>μή</span> <span class='ocrx_word' id='word_1_554' title='bbox 874 4569 1360 4649; x_wconf 74' lang='grc' dir='ltr'>κατηκριϐιημένον</span> <span class='ocrx_word' id='word_1_555' title='bbox 1444 4571 1496 4628; x_wconf 70' lang='grc' dir='ltr'>ἐν</span> <span class='ocrx_word' id='word_1_556' title='bbox 1582 4571 1768 4629; x_wconf 70' lang='grc' dir='ltr'>ἅπασι*</span> <span class='ocrx_word' id='word_1_557' title='bbox 1851 4577 1987 4648; x_wconf 83' lang='grc' dir='ltr'>πρὸς</span> 
     </span>
    </p>
   </div>
   <div class='ocr_carea' id='block_1_82' title="bbox 320 4664 1587 4748">
    <p class='ocr_par' dir='ltr' id='par_1_82' title="bbox 320 4664 1587 4748">
     <span class='ocr_line' id='line_1_82' title="bbox 320 4664 1587 4748; baseline -0.006 -23"><span class='ocrx_word' id='word_1_558' title='bbox 320 4675 423 4748; x_wconf 72' lang='grc' dir='ltr'>γὰρ</span> <span class='ocrx_word' id='word_1_559' title='bbox 509 4669 696 4744; x_wconf 77' lang='grc' dir='ltr'>ἀγῶνα</span> <span class='ocrx_word' id='word_1_560' title='bbox 775 4665 941 4740; x_wconf 82' lang='grc' dir='ltr'>μέγαν</span> <span class='ocrx_word' id='word_1_561' title='bbox 1019 4664 1111 4718; x_wconf 78' lang='grc' dir='ltr'>καὶ</span> <span class='ocrx_word' id='word_1_562' title='bbox 1187 4664 1587 4738; x_wconf 79' lang='grc' dir='ltr'>ἀνταγωνιστὰς</span> 
     </span>
    </p>
   </div>
   <div class='ocr_carea' id='block_1_83' title="bbox 323 4751 1984 4832">
    <p class='ocr_par' dir='ltr' id='par_1_83' title="bbox 323 4751 1984 4832">
     <span class='ocr_line' id='line_1_83' title="bbox 323 4751 1984 4832; baseline -0.005 -16"><span class='ocrx_word' id='word_1_563' title='bbox 323 4755 756 4832; x_wconf 68' lang='grc' dir='ltr'>ἑτοιμασάμενοι</span> <span class='ocrx_word' id='word_1_564' title='bbox 833 4754 888 4808; x_wconf 78' lang='grc' dir='ltr'>εὗ</span> <span class='ocrx_word' id='word_1_565' title='bbox 964 4751 1334 4828; x_wconf 78' lang='grc' dir='ltr'>ἁπανταχόθεν</span> <span class='ocrx_word' id='word_1_566' title='bbox 1424 4753 1803 4825; x_wconf 77' lang='grc' dir='ltr'>ἡρμόσθησαν,</span> <span class='ocrx_word' id='word_1_567' title='bbox 1897 4754 1984 4809; x_wconf 74' lang='grc' dir='ltr'>καὶ</span> 
     </span>
    </p>
   </div>
   <div class='ocr_carea' id='block_1_84' title="bbox 323 4839 1982 4924">
    <p class='ocr_par' dir='ltr' id='par_1_84' title="bbox 323 4839 1982 4924">
     <span class='ocr_line' id='line_1_84' title="bbox 323 4839 1982 4924; baseline -0.001 -24"><span class='ocrx_word' id='word_1_568' title='bbox 323 4844 690 4924; x_wconf 58' lang='grc' dir='ltr'>συμμαχίδας</span> <span class='ocrx_word' id='word_1_569' title='bbox 723 4841 824 4898; x_wconf 76' lang='grc' dir='ltr'>οὐκ</span> <span class='ocrx_word' id='word_1_570' title='bbox 853 4840 1048 4917; x_wconf 82' lang='grc' dir='ltr'>ὀλίγας</span> <span class='ocrx_word' id='word_1_571' title='bbox 1082 4849 1217 4911; x_wconf 72' lang='grc' dir='ltr'>νῆας</span> <span class='ocrx_word' id='word_1_572' title='bbox 1249 4839 1524 4918; x_wconf 83' lang='grc' dir='ltr'>ἐπήγοντο</span> <span class='ocrx_word' id='word_1_573' title='bbox 1558 4839 1664 4897; x_wconf 80' lang='grc' dir='ltr'>ἀπὸ</span> <span class='ocrx_word' id='word_1_574' title='bbox 1721 4849 1824 4912; x_wconf 86' lang='grc' dir='ltr'>τῆς</span> <span class='ocrx_word' id='word_1_575' title='bbox 1874 4848 1982 4899; x_wconf 83' lang='grc' dir='ltr'>τῶν</span> 
     </span>
    </p>
   </div>
   <div class='ocr_carea' id='block_1_85' title="bbox 330 4931 1985 5009">
    <p class='ocr_par' dir='ltr' id='par_1_85' title="bbox 330 4931 1985 5009">
     <span class='ocr_line' id='line_1_85' title="bbox 330 4931 1985 5009; baseline -0.012 -13"><span class='ocrx_word' id='word_1_576' title='bbox 330 4933 657 5004; x_wconf 74' lang='grc' dir='ltr'>Σθλαῦίνων</span> <span class='ocrx_word' id='word_1_577' title='bbox 716 4931 1126 5007; x_wconf 78' lang='grc' dir='ltr'>ἐκπορισθείσας</span> <span class='ocrx_word' id='word_1_578' title='bbox 1183 4933 1372 5007; x_wconf 83' lang='grc' dir='ltr'>χώρας</span> <span class='ocrx_word' id='word_1_579' title='bbox 1431 4931 1674 4993; x_wconf 76' lang='grc' dir='ltr'>ἐκείνοις,</span> <span class='ocrx_word' id='word_1_580' title='bbox 1733 4934 1876 5009; x_wconf 81' lang='grc' dir='ltr'>Πρὸς</span> <span class='ocrx_word' id='word_1_581' title='bbox 1929 4933 1985 4991; x_wconf 61' lang='grc' dir='ltr'>δὲ</span> 
     </span>
    </p>
   </div>
   <div class='ocr_carea' id='block_1_86' title="bbox 320 5023 1982 5104">
    <p class='ocr_par' dir='ltr' id='par_1_86' title="bbox 320 5023 1982 5104">
     <span class='ocr_line' id='line_1_86' title="bbox 320 5023 1982 5104; baseline -0.002 -21"><span class='ocrx_word' id='word_1_582' title='bbox 320 5033 420 5099; x_wconf 81' lang='grc' dir='ltr'>τήν</span> <span class='ocrx_word' id='word_1_583' title='bbox 457 5029 688 5104; x_wconf 83' lang='grc' dir='ltr'>πρώτην</span> <span class='ocrx_word' id='word_1_584' title='bbox 720 5023 1143 5086; x_wconf 83' lang='grc' dir='ltr'>ἀποκναίσαντες</span> <span class='ocrx_word' id='word_1_585' title='bbox 1196 5023 1367 5092; x_wconf 82' lang='grc' dir='ltr'>ἀκοὴν</span> <span class='ocrx_word' id='word_1_586' title='bbox 1413 5029 1514 5092; x_wconf 78' lang='grc' dir='ltr'>τῆς</span> <span class='ocrx_word' id='word_1_587' title='bbox 1568 5027 1675 5077; x_wconf 83' lang='grc' dir='ltr'>τῶν</span> <span class='ocrx_word' id='word_1_588' title='bbox 1741 5025 1982 5098; x_wconf 79' lang='grc' dir='ltr'>Ῥωμαῖ-</span> 
     </span>
    </p>
   </div>
   <div class='ocr_carea' id='block_1_87' title="bbox 319 5110 1981 5188">
    <p class='ocr_par' dir='ltr' id='par_1_87' title="bbox 319 5110 1981 5188">
     <span class='ocr_line' id='line_1_87' title="bbox 319 5110 1981 5188; baseline -0.002 -14"><span class='ocrx_word' id='word_1_589' title='bbox 319 5124 434 5174; x_wconf 81' lang='grc' dir='ltr'>κῶν</span> <span class='ocrx_word' id='word_1_590' title='bbox 501 5121 648 5187; x_wconf 82' lang='grc' dir='ltr'>νηῶν</span> <span class='ocrx_word' id='word_1_591' title='bbox 712 5111 1022 5175; x_wconf 80' lang='grc' dir='ltr'>ἀποπλοίας</span> <span class='ocrx_word' id='word_1_592' title='bbox 1086 5114 1234 5188; x_wconf 80' lang='grc' dir='ltr'>παρᾶ</span> <span class='ocrx_word' id='word_1_593' title='bbox 1285 5111 1476 5181; x_wconf 85' lang='grc' dir='ltr'>κώπην</span> <span class='ocrx_word' id='word_1_594' title='bbox 1530 5110 1718 5182; x_wconf 79' lang='grc' dir='ltr'>ἲζανον</span> <span class='ocrx_word' id='word_1_595' title='bbox 1785 5117 1981 5180; x_wconf 81' lang='grc' dir='ltr'>πάντες</span> 
     </span>
    </p>
   </div>
   <div class='ocr_carea' id='block_1_88' title="bbox 321 5200 1980 5280">
    <p class='ocr_par' dir='ltr' id='par_1_88' title="bbox 321 5200 1980 5280">
     <span class='ocr_line' id='line_1_88' title="bbox 321 5200 1980 5280; baseline -0.001 -17"><span class='ocrx_word' id='word_1_596' title='bbox 321 5208 412 5263; x_wconf 77' lang='grc' dir='ltr'>καὶ</span> <span class='ocrx_word' id='word_1_597' title='bbox 473 5203 887 5280; x_wconf 72' lang='grc' dir='ltr'>κατεδάρθανον.</span> <span class='ocrx_word' id='word_1_598' title='bbox 955 5202 1148 5260; x_wconf 88' lang='grc' dir='ltr'>Τοίνυν</span> <span class='ocrx_word' id='word_1_599' title='bbox 1209 5200 1464 5264; x_wconf 80' lang='grc' dir='ltr'>λύσαντες</span> <span class='ocrx_word' id='word_1_600' title='bbox 1523 5203 1584 5257; x_wconf 83' lang='grc' dir='ltr'>έκ</span> <span class='ocrx_word' id='word_1_601' title='bbox 1649 5203 1786 5260; x_wconf 87' lang='grc' dir='ltr'>Χίου</span> <span class='ocrx_word' id='word_1_602' title='bbox 1843 5208 1980 5279; x_wconf 84' lang='grc' dir='ltr'>πρὸς</span> 
     </span>
    </p>
   </div>
   <div class='ocr_carea' id='block_1_89' title="bbox 322 5287 2260 5373">
    <p class='ocr_par' dir='ltr' id='par_1_89' title="bbox 322 5287 2260 5373">
     <span class='ocr_line' id='line_1_89' title="bbox 322 5287 2260 5373; baseline -0.004 -19"><span class='ocrx_word' id='word_1_603' title='bbox 322 5299 514 5373; x_wconf 71' lang='grc' dir='ltr'>ἑτέρας</span> <span class='ocrx_word' id='word_1_604' title='bbox 575 5297 775 5366; x_wconf 88' lang='grc' dir='ltr'>νήσους</span> <span class='ocrx_word' id='word_1_605' title='bbox 839 5287 1174 5368; x_wconf 79' lang='grc' dir='ltr'>μενέὸαινυν,</span> <span class='ocrx_word' id='word_1_606' title='bbox 1230 5290 1492 5348; x_wconf 73' lang='grc' dir='ltr'>κάκείνων</span> <span class='ocrx_word' id='word_1_607' title='bbox 1551 5292 1972 5373; x_wconf 63' lang='grc' dir='ltr'>ἀπανιστάμενον,</span> <span class='ocrx_word' id='word_1_608' title='bbox 2029 5300 2120 5355; x_wconf 68' lang='grc' dir='ltr'>καὶ</span> <span class='ocrx_word' id='word_1_609' title='bbox 2176 5298 2260 5354; x_wconf 75' lang='grc' dir='ltr'>ἀεὶ</span> 
     </span>
    </p>
   </div>
   <div class='ocr_carea' id='block_1_90' title="bbox 2093 3417 3749 3490">
    <p class='ocr_par' dir='ltr' id='par_1_90' title="bbox 2093 3417 3749 3490">
     <span class='ocr_line' id='line_1_90' title="bbox 2093 3417 3749 3490; baseline 0.004 -18"><span class='ocrx_word' id='word_1_610' title='bbox 2093 3418 2257 3473; x_wconf 90' lang='lat' dir='ltr'><strong>nicus</strong></span> <span class='ocrx_word' id='word_1_611' title='bbox 2314 3434 2446 3474; x_wconf 87' lang='lat' dir='ltr'><strong>vero</strong></span> <span class='ocrx_word' id='word_1_612' title='bbox 2501 3417 2743 3475; x_wconf 79' lang='lat' dir='ltr'><strong>Maleam</strong></span> <span class='ocrx_word' id='word_1_613' title='bbox 2805 3434 2993 3490; x_wconf 89' lang='lat' dir='ltr'><strong>usque</strong></span> <span class='ocrx_word' id='word_1_614' title='bbox 3071 3428 3402 3490; x_wconf 88' lang='lat' dir='ltr'><strong>provectus,</strong></span> <span class='ocrx_word' id='word_1_615' title='bbox 3479 3439 3613 3477; x_wconf 87' lang='lat' dir='ltr'>cum</span> <span class='ocrx_word' id='word_1_616' title='bbox 3685 3439 3749 3479; x_wconf 87' lang='lat' dir='ltr'>se</span> 
     </span>
    </p>
   </div>
   <div class='ocr_carea' id='block_1_91' title="bbox 2091 3507 3739 3581">
    <p class='ocr_par' dir='ltr' id='par_1_91' title="bbox 2091 3507 3739 3581">
     <span class='ocr_line' id='line_1_91' title="bbox 2091 3507 3739 3581; baseline 0.002 -18"><span class='ocrx_word' id='word_1_617' title='bbox 2091 3523 2159 3564; x_wconf 88' lang='lat' dir='ltr'>ea</span> <span class='ocrx_word' id='word_1_618' title='bbox 2187 3507 2350 3579; x_wconf 89' lang='lat' dir='ltr'><strong>sequi</strong></span> <span class='ocrx_word' id='word_1_619' title='bbox 2383 3511 2642 3564; x_wconf 86' lang='lat' dir='ltr'><strong>cerneret</strong></span> <span class='ocrx_word' id='word_1_620' title='bbox 2694 3524 2820 3579; x_wconf 67' lang='lat' dir='ltr'><strong>quas</strong></span> <span class='ocrx_word' id='word_1_621' title='bbox 2875 3508 3107 3581; x_wconf 82' lang='lat' dir='ltr'><strong>assequi</strong></span> <span class='ocrx_word' id='word_1_622' title='bbox 3169 3526 3285 3565; x_wconf 92' lang='lat' dir='ltr'>non</span> <span class='ocrx_word' id='word_1_623' title='bbox 3346 3516 3560 3580; x_wconf 86' lang='lat' dir='ltr'><strong>posset,</strong></span> <span class='ocrx_word' id='word_1_624' title='bbox 3608 3529 3739 3567; x_wconf 87' lang='lat' dir='ltr'><strong>con-</strong></span> 
     </span>
    </p>
   </div>
   <div class='ocr_carea' id='block_1_92' title="bbox 2091 3597 3740 3669">
    <p class='ocr_par' dir='ltr' id='par_1_92' title="bbox 2091 3597 3740 3669">
     <span class='ocr_line' id='line_1_92' title="bbox 2091 3597 3740 3669; baseline 0.001 -17"><span class='ocrx_word' id='word_1_625' title='bbox 2091 3614 2253 3654; x_wconf 91' lang='lat' dir='ltr'><strong>verso</strong></span> <span class='ocrx_word' id='word_1_626' title='bbox 2293 3613 2464 3652; x_wconf 90' lang='lat' dir='ltr'><strong>cursu</strong></span> <span class='ocrx_word' id='word_1_627' title='bbox 2494 3597 2550 3653; x_wconf 91' lang='lat' dir='ltr'>in</span> <span class='ocrx_word' id='word_1_628' title='bbox 2585 3607 2814 3669; x_wconf 86' lang='lat' dir='ltr'><strong>portum</strong></span> <span class='ocrx_word' id='word_1_629' title='bbox 2850 3598 3230 3669; x_wconf 76' lang='lat' dir='ltr'><strong>Byzantinum</strong></span> <span class='ocrx_word' id='word_1_630' title='bbox 3287 3599 3478 3654; x_wconf 87' lang='lat' dir='ltr'><strong>rediit.</strong></span> <span class='ocrx_word' id='word_1_631' title='bbox 3550 3600 3740 3654; x_wconf 86' lang='lat' dir='ltr'><strong>Enim-</strong></span> 
     </span>
    </p>
   </div>
   <div class='ocr_carea' id='block_1_93' title="bbox 2089 3686 3738 3759">
    <p class='ocr_par' dir='ltr' id='par_1_93' title="bbox 2089 3686 3738 3759">
     <span class='ocr_line' id='line_1_93' title="bbox 2089 3686 3738 3759; baseline 0.001 -17"><span class='ocrx_word' id='word_1_632' title='bbox 2089 3703 2224 3743; x_wconf 87' lang='lat' dir='ltr'><strong>vero</strong></span> <span class='ocrx_word' id='word_1_633' title='bbox 2279 3686 2504 3756; x_wconf 84' lang='lat' dir='ltr'><strong>Veneti,</strong></span> <span class='ocrx_word' id='word_1_634' title='bbox 2563 3703 2696 3742; x_wconf 83' lang='lat' dir='ltr'>cum</span> <span class='ocrx_word' id='word_1_635' title='bbox 2747 3703 2886 3742; x_wconf 86' lang='lat' dir='ltr'><strong>suos</strong></span> <span class='ocrx_word' id='word_1_636' title='bbox 2952 3687 3099 3743; x_wconf 89' lang='lat' dir='ltr'><strong>bello</strong></span> <span class='ocrx_word' id='word_1_637' title='bbox 3189 3704 3395 3759; x_wconf 87' lang='lat' dir='ltr'><strong>parum</strong></span> <span class='ocrx_word' id='word_1_638' title='bbox 3461 3688 3738 3758; x_wconf 85' lang='lat' dir='ltr'><strong>proﬁcere</strong></span> 
     </span>
    </p>
   </div>
   <div class='ocr_carea' id='block_1_94' title="bbox 2089 3775 3737 3848">
    <p class='ocr_par' dir='ltr' id='par_1_94' title="bbox 2089 3775 3737 3848">
     <span class='ocr_line' id='line_1_94' title="bbox 2089 3775 3737 3848; baseline 0.001 -17"><span class='ocrx_word' id='word_1_639' title='bbox 2089 3777 2373 3844; x_wconf 89' lang='lat' dir='ltr'><strong>viderent,</strong></span> <span class='ocrx_word' id='word_1_640' title='bbox 2408 3791 2540 3831; x_wconf 83' lang='lat' dir='ltr'>cum</span> <span class='ocrx_word' id='word_1_641' title='bbox 2573 3791 2706 3848; x_wconf 89' lang='lat' dir='ltr'><strong>rege</strong></span> <span class='ocrx_word' id='word_1_642' title='bbox 2755 3775 2964 3831; x_wconf 63' lang='lat' dir='ltr'><strong>Siciliae</strong></span> <span class='ocrx_word' id='word_1_643' title='bbox 3019 3791 3216 3846; x_wconf 90' lang='lat' dir='ltr'><strong>pacem</strong></span> <span class='ocrx_word' id='word_1_644' title='bbox 3269 3776 3553 3846; x_wconf 82' lang='lat' dir='ltr'><strong>fecerunt,</strong></span> <span class='ocrx_word' id='word_1_645' title='bbox 3597 3783 3658 3830; x_wconf 91' lang='lat' dir='ltr'><strong>ul</strong></span> <span class='ocrx_word' id='word_1_646' title='bbox 3689 3779 3737 3833; x_wconf 82' lang='lat' dir='ltr'>si</span> 
     </span>
    </p>
   </div>
   <div class='ocr_carea' id='block_1_95' title="bbox 2090 3862 3739 3928">
    <p class='ocr_par' dir='ltr' id='par_1_95' title="bbox 2090 3862 3739 3928">
     <span class='ocr_line' id='line_1_95' title="bbox 2090 3862 3739 3928; baseline 0.001 -8"><span class='ocrx_word' id='word_1_647' title='bbox 2090 3881 2252 3920; x_wconf 87' lang='lat' dir='ltr'><strong>arma</strong></span> <span class='ocrx_word' id='word_1_648' title='bbox 2275 3865 2360 3920; x_wconf 89' lang='lat' dir='ltr'>eis</span> <span class='ocrx_word' id='word_1_649' title='bbox 2381 3862 2926 3928; x_wconf 87' lang='lat' dir='ltr'><strong>int&#39;errentnr,illius</strong></span> <span class='ocrx_word' id='word_1_650' title='bbox 2945 3862 3174 3918; x_wconf 83' lang='lat' dir='ltr'><strong>auxiliis</strong></span> <span class='ocrx_word' id='word_1_651' title='bbox 3216 3871 3415 3919; x_wconf 90' lang='lat' dir='ltr'><strong>contra</strong></span> <span class='ocrx_word' id='word_1_652' title='bbox 3445 3865 3739 3921; x_wconf 83' lang='lat' dir='ltr'><strong>Romanos</strong></span> 
     </span>
    </p>
   </div>
   <div class='ocr_carea' id='block_1_96' title="bbox 2091 3951 3736 4024">
    <p class='ocr_par' dir='ltr' id='par_1_96' title="bbox 2091 3951 3736 4024">
     <span class='ocr_line' id='line_1_96' title="bbox 2091 3951 3736 4024; baseline 0.001 -16"><span class='ocrx_word' id='word_1_653' title='bbox 2091 3953 2557 4008; x_wconf 82' lang='lat' dir='ltr'><strong>defenderentur.</strong></span> <span class='ocrx_word' id='word_1_654' title='bbox 2590 3952 2668 4006; x_wconf 85' lang='lat' dir='ltr'><strong>Ea</strong></span> <span class='ocrx_word' id='word_1_655' title='bbox 2702 3953 2853 4006; x_wconf 81' lang='lat' dir='ltr'><strong>fama</strong></span> <span class='ocrx_word' id='word_1_656' title='bbox 2909 3951 3201 4024; x_wconf 91' lang='lat' dir='ltr'><strong>impulsus</strong></span> <span class='ocrx_word' id='word_1_657' title='bbox 3253 3953 3590 4024; x_wconf 87' lang='lat' dir='ltr'><strong>imperator,</strong></span> <span class='ocrx_word' id='word_1_658' title='bbox 3621 3971 3736 4010; x_wconf 89' lang='lat' dir='ltr'>non</span> 
     </span>
    </p>
   </div>
   <div class='ocr_carea' id='block_1_97' title="bbox 2091 4035 3744 4114">
    <p class='ocr_par' dir='ltr' id='par_1_97' title="bbox 2091 4035 3744 4114">
     <span class='ocr_line' id='line_1_97' title="bbox 2091 4035 3744 4114; baseline 0.002 -18"><span class='ocrx_word' id='word_1_659' title='bbox 2091 4043 2328 4114; x_wconf 86' lang='lat' dir='ltr'><strong>ignarus</strong></span> <span class='ocrx_word' id='word_1_660' title='bbox 2351 4035 2498 4113; x_wconf 68' lang='lat' dir='ltr'><strong>saepe</strong></span> <span class='ocrx_word' id='word_1_661' title='bbox 2524 4056 2592 4095; x_wconf 83' lang='lat' dir='ltr'><strong>ex</strong></span> <span class='ocrx_word' id='word_1_662' title='bbox 2621 4039 2731 4096; x_wconf 88' lang='lat' dir='ltr'><strong>levi</strong></span> <span class='ocrx_word' id='word_1_663' title='bbox 2762 4057 2940 4096; x_wconf 89' lang='lat' dir='ltr'><strong>causa</strong></span> <span class='ocrx_word' id='word_1_664' title='bbox 2997 4057 3232 4111; x_wconf 82' lang='lat' dir='ltr'><strong>magnas</strong></span> <span class='ocrx_word' id='word_1_665' title='bbox 3290 4043 3642 4098; x_wconf 83' lang='lat' dir='ltr'><strong>mutationes</strong></span> <span class='ocrx_word' id='word_1_666' title='bbox 3685 4049 3744 4100; x_wconf 85' lang='lat' dir='ltr'>et</span> 
     </span>
    </p>
   </div>
   <div class='ocr_carea' id='block_1_98' title="bbox 2092 4129 3742 4202">
    <p class='ocr_par' dir='ltr' id='par_1_98' title="bbox 2092 4129 3742 4202">
     <span class='ocr_line' id='line_1_98' title="bbox 2092 4129 3742 4202; baseline 0.002 -16"><span class='ocrx_word' id='word_1_667' title='bbox 2092 4133 2355 4200; x_wconf 84' lang='lat' dir='ltr'><strong>ingentes</strong></span> <span class='ocrx_word' id='word_1_668' title='bbox 2384 4129 2746 4185; x_wconf 88' lang='lat' dir='ltr'><strong>calamitates</strong></span> <span class='ocrx_word' id='word_1_669' title='bbox 2803 4144 2933 4186; x_wconf 89' lang='lat' dir='ltr'><strong>esse</strong></span> <span class='ocrx_word' id='word_1_670' title='bbox 2990 4134 3170 4198; x_wconf 89' lang='lat' dir='ltr'><strong>ortas,</strong></span> <span class='ocrx_word' id='word_1_671' title='bbox 3203 4131 3510 4202; x_wconf 88' lang='lat' dir='ltr'><strong>antiquum</strong></span> <span class='ocrx_word' id='word_1_672' title='bbox 3554 4134 3742 4190; x_wconf 75' lang='lat' dir='ltr'><strong>fmdus</strong></span> 
     </span>
    </p>
   </div>
   <div class='ocr_carea' id='block_1_99' title="bbox 2092 4218 3744 4294">
    <p class='ocr_par' dir='ltr' id='par_1_99' title="bbox 2092 4218 3744 4294">
     <span class='ocr_line' id='line_1_99' title="bbox 2092 4218 3744 4294; baseline 0 -16"><span class='ocrx_word' id='word_1_673' title='bbox 2092 4236 2222 4278; x_wconf 87' lang='lat' dir='ltr'><strong>curn</strong></span> <span class='ocrx_word' id='word_1_674' title='bbox 2243 4220 2480 4276; x_wconf 87' lang='lat' dir='ltr'><strong>Venetis</strong></span> <span class='ocrx_word' id='word_1_675' title='bbox 2511 4218 2826 4275; x_wconf 87' lang='lat' dir='ltr'><strong>renovavit.</strong></span> <span class='ocrx_word' id='word_1_676' title='bbox 2889 4220 2959 4274; x_wconf 87' lang='lat' dir='ltr'><strong>Et</strong></span> <span class='ocrx_word' id='word_1_677' title='bbox 3016 4235 3352 4292; x_wconf 88' lang='lat' dir='ltr'><strong>quanquam</strong></span> <span class='ocrx_word' id='word_1_678' title='bbox 3410 4237 3508 4276; x_wconf 86' lang='lat' dir='ltr'>eos</span> <span class='ocrx_word' id='word_1_679' title='bbox 3539 4239 3572 4277; x_wconf 87' lang='lat' dir='ltr'>a</span> <span class='ocrx_word' id='word_1_680' title='bbox 3603 4239 3744 4294; x_wconf 87' lang='lat' dir='ltr'><strong>pace</strong></span> 
     </span>
    </p>
   </div>
   <div class='ocr_carea' id='block_1_100' title="bbox 2092 4308 3742 4382">
    <p class='ocr_par' dir='ltr' id='par_1_100' title="bbox 2092 4308 3742 4382">
     <span class='ocr_line' id='line_1_100' title="bbox 2092 4308 3742 4382; baseline 0.001 -15"><span class='ocrx_word' id='word_1_681' title='bbox 2092 4308 2386 4367; x_wconf 86' lang='lat' dir='ltr'><strong>Siciliensi</strong></span> <span class='ocrx_word' id='word_1_682' title='bbox 2426 4309 2671 4365; x_wconf 88' lang='lat' dir='ltr'><strong>avellere</strong></span> <span class='ocrx_word' id='word_1_683' title='bbox 2730 4324 2845 4365; x_wconf 89' lang='lat' dir='ltr'>non</span> <span class='ocrx_word' id='word_1_684' title='bbox 2878 4311 3120 4380; x_wconf 90' lang='lat' dir='ltr'><strong>poterat,</strong></span> <span class='ocrx_word' id='word_1_685' title='bbox 3153 4314 3348 4364; x_wconf 88' lang='lat' dir='ltr'><strong>tamen</strong></span> <span class='ocrx_word' id='word_1_686' title='bbox 3409 4311 3742 4382; x_wconf 86' lang='lat' dir='ltr'><strong>petentibus</strong></span> 
     </span>
    </p>
   </div>
   <div class='ocr_carea' id='block_1_101' title="bbox 2093 4397 3743 4469">
    <p class='ocr_par' dir='ltr' id='par_1_101' title="bbox 2093 4397 3743 4469">
     <span class='ocr_line' id='line_1_101' title="bbox 2093 4397 3743 4469; baseline 0.002 -15"><span class='ocrx_word' id='word_1_687' title='bbox 2093 4401 2319 4456; x_wconf 76' lang='lat' dir='ltr'><strong>veniam</strong></span> <span class='ocrx_word' id='word_1_688' title='bbox 2346 4399 2526 4465; x_wconf 86' lang='lat' dir='ltr'><strong>dedit,</strong></span> <span class='ocrx_word' id='word_1_689' title='bbox 2561 4414 2742 4467; x_wconf 89' lang='lat' dir='ltr'><strong>eaque</strong></span> <span class='ocrx_word' id='word_1_690' title='bbox 2787 4397 3046 4452; x_wconf 85' lang='lat' dir='ltr'><strong>restituit</strong></span> <span class='ocrx_word' id='word_1_691' title='bbox 3068 4397 3284 4467; x_wconf 88' lang='lat' dir='ltr'><strong>omnia,</strong></span> <span class='ocrx_word' id='word_1_692' title='bbox 3317 4414 3444 4468; x_wconf 65' lang='lat' dir='ltr'><strong>quae</strong></span> <span class='ocrx_word' id='word_1_693' title='bbox 3464 4400 3535 4455; x_wconf 91' lang='lat' dir='ltr'>de</span> <span class='ocrx_word' id='word_1_694' title='bbox 3563 4417 3743 4469; x_wconf 90' lang='lat' dir='ltr'><strong>more,</strong></span> 
     </span>
    </p>
   </div>
   <div class='ocr_carea' id='block_1_102' title="bbox 2096 4485 3744 4559">
    <p class='ocr_par' dir='ltr' id='par_1_102' title="bbox 2096 4485 3744 4559">
     <span class='ocr_line' id='line_1_102' title="bbox 2096 4485 3744 4559; baseline -0.001 -13"><span class='ocrx_word' id='word_1_695' title='bbox 2096 4495 2157 4546; x_wconf 90' lang='lat' dir='ltr'>ut</span> <span class='ocrx_word' id='word_1_696' title='bbox 2215 4488 2456 4546; x_wconf 81' lang='lat' dir='ltr'><strong>Romani</strong></span> <span class='ocrx_word' id='word_1_697' title='bbox 2508 4487 2682 4550; x_wconf 89' lang='lat' dir='ltr'><strong>cives,</strong></span> <span class='ocrx_word' id='word_1_698' title='bbox 2750 4485 3169 4542; x_wconf 86' lang='lat' dir='ltr'><strong>obtinuerant:</strong></span> <span class='ocrx_word' id='word_1_699' title='bbox 3231 4495 3283 4541; x_wconf 89' lang='lat' dir='ltr'>et</span> <span class='ocrx_word' id='word_1_700' title='bbox 3329 4489 3614 4559; x_wconf 91' lang='lat' dir='ltr'><strong>quidquid</strong></span> <span class='ocrx_word' id='word_1_701' title='bbox 3675 4491 3744 4545; x_wconf 91' lang='lat' dir='ltr'>de</span> 
     </span>
    </p>
   </div>
   <div class='ocr_carea' id='block_1_103' title="bbox 2093 4575 3742 4649">
    <p class='ocr_par' dir='ltr' id='par_1_103' title="bbox 2093 4575 3742 4649">
     <span class='ocr_line' id='line_1_103' title="bbox 2093 4575 3742 4649; baseline 0.001 -15"><span class='ocrx_word' id='word_1_702' title='bbox 2093 4595 2289 4635; x_wconf 88' lang='lat' dir='ltr'><strong>eorum</strong></span> <span class='ocrx_word' id='word_1_703' title='bbox 2321 4578 2532 4649; x_wconf 90' lang='lat' dir='ltr'><strong>opibus</strong></span> <span class='ocrx_word' id='word_1_704' title='bbox 2564 4577 2620 4631; x_wconf 91' lang='lat' dir='ltr'>in</span> <span class='ocrx_word' id='word_1_705' title='bbox 2654 4576 2860 4631; x_wconf 85' lang='lat' dir='ltr'><strong>iiscum</strong></span> <span class='ocrx_word' id='word_1_706' title='bbox 2895 4575 3140 4632; x_wconf 86' lang='lat' dir='ltr'><strong>relatum</strong></span> <span class='ocrx_word' id='word_1_707' title='bbox 3173 4581 3318 4643; x_wconf 90' lang='lat' dir='ltr'><strong>erat,</strong></span> <span class='ocrx_word' id='word_1_708' title='bbox 3352 4577 3592 4633; x_wconf 87' lang='lat' dir='ltr'><strong>reddere</strong></span> <span class='ocrx_word' id='word_1_709' title='bbox 3625 4595 3742 4635; x_wconf 88' lang='lat' dir='ltr'>non</span> 
     </span>
    </p>
   </div>
   <div class='ocr_carea' id='block_1_104' title="bbox 1678 4663 1985 4747">
    <p class='ocr_par' dir='ltr' id='par_1_104' title="bbox 1678 4664 1985 4738">
     <span class='ocr_line' id='line_1_104' title="bbox 1678 4664 1985 4738; baseline -0.007 -16"><span class='ocrx_word' id='word_1_710' title='bbox 1678 4664 1985 4738; x_wconf 83' lang='grc' dir='ltr'>Ῥωμαίους</span> 
     </span>
    </p>
   </div>
   <div class='ocr_carea' id='block_1_105' title="bbox 2092 4663 3745 4747">
    <p class='ocr_par' dir='ltr' id='par_1_105' title="bbox 2095 4663 3745 4736">
     <span class='ocr_line' id='line_1_105' title="bbox 2095 4663 3745 4736; baseline -0.002 -10"><span class='ocrx_word' id='word_1_711' title='bbox 2095 4669 2249 4726; x_wconf 77' lang='lat'>220</span> <span class='ocrx_word' id='word_1_712' title='bbox 2281 4663 2616 4736; x_wconf 77' lang='lat' dir='ltr'><strong>recusavit;</strong></span> <span class='ocrx_word' id='word_1_713' title='bbox 2649 4665 2746 4722; x_wconf 87' lang='lat' dir='ltr'>sed</span> <span class='ocrx_word' id='word_1_714' title='bbox 2804 4666 2917 4736; x_wconf 89' lang='lat' dir='ltr'><strong>ipsi</strong></span> <span class='ocrx_word' id='word_1_715' title='bbox 2976 4664 3152 4722; x_wconf 89' lang='lat' dir='ltr'><strong>aliam</strong></span> <span class='ocrx_word' id='word_1_716' title='bbox 3183 4666 3642 4722; x_wconf 88' lang='lat' dir='ltr'><strong>commodiorem</strong></span> <span class='ocrx_word' id='word_1_717' title='bbox 3690 4674 3745 4722; x_wconf 90' lang='lat' dir='ltr'>et</span> 
     </span>
    </p>
   </div>
   <div class='ocr_carea' id='block_1_106' title="bbox 2098 4755 3744 4827">
    <p class='ocr_par' dir='ltr' id='par_1_106' title="bbox 2098 4755 3744 4827">
     <span class='ocr_line' id='line_1_106' title="bbox 2098 4755 3744 4827; baseline -0.002 -12"><span class='ocrx_word' id='word_1_718' title='bbox 2098 4758 2388 4815; x_wconf 89' lang='lat' dir='ltr'><strong>utiliorem</strong></span> <span class='ocrx_word' id='word_1_719' title='bbox 2422 4756 2705 4812; x_wconf 89' lang='lat' dir='ltr'><strong>rationem</strong></span> <span class='ocrx_word' id='word_1_720' title='bbox 2734 4755 2945 4827; x_wconf 88' lang='lat' dir='ltr'><strong>secuti,</strong></span> <span class='ocrx_word' id='word_1_721' title='bbox 2991 4765 3052 4810; x_wconf 91' lang='lat' dir='ltr'>ut</span> <span class='ocrx_word' id='word_1_722' title='bbox 3106 4755 3331 4811; x_wconf 89' lang='lat' dir='ltr'><strong>strenui</strong></span> <span class='ocrx_word' id='word_1_723' title='bbox 3386 4761 3442 4811; x_wconf 86' lang='lat' dir='ltr'>et</span> <span class='ocrx_word' id='word_1_724' title='bbox 3503 4757 3744 4812; x_wconf 87' lang='lat' dir='ltr'><strong>solertes</strong></span> 
     </span>
    </p>
   </div>
   <div class='ocr_carea' id='block_1_107' title="bbox 2093 4845 3744 4917">
    <p class='ocr_par' dir='ltr' id='par_1_107' title="bbox 2093 4845 3744 4917">
     <span class='ocr_line' id='line_1_107' title="bbox 2093 4845 3744 4917; baseline -0.003 -13"><span class='ocrx_word' id='word_1_725' title='bbox 2093 4852 2464 4917; x_wconf 86' lang='lat' dir='ltr'><strong>mercatores,</strong></span> <span class='ocrx_word' id='word_1_726' title='bbox 2496 4845 2718 4902; x_wconf 90' lang='lat' dir='ltr'><strong>omissa</strong></span> <span class='ocrx_word' id='word_1_727' title='bbox 2750 4845 3009 4917; x_wconf 76' lang='lat' dir='ltr'><strong>pecunias</strong></span> <span class='ocrx_word' id='word_1_728' title='bbox 3069 4862 3187 4900; x_wconf 79' lang='lat' dir='ltr'><strong>suos</strong></span> <span class='ocrx_word' id='word_1_729' title='bbox 3247 4845 3593 4916; x_wconf 90' lang='lat' dir='ltr'><strong>repetitione</strong></span> <span class='ocrx_word' id='word_1_730' title='bbox 3646 4861 3744 4914; x_wconf 87' lang='lat' dir='ltr'><strong>pe-</strong></span> 
     </span>
    </p>
   </div>
   <div class='ocr_carea' id='block_1_108' title="bbox 2093 4932 3744 5010">
    <p class='ocr_par' dir='ltr' id='par_1_108' title="bbox 2093 4932 3744 5010">
     <span class='ocr_line' id='line_1_108' title="bbox 2093 4932 3744 5010; baseline -0.004 -18"><span class='ocrx_word' id='word_1_731' title='bbox 2093 4937 2359 5010; x_wconf 66' lang='lat' dir='ltr'><strong>pigerunt</strong></span> <span class='ocrx_word' id='word_1_732' title='bbox 2388 4939 2450 4992; x_wconf 85' lang='lat' dir='ltr'>ut</span> <span class='ocrx_word' id='word_1_733' title='bbox 2509 4935 2621 4992; x_wconf 89' lang='lat' dir='ltr'><strong>sibi</strong></span> <span class='ocrx_word' id='word_1_734' title='bbox 2686 4933 3020 5007; x_wconf 87' lang='lat' dir='ltr'><strong>quindecim</strong></span> <span class='ocrx_word' id='word_1_735' title='bbox 3082 4933 3207 4988; x_wconf 89' lang='lat' dir='ltr'><strong>auri</strong></span> <span class='ocrx_word' id='word_1_736' title='bbox 3263 4932 3582 4987; x_wconf 88' lang='lat' dir='ltr'><strong>centenarii</strong></span> <span class='ocrx_word' id='word_1_737' title='bbox 3640 4947 3744 5002; x_wconf 90' lang='lat' dir='ltr'>pro</span> 
     </span>
    </p>
   </div>
   <div class='ocr_carea' id='block_1_109' title="bbox 2092 5025 3744 5093">
    <p class='ocr_par' dir='ltr' id='par_1_109' title="bbox 2092 5025 3744 5093">
     <span class='ocr_line' id='line_1_109' title="bbox 2092 5025 3744 5093; baseline -0.005 -7"><span class='ocrx_word' id='word_1_738' title='bbox 2092 5027 2426 5086; x_wconf 81' lang='lat' dir='ltr'><strong>confiscatis</strong></span> <span class='ocrx_word' id='word_1_739' title='bbox 2498 5025 2667 5081; x_wconf 88' lang='lat' dir='ltr'><strong>bonis</strong></span> <span class='ocrx_word' id='word_1_740' title='bbox 2742 5025 3020 5080; x_wconf 88' lang='lat' dir='ltr'><strong>darentur</strong></span> <span class='ocrx_word' id='word_1_741' title='bbox 3073 5041 3088 5092; x_wconf 89' lang='lat'><strong>;</strong></span> <span class='ocrx_word' id='word_1_742' title='bbox 3150 5039 3280 5093; x_wconf 72' lang='lat' dir='ltr'><strong>quas</strong></span> <span class='ocrx_word' id='word_1_743' title='bbox 3338 5037 3570 5077; x_wconf 84' lang='lat' dir='ltr'><strong>summa</strong></span> <span class='ocrx_word' id='word_1_744' title='bbox 3628 5037 3744 5077; x_wconf 87' lang='lat' dir='ltr'>non</span> 
     </span>
    </p>
   </div>
   <div class='ocr_carea' id='block_1_110' title="bbox 2091 5108 3750 5188">
    <p class='ocr_par' dir='ltr' id='par_1_110' title="bbox 2091 5108 3750 5188">
     <span class='ocr_line' id='line_1_110' title="bbox 2091 5108 3750 5188; baseline -0.005 -14"><span class='ocrx_word' id='word_1_745' title='bbox 2091 5117 2292 5188; x_wconf 82' lang='lat' dir='ltr'><strong>simul,</strong></span> <span class='ocrx_word' id='word_1_746' title='bbox 2363 5116 2464 5173; x_wconf 91' lang='lat' dir='ltr'>sed</span> <span class='ocrx_word' id='word_1_747' title='bbox 2525 5114 2788 5186; x_wconf 88' lang='lat' dir='ltr'><strong>pluribus</strong></span> <span class='ocrx_word' id='word_1_748' title='bbox 2844 5111 3226 5185; x_wconf 88' lang='lat' dir='ltr'><strong>pensionibus</strong></span> <span class='ocrx_word' id='word_1_749' title='bbox 3311 5110 3396 5166; x_wconf 90' lang='lat' dir='ltr'>eis</span> <span class='ocrx_word' id='word_1_750' title='bbox 3455 5108 3750 5182; x_wconf 87' lang='lat' dir='ltr'><strong>persoluta</strong></span> 
     </span>
    </p>
   </div>
   <div class='ocr_carea' id='block_1_111' title="bbox 2092 5216 2200 5267">
    <p class='ocr_par' dir='ltr' id='par_1_111' title="bbox 2092 5216 2200 5267">
     <span class='ocr_line' id='line_1_111' title="bbox 2092 5216 2200 5267; baseline -0.019 0"><span class='ocrx_word' id='word_1_751' title='bbox 2092 5216 2200 5267; x_wconf 87' lang='lat' dir='ltr'><strong>est.</strong></span> 
     </span>
    </p>
   </div>
   <div class='ocr_carea' id='block_1_112' title="bbox 2319 5287 3748 5373">
    <p class='ocr_par' dir='ltr' id='par_1_112' title="bbox 2319 5287 3748 5373">
     <span class='ocr_line' id='line_1_112' title="bbox 2319 5287 3748 5373; baseline -0.012 -22"><span class='ocrx_word' id='word_1_752' title='bbox 2319 5295 2597 5373; x_wconf 83' lang='grc' dir='ltr'>φεύγοντες</span> <span class='ocrx_word' id='word_1_753' title='bbox 2653 5289 2852 5351; x_wconf 73' lang='grc' dir='ltr'>ἄλλαις</span> <span class='ocrx_word' id='word_1_754' title='bbox 2935 5287 3293 5364; x_wconf 77' lang='grc' dir='ltr'>προσέπλεον,</span> <span class='ocrx_word' id='word_1_755' title='bbox 3353 5287 3430 5350; x_wconf 86' lang='grc' dir='ltr'>ὡς</span> <span class='ocrx_word' id='word_1_756' title='bbox 3487 5289 3748 5364; x_wconf 67' lang='grc' dir='ltr'>πρᾶγμα.</span> 
     </span>
    </p>
   </div>
   <div class='ocr_carea' id='block_1_113' title="bbox 321 5376 3750 5462">
    <p class='ocr_par' dir='ltr' id='par_1_113' title="bbox 321 5376 3750 5462">
     <span class='ocr_line' id='line_1_113' title="bbox 321 5376 3750 5462; baseline -0.002 -18"><span class='ocrx_word' id='word_1_757' title='bbox 321 5408 386 5452; x_wconf 73' lang='grc' dir='ltr'>τα</span> <span class='ocrx_word' id='word_1_758' title='bbox 428 5384 582 5462; x_wconf 79' lang='grc' dir='ltr'>ἔχειν</span> <span class='ocrx_word' id='word_1_759' title='bbox 639 5384 923 5446; x_wconf 84' lang='grc' dir='ltr'>κάκείνους</span> <span class='ocrx_word' id='word_1_760' title='bbox 980 5382 1075 5445; x_wconf 76' lang='grc' dir='ltr'>τὰς</span> <span class='ocrx_word' id='word_1_761' title='bbox 1133 5384 1336 5454; x_wconf 85' lang='grc' dir='ltr'>νήσους</span> <span class='ocrx_word' id='word_1_762' title='bbox 1391 5376 1736 5456; x_wconf 76' lang='grc' dir='ltr'>ἀμείϐοντας,</span> <span class='ocrx_word' id='word_1_763' title='bbox 1794 5387 1882 5441; x_wconf 82' lang='grc' dir='ltr'>καὶ</span> <span class='ocrx_word' id='word_1_764' title='bbox 1938 5388 2248 5462; x_wconf 79' lang='grc' dir='ltr'>Ῥωμαίους</span> <span class='ocrx_word' id='word_1_765' title='bbox 2303 5387 2362 5440; x_wconf 69' lang='grc' dir='ltr'>ἓν</span> <span class='ocrx_word' id='word_1_766' title='bbox 2416 5382 2578 5454; x_wconf 74' lang='grc' dir='ltr'>δεινῷ</span> <span class='ocrx_word' id='word_1_767' title='bbox 2633 5380 2879 5444; x_wconf 80' lang='grc' dir='ltr'>τίθεσθαι</span> <span class='ocrx_word' id='word_1_768' title='bbox 2948 5377 3033 5433; x_wconf 79' lang='grc' dir='ltr'>ὅτι</span> <span class='ocrx_word' id='word_1_769' title='bbox 3093 5379 3169 5450; x_wconf 79' lang='grc' dir='ltr'>μή</span> <span class='ocrx_word' id='word_1_770' title='bbox 3231 5376 3457 5452; x_wconf 82' lang='grc' dir='ltr'>εὖρόησέ</span> <span class='ocrx_word' id='word_1_771' title='bbox 3510 5399 3688 5456; x_wconf 62' lang='grc' dir='ltr'>σφισιν</span> <span class='ocrx_word' id='word_1_772' title='bbox 3722 5380 3750 5436; x_wconf 80' lang='grc' dir='ltr'>ὁ</span> 
     </span>
    </p>
   </div>
   <div class='ocr_carea' id='block_1_114' title="bbox 321 5466 3748 5553">
    <p class='ocr_par' dir='ltr' id='par_1_114' title="bbox 321 5466 3748 5553">
     <span class='ocr_line' id='line_1_114' title="bbox 321 5466 3748 5553; baseline -0.002 -21"><span class='ocrx_word' id='word_1_773' title='bbox 321 5474 559 5550; x_wconf 80' lang='grc' dir='ltr'>πλοῦ,ἧ¹</span> <span class='ocrx_word' id='word_1_774' title='bbox 605 5480 733 5551; x_wconf 84' lang='grc' dir='ltr'>γοῦν</span> <span class='ocrx_word' id='word_1_775' title='bbox 790 5473 1127 5549; x_wconf 87' lang='grc' dir='ltr'>ἀντίπρωροι</span> <span class='ocrx_word' id='word_1_776' title='bbox 1185 5475 1300 5536; x_wconf 88' lang='grc' dir='ltr'>τοῖς</span> <span class='ocrx_word' id='word_1_777' title='bbox 1358 5471 1663 5535; x_wconf 84' lang='grc' dir='ltr'>Βενετίκοις</span> <span class='ocrx_word' id='word_1_778' title='bbox 1721 5475 1990 5553; x_wconf 75' lang='grc' dir='ltr'>ἒγένοντο.</span> <span class='ocrx_word' id='word_1_779' title='bbox 2050 5480 2140 5540; x_wconf 79' lang='grc' dir='ltr'>Ὠς</span> <span class='ocrx_word' id='word_1_780' title='bbox 2183 5475 2238 5532; x_wconf 76' lang='grc' dir='ltr'>δὲ</span> <span class='ocrx_word' id='word_1_781' title='bbox 2299 5474 2467 5551; x_wconf 83' lang='grc' dir='ltr'>μέχρι</span> <span class='ocrx_word' id='word_1_782' title='bbox 2527 5471 2616 5527; x_wconf 79' lang='grc' dir='ltr'>καὶ</span> <span class='ocrx_word' id='word_1_783' title='bbox 2677 5470 2840 5526; x_wconf 82' lang='grc' dir='ltr'>αὐτοῦ</span> <span class='ocrx_word' id='word_1_784' title='bbox 2901 5466 3123 5526; x_wconf 84' lang='grc' dir='ltr'>Μαλέου</span> <span class='ocrx_word' id='word_1_785' title='bbox 3179 5469 3470 5548; x_wconf 75' lang='grc' dir='ltr'>πεφθακὼς</span> <span class='ocrx_word' id='word_1_786' title='bbox 3527 5466 3748 5546; x_wconf 82' lang='grc' dir='ltr'>Ἀνδρό-</span> 
     </span>
    </p>
   </div>
   <div class='ocr_carea' id='block_1_115' title="bbox 322 5556 3750 5648">
    <p class='ocr_par' dir='ltr' id='par_1_115' title="bbox 322 5556 3750 5648">
     <span class='ocr_line' id='line_1_115' title="bbox 322 5556 3750 5648; baseline -0.004 -20"><span class='ocrx_word' id='word_1_787' title='bbox 322 5587 474 5628; x_wconf 80' lang='grc' dir='ltr'>νικος</span> <span class='ocrx_word' id='word_1_788' title='bbox 529 5566 600 5635; x_wconf 73' lang='grc' dir='ltr'>ἦν</span> <span class='ocrx_word' id='word_1_789' title='bbox 652 5561 870 5620; x_wconf 78' lang='grc' dir='ltr'>διώκων</span> <span class='ocrx_word' id='word_1_790' title='bbox 924 5561 1182 5638; x_wconf 72' lang='grc' dir='ltr'>ἄντικρυς</span> <span class='ocrx_word' id='word_1_791' title='bbox 1236 5562 1303 5618; x_wconf 82' lang='grc' dir='ltr'>τὰ</span> <span class='ocrx_word' id='word_1_792' title='bbox 1359 5560 1602 5637; x_wconf 75' lang='grc' dir='ltr'>ἀκίχητα</span> <span class='ocrx_word' id='word_1_793' title='bbox 1658 5562 1694 5634; x_wconf 75' lang='grc' dir='ltr'><strong>ἤ</strong></span> <span class='ocrx_word' id='word_1_794' title='bbox 1751 5572 1853 5635; x_wconf 78' lang='grc' dir='ltr'>τῆς</span> <span class='ocrx_word' id='word_1_795' title='bbox 1907 5567 2140 5648; x_wconf 85' lang='grc' dir='ltr'>Ἀργοῦς</span> <span class='ocrx_word' id='word_1_796' title='bbox 2199 5564 2376 5622; x_wconf 77' lang='grc' dir='ltr'>ὀπίσω</span> <span class='ocrx_word' id='word_1_797' title='bbox 2434 5558 2874 5636; x_wconf 82' lang='grc' dir='ltr'>ποντοπορεύων,</span> <span class='ocrx_word' id='word_1_798' title='bbox 2935 5556 3183 5632; x_wconf 75' lang='grc' dir='ltr'>πρύμναν</span> <span class='ocrx_word' id='word_1_799' title='bbox 3241 5557 3616 5634; x_wconf 73' lang='grc' dir='ltr'>κρουσάμενος</span> <span class='ocrx_word' id='word_1_800' title='bbox 3670 5564 3750 5634; x_wconf 79' lang='grc' dir='ltr'>τῷ</span> 
     </span>
    </p>
   </div>
   <div class='ocr_carea' id='block_1_116' title="bbox 325 5647 3752 5731">
    <p class='ocr_par' dir='ltr' id='par_1_116' title="bbox 325 5647 3752 5731">
     <span class='ocr_line' id='line_1_116' title="bbox 325 5647 3752 5731; baseline -0.003 -18"><span class='ocrx_word' id='word_1_801' title='bbox 325 5655 517 5730; x_wconf 81' lang='grc' dir='ltr'>λιμένι</span> <span class='ocrx_word' id='word_1_802' title='bbox 549 5653 825 5731; x_wconf 86' lang='grc' dir='ltr'>προσέσχε</span> <span class='ocrx_word' id='word_1_803' title='bbox 850 5659 950 5722; x_wconf 77' lang='grc' dir='ltr'>τῆς</span> <span class='ocrx_word' id='word_1_804' title='bbox 981 5651 1221 5714; x_wconf 81' lang='grc' dir='ltr'>πόλεως.</span> <span class='ocrx_word' id='word_1_805' title='bbox 1257 5651 1319 5708; x_wconf 80' lang='grc' dir='ltr'>Οί</span> <span class='ocrx_word' id='word_1_806' title='bbox 1373 5649 1430 5707; x_wconf 73' lang='grc' dir='ltr'>δέ</span> <span class='ocrx_word' id='word_1_807' title='bbox 1480 5651 1752 5710; x_wconf 87' lang='grc' dir='ltr'>Βενέτικοι</span> <span class='ocrx_word' id='word_1_808' title='bbox 1798 5656 1861 5712; x_wconf 86' lang='grc' dir='ltr'>τὸ</span> <span class='ocrx_word' id='word_1_809' title='bbox 1915 5647 2316 5730; x_wconf 17' lang='grc' dir='ltr'>διάνποΛέμων</span> <span class='ocrx_word' id='word_1_810' title='bbox 2371 5655 2582 5715; x_wconf 76' lang='grc' dir='ltr'>ἑαυτοῖς</span> <span class='ocrx_word' id='word_1_811' title='bbox 2637 5648 2924 5725; x_wconf 70' lang='grc' dir='ltr'>ἐπαμύνειν</span> <span class='ocrx_word' id='word_1_812' title='bbox 2986 5648 3182 5706; x_wconf 80' lang='grc' dir='ltr'>οὖκουν</span> <span class='ocrx_word' id='word_1_813' title='bbox 3239 5647 3314 5712; x_wconf 86' lang='grc' dir='ltr'>είς</span> <span class='ocrx_word' id='word_1_814' title='bbox 3366 5647 3562 5723; x_wconf 81' lang='grc' dir='ltr'>ἀγαθὸν</span> <span class='ocrx_word' id='word_1_815' title='bbox 3612 5667 3752 5722; x_wconf 85' lang='grc' dir='ltr'>προ-</span> 
     </span>
    </p>
   </div>
   <div class='ocr_carea' id='block_1_117' title="bbox 323 5737 3746 5822">
    <p class='ocr_par' dir='ltr' id='par_1_117' title="bbox 323 5737 3746 5822">
     <span class='ocr_line' id='line_1_117' title="bbox 323 5737 3746 5822; baseline -0.002 -20"><span class='ocrx_word' id='word_1_816' title='bbox 323 5741 507 5802; x_wconf 74' lang='grc' dir='ltr'>ϐαῖνον</span> <span class='ocrx_word' id='word_1_817' title='bbox 537 5747 767 5820; x_wconf 80' lang='grc' dir='ltr'>ὁρῶντες</span> <span class='ocrx_word' id='word_1_818' title='bbox 805 5744 940 5816; x_wconf 77' lang='grc' dir='ltr'>μετὰ</span> <span class='ocrx_word' id='word_1_819' title='bbox 963 5746 1061 5799; x_wconf 79' lang='grc' dir='ltr'>τοῦ</span> <span class='ocrx_word' id='word_1_820' title='bbox 1113 5741 1283 5817; x_wconf 82' lang='grc' dir='ltr'>ῥηγὸς</span> <span class='ocrx_word' id='word_1_821' title='bbox 1331 5741 1645 5800; x_wconf 72' lang='grc' dir='ltr'>ἐσπείσαντο</span> <span class='ocrx_word' id='word_1_822' title='bbox 1708 5743 1989 5819; x_wconf 85' lang='grc' dir='ltr'>Σικελίας,</span> <span class='ocrx_word' id='word_1_823' title='bbox 2045 5748 2120 5802; x_wconf 76' lang='grc' dir='ltr'>’ἐν’</span> <span class='ocrx_word' id='word_1_824' title='bbox 2177 5745 2416 5812; x_wconf 70' lang='grc' dir='ltr'>ἐντεῦθεν</span> <span class='ocrx_word' id='word_1_825' title='bbox 2476 5743 2807 5822; x_wconf 78' lang='grc' dir='ltr'>εὐθυωροῖτο</span> <span class='ocrx_word' id='word_1_826' title='bbox 2862 5740 3082 5804; x_wconf 87' lang='grc' dir='ltr'>τούτοις</span> <span class='ocrx_word' id='word_1_827' title='bbox 3129 5741 3198 5799; x_wconf 80' lang='grc' dir='ltr'>τὰ</span> <span class='ocrx_word' id='word_1_828' title='bbox 3243 5745 3344 5812; x_wconf 81' lang='grc' dir='ltr'>τῆς</span> <span class='ocrx_word' id='word_1_829' title='bbox 3392 5737 3606 5815; x_wconf 80' lang='grc' dir='ltr'>ἀμύνης</span> <span class='ocrx_word' id='word_1_830' title='bbox 3655 5737 3746 5794; x_wconf 82' lang='grc' dir='ltr'>καὶ</span> 
     </span>
    </p>
   </div>
  </div>
