4118 6200
503 355 622 415 523
1809 341 2112 406 ΝΙΟΕΤΕ
2155 340 2587 405 ΟΗΟΝΙΛΤΑΞ
3746 348 3847 410 δὲι

506 483 814 542 ineffabilia
863 481 1164 554 Sapientia
1194 480 1496 551 ingressus
1545 478 1800 536 numinis
1839 493 2006 550 opem
2041 476 2132 532 im'

2229 538 2235 547 _
2264 479 2379 535 τοῖς
2411 472 2730 544 ἂναρπάσων
2782 471 2992 547 τείχεσι
3050 471 3113 527 τὸ
3145 469 3387 540 Ἰκόνιον,
3421 473 3504 526 καὶ
3544 472 3628 528 τὸν
3656 473 3855 532 σουλτάο

509 578 699 648 plorat
732 583 826 643 ;et
867 570 1166 627 victoriam
1231 577 1357 625 orat
1413 568 1508 624 ille
1566 569 1822 641 quidem,
1891 567 1986 622 sed
2042 582 2135 621 nor

2264 586 2357 619 νον
2390 562 2706 639 ληψόμενος
2769 565 3114 640 ὑποχείριον,
3162 562 3254 617 καὶ
3301 562 3434 618 κατᾶ
3483 567 3577 618 τοῦ
3601 566 3850 641 τραχήλου

509 663 803 734 impetrat,
858 664 922 714 ut
970 657 1106 714 belli
1147 663 1388 714 eventus
1429 658 1642 723 docuit,
1702 657 1894 713 Persis
1937 653 2135 726 judicit

2263 657 2456 708 τοῦτον
2488 655 2743 722 πατήσων
2770 650 2822 707 ἓν
2881 656 2959 722 τῷ
3013 653 3289 706 ὑποθεῖναι
3319 648 3471 720 δίκην
3510 649 3737 725 θρανίδος
3761 661 3857 717 ταῖς

510 755 609 805 Dei
640 748 805 806 nobis
837 746 1228 816 irieXplicabili
1269 761 1626 802 concessam.
1659 745 1811 801 Urbe
1861 744 2136 815 digressu:

2269 743 2486 818 βάσεσιν
2545 739 2756 797 ἑαυτοῦ.
2817 738 3040 814 Ἀμέλει
3097 761 3185 796 τοι
3259 740 3326 794 τὰ
3380 740 3512 812 πρὸς
3567 741 3660 809 τὴν
3705 736 3855 810 ἔξοδον

507 856 612 911 per
642 838 943 907 Phrygiam
977 843 1034 892 et
1066 837 1400 892 Laodiceam
1431 834 1838 901 Chonas,olim
1871 834 2133 888 Palassas

2266 833 2691 905 ἑτοιμασάμενος
2756 829 2942 886 εἷ’σεισι
2997 831 3089 885 τὸν
3143 829 3308 904 μέγαν
3365 829 3495 884 νεὼν
3547 829 3601 890 ὃς
3643 829 3736 885 ἀπὸ
3779 839 3857 900 τῆς

507 929 710 983 urbem
735 943 1005 999 magnam
1037 935 1089 982 et
1109 924 1607 996 beatam,patriam
1640 921 2117 994 meam,perrenit

2267 922 2413 986 θείας
2448 921 2539 976 καὶ
2571 919 2813 997 ἀρρήτου
2843 919 3048 995 Σοφίας
3106 919 3439 991 ὠνόμασται,
3496 917 3583 972 καὶ
3633 919 3690 973 τὸ
3735 925 3858 974 Θεῖον

508 1023 565 1074 et
592 1018 772 1072 aedem
805 1014 1148 1087 Arohangeli
1183 1013 1614 1085 magnitudine,
1638 1010 2076 1085 pulchritudine
2103 1024 2134 1063 e

2265 1008 2605 1064 ἐπικαλεῖται
2663 1009 2956 1083 συνέριθον,
3013 1007 3104 1062 καὶ
3157 1008 3258 1075 τὴν
3319 1007 3478 1077 νίκην
3534 1004 3738 1061 αἰτεῖται
3789 1009 3862 1080 μὶν

509 1105 762 1162 mirabili
793 1105 1034 1161 artificio
1060 1105 1345 1174 insignem
1367 1099 1934 1173 ingressus,Lampin
1965 1099 2135 1153 disce

2265 1097 2488 1170 ἐκεῖθεν,
2553 1097 2614 1153 ού
2669 1095 2886 1172 δέχεται
2945 1094 3024 1165 δὲ,
3085 1096 3162 1158 ὡς
3215 1096 3278 1151 τὸ
3333 1100 3430 1150 τοῦ
3468 1093 3702 1168 πολέμου
3727 1097 3860 1169 πέρας

510 1196 596 1251 dit
646 1201 704 1250 et
734 1194 984 1250 Celaenas
1015 1192 1360 1265 ingreditur,
1394 1191 1492 1247 ubi
1541 1189 1778 1247 Μερηάτὶ
1812 1189 1996 1244 fontes
2027 1201 2135 1242 sun

2268 1189 2527 1267 ὑπέφηνε,
2589 1189 2962 1261 μετατεθεῖσαν
3044 1184 3180 1260 πρὸς
3245 1185 3307 1240 τὸ
3386 1182 3668 1239 ἀντίπαλον
3713 1182 3864 1264 Impi-

509 1292 570 1341 in
640 1301 813 1356 quem
883 1285 1132 1356 Marsyas
1200 1281 1412 1337 ﬂuvius
1463 1281 1778 1351 ﬂuit;quo
1843 1280 1987 1335 281
2053 1277 2135 1332 hot

2264 1297 2415 1339 κτοις
2446 1279 2580 1350 ἡμῖν
2615 1282 2812 1341 θεϊκοῖς
2854 1275 3133 1350 κρίμασιν.
3193 1274 3434 1349 Ἀπάρας
3492 1273 3583 1327 οὖν
3618 1280 3707 1342 τῆς
3735 1274 3859 1345 βασι-

511 1375 791 1446 Marsyam
851 1372 1058 1444 Apollo
1088 1371 1413 1428 excoriasse
1459 1371 1661 1436 fertur,
1695 1370 1881 1424 furore
1911 1366 2137 1438 quodan

2267 1363 2423 1427 λίδος
2447 1371 2554 1422 τῶν
2586 1365 2821 1435 πόλεων,
2856 1365 3098 1441 Φρυγίαν
3136 1385 3194 1420 τε
3258 1363 3348 1418 καὶ
3407 1358 3709 1420 Λαοδίκειαν
3737 1359 3859 1417 διελ-

511 1466 583 1520 de
613 1462 851 1518 canendi
885 1462 1085 1532 peritia
1111 1476 1308 1516 secum
1343 1467 1556 1516 certare
1579 1473 1809 1515 ausum.
1843 1458 1981 1513 Inde
2008 1457 2130 1513 Che

2267 1455 2374 1510 θὼν
2405 1456 2706 1535 ἀφικνεῖται
2739 1454 2792 1517 ἦς
2824 1455 3044 1522 Χώνας,
3099 1451 3264 1509 πόλιν
3321 1448 3612 1525 εὐδαίμονα
3661 1451 3740 1506 καὶ
3785 1457 3862 1524 μὲ-

512 1569 604 1608 ma
652 1557 708 1608 et
761 1550 1251 1622 Myriocephalum
1307 1551 1538 1605 transit.
1569 1546 1880 1605 Castellum
1913 1549 2078 1600 vetus
2106 1560 2136 1599 e

2267 1543 2473 1620 γάλην,
2554 1543 2728 1599 πάλαι
2784 1543 2881 1605 τὰς
2965 1541 3250 1604 Κολασσὰς
3309 1542 3411 1614 (1),
3466 1540 3566 1608 τήν
3621 1538 3740 1612 ἐμοῦ
3787 1543 3862 1594 τοῦ

512 1641 806 1695 desertum
837 1640 894 1694 id
927 1637 1234 1703 est,cuivel
1269 1653 1478 1693 nomen
1501 1653 1570 1692 ex
1599 1653 1661 1692 re
1689 1641 1780 1692 est
1799 1635 2138 1701 inditum,ve

2271 1631 2621 1711 συγγραφέως
2681 1631 2936 1708 πατρίδα.
2996 1632 3099 1688 Καὶ
3158 1631 3252 1686 τὸν
3343 1627 3721 1706 ἀρχαγγελικὸν
3766 1628 3865 1682 ναὸν

513 1746 603 1785 res
629 1743 836 1784 nomen
869 1729 1178 1784 subsecuta
1200 1738 1463 1796 esl;nam
1494 1727 1570 1783 ibi
1596 1743 1748 1797 saepe
1777 1725 1957 1781 multa
1981 1723 2139 1779 milli:

2272 1724 2472 1788 εἰσιὼν,
2526 1723 2737 1801 μεγέθει
2773 1723 3022 1798 μέγιστον
3080 1722 3171 1776 καὶ
3200 1717 3400 1776 κάλλει
3439 1717 3715 1774 κάλλιστον
3765 1718 3865 1773 ὂντα

516 1819 906 1874 Romanorum
957 1817 1214 1888 capitum
1267 1816 1577 1886 perierunt,
1629 1823 1691 1870 ut
1719 1814 1979 1870 dicturus
2008 1829 2136 1869 sum

2237 1812 2361 1902 ἰκαὶ
2419 1812 2718 1886 θαυμασίας
2775 1813 2964 1887 χειρὸς
3021 1811 3229 1866 ἅπαντα
3313 1807 3496 1885 ἔργον,
3554 1807 3730 1863 ἐκεῖθεν
3775 1806 3863 1879 ἐξε-

515 1911 750 1976 Semper
793 1918 983 1962 autem
1015 1911 1179 1961 caute
1224 1904 1624 1976 instructaque
1669 1905 1792 1960 acie
1822 1902 2141 1976 procedeba'

2238 1890 2437 1965 rlicac
2469 1900 2548 1964 εἷς
2588 1902 2806 1975 Λάμπιν
2860 1899 3012 1956 ’ίκετο
3067 1901 3160 1954 ναὶ
3219 1897 3386 1972 μόλιν
3447 1895 3716 1964 Κελαινὰς,
3767 1890 3864 1958 ἔνθα

517 2003 576 2052 et
631 1995 841 2051 vallum
899 1993 1344 2058 communiebat,
1405 2011 1590 2066 neque
1623 2009 1868 2065 usquam
1919 1993 2143 2049 fortuna

2271 1997 2369 2047 τοῦ
2398 1989 2715 2065 Μαιάνδρου
2745 1991 2879 2046 εἰσὶν
2906 1991 2962 2046 αἱ
2992 1987 3230 2050 ἐκδόσεις
3278 1987 3374 2043 καὶ
3432 1989 3460 2042 ὁ
3515 1987 3743 2061 Μαρσύας
3800 1984 3865 2062 ῥεῖ

516 2084 826 2141 temeritati
857 2099 917 2139 se
946 2084 1362 2138 committebat.
1405 2083 1622 2139 Tamen
1654 2088 1719 2138 ut
1747 2083 1973 2138 tardius
2010 2083 2139 2138 ince

2273 2082 2523 2154 ποταμὸς
2555 2077 2850 2154 ἐμϐάλλων
2883 2081 2962 2143 εἰς
3008 2078 3345 2154 Μαίανδρον,
3393 2079 3483 2133 καὶ
3537 2078 3564 2132 ὁ
3621 2075 3863 2134 Ἀπόλλων

523 2176 706 2238 deret,
757 2174 1024 2243 jumenta
1087 2171 1434 2239 efﬁciebant,
1507 2189 1540 2227 a
1615 2171 1827 2243 quibus
1885 2170 2149 2226 machina

2275 2167 2509 2245 ἐκδεῖραι
2553 2169 2810 2244 Μαρσύαν
2841 2167 2952 2224 ἐκεῖ
3004 2189 3110 2224 που
3171 2165 3398 2245 λέγεται
3455 2167 3674 2239 καθάπερ
3714 2165 3869 2238 μύωπι

524 2261 918 2330 trahebantur,
950 2269 1003 2315 et
1053 2277 1173 2331 quas
1205 2277 1301 2316 eas
1329 2261 1567 2316 curabat
1622 2259 1940 2316 imbellium
1987 2257 2150 2315 homi

2277 2257 2628 2332 οἶστρηθέντα
2662 2258 2821 2334 βιαίῳ
2859 2259 2950 2314 καὶ
3005 2258 3126 2334 περὶ
3179 2263 3279 2328 τῆς
3345 2253 3535 2324 ἀοιδῆς
3581 2252 3746 2328 ἐρίζειν
3789 2252 3873 2326 ἆρ-

523 2366 665 2406 num
699 2349 1024 2406 multitudo.
1059 2349 1334 2405 Caeterum
1369 2347 1552 2403 Persis
1585 2347 1835 2404 subinde
1864 2363 1925 2403 se
1974 2352 2149 2403 osten'

2277 2348 2503 2420 ξάμενον
2562 2350 2699 2422 πρὸς
2755 2346 3103 2408 Ἀπόλλωνα.
3161 2347 3428 2403 Κάκεῖθεν
3499 2343 3570 2406 εἷς
3615 2344 3669 2398 τὸ
3721 2341 3872 2415 Χώμα

522 2440 725 2496 dentes
779 2437 1000 2494 levibus
1056 2436 1266 2509 praeliis
1303 2437 1591 2493 Romanos
1649 2435 2006 2493 lacessebant
2049 2453 2064 2503 ;
2115 2450 2146 2490 e

2278 2435 2450 2501 ἐλθὼν
2514 2436 2596 2510 τῷ
2653 2436 3055 2516 Μυριοκεφάλῳ
3148 2435 3455 2516 ἐφίσταται.
3533 2432 3771 2508 Φρούριον
3828 2426 3873 2484 Si

519 2545 779 2602 gramen,
837 2543 948 2600 qua
993 2527 1244 2582 eundem
1291 2525 1373 2583 eis
1439 2531 1586 2597 erat,
1653 2526 2042 2595 demetebant,
2111 2541 2145 2580 u

2276 2529 2438 2581 τοῦτο
2485 2525 2719 2581 παλαιὸν
2775 2526 2864 2581 καὶ
2913 2526 3195 2596 ἀοίκητον,
3258 2522 3591 2601 προκληθὶν,
3644 2521 3796 2592 οἶμαι,
3849 2518 3870 2573 ὃ

520 2619 798 2688 pabulum
841 2615 1122 2687 jumentis
1167 2616 1436 2682 deesset;
1485 2620 1544 2670 et
1591 2630 1767 2687 aquas
1816 2615 2146 2670 inﬁciebant

2280 2612 2511 2690 ἐγένετο,
2569 2614 2605 2684 ἢ
2665 2616 2887 2691 γεγονὸς
2946 2615 2977 2670 ὅ
3032 2613 3388 2692 προεκλήθη·
3447 2612 3566 2685 περὶ
3617 2610 3710 2687 γὰρ
3765 2606 3869 2662 αὐτὸ

517 2707 679 2763 Unde
728 2706 969 2761 Romani
1020 2705 1222 2761 morbo
1253 2703 1490 2760 cmliaco
1538 2719 1889 2775 magnopere
1947 2704 2143 2776 at’llige

2278 2703 2552 2765 πολλάκις
2613 2707 2833 2780 μυρίαις
2890 2703 3152 2779 κεφαλαῖς
3205 2703 3504 2777 Ῥωμαίων
3565 2695 3748 2769 ἰῦλήθη
3796 2697 3870 2750 θά-

514 2796 720 2852 bantur
751 2803 801 2852 et
835 2793 1313 2850 absumebantur.

2280 2813 2456 2860 νποςν
2489 2792 2563 2854 ὠς
2621 2792 2790 2865 λέξων
2849 2788 3110 2870 ἔρχομαι.
3169 2792 3277 2850 Ἀεὶ
3353 2790 3411 2848 δὲ
3465 2790 3552 2846 σὺν
3583 2790 3752 2860 κόσμῳ
3799 2786 3869 2839 καὶ

510 2884 654 2954 τάξει
711 2883 839 2944 τοὺς
897 2879 1170 2954 σταθμοὺς
1230 2882 1258 2935 ὁ
1316 2879 1575 2954 βασιλεὺς
1632 2879 1858 2950 ἐτίθετο,
1933 2879 2154 2955 βάλλων
2222 2881 2472 2957 χάρακας
2533 2882 2624 2937 καὶ
2687 2883 2787 2945 τᾶς
2866 2882 3124 2957 ἀπάρσεις
3190 2883 3284 2936 σὺν
3382 2880 3528 2956 λόγῳ
3582 2875 3863 2949 ποιούμενος

511 2974 598 3028 καὶ
664 2968 917 3045 μεθόδοις
980 2975 1364 3045 στρατηγικαῖς
1421 2971 1729 3048 χρώμενος,
1789 2968 1838 3024 εἴ
1889 2969 1980 3024 καὶ
2038 2972 2139 3040 τὴν
2193 2972 2416 3044 πορείαν
2476 2971 2593 3047 εἶχε
2647 2971 2913 3046 σχολαίαν
2947 2969 3036 3026 διὰ
3065 2971 3132 3028 τὰ
3195 2971 3291 3034 τὰς
3361 2969 3608 3048 μηχανὰς
3653 2964 3868 3043 ἀνέχοντα

515 3061 779 3136 ὑποζύγια
837 3059 928 3113 καὶ
956 3058 1083 3120 τοὺς
1122 3059 1210 3113 ἐπὶ
1258 3058 1477 3121 τούτοις
1509 3059 1891 3136 τεταγμένους,
1922 3057 2172 3122 πολλοὺς
2229 3058 2383 3121 ὄντας
2439 3061 2528 3116 καὶ
2582 3060 2909 3136 ἀπομάχους
2974 3062 3192 3123 πάντας.
3232 3058 3426 3118 Ἀλλὰ
3475 3058 3563 3113 καὶ
3616 3057 3660 3112 οἱ
3707 3057 3865 3128 [ιὶρσαι

511 3150 978 3227 παραιραινόμενοι
1065 3144 1136 3200 δι’
1193 3141 1614 3220 ἀκροϐολισμῶν
1672 3146 1965 3216 ἐπέκειντο,
2015 3153 2104 3202 καί
2151 3149 2578 3222 προϊππεύοντες
2639 3151 2740 3220 τήν
2781 3150 2920 3213 πόας
2985 3144 3192 3226 ἔκειρον
3258 3149 3368 3218 τήν
3429 3144 3650 3212 ἐνόδιον,
3701 3144 3764 3204 ὡς
3808 3142 3868 3213 μὴ

515 3240 620 3292 εἶεν
667 3242 786 3297 τοῖς
859 3235 1148 3308 Ῥωμαίων
1198 3233 1392 3296 ’ίπποις
1443 3234 1624 3313 χιλοὶ,
1680 3235 1771 3290 καὶ
1831 3237 1897 3291 τὰ
1955 3233 2121 3291 ὕδατα
2175 3237 2463 3315 ἡχρείουν,
2521 3239 2596 3299 ὡς
2683 3240 2761 3313 μὴ
2819 3244 3058 3313 καθαροῦ
3116 3243 3294 3310 σπῷεν
3370 3239 3628 3310 Ῥωμαῖοι
3685 3229 3862 3291 ὕδατος.

514 3327 688 3382 Αὐτοὶ
723 3323 902 3399 μέντοι
933 3328 1202 3397 Ῥωμαῖοι
1233 3320 1502 3394 κοιλιακῷ
1541 3323 1922 3399 συνισχόμενοι
1954 3327 2226 3399 νοσήματι
2257 3332 2436 3390 κακῶς
2464 3325 2723 3404 ἔπασχον,
2790 3329 2881 3385 καὶ
2931 3330 3000 3398 ἧν
3048 3327 3316 3400 νοσηλεία
3349 3328 3485 3386 αὕτη
3515 3319 3864 3394 ἰπιϐοσκομὲνη

517 3414 662 3488 μάλα
689 3416 754 3468 τὸ
785 3413 1118 3485 στράτευμα.

588 3507 656 3562 ll.
690 3506 824 3562 Post
850 3506 969 3562 haec
1001 3504 1152 3561 bello
1184 3506 1451 3561 sultanus
1492 3505 1738 3561 intendit
1763 3507 2064 3570 animum;
2099 3511 2157 3564 et
2195 3510 2214 3577 (

2235 3513 2238 3576 ‘.
2341 3509 2416 3565 B'.
2452 3509 2573 3567 Ἐπὶ
2606 3506 2662 3565 δὲ
2688 3509 2905 3575 τούτοις
2932 3508 3170 3584 ἐμέλησε
3204 3511 3300 3582 μὲν
3361 3514 3440 3582 τῷ
3492 3503 3746 3575 σουλτάνῳ
3793 3498 3861 3554 καὶ

510 3597 738 3669 magnis
773 3597 1000 3652 auxiliis
1028 3613 1092 3652 ex
1127 3595 1532 3664 Mesopotamia
1570 3601 1628 3652 et
1665 3597 1736 3652 ab
1757 3597 1885 3653 aliis
1909 3603 2136 3670 popula

2257 3603 2354 3655 τοῦ
2411 3598 2687 3673 πολέμου,
2743 3601 2833 3656 καὶ
2890 3601 3238 3676 ξυμμαχικὸν
3295 3598 3673 3674 συνεπορίσατο
3715 3590 3860 3647 ἱκανὸν

505 3687 667 3744 ribus
713 3685 838 3742 suis
875 3685 1220 3756 comparatis
1278 3700 1376 3755 per
1424 3683 1646 3755 legatos
1681 3686 1752 3740 ab
1806 3685 2131 3758 imperatori

2260 3689 2365 3745 ἀπό
2422 3709 2480 3744 τε
2529 3697 2631 3760 τῆς
2693 3690 2864 3762 μέσης
2923 3695 3030 3745 τῶν
3115 3695 3388 3762 ποταμῶν
3475 3689 3561 3744 καὶ
3623 3689 3719 3742 τῶν
3772 3680 3858 3736 ἄνω

504 3793 697 3846 pacem
722 3776 903 3848 petiit,
933 3774 1002 3828 iis
1033 3771 1463 3828 conditionibus
1501 3774 1655 3830 232
1687 3789 1828 3845 quas
1860 3775 1982 3845 ipse
2011 3792 2130 3846 prie

2260 3775 2560 3855 συμςαύλων
2646 3775 2955 3854 βαρϐάρων·
3045 3773 3604 3854 διαπρεσϐευσάμενος
3679 3770 3728 3827 δὶ
3786 3766 3859 3822 καὶ

501 3865 794 3922 scriberet.
828 3866 1013 3930 Quare
1043 3878 1247 3917 omnes
1281 3861 1340 3917 in
1373 3861 1538 3918 bellis
1565 3863 1878 3933 praesertim
1915 3864 2127 3920 Persici:

2259 3867 2333 3930 εἰς
2367 3865 2595 3943 βασιλέα
2623 3870 2718 3932 τάς
2751 3869 2885 3944 πρὸς
2944 3868 3166 3944 εἰρήνην
3222 3870 3500 3940 συνθήκας
3555 3864 3740 3940 ᾐτεῖτο.
3787 3857 3861 3912 καὶ

499 3955 790 4010 exercitati
847 3960 902 4009 et
941 3960 1106 4008 aetate
1155 3952 1536 4024 provectiores
1592 3952 1840 4008 Mauueli
1890 3962 2125 4009 auctore:

2254 3964 2364 4016 τῶν
2393 3959 2577 4034 ἐκείνῳ
2621 3959 2961 4038 βουλητὲων,
3021 3963 3186 4017 ὁποῖα
3242 3961 3300 4016 ἄν
3367 3962 3461 4016 καὶ
3517 3961 3656 4026 ὦσιν,
3685 3953 3859 4007 ἐπένευε

498 4051 656 4100 erant
689 4044 929 4100 Persicae
961 4042 1272 4116 legationis
1299 4040 1504 4113 cupide
1535 4043 1927 4111 admittenda,
1961 4059 2124 4115 DBQUI

2255 4051 2354 4119 τὴν
2387 4052 2710 4126 περάτωσιν.
2768 4053 3038 4113 ’Ἅπαντες
3092 4051 3276 4106 τοίνυν
3333 4051 3455 4106 ὅσοι
3502 4045 3734 4118 πολέμων
3780 4034 3863 4092 οὒκ

500 4149 664 4204 spem
717 4148 947 4188 omnem
1000 4133 1236 4187 incertae
1281 4131 1485 4189 Martis
1515 4131 1653 4187 aleae
1702 4133 2096 4188 committendi

2255 4137 2612 4211 ἀμελέτητοι,
2696 4141 2788 4196 καὶ
2875 4139 3113 4214 μάλιστα
3171 4137 3238 4211 δὴ
3299 4147 3414 4196 τῶν
3465 4139 3740 4212 Περσικῶν,
3787 4125 3860 4182 καὶ

499 4224 716 4281 bellum
749 4240 878 4280 esse
925 4223 1137 4295 injens,
1165 4221 1288 4279 loca
1327 4223 1400 4277 ab
1431 4221 1694 4279 hostibus
1724 4233 2000 4295 occupata
2031 4240 2125 4280 nor

2257 4229 2446 4303 χρόνῳ
2503 4231 2864 4305 προήκοντες,
2921 4229 3274 4306 ἑξελιπάρουν
3337 4231 3431 4286 τὸν
3499 4221 3742 4290 Μανουῆλ
3790 4220 3861 4306 ἦρ·

500 4313 669 4368 facile
709 4312 943 4368 transiri
987 4327 1181 4384 posse,
1231 4312 1449 4367 Turcas
1477 4311 1856 4368 validissimis
1887 4315 2126 4386 equitun

2257 4319 2421 4374 πάσαι
2597 4324 2695 4375 τοῦ
2736 4319 2944 4395 Πέρσου
3001 4303 3291 4397 πρεσϐείαν
3351 4319 3443 4376 καὶ
3501 4319 3576 4392 μή
3626 4318 3699 4386 τῷ
3737 4303 3861 4378 κύϐῳ

499 4401 710 4456 turmis
741 4401 974 4465 ﬂorere;
999 4401 1067 4455 ad
1095 4400 1210 4456 haec
1240 4399 1395 4456 luem
1429 4399 1488 4455 in
1519 4400 1764 4456 exercitu
1794 4408 2125 4473 grassanten

2253 4412 2352 4462 τοῦ
2382 4405 2632 4481 πολέμου
2661 4410 2758 4473 τάς
2823 4408 3048 4474 ἐλπίδας
3082 4409 3215 4473 ὅλας
3248 4410 3692 4486 άποχαρίζεσθαιν
3741 4401 3860 4480 ἀφο·

502 4487 981 4544 considerandam
1030 4504 1177 4544 esse.
1212 4491 1424 4544 Verum
1449 4488 1546 4544 ille
1577 4490 1854 4560 neglectis
1915 4507 2128 4562 prorsu:

2261 4503 2436 4572 ρῶντα
2470 4499 2566 4572 μὶν
2594 4500 2681 4554 καὶ
2732 4500 2869 4574 πρὸς
2899 4499 2961 4556 τό
3017 4504 3114 4555 τοῦ
3144 4501 3357 4576 ἀγῶνος
3394 4501 3634 4575 μέγιστον
3678 4493 3756 4548 καὶ
3807 4488 3861 4543 τὰ

502 4577 792 4632 seniorum
875 4576 1153 4642 consiliis,
1222 4579 1483 4648 cognatis
1548 4595 1683 4636 vero
1762 4580 1880 4636 suis
1947 4583 2128 4654 cupidi

2261 4589 2336 4660 μὴ
2383 4587 2590 4662 βάσιμα
2619 4585 2821 4662 ῥᾳδίως
2853 4593 2960 4644 τῶν
3001 4589 3203 4658 τόπων,
3231 4588 3264 4643 ά
3294 4589 3346 4644 οἱ
3378 4585 3656 4644 ἀντίπαλοι
3683 4577 3860 4655 προλο-

499 4663 736 4732 auditis,
765 4664 951 4736 iisque
983 4666 1344 4736 potissimum
1379 4667 1476 4738 qui
1508 4665 1814 4725 classicum
1847 4687 2125 4743 nunquan

2257 4675 2530 4750 χίσουσιν,
2564 4671 3011 4751 ὑποϐλεπόμενον
3043 4675 3100 4732 δὲ
3131 4677 3241 4753 οὐχ
3268 4679 3438 4748 ἦττον
3503 4675 3588 4731 καὶ
3637 4673 3723 4738 τήν
3770 4671 3862 4722 τῶν

497 4753 823 4818 audierant,
878 4754 1066 4809 forma
1120 4758 1177 4808 et
1214 4771 1354 4809 auro
1413 4756 1773 4830 gemmisque
1830 4761 2123 4830 conspicui

2255 4764 2514 4842 Τούρκων
2571 4767 2949 4840 ἀκμαιοτάτην
3001 4773 3172 4823 πᾶσαν
3227 4767 3318 4822 καὶ
3379 4765 3597 4823 εῧῖππον
3641 4759 3858 4831 δύναμιν,

495 4843 714 4917 legatos
778 4841 891 4898 voti
960 4842 1205 4912 impotes
1249 4841 1493 4899 dimisit.
1535 4843 1818 4901 Caeterum
1880 4848 2121 4904 sultanu:

2262 4855 2336 4927 μὴ
2385 4857 2800 4930 παρατρέχοντα
2859 4854 2918 4912 δὲ
2973 4857 3062 4912 καὶ
3117 4858 3216 4928 τήν
3300 4857 3460 4913 νόσον
3519 4854 3553 4923 ἢ
3603 4852 3757 4918 πιέζει
3807 4844 3862 4900 τὸ

492 4951 619 4991 cum
650 4935 840 4990 denuo
877 4948 1078 5007 pacem
1113 4931 1384 5005 petiisset,
1418 4937 1475 4988 et
1522 4933 1832 5004 imperator
1859 4938 2118 5008 gloriatu:

2251 4944 2579 5020 στράτευμα.
2635 4947 2691 5001 Ὀ
2749 4943 2808 5001 δὲ
2859 4952 2976 5009 τοῖς
3035 4946 3182 5020 παρά
3219 4951 3324 5002 τῶν
3386 4939 3742 5021 πρεσϐυτέρων
3791 4934 3863 4990 λε·

490 5027 645 5082 esset
676 5039 738 5080 se
793 5022 876 5079 illi
910 5021 1088 5078 [conii
1138 5037 1575 5093 responsurum,
1607 5026 1665 5078 in
1695 5025 1986 5095 angustiis
2017 5044 2116 5098 qua

2249 5031 2504 5108 γομὲνοις
2538 5031 2668 5108 μηδ’
2717 5034 2864 5098 ’ὀλως
2894 5036 3208 5112 προσσχὼν,
3266 5035 3368 5104 τὴν
3427 5032 3477 5090 δ’
3531 5032 3686 5100 ἀκοὴν
3743 5024 3861 5112 ὃλην

489 5113 715 5171 Clisura
784 5113 1016 5187 Zybrize
1072 5112 1455 5186 appellantur,
1517 5129 1616 5186 per
1665 5130 1807 5186 quas
1873 5117 2115 5174 Romani

2249 5121 2577 5185 ἀναπετάσας
2628 5129 2748 5190 τοῖς
2803 5124 2853 5196 ἐξ
2910 5126 3144 5200 αἳματος
3199 5124 3346 5200 αὐτῷ
3392 5123 3738 5199 προσήκουσι,
3783 5111 3860 5168 καῖ

486 5204 906 5276 Myriocephalo
973 5202 1254 5276 digressis
1314 5203 1738 5260 transeundum
1807 5213 1948 5273 erat,
1999 5225 2112 5266 sua:

2245 5212 2452 5268 τούτων
2514 5213 2753 5286 μάλιστα
2806 5214 2999 5273 ὁπόσοι
3085 5214 3393 5292 σάλπιγγος
3469 5210 3704 5269 ἐνυαλίου
3747 5207 3861 5292 {alii

486 5292 802 5364 phalanges
849 5292 1032 5357 abdit,
1065 5298 1130 5348 ut
1175 5292 1452 5365 impetum
1487 5294 1544 5348 in
1597 5309 1698 5349 eos
1726 5299 2107 5365 pratereunte

2245 5298 2622 5376 ἀπεριήγητοι
2663 5302 2782 5378 {uel
2839 5305 2940 5374 τήν
2999 5303 3179 5379 κόμην
3210 5287 3404 5380 ἀγλαοὶ
3437 5302 3527 5357 καῖ
3559 5295 3760 5375 ιραιδροῖ
3809 5287 3863 5344 τά

1827 5423 2020 5493 Hier.
2057 5425 2310 5495 Wolfii
2343 5436 2560 5503 nota.

562 5551 639 5640 (ᾖ)
672 5550 1184 5640 ,Té‘LFQMEéﬁ,
1218 5553 1497 5640 ευξρίροτ
1553 5554 1866 5614 Choniatas
1913 5563 2042 5631 post
2085 5563 2406 5636 appellatos
2454 5582 2578 5625 esse
2636 5567 2732 5640 qui
2794 5569 2935 5628 olim
2990 5569 3360 5630 Colossenaes
3417 5567 3555 5627 dicti
3613 5565 3778 5628 fuere,
3803 5556 3860 5614 ad

490 5637 635 5693 quos
663 5624 905 5691 epistola
931 5630 997 5679 ι).
1031 5624 1188 5679 Pauli
1222 5624 1431 5683 exstat.
