4066 6214
266 417 391 479 525

1298 423 1400 482 DE
1445 419 1833 483 MANUELE
1871 421 2249 484 COMNENO
2295 426 2443 486 LIB.
2492 429 2597 489 VI.

3569 447 3687 506 526

260 550 538 627 πρόσωπα
594 550 684 605 καὶ
742 547 957 612 κλοιοῖς
1044 548 1298 625 χρυσέοις
1379 552 1470 605 καὶ
1553 549 1906 628 περιδεραίοις

2033 556 2184 612 238
2210 555 2463 613 facerent
2487 575 2500 612 :
2523 563 2614 614 est
2636 563 2830 617 autem
2855 563 2904 618 is
2924 564 3088 622 locus
3109 568 3358 640 oblonga
3380 573 3663 631 convallis

257 637 582 719 διαφανέσιν
639 639 702 694 ἔκ
759 637 930 703 λίθων
959 637 1254 716 τηλαυγῶν
1282 639 1372 694 καὶ
1415 639 1768 718 μαργαρίδων
1829 663 1916 697 τι-

259 725 494 803 μαλγῶν
534 725 664 790 τοὺς
702 727 1024 803 τραχήλους
1061 725 1460 802 περιδεόμενοι,
1489 729 1618 792 τοὺς
1667 725 1921 804 πρέσϐεις

255 815 574 890 ἀπράκτους
627 815 963 890 ἀπέπεμψεν.
993 817 1056 875 Ὀ
1109 814 1166 871 δὲ
1217 816 1512 880 σουλτάνος
1576 817 1677 873 οὐκ
1727 817 1918 887 ἀνῆκεν

253 906 410 968 αὖθις
439 905 506 959 τὰ
535 905 676 978 πρὸς
708 905 935 979 εἰρήνην
985 902 1390 982 διαλεγόμενος.
1453 906 1605 962 Ἐπεὶ
1658 903 1715 960 δὲ
1774 906 1921 980 ἑώρα

256 993 340 1062 μή
370 991 778 1068 προχωρούσας
845 993 939 1056 τὰς
998 989 1296 1067 συμϐάσεις
1361 991 1507 1048 ἀλλὰ
1557 993 1648 1049 καὶ
1691 991 1920 1070 βασιλέα

251 1081 418 1136 αὐτὸν
474 1081 613 1136 κατά
659 1082 722 1136 τὸ
781 1081 1012 1138 Ἰκόνιον
1067 1083 1472 1158 ἀποκρινεῖσθαι
1529 1084 1581 1138 οἱ
1642 1081 1918 1159 μεγαλαυ-

249 1174 490 1246 χοῦντα,
539 1165 1055 1245 προκαλαταμϐάνει
1111 1170 1205 1232 τάς
1271 1168 1584 1250 δυσχωρίας
1639 1169 1698 1227 αἳ
1764 1171 1918 1228 κλει-

248 1263 449 1335 σοῦραι
529 1263 630 1314 τοῦ
713 1253 1021 1331 Τζυϐρὶτζη
1109 1261 1593 1334 κατονομάζονται,
1682 1258 1742 1322 ἅς
1826 1261 1918 1316 καὶ

247 1346 511 1420 ἤμελλον
542 1349 815 1420 Ῥωμαῖοι
849 1348 983 1421 μετά
1009 1350 1108 1418 τήν
1174 1349 1280 1404 ἀπὸ
1323 1347 1748 1426 Μυριοκεφάλου
1779 1370 1921 1424 παρ-

257 1437 402 1492 ιέναι
450 1435 701 1512 ἂπαρσιν,
761 1435 977 1492 κάκεῖσε
1055 1438 1150 1501 τὰς
1209 1437 1415 1500 οἰκείας
1489 1433 1756 1513 παραϐύει
1815 1440 1918 1518 φά-

250 1524 491 1600 λαγγας.
563 1527 637 1588 ὡς
731 1525 1098 1596 ἀντιτάξαιντο
1182 1525 1482 1600 Ῥωμαίοις
1563 1527 1753 1582 αὐτίκα
1846 1525 1914 1598 δὴ

245 1619 567 1690 παριοῦσιν.
600 1617 755 1672 ’Ἐστι
787 1612 847 1670 δὲ
915 1615 943 1670 6
973 1616 1143 1678 τόπος
1172 1616 1332 1679 οὗτος
1391 1614 1674 1688 ἐπιμήκης
1705 1614 1914 1686 αὐλὼν,

243 1699 400 1779 ἔχων
458 1703 602 1778 ὀρῶν
664 1697 1006 1778 ὑπερϐολὰς,
1064 1706 1198 1759 κατέι
1233 1704 1327 1777 μὲν
1358 1705 1420 1759 τὸ
1469 1704 1682 1780 βόρειον
1737 1704 1915 1777 κλίμα

247 1788 715 1849 ὗποκαταϐαίνων
746 1797 844 1849 τοῦ
878 1792 1144 1856 ἀνάντους
1194 1793 1377 1868 ἡρέμα
1433 1793 1512 1855 εἷς
1543 1792 1767 1872 γήλοφα
1823 1793 1912 1849 καὶ

2035 645 2344 701 verticibus
2379 647 2668 702 montium
2702 665 3040 723 assurgens,
3074 672 3202 726 quae
3232 659 3301 712 ad
3324 664 3674 731 septentrio-

2033 750 2163 790 nem
2199 735 2370 805 paulo
2401 735 2680 792 declivior
2710 738 2768 793 in
2802 739 3002 811 colles,
3035 743 3093 798 in
3119 747 3471 815 patentiores
3496 750 3672 807 valles

2031 824 2434 893 protenditur;
2490 824 2562 879 ab
2635 825 2816 881 altera
2855 845 2992 886 vero
3042 840 3201 900 parte
3261 833 3396 890 altis
3441 837 3677 908 rupium

2031 911 2362 984 praecipitiis
2394 913 2734 972 includitur.
2769 921 2877 973 Per
2907 919 3082 975 talem
3113 923 3263 976 viam
3321 925 3678 981 transiturus

2027 1000 2256 1056 Manuel
2305 1001 2454 1057 nihil
2509 1005 2756 1073 providit
2813 1008 2968 1078 quod
3020 1010 3292 1066 exercitui
3339 1013 3670 1085 expediret:

2031 1105 2216 1161 neque
2263 1090 2418 1146 enim
2468 1091 3020 1164 impedimentorum
3070 1099 3522 1170 multitudinem,
3574 1107 3678 1160 aut

2028 1194 2236 1234 currus
2294 1179 2395 1250 qui
2455 1181 2758 1238 machinas
2819 1185 3106 1242 vehebant
3162 1191 3423 1258 removit,
3484 1207 3673 1264 neque

2027 1268 2296 1340 expedita
2326 1269 2561 1326 cohorte
2595 1275 2792 1328 Persas
2823 1288 2892 1328 ex
2918 1278 3214 1333 montanis
3238 1278 3355 1334 illis
3382 1282 3675 1352 angustiis

2027 1361 2272 1432 depulit,
2306 1365 2370 1416 ut
2398 1362 2673 1416 exercitui
2703 1363 2853 1418 viam
2884 1365 3155 1436 aperiret.
3177 1369 3285 1423 Sed
3316 1373 3379 1423 ut
3402 1369 3459 1424 in
3484 1374 3676 1440 paten-

2027 1449 2186 1506 tibus
2215 1451 2461 1521 campis,
2493 1451 2575 1507 ita
2603 1451 2782 1508 etiam
2811 1452 2868 1507 in
2903 1455 3171 1511 faucibus
3201 1456 3318 1514 illis
3355 1458 3464 1514 iter
3510 1460 3667 1528 fecit,

2026 1538 2296 1610 quamvis
2325 1543 2460 1594 ante
2486 1539 2785 1609 audiissct,
2817 1541 2874 1598 id
2909 1544 3061 1613 quod
3107 1545 3274 1616 paulo
3319 1552 3449 1618 post
3501 1549 3666 1617 vidit,

2025 1627 2309 1684 Barbaros
2331 1628 2494 1700 jugis
2525 1632 2943 1702 praeoccupatis
2975 1649 3181 1690 omnes
3220 1635 3522 1705 pharetras
3571 1653 3670 1692 ex-

2026 1715 2364 1786 hausturos,
2381 1733 2556 1775 omne
2575 1721 2824 1775 telorum
2849 1735 3034 1792 genus
3057 1722 3426 1793 conjectures
3450 1728 3506 1780 et
3523 1724 3672 1781 nihil

2024 1804 2379 1861 intentatum
2413 1806 2716 1864 relicturos
2749 1825 2866 1879 quo
2912 1811 3202 1866 Romanos
3235 1811 3511 1870 ulteriore
3537 1830 3676 1885 pro-

252 1883 394 1957 πρὸς
426 1881 630 1957 εὐρείας
661 1881 1084 1955 κοιλαινόμενος
1145 1882 1447 1963 φάραγγας,
1506 1883 1641 1938 κατά
1698 1881 1756 1938 δὲ
1814 1884 1906 1937 θά-

2025 1909 2230 1963 gressu
2263 1893 2657 1965 prohiberent.
2702 1899 3024 1969 Imperator
3072 1899 3415 1971 (Septembri
3467 1881 3668 1958 mense

254 1990 422 2045 τερον
454 1971 608 2046 μέρος
640 1971 716 2034 εἰς
761 1972 1050 2046 προτομὰς
1107 1971 1383 2046 προνεύων
1441 1976 1652 2046 πετρῶν
1683 1969 1774 2025 καὶ
1833 1969 1913 2034 εἷς

255 2057 605 2135 κρημνώδεις
635 2061 858 2134 σύμπας
943 2060 1262 2123 ἀναστάσεις
1313 2059 1726 2136 περιερῥωγώς.
1788 2058 1914 2117 Ἐπὶ

248 2149 515 2219 τοιαύτης
568 2148 664 2204 οὖν
727 2147 949 2223 μέλλων
1014 2147 1254 2204 ἐλαύνειν
1318 2146 1448 2204 ὁδοῦ
1506 2145 1662 2204 οὐδὲν
1724 2167 1778 2202 τι
1835 2151 1916 2219 τῷ

244 2238 466 2313 στρατῷ
529 2242 779 2293 συνοῖσον
843 2240 1367 2312 προμηοευσάμενος
1447 2235 1712 2316 φαίνεταιο
1786 2232 1916 2293 οὔτε

238 2337 349 2414 γὰρ
378 2335 443 2394 τὸ
472 2334 622 2391 πολὺ
666 2340 772 2392 τῶν
833 2337 1176 2414 σκευοφόρων
1232 2333 1653 2406 ἀπεσκευάσατο,
1685 2329 1722 2402 ἤ
1782 2338 1912 2408 γοῦν

244 2427 346 2486 τὰς
380 2426 594 2501 ἁμάξας
630 2422 880 2482 ἐκποδὼν
920 2421 1070 2490 ἔθετο
1109 2423 1166 2480 αἳ
1229 2424 1324 2488 τὰς
1361 2424 1741 2500 τειχομάχους
1787 2417 1914 2500 ἔφε-

241 2536 336 2591 ρον
373 2515 664 2590 μηχανὰς,
714 2511 841 2570 οὔτε
902 2515 1007 2587 μὴν
1063 2513 1460 2588 ἂπεπειράσατο
1529 2514 1622 2567 σὺν
1690 2509 1912 2584 εὐζώνῳ

236 2605 484 2681 τάγματι
518 2602 839 2668 ἀπώσασθαι
904 2603 1034 2666 τοὺς
1094 2606 1303 2678 Πὲρσας
1359 2602 1619 2678 πρότερον
1689 2600 1749 2656 ἐκ
1800 2605 1908 2656 τῶν

250 2691 600 2770 ἀμφιλαφῶν
630 2691 850 2752 incisum
902 2690 994 2747 καί
1044 2691 1238 2767 ὀρείων
1295 2688 1549 2766 παρόδων
1576 2691 1666 2744 καὶ
1699 2688 1910 2746 λειᾶναι

244 2784 399 2838 οὕτω
430 2786 517 2855 τῷ
546 2787 762 2858 στρατῷ
825 2783 926 2852 τὴν
982 2779 1182 2839 δίοδον.
1217 2780 1372 2837 Ἀλλ’
1403 2780 1478 2844 ὡς
1525 2779 1670 2858 εἶχεν
1700 2779 1788 2835 ἐπὶ
1814 2799 1911 2834 πε-

241 2869 410 2927 δινῶν
440 2871 782 2946 ποιούμενος
839 2876 932 2947 [Ρ.
989 2874 1112 2948 117]
1174 2873 1276 2942 τήν
1325 2871 1570 2945 πορείαν,
1603 2870 1746 2926 οὕτω
1775 2869 1908 2926 κάπί

239 2969 348 3031 τῆς
386 2959 705 3038 τρυμαλιᾶς
765 2960 974 3032 ἐκείνης
1009 2958 1380 3020 συνθλίϐεσθαι
1455 2959 1656 3028 εἵλετο,
1714 2960 1908 3033 καίπερ

239 3050 385 3125 ἀκοῇ
433 3051 822 3130 προειληφὼς,
888 3051 1023 3124 μετά
1072 3051 1254 3132 βραχὺ
1313 3047 1370 3105 δὲ
1427 3043 1570 3124 ἔχων
1628 3047 1718 3104 καὶ
1774 3048 1906 3112 τοὺς

237 3137 571 3218 ὀφθαλμοὺς
629 3139 971 3213 αύτοπείρως
1027 3138 1426 3213 πιστουμίνους
1453 3139 1522 3193 τὰ
1576 3136 1904 3211 ἀκουόμενα,

237 3227 312 3288 ὠς
377 3229 430 3282 οἱ
496 3222 769 3303 βάρϐαροι
822 3226 1332 3307 προκατειληφότες
1415 3227 1512 3290 τὰς
1594 3225 1895 3303 ἀκρωρείας

230 3315 554 3382 ἐπίθωνται,
595 3316 685 3371 καὶ
745 3316 820 3380 ὠς
879 3322 1051 3372 πᾶσαν
1110 3317 1204 3391 μὲν
1256 3317 1524 3394 φαρέτραν
1581 3315 1887 3389 ἐκπωματίο

228 3427 409 3476 σουσι,
469 3409 576 3461 πᾶν
631 3403 691 3460 δὶ
777 3403 943 3481 βέλος
995 3407 1318 3486 ἀφήσουσιν,
1379 3405 1530 3471 ὅπως
1580 3404 1898 3479 Ῥωμαίους

229 3497 656 3571 τροπωσάμενοι
719 3501 817 3552 τοῦ
892 3497 1082 3572 πρόσω
1172 3491 1486 3573 προϐαίνειν
1574 3495 1897 3571 ἕπίσχωσιν.

235 3586 474 3661 Ἐπῆγεν
540 3586 633 3641 ούν
705 3586 853 3641 οὕτω
911 3585 1010 3650 τάς
1068 3585 1356 3666 φάλαγγας
1409 3584 1782 3663 βασιλεύς”ἦν
1841 3582 1898 3639 δὲ

233 3673 358 3728 τότε
392 3674 501 3747 μὴν
533 3674 563 3727 6
596 3669 982 3748 σεπτὲμϐριος.
1017 3680 1376 3750 Προηγοῦντο
1408 3672 1466 3729 δὲ
1519 3678 1616 3729 τοῦ
1666 3676 1898 3747 στρατοῦ

245 3770 383 3844 μετά
434 3775 546 3825 τῶν
608 3769 824 3826 οἰκείων
878 3770 1080 3841 τάξεων
1134 3771 1186 3826 οἱ
1219 3767 1314 3825 δύο
1369 3771 1478 3826 υἱοὶ
1507 3775 1604 3826 τοῦ
1630 3769 1897 3847 Ἀγγέλου

245 3855 683 3926 Κωνσταντίιου,
744 3857 772 3911 ὃ
837 3877 896 3911 τε
924 3855 1186 3929 Ἰωάννης
1213 3858 1301 3912 καὶ
1362 3858 1390 3911 ὁ
1440 3854 1812 3932 Ἀνδρόνικος,
1869 3856 1898 3910 6

238 3942 640 4020 Πακροδούκας
697 3943 782 4000 ἐπ’
839 3946 1025 4009 αὐτοῖς
1085 3949 1492 4010 Κωνσταντῖνος
1547 3947 1638 4002 καὶ
1695 3947 1724 4001 6
1787 3950 1899 4002 Λα-

240 4033 453 4110 παρδᾶς
486 4033 854 4112 Ἀνδρόνικος.
889 4036 1040 4092 Μετὰ
1080 4033 1137 4090 δὲ
1194 4035 1426 4099 τούτους
1471 4037 1536 4092 τὸ
1596 4036 1690 4109 μὲν
1728 4032 1899 4106 δεξιὸν

238 4123 435 4199 ἐπεῖχε
491 4123 652 4196 κὲρας
707 4125 735 4179 6
785 4128 885 4180 τοῦ
947 4122 1218 4200 βασιλέως
1277 4121 1703 4202 γυναικάδελφος
1752 4123 1898 4180 Βαλ-

234 4209 482 4282 δουῖνος,
511 4214 574 4267 τὸ
620 4210 668 4267 δ’
723 4212 1005 4289 ἀριστερὸν
1053 4214 1081 4268 ὁ
1139 4217 1525 4289 Μαυροζώμης
1594 4211 1894 4289 Θεόδωρος.

230 4301 366 4361 Ἐπὶ
403 4300 621 4364 τούτοις
653 4300 875 4358 ε’ίποντο
923 4303 993 4358 τὰ
1032 4303 1336 4382 σκευοφόρα
1387 4302 1477 4358 καὶ
1515 4304 1577 4358 τὸ
1635 4302 1900 4358 οἰκετικὸν

227 4395 341 4447 τοῦ
427 4391 829 4465 στρατεύματος
912 4391 971 4445 αἳ
1036 4411 1096 4446 τε
1155 4389 1413 4466 φέρουσαι
1464 4392 1562 4453 τὰς
1617 4389 1902 4455 ἑλεπόλεις

231 4479 466 4553 ἄμαξαι,
511 4479 646 4552 μετά
685 4476 743 4534 δὲ
774 4477 1032 4554 βασιλεὺς
1066 4480 1228 4542 αὐτὸς
1259 4479 1346 4535 καὶ
1408 4478 1531 4534 ὅσον
1591 4477 1898 4551 ἒπίλεκτον,

235 4568 364 4641 μεθ’
397 4566 491 4631 οὕς
555 4565 926 4640 όπισθοφύλαξ
985 4565 1062 4621 ὢν
1123 4564 1464 4641 Ἀνδρόνικος
1520 4567 1548 4620 6
1606 4566 1902 4624 Κοντοστέ-

2023 1982 2078 2036 id
2121 1984 2338 2039 factum
2387 1984 2498 2053 est)
2557 1983 2641 2040 sic
2695 1985 2994 2053 processit.
3046 1988 3250 2058 Angeli
3299 1989 3667 2046 Constantini

2021 2069 2134 2124 duo
2164 2069 2271 2124 ﬁlii
2299 2069 2556 2126 Joannes
2586 2075 2642 2126 et
2670 2073 3042 2129 Andronicus
3090 2090 3224 2130 cum
3269 2077 3394 2131 suis
3441 2077 3664 2132 ordini-

2020 2156 2128 2214 bus
2161 2158 2600 2215 antecedebant.
2629 2159 2738 2214 Eos
2763 2160 3141 2216 Macroducas
3164 2164 3584 2219 Constantinus
3609 2170 3664 2219 et

2017 2249 2308 2319 Lapardas
2391 2247 2762 2304 Andronicus
2839 2250 3258 2320 sequebantur.
3337 2254 3402 2308 In
3462 2253 3664 2308 dextro

2018 2354 2196 2394 cornu
2231 2336 2548 2394 Balduinus
2580 2338 2948 2409 imperatoris
2980 2340 3264 2408 sororius,
3317 2340 3373 2397 in
3423 2340 3664 2399 sinistro

2018 2426 2419 2484 Maurozomes
2450 2428 2607 2484 28-1
2635 2427 2974 2485 Theodorus
3005 2429 3268 2486 curabat.
3299 2429 3417 2485 Hos
3461 2435 3664 2487 secuta

2014 2517 2155 2568 sunt
2183 2513 2623 2586 impedimenta,
2655 2513 2802 2581 lixae,
2835 2515 3090 2586 calones,
3123 2532 3331 2572 currus
3377 2515 3476 2588 qui
3532 2532 3662 2572 ma-

2014 2600 2220 2658 chinas
2250 2603 2556 2659 vehebant.
2591 2603 2732 2660 Inde
2761 2604 3080 2674 imperator
3107 2606 3230 2677 ipse
3260 2621 3395 2662 cum
3437 2605 3662 2664 delecta

2015 2707 2214 2746 manu.
2252 2691 2586 2747 Extremum
2618 2709 2827 2766 agmen
2859 2693 3072 2750 clausit
3097 2695 3468 2751 Andronicus
3511 2695 3660 2752 Con-

2012 2778 2418 2851 tostephanus.
2443 2780 2792 2851 Impeditum
2817 2781 2960 2837 illud
2981 2783 3093 2838 iter
3108 2783 3376 2840 cohortes
3400 2783 3655 2839 ﬁliorum

2010 2868 2241 2941 Angeli,
2275 2868 2629 2924 Macroducaa
2661 2875 2719 2926 et
2749 2871 3023 2942 Lapardas
3056 2872 3382 2930 incolumes
3411 2875 3657 2930 transie-

2012 2963 2172 3026 runt,
2203 2959 2359 3029 quod
2395 2959 2691 3028 pedestres
2741 2960 2917 3030 cepiaa
2970 2961 3257 3018 Barbaros
3304 2978 3336 3017 e
3382 2961 3651 3030 collibus,

2012 3047 2166 3103 unde
2198 3048 2560 3119 pugnabant,
2588 3047 2644 3103 in
2680 3053 2908 3106 montes
2944 3049 3564 3122 repulerant.Forsitan
3596 3055 3655 3107 et

2010 3136 2246 3208 reliquas
2304 3135 2565 3208 legiones
2623 3138 2794 3194 salva
2865 3139 3260 3206 transiissent,
3313 3139 3363 3196 si
3414 3140 3657 3197 Romani

2007 3227 2364 3284 testudinem
2395 3226 2676 3300 egissent,
2708 3232 2765 3284 et
2795 3233 3170 3302 antegressas
3199 3229 3469 3286 cohortes
3507 3240 3654 3288 stre-

2007 3333 2122 3372 nue
2151 3321 2475 3373 consecuta:
2506 3321 2723 3380 essent,
2741 3321 2796 3373 et
2815 3334 2914 3389 per
2953 3319 3288 3390 sagittarios
3338 3321 3650 3374 Persarum

2000 3403 2283 3475 impetum
2315 3407 2754 3478 repressissent.
2786 3407 2895 3462 Sed
2919 3407 3058 3477 quia
3079 3422 3177 3462 eas
3200 3406 3646 3462 commoditates

2002 3493 2404 3566 neglexerunt,
2453 3498 2762 3551 Persarum
2810 3496 3057 3550 densum
3103 3511 3310 3565 agmen
3356 3496 3426 3550 ab
3476 3495 3650 3552 editis

2003 3581 2144 3638 locis
2173 3583 2231 3638 in
2267 3583 2518 3639 humilia
2539 3587 2597 3639 et
2627 3600 2658 3639 e
2688 3582 2934 3639 tumulis
2984 3583 3042 3638 in
3091 3583 3395 3655 planitiem
3445 3600 3656 3654 magna

2001 3689 2054 3727 νι
2098 3672 2389 3743 incubuit,
2436 3677 2494 3728 et
2541 3673 2927 3728 conﬁdentius
2977 3673 3035 3728 in
3085 3677 3315 3729 nostros
3361 3673 3660 3729 invectum

2002 3762 2266 3834 perrupit
2298 3761 2505 3828 aciem,
2540 3765 2597 3816 et
2629 3759 2894 3816 Balduini
2925 3777 3104 3817 cornu
3139 3761 3197 3817 in
3233 3763 3430 3832 fugam
3481 3777 3646 3818 verso

2002 3849 2220 3905 multos
2251 3848 2596 3917 vulneravit,
2647 3849 2867 3906 multos
2914 3850 3144 3906 occidit.
3196 3850 3280 3906 Ibi
3326 3851 3649 3906 Balduinus

2002 3953 2143 3994 suos
2182 3936 2445 3994 laborare
2475 3943 2532 3994 et
2563 3938 2821 4011 undique
2867 3939 3049 4011 premi
3089 3939 3314 4009 videns,
3359 3944 3418 3994 et
3463 3937 3650 3995 imbe-

2002 4035 2233 4091 cillores
2264 4035 2412 4092 235
2443 4051 2574 4091 esse
2603 4051 2780 4107 quam
2830 4041 2896 4091 ut
2941 4035 3250 4093 Persarum
3296 4035 3646 4108 phalangem

2004 4128 2464 4196 perrumperent,
2519 4139 2652 4179 cum
2705 4124 2928 4196 aliquot
2970 4124 3269 4196 equitibus
3313 4125 3371 4180 in
3423 4124 3647 4180 medios

2003 4213 2204 4270 hostes
2237 4212 2567 4268 invehitur:
2602 4213 2704 4269 sed
2745 4214 2818 4268 ab
2851 4213 2926 4268 iis
2957 4213 3388 4269 circumventus
3420 4217 3476 4269 et
3524 4212 3652 4284 ipse

2004 4303 2308 4371 occiditur,
2340 4311 2394 4359 et
2424 4303 2553 4375 ejus
2573 4301 2788 4358 milites
2809 4318 3015 4359 omnes
3037 4303 3354 4360 fortissime
3377 4302 3653 4358 dimican-

2004 4395 2094 4448 tes
2123 4391 2357 4448 cadunt.
2390 4392 2467 4447 Eo
2497 4407 2774 4448 successu
2805 4390 2945 4448 elati
2976 4391 3217 4447 Barbari
3243 4396 3299 4447 et
3320 4390 3651 4464 conglobati

2006 4496 2209 4536 omnes
2263 4480 2387 4535 vias
2442 4480 2726 4536 Romanis
2784 4481 3243 4553 praecluserunt;
3304 4481 3406 4554 qui
3465 4485 3532 4536 ut
3584 4481 3648 4536 in

2008 4567 2316 4642 angustiis,
2349 4569 2499 4625 inter
2530 4586 2592 4626 se
2622 4569 2890 4641 impliciti
2925 4574 2982 4625 et
3006 4570 3107 4627 alii
3138 4571 3284 4627 alios
3324 4571 3654 4644 impedien-o

232 4656 616 4735 φανος.”Επεὶ
665 4653 725 4711 δὲ
752 4657 960 4730 ἥψαντο
1014 4661 1122 4711 τῶν
1191 4651 1468 4712 δυσϐάτων
1521 4661 1775 4732 πορειῶν,
1830 4657 1899 4712 τά

2014 4661 2118 4724 tes,
2151 4658 2498 4715 adversariis
2528 4659 2672 4715 adeo
2721 4675 2929 4717 nocere
2982 4677 3097 4716 non
3148 4663 3437 4733 poterant,
3489 4665 3556 4717 ut
3600 4669 3657 4717 et

238 4748 339 4820 μὲν
372 4743 499 4820 περὶ
529 4743 658 4807 τοὺς
699 4744 848 4808 υἱοὺς
878 4749 976 4801 τοῦ
1034 4744 1300 4824 Ἀγγέλου
1376 4745 1466 4800 καὶ
1530 4745 1623 4801 τὸν
1678 4753 1902 4820 Μακρο-

231 4835 440 4892 δούκαν
517 4833 610 4889 καὶ
670 4834 762 4889 τὸν
813 4832 1099 4909 Λαπαρδὸν
1174 4835 1422 4909 τάγματα
1453 4859 1455 4861 ί
1488 4831 1898 4907 διεληλύθεισαν

235 4925 506 5000 ἀπείρατα
563 4927 768 4978 κακῶν·
827 4925 883 4978 αἱ
939 4925 1042 5000 γάρ
1100 4924 1317 4995 πεζικαὶ
1389 4920 1647 4998 δυνάμεις
1699 4919 1899 5000 προϐε-

236 5012 524 5089 ϐλημέναι
558 5008 842 5069 διεσόϐουν
873 5014 1004 5076 τοὺς
1045 5008 1360 5088 Βαρϐάρους
1415 5013 1476 5069 ἐκ
1503 5018 1608 5069 τῶν
1638 5014 1898 5094 γηλόφων

234 5104 716 5179 ἀνασειράζουσαι,
791 5101 870 5181 ἐφ’
930 5104 1002 5158 ὧν
1054 5101 1162 5158 ἀπὸ
1217 5107 1314 5158 τοῦ
1354 5100 1516 5176 ὅρους
1554 5106 1898 5175 καθηκόντων

237 5193 560 5254 ἐπιστάντες
601 5192 900 5268 ἐμάχοντο,
951 5191 1084 5248 κάπὶ
1142 5193 1206 5248 τὸ
1262 5193 1481 5256 ἄναντες
1545 5192 1900 5269 παλίμποδας

241 5275 657 5348 ἀνεστοίϐαζον.
688 5278 847 5354 Τάχα
886 5275 936 5332 δ’
988 5276 1049 5333 ἄν
1103 5279 1194 5334 καὶ
1231 5278 1298 5334 τά
1332 5277 1638 5357 ἐφεπόμενοι
1688 5281 1904 5347 τούτοις

245 5369 624 5444 στρατεύματα
653 5367 1005 5444 παρήλθοσαν
1093 5367 1310 5431 ἀπαθῶς
1365 5368 1463 5432 τὰς
1514 5372 1622 5424 τῶν
1680 5375 1900 5443 Περσῶν

242 5458 646 5525 ἐπισυστάσεις,
707 5455 856 5533 εἴπερ
913 5453 1073 5532 ἔργον
1122 5453 1302 5521 ἔθεντο
1351 5461 1612 5530 Ῥωμαῖοι
1653 5461 1901 5539 συμφρά-

241 5551 430 5623 ξασθαι
461 5548 554 5604 καὶ
594 5552 714 5610 τοῖς
779 5547 1224 5623 προηγουμένοις
1281 5553 1564 5611 συναπτῶς
1617 5547 1902 5629 ἐφέπεσθαι

235 5639 501 5716 τάγμασι,
532 5637 628 5694 καὶ
679 5634 770 5692 διά
822 5641 931 5693 τῶν
990 5637 1224 5709 τοξοτῶν
1281 5635 1571 5694 ἀνέκοπτον
1627 5643 1736 5695 τῶν
1781 5638 1903 5696 ἐπι-

242 5727 512 5804 κειμενων
572 5731 797 5802 Περσῶν
829 5725 896 5782 τά
926 5727 1246 5801 ὁρμήματά.
1277 5730 1391 5784 Νὖν
1419 5723 1480 5782 δὶ
1534 5727 1687 5784 αὐτοί
1715 5749 1774 5786 τε
1801 5735 1901 5800 τῆς

2011 4745 2413 4802 defensoribus
2429 4747 2553 4802 suis
2575 4747 2930 4804 obsisterent
2948 4754 3006 4804 et
3025 4749 3370 4820 urgentibus
3385 4748 3656 4804 hostibus

2014 4835 2243 4892 facilius
2280 4835 2604 4905 interirent,
2663 4853 2769 4893 nec
2829 4838 2902 4894 ab
2961 4843 3216 4896 extremo
3267 4837 3502 4911 agmine
3551 4843 3654 4891 aut

2014 4925 2138 4999 ipso
2170 4926 2518 4998 imperatore
2540 4928 2738 4999 juvari
2765 4931 2866 4984 aut
2896 4929 3162 4985 recedere
3205 4933 3309 4983 aut
3357 4926 3431 4980 ad
3479 4923 3654 4978 alter-

2013 5023 2204 5072 utrum
2237 5015 2391 5072 latus
2435 5015 2726 5073 declinare
2785 5021 3042 5088 possent.
3087 5015 3230 5071 Nam
3274 5028 3500 5078 currus,
3547 5009 3653 5081 qui

2011 5104 2071 5161 in
2104 5105 2294 5162 medio
2325 5105 2726 5176 trahebantur,
2779 5121 2884 5163 nec
2941 5103 3344 5160 antecedentes
3392 5097 3653 5171 legiones

2013 5195 2268 5267 recipere
2325 5209 2454 5251 sese
2510 5199 2612 5250 aut
2663 5195 2847 5249 aciem
2925 5189 3290 5248 commodius
3364 5187 3655 5244 instruere

2013 5285 2421 5357 patiebantur;
2454 5288 2511 5339 et
2538 5281 2910 5354 imperatoris
2941 5295 3320 5353 progressum
3371 5282 3656 5348 tanquam

2012 5371 2164 5428 vallo
2223 5371 2448 5442 objecto
2506 5370 2924 5441 impediebant.
2980 5368 3258 5424 Jumenta
3333 5367 3548 5440 pariter
3603 5369 3660 5422 et

2013 5459 2278 5516 homines
2305 5457 2439 5514 telis
2471 5458 2718 5515 Persicis
2749 5458 3196 5526 sternebantur;
3240 5457 3422 5514 valles
3472 5453 3659 5527 plenas

2013 5554 2180 5609 erant
2235 5548 2639 5618 cadaveribus,
2686 5549 2875 5606 saltus
2935 5547 3264 5604 interfectis
3315 5547 3659 5617 scatebunt;

2013 5638 2331 5696 manabant
2361 5636 2465 5694 rivi
2497 5637 2824 5711 sanguinis,
2857 5653 3061 5695 cruore
3082 5637 3374 5712 pecudum
3397 5641 3454 5694 et
3477 5637 3665 5696 homi-

2013 5746 2155 5789 num
2187 5728 2483 5802 permisto,
2514 5732 2682 5788 tanta
2714 5728 3038 5796 atrocitate,
3071 5746 3202 5804 qua:
3234 5729 3416 5788 nullis
3469 5728 3664 5806 expri-
