4118 6200
316 328 441 390 529

328 461 523 530 σώζειν
598 461 735 533 σφᾶς
810 456 891 522 ὦς
964 455 1186 523 ἕκαστος
1279 455 1517 514 δύναται·

320 550 572 630 χρηστὸν
625 547 686 603 ἐκ
754 551 863 603 τῶν
920 547 972 604 ἐν
1026 549 1147 622 ’ὀψει
1205 553 1506 606 κααανοεῖν.
1566 549 1662 605 Καὶ
1723 546 1977 623 βασιλεὺς

324 643 426 714 μὶν
462 641 536 701 ὡς
595 637 654 694 ἐκ
713 637 1021 714 γαλεάγρας
1074 645 1178 707 τῆς
1235 639 1358 694 τότε
1411 637 1572 694 αὐτὸν
1632 634 1978 713 διειληφυίας

323 726 676 809 βαρϐαρικῆς
747 727 1010 798 ἱξώλισθε
1081 725 1366 808 φάλαγγος
1469 729 1604 802 μετὰ
1695 725 1978 799 τραύματα

315 820 514 878 πολλὰ
539 820 633 874 καὶ
665 817 952 891 μώλωπας
983 823 1253 894 συνεχεῖς,
1283 817 1380 880 οὕς
1411 817 1519 873 ἀπὸ
1549 817 1715 894 ξιφῶν
1753 814 1973 892 ἐπλήγη

317 911 411 967 καὶ
465 908 739 982 σιδηρέων
788 911 1030 983 κορυνῶν
1087 908 1192 963 ἱιπὸ
1241 912 1350 964 τῶν
1395 907 1763 983 περιστάντων
1812 905 1972 961 αὐτὸν

321 1002 550 1074 Περσῶν
588 997 986 1071 τυπτσόμενος,
1061 995 1180 1051 ἐπεὶ
1251 995 1342 1051 καὶ
1380 995 1524 1052 οὕτω
1574 993 1646 1051 δι’
1702 992 1836 1051 ὅλου
1878 997 1975 1051 τοῦ

312 1091 579 1163 σώματος
651 1086 1087 1160 τετραυμάτιστο
1163 1085 1237 1147 ὡς
1307 1086 1402 1141 τὸν
1465 1086 1558 1159 μὶν
1605 1085 1792 1158 θυρεὸν
1849 1081 1971 1157 περὶ

314 1199 426 1235 που
458 1175 588 1238 τοὺς
644 1176 940 1251 τριάκοντα
997 1170 1144 1249 ἔχειν
1201 1173 1590 1249 ἐμπεπηγότας
1641 1171 1971 1246 δυψητικοὺς

311 1268 554 1342 αἶ’ματος
587 1267 828 1335 ὀϊστοὺς,
861 1264 1018 1320 αὐτὸν
1051 1261 1107 1318 δὲ
1163 1261 1294 1338 μηδ’
1333 1265 1638 1339 ἀνορθῶσαι
1684 1260 1831 1325 ὅλως
1879 1258 1971 1316 δῦ-

310 1369 513 1422 νασθαι
581 1360 1001 1430 περιτραπεῖσαν
1048 1354 1149 1422 τήν
1198 1353 1422 1429 κόρυθα.
1477 1351 1629 1422 Πλὴν
1678 1351 1769 1406 καὶ
1827 1349 1970 1405 οὕτω

314 1446 472 1521 παρᾶ
529 1442 680 1515 δόξαι
727 1442 823 1505 τάς
870 1447 978 1497 τῶν
1042 1436 1330 1517 βαρϐάρων
1384 1439 1569 1515 διέδρα
1616 1434 1808 1508 λαϐάς,
1863 1438 1967 1494 ὑπὸ

313 1539 456 1592 Θεοῦ
497 1533 827 1609 φρουρηθεὶς
879 1536 974 1588 τοῦ
1020 1531 1110 1586 καὶ
1153 1530 1242 1586 ἐπὶ
1290 1529 1534 1608 κεφαλήν
1580 1528 1750 1585 πάλαι
1802 1522 1968 1583 Δαὸἱδ

309 1625 365 1680 ἐν
399 1624 585 1698 ἡμέρᾳ
639 1622 891 1697 πολέμου
939 1621 1372 1691 ἐπισκιάζοντος,
1417 1621 1492 1684 ὡς
1541 1619 1698 1681 αὐτός
1746 1640 1906 1697 φησιν
1938 1619 1965 1673 ὁ

309 1713 708 1792 φιλόψαλμος.
741 1713 826 1770 Τὰ
858 1709 903 1766 δ’
938 1709 1083 1767 ἄλλα
1111 1711 1395 1785 Ῥωμαϊκὰ
1429 1711 1680 1786 τάγματα
1703 1707 1967 1784 χειρόνως

314 1803 560 1881 ἶπασχον
591 1803 672 1859 ἀεὶ
718 1800 910 1875 δόρασι
957 1797 1281 1877 περισταδὸν
1337 1797 1781 1875 λελογχωμένοις
1830 1819 1964 1853 νυσ-

321 1895 526 1968 σόμενα
561 1893 648 1947 καὶ
695 1891 909 1966 βέλεσιν
962 1889 1023 1946 ἐκ
1077 1894 1172 1946 τοῦ
1221 1885 1416 1964 σχεδὸν
1461 1886 1756 1962 διαμπερὲς
1803 1884 1965 1942 ἐλαυ-

321 1985 526 2059 νόμενα
551 1983 635 2038 καὶ
669 1983 759 2038 ὑπ’
791 1980 1058 2052 ἀλλήλων
1120 1979 1170 2035 ἐν
1216 1984 1298 2052 τῷ
1345 1977 1670 2052 συμπίπτειν
1721 1975 1964 2054 διαφθει-

309 2075 542 2150 ρόμενα.
576 2071 694 2128 Εἰσὶ
728 2069 774 2126 δ’
807 2069 859 2126 ο’ί
887 2071 978 2125 καὶ
1006 2069 1209 2140 ταύτην
1253 2069 1346 2142 μὶν
1385 2069 1607 2128 ἀπαθεῖς
1678 2064 1962 2140 παρῆλθον

305 2165 410 2232 τήν
439 2161 692 2240 φάραγγα
730 2159 822 2216 καὶ
862 2159 988 2221 τοὺς
1035 2157 1116 2214 ἐπ’
1173 2159 1342 2227 αὐτῆς
1395 2157 1718 2230 ἱσταμένους
1760 2152 1964 2226 ῐιέρσας

313 2248 615 2323 ἐσόϐησαν,
691 2249 1052 2325 προελθόντες
1127 2245 1185 2303 δὲ
1257 2247 1347 2302 καὶ
1419 2253 1520 2316 τῆς
1600 2246 1714 2318 μετ’
1753 2243 1961 2314 ἐκείνην

315 2344 589 2418 ἆψάμενοι
637 2343 908 2417 σήραγγος
967 2339 1072 2393 ὑπὸ
1117 2343 1226 2393 τῶν
1278 2337 1446 2393 ἐκεῖσε
1491 2334 1774 2409 πολεμίων
1811 2334 1962 2390 ἀπώ-

316 2451 504 2488 Λοντο.
537 2431 637 2494 Εἷς
669 2431 771 2508 γάρ
800 2429 937 2486 ἑπτά
987 2425 1249 2490 κοιλάδας
1295 2424 1600 2501 ταφρώδεις
1649 2424 1820 2486 πάσας
1873 2423 1962 2480 καὶ

300 2521 717 2599 ἆγχιτέρμονας
751 2522 786 2590 ἡ
839 2515 1080 2594 πάροδος
1141 2515 1313 2586 ἐκείνη
1378 2513 1681 2590 διὲσχιστο,
1731 2513 1960 2588 εὐρυνο-

309 2611 449 2685 μένη
487 2612 669 2686 βραχῦ
699 2610 790 2664 καὶ
839 2606 1307 2685 συμπτυσσομένη
1348 2606 1516 2661 πάλιν
1564 2606 1702 2678 πρὸς
1748 2606 1810 2659 τὸ
1843 2624 1959 2660 στι·

295 2702 564 2775 νόπορον⁶
625 2699 714 2754 καὶ
760 2699 900 2768 ἦσαν
957 2697 1114 2751 αὗται
1152 2695 1298 2771 παρὰ
1348 2699 1456 2748 τῶν
1513 2695 1770 2768 Τούρκων
1813 2693 1960 2766 ἄκρι-

295 2785 413 2852 6ὦς
449 2787 770 2867 ἐφεστώτων
843 2785 1203 2859 τηρούμεναι.
1281 2783 1440 2841 Ἀλλ’
1518 2781 1634 2838 οὐδ’
1683 2784 1712 2837 ὁ
1761 2781 1955 2844 λοιπὸς

301 2884 497 2955 χῶρος
529 2883 637 2932 τῶν
685 2875 968 2950 πολεμίων
1020 2873 1272 2944 ἐσπάνιζε
1318 2877 1588 2947 καθαρῶς,
1648 2869 1775 2927 ἄλλ’
1817 2869 1956 2932 ἅπας

285 2968 506 3026 τούτων
539 2966 895 3041 πεπλήρωτο.
943 2965 1082 3021 Τότε
1135 2962 1192 3019 δὲ
1239 2963 1330 3018 καὶ
1383 2961 1585 3035 ἀνέμου
1633 2960 1952 3021 πνεύσαντος

289 3059 382 3114 καὶ
419 3061 541 3113 θῖνα
585 3057 805 3134 βαθεῖαν
861 3053 920 3110 ἐκ
960 3061 1063 3124 τῆς
1119 3052 1292 3108 ἐκεῖσε
1342 3048 1688 3126 ψαμμώδους
1742 3070 1954 3124 μετεω-

295 3148 556 3223 ρίσαντος
617 3152 720 3221 γῆς
776 3141 980 3218 σύρδην
1041 3141 1419 3217 ἐμπίπτουσαν
1480 3140 1762 3215 ἀμφότερα
1813 3159 1954 3211 συμ-

1387 328 1486 388 DE
1530 326 1901 390 MANUELE
1942 325 2328 390 COMNENO
2375 328 2522 392 LIB.
2569 329 2675 392 VI.

1621 454 1790 532 μηδὲν
1881 455 1981 532 γὰρ
2011 463 2066 526 Α
2098 460 2277 518 clavis
2299 461 2472 529 facta,
2499 477 2568 519 ex
2606 461 2908 520 barbarica
2963 462 3059 520 illa
3113 463 3417 536 phalange,
3455 468 3734 538 tanquam

3623 334 3743 396 530

2083 550 2372 622 decipula,
2430 555 2524 607 est
2572 551 2825 623 elapsus,
2879 553 2962 609 sic
3024 553 3262 623 quidem
3321 559 3439 610 toto
3493 573 3733 628 corpore

2081 639 2557 708 convulneratus,
2590 646 2658 697 ut
2695 652 2862 698 scuto
2900 644 3028 712 ejus
3058 643 3288 700 circiter
3342 661 3453 700 xxx
3512 649 3732 718 sagittae

2080 729 2454 798 iubarerent,
2469 733 2525 786 et
2554 730 2680 801 ipse
2699 731 2990 788 cassidem
3007 733 3312 790 decussam
3333 734 3595 791 attollere
3616 753 3729 791 non

2081 824 2299 892 posset.
2326 821 2534 877 Tamen
2565 820 2653 877 vel
2686 821 2771 878 sic
2800 821 2920 878 Deo
2965 823 3329 895 defendente,
3394 827 3493 896 qui
3549 826 3606 881 in
3639 828 3732 882 die

2081 909 2217 966 belli
2244 914 2419 982 caput
2446 911 2596 981 ejus,
2631 912 3126 982 quemadmadum
3180 913 3320 969 olim
3362 914 3614 981 Davidis,
3667 923 3729 972 ut

2077 1000 2287 1071 ipsein
2322 999 2566 1057 Psalmis
2624 1001 2860 1069 fatetur,
2929 1003 3313 1072 custodiebat,
3373 1005 3725 1063 mirabiliter

2078 1088 2460 1146 Barbarorum
2521 1105 2732 1147 manus
2813 1091 2966 1150 238
3025 1092 3254 1164 effugit.
3303 1094 3530 1150 Caetera:
3589 1111 3721 1153 vero

2077 1177 2338 1250 legiones
2366 1179 2618 1235 subinde
2649 1181 2814 1251 pejus
2837 1180 3254 1238 tractabantur.
3287 1182 3431 1237 Nam
3463 1187 3515 1238 et
3539 1183 3725 1240 ferra-

2077 1270 2150 1325 tis
2183 1269 2366 1325 hastis
2397 1269 2656 1340 undique
2696 1271 3100 1341 pungebantur
3141 1279 3190 1327 el
3217 1273 3432 1344 jaculis
3459 1276 3726 1339 peteban-

2076 1364 2192 1424 tur,
2225 1363 2284 1414 et
2311 1359 2558 1416 invicem
2602 1359 2715 1431 ipsi
2753 1377 2882 1416 sese
2932 1363 3208 1432 prostrati
3260 1363 3707 1420 conculcabant.

2074 1449 2292 1515 Quodsi
2319 1450 2418 1520 qui
2452 1449 2559 1505 bas
2590 1465 2823 1521 quoque
2869 1451 3088 1517 fauces,
3140 1453 3408 1508 Barbaris
3463 1455 3564 1525 qui
3620 1472 3720 1511 eas

2071 1538 2410 1596 insederant
2439 1539 2646 1611 pulsis,
2686 1545 3058 1612 superarent,
3111 1543 3170 1596 in
3230 1541 3413 1598 altera
3467 1544 3614 1599 valle
3645 1546 3718 1600 ab

2074 1628 2342 1686 hostibus
2362 1628 2710 1686 interibant.
2744 1631 2799 1686 Is
2831 1631 2983 1686 enim
3017 1631 3299 1686 transitus
3343 1631 3402 1686 in
3449 1649 3520 1688 vn
3581 1650 3717 1705 pro-

2073 1720 2285 1775 fundas
2342 1719 2526 1775 valles
2573 1719 2726 1774 inter
2787 1736 2915 1776 sese
2963 1719 3185 1776 vicinas
3269 1721 3616 1789 ﬁndebatur,
3658 1727 3716 1778 et

2074 1808 2242 1864 initio
2261 1807 2433 1879 paulo
2447 1808 2616 1864 latior
2634 1826 2839 1864 rursus
2854 1809 2910 1863 in
2929 1809 3235 1879 angustias
3253 1810 3715 1882 complicabatur,

2079 1900 2168 1955 Ezs
2195 1913 2351 1962 vero,
2383 1913 2586 1952 omnes
2614 1901 2881 1952 accurate
2907 1914 2940 1952 a
2978 1897 3185 1953 Turcis
3216 1898 3714 1969 custodiebantur,

2076 1992 2253 2058 atque
2297 1988 2440 2042 adeo
2471 1991 2675 2042 cetero
2713 2002 2946 2058 quoque
2994 1985 3119 2041 loca
3165 1987 3484 2043 Turcarum
3546 1988 3717 2058 plena

2074 2080 2258 2133 erant.
2318 2075 2400 2130 Ad
2435 2074 2558 2130 hac
2618 2074 2887 2146 procellis
2935 2091 3242 2130 arenarum
3292 2083 3464 2131 vento
3511 2078 3568 2132 in
3615 2093 3713 2132 eos

2074 2164 2533 2237 impulsisambo
2563 2164 2850 2221 exercitus
2893 2165 3108 2235 impetu
3152 2166 3474 2237 congressi,
3533 2165 3716 2223 veluti

2075 2260 2250 2314 noctu
2284 2261 2343 2312 et
2375 2256 2432 2310 in
2465 2255 2832 2311 densissimis
2873 2254 3130 2310 tenebris
3188 2256 3528 2327 pugnabant
3559 2273 3572 2312 :
3608 2273 3714 2313 nec

2073 2349 2193 2405 ullo
2224 2345 2562 2404 discriminc
2591 2344 2765 2401 amici
2825 2349 2927 2400 aut
2976 2344 3218 2413 inimici,
3276 2346 3430 2401 obvii
3491 2346 3710 2418 quique

2075 2437 2557 2504 trucidabantur;
2590 2435 2906 2506 eodemque
2948 2434 3074 2490 loco
3105 2433 3275 2491 Turci
3328 2438 3385 2490 et
3433 2436 3706 2505 Romani,

2065 2531 2331 2601 jumenta
2359 2530 2416 2581 et
2447 2524 3030 2595 bominesjecebant,
3064 2527 3129 2579 ut
3181 2523 3350 2579 vallis
3399 2523 3501 2579 illa
3555 2524 3705 2580 nihil

2070 2621 2224 2675 esset
2253 2616 2410 2671 aliud
2431 2613 2980 2685 nisiamplissimum
3001 2613 3288 2682 quoddam
3321 2617 3379 2669 et
3398 2629 3705 2670 commune

2068 2709 2482 2771 Romanorum,
2515 2704 2925 2770 Barbarorum,
2959 2704 3356 2774 jumentorum
3415 2705 3705 2774 pecudum

2067 2813 2180 2868 que
2204 2793 2563 2866 sepulcrum.
2599 2792 2802 2847 Plures
2830 2795 3020 2847 tamen
3068 2791 3309 2848 Romani
3342 2792 3702 2859 ceciderunt,

2067 2883 2385 2957 praesertim
2417 2880 2801 2937 illustrissimi
2820 2881 3416 2951 quiqneimperatoris
3441 2882 3696 2953 cognati.

2069 2975 2138 3032 Ut
2154 2979 2346 3028 autem
2381 2971 2532 3026 289
2566 2969 2738 3025 tnrbo
2767 2969 2864 3024 ille
2894 2970 3165 3026 discussa
3194 2969 3441 3042 caligine
3465 2970 3699 3041 quievit,

2065 3059 2358 3132 conspecti
2385 3057 2616 3129 quidam
2652 3060 2793 3112 sunt
2825 3055 2962 3127 (heu
3017 3057 3296 3113 miserum
3351 3057 3704 3130 spectalum)

2065 3165 2250 3221 usque
2275 3149 2344 3204 ad
2377 3147 2608 3204 lumbos
2627 3150 2684 3202 et
2702 3147 2852 3202 colla
2889 3147 3269 3204 cadaveribus
3301 3148 3698 3220 oircumsepti,

296 3241 486 3294 πεσεῖν
537 3231 752 3311 ἒγὲνετο
807 3233 874 3288 τὰ
931 3232 1327 3310 στρατεύματα,
1382 3231 1473 3285 καὶ
1527 3231 1604 3292 ὼς
1661 3227 1712 3284 ἐν
1761 3247 1955 3284 νυκτο-

2065 3209 2172 3310 qni‘
2188 3237 2486 3309 supplices
2515 3235 2836 3291 tendebant
2866 3252 3076 3293 manus
3104 3242 3162 3292 et
3189 3241 3354 3309 gestu
3379 3209 3699 3293 miserabili

295 3325 476 3402 μαχίᾳ
507 3323 599 3380 καὶ
639 3325 817 3379 σκύτει
854 3320 1172 3400 ψηλαφητῷ
1201 3319 1475 3391 ἀλλήλοις
1529 3318 1945 3395 προσφερόμενα

287 3422 412 3476 τοῖς
452 3413 677 3490 ἐχθροῖς
736 3413 861 3473 τοὺς
919 3410 1114 3489 φίλους
1165 3409 1641 3488 ἐπικατέσφαττον,
1697 3410 1787 3462 καὶ
1845 3407 1946 3462 οὐκ

292 3506 346 3579 ἐξ
427 3502 719 3582 ὁμοφύλου
795 3498 1086 3574 διακρίνειν
1163 3497 1507 3579 ἀλλόφυλον,
1550 3497 1695 3554 ἀλλά
1743 3497 1943 3571 Ιίέρσαι

288 3595 382 3652 καὶ
459 3595 732 3666 Ῥωμαῖοι
808 3585 1260 3664 συμϐεϐλημένοι
1334 3588 1425 3642 καὶ
1498 3588 1615 3642 καθ’
1664 3588 1940 3662 ὁμογενῶν

287 3684 540 3742 ἐσπῶντο
572 3683 639 3737 τά
692 3683 819 3760 ξίφη
875 3678 1096 3735 καὶτὸν
1155 3678 1448 3753 προσιόντα
1504 3675 1816 3732 κατέκαινὸν
1869 3676 1943 3738 ὡς

279 3773 578 3846 πολέμιον,
625 3771 699 3836 ὠς
755 3769 851 3832 τάς
903 3767 1142 3847 τάφρους
1196 3769 1363 3830 τάφον
1411 3763 1502 3821 ἕνα
1550 3767 1793 3842 γενέσθαι
1851 3765 1940 3819 καὶ

281 3866 610 3938 πάμμικτον
670 3857 1038 3933 πολυάνδριον
1093 3856 1184 3912 καὶ
1239 3859 1500 3928 σκήνωμα
1562 3857 1744 3910 κοινὸν
1800 3856 1942 3911 Ῥω-

284 3955 463 4029 μαίων
497 3975 559 4008 τε
621 3952 709 4006 καὶ
772 3945 1062 4027 βαρϐάρων
1119 3947 1209 4003 καὶ
1264 3948 1452 4003 ἳππων
1502 3947 1592 4001 καὶ
1649 3947 1794 4023 βοῶν
1850 3947 1940 4000 καὶ

282 4042 424 4100 ’ὄνων
473 4039 973 4122 ἀχθηφοροὖντων.
1030 4039 1258 4095 Ἐπεσον
1317 4035 1406 4091 οὖν
1461 4036 1678 4110 ἀριθμῷ
1717 4034 1942 4096 πλείους

283 4135 588 4210 Ῥωμαῖοι,
645 4129 736 4186 καὶ
782 4127 1020 4199 μάλιστα
1069 4130 1176 4182 τῶν
1233 4124 1293 4181 ἐκ
1345 4130 1441 4180 τοῦ
1500 4124 1690 4202 γένους
1727 4129 1806 4198 τῷ
1840 4126 1942 4198 βα·-

286 4223 450 4295 σιλεῖ,
484 4221 576 4277 καὶ
634 4219 842 4274 τούτων
900 4221 982 4279 οἷς
1034 4214 1178 4272 πολὺ
1229 4217 1293 4271 τὸ
1344 4213 1634 4288 ἐπίσημον.
1677 4215 1768 4278 Ὠς
1815 4212 1938 4284 δὲὴ

285 4313 429 4373 κόνις
461 4310 750 4384 ἐλώφησεν
846 4328 900 4362 τε
935 4304 1114 4382 ἀχλὺς
1148 4303 1357 4375 ἐκείνην
1408 4305 1498 4360 καὶ
1550 4303 1780 4381 άορασία
1831 4301 1938 4358 διε·

288 4397 574 4467 σκέδαστο,
654 4394 972 4452 ὠπτάνοντό
1044 4414 1186 4458 τινες
1263 4395 1383 4473 (φεῦ
1456 4396 1553 4448 τοῖ’)
1645 4392 1940 4448 ἀπευκτέου

284 4491 614 4567 πράγματος
650 4487 741 4542 καὶ
807 4484 1106 4560 ὁράματος)
1155 4480 1261 4545 ’έως
1311 4482 1455 4555 ἰξῦος
1509 4481 1600 4535 καὶ
1652 4480 1940 4558 τραχήλου

2055 3325 2367 3398 aclugubri
2398 3341 2536 3382 voce
2559 3325 3032 3397 praetereuntium
3065 3342 3233 3396 opem
3264 3326 3684 3397 implorabant:

2055 3418 2152 3473 sed
2187 3431 2356 3472 nemo
2387 3419 2514 3470 erat
2543 3414 2642 3486 qui
2683 3415 2950 3470 auxiliari
3005 3423 3220 3486 posset.
3276 3416 3419 3472 Nam
3471 3417 3688 3487 quique

2053 3521 2218 3562 suam
2242 3504 2466 3560 cladem
2499 3503 2728 3560 illorum
2773 3505 3049 3576 exemplis
3082 3506 3405 3572 metientes,
3455 3506 3514 3560 in
3562 3506 3691 3560 vita:

2053 3593 2308 3667 periculo
2365 3592 2520 3648 haud
2584 3598 2790 3664 sponte
2846 3594 3338 3650 immisericordes
3409 3597 3574 3649 erant
3633 3599 3690 3648 et

2052 3685 2191 3756 fuga
2221 3682 2468 3738 salutem
2502 3698 2760 3753 querere
2791 3683 3145 3753 satagebant.
3208 3683 3528 3751 Imperator
3556 3697 3689 3738 vero

2051 3776 2159 3831 sub
2192 3775 2316 3846 pyri
2341 3773 2640 3846 sylvestris
2658 3773 2867 3828 umbra
2885 3773 3032 3828 vires
3080 3771 3392 3827 exhaustas
3443 3772 3685 3842 recipie-

2053 3863 2174 3932 bat,
2210 3862 2336 3918 sine
2375 3862 2682 3933 armigero,
2744 3860 2871 3916 sine
2927 3860 3203 3927 satellite,
3254 3861 3382 3917 sine
3452 3864 3692 3919 custode

2052 3951 2192 4007 ullo.
2224 3951 2335 4006 Sed
2368 3950 2606 4021 quidam
2646 3949 2946 4020 gregarius
2985 3967 3164 4020 eques
3219 3951 3347 4020 ejus
3400 3951 3674 4008 misertus

2053 4040 2203 4096 ultro
2242 4039 2480 4105 accedit,
2513 4038 2680 4109 eique
2711 4054 2810 4109 pro
2868 4037 3017 4094 virili
3077 4039 3407 4095 ministrare
3474 4042 3688 4107 studet,

2050 4133 2107 4186 et
2135 4128 2361 4200 galeam
2385 4127 2499 4183 huc
2529 4131 2702 4199 atque
2733 4127 2872 4184 illuc
2905 4129 3208 4184 cadentem
3242 4129 3420 4200 capiti
3443 4129 3690 4199 reponit.

2053 4222 2280 4276 Interea
2309 4217 2479 4273 Persa
2509 4217 2742 4288 quidam
2778 4217 3048 4286 accurrit,
3075 4222 3132 4272 et
3183 4218 3344 4274 freno
3400 4219 3689 4290 prehenso

2053 4325 2186 4365 eum
2218 4306 2554 4362 abstrahere
2583 4309 2798 4372 studet,
2831 4307 2984 4377 quod
3020 4323 3191 4362 nemo
3223 4312 3345 4363 erat
3376 4308 3476 4379 qui
3537 4309 3693 4364 obsi-

2054 4396 2380 4454 steret.Sed
2412 4395 2798 4452 eumManuel
2856 4397 3104 4466 impacto
3162 4397 3220 4451 in
3281 4403 3457 4467 caput
3515 4397 3693 4454 hastae

2055 4485 2356 4556 fragmine,
2417 4485 2570 4556 quod
2631 4483 2818 4540 adhuc
2858 4485 3149 4556 reliquum
3200 4485 3476 4555 habebat,
3521 4487 3692 4542 humi

289 4579 678 4654 συνισχημὲνοι
751 4579 866 4637 τοῖς
939 4574 1248 4647 πτώμασιν,
1326 4571 1379 4625 οἳ
1451 4569 1541 4624 καὶ
1603 4575 1793 4646 χεῖρας
1844 4573 1938 4645 μὲν

2065 4575 2380 4648 prostravit.
2417 4573 2593 4629 Paulo
2623 4578 2752 4646 post
2774 4573 2947 4628 etiam
2997 4574 3095 4628 alii
3133 4575 3315 4630 Persea
3346 4582 3679 4644 accurrunt,

285 4664 524 4729 ἱκέτιδας
557 4660 766 4740 ὤρεγον
813 4661 904 4718 καὶ
963 4663 1244 4741 σχήμασιν
1295 4659 1564 4721 ἐλεέινοῖς
1612 4660 1702 4714 καὶ
1750 4666 1950 4736 φωναῖς

290 4759 480 4835 γοερὸν
558 4754 906 4834 ὒπηχοῦσαις
982 4749 1394 4829 προύκαλοῦντο
1467 4749 1604 4812 τοὺς
1652 4750 1952 4824 παριόντας

291 4847 362 4909 εἷς
394 4847 646 4922 ἀρωγὴν,
680 4841 868 4900 οὖδένα
929 4841 986 4898 δὲ
1027 4842 1120 4897 τὸν
1177 4840 1398 4913 ἀμύνειν
1446 4837 1742 4916 δυνάμενον
1795 4841 1950 4915 εἶχὸν

295 4935 419 4992 οὐδὲ
448 4935 544 4991 τὸν
578 4935 842 5004 σώζοντα’
906 4933 1098 4994 πάντες
1146 4929 1248 5007 γάρ
1311 4931 1393 4991 οἷς
1451 4927 1690 5008 ἔπασχον
1750 4928 1946 4984 ἐκεῖνοι

289 5029 382 5095 rip:
460 5023 666 5082 οἰκείαν
740 5021 1184 5098 προτυποῦμενοι
1267 5019 1582 5097 συμφοράν,
1661 5019 1749 5074 τὸν
1823 5022 1946 5096 περῖ

291 5119 477 5190 ψυχῆς
540 5111 856 5187 τρέχοντες,
904 5107 1150 5165 ἀκοῦσιοί
1204 5127 1358 5168 τινες
1407 5107 1542 5176 ἦσαν
1601 5109 1947 5182 ἆνοικτίρμο-

289 5225 386 5272 νες,
419 5201 616 5265 καὶὼς
669 5201 877 5278 τάχους
934 5201 1088 5272 εἶχον
1144 5196 1343 5266 σώζειν
1402 5196 1624 5260 ἑαυτοὺς
1669 5194 1943 5257 ἔσπευδον.

291 5294 349 5352 ,Ο
382 5291 439 5347 δὲ
476 5289 731 5368 βασιλεὺς
790 5287 1064 5356 Μανουῆλ
1117 5287 1269 5340 σκιὰν
1330 5283 1574 5341 ὑπελθὼν
1616 5285 1942 5360 ἀχλαδηιρο·

295 5388 517 5459 ροῦντος
585 5376 809 5455 δένδρου
861 5370 1230 5448 ἀνελάμϐανεν
1288 5375 1473 5430 ἑαυτὸν
1528 5373 1616 5428 καὶ
1663 5379 1941 5448 καμοῦσαν

2062 4664 2162 4736 qui
2194 4680 2326 4719 eum
2347 4663 2502 4720 2:10
2533 4663 2717 4719 virum
2752 4678 2956 4736 capere
2979 4665 3468 4730 conabantur,sed
3484 4671 3540 4722 et
3569 4666 3699 4722 illos

2061 4752 2227 4808 facile
2285 4752 2648 4825 propulsavit
2699 4757 2930 4823 arrepta
2987 4751 3154 4808 basta
3203 4753 3536 4811 assistentis
3583 4757 3693 4811 sibi

2060 4840 2274 4913 equitis
2318 4849 2371 4896 et
2401 4857 2517 4896 uno
2547 4858 2615 4896 ex
2670 4841 2940 4897 hostibus
2999 4843 3321 4898 transﬁxo:
3377 4845 3502 4914 ipse
3561 4860 3694 4898 vero

2059 4950 2237 5005 eques
2267 4933 2468 4990 stricto
2492 4949 2630 4989 ense
2651 4932 2812 4989 alteri
2843 4937 3022 5004 caput
3075 4934 3413 5003 amputavit.
3481 4935 3697 4991 Deinde

2058 5022 2189 5078 aliis
2211 5039 2244 5077 κ
2278 5023 2553 5078 Romanis
2588 5021 2870 5077 militibus
2900 5021 3698 5091 accuarentibusindodigre--

2058 5111 2237 5177 ditur,
2269 5113 2622 5183 conjungere
2654 5128 2716 5167 se
2747 5127 2881 5166 eum
2909 5109 3240 5181 legionibus
3271 5125 3398 5179 quae
3431 5116 3698 5167 anteces-

2057 5203 2534 5275 serantcupiens.
2567 5205 2671 5260 Sed
2712 5219 2914 5258 rursus
2947 5201 3187 5272 paulum
3240 5217 3608 5273 progressus,
3643 5211 3696 5261 et

2055 5292 2376 5346 Turcarum
2403 5306 2649 5346 occursu
2697 5294 2750 5345 et
2795 5291 3137 5344 cadaverum
3200 5290 3418 5344 acervis
3466 5289 3524 5346 in
3565 5293 3698 5364 .viis

2049 5379 2308 5451 jacentin
2322 5396 2372 5434 m
2410 5380 2860 5450 impediebatur.

299 5471 546 5548 συνέλεγε
610 5471 710 5540 τὴν
768 5468 946 5544 ἰσχὺν,
1014 5467 1089 5538 μὴ
1159 5461 1304 5540 ἔχων
1369 5466 1707 5535 ὑπασπιστὴν
1768 5468 2171 5541 συνιστάμενον,
2232 5470 2306 5541 μή
2369 5467 2671 5546 δορυφόρον
2727 5467 3111 5541 ἐπισπόμενον,
3175 5467 3315 5543 μηδὲ
3377 5479 3702 5553 σωματοφύ.

301 5561 435 5618 λακα
467 5560 822 5640 ἐφεπόμενον.
857 5553 1010 5614 Ἰδὼν
1044 5551 1100 5609 δέ
1138 5574 1218 5615 τις
1268 5552 1424 5609 αὐτὸν
1481 5554 1568 5608 καὶ
1622 5554 1887 5632 οἶκτείρας
1936 5557 1995 5612 ἐκ
2049 5562 2146 5612 τοῦ
2204 5563 2312 5613 τῶν
2370 5559 2578 5614 ἱππέων
2620 5558 2914 5632 τάγματος,
2973 5558 3061 5612 καὶ
3122 5558 3282 5621 οὗτος
3327 5567 3434 5617 τῶν
3488 5551 3696 5640 ἀγανῷν

303 5653 389 5707 καὶ
427 5649 657 5706 πολλῶν
688 5646 1000 5721 Ῥωμαίων,
1054 5643 1332 5724 ἐφίσταταί
1390 5645 1440 5698 οἳ
1498 5645 1795 5720 προθῦμως
1852 5647 1990 5702 κατὰ
2043 5647 2353 5724 προαίρεσιν
2407 5648 2496 5703 καὶ
2557 5646 2821 5704 διακονεῖν
2878 5650 3109 5724 αἱρεῖται
3176 5651 3242 5706 τά
3300 5650 3516 5728 δυνατὰ,
3577 5658 3694 5714 ὅθεν
