4118 6200
475 331 591 395 531
1733 291 1742 302 ”
1781 324 2089 386 NICETA!
2129 324 2553 389 CHONIATE
3667 310 3818 399 ~532

477 464 567 518 καὶ
597 464 694 532 τήν
722 462 915 530 κυνέην
949 461 1176 535 ἑτέρωσε
1229 456 1580 533 βαλλομένην
1637 462 1706 531 τῇ
1765 454 1972 512 ἐκείνου
2029 457 2308 531 ἐφήρμοσε
2362 457 2604 538 κεφαλῇ.
2673 460 2760 517 Ἐν
2821 461 2908 532 [Ρ.
2969 459 3093 532 120]
3265 454 3321 512 δὲ
3372 462 3486 525 καθ’
3541 461 3568 517 ὅ
3619 463 3825 541 εἶρήχει-

485 575 582 626 μεν
621 549 840 626 δένδρον
899 552 927 605 ὁ
987 547 1243 623 βασιλεὺς
1302 549 1661 623 ἀνεκώχευεν,
1720 544 2036 622 ἐπιδραμών
2096 567 2177 610 τις
2233 549 2448 621 Πέρσης
2505 547 2722 628 ἐφεῖλκε
2775 552 2969 602 τοῦτον
3021 549 3120 602 τοῦ
3175 543 3408 621 χαλινοῦ
3463 550 3591 606 κατὰ
3639 553 3825 626 πολλὴν

481 646 579 697 τοῦ
607 640 948 700 κωλύσοντος
979 636 1229 711 ἐρημίαν
1264 638 1293 690 ὁ
1325 634 1382 692 δέ
1441 637 1652 707 πλήξας
1710 635 1868 691 αὑτὸν
1923 637 2062 690 κατὰ
2115 636 2358 714 κεφαλῆς
2413 641 2493 709 τῷ
2547 643 2646 693 τοῦ
2698 635 2925 713 δόρατος
2983 639 3236 711 τμήματι
3268 635 3466 713 ὅεῖχεν
3521 637 3594 695 ἔτι
3635 640 3682 696 ἐν
3728 651 3826 699 ταῖν

481 734 694 805 χεροῖν,
755 727 831 788 εἷς
889 733 992 802 γῆν
1053 721 1274 784 ἔϐαλλε.
1335 726 1462 782 Μετ’
1515 725 1576 781 οὑ
1624 723 1770 781 πολὺ
1824 723 1870 779 δ’
1921 719 2092 802 ἕτεροι
2148 725 2345 800 Πέρσαι
2404 725 2638 804 ζωγρίαν
2698 725 2840 783 ἐλεῖν
2898 726 3264 802 ὀριγνώμενοι
3320 724 3402 780 ἐπ’
3447 727 3598 782 αὑτὸν
3661 730 3825 806 ἲενται,

483 817 682 894 ῥᾳδίως
746 815 804 872 δὶ
853 818 943 872 καὶ
993 815 1220 877 τούτους
1275 814 1502 871 ἐώσατο·
1561 816 1816 892 βασιλεὺς
1878 818 1972 891 μὲν
2030 817 2133 894 γὰρ
2211 817 2278 872 τὸ
2331 821 2428 872 τοῦ
2511 822 2842 880 συνεστῶτος
2907 818 3146 874 ἱππότου
3212 813 3340 892 δόρυ
3414 818 3831 895 ἀγκοινησάμενος

483 905 748 982 διαπείρει
800 907 894 962 ἓνα
947 910 1058 961 τῶν
1117 905 1374 960 ἐπιόντων
1429 902 1535 968 ἓως
1600 906 1690 960 καὶ
1749 906 1826 970 εἰς
1879 906 2039 962 αὑτὸν
2095 907 2342 978 θάνατον,
2380 905 2540 969 αὐτὸς
2571 905 2618 961 δ’
2663 908 2692 962 ὑ
2747 908 2988 978 ἱππότης
3029 906 3095 962 τὸ
3147 906 3300 984 ξίφος
3348 906 3668 980 σπασάμενος
3719 913 3832 968 ἁπο-

479 1003 780 1071 καρατομεῖ
830 995 1032 1068 ἓτερον.
1095 992 1535 1050 Συναλισθέντων
1586 991 1644 1048 δέ
1696 993 1786 1048 καὶ
1839 995 1962 1069 περὶ
2019 996 2114 1050 τὸν
2175 994 2401 1071 βασιλέα
2457 995 2653 1071 ἐτέρων
2741 995 3069 1070 ὁπλοφόρων
3130 991 3258 1050 δέκα
3329 996 3612 1070 Ῥωμαίων
3664 997 3832 1064 ἐκεῖθεν

489 1079 788 1158 μετέϐαινε,
851 1081 1114 1156 συμμίξαι
1172 1081 1510 1158 γλιχόμενος
1567 1087 1683 1144 τοῖς
1755 1085 2236 1158 προηγησαμένοις
2292 1083 2584 1156 τάγμασιν.
2645 1081 2801 1141 Ἀλλ’
2875 1081 3030 1146 αὖθις
3091 1083 3287 1156 μικρόν
3355 1103 3408 1137 τι
3463 1079 3660 1159 προϐάς
3703 1086 3836 1146 ὑπότε

486 1173 750 1249 Τούρκων
808 1180 910 1242 τῆς
965 1175 1153 1248 πρόσω
1205 1172 1429 1246 πορείας
1478 1171 1737 1246 εἳργεται,
1795 1172 1885 1226 καὶ
1940 1178 2058 1235 τοῖς
2116 1178 2224 1227 τῶν
2273 1171 2546 1227 πεσόντων
2611 1171 2721 1246 οὐχ
2773 1171 2935 1241 ἦττον
2990 1176 3200 1245 νεκροῖς
3257 1169 3592 1246 ἆπερύκεται,
3650 1173 3697 1228 οἳ
3735 1178 3836 1251 περὶ

481 1264 579 1325 τὰς
615 1260 776 1326 ὀδοὺς
805 1261 1180 1338 αἷθριάζοντες
1211 1262 1546 1338 ἀπέφραττον
1575 1259 1739 1322 αὑτὰς
1771 1258 2020 1336 σωρηδὸν
2053 1261 2428 1335 προκείμενοι.

581 1355 668 1408 Vl.
695 1353 1125 1410 Faucibusistis
1147 1352 1639 1424 etpmterﬂuente
1667 1368 1840 1407 amne
1869 1368 2135 1422 aegresu-
2163 1355 2207 1420 Α

2207 1403 2218 1419 _
2318 1351 2390 1407 Δ“.
2423 1348 2600 1412 Μόλις
2627 1347 2684 1405 δέ
2711 1349 2778 1405 τὰ
2836 1347 3007 1405 ἐκεῖσε
3055 1347 3389 1423 δυσπόρευτα
3435 1349 3609 1424 χωρία
3650 1353 3729 1406 καὶ
3764 1353 3833 1408 τὸν

489 1444 729 1512 paratis,
765 1442 974 1498 alicubi
1009 1459 1188 1514 super
1217 1442 1499 1498 cadavera
1557 1441 1896 1512 equitando,
1957 1441 2115 1496 alien

2243 1437 2398 1515 ἐγγύς
2451 1459 2558 1493 που
2613 1437 2987 1514 παραρρέοντα
3041 1438 3285 1512 ποταμὸν
3356 1434 3605 1511 διελθὼν,
3654 1439 3839 1516 ἐνιαχοὺ

491 1531 813 1587 Romanam
851 1546 1089 1586 manum
1122 1531 1298 1603 uegit,
1331 1547 1457 1600 quae
1489 1531 1560 1584 ad
1595 1535 1974 1601 conspectum
2007 1531 2117 1600 ejui

2241 1532 2348 1583 τῶν
2423 1531 2764 1602 θνησιμαίων
2841 1522 3130 1583 ἐπιϐαίνων
3209 1527 3299 1581 καὶ
3375 1525 3577 1581 τούτων
3649 1529 3838 1603 ὕπερθεν

497 1619 769 1675 accurrit.
798 1619 880 1674 Ibi
908 1619 1193 1674 Joannem
1221 1618 1692 1674 Cantacuzenum
1745 1618 1938 1690 neptis
1971 1618 2123 1674 mari-

2244 1617 2635 1690 ἱππαζόμενος,
2668 1617 2906 1693 ἀθροίζει
2937 1617 3026 1672 καὶ
3059 1614 3200 1671 ἄλλο
3242 1636 3296 1671 τι
3339 1620 3524 1692 στῖφος
3577 1617 3841 1690 Ῥωμαϊκὸν

494 1714 618 1762 tum
653 1723 836 1761 unum
869 1723 1003 1763 cum
1037 1706 1238 1760 multis
1272 1711 1508 1762 strenue
1553 1705 1856 1773 dimicare,
1915 1711 1971 1761 et
1999 1707 2120 1761 dun

2244 1707 2382 1762 κατᾶ
2411 1708 2533 1763 θέαν
2565 1707 2731 1762 αὑτοῦ
2789 1704 3123 1781 συνδραμὸν,
3156 1705 3246 1762 ὅτε
3297 1705 3390 1760 καὶ
3449 1701 3731 1779 ἀναϐλέψας
3762 1708 3841 1780 ὁρᾷ

497 1796 710 1850 frustra
756 1794 970 1850 auxilia
1025 1796 1472 1865 circumspecta,
1533 1793 1712 1849 sterni
1771 1810 1837 1848 ac
1896 1792 2123 1866 spoliari

2247 1801 2366 1860 τοῖς
2396 1794 2705 1872 ὀφθαλμοῖς
2739 1795 2831 1851 τὸν
2860 1793 2946 1850 ἐπ’
2983 1794 3175 1869 άνεῴιᾷ
3223 1788 3496 1871 γαμϐρὸν,
3534 1792 3622 1849 τὸν
3665 1797 3837 1851 Καντα-

497 1886 674 1940 videt.
706 1887 886 1939 Persre
906 1899 1040 1938 vero
1068 1882 1170 1954 qui
1201 1881 1366 1937 illum
1402 1879 1754 1949 occiderant,
1789 1890 1851 1936 ut
1886 1882 2123 1955 impera-

2247 1883 2512 1953 κουζηνὸν
2553 1884 2832 1954 Ἰωάννην,
2889 1879 2984 1938 ἕνα
3037 1883 3173 1956 πρὸς
3227 1880 3456 1943 πλείους
3504 1879 3841 1954 διαμιλλώμε-

498 1981 681 2028 torem
716 1971 1004 2042 praeterire
1032 1972 1302 2026 viderunt
1331 1970 1543 2042 (neque
1572 1970 1726 2025 enim
1757 1969 1935 2026 latere
1981 1976 2124 2042 potet

2247 1993 2339 2027 νον
2383 1971 2471 2026 καὶ
2531 1969 2790 2046 ἀνδρείως
2852 1971 3038 2032 αὐτοῖς
3092 1969 3556 2047 προσφερόμενον,
3597 1969 3678 2024 καὶ
3719 1989 3844 2044 περι-

501 2060 629 2132 rat),
661 2060 718 2114 in
751 2059 1049 2115 cohortem
1077 2057 1426 2128 conglobati,
1468 2059 1882 2129 imperatorem
1933 2063 1998 2114 ut
2043 2059 2127 2129 opi

2249 2056 2587 2134 ϐλεπόμενον
2627 2063 2719 2134 μέν
2763 2061 2810 2114 εἳ
2873 2081 2960 2125 τις
3014 2058 3306 2135 ἐπαρήξων
3361 2057 3543 2132 ἐκείνῳ
3593 2057 3845 2130 ἐλεύσεται,

501 2167 658 2206 mam
709 2150 957 2222 praedam
1002 2147 1313 2220 petebant:
1365 2164 1536 2220 quem
1597 2163 1660 2203 se
1711 2165 1842 2204 mox
1898 2153 1998 2204 aut
2053 2163 2127 2204 cat

2249 2149 2310 2204 ἐκ
2339 2147 2397 2204 δέ
2453 2153 2552 2204 τοῦ
2613 2147 2822 2222 μηδένα
2879 2150 2971 2204 τὸν
3043 2148 3331 2222 ἀμύνοντα
3381 2148 3687 2224 παρεστάναι
3740 2147 3850 2221 μετά

501 2244 707 2311 pturos
735 2245 835 2293 aut
872 2238 1280 2294 interfecturos
1311 2237 1724 2308 opinabantur.
1759 2238 1943 2293 Erant
1964 2238 2002 2292 ii
2035 2238 2127 2292 viri

2254 2239 2437 2316 βραχὺ
2471 2238 2734 2294 πίπτοντά
2759 2259 2820 2293 τε
2867 2238 2959 2293 καὶ
3009 2235 3439 2310 σκυλευόμενον.
3492 2239 3554 2295 Οἱ
3599 2235 3648 2292 δέ
3686 2241 3851 2291 τοῦτον

501 2327 696 2384 eximii
718 2332 772 2384 et
805 2327 982 2382 armis
1004 2325 1286 2398 insignes,
1318 2330 1375 2381 et
1400 2342 1601 2382 omnes
1657 2327 1826 2398 equis
1881 2326 2127 2382 Arabicis

2253 2325 2612 2390 ἀπεκτονότες
2672 2323 2868 2402 Πέρσαι
2923 2328 2998 2392 ὡς
3054 2323 3198 2382 εἶδον
3256 2327 3524 2401 παριόντα
3572 2327 3651 2381 τὸν
3699 2326 3846 2381 αὑτο-

499 2416 834 2474 insidebant
867 2433 879 2470 :
908 2416 1054 2472 241
1092 2415 1192 2488 qui
1222 2418 1427 2488 praeter
1451 2413 1568 2470 alia
1589 2418 1932 2470 ornamenta
1946 2415 2125 2487 splen‘

2251 2416 2489 2490 κράτορα
2533 2412 2682 2490 (οὐδὲ
2737 2416 2839 2492 γὰρ
2895 2416 2963 2485 ἦν
3018 2413 3248 2488 λαθεῖν),
3318 2415 3733 2491 συγκροτηθέντες
3784 2413 3847 2474 εἷς

499 2504 805 2561 didissima
836 2504 1088 2575 prolixae
1113 2502 1287 2558 tricas
1316 2519 1386 2558 ex
1413 2502 1645 2570 equinis
1677 2502 1811 2574 pilis
1842 2506 2125 2558 contexta:

2253 2503 2475 2578 σπείραν
2506 2504 2580 2567 ὡς
2638 2504 2713 2566 είς
2761 2507 2983 2577 Θήραμα
3027 2505 3162 2581 μέγα
3203 2505 3308 2560 τὸν
3371 2503 3586 2580 βασιλέα
3623 2502 3837 2576 ἐπῄεσαν·

500 2599 556 2650 et
585 2609 827 2650 sonoras
852 2592 1019 2648 nolas
1049 2595 1119 2648 de
1147 2591 1316 2647 collis
1373 2592 1766 2662 dependentes
1823 2591 2126 2648 habebant

2251 2590 2426 2665 ᾤοντο
2455 2593 2558 2668 γὰρ
2608 2593 2798 2648 αὐτίκα
2845 2591 2910 2663 δὴ
2961 2592 3111 2666 μάλα
3159 2597 3368 2649 τοῦτον
3415 2595 3640 2668 αἱρήσειν
3667 2593 3697 2661 ἢ
3725 2593 3848 2645 ἄναι-

501 2683 717 2738 Vcrum
761 2682 1099 2754 imperator,
1150 2680 1362 2737 animis
1409 2695 1649 2736 suorum
1700 2679 1983 2746 excitatis,
2036 2679 2127 2735 ho-

2255 2684 2463 2757 ρήσειν.
2494 2686 2664 2738 Ἦσαν
2699 2680 2746 2737 δ’
2777 2680 2927 2737 οὗτοι
2984 2683 3178 2746 πάντες
3228 2677 3516 2758 Ἀραϐίοις
3562 2677 3737 2757 ἔποχοι
3772 2678 3849 2735 ἳπ-

505 2771 679 2827 slium
711 2770 993 2842 impetum
1025 2769 1190 2826 facile
1221 2768 1560 2841 propulsat;
1597 2783 1664 2825 ac
1683 2767 2131 2838 subindepaula-

2253 2793 2380 2834 ποις
2454 2773 2543 2826 καὶ
2618 2771 2754 2827 κατὰ
2826 2773 2948 2828 θέαν
3021 2777 3128 2827 τῶν
3203 2771 3442 2829 πολλῶν
3495 2773 3852 2851 ὑπερφέροντες·

504 2864 609 2916 tim
641 2860 1082 2933 progrediendo,
1115 2863 1173 2914 et
1217 2875 1373 2914 nunc
1413 2874 1571 2914 more
1613 2856 1748 2913 belli
1795 2873 1954 2913 nunc
2001 2857 2130 2912 citri

2250 2859 2550 2934 ὁπλισμοῖς
2606 2882 2666 2916 τε
2721 2860 2826 2937 γὰρ
2881 2859 3199 2936 ἐκπρεπέσιν
3301 2862 3572 2932 ἐκάζοντο,
3624 2861 3703 2914 καὶ
3753 2858 3852 2920 τοὺς

507 2950 856 3021 sanguinem
888 2953 1096 3004 Persas
1118 2947 1538 3018 praetereundo,
1571 2961 1816 3017 quorum
1843 2945 1944 3000 alii
1974 2949 2133 3016 atque

2246 2949 2448 3008 ἵππους
2471 2949 2816 3022 ἠσκημένους
2881 2951 3038 3024 εἶχον
3092 2947 3300 3014 ἄλλοις
3356 2971 3414 3006 τε
3469 2950 3685 3023 κόσμοις
3735 2949 3853 3020 λαμ·

509 3047 606 3103 alii
637 3049 704 3102 ad
738 3063 870 3103 eum
901 3045 1247 3117 capiendum
1281 3043 1692 3115 properabant,
1743 3047 2046 3114 exoptatus
2075 3041 2135 3096 ad

2251 3040 2565 3114 προτάτοις,
2592 3037 2738 3094 ἀλλὰ
2767 3035 2833 3107 δὴ
2883 3038 2974 3092 καὶ
3026 3037 3384 3114 ἐπαυχενίοις
3433 3037 3764 3114 άγλαὶσμασιν
3805 3035 3850 3088 ἐκ

511 3138 766 3206 legiones
824 3153 950 3208 qua:
1007 3137 1440 3190 antecesserant
1521 3131 1802 3202 pervenit,
1864 3148 1979 3186 non
2032 3138 2137 3185 tam

2249 3132 2462 3202 τριχῶν
2491 3127 2870 3204 συγκειμένοις
2915 3127 3172 3201 ἱππείων,
3230 3127 3292 3190 ἐς
3339 3129 3516 3184 ἱκανὸν
3565 3125 3849 3198 καθιεμένων

510 3241 678 3281 suam
694 3224 874 3279 vicem
891 3223 1158 3278 dolentes
1183 3237 1358 3292 quam
1378 3219 1541 3276 illius
1574 3217 1832 3291 periculo
1847 3217 2136 3275 sollicitas.

2251 3217 2340 3272 καὶ
2395 3217 2870 3292 περιηρτημένους
2928 3215 3174 3292 ἐχουσῶν
3225 3218 3544 3293 ἠχητικοὺς
3613 3213 3849 3276 κώδωνας.

509 3315 618 3370 Sed
651 3319 960 3384 antequam
982 3327 1080 3366 eas
1106 3310 1551 3382 adipisceretur,
1585 3325 1795 3380 aquam
1835 3325 1868 3364 e
1925 3312 2135 3380 praeter

2252 3304 2519 3367 Βασιλεὺς
2555 3302 2600 3360 δ’
2641 3305 2948 3376 ἀναστήσας
3005 3305 3072 3361 τα
3125 3311 3234 3362 τῶν
3295 3307 3422 3382 περὶ
3479 3307 3632 3364 αὑτὸν
3684 3303 3854 3380 φρονή-

514 3403 728 3457 fluente
761 3399 934 3455 fluvio
956 3400 1227 3454 haustam
1259 3397 1450 3452 afferri
1477 3395 1784 3468 sibijussit
1813 3415 1828 3464 ;
1863 3411 2140 3467 quasum-

2259 3415 2400 3468 ματα
2453 3395 2554 3463 τὴν
2601 3399 2713 3449 τῶν
2765 3393 3050 3468 πολεμίων
3115 3394 3406 3451 ἐπέλευσιν
3475 3395 3693 3455 εὐπετῶς
3741 3393 3852 3447 ἀπο·

509 3491 622 3547 mis
651 3491 830 3546 labris
861 3491 1093 3560 gustata
1113 3491 1171 3542 et
1199 3485 1402 3554 effusa,
1426 3486 1580 3557 quod
1609 3501 1677 3541 ex
1708 3484 1932 3541 insuavi
1947 3501 2135 3555 sapori

2250 3483 2530 3559 κρούεται,
2579 3485 2658 3539 ἀεὶ
2716 3480 2774 3538 δὲ
2823 3485 2962 3539 κατά
3022 3485 3202 3559 βραχὺ
3257 3480 3576 3560 προϐαίνων
3627 3487 3730 3544 τοῖς
3775 3477 3856 3553 έμ-

507 3583 641 3638 tabo
674 3579 946 3636 infec.am
976 3578 1366 3650 cognovisset,
1397 3590 1528 3632 cum
1560 3574 1814 3646 suspirio
1843 3591 1856 3630 :
1891 3597 1918 3624 ‹‹
1957 3573 2133 3630 Infeli-

2251 3574 2507 3647 προσθεν·
2540 3573 2630 3628 καὶ
2659 3577 2751 3626 νῦν
2798 3573 2892 3646 μὲν
2947 3572 3200 3646 πολέμου
3241 3574 3405 3648 νόμῳ
3451 3573 3658 3648 ἐνιαχοῦ
3701 3568 3750 3625 δέ
3785 3569 3852 3622 καὶ

508 3670 670 3739 citer,
721 3667 916 3740 inquit
967 3665 1427 3721 Christianorum
1486 3664 1831 3736 sanguinem
1877 3663 2074 3718 libavi.
2105 3683 2133 3712 ι»

2256 3660 2524 3733 ἀναιμωτὶ
2599 3661 2957 3736 παριππεύων
3030 3661 3160 3724 τοὺς
3235 3661 3471 3737 Πέρσας,
3545 3659 3730 3723 ἄλλους
3789 3656 3854 3712 ἐπ’

509 3760 593 3816 lbi
627 3759 858 3829 quidam
891 3756 1081 3812 audax
1108 3761 1166 3809 et
1193 3753 1567 3824 importunus
1599 3751 1978 3818 homo,etillo
1999 3767 2135 3807 acer

2253 3747 2454 3814 ἄλλοις
2482 3748 2761 3812 συνιόντας
2793 3750 2882 3804 καὶ
2939 3751 3142 3811 πάντας
3189 3746 3492 3806 συλλαϐεῖν
3541 3749 3690 3804 αὑτὸν
3732 3744 3858 3802 σπεύ-

512 3848 755 3902 bissimo
783 3850 1042 3916 temqore
1093 3842 1452 3898 acerbiorzu
1511 3839 1635 3896 Non
1693 3857 1869 3907 nunc,
1937 3841 2138 3912 inquit1

2255 3835 2451 3900 δοντας
2499 3838 2854 3912 τρισάσμενος
2940 3837 3218 3914 ἐφίσταται
3312 3840 3402 3894 καὶ
3481 3839 3720 3899 ἀσπάσιος
3766 3838 3860 3896 τοῖς

514 3939 847 4008 imperator,
881 3950 996 3988 non
1028 3947 1187 3988 nune
1217 3931 1494 4002 primum,
1525 3929 1627 3985 sed
1660 3928 1799 3984 olim
1829 3933 1889 3986 et
1912 3945 2069 4000 saepe
2097 3937 2140 3986 el

2253 3923 2628 4002 προωδευκόσι
2704 3929 2994 4000 τάγμασιν,
3071 3927 3134 3981 ού
3212 3927 3436 3999 μᾶλλον
3511 3927 3627 4002 περὶ
3709 3924 3859 3983 αὑτοῖς

514 4028 585 4083 ad
644 4025 978 4081 ebrietatem
1038 4036 1226 4090 usque
1281 4019 1741 4075 Christianorum
1800 4019 2140 4090 sanguinem

515 4117 528 4127 -
667 4115 757 4127 ι..
806 4113 821 4127 .
961 4111 1114 4127 η-..
1151 4125 1170 4127 Α
1229 4108 1712 4127 ,_,______U_-__
1867 4107 2140 4127 φηςι---

2262 4013 2706 4090 δυσχεραίνουσιν
2738 4013 2773 4084 ἤ
2806 4013 2889 4070 ἐπ’
2920 4015 3066 4088 αὐτῷ
3101 4015 3176 4089 μὴ
3211 4015 3536 4094 φαινομένῳ
3581 4016 3857 4091 ἀγωνιῶσιν.

2231 4101 2397 4127 ιΛνη
2467 4100 2514 4127 M
2559 4125 2590 4127 _,
2627 4126 2650 4127 η
2717 4104 2753 4127 ιν
2783 4125 2817 4127 η
2855 4126 2858 4127 ,
2892 4104 3064 4127 ,γι-γη
3148 4103 3269 4127 πλην
3323 4105 3338 4127 ν
3371 4126 3375 4127 ,
3413 4111 3436 4122 ο
3546 4099 3571 4127 si
3667 4101 3707 4127 π
3760 4096 3857 4127 ιη..

515 4113 928 4180 hausisti,dum
961 4111 1115 4166 242
1147 4124 1431 4180 pauperes
1453 4108 1717 4164 subditos
1752 4107 2141 4164 exactionibus

2262 4101 2430 4162 Οὔπω
2463 4100 2521 4158 δὲ
2551 4104 2820 4178 συμμίξας
2850 4104 3090 4172 τούτοις,
3141 4103 3269 4161 ἀλλ’
3319 4105 3495 4162 ἐκεῖσε
3545 4099 3617 4161 ἔτι
3660 4101 3723 4157 ὢν
3760 4096 3858 4164 ἔνθα

513 4221 686 4261 vexas
712 4206 770 4258 et
801 4199 1089 4271 deglubis.
1121 4222 1140 4247 ι
1171 4197 1316 4252 Eum
1345 4196 1798 4253 conviciatorem
1814 4195 2043 4252 Manuel
2075 4196 2139 4251 ita

2257 4194 2504 4266 ποταμὸν
2536 4191 2856 4269 παραβρέειν
2919 4193 2947 4248 ὁ
3008 4193 3176 4267 Λόγος
3236 4193 3454 4269 εἲρηκε,
3503 4191 3634 4267 δίψει
3677 4190 3857 4264 συνέχει

514 4310 679 4364 ωειυο
709 4291 904 4346 animo
933 4287 1068 4344 tulit
1098 4302 1166 4343 ac
1194 4287 1244 4341 si
1275 4286 1492 4342 surdus
1531 4289 1683 4341 esset
1711 4301 1732 4347 ;
1765 4290 1978 4342 etcum
2004 4285 2134 4340 vidu

2257 4302 2368 4349 ται,
2399 4281 2491 4336 καὶ
2525 4279 2590 4352 δὴ
2644 4281 2870 4337 αἰτεῖται
2928 4286 3039 4336 τῶν
3092 4285 3456 4358 καρεστώτων
3503 4283 3615 4338 τινὰ
3663 4275 3861 4337 λαϐόντα

515 4381 668 4448 os,in
685 4379 901 4451 quibus
920 4379 1150 4449 signata
1169 4374 1419 4447 pecunia
1436 4378 1561 4429 erat
1577 4379 1765 4443 erat,a
1781 4373 1974 4430 Persis
1986 4372 2141 4442 diripi

2263 4369 2474 4444 ὑδρεῖον
2532 4369 2680 4446 ὕδωρ
2739 4371 3037 4446 ἀρύσασθαι
3087 4370 3176 4426 καί
3238 4372 3290 4427 οἱ
3352 4372 3673 4446 ἀποκομίσαι
3723 4372 3860 4422 πιεῖν.

515 4469 592 4524 let
623 4467 834 4524 effundi
854 4467 1093 4533 videret,
1124 4468 1412 4519 Romanos
1433 4463 1698 4518 hortatus
1727 4467 1818 4518 est
1841 4467 1900 4518 ut
1936 4463 2141 4534 impelt

2268 4462 2486 4523 Σπάσας
2540 4460 2718 4517 τοίνυν
2783 4465 2882 4516 τοῦ
2941 4458 3137 4524 ὕδατος
3198 4463 3328 4518 ὅσον
3409 4464 3471 4519 ἄν
3548 4464 3642 4532 τήν
3692 4458 3864 4515 ἐκείνου

517 4557 576 4610 in
611 4556 892 4610 Barbaros
927 4553 1077 4607 facto
1110 4552 1417 4622 pecuniam
1438 4552 1598 4607 illam
1628 4551 1742 4622 ipsi
1779 4553 1968 4622 potius
1998 4549 2143 4606 debi-

2262 4549 2460 4607 ἐδίανεν
2491 4551 2762 4625 ὑπερῴαν,
2791 4551 2853 4606 τὸ
2895 4550 3090 4606 λοιπὸν
3143 4551 3356 4628 ἐξέχεεν
3404 4553 3496 4608 οἶα
3543 4554 3614 4626 μὴ
3655 4553 3743 4606 τοῦ
3784 4567 3865 4601 πο-

518 4650 637 4698 tam
659 4641 995 4713 arriperent.
1027 4639 1173 4693 Tum
1205 4655 1410 4693 rursus
1442 4639 1590 4694 idem
1637 4639 1735 4696 ille
1789 4640 2144 4710 impudente:

2264 4643 2446 4706 θέντος
2505 4637 2684 4710 ἡδέως
2729 4637 2818 4694 διὰ
2871 4644 2968 4696 τοῦ
3027 4641 3326 4719 οἰσοφάγου
3383 4639 3867 4697 κατολισοαίνοντος.

519 4734 579 4788 in
613 4732 1020 4802 imperatorem
1060 4728 1322 4782 invectus
1355 4742 1370 4780 :
1404 4748 1432 4775 «
1462 4726 1975 4798 Ultro,inquil,ista
1997 4729 2145 4800 prius

2265 4727 2814 4806 ῙΙολυπραγμονήσας
2845 4727 2901 4784 δέ
2943 4730 3005 4784 τὸ
3055 4730 3221 4785 ποτὸν
3275 4731 3370 4785 καὶ
3428 4728 3684 4805 λυθρῶδες
3726 4728 3868 4779 τοῦτο

522 4820 798 4878 Romanis
821 4818 1014 4873 danda
1035 4815 1287 4880 fuit,non
1320 4815 1599 4878 nunc,ubi
1645 4832 1778 4870 cum
1819 4817 2148 4874 difficultate

2263 4819 2601 4888 κατανοήσας
2656 4815 2872 4890 ᾤμωξε,
2931 4817 3021 4872 καὶ
3071 4819 3192 4874 εἷπε
3242 4820 3320 4891 μή
3379 4819 3615 4894 εύτυχῶς
3661 4809 3867 4884 ἀπογεύ-

518 4915 575 4966 et
604 4907 885 4980 sanguine
914 4904 1170 4978 paranda
1198 4902 1525 4969 est.Quodsi
1550 4904 1636 4957 vir
1657 4904 1820 4959 fortis
1843 4906 2144 4978 est,utglo-

2266 4907 2456 4961 σασθαι
2485 4910 2584 4961 τοῦ
2606 4911 2713 4961 τῶν
2746 4909 3082 4980 Χριστιανῶν
3124 4905 3386 4978 αἳματος.
3411 4904 3684 4984 Παρεστὼς
3725 4898 3776 4956 δέ
3798 4918 3870 4958 τις

518 4996 1040 5065 riaturetchlamys
1054 4991 1386 5064 postulat,in
1403 4995 1658 5063 raptores
1671 4991 1874 5048 Persas
1887 4997 1964 5048 im
1971 5007 2144 5066 petun

2264 4996 2401 5071 ἀνὴρ
2428 4994 2620 5068 ἰταμὸς
2651 4994 2738 5049 καὶ
2774 4994 2993 5070 θρασὺς,
3027 4996 3102 5058 ὡς
3133 4991 3320 5068 ἔδειξε,
3354 4997 3446 5051 καὶ
3478 5000 3572 5051 τοῦ
3615 4993 3727 5050 τότε
3768 5009 3870 5043 και--

517 5087 909 5158 faciat,iisque
942 5082 1166 5140 fortiter
1195 5080 1360 5136 caesis
1379 5079 1611 5152 rapinas
1638 5088 1957 5153 recuperet.
1986 5106 2014 5133 ››
2047 5083 2143 5140 Ta-

2267 5088 2367 5158 ροῦ
2400 5081 2829 5158 δοσκολώτερος,
2865 5085 3297 5158 άνερυθριάστως
3349 5082 3566 5155 ἔφησεν,
3618 5108 3638 5135 ο
3670 5083 3871 5150 Ἄπαγε,

515 5179 639 5235 cuit
667 5183 723 5233 et
747 5178 817 5232 ad
851 5191 916 5230 ea
950 5173 1126 5230 verba
1151 5169 1744 5241 hominisimportuni
1775 5171 2141 5241 Manuel,sint

2270 5170 2496 5249 βασιλεῦ
2533 5170 2728 5228 οὔκουν
2786 5177 2975 5244 ταῦτα,
3030 5173 3180 5249 οὐχίο
3228 5171 3289 5227 ού
3342 5173 3446 5249 γὰρ
3499 5171 3588 5226 νῦν
3639 5171 3714 5244 [Ρ.
3767 5167 3871 5238 ﬁt]

516 5268 636 5323 ullo
671 5280 992 5328 murmure.
1024 5279 1139 5318 non
1169 5276 1340 5317 secus
1361 5265 1536 5330 atque
1564 5261 1704 5316 olim
1745 5261 1914 5317 David
1944 5264 2142 5319 Semei:

2265 5261 2521 5335 πρώτως,
2551 5259 2698 5317 ἀλλᾶ
2725 5259 2896 5318 πάλαι
2926 5262 3017 5317 καὶ
3048 5261 3321 5322 πολλάκις
3352 5261 3444 5316 καὶ
3474 5261 3551 5323 εἷς
3598 5255 3872 5334 κραιπάλην

515 5355 900 5426 intemperies
934 5351 1361 5408 tulit.Tandem
1395 5350 1901 5422 Contostephanus
1931 5368 2141 5424 quoque

2267 5350 2355 5404 καὶ
2414 5350 2723 5428 ἆκραιφνῶς
2769 5353 3161 5427 Χριστιανικῶν
3216 5350 3467 5423 αἱμάτων
3526 5350 3723 5426 κρατὴρ
3781 5343 3875 5399 ἐκε-

513 5442 881 5498 Andronicus
909 5439 1224 5496 incolumis
1253 5435 1499 5504 advenit,
1543 5437 1642 5508 qui
1698 5446 2021 5496 extremum
2053 5457 2139 5513 ag-

2267 5437 2432 5513 ράσθη
2494 5460 2601 5512 σοι,
2655 5441 3042 5515 καλαμωμένώ
3097 5463 3156 5496 τε
3207 5438 3293 5493 καὶ
3379 5438 3776 5518 ἐπιφυλλίζοντι
3824 5435 3874 5488 τὸ

518 5547 650 5584 men
681 5530 930 5587 ducebat
959 5546 977 5583 :
1009 5534 1066 5584 et
1086 5527 1184 5584 alii
1215 5527 1446 5596 quidam
1475 5525 1631 5597 apud
1655 5525 1981 5584 Manuclem
2023 5546 2144 5602 gra-

2267 5523 2532 5597 ῧπήκοον.
2569 5552 2598 5581 ››
2631 5529 2790 5587 Οὕτω
2835 5528 2882 5586 δ’
2933 5531 3142 5606 ἱλαρῶς
3193 5529 3284 5584 τὸν
3340 5531 3645 5604 κατήγορον
3701 5525 3870 5581 ἐκεῖνον

522 5617 682 5688 tiosi,
713 5618 1014 5673 vulnerum
1044 5619 1327 5686 expertes,
1355 5621 1796 5672 concurrerunt.

2266 5615 2354 5671 καὶ
2414 5615 2666 5693 λοίδορον
2725 5619 3019 5694 ὑπήνεγκεν
3085 5617 3392 5693 ἄνθρωπον,
3469 5616 3545 5678 ὡς
3609 5615 3660 5672 εἷ’
3705 5616 3774 5690 μὴ
3821 5613 3875 5682 ἦν
