4066 6214
188 331 296 394 533
1243 325 1348 386 DE
1391 323 1770 386 MANUELE
1814 325 1867 384 CI

1975 327 2202 388 INENO
2247 326 2401 389 LIB.
2448 327 2555 388 νΙ.
3499 332 3620 391 534

217 461 425 519 ἁκούων
475 455 614 533 μηδ’
663 453 809 534 ἔχων
857 455 1129 532 ἑλιγμοὺς
1184 455 1235 511 ἐν
1277 461 1359 529 τῷ
1404 456 1654 529 στόματι.
1715 457 1888 530 Ὁρῶν
1947 452 2004 511 δὲ
2057 458 2147 512 καὶ
2201 457 2328 521 τοὺς
2387 459 2874 536 θησαυροφύλακας
2910 459 3178 524 θυλάκους
3209 460 3621 538 διασπωμένους

195 552 296 608 ὑπὸ
349 554 575 625 Περσῶν
627 547 719 603 καὶ
767 547 906 602 κατᾶ
951 553 1055 622 γῆς
1100 545 1366 621 χεόμενον
1416 545 1503 600 καὶ
1556 545 1932 619 ἁρπαζόμενον
1979 546 2070 600 τὸν
2123 545 2200 608 εἲς
2249 546 2497 620 νόμισμα
2534 548 2874 620 κεκομμένον
2919 550 3124 623 χρυσόν
3155 571 3212 605 τε
3240 551 3330 607 καί
3361 551 3622 630 όίργυρον⁹

195 642 352 718 ἐνῆγε
409 639 546 700 τοὺς
631 637 894 698 συνόντας
970 636 1282 709 Ῥωμαίους
1356 634 1686 691 έπεισπεσεῖν
1761 639 1878 696 τοῖς
1947 631 2244 711 βαρϐάροις
2309 637 2400 691 καὶ
2459 639 2762 707 κτήσασθαι
2816 637 2884 693 τὰ
2937 641 3200 714 χρήματα
3256 645 3476 716 Περσῶν
3536 641 3620 698 δι-

196 732 499 806 καιότερον.
582 726 796 788 Συστᾶς
870 723 929 780 δὲ
1004 723 1156 786 αὖθις
1231 725 1259 778 ὁ
1330 721 1507 798 λῆρος
1564 723 1765 785 ἐκεῖνος
1823 724 1961 799 ἀνὴρ
2019 722 2413 798 διελοιδορεῖτο
2473 723 2705 788 ἀναιδῶς
2773 725 2992 801 βασιλεῖ
3045 731 3269 782 τοιαῦτα
3316 728 3618 789 κελεύοντι,

199 822 494 895 αιΕχρῆν,
533 839 563 867 ιι
627 814 828 891 λέγων,
893 837 915 866 ι
953 813 1214 875 ἑκουσίως
1266 813 1356 868 καὶ
1414 813 1679 889 πρότερον
1742 809 1952 868 διδόναι
2011 814 2309 888 Ῥωμαίοις
2367 815 2546 886 ταυτὶ,
2604 815 2733 895 ούχὶ
2794 813 2852 872 δὲ
2904 816 3118 879 πάντως
3176 816 3313 887 νυνὶ,
3373 818 3536 872 ὁπότε
3582 822 3617 887 ἡ

195 917 381 979 κτῆσις
446 904 735 981 δυσχερὴς
806 901 898 958 καὶ
978 903 1096 975 μεθ’
1159 901 1410 976 αἵματος.
1467 901 1532 958 El
1608 899 1654 956 δ’
1729 902 1893 964 αὐτὸς
1965 901 2104 978 ἀνήρ
2179 901 2320 958 ἐστιν
2384 902 2600 978 ἰσχύος,
2657 906 2849 967 ὁποῖος
2909 903 3127 980 εὔχεται
3182 908 3341 973 εῖναι,
3399 903 3436 976 ἤ
3491 911 3618 980 γοῦν

194 993 486 1072 ἀναξυρίδα
548 991 878 1068 περίκειται,
934 995 1050 1052 τοῖς
1105 989 1478 1066 χρυσοσύλαις
1537 989 1826 1068 συρραγεὶς
1886 991 2116 1066 Πέρσαις
2189 992 2283 1046 καὶ
2360 993 2630 1070 συγκόψας
2706 993 2931 1056 τούτους
2991 993 3430 1071 θαρραλεώτερον
3491 993 3622 1049 ἐπα-

192 1086 500 1143 νασωσάτω
564 1080 824 1155 Ῥμαίοις
897 1078 964 1134 τὰ
1030 1078 1398 1155 ἁρπαζόμενα.
1459 1103 1489 1132 »ο
1551 1079 1790 1136 Ἐσιώπα
1867 1077 1923 1135 δὲ
1996 1081 2128 1135 κάπὶ
2201 1081 2422 1144 τούτοις
2505 1089 2622 1147 τοῖς
2691 1083 2922 1159 ῥήμασι,
2987 1085 3074 1140 ὑπ’
3146 1080 3341 1139 ὀδόντα
3406 1085 3619 1158 γρύζων

193 1174 331 1251 μηδὲ
394 1171 774 1248 τονθορύζων,
833 1167 980 1225 ἀλλὰ
1037 1169 1214 1248 φέρων
1273 1170 1372 1238 τήν
1427 1171 1526 1224 τοῦ
1581 1170 1856 1243 κερτόμου
1913 1169 2237 1246 προπέτειαν
2297 1172 2376 1232 ὡς
2439 1166 2606 1226 Δαϐὶδ
2669 1171 2840 1228 πάλαι
2899 1173 3091 1244 Σεμεεὶ
3144 1173 3241 1241 τὴν
3311 1170 3617 1232 αὐθάδειαν.

191 1267 325 1340 Ὀψὶ
357 1262 419 1319 δὶ
449 1263 542 1317 καὶ
577 1263 607 1317 ὁ
638 1261 1078 1336 Κοντοστέφανος
1109 1255 1459 1332 Ἀνδρόνικος
1491 1253 1743 1327 ἀϐλαϐὴς
1791 1265 1994 1334 παρῆν,
2052 1258 2113 1321 ὃς
2172 1261 2365 1335 ἠγεῖτο
2394 1264 2502 1316 τῶν
2535 1259 2864 1317 τελευταίων
2921 1261 3143 1330 τάξεων,
3177 1261 3266 1316 καὶ
3307 1261 3481 1337 ’ἑτεροι
3509 1266 3617 1316 τῶν

195 1353 516 1427 δυναμένων
548 1351 688 1427 μέγα
717 1349 866 1424 παρὰ
893 1352 973 1420 τῷ
1003 1346 1267 1416 Μανουὴλ
1297 1345 1541 1420 ἇπλῆγες
1561 1344 2081 1422 συνδεδραμήκασιν.

275 1477 354 1532 E‘.
388 1474 536 1530 ’8πεί
569 1468 624 1525 δὶ
649 1468 740 1540 νὺξ
791 1466 1003 1538 ἐπῆλθε
1052 1467 1143 1522 καὶ
1191 1467 1387 1528 σκότος
1433 1467 1642 1540 ἡμέρας
1675 1462 1856 1520 διάδο-

2044 1467 2106 1523 ν.
2139 1468 2248 1526 Ubi
2305 1485 2416 1524 nox
2463 1468 2728 1540 prtelium
2775 1469 3031 1537 diremit,
3084 1485 3290 1526 omnes
3346 1471 3625 1526 sederunt

199 1583 308 1639 χον
361 1561 460 1616 τὸν
486 1557 735 1631 πόλεμον
795 1552 1046 1625 ἔπαυσεν,
1099 1553 1394 1628 ἀδημονῶν
1440 1553 1578 1614 ’ἅπας
1620 1555 1862 1622 καθῆστο

202 1652 382 1724 ὁποίῳ
411 1655 494 1721 τῷ
533 1655 638 1717 τῆς
686 1646 878 1724 χειρὸς
926 1643 1102 1717 κοίλῳ
1151 1643 1312 1720 ῥίψας
1350 1645 1448 1713 τήν
1479 1640 1744 1721 κεφαλὴν,
1773 1641 1864 1698 καὶ

200 1742 291 1797 τὸν
334 1739 612 1795 ἐνεστῶτα
665 1731 918 1790 κίνδυνον
975 1733 1373 1811 φανταζόμενος
1431 1731 1493 1786 ού
1548 1735 1671 1794 τοῖς
1730 1735 1861 1800 ζῶσι

207 1824 492 1882 συνέτατεν
547 1823 762 1895 ἑαυτὸν,
814 1819 906 1876 καὶ
969 1817 1189 1893 μάλισθ’
1237 1821 1324 1874 ὅτι
1375 1817 1467 1873 τὸν
1521 1816 1738 1896 χάρακα
1767 1837 1864 1872 πε-

208 1915 554 1993 ριτρέχοντες
596 1909 946 1986 διαπρυσίοις
988 1907 1283 1964 ἀνεκάλουν
1332 1912 1537 1984 φωναῖς
1569 1907 1621 1961 οἱ
1651 1900 1863 1982 Βαρϐα-

205 2025 296 2079 ροι
328 2003 458 2065 τοὺς
505 2001 790 2076 ὁμοεθνεῖς
849 1998 1054 2066 αὐτοῖς,
1115 1998 1168 2052 οἳ
1225 1995 1361 2052 κατᾶ
1412 1995 1660 2074 χρείανῆ
1699 1993 1862 2068 μετά.

201 2105 346 2158 θεσιν
405 2092 640 2153 πίστεως
688 2089 825 2164 πρὸς
873 2089 1176 2159 Ῥωμαίους
1224 2085 1631 2160 προὺχώρησαν
1667 2081 1860 2152 πάλαι,

197 2181 284 2236 καί
335 2177 623 2254 παρῄνουν
677 2173 910 2250 ἐξελθεῖν
960 2172 1217 2253 αὒτονυχὶ
1273 2175 1370 2228 τοῦ
1419 2171 1744 2246 στρατηγίου
1787 2171 1862 2233 ὡς

200 2268 609 2341 ἀπολουμένων
679 2262 851 2340 ἄρδην
916 2261 1084 2321 ἕωθεν
1149 2261 1341 2317 αὐτίκα
1399 2265 1506 2316 τῶν
1575 2259 1626 2316 έν
1693 2258 1860 2332 αύτῷ.

203 2357 619 2432 Διενυκτέρεοον
679 2353 770 2410 οὗν
828 2355 1097 2426 Ῥωμαῖοι
1151 2351 1290 2406 κατὰ
1345 2351 1587 2428 φρήτρας
1637 2349 1727 2404 καὶ
1767 2348 1862 2405 λο-

1969 1556 2189 1627 tristes,
2223 1556 2423 1629 capita
2449 1557 2724 1614 manibus
2773 1557 3172 1623 sustinentes;
3202 1562 3259 1613 et
3301 1557 3443 1613 dum
3479 1575 3623 1629 prae-

1970 1662 2108 1702 sens
2156 1645 2472 1702 discrimen
2524 1651 2820 1718 reputant,
2850 1663 2910 1702 se
2935 1646 3080 1703 vivis
3109 1661 3227 1703 non
3271 1647 3621 1703 adnumera-

1972 1734 2128 1804 bant,
2168 1751 2234 1791 eo
2267 1735 2637 1808 potissimum
2671 1737 2875 1802 territi,
2935 1737 3086 1807 quod
3120 1736 3358 1793 Barbari
3398 1737 3620 1795 circum

1968 1825 2189 1880 vallum
2227 1825 2380 1880 248
2440 1827 2794 1882 cursitantes
2836 1826 3148 1897 populares
3201 1843 3361 1896 suos,
3393 1827 3493 1900 qui
3534 1827 3621 1883 vel

1971 1913 2249 1983 religione
2282 1917 2507 1968 mutata
2549 1912 2638 1968 vel
2693 1914 2825 1969 aliis
2874 1914 2946 1969 de
2976 1914 3172 1970 causis
3223 1916 3362 1970 olim
3394 1918 3461 1970 ad
3508 1916 3624 1970 Ro-

1971 2018 2176 2058 manos
2225 2017 2290 2056 se
2329 1999 2717 2065 contulerant,
2760 2016 2891 2056 cum
2960 2002 3232 2057 maximis
3259 2000 3620 2058 clamoribus

1969 2090 2352 2146 hortabantur
2387 2093 2452 2144 ut
2482 2105 2550 2144 ea
2581 2093 2746 2145 nocte
2776 2089 2990 2144 castris
3021 2088 3398 2156 excederent;
3449 2105 3621 2145 mane

1969 2181 2127 2238 enim
2157 2195 2362 2236 omnes
2393 2178 2497 2250 qui
2555 2179 2617 2234 in
2668 2177 2742 2234 iis
2774 2183 2974 2234 essent
3005 2176 3308 2250 perituros.
3343 2177 3480 2232 Eam
3515 2194 3619 2234 n0-

1971 2276 2123 2328 ctem
2182 2271 2262 2324 ita
2314 2271 2632 2341 exegerunt
2687 2267 2956 2337 Romani,
3005 2271 3162 2322 metu
3221 2264 3526 2337 pallentes,
3561 2270 3624 2322 ut

1969 2357 2217 2417 tribules
2247 2374 2380 2415 eum
2411 2357 2746 2425 tribulibus,
2778 2356 2953 2414 amici
2983 2373 3116 2412 cum
3145 2355 3355 2412 amicis
3385 2373 3447 2412 se
3479 2371 3620 2411 con-

210 2445 382 2524 γάδας
435 2450 563 2506 τοῖς
613 2441 813 2522 φύλοις
863 2439 1008 2521 φῦλα
1056 2440 1526 2517 συναγειρόμενοι,
1587 2438 1867 2514 βαπτόμε-

1975 2450 2302 2521 iungerent.
2334 2449 2410 2503 At
2436 2447 2754 2520 imperator
2781 2462 2917 2502 cum
2949 2445 3394 2518 ignavissimum
3425 2445 3620 2501 consi-

202 2559 289 2592 νοι
319 2537 459 2611 πρὸς
519 2533 710 2608 ὦχρον
765 2531 869 2586 ὑπὸ
929 2529 1106 2600 δέους,
1149 2527 1224 2591 εἲς
1279 2529 1396 2584 οἷον
1427 2527 1495 2582 τὰ
1522 2525 1728 2582 πέταλα
1755 2531 1863 2583 τῶν

206 2623 446 2699 δένδρων
479 2625 624 2678 κατὰ
666 2621 854 2694 καιρὸν
891 2618 982 2674 τὸν
1017 2615 1336 2696 φυλλοχόον
1369 2617 1862 2693 μεταμορφάζεται.

200 2713 375 2774 Αὐτὸς
433 2709 496 2766 δὶ
543 2712 572 2766 ὁ
623 2713 838 2784 κρατῶν
893 2706 1243 2782 ἂγενεστάτας
1305 2705 1508 2782 βουλὰς
1536 2702 1748 2761 ὤδινεν.
1777 2705 1864 2766 Ὦς

199 2802 260 2860 δὲ
287 2801 495 2866 ταύτας
549 2797 836 2856 ἆποτεκὼν
898 2797 975 2860 είς
1029 2795 1198 2867 ἀκοὴν
1251 2801 1358 2852 τῶν
1419 2794 1512 2850 σὺν
1571 2791 1757 2866 ἐκείνῳ
1781 2791 1866 2864 ἐξ·

195 2895 377 2972 έφερε,
434 2891 535 2946 καὶ
594 2889 663 2958 ἦν
718 2889 782 2944 τὸ
844 2887 1222 2962 ὑφηγούμενον
1279 2884 1511 2961 λαθραία
1567 2886 1742 2972 φυγή.
1775 2883 1867 2972 καὶ

197 2969 479 3040 τοσούτων
534 2983 736 3054 ψυχῶν
788 2977 866 3041 εἰς
913 2975 1304 3052 αἰχμαλωσίαν
1333 2976 1424 3030 καὶ
1457 2976 1682 3031 θάνατον
1715 2969 1871 3030 ἔκδο-

204 3092 308 3141 σις,
341 3067 651 3139 ἕκπλήττει
711 3065 838 3129 τοὺς
890 3064 1293 3141 ἀκροωμένους,
1344 3063 1435 3119 καὶ
1506 3061 1719 3137 μᾶλλον
1779 3065 1869 3119 τὸν

208 3159 681 3234 Κοντοστὲφανον,
729 3157 806 3220 ὼς
848 3151 1038 3230 ἀνδρὸς
1084 3152 1561 3232 ἇλλοφρονοῦντος
1596 3151 1682 3207 καὶ
1717 3172 1874 3222 περι-

213 3245 587 3326 στρεφομένου
620 3239 912 3318 σκοτοδίνῃ
943 3242 1185 3318 ἀτεχνῶς
1233 3242 1598 3320 φθεγγόμενος
1629 3241 1870 3316 ῥήματα.

211 3340 289 3400 Ού
346 3340 518 3412 μόνον
576 3334 635 3392 δὶ
692 3336 745 3390 o't
812 3336 948 3409 πρὸς
1001 3334 1184 3408 σκέψιν
1241 3337 1337 3388 τοῦ
1381 3334 1638 3404 ποιητέον
1681 3331 1874 3388 συνελο-

224 3432 403 3496 θόντις
463 3427 679 3505 βαρέως
739 3425 973 3501 ἤνεγκαν
1025 3425 1093 3480 τὰ
1147 3422 1514 3498 ὴνωτισμένα,
1574 3421 1720 3479 ἀλλὰ
1783 3423 1872 3478 καὶ

219 3540 309 3580 τις
375 3517 565 3589 ἔξωθεν
621 3515 792 3578 ἑστὼς
855 3520 956 3584 τῆς
1024 3521 1227 3584 σκηνῆς
1291 3512 1350 3568 ἐκ
1413 3519 1523 3568 τῶν
1579 3513 1870 3588 ἀγνώστων

224 3609 317 3666 καί
370 3611 481 3663 τῶν
520 3605 796 3662 πλείστων
855 3609 1225 3680 στρατιωτῶν,
1285 3603 1358 3665 ὡς
1409 3606 1472 3657 τὸ
1507 3601 1791 3678 βασιλικὸν
1822 3600 1874 3664 ἒς

222 3697 316 3758 ούς
346 3695 565 3766 ἐδέξατο
605 3694 847 3768 σκέμμα,
899 3693 1120 3768 ὑψώσας
1163 3692 1264 3760 τὴν
1311 3692 1496 3770 φωνὴν
1547 3691 1638 3746 καὶ
1670 3688 1874 3746 διωλύο

215 3809 336 3863 γιον
367 3786 707 3858 ἀνοιμώξας,
732 3808 760 3836 ‹‹
789 3787 922 3851 Φεῦ,
948 3807 976 3833 ι»
1007 3783 1173 3851 εἶπεν,
1200 3807 1225 3834 ιι
1261 3781 1426 3836 ὁποῖα
1451 3777 1518 3848 δὴ
1549 3780 1638 3835 καὶ
1671 3781 1698 3836 ὁ
1726 3782 1878 3856 βασιο

215 3877 343 3939 λείις
375 3874 675 3947 Ῥωμαίων
720 3872 797 3935 εἰς
847 3875 971 3928 νοῦν
1024 3865 1270 3927 ἐϐάλετο.
1307 3893 1336 3922 ››
1366 3869 1464 3925 Καὶ
1494 3869 1629 3944 πρὸς
1674 3868 1875 3924 ἐκεῖνον

214 3970 316 4037 τήν
348 3969 451 4021 τοῦ
482 3963 657 4033 λόγου
697 3961 928 4038 στρέψας
959 3961 1162 4037 ὁρμὴν,
1195 3983 1220 4014 α
1248 3959 1396 4038 Οὐχὶ
1429 3958 1514 4030 σὺ,
1549 3982 1577 4010 ››
1626 3959 1812 4037 φησὶν,
1847 3961 1874 4013 ὁ

217 4055 310 4113 διὰ
357 4061 463 4124 τῆς
520 4052 740 4127 ἐρήμης
796 4049 1000 4121 ταύτης
1051 4051 1141 4106 καὶ
1198 4055 1384 4119 στενῆς
1441 4045 1571 4103 ὁδοῦ
1617 4045 1874 4122 έκθλίψας

1971 2537 2118 2593 lium
2149 2537 2220 2593 de
2241 2534 2609 2592 clandestina
2646 2535 2786 2605 fuga
2813 2540 2872 2591 et
2902 2539 2988 2591 tot
3015 2534 3275 2590 millibus
3308 2535 3434 2591 neci
3465 2535 3622 2607 obji-

1972 2625 2198 2683 ciendis
2245 2623 2581 2695 proceribus
2637 2625 2979 2695 aperuisset,
3025 2622 3339 2691 auditores,
3367 2631 3422 2680 et
3473 2623 3622 2682 Cou-

1976 2715 2356 2785 tostepbanus
2387 2712 2444 2767 in
2491 2712 2716 2782 primis,
2745 2711 3194 2784 obstupuerunt,
3227 2711 3395 2784 quasi
3448 2713 3623 2769 verba.

1975 2802 2230 2860 hominis
2261 2818 2466 2874 parum
2498 2805 2626 2858 sani
2657 2799 3009 2873 loqueretur.
3042 2801 3157 2856 Nec
3187 2800 3261 2858 iis
3303 2801 3494 2858 solum
3522 2801 3620 2872 qui

1977 2895 2039 2950 tn
2106 2891 2421 2949 consilium
2480 2890 2730 2946 adhibiti
2788 2892 3036 2960 fuerant,
3095 2905 3226 2947 eam
3295 2892 3618 2948 orationem

1978 2982 2228 3056 graviter
2281 2981 2582 3037 tulerunt:
2642 2979 2745 3036 sed
2802 2979 3042 3051 quidam
3100 2979 3382 3037 obscurus
3431 2980 3618 3048 miles,

1979 3072 2081 3144 qui
2111 3079 2268 3127 extra
2312 3068 2758 3126 tabernaculum
2815 3072 3066 3135 steterat,
3104 3070 3306 3126 audito
3337 3070 3464 3140 ejus
3497 3085 3623 3141 pro-

1982 3160 2192 3233 posito,
2225 3175 2355 3216 cum
2387 3159 2606 3230 ingenti
2635 3159 2892 3229 suspirio
2931 3165 2987 3214 et
3015 3159 3131 3215 alta
3159 3175 3328 3216 voce:
3372 3183 3402 3211 α
3449 3161 3618 3228 Quid,

1979 3250 2191 3323 inquit,
2242 3249 2637 3306 Romanorum
2663 3249 2992 3320 imperatori
3017 3247 3074 3303 in
3095 3251 3348 3304 mentem
3370 3249 3572 3305 venit?
3590 3272 3620 3300 »

1980 3339 2049 3396 Et
2075 3341 2144 3396 ad
2195 3339 2390 3412 ipsum
2453 3355 2808 3396 conversus:
2847 3362 2875 3390 ‹‹
2909 3338 3036 3395 Non
3071 3348 3151 3405 tu,
3184 3339 3398 3410 inquit,
3428 3339 3479 3394 is
3536 3354 3621 3406 es,

1981 3428 2083 3501 qui
2113 3429 2171 3484 in
2201 3429 2491 3484 desertam
2516 3436 2568 3485 et
2589 3431 2906 3500 angustam
2932 3428 3102 3484 istam
3127 3428 3278 3484 viam
3303 3443 3410 3484 nos
3441 3426 3626 3483 intru-

1981 3517 2108 3574 sisti
2136 3525 2190 3573 et
2218 3517 2279 3574 in
2309 3517 2609 3573 interitum
2636 3519 2791 3574 244
2821 3517 3192 3590 precipitasti
3211 3517 3238 3572 τ
3267 3521 3324 3574 et
3369 3531 3623 3574 concur-

1982 3605 2243 3663 rentibus
2286 3606 2418 3662 istis
2475 3605 2730 3678 seopulis
2787 3614 2840 3662 et
2873 3607 3171 3662 montibus
3225 3623 3330 3662 nos
3384 3605 3624 3663 omnino

1980 3697 2348 3769 oppressuris
2371 3695 2546 3753 veluti
2579 3697 2854 3754 mortario
2884 3697 3243 3754 contudisti?
3289 3697 3426 3768 quid
3457 3697 3626 3753 nobis

1981 3785 2064 3843 rei
2094 3795 2175 3842 est
2207 3802 2341 3842 cum
2374 3788 2488 3842 ista
2514 3785 2660 3842 valle
2689 3784 2885 3842 luctus
2940 3791 2998 3842 et
3052 3786 3311 3844 faucibus
3369 3785 3629 3842 inferni?

1981 3891 2087 3931 cur
2116 3875 2258 3930 istos
2312 3875 2547 3946 iniquos
2600 3891 2840 3946 asperos
2890 3875 3152 3933 tramites
3201 3875 3627 3946 penetramus?

1983 3964 2125 4035 quid
2167 3979 2273 4019 nos
2314 3963 2584 4034 privatim
2645 3963 2716 4020 de
2764 3964 3034 4019 Barbarie
3081 3964 3243 4034 queri
3292 3979 3627 4035 possumus,

1982 4053 2082 4125 qui
2112 4052 2377 4108 violentis
2429 4051 2559 4108 istis
2589 4052 2948 4108 anfractibus
2996 4057 3167 4125 atque
3218 4053 3510 4125 angustiis
3540 4053 3630 4108 in-

216 4148 370 4218 ἡμᾶς
427 4141 520 4196 καὶ
581 4140 656 4202 είς
713 4142 798 4214 [Ρ.
860 4140 981 4211 122]
1023 4135 1298 4193 ἀπώλειαν
1345 4135 1696 4208 διηθήσας,ἢ
1734 4135 1867 4206 μᾶλ-

1985 4141 2147 4197 testis
2177 4157 2279 4196 nos
2335 4139 2749 4197 irretiverunt?
2804 4145 2864 4196 et
2911 4146 2969 4196 tu
3025 4157 3131 4196 nos
3188 4146 3463 4213 tanquam
3495 4156 3630 4197 oves

219 4232 320 4288 λον
374 4229 548 4287 οἱονεί
614 4251 721 4285 τινι
787 4227 950 4303 ὅλμῳ
1015 4225 1262 4290 ἐκπιέσας
1317 4232 1434 4288 τοῖς
1502 4225 1867 4300 συμπίπτουσι

1988 4231 2327 4287 mactationi
2383 4229 2709 4286 destinatas
2741 4230 2938 4301 prodis
2964 4229 2992 4286 ?
3023 4252 3051 4281 ››
3084 4230 3182 4286 His
3211 4231 3405 4287 verbis
3435 4229 3630 4286 animo

216 4323 445 4382 τούτοις
511 4316 804 4380 σκοπέλοις
866 4318 958 4372 καὶ
1014 4321 1131 4377 τοῖς
1189 4319 1442 4372 πεσοῦσιν
1511 4316 1756 4395 ἀτεχνῶς
1803 4315 1865 4396 ἐφ

1991 4319 2248 4375 emollito
2276 4336 2343 4376 ac
2368 4321 2560 4391 potius
2589 4320 2954 4376 consauciato
3007 4319 3315 4376 consilium
3365 4319 3630 4386 mutavit,

214 4417 370 4485 ἡμᾶς
437 4410 630 4484 Spem;
698 4407 762 4465 Τί
823 4409 959 4480 ἡμῖν
1012 4407 1103 4460 καὶ
1159 4409 1229 4478 τῇ
1285 4402 1503 4460 κοιλάδι
1557 4406 1727 4480 ταύτῃ
1785 4409 1867 4460 τοί

1991 4416 2045 4464 et
2076 4424 2202 4464 eam
2223 4407 2558 4481 sequiviam
2591 4406 2845 4464 instituit
2867 4426 3036 4481 quam
3065 4415 3298 4481 tempus
3319 4414 3633 4482 pateretur.

213 4499 589 4572 κλαυθμῶνος
638 4497 727 4551 καὶ
789 4498 868 4568 τῷ
923 4493 1134 4567 στομίῳ
1189 4497 1286 4548 τοῦ
1339 4490 1471 4564 ᾅδου
1528 4493 1778 4570 ἄντικρυς
1836 4495 1927 4550 καί
1983 4499 2064 4566 τῷ
2119 4492 2404 4569 παρελθεῖν
2457 4494 2553 4556 τὰς
2599 4493 2922 4569 ἀνωμάλους
2978 4497 3175 4560 τούτοις
3231 4497 3320 4554 καὶ
3375 4499 3633 4574 τραχείας

215 4585 494 4666 τροχιάςς
545 4590 620 4640 ’Ἥ
672 4582 727 4639 τί
781 4579 924 4637 ἲδιον
971 4581 1183 4658 έπὰγειν
1239 4587 1358 4643 τοῖς
1419 4577 1715 4658 βαρϐάροις
1766 4579 2052 4656 ἐπίκλημα
2116 4579 2371 4657 εἶ’χομεν,
2425 4579 2478 4636 ο’ί
2538 4583 2667 4644 τοὺς
2723 4583 2942 4658 χώρους
3001 4586 3126 4646 τούς
3183 4587 3396 4647 στενούς
3442 4609 3502 4642 τε
3542 4591 3631 4644 καὶ

223 4677 440 4754 βιαίους
473 4674 564 4729 καὶ
599 4669 855 4733 σκολιοὺς
885 4671 1322 4747 περικαθίσαντες
1354 4672 1500 4743 ἡμᾶς
1532 4670 1889 4746 έσαγήνευσαν
1915 4691 1931 4741 ;
1985 4671 2076 4726 καὶ
2124 4675 2215 4725 νῦν
2262 4669 2410 4732 ὅπως
2441 4669 2858 4746 καταπροδίδως
2899 4673 2974 4737 ὡς
3004 4668 3251 4749 πρόϐατα
3282 4683 3491 4754 σφαγῆς
3519 4683 3638 4739 τοῖς

223 4767 454 4841 ἐχθροῖς
486 4782 500 4831 ;
539 4789 560 4814 ι
594 4761 827 4822 Τούτοις
857 4759 1161 4836 μαλαχθεὶς
1191 4759 1289 4828 τὴν
1319 4759 1503 4832 ψυχὴν
1534 4759 1630 4814 εἶτ’
1679 4759 1769 4815 οὖν
1815 4759 1920 4823 ’ὲως
1973 4757 2194 4834 καρδίας
2253 4757 2482 4840 δηχθεὶς
2524 4761 2598 4824 εἰς
2628 4762 2810 4838 ἑτέραν
2839 4762 3096 4838 ἐτραπετο
3129 4765 3218 4820 καὶ
3249 4767 3347 4835 τήν
3381 4764 3518 4819 κατᾶ
3543 4766 3635 4819 τὸν

222 4855 419 4931 καιρὸν
454 4852 660 4908 ἐκεῖνον
694 4849 818 4920 έλᾷν
844 4849 1044 4907 εἵλετο.

297 4967 468 5030 Ἀλλ’
520 4970 549 5024 ὁ
591 4966 806 5042 σπέρμα
857 4965 1260 5041 ἐγκαταλείπων
1310 4964 1480 5021 πάλαι
1514 4970 1594 5038 τῷ
1642 4965 1860 5041 Ἰσραὴλ

2069 4969 2377 5026 Enimvero
2421 4969 2471 5026 is
2502 4971 2604 5042 qui
2635 4970 2774 5026 olim
2809 4969 3008 5026 Israeli
3054 4986 3250 5026 semen
3285 4967 3535 5035 reliquit,
3567 4982 3641 5020 ne

220 5063 313 5117 ’ἱνα
348 5061 430 5135 μή
464 5059 542 5120 είς
573 5055 734 5118 τέλος
773 5055 1115 5135 ἀφαντωθείη
1161 5055 1225 5110 τὸ
1273 5053 1476 5110 ἐκείνου
1508 5052 1867 5130 κληρούχημι

1999 5073 2109 5114 sua
2155 5075 2284 5115 sors
2331 5059 2587 5130 penitus,
2644 5061 2905 5114 Sodoma
2954 5067 3009 5113 et
3066 5055 3396 5112 Gomorrbie
3436 5052 3640 5120 instar,

228 5155 306 5216 ὡς
367 5147 600 5223 Σόδομα
655 5147 879 5223 γεγονὸς
934 5145 1023 5200 καὶ
1082 5144 1354 5217 ὁμοιωθὲν
1415 5145 1490 5206 ὡς
1543 5143 1867 5219 Γόμορῥα,ἑ

1997 5147 2367 5213 aboleretur;
2409 5149 2510 5217 qui
2555 5147 2799 5218 castigat
2845 5151 2902 5200 et
2932 5161 3138 5200 rursus
3197 5141 3463 5196 medetur
3495 5158 3510 5208 ;
3542 5141 3644 5213 qui

225 5238 508 5299 παιδεύων
565 5236 659 5292 καὶ
712 5233 878 5292 πάλιν
929 5233 1182 5308 ἰώμενος,
1242 5234 1272 5288 ὁ
1327 5235 1610 5288 πατάσσων
1659 5233 1747 5288 καὶ
1791 5237 1867 5306 ζῇι

1998 5235 2249 5304 percutit
2277 5242 2332 5290 et
2386 5234 2582 5289 vivere
2613 5234 2752 5290 facit
2779 5251 2796 5301 ;
2829 5231 2930 5304 qui
2962 5231 3234 5286 baculum
3275 5233 3643 5300 peccatorum

228 5335 434 5400 ποιῶν,
487 5329 517 5384 ὁ
571 5327 648 5401 μή
707 5325 808 5394 τήν
855 5318 1056 5399 ῥάϐδον
1109 5327 1216 5377 τῶν
1273 5321 1616 5396 ἁμαρτωλῶν
1664 5322 1748 5377 ἰπὶ
1799 5322 1867 5376 τὸι

1998 5339 2114 5379 non
2153 5326 2426 5394 perpetuo
2458 5321 2514 5374 in
2546 5329 2760 5377 sortem
2784 5320 3081 5389 justorum
3114 5316 3370 5389 grassari
3400 5317 3561 5386 sinit,
3594 5319 3645 5375 is

227 5418 446 5492 κλῆρον
475 5421 583 5472 τῶν
617 5411 842 5468 δικαίων
874 5411 950 5472 είς
991 5407 1152 5471 τέλος
1195 5407 1298 5463 ἐῶν
1342 5407 1498 5469 οὗτος
1541 5409 1629 5463 καὶ
1675 5410 1799 5464 τότε
1825 5409 1867 5463 τέ

1999 5416 2126 5466 tum
2152 5423 2389 5480 quoque
2419 5408 2605 5463 sancti
2649 5408 2738 5463 sui
2770 5405 2967 5478 populi
2993 5405 3290 5473 misertus,
3319 5423 3493 5478 quem
3527 5425 3643 5464 non

234 5511 395 5584 ἅγιον
427 5503 582 5570 ἔθνος
612 5500 1061 5572 κατοικτειρήσας
1090 5497 1179 5553 καὶ
1205 5497 1282 5571 μή
1305 5496 1622 5552 ἀπώσασθαι
1654 5497 1867 5566 θελήσα⁴

2001 5497 2234 5570 penitus
2274 5495 2584 5566 repudiare
2613 5495 2860 5563 volebat,
2883 5495 3100 5551 sultani
3120 5494 3386 5552 animum
3408 5495 3483 5552 ad
3511 5496 3647 5555 inu-

229 5583 430 5655 ἑπίπαν
462 5594 705 5668 κάμπτει
753 5590 854 5658 τήν
905 5590 1003 5643 τοῦ
1051 5584 1348 5642 σουλτάνου
1394 5586 1579 5663 ψυχήν
1613 5585 1690 5648 είς
1720 5583 1867 5659 ἀξύμ.

2000 5586 2220 5643 sitatam
2249 5583 2617 5642 clementiam
2651 5584 2847 5655 ﬂectit,
2879 5589 2944 5641 ut
2973 5585 3074 5659 qui
3107 5583 3328 5642 dudum
3361 5585 3648 5647 Manuelis
