4066 6214
437 368 556 429 I35
1743 356 2061 420 NICETE

2210 355 2536 418 IONIATIE
3721 362 3852 422 536

440 505 712 562 virtutem
747 500 1070 568 verebatur,
1104 513 1260 555 nunc
1316 496 1444 568 ejus
1476 493 1806 552 calamitate
1848 491 2084 563 {range-

2210 485 2370 570 ρυλον
2398 487 2549 546 ἔλεον
2580 489 2642 546 τὸ
2671 487 3009 560 καινότατον,
3041 491 3129 547 καὶ
3180 492 3239 553 ὃς
3291 491 3388 562 τήν
3435 495 3531 546 τοῦ
3572 490 3858 566 βασιλέως

443 601 607 651 retur
640 610 654 650 :
683 595 784 646 aut
815 597 877 645 ut
913 588 1047 645 olim
1081 605 1184 661 per
1213 586 1435 644 Chusin
1494 581 1894 655 Achitopheiis
1953 596 2092 636 con-

2210 578 2392 654 ἱρετὴν
2444 578 2771 654 αἰδούμενος
2828 579 3116 658 πρότερον,
3171 580 3296 636 τότε
3351 580 3442 636 καὶ
3492 586 3611 644 ταῖς
3640 579 3857 639 ἐκείνου

445 683 575 738 siiia
604 680 821 746 evertit,
882 684 940 734 et
973 679 1233 733 animum
1269 674 1570 732 Absaionis
1622 670 1888 739 mutavit,
1920 675 1982 726 ut
2023 686 2093 724 ea

2210 673 2505 747 τυμφοραῖς
2535 669 2845 725 ἒπικλᾶται·
2892 667 2928 740 ἤ
2977 674 3106 748 γοῦν
3139 670 3166 724 ὁ
3217 667 3305 724 διὰ
3355 671 3523 726 Χουσὶ
3555 671 3654 739 τὴν
3691 675 3864 748 Ἀχι-

447 775 791 840 sequeretur
823 784 951 840 qua
1012 765 1328 838 perniciem
1362 765 1412 820 ei
1473 764 1722 818 allatura
1775 763 1962 825 erant,
2011 757 2094 812 ita

2210 752 2361 812 εόὸελ
2390 758 2673 834 ἀκυρώσας
2733 757 2966 834 βουλήν,
3023 759 3236 820 καὶτὰς
3284 757 3474 836 φρένας
3532 758 3861 824 ἀλλοιώσας

443 865 568 914 tum
603 874 836 934 quoque
883 863 1193 918 Persarum
1227 855 1375 911 245
1443 851 1765 924 principem
1798 855 2092 905 transver-

2210 851 2294 904 τοῦ
2351 843 2682 923 Ἀϐεσαλὼμ
2738 849 2813 912 ὡς
2857 853 2978 914 τοῖς
3033 849 3150 903 καθ’
3208 850 3400 904 ἑαυτοῦ
3457 848 3548 904 καὶ
3603 848 3856 925 χείροσιν

443 965 575 1011 sum
608 948 747 1020 egit,
778 951 841 1002 ut
891 962 1198 1018 procerum
1231 941 1494 1000 consiliis
1523 940 1842 1012 impulsus,
1876 937 2094 1010 quibus

2210 936 2646 1014 ἐπαγγέλλεσθαι,
2703 937 2864 999 αὐτὸς
2920 937 3010 993 καὶ
3064 937 3190 994 τότε
3236 940 3328 993 τὸν
3379 939 3701 1020 Περσάρχην
3738 938 3858 1010 {Ei-

442 1043 706 1111 tempore
739 1037 898 1110 pacis
922 1037 992 1091 ab
1017 1036 1370 1106 imperatore
1404 1031 1652 1104 pecunia
1671 1028 1970 1092 aiiluebat,
1994 1042 2098 1099 per

2210 1047 2395 1099 κρουσε
2467 1030 2565 1082 τοῦ
2638 1028 2996 1098 καθήκοντος.
3073 1028 3410 1103 Παρασυρεῖς
3509 1029 3611 1106 γὰρ
3689 1029 3859 1092 οὗτος

443 1128 667 1198 legatos
726 1126 878 1182 uitro
939 1125 1098 1198 prior
1155 1122 1436 1186 divinitus
1496 1135 1700 1194 pacem
1759 1115 2097 1188 imperatori

2210 1121 2316 1179 ταῖς
2368 1122 2475 1172 τῶν
2537 1116 2876 1195 μεγιστάνων
2935 1119 3103 1174 αὐτοῦ
3163 1118 3625 1192 ὑποθημοσύναις,
3696 1119 3859 1196 οἵπερ

445 1215 695 1282 oiTerret,
748 1230 924 1287 quam
984 1213 1032 1268 is
1091 1215 1335 1286 urgente
1391 1209 1737 1267 necessitate
1804 1207 2096 1279 petituru

445 1310 589 1373 erat,
618 1309 674 1360 et
705 1304 1003 1377 pactiones
1027 1319 1257 1369 rursus,
1281 1304 1347 1354 ut
1380 1304 1533 1365 ante,
1567 1297 1878 1369 flagitaret.
1913 1300 2099 1351 Persae

446 1411 578 1451 vero
611 1394 828 1451 sullani
873 1391 1117 1448 consilio
1151 1391 1410 1446 nondum
1440 1388 1749 1460 patefacto,
1777 1390 1971 1442 castra
2011 1385 2096 1440 di-

448 1483 640 1541 luculo
678 1486 1083 1556 oppugnatum
1131 1481 1316 1543 ibant,
1353 1493 1470 1534 uno
1529 1478 1748 1548 impetu
1810 1476 2103 1532 Romanos

450 1573 682 1630 delendi
705 1589 808 1644 spe
824 1575 1125 1643 concepta.
1160 1571 1360 1640 Itaque
1390 1583 1523 1623 cum
1547 1566 1848 1622 barbarico
1877 1563 2100 1634 ejulstu

450 1662 860 1734 obequitarent
885 1666 942 1716 et
974 1660 1190 1715 milites
1222 1658 1380 1714 intra
1407 1659 1626 1712 vallum
1667 1654 1899 1727 sagittis
1921 1653 2104 1710 conii-

451 1759 668 1819 cereut,
699 1753 950 1808 Joannes
1000 1746 1365 1806 Constantini
1394 1744 1597 1818 Angeii
1632 1743 1788 1802 ﬁlius
1817 1760 1948 1803 cum
1996 1759 2106 1799 sua

2203 1205 2509 1278 ἀπήντλουν
2568 1206 2900 1286 ἀμφοτέραις
2951 1205 3010 1263 ἐκ
3063 1205 3358 1282 βασιλέως,
3414 1209 3550 1264 κατᾶ
3609 1209 3702 1265 τὸν
3749 1217 3862 1284 τῆς

2204 1294 2428 1370 είρήνης
2494 1297 2678 1369 καιρὸν
2758 1298 2826 1351 τᾶ
2905 1298 3192 1374 χρήματα,
3275 1297 3496 1373 πέμψας
3564 1294 3864 1374 πρεσϐείαν

2203 1382 2447 1454 εἰρηνικᾶ
2485 1381 2792 1461 διαλέγεται
2840 1383 2928 1438 καὶ
2976 1385 3074 1455 τήν
3120 1385 3518 1463 συνομολογίαν
3560 1387 3634 1450 ὡς
3665 1389 3866 1463 πρώην

2204 1473 2356 1539 αὖθις
2413 1475 2681 1547 ἐπιζητεῖ,
2739 1474 3064 1553 προφοάνων
3137 1477 3259 1534 οἷον
3329 1478 3702 1552 προαιρετῶς,
3760 1483 3867 1534 τοῦ

2203 1564 2515 1641 κρείττονος
2599 1565 3008 1638 ἐποτρύνοντος,
3073 1567 3166 1621 τὸν
3235 1565 3577 1643 ἀναγκαστῶς
3641 1567 3696 1629 ἒς
3761 1570 3869 1634 τὰς

2208 1650 2504 1727 συμϐάσεις
2539 1653 2814 1728 βλέψαντα
2869 1655 3088 1714 ἄνακτα.
3139 1656 3208 1713 O't
3247 1652 3305 1712 δὲ
3337 1653 3404 1726 δὴ
3452 1658 3649 1732 Πὲρσαι
3685 1661 3866 1732 μήπω

2203 1747 2312 1800 τῶν
2372 1744 2510 1800 κατά
2560 1745 2763 1800 σκοπὸν
2817 1748 2897 1816 τῷ
2965 1742 3243 1818 σουλτάνῳ
3306 1743 3673 1822 ἐκφανθέντων
3741 1747 3867 1823 ἅμα

453 1841 710 1911 cohorte,
735 1841 912 1911 jussu
934 1837 1328 1911 imperatoris,
1360 1836 1434 1892 ad
1461 1836 1781 1892 Turccrum
1812 1835 2098 1906 impetum

2210 1830 2281 1906 ἕῳ
2348 1833 2728 1908 προσήλαυνον
2791 1834 2866 1896 ὡς
2932 1832 3349 1910 κυκλωσόμενοι
3416 1835 3727 1909 Ῥωμαίους
3771 1838 3869 1893 καὶ

450 1929 890 2002 reprimendum
931 1929 1244 2000 egreditur.
1301 1926 1410 1990 Qui
1469 1940 1603 1980 eum
1652 1925 1819 1980 irrito
1862 1927 2100 1994 conatu,

448 2018 612 2075 nullo
669 2018 800 2074 iorti
860 2017 1113 2073 facinore
1157 2016 1332 2083 edito,
1366 2013 1652 2080 rediiset,
1717 2013 2102 2069 Macroducas

449 2107 870 2164 Constantinus
916 2104 1229 2161 orientales
1260 2105 1459 2176 ccpias
1488 2101 1705 2159 educit.
1740 2103 1853 2158 Sed
1884 2103 1934 2158 is
1964 2118 2103 2174 quc-

450 2214 567 2270 que
598 2213 712 2252 non
748 2195 932 2252 multo
983 2203 1114 2269 post
1168 2195 1228 2250 in
1259 2199 1453 2250 castra
1482 2210 1545 2250 se
1577 2193 1816 2264 recepit.
1873 2192 2101 2248 Interea

450 2287 722 2344 ultanus
751 2286 1026 2355 Gabram,
1059 2284 1585 2341 honoratissimum
1630 2283 1783 2339 inter
1837 2298 1977 2338 suos
2001 2298 2098 2337 sa-

449 2381 670 2448 trapas,
723 2377 793 2430 ad
827 2375 1236 2447 imperatorem
1269 2373 1488 2442 mittit;
1522 2372 1694 2443 cujus
1719 2371 1896 2443 jussu
1927 2369 2101 2426 Turci

452 2479 790 2536 cppugnsrc
818 2461 1035 2518 vallum
1067 2463 1383 2530 desistunt,
1415 2467 1475 2517 et
1505 2460 1753 2516 Romani
1785 2459 1932 2514 clam
1964 2461 2101 2518 sub-

454 2557 666 2612 ducere
695 2569 820 2610 sesc
860 2552 1155 2609 desinunt.
1215 2551 1270 2606 ls
1301 2551 1520 2606 Gabras
1552 2550 1710 2607 248
1765 2547 2102 2619 imperatori

454 2643 832 2699 Barbarorum
867 2657 1028 2698 more
1074 2640 1366 2697 submisse
1395 2645 1628 2696 adorato
1658 2639 1812 2700 dono
1861 2638 2101 2695 adducit

449 2749 668 2806 equum
720 2733 993 2797 Nisaum,
1027 2731 1202 2790 frenis
1260 2731 1550 2802 argenteis
1589 2734 1883 2799 ornatum,
1926 2745 1995 2785 ex
2026 2729 2099 2784 iis

451 2825 549 2896 qui
581 2823 653 2880 ad
687 2840 927 2896 pompas
955 2820 1234 2889 aluntur;
1267 2827 1328 2879 et
1360 2822 1600 2893 longum
1634 2819 1946 2890 ancipitem
1980 2819 2099 2890 gla-

448 2913 633 2983 dium,
693 2929 760 2968 ac
818 2927 1147 2969 sermonem
1206 2911 1277 2965 de
1337 2908 1741 2980 paciﬁcatione
1796 2907 2097 2978 interjicit,

449 3002 646 3058 animo
703 3001 829 3072 ejus
886 3001 961 3055 ob
1017 3003 1318 3070 acceptam
1377 2998 1626 3064 cladem,
1680 2997 1739 3053 ui
1788 2997 2102 3068 apparebat

441 3093 628 3161 tristi,
688 3093 852 3164 prius
896 3089 1174 3146 mollibus
1230 3088 1424 3144 verbis
1477 3105 1608 3159 quas
1666 3088 1726 3143 in
1779 3105 1975 3144 aurem
2015 3086 2101 3148 illi

449 3180 680 3236 dicebat
711 3180 976 3247 delinito,
1009 3184 1066 3234 et
1094 3178 1312 3234 doloris
1343 3177 1655 3235 acerbitate
1705 3176 1864 3232 velut
1898 3177 2101 3235 incan-

2211 1920 2394 1998 ὥσπερ
2424 1920 2558 1998 ὄψον
2589 1924 2843 1998 εὐτρεπὲς
2877 1923 2970 1978 καὶ
3015 1925 3135 1980 καθ’
3183 1925 3364 2000 ὁρμὴν
3401 1924 3524 1998 μίαν
3558 1927 3646 1980 οἷα
3675 1927 3866 2002 θῆρες,

2211 2011 2554 2092 λαφύξοντες,
2605 2010 2642 2083 ἤ
2691 2013 2767 2075 ὡς
2822 2011 3359 2088 ἐγκαταλελειμμένα
3405 2013 3488 2070 ὠσὶ
3528 2016 3618 2070 καὶ
3647 2017 3867 2073 νοσσιὰν

2210 2101 2425 2177 ἐρήμην
2495 2103 2809 2176 ἀπάξοντες.
2869 2101 3309 2178 Περιστείχοντες
3366 2102 3542 2160 τοίνυν
3598 2105 3690 2160 τὸν
3744 2106 3866 2182 χά-

2212 2215 2348 2274 ρακα
2374 2193 2504 2259 τοὺς
2551 2193 2700 2255 ἐντὸς
2751 2195 3120 2268 κατετόξευον,
3177 2193 3368 2269 κύκλῳ
3421 2193 3868 2271 περιελαύνοντες

2209 2283 2297 2340 καί
2360 2279 2704 2360 βαρϐαρικῶς
2765 2282 3149 2353 ἀλαλάζοντες.
3227 2283 3494 2347 Βασιλεὺς
3548 2282 3637 2343 οὖν
3693 2284 3863 2360 ἐγκε-

2210 2373 2422 2429 λεύεται
2448 2373 2667 2448 Ἰωάννῃ
2713 2377 2791 2445 τῷ
2845 2377 2943 2427 τοῖ’)
3001 2371 3274 2449 ’Δγγὲλου
3323 2373 3726 2430 Κωνσταντίνου
3753 2376 3866 2448 υἱῷ

2214 2461 2346 2535 μετά
2401 2465 2498 2517 τοῦ
2559 2461 2815 2524 συνόντος
2870 2461 3054 2534 ἐκείνῳ
3102 2464 3380 2540 τάγματος
3437 2469 3552 2524 τοῖς
3619 2463 3858 2540 Πέρσαις

2207 2546 2563 2625 προσϐαλεῖν·
2635 2553 2663 2606 ὁ
2729 2547 2786 2606 δὲ
2846 2551 2983 2606 κατᾶ
3044 2553 3144 2622 τήν
3233 2550 3524 2628 βασιλικὴν
3592 2551 3858 2630 ἕπιταγῆν

2209 2639 2517 2697 ἀναστελεῒν
2569 2641 2694 2702 τοὺς
2751 2641 3028 2714 Τούρκους
3081 2645 3354 2715 πειρᾶται,
3409 2639 3561 2698 οὐδὲν
3595 2640 3652 2698 δέ
3679 2664 3733 2700 τι
3764 2644 3859 2701 καὶ

2210 2728 2408 2806 δράσας
2450 2734 2690 2810 γενναῖον
2746 2727 3121 2810 παλίστροιρος
3182 2731 3405 2805 γίνεται.
3439 2733 3532 2788 Ἐκ
3577 2728 3634 2786 δὲ
3662 2731 3863 2788 τούτου

2211 2821 2239 2876 ὁ
2270 2815 2658 2892 Μακροδούκας
2702 2823 3108 2882 Κωνσταντῖνος
3149 2821 3249 2889 τήν
3303 2821 3391 2876 ὑπ’
3457 2819 3615 2876 αὐτὸν
3687 2821 3870 2897 ὶξᾶγιι

2211 2911 2464 2986 στρατιὰν
2495 2909 2553 2965 ἐκ
2597 2914 2706 2965 τῶν
2758 2911 2909 2984 ἑῴων
2965 2909 3514 2988 στρατολογουμένην
3542 2912 3868 2989 ταγμάτων·

2210 3000 2355 3056 ἀλλά
2384 3001 2472 3054 καί
2508 2999 2667 3062 οὗτος
2718 2999 2914 3074 μικρόν
2967 3021 3020 3055 τι
3077 3000 3261 3078 φανεὶς
3294 3001 3680 3072 ὑπενόστησεν.
3711 3003 3781 3059 Ὀ
3813 3000 3873 3058 δι

2211 3112 2274 3166 γε
2347 3089 2645 3154 σουλτάνος
2715 3092 2920 3163 πέμπει
2995 3091 3131 3166 πρὸς
3211 3091 3435 3165 βασιλέα
3520 3087 3726 3165 Γαὸρᾶν
3803 3092 3873 3146 τὰ

2212 3184 2403 3254 πρῶτα
2440 3184 2548 3235 τῶν
2579 3180 2708 3254 παρ’
2757 3180 2905 3252 αύτῷ
2951 3179 3041 3234 καὶ
3112 3181 3477 3256 τετιμημὲνον
3505 3181 3572 3236 τά
3613 3178 3871 3256 μίγιστισ

449 3268 728 3324 tamentis
745 3269 1101 3340 quibusdam
1122 3268 1404 3340 mitigata.
1428 3271 1572 3322 Cum
1592 3271 1786 3323 autem
1810 3269 2101 3325 thoracem

2214 3271 2277 3326 τὸ
2310 3266 2357 3324 δ’
2391 3269 2495 3323 ἀπὸ
2545 3266 2703 3324 τοῦδε
2751 3266 2804 3324 οῖ
2860 3290 2918 3324 τε
2973 3271 3209 3344 Τοῧρκοι
3267 3268 3325 3325 ὲκ
3375 3269 3751 3348 παραγγελίας
3778 3275 3882 3326 τοῦ

453 3357 826 3428 imperatoris
878 3356 1033 3413 fulva
1081 3360 1242 3413 veste
1298 3359 1517 3412 tectum
1578 3356 1822 3412 vidisset
1865 3373 1878 3412 :
1914 3381 1943 3407 u
1997 3358 2110 3414 ista

459 3443 637 3513 color,
689 3445 902 3516 inquit,
953 3444 1286 3516 imperator,
1330 3459 1540 3516 pugnis
1571 3447 1835 3516 tempore
1867 3445 2108 3506 minime

460 3535 805 3592 commodus
837 3544 942 3604 est,
976 3535 1078 3592 sed
1136 3533 1308 3605 plane
1357 3533 1784 3606 inauspicatus.
1821 3557 1841 3584 ι
1895 3537 1957 3590 Id
2009 3535 2105 3591 di-

457 3630 618 3684 ctum
677 3629 995 3700 imperator
1022 3627 1231 3699 exiguo
1282 3630 1341 3682 et
1395 3630 1592 3682 coacto
1656 3624 1776 3681 risu
1837 3627 2103 3697 excepit;

459 3732 698 3789 eamque
717 3722 932 3774 vestem
957 3733 1215 3790 purpura
1243 3721 1300 3771 et
1330 3731 1472 3770 auro
1507 3716 1787 3770 intextam
1812 3713 1898 3769 illi
1924 3715 2105 3786 dedit,

456 3817 805 3883 acceptoque
835 3823 976 3864 ense
1023 3811 1082 3864 et
1109 3823 1258 3879 equo
1294 3821 1494 3878 pacem
1530 3805 1849 3861 conscribit
1883 3822 2106 3877 suaque

454 3918 631 3958 manu
691 3900 1014 3968 subsignat.
1076 3898 1231 3954 Inter
1259 3901 1496 3954 ceteras
1525 3895 1914 3963 conditiones,
1958 3913 2104 3970 quas

452 3993 511 4048 id
543 3997 773 4064 tempus
805 3987 1211 4062 scrupulosius
1241 3987 1544 4058 exquirere
1576 4002 1693 4042 non
1724 3986 1972 4054 sinebat,
2004 3986 2106 4042 illa

453 4099 685 4156 quoque
731 4087 876 4150 erat,
930 4084 994 4136 ut
1051 4078 1373 4149 Dorylaaum
1425 4083 1484 4135 et
1535 4077 1817 4133 Bubleum
1868 4076 2102 4133 castella

454 4177 871 4230 everterentur.

2217 3354 2588 3433 προσϐάλλειν
2663 3355 2994 3434 περιστάδην
3067 3356 3369 3429 ἀπέστησαν
3434 3359 3525 3414 καὶ
3599 3361 3883 3433 Ῥωμαῖοι

2215 3452 2316 3502 τοῦ
2350 3447 2735 3524 ὑπεξέρχεσθαι
2767 3446 3050 3524 λήγουσιν.
3088 3450 3351 3524 Ὀφθῆναι
3413 3446 3470 3503 δὲ
3516 3453 3596 3521 τῷ
3650 3447 3878 3524 βασιλεῖ

2219 3535 2440 3617 μέλλων
2502 3533 2714 3611 ΓαϐρΞς
2776 3537 2993 3612 βαθεῖαν
3047 3537 3137 3593 καὶ
3215 3534 3552 3615 βαρϐαρικὴν
3609 3538 3874 3615 ἀπονέμει

2214 3628 2385 3701 τιμὴν
2431 3628 2520 3682 καὶ
2587 3626 2977 3701 προσκύνησιν,
3044 3629 3134 3684 καὶ
3200 3628 3314 3703 ’ἁμα
3367 3630 3536 3684 ἳππον
3601 3630 3870 3709 προσάγει

2218 3714 2391 3796 δῶρον
2451 3721 2679 3772 Νισαῖον
2734 3716 3200 3799 ἀργυροχάλινον,
3258 3718 3316 3774 ἐκ
3371 3722 3478 3773 τῶν
3534 3720 3875 3798 φατνιζομὲ-

2215 3827 2320 3861 νων
2355 3805 2432 3868 εἷς
2481 3806 2728 3879 πομπὰς,
2781 3806 3210 3884 καὶοπεριμήκη
3281 3810 3510 3885 ἂμφῆκη
3567 3809 3872 3889 μάχαιραν,

2211 3898 2300 3952 καὶ
2338 3896 2502 3971 λόγον
2547 3902 2688 3952 κινεῖ
2743 3897 2866 3974 περὶ
2925 3896 3194 3969 σπονδῶν,
3247 3896 3573 3972 διομαλίσας
3602 3899 3872 3976 πρότερον

2213 3986 2404 4063 λόγοις
2438 3985 2672 4049 ἁπαλοῖς
2701 3987 2798 4055 τήν
2852 3987 2940 4041 ἐπὶ
2982 3993 3099 4049 τοῖς
3149 3983 3418 4061 συμϐᾶσιν
3452 3989 3872 4067 ὑπεμφαινομέ-

2210 4097 2307 4145 νην
2338 4073 2622 4151 ἀχθηδόνα
2664 4080 2762 4130 τοῦ
2814 4076 3101 4152 βασιλέως,
3152 4077 3242 4132 καὶ
3293 4077 3645 4140 καταστείλας
3670 4079 3733 4133 τὸ
3763 4078 3866 4134 τοῦ

2209 4167 2415 4229 πάθους
2469 4163 2807 4241 φλεγμαῖνον
2867 4167 2958 4220 οἷά
3011 4187 3150 4222 τισιν
3211 4165 3532 4240 ἐπᾷσμασιν,
3592 4169 3675 4229 οἷς
3724 4169 3866 4243 πρός

455 4262 517 4318 τὸ
567 4260 660 4325 οὖς
715 4259 902 4332 ἐκείνῳ
957 4258 1307 4336 ὑπεψιθύρισε
1364 4257 1594 4332 ῥήμασι,
1655 4253 1993 4328 Θεασάμενος
2053 4251 2109 4308 δὲ
2183 4249 2394 4328 Γαόρᾶς
2466 4251 2534 4323 ἥν
2593 4255 2716 4328 εἶχε
2774 4252 3010 4310 στολάδα
3040 4255 3129 4310 ἐπὶ
3173 4260 3270 4311 τοῦ
3299 4257 3546 4335 θώρακος
3581 4254 3864 4332 βασιλεὺς,

451 4355 556 4424 τὴν
585 4352 780 4428 χροιὰν
827 4347 1222 4428 χολοϐἆφινον,
1257 4373 1284 4401 ‹‹
1318 4349 1433 4406 Οὔκ
1463 4343 1810 4426 εύσύμϐολον
1861 4346 1924 4399 τὸ
1972 4349 2177 4420 χρῶμα
2223 4349 2384 4399 τοῦτο
2417 4365 2441 4399 s
2495 4345 2677 4423 φησὶν,
2715 4369 2739 4399 s
2774 4347 2818 4400 ὧ
2853 4347 3099 4422 βασιλεῦ,
3132 4347 3279 4403 ἀλλὰ
3319 4347 3408 4402 καὶ
3455 4347 3577 4403 λίαν
3606 4350 3745 4404 κατὰ
3773 4349 3867 4417 νῆν

429 4439 603 4514 ·ὥραν
653 4445 750 4495 τοῦ
796 4440 1048 4513 πολέμου
1095 4445 1214 4501 ταῖς
1264 4439 1484 4513 ἀγαθαῖς
1535 4438 1732 4512 τύχαις
1782 4434 2141 4510 ἀντιπρᾶττον
2328 4457 2356 4485 υ
2405 4433 2578 4498 Αὐτὸς
2629 4433 2675 4488 δ’
2726 4434 2811 4491 ἐπὶ
2842 4441 2960 4498 τοῖς
2992 4437 3304 4512 εῗρημένοις
3333 4436 3552 4500 τούτοις
3585 4439 3771 4515 βραχύ
3820 4459 3874 4492 τι

457 4529 547 4582 καὶ
618 4523 971 4604 βεϐιασμένον
1027 4525 1329 4600 μειδιάσας,
1378 4528 1476 4598 τὴν
1547 4525 1912 4598 ἐπιθωράκιον
1977 4521 2180 4593 στολὴν
2232 4518 2434 4584 ἀποδὺς
2486 4521 2675 4596 ἐκείνῳ
2729 4520 2918 4578 δίδωσι
2968 4527 3226 4602 πορφύρᾳ
3272 4527 3362 4582 καὶ
3411 4533 3604 4606 χρυσῷ
3656 4526 3872 4598 διηνθι-

460 4615 684 4690 σμὲνην.
718 4616 824 4673 Τὸν
859 4613 904 4670 δ’
941 4614 1114 4671 ’ίππον
1145 4615 1235 4670 καὶ
1267 4617 1329 4670 τὸ
1361 4616 1515 4691 ξίφος
1545 4612 1834 4687 δεξάμενος
1865 4611 2167 4690 ἐγγράφους
2217 4612 2423 4666 τίθεται
2451 4613 2546 4674 τὰς
2578 4609 2836 4681 σπονδὰς,
2868 4613 2958 4668 καὶ
3010 4617 3106 4684 τὴν
3142 4621 3303 4690 χεῖρα
3333 4617 3550 4678 τούτοις
3585 4612 3868 4691 βραϐεύει.

459 4707 619 4775 Ἐνῆν
655 4703 712 4760 δὲ
741 4710 818 4778 τῷ
847 4705 1185 4780 γραμματίῳ
1212 4705 1304 4759 καὶ
1336 4703 1480 4759 ἄλλα
1513 4705 1606 4776 μὲν
1659 4704 1758 4757 ὅσα
1805 4703 1832 4756 ὁ
1881 4703 2067 4777 καιρὸς
2116 4699 2367 4757 ἑπέταττε
2415 4701 2551 4757 κατά
2597 4699 2766 4777 μηδὲν
2806 4697 3367 4784 ἀκριϐολογούμενος,
3399 4703 3542 4759 ἀλλᾶ
3573 4702 3638 4776 δὴ
3675 4707 3766 4760 καὶ
3804 4708 3870 4761 τὸ

461 4802 902 4874 καταπραφῆναι
932 4795 998 4850 τὰ
1027 4795 1260 4872 φρούρια
1287 4794 1349 4848 τό
1379 4814 1438 4848 τε
1470 4793 1766 4866 Δορύλαιον
1801 4793 1887 4846 καὶ
1923 4793 1983 4846 τὸ
2016 4786 2308 4850 Σούόλεον.

534 4889 683 4946 247
741 4884 974 4942 Manuel
1031 4900 1164 4941 cum
1197 4899 1397 4955 pacem
1432 4881 1578 4937 nihil
1627 4881 1974 4936 insidiarum
2007 4881 2101 4936 ha-

2289 4881 2478 4942 Οὕτως
2505 4879 2596 4935 οὖν
2625 4880 2871 4956 εὑρηκὼς
2928 4882 3022 4937 τὸν
3061 4879 3342 4959 Βάρϐαρον
3381 4883 3446 4938 τὰ
3476 4883 3609 4958 πρὸς
3639 4881 3871 4957 εἶρτςνην

465 4981 602 5039 bere
630 4983 689 5036 et
745 4975 972 5034 sincere
1029 4990 1225 5032 secum
1276 4988 1446 5046 agere
1499 4972 1818 5028 Barbarum
1871 4970 2101 5042 videret,

2218 4968 2441 5040 ἀληθῶς
2470 4968 2784 5041 λαλήσαντα
2827 4972 2917 5026 καὶ
2970 4974 3045 5045 μή
3096 4971 3177 5028 ἐπ’
3227 4974 3398 5048 ὀργὴν
3446 4971 3645 5036 δόλους
3678 4970 3873 5030 διαλο-

465 5071 580 5128 alia
608 5070 700 5126 via
730 5068 972 5124 domum
998 5065 1185 5122 redire
1213 5061 1487 5130 instituit,
1521 5065 1585 5116 ut
1613 5064 1910 5132 aspectum
1939 5061 2101 5116 inter-

2220 5059 2532 5136 γιζόμενον,
2566 5061 2797 5135 αἱρεῖται
2854 5057 2924 5116 δι’
2981 5058 3159 5133 ἄλλης
3217 5060 3346 5118 ὀδοῦ
3399 5070 3739 5136 πορευθῆναι
3778 5065 3871 5120 καὶ

461 5163 739 5220 tectorum
770 5157 1105 5214 declinaret.
1129 5156 1203 5210 At
1239 5153 1341 5210 vim
1373 5153 1550 5209 duces
1580 5151 1653 5207 ob
1689 5151 1748 5208 id
1779 5150 1977 5222 ipsum
2007 5166 2101 5221 po-

2225 5150 2299 5221 μὴ
2358 5149 2458 5218 τὴν
2515 5148 2683 5219 αὐτὴν
2735 5149 3124 5225 ἀναμετρήσειν
3178 5148 3327 5215 αὖθις
3385 5152 3452 5220 ἣν
3484 5146 3701 5209 ἑϐἀδισε
3731 5153 3869 5226 πρό-

461 5250 763 5306 tisslmum
790 5247 992 5303 eodem
1053 5261 1190 5302 eum
1229 5241 1610 5309 reducebant,
1642 5243 1710 5295 ut
1751 5238 2101 5296 miserabilia

2219 5257 2400 5310 τερον,
2459 5235 2701 5294 ίκκλῖναι
2765 5239 2895 5302 τοὺς
2948 5241 3208 5302 πεσόντας
3259 5240 3615 5315 βουλόμενος.
3675 5242 3744 5299 Οἱ
3813 5243 3868 5297 ὁὶ

463 5338 562 5394 illa
591 5336 927 5410 spectacula
955 5335 1139 5394 oculis
1169 5333 1518 5400 intueretur,
1551 5347 1678 5404 quas
1709 5327 1947 5402 quidem
1980 5327 2101 5384 nui-

2221 5329 2319 5399 τῇς
2381 5323 2512 5381 ὁδοῦ
2561 5326 2831 5403 ἡγεμόνες
2879 5330 2996 5384 κατ’
3025 5328 3157 5385 αὐτὸ
3201 5333 3363 5385 τοῦτο
3401 5328 3616 5403 μᾶλλον
3650 5329 3738 5387 ἐπὶ
3769 5333 3868 5400 τήν

1787 5483 1982 5556 Hier.
2035 5481 2287 5552 Wolfii
2338 5486 2555 5556 notae.

568 5622 624 5705 2)
681 5623 882 5705 Nescio
907 5625 1083 5705 “quid
1115 5624 1222 5681 hoc
1263 5623 1430 5705 isiva
1457 5639 1722 5705 acomnia
1760 5621 2109 5705 sive-capxc-
2218 5619 2642 5705 pallentem_,an
2665 5625 3029 5705 veroinnuat
3049 5641 3232 5705 aurea
3251 5643 3417 5705 arma
3446 5627 3874 5698 periculosiora

476 5692 636 5765 σμὸς,
669 5692 781 5746 sibi
833 5692 990 5760 velit,
1023 5699 1220 5749 utrum
1254 5692 1439 5750 rideat
1467 5694 1788 5751 Manuelem
1838 5699 1899 5748 ut
1947 5692 2107 5748 metu
2219 5709 2346 5753 esse
2378 5694 2609 5764 ferreis,
2643 5697 2798 5764 quod
2833 5713 2935 5768 spe
2964 5697 3178 5767 praedae
3209 5698 3410 5770 plures
3442 5692 3731 5756 alliciant.
