4066 6214
262 335 388 399 537

1321 331 1421 390 DE
1463 330 1851 396 MANUELE
1893 329 2282 396 GOMNENO
2325 331 2474 392 LIB.
2521 331 2623 392 Vl.

3574 333 3696 396 538

269 469 451 526 ἐκεῖσε
506 467 777 542 προῆγον,
849 463 923 522 ’ἶν’
1007 464 1316 544 ὀφθαλμοῖς
1387 461 1612 529 οἷ’κείοις
1667 461 1931 539 ὲπόψοιτο

2049 463 2120 522 lis
2173 464 2448 539 laerymis
2497 465 2644 524 satis
2681 464 2970 537 deplorari
3021 471 3262 537 queant.
3294 467 3442 525 Nam
3487 468 3688 526 fauces

269 554 542 634 βασιλεὺς
600 555 668 613 τὰ
721 552 1047 630 οἰκτρότατα
1103 553 1281 612 εκεῖνα
1337 551 1598 626 θεάματα.
1660 553 1763 611 Καὶ
1831 554 1935 629 γὰρ

267 648 340 716 ἦν
379 644 612 716 ἀληθῶς
660 640 907 717 δακρύων
966 644 1087 713 ἄξια
1139 643 1207 700 τὰ
1265 643 1536 717 ὁρώμενα,
1570 642 1604 712 ἢ
1636 641 1932 713 ἀληθέστε-

271 755 371 812 ρον
399 734 574 790 εἰπεῖν
609 733 779 806 μείζω
825 735 919 790 τοῦ
967 730 1404 801 ἀνακλαυσοῆναι
1435 729 1524 789 διὰ
1552 731 1613 792 τὸ
1643 735 1740 788 τοῦ
1764 735 1934 788 κακοῦ

271 824 531 899 μέγεθος.
576 822 648 879 Al
706 841 766 880 τε
809 822 915 896 γὰρ
977 821 1248 899 φάραγγες
1303 821 1380 884 εἷς
1435 818 1686 879 ἰσόπεδον
1718 815 1931 878 ἀνέϐαι-

264 935 390 986 νον,
436 913 529 968 καί
586 913 637 966 ol
677 907 931 976 κοιλάδες
969 909 1046 974 είς
1103 909 1381 973 κολωνοὺς
1426 909 1807 988 ἀνηγείροντο,
1843 909 1933 968 καὶ

264 1003 334 1065 τὰ
401 1000 551 1073 ἄλση
611 1005 730 1064 τοῖς
789 1000 1140 1074 Θνησιμαίοις
1218 998 1573 1058 ἐκεκάλυπτο.
1632 1003 1812 1062 ’Ἅπας
1879 997 1935 1058 δὲ

265 1091 520 1165 κείμενος
566 1089 864 1166 ἇποσυρείς
918 1090 988 1158 ἦν
1044 1087 1108 1146 τὰ
1165 1087 1341 1164 δέρμα
1392 1096 1492 1158 τῆς
1545 1087 1788 1167 κεφαλῆς
1835 1092 1932 1162 (3),

263 1179 476 1241 πολλοὶ
547 1177 606 1237 δλ
671 1179 763 1236 καὶ
829 1180 956 1245 τοὺς
1025 1176 1360 1258 ἰθυφάλλους
1431 1176 1930 1248 ἀπεκαυλίσθησαν.

264 1270 530 1345 Ἐλέγετο
578 1265 634 1324 δὲ
676 1265 804 1330 τοὺς
838 1265 1044 1342 Πέρσας
1089 1270 1258 1324 τοῦτο
1316 1265 1700 1347 τεχνάσασθαι,
1731 1266 1820 1322 ἳνα
1855 1267 1931 1340 μὴ

2040 561 2353 627 exaequata:
2401 560 2590 620 erant,
2639 554 2818 612 valles
2857 555 2914 610 in
2965 555 3226 612 tumulos
3275 559 3682 630 assurgebant,

2040 645 2227 703 saltus
2259 644 2634 704 cadaveribus
2671 644 3100 718 operiebantur.
3149 645 3466 702 Prostratis
3495 649 3686 704 omni-

2041 735 2153 793 bus
2195 735 2347 792 cutis
2377 737 2583 804 capitis
2613 736 2872 790 detracta
2903 739 3048 797 erat,
3081 732 3384 791 nonnullis
3412 738 3686 806 pudenda

2040 824 2216 881 etiam
2252 825 2508 895 praecisa.
2552 824 2684 880 Ideo
2718 825 2931 880 factum
2965 841 2996 878 a
3027 823 3216 878 Persis
3265 822 3589 892 dicebatur,
3625 831 3687 882 ut

2040 911 2407 971 circumcisis
2453 930 2489 968 a
2539 912 2886 968 Christianis
2930 929 3045 968 non
3101 911 3394 968 distinctis
3444 913 3686 971 victoria

2040 1017 2256 1072 anceps
2287 1005 2478 1068 esset;
2513 1017 2648 1056 nam
2679 1016 2748 1058 ex
2779 1007 3024 1071 utroque
3049 999 3305 1056 exercitu
3341 999 3508 1056 multi
3538 1000 3686 1058 ceci-

2041 1090 2267 1147 derant.
2323 1089 2498 1148 Nemo
2547 1090 2728 1161 igitur
2759 1088 3034 1161 praateriit
3077 1089 3220 1161 quin
3262 1089 3688 1147 lamentaretur

2038 1183 2099 1238 et
2129 1178 2478 1236 nominatim
2513 1178 2830 1236 familiares
2875 1181 3050 1250 atque
3080 1178 3300 1235 amicos
3333 1195 3474 1236 suos
3506 1177 3688 1236 inter-

2044 1267 2227 1324 fectos
2255 1267 2655 1339 compellaret.

269 1363 374 1417 τοῦ
432 1352 775 1433 ἀκροϐύστου
835 1357 862 1411 ὁ
918 1354 1290 1435 ὶμπερίτομος
1344 1352 1728 1413 διαστέλλοιτο
1785 1355 1875 1411 καὶ
1932 1357 1966 1424 ἡ
2026 1354 2149 1426 νίκη
2210 1354 2383 1418 οὕτως
2443 1355 2528 1426 ε’ἱη
2574 1355 2900 1432 ἆμφιπαλής
2947 1357 3036 1412 καὶ
3086 1355 3454 1430 ἀμφήριστος,
3503 1355 3578 1417 ὡς
3629 1355 3680 1427 ἐξ

273 1447 546 1521 ἑκατέρων
593 1447 700 1503 τῶν
749 1443 1135 1521 στρατοπέδων
1184 1439 1641 1515 καταϐληθέντων
1685 1443 1938 1503 πολλῶν.
1989 1442 2180 1508 Οὐδεὶς
2223 1445 2406 1502 τοίνυν
2459 1445 2637 1524 χωρὶς
2685 1442 2934 1521 δακρύων
3001 1445 3090 1500 καὶ
3145 1449 3464 1519 στεναγμῶν
3529 1443 3688 1498 ἀντὶ·

281 1536 586 1613 παρῆλθεν,
640 1532 789 1593 ἀλλὰ
842 1537 983 1611 μέγα
1037 1536 1234 1604 πάντες
1306 1533 1634 1592 ἀνέκλαυσαν
1717 1533 1806 1591 καὶ
1883 1533 2143 1608 ὀνομαστὶ
2215 1535 2342 1598 τοὺς
2398 1530 2761 1597 ἀπολωλότας
2817 1534 3062 1610 ἑταίρους
3116 1534 3207 1591 καὶ
3255 1536 3506 1606 συνήθεις
3562 1530 3689 1588 εκά-

277 1627 468 1686 λεσαν.

349 1714 514 1776 Ἀλλ’
545 1715 772 1776 ἐνταῦθα
821 1718 918 1770 τοῦ
950 1713 1133 1791 λόγου
1163 1716 1473 1792 γενόμενος.
1507 1711 1680 1770 έκεῖνο
1709 1709 1826 1792 ἔχω
1857 1715 1938 1772 εἰ-

2118 1719 2234 1775 Ηοο
2265 1717 2390 1774 loco
2422 1716 2564 1774 illud
2618 1717 2677 1774 in
2711 1724 2961 1774 mentem
3006 1716 3150 1772 mihi
3183 1716 3357 1784 venit,
3389 1731 3482 1771 res
3532 1715 3690 1771 futu-

273 1809 420 1874 πεῖν,
453 1804 530 1866 ὡς
564 1801 938 1879 δυσερύλακτον
964 1805 1026 1862 τὸ
1060 1801 1268 1878 μέλλον
1291 1809 1408 1866 τοῖς
1436 1803 1744 1880 ἀνθρώποις
1773 1805 1935 1878 ἡμῖν,

281 1894 376 1951 καὶ
431 1892 530 1949 οὐκ
585 1891 644 1947 ἄν
702 1913 786 1954 τις
841 1889 1044 1968 ῥᾳδίως
1102 1891 1396 1966 ἕξαναλύξῃ
1447 1893 1511 1949 τὸ
1563 1891 1737 1963 ἕπιὸν,
1778 1892 1822 1948 εἰ
1858 1894 1935 1966 μή

275 1989 363 2056 τῷ
390 1984 454 2042 τὸ
483 1989 632 2042 Gaio;
663 1981 724 2039 ἐκ
767 1981 1028 2057 λιπαρίας
1079 1981 1310 2050 ἱλεωθὶν
1363 1984 1643 2044 ἀπώσαιτο
1680 1985 1751 2042 τὰ
1793 1980 1940 2040 δεινᾶ

278 2076 318 2147 ἢ
369 2073 430 2132 ἐκ
478 2075 672 2135 τούτου
724 2073 802 2139 είς
859 2077 1022 2136 τοῦτο
1081 2073 1423 2148 μετακλινεῖ,
1475 2075 1846 2151 καταμιγνύον
1874 2074 1936 2130 τὸ

273 2172 385 2236 τῆς
416 2167 683 2237 κινήσεως
730 2164 1020 2244 ἀκραιφνὶς
1079 2166 1168 2224 καὶ
1221 2170 1302 2237 τῷ
1358 2164 1729 2243 φιλανθρώπῳ
1759 2184 1941 2235 καπη-

272 2253 441 2317 λεῦον
499 2256 564 2314 τὸ
619 2254 877 2331 ἄκρατον.
936 2253 1202 2316 Βασιλεὺς
1279 2253 1382 2331 γάρ
1448 2255 1609 2326 ἡνίκα
1673 2255 1739 2323 ἦν
1804 2253 1940 2311 κατὰ

274 2349 507 2418 Περσῶν
558 2343 928 2419 ἆκστρατεύειν
974 2343 1334 2418 προθέμενος,
1377 2343 1550 2403 ἐδόκει
1588 2344 1706 2401 καθ’
1737 2342 1938 2405 ὕπνους

275 2433 414 2510 όρᾷν
473 2434 550 2500 ὡς
604 2435 680 2496 εἰς
736 2431 1070 2509 στρατηγίδα
1125 2440 1230 2504 νῆα
1289 2429 1460 2508 ἐμϐὰς
1517 2432 1678 2496 αὐτός
1735 2453 1793 2490 τι
1848 2432 1940 2491 καὶ

272 2524 474 2602 συχνοὶ
522 2528 636 2581 τῶν
695 2521 1017 2594 ἐπιτηδείων
1079 2525 1176 2593 τήν
1241 2521 1580 2598 Προποντίδα
1630 2522 1936 2597 ἀνελέγετο,

271 2613 479 2693 diem:
533 2611 590 2672 δι
650 2618 941 2687 συμπεσεῖν
1012 2614 1082 2668 τὰ
1153 2611 1206 2684 ἕξ
1273 2613 1547 2688 Εὐρώπης
1610 2612 1701 2668 καὶ
1757 2612 1941 2674 Ἀσίας

270 2701 410 2777 ὅρη,
462 2702 539 2763 ὡς
600 2701 956 2780 ἀφανισθῆναι
1017 2701 1112 2773 μὶν
1172 2707 1274 2770 τῆς
1329 2700 1459 2771 νηὸς
1491 2698 1845 2774 θραυσθείσης
1879 2699 1940 2756 τὸ

274 2790 532 2864 ἰμπλέον
565 2786 730 2863 ἅπαν,
793 2789 952 2851 αὐτὸν
1012 2787 1069 2844 δὲ
1131 2788 1295 2864 μόλις
1337 2787 1626 2859 ἐκδοθῆναι
1653 2795 1723 2866 τῇ
1757 2788 1941 2864 χέρσῳ

275 2884 408 2942 ταῖς
441 2881 598 2954 χερσὶ
649 2880 979 2955 νηχόμενον.
1036 2881 1169 2941 Καθ’
1216 2881 1276 2949 ἢν
1329 2877 1388 2938 δὲ
1435 2875 1642 2953 ἡμέραν
1682 2883 1790 2937 τῶν
1821 2878 1942 2934 ἐπι-

279 2969 512 3046 σφαλῶν
567 2968 785 3023 ἐκείνων
841 2963 1088 3023 ἐπέϐαινε
1141 2964 1370 3045 τρίϐων,
1415 2968 1549 3043 ἀνήρ
1581 2988 1665 3030 τις
1702 2965 1944 3043 προσελο-

278 3059 396 3122 θὼν
464 3060 550 3131 [Ρ.
585 3061 709 3131 124]
764 3056 914 3130 αύτῷ
972 3055 1296 3134 δίγλωττος,
1353 3059 1416 3112 τὸ
1462 3058 1615 3135 γένος
1645 3058 1938 3131 Ῥωμαῖος,

2041 1824 2139 1864 res
2170 1807 2486 1863 difﬁculter
2515 1807 2586 1864 ab
2626 1806 2965 1864 hominibus
2997 1823 3168 1878 posse
3201 1805 3532 1877 praecaveri,
3591 1820 3690 1861 ne-

2041 1914 2155 1969 que
2209 1896 2377 1954 facile
2428 1912 2782 1967 quamquam
2839 1895 3096 1967 pericula
3153 1895 3305 1952 248
3352 1910 3693 1961 evasurum,

2044 1987 2154 2043 nisi
2207 1985 2448 2041 numine
2478 1990 2710 2040 exorato
2761 1984 3042 2042 divinitus
3090 1985 3460 2040 custodiatur
3505 1983 3690 2040 malo-

2043 2091 2290 2146 rumque
2330 2074 2591 2132 levamen
2639 2074 2932 2146 impetret.
2987 2072 3134 2130 Nam
3184 2072 3521 2143 imperator,
3553 2087 3688 2128 cum

2044 2165 2234 2222 Persis
2287 2165 2496 2222 inferre
2525 2163 2746 2221 bellum
2804 2163 3127 2230 statuisset,
3181 2163 3240 2219 in
3289 2162 3515 2218 somnis
3575 2161 3691 2216 sibi

2043 2255 2203 2311 visus
2235 2258 2324 2311 est
2352 2269 2674 2310 conscensa
2719 2252 3092 2325 imperatoria
3123 2267 3266 2309 nave
3296 2267 3431 2306 cum
3482 2249 3686 2306 multis

2045 2343 2428 2402 familiaribus
2461 2343 2831 2416 Propontidis
2871 2358 3033 2398 oram
3066 2340 3294 2414 legere;
3327 2340 3521 2396 subito
3553 2354 3686 2395 vero

2043 2435 2280 2506 Europae
2310 2437 2368 2488 et
2395 2432 2541 2488 Asia;
2572 2436 2796 2488 montes
2831 2431 3174 2496 concidisse,
3197 2430 3484 2499 tractaque
3517 2444 3683 2497 nave,

2043 2525 2264 2581 caeteris
2293 2524 2570 2580 omnibus
2603 2523 2877 2591 sublatis,
2915 2538 2975 2578 se
3007 2521 3097 2577 vix
3131 2519 3404 2576 manibus
3431 2520 3489 2574 in
3523 2519 3689 2574 littus

2043 2619 2328 2671 enatasse.
2365 2616 2487 2682 Quo
2528 2618 2722 2669 autem
2755 2613 2849 2668 die
2883 2613 3238 2683 periculosas
3269 2609 3402 2666 illas
3446 2609 3570 2666 vias
3601 2609 3694 2664 in-

2045 2719 2354 2776 gressurus
2383 2707 2525 2767 erat,
2576 2701 2751 2757 homo
2783 2701 3024 2774 quidam
3070 2700 3320 2754 duarum
3355 2700 3684 2770 linguarum

2047 2793 2287 2865 peritus,
2304 2791 2535 2848 natione
2548 2791 2863 2858 Romanus,
2881 2794 3268 2862 cognomento
3289 2787 3685 2858 MaurOpulus,

2044 2883 2094 2937 ei
2128 2882 2273 2937 dixit
2301 2897 2365 2940 se
2394 2882 2584 2936 visum
2617 2881 2676 2937 in
2708 2880 2930 2938 somnis
2978 2878 3108 2951 Cyri
3138 2877 3320 2934 aedem
3351 2877 3599 2950 ingredi,
3630 2881 3689 2934 et

2043 2972 2179 3029 dum
2212 2971 2560 3028 Genilricem
2591 2969 2692 3029 Dei
2738 2968 3009 3042 placaret,
3047 2985 3246 3024 vocem
3280 2985 3349 3022 ex
3377 2983 3442 3023 ea
3473 2967 3690 3023 editam

2046 3060 2267 3129 audire,
2300 3077 2428 3132 quae
2459 3059 2712 3115 diceret:
2748 3081 2776 3107 «
2805 3063 2969 3114 Nunc
3001 3057 3061 3113 ir.
3094 3073 3329 3114 summo
3353 3055 3693 3112 discrimine

273 3147 598 3219 τοὺπίκλην
656 3145 1078 3222 Μαυρόπουλος,
1137 3143 1288 3217 δόξαι
1345 3147 1398 3202 οἱ
1453 3144 1617 3229 ἔφατο
1655 3148 1773 3202 κατ’
1806 3146 1934 3224 ὄναρ

2049 3131 2673 3220 versaturimperator,
2704 3151 2761 3204 et
2790 3148 2925 3220 quis
2955 3148 3006 3203 ei
3065 3163 3190 3202 meo
3239 3147 3479 3202 nomine
3527 3161 3696 3216 opem

278 3235 380 3290 τὸν
437 3233 496 3290 ὲκ
545 3239 642 3289 τοῦ
708 3235 890 3308 Κύρου
969 3233 1302 3310 παρώνυμον
1362 3235 1486 3292 ναὸν
1543 3231 1826 3304 εἰσελθεῖν,
1887 3233 1937 3294 ἰν

280 3323 340 3380 δὲ
367 3329 452 3397 τῷ
482 3322 759 3379 ἱλεοῦσθαί
791 3324 842 3377 οἱ
870 3323 968 3392 τὴν
1002 3323 1184 3377 εἰκόνα
1223 3330 1324 3392 τῆς
1374 3325 1727 3399 Θεομήτορος
1757 3325 1942 3398 φωνὴν

281 3413 670 3487 ἐξικνουμένην
770 3411 971 3475 ἐκεῖθεν
1047 3412 1423 3482 ἐνωτισθῆναι,
1500 3410 1766 3487 λέγουσαν
1869 3413 1944 3475 ὡς

281 3529 312 3557 (ι
348 3503 584 3578 Ἀρτίως
613 3501 666 3557 ἐν
698 3502 976 3576 μεγίστοις
1025 3501 1261 3576 μάλιστα
1304 3499 1578 3568 κινδύνοις
1605 3503 1634 3558 ὁ
1666 3502 1942 3578 βασιλεὺς,

275 3592 375 3654 καὶ
411 3591 492 3655 τίς
548 3589 905 3648 ἀπελιύσεταί
967 3611 1063 3665 μοι
1110 3592 1290 3667 τούτῳ
1350 3590 1664 3670 συνέριθρςς
1702 3617 1722 3644 .
1772 3593 1945 3668 Εἰρη-

277 3681 448 3743 κότος
508 3678 564 3736 δέ
621 3701 764 3743 τινος
825 3680 1070 3754 ἀοράτως
1132 3704 1158 3730 ‹‹
1211 3677 1526 3745 Ἀπελθὲτω
1586 3683 1879 3759 Γεώργιος⁹
1914 3704 1942 3733 ,ι

2051 3237 2242 3299 feret?
2277 3260 2306 3290 »
2336 3239 2479 3296 Cum
2521 3235 2761 3310 quidam
2793 3253 2860 3291 ex
2890 3237 3134 3292 obscuro
3183 3235 3467 3292 dixisset:
3516 3257 3544 3284 «
3581 3235 3700 3289 Ab-

2052 3335 2140 3386 eat
2197 3329 2500 3399 Georgius,
2532 3348 2561 3377 »
2609 3326 2772 3384 illam
2813 3325 3220 3397 respondisse:
3255 3347 3282 3375 «
3326 3325 3553 3380 Tardus
3601 3322 3697 3379 hic

2052 3425 2158 3473 est.
2194 3439 2222 3466 »
2266 3415 2370 3472 Illo
2421 3415 2634 3471 iterum
2665 3415 2933 3470 dicente:
2983 3437 3008 3463 «
3041 3414 3222 3468 Abeat
3270 3413 3632 3481 Theodorus,
3668 3432 3696 3460 ››

2053 3522 2120 3562 eo
2151 3519 2383 3578 quoque
2412 3504 2712 3574 repudiato
2745 3503 2995 3574 denique
3029 3507 3297 3558 mcestam
3336 3500 3696 3558 exclamasse

2056 3595 2348 3652 neminem
2397 3594 2620 3650 malum
2653 3591 2735 3647 illi
2773 3590 3091 3648 imminens
3140 3605 3459 3660 prmcavere
3503 3603 3698 3660 posse.

2055 3689 2243 3755 Atque
2272 3681 2395 3738 haec
2425 3681 2733 3737 hactenus.

279 3795 307 3826 α
337 3771 542 3840 Νωθής
576 3772 757 3839 οὗτος,
794 3793 821 3820 ››
851 3769 1044 3826 εἰπεῖν.
1080 3770 1343 3829 Κάκείνου
1375 3767 1432 3826 δὲ
1457 3769 1625 3827 πάλιν
1657 3770 2060 3847 ἐπενεγκόντος,
2094 3795 2123 3826 ιι
2157 3769 2369 3828 Ἀπίτω
2403 3767 2706 3843 Θεόδωρος,
2741 3792 2767 3820 ››
2799 3765 2887 3823 καὶ
2912 3766 3048 3842 πρὸς
3076 3769 3267 3820 τοῦτον
3299 3762 3699 3837 ἄπανῆνασθαι,

280 3862 444 3925 τέλος
471 3858 530 3916 δὲ
561 3859 696 3932 μετᾶ
734 3859 1080 3938 περιαλγείας
1109 3860 1433 3940 φθέγξασθαι
1467 3861 1542 3923 ὡς
1572 3858 1750 3925 οὐδεὶς
1776 3862 2075 3940 προφθάσει
2099 3862 2160 3921 τὸ
2192 3859 2462 3939 φυόμενον
2493 3858 2677 3933 ἐκείνῳ
2703 3859 2890 3915 κακόν.
2925 3857 3026 3914 Καὶ
3054 3860 3221 3912 ταῦτα
3253 3856 3348 3930 μὶν
3385 3853 3550 3914 οὕτω.

351 3952 416 4021 ζ’.
449 3949 601 4008 Μετὰ
663 3947 722 4005 δὲ
776 3950 838 4004 τὸ
898 3944 1300 4018 ὑποκαταϐῆναι
1355 3950 1451 4013 τὰς
1510 3948 1822 4026 δυσχωρίας
1854 3950 1942 4007 ἐν·

282 4040 491 4097 ἔκειντο
520 4040 612 4095 καὶ
642 4037 808 4096 πάλιν
843 4040 897 4095 οἱ
941 4039 1139 4114 Πέρσαι
1169 4041 1476 4112 Ῥωμαίοις
1503 4039 1564 4096 ἐκ
1591 4044 1698 4097 τῶν
1723 4036 1940 4098 ὄπισθεν

284 4127 726 4205 ἴτης-μαινόμενον
763 4127 1058 4202 μεταμέλῳ
1116 4128 1220 4204 γὰρ
1278 4125 1495 4204 ἐλέγετο
1542 4129 1822 4205 πληγῆναι
1853 4130 1944 4186 τὸν

287 4218 502 4293 Πέρσην
555 4214 639 4272 ὅτι
689 4217 752 4272 τὸ
809 4216 862 4274 ἓν
924 4235 1082 4292 χερσι
1139 4220 1352 4296 παρῆκε
1385 4219 1630 4292 θήραμα,
1662 4218 1940 4286 κάντεῦθεν

285 4303 536 4363 ἐνδοῦναι
592 4310 708 4361 τοῖς
767 4304 997 4368 οἰκείοις
1052 4304 1229 4362 ἐκεῖνα
1282 4305 1525 4363 ἐπιοῦσιν
1581 4305 1943 4364 ἐνδείκνυσθαι

2127 3951 2216 4009 Vl.
2234 3956 2546 4022 Postquam
2563 3956 2753 4006 autem
2775 3965 2843 4004 ex
2857 3947 3143 4019 angustiis
3161 3950 3486 4013 evaserunt,
3512 3945 3697 4000 Persis

2051 4043 2342 4100 Romanos
2373 4041 2582 4096 iterum
2615 4057 2650 4097 a
2671 4047 2828 4111 tergo
2861 4043 3000 4095 sunt
3031 4037 3238 4094 adorti.
3269 4037 3500 4092 Persam
3535 4035 3694 4091 enim

2053 4129 2397 4204 paenituisse
2428 4129 2687 4186 ferebant
2709 4129 2859 4202 quod
2893 4128 3046 4185 249
3080 4130 3341 4198 paratam
3375 4126 3631 4199 praedam
3666 4141 3696 4180 e

2055 4221 2329 4278 manibus
2359 4219 2680 4283 amisisset,
2713 4223 2770 4275 et
2799 4217 2922 4274 suis
2945 4217 3306 4274 concessisse
3337 4221 3400 4270 ut
3427 4215 3701 4272 Romanis

2054 4311 2426 4367 ostenderent
2461 4325 2529 4364 ea
2575 4325 2705 4380 qua:
2735 4308 2910 4365 etiam
2960 4316 3092 4365 ante
3128 4321 3328 4379 pacem
3365 4306 3547 4360 facere
3597 4320 3706 4378 po-

286 4395 384 4450 ὅσα
441 4394 532 4452 καὶ
592 4395 696 4469 πρὸ
755 4399 859 4450 τῶν
921 4391 1167 4451 σπονδῶν
1229 4393 1350 4466 ἐξῆν
1391 4392 1826 4470 διαπράττεσθαι.
1869 4396 1940 4455 Οὐ

2056 4399 2326 4457 tuissent.
2385 4399 2508 4457 Non
2541 4402 2740 4455 tamen
2794 4402 2917 4452 toto
2969 4398 3246 4466 exercitu,
3285 4401 3346 4450 ut
3394 4399 3519 4451 tum
3567 4410 3702 4451 cum

284 4482 510 4542 πανσυδί
560 4482 617 4539 δὲ
664 4483 754 4540 καὶ
805 4485 878 4548 ὡς
929 4486 1091 4554 ἡνίκα
1141 4484 1208 4540 τὰ
1252 4480 1567 4558 δυσέμϐολα
1598 4486 1782 4561 χωρία
1809 4489 1945 4544 Ῥω-

291 4581 445 4648 μαῖοι
473 4572 792 4649 διήρχοντο,
848 4575 904 4628 οἱ
960 4577 1198 4646 Τοῦρκοι
1251 4573 1606 4648 παρείποντο,
1637 4573 1783 4629 ἀλλὰ
1812 4576 1947 4630 κατᾶ

287 4661 678 4726 διαλειπούσας
777 4663 1086 4738 συμμορίας
1189 4661 1625 4732 ἐπηκολούθουν·
1717 4665 1767 4718 οἱ
1841 4666 1944 4742 γὰρ

285 4753 563 4827 κράτιστοι
637 4752 724 4807 καὶ
800 4751 1050 4809 πλεῖστοι
1125 4757 1244 4816 ’ταῖς
1318 4756 1426 4808 τῶν
1516 4753 1728 4809 σκύλων
1802 4755 1942 4826 ὠφε·

289 4840 461 4905 λείαις
537 4843 804 4919 ἒμφορτοι
873 4841 1159 4916 γενόμενοι
1242 4845 1344 4908 τῆς
1427 4839 1613 4898 οἷ’καδε
1677 4845 1946 4918 φερούσης

291 4929 708 5006 ἥψαντο.,11λήν
765 4931 856 4985 καὶ
915 4931 971 4984 οἱ
1028 4931 1398 5006 παρεπόμενοι
1457 4930 1649 4988 ἐκεῖνοι
1697 4931 1946 4995 πολλοὺς

294 5017 613 5097 διέφθειρον,
673 5021 766 5072 καὶ
814 5017 1040 5081 τούτους
1093 5020 1334 5076 πάλιστα
1390 5020 1583 5076 ὁπόσοι
1613 5021 1943 5096 τραυματίαι

289 5127 347 5167 τε
374 5110 463 5166 καὶ
513 5108 822 5182 ἀπόμαχοι,
870 5105 1066 5182 καίπερ
1126 5112 1224 5164 τοῦ
1284 5108 1554 5186 βασιλέως
1608 5110 1738 5176 τοὺς
1775 5111 1943 5169 πολε-

295 5201 485 5272 μικοὺς
541 5204 650 5256 τῶν
719 5200 1013 5276 ἡγεμόνων
1084 5201 1170 5256 καὶ
1260 5197 1624 5276 δραστηρίους
1692 5201 1945 5280 ούραγεῖν

2061 4489 2363 4562 angustias
2411 4488 2724 4544 transirent
2773 4487 3038 4556 Romani,
3095 4485 3558 4551 assectabantur,
3602 4485 3705 4541 sed

2053 4596 2122 4636 ex
2145 4578 2464 4635 intervallis
2481 4582 2537 4635 et
2557 4577 2841 4648 sejuncti
2860 4577 3218 4634 cohortibus.
3246 4576 3393 4633 Nam
3420 4574 3704 4646 plerique,

2054 4670 2259 4743 optimi
2291 4669 2509 4742 quique
2541 4669 2883 4740 praesertim,
2917 4668 3215 4726 manubiis
3260 4667 3459 4725 onusti
3496 4669 3702 4724 domos

2055 4777 2195 4818 suas
2221 4761 2577 4831 repetebant.
2611 4758 3010 4816 Nihilominus
3044 4765 3239 4816 tamen
3272 4759 3352 4814 illi
3388 4757 3491 4830 qui
3523 4756 3700 4828 tergis

2054 4849 2417 4906 inhaarsbant
2448 4848 2665 4905 multos
2694 4848 3058 4917 occidebant,
3089 4847 3419 4906 vulneratos
3460 4861 3702 4918 preser-

2053 4945 2159 4997 ttm
2192 4946 2370 5014 atque
2399 4939 2690 5006 imbelles,
2724 4955 2990 5012 quamvxs
3041 4942 3348 5011 imperator
3396 4936 3704 4990 bellicosos

2053 5035 2109 5087 et
2142 5036 2414 5089 strenuos
2447 5031 2627 5087 duces
2657 5035 2985 5087 extremum
3018 5045 3226 5100 agmen
3271 5025 3541 5082 claudere
3566 5023 3704 5094 jus-

2054 5119 2254 5177 sisset.
2275 5118 2388 5176 Ubi
2421 5117 2649 5175 Chonas
2683 5120 3086 5187 pervenerunt,
3111 5113 3323 5183 cupide
3354 5111 3703 5182 quieverunt

2054 5211 2121 5264 ut
2151 5205 2348 5266 hostes
2381 5221 2495 5263 non
2528 5204 2782 5276 amplius
2811 5203 3013 5259 visuri.
3055 5202 3378 5273 Imperator
3406 5214 3538 5254 vero
3568 5197 3699 5256 uni-

1624 5319 1818 5386 Hier.
1862 5321 2113 5389 VVolfii
2165 5328 2375 5389 notae.

367 5470 441 5535 (3)
474 5467 576 5521 Hic
626 5465 890 5536 apertius
931 5465 1249 5520 consilium
1303 5466 1628 5520 Turcorum
1663 5463 1946 5536 declarat,

306 5534 596 5596 ostentare
629 5534 730 5595 eos
761 5534 1034 5603 voluisse,
1082 5537 1316 5595 nullum
1367 5539 1617 5595 Turcam
1647 5535 1751 5593 sed
1781 5536 1947 5591 Chri-

307 5609 519 5665 stianos
551 5607 840 5664 duntaxat
869 5607 1138 5680 periisse.
1163 5609 1310 5674 Quia
1333 5624 1465 5664 vero
1497 5607 1699 5665 Turcis
1729 5606 1946 5664 addere

2062 5465 2342 5536 praeputia
2361 5481 2473 5519 non
2507 5467 2791 5534 poterant,
2817 5463 3164 5519 Christianis
3190 5480 3258 5519 ea
3286 5465 3702 5535 praeciderunt;

2057 5542 2113 5592 et
2140 5535 2289 5608 quos
2333 5535 2586 5592 viventes
2619 5551 2732 5591 non
2767 5541 3094 5608 potuerant,
3127 5537 3436 5608 defunctos
3466 5537 3524 5596 in
3554 5539 3704 5596 Tur-

2058 5605 2679 5665 castransi‘ormarunt
2709 5605 2911 5678 utique
2942 5605 3179 5665 ludibrii
3212 5625 3408 5667 causa.
