4066 6214
220 343 329 404 541

1282 340 1386 402 DE
1430 339 1825 402 MANUELE
1869 339 2242 403 COMNENO
2287 342 2439 404 LIB.
2483 342 2586 406 Vl.

3517 351 3636 410 542

219 473 445 548 ἀνεψιὸν
500 471 750 542 Ἰωὲννην
803 471 894 526 τὸν
958 472 1261 543 Βατάτζην,
1314 475 1396 545 τῷ
1451 468 1760 547 δραστηρίῳ
1817 468 1869 527 έν

2007 477 2082 529 .ed
2116 473 2266 530 virili
2301 477 2632 535 maturitate
2656 478 2988 550 praeditum,
3004 483 3062 536 et
3081 481 3418 539 Michaelem
3441 483 3636 555 Aspis-

223 561 411 634 δάοντι
442 560 759 636 χρώμενον,
801 558 892 615 καὶ
929 559 1021 615 τὸν
1055 557 1254 617 δούκαν
1307 563 1723 632 Κωνσταντῖνον,
1755 581 1880 616 νεα-

222 651 340 706 νίαν
374 650 498 724 ἃρτι
533 649 844 719 ὑπεηνητην
875 649 965 704 καί
993 649 1131 704 κατὰ
1159 654 1268 704 τῶν
1324 653 1505 724 φυτῶν
1560 650 1628 705 τά
1684 649 1872 724 εὖγενῆ

223 744 583 816 καρπογονεῖν
638 739 746 812 πρὸ
803 735 951 813 ὥρας
1005 737 1203 815 έπαγγε
1235 737 1531 811 λλὸμενον,
1587 731 1666 793 ἔτι
1698 735 1755 793 δὲ
1785 741 1879 794 τὸν

227 827 525 898 Ἀσπιέτην
583 824 844 900 Μιχαὴλ,
903 825 1086 882 πολλά
1153 827 1478 902 παραινέσας
1543 826 1726 890 αὐτοῖς
1785 826 1881 882 σὺν

228 915 492 988 εὐϐουλίᾳ
531 915 624 971 καὶ
653 915 798 988 τάξει
845 915 908 971 τὸ
964 916 1421 991 πραχθησόμενον
1482 917 1620 972 ἅπαν
1679 922 1880 986 ποιεῖν,

227 1008 333 1084 πρὸ
367 1005 426 1062 δὲ
453 1004 666 1061 τούτων
700 1006 779 1078 μὴ
811 1003 1187 1081 προσπελάσαι
1234 1006 1542 1062 παντάπασι
1569 1012 1686 1067 τοὶς
1747 1007 1883 1082 βαρ-

227 1091 444 1172 ϐάροις,
477 1093 527 1150 εἴ
559 1097 636 1166 μὴ
670 1093 834 1168 πείρᾳ
862 1098 1040 1168 γνοῖεν
1089 1088 1305 1168 ἀκριϐεῖ
1358 1093 1622 1171 πρότερον
1685 1094 1883 1150 ὁπόσοι

228 1185 328 1242 εἶεν
358 1185 421 1239 τὸ
449 1183 672 1252 πλῆθος
718 1183 810 1237 καὶ
845 1182 920 1244 ὡς
981 1187 1173 1255 νικῷεν
1226 1182 1425 1246 αὐτοὺς
1487 1183 1883 1258 μαχεσάμενοι.

233 1273 334 1328 Καὶ
395 1269 596 1344 Πέρσαι
668 1272 762 1344 μὶν
819 1267 989 1346 πέρας
1042 1277 1142 1341 τῆς
1209 1269 1406 1350 ἕφόδου
1466 1274 1566 1340 τήν
1622 1271 1886 1326 θάλατταν

235 1364 460 1435 θέμενοι
493 1360 630 1434 μετά
670 1359 937 1432 πλείστης
988 1361 1070 1416 ὅτι
1130 1359 1282 1424 λείας
1341 1359 1588 1429 ἀνέλυον,
1666 1363 1886 1416 κάκεῖνα

235 1453 484 1524 κείροντε
511 1452 595 1512 οἷς
629 1451 766 1505 κατά
795 1452 894 1520 τήν
928 1447 1158 1514 κάθοδον
1219 1451 1282 1506 οὐ
1349 1446 1713 1524 προσέϐαΛον·
1747 1451 1800 1504 οὶ
1840 1446 1887 1503 δ’

239 1541 386 1615 ἀμφί
415 1540 508 1594 τὸν
539 1538 810 1610 Βατάτζην
839 1540 934 1602 τὰς
981 1536 1237 1612 δυνάμεις
1295 1534 1675 1607 ἀναλαϐόντες,
1735 1538 1885 1601 ὅσαις

231 1651 290 1685 τε
317 1629 518 1692 αὐτοὺς
557 1628 584 1682 ὁ
613 1625 872 1704 βασιλεὺς
903 1625 1170 1706 έφωδίασε
1227 1629 1316 1683 καὶ
1387 1629 1506 1684 όσαι
1563 1629 1698 1684 κατὰ
1750 1627 1887 1702 πάρ-

233 1715 364 1774 οδον
417 1714 798 1790 ξυνελέγησαν,
845 1713 1081 1786 ἤλαυνον
1134 1716 1263 1781 εὐθὺ
1337 1717 1433 1773 τοῦ
1491 1715 1706 1772 ’Υελίου
1797 1715 1888 1771 καὶ

1984 567 2124 630 tem,
2174 563 2426 620 multum
2483 565 2752 622 hortatus
2805 572 2868 623 ut
2919 568 3236 638 prudenter
3291 577 3351 626 et
3401 577 3628 643 tempe-

1985 651 2130 707 stive
2159 653 2356 708 omnia
2413 654 2915 724 administrarent,
2950 673 3054 712 nec
3112 658 3278 727 prius
3341 658 3627 717 Barbaros

1986 740 2327 798 invaderent
2359 759 2531 814 quam
2562 759 2870 800 numerum
2898 761 3100 800 eorum
3131 746 3544 816 cognovissent
3572 753 3630 804 et

1985 829 2283 897 victoriam
2318 846 2497 902 penes
2541 847 2604 887 se
2635 833 2756 888 fore
2788 831 3223 889 intellexissent.
3258 833 3439 889 Persae
3475 850 3633 903 vero,

1989 934 2240 990 quorum
2268 919 2629 976 cxcursionis
2642 922 2932 977 terminus
2955 937 3116 977 mare
3139 921 3268 989 fuit,
3291 938 3426 978 cum
3443 924 3642 994 opima

1989 1008 2185 1080 praeda
2223 1009 2555 1065 recedentes
2613 1026 2680 1066 ea
2739 1027 2972 1083 quoque
3023 1011 3080 1066 in
3132 1011 3326 1067 reditu
3377 1011 3640 1083 populati

1990 1101 2153 1165 sunt,
2184 1113 2316 1168 quae
2345 1103 2482 1154 ante
2512 1114 2627 1154 non
2677 1101 3004 1169 attigerant.
3035 1099 3303 1156 Batatzes
3332 1116 3466 1156 vero
3499 1117 3635 1158 cum

1991 1185 2176 1256 cupiis
2206 1191 2262 1241 et
2291 1186 2363 1242 ab
2404 1190 2753 1258 imperatore
2783 1189 2938 1245 αυτ
2968 1191 3224 1261 acceptis
3254 1194 3312 1245 et
3339 1189 3399 1245 in
3431 1189 3637 1245 itinere

1993 1275 2254 1331 collectis
2302 1281 2457 1332 recta
2488 1277 2753 1347 Hyelinm
2811 1285 2868 1334 et
2919 1279 3368 1335 Limmocbirem
3426 1278 3640 1352 Oppida

1996 1367 2311 1439 petierunt,
2335 1384 2450 1436 qua
2482 1367 2621 1424 olim
2652 1367 2924 1422 Maeandri
2948 1368 3210 1423 ﬂuminis
3233 1384 3380 1442 pons
3396 1368 3640 1424 fuit.Sed

1999 1471 2132 1511 cum
2175 1455 2592 1527 speculatores,
2621 1472 2769 1526 quos
2797 1455 2856 1510 in
2887 1457 3159 1511 omnibus
3188 1455 3297 1510 viis
3328 1455 3642 1512 constitue.

1994 1548 2104 1613 rat,
2125 1545 2451 1600 'l‘urcorum
2480 1544 2947 1615 discessum,qui
2975 1545 3212 1615 quidem
3233 1545 3292 1599 in
3318 1545 3644 1617 pr0pinquo

1997 1639 2214 1699 essent,
2245 1633 2667 1706 significarent,
2706 1634 2971 1689 "exercitu
3002 1633 3062 1687 in
3095 1634 3245 1688 duas
3289 1632 3474 1688 diviso
3507 1651 3645 1704 par-

1997 1728 2084 1780 tes
2115 1723 2399 1794 majorem
2431 1723 2489 1779 in
2514 1721 2746 1778 insidiis
2776 1722 3039 1792 collocat,
3069 1739 3187 1794 qua
3213 1722 3408 1777 hostes
3432 1721 3650 1777 transi-

233 1811 335 1862 τοῦ
369 1805 780 1908 Λειμμόχειρος
808 1809 914 1859 τῶν
967 1804 1299 1908 πολιχνίων,
1355 1804 1536 1861 καθ’ἃ
1599 1806 1724 1881 περὶ
1785 1826 1888 1861 πο-

2007 1811 2116 1871 turi
2169 1818 2355 1880 erant,
2391 1811 2636 1868 alteram
2669 1811 2825 1867 ultra
2881 1811 3125 1866 fluvium
3177 1812 3349 1881 juxta
3386 1817 3640 1867 veterem

240 1898 406 1968 ταμῷ
433 1899 513 1966 τῷ
545 1891 848 1968 Μαιάνδρῳ
904 1891 1079 1949 πάλαι
1127 1895 1261 1950 ποτὶ
1315 1896 1522 1971 γέφυρα
1573 1895 1890 1970 περιήγετο.

241 1984 404 2041 Ἐπεὶ
435 1979 489 2037 δὶ
509 1983 560 2037 οἳ
589 1983 810 2052 σκοποί,
861 1983 960 2045 οὓς
1021 1981 1123 2057 ἄρα
1175 1985 1204 2039 6
1261 1985 1541 2054 Βατάτζης
1596 1983 1897 2054 κατάστησε

245 2073 393 2128 κατά
423 2073 589 2135 πάσας
619 2072 719 2138 τὰς
764 2074 989 2129 ὁποιοῦν
1049 2075 1316 2152 φερούσας
1375 2071 1555 2144 ὁδοὺς,
1614 2071 1898 2148 ἀπήγγελ-

250 2162 354 2218 λον
387 2164 490 2231 τήν
513 2165 622 2217 τῶν
669 2161 933 2236 Τούρκων
990 2159 1264 2234 ἀνάζευξιν
1323 2161 1412 2218 καὶ
1471 2162 1546 2224 ὡς
1600 2160 1662 2217 οῦ
1710 2161 1900 2235 πρόσω

242 2249 360 2322 ἤδη
426 2250 563 2307 εἰσὶν
615 2249 986 2329 ἔφορμῶντες,
1046 2253 1123 2313 εἷς
1156 2249 1250 2306 δύο
1298 2251 1758 2326 ἀποτμηματίσας
1804 2252 1904 2319 τήν

241 2341 508 2417 στρατιάν
537 2341 600 2396 τὸ
633 2341 727 2413 μὲν
760 2338 930 2396 πλέον
974 2341 1175 2412 ταύτης
1208 2340 1284 2403 εἰς
1345 2340 1553 2416 λόχους
1609 2343 1899 2411 καθίστησι

237 2431 382 2487 κατά
409 2430 508 2492 τὰς
541 2425 724 2498 ὁδοὺς,
754 2427 815 2492 ἇς
847 2425 1049 2504 ἔμελλε
1090 2430 1304 2503 τέμνειν
1364 2430 1427 2486 τὸ
1486 2428 1782 2504 πολέμιον,
1840 2431 1903 2485 τὸ

234 2518 298 2575 δὲ
333 2517 529 2576 λοιπὸν
563 2519 620 2582 ές
651 2522 748 2582 τάς
811 2519 946 2594 μετὰ
992 2521 1092 2590 τήν
1153 2520 1390 2576 παλαιάν
1443 2522 1679 2600 γέφυραν
1737 2516 1902 2575 ἐκϐά-

235 2630 359 2671 σεις
424 2613 523 2664 τοῦ
596 2613 854 2682 ποταμοῦ
912 2606 1227 2686 διασπείρας
1306 2613 1625 2686 προσμένειν
1693 2610 1906 2667 ἐκέλευε

245 2695 479 2774 μερίδος
512 2699 662 2760 τινὸς
694 2697 801 2754 ἀπὸ
832 2703 940 2754 τῶν
971 2699 1227 2776 Τούρκων
1263 2702 1399 2773 μετᾶ
1445 2708 1546 2771 τῆς
1613 2701 1908 2778 αίχμαλω·

237 2789 368 2851 σίας
421 2787 741 2862 περαίωσιν,
801 2787 894 2844 καὶ
952 2792 1245 2858 τηνικαῦτα
1300 2787 1431 2863 μηδ’
1489 2789 1635 2854 ὅλως
1692 2789 1894 2867 κατορ-

234 2873 458 2954 ῥωδεῖν,
520 2873 668 2931 ἀλλά
722 2874 1036 2952 θαῤῥαλέως
1092 2884 1496 2953 προσυπαντᾷν.
1577 2881 1674 2935 Καὶ
1708 2880 1736 2935 6
1788 2881 1905 2953 μὲν,

238 2966 323 3027 ὡς
350 2965 575 3038 ἄμεινόν
608 2967 662 3021 οἱ
694 2963 943 3038 δέδοκτο,
975 2969 1063 3040 [Ρ.
1101 2969 1224 3042 126]
1253 2967 1401 3024 οὕτω
1455 2965 1522 3038 δὴ
1580 2969 1644 3024 τὰ
1700 2969 1905 3024 οἰκεῖον

253 3053 572 3110 διεσκεύασε
643 3056 981 3131 στράτευμα·
1047 3057 1100 3111 οἱ
1159 3054 1216 3111 δὶ
1267 3061 1504 3133 Τοῦρκοι
1562 3058 1638 3119 ὡς
1695 3057 1913 3134 εἷ’χοντο

250 3149 354 3200 τοῦ
405 3139 720 3214 διαϐαίνειν,
777 3144 842 3220 [ἐξ
904 3143 1226 3218 ὑπερδεξίων
1290 3145 1623 3221 βαλλόμενοι
1682 3147 1759 3209 είς
1817 3146 1909 3203 τὸν

242 3233 508 3306 ποταμὸν
565 3237 908 3297 συνωθοῦντο
966 3233 1057 3289 καὶ
1116 3234 1505 3312 ἀπεπνίγοντο,
1559 3241 1616 3292 Ὀ
1698 3233 1755 3291 δὲ
1844 3257 1904 3310 γε

240 3322 563 3386 ’Δτάπακος
624 3323 758 3395 μετά
815 3326 924 3376 τῶν
991 3322 1130 3398 ἀμφ’
1180 3322 1339 3379 αὐτὸν
1395 3322 1779 3380 εὐοπλοτάτων
1826 3324 1902 3385 εἷς

247 3411 432 3487 λόχον
515 3411 890 3484 συσπειραθείς
961 3412 1051 3466 καί
1143 3414 1466 3488 συστραφείς
1541 3413 1903 3491 ἀγχωμάλως

255 3501 562 3569 Ῥωμαίοις
604 3499 998 3574 συμπλέκεται,
1051 3502 1142 3558 καὶ
1194 3504 1256 3559 τὸ
1311 3501 1607 3580 ἐντίμαχον
1669 3503 1905 3560 ἐντεῦθεν

252 3595 496 3646 κακῶσαι
535 3588 876 3666 βουλόμενος
923 3591 1012 3645 καὶ
1055 3597 1174 3653 τοῖς
1233 3593 1549 3670 ὁμογενέσιν
1603 3592 1902 3669 ἐκεχειρίαν

256 3676 465 3734 διδόναι
523 3686 622 3748 τῆς
679 3682 777 3734 τοῦ
833 3683 1085 3752 ποταμοῦ
1143 3682 1514 3755 περαιώσεως,
1546 3682 1622 3745 ὼς
1657 3685 1732 3755 μή
1766 3683 1905 3760 φθά-

248 3788 357 3824 νειν
390 3766 619 3822 ἑκάστου
643 3769 1099 3841 προθυμουμένου
1155 3765 1379 3844 βραδεῖα
1433 3771 1525 3843 μὲν
1582 3772 1617 3840 ἡ
1659 3766 1907 3836 διάϐασις

249 3855 477 3930 γίνοιτο,
508 3850 654 3920 δεινή
689 3850 746 3907 δὲ
774 3855 810 3923 ἡ
851 3858 960 3909 τῶν
1013 3854 1407 3929 σοαλλομένων
1463 3856 1730 3915 ἀπῶλεια.
1786 3860 1906 3936 Ἐφ’

252 3944 431 3997 ἱκανὸν
469 3941 565 4014 μὲν
607 3942 700 3995 οὖν
732 3942 1005 4017 ἀντισχὼν
1053 3941 1301 4016 έκθῦμως
1349 3942 1612 4020 ἒμάγετο,
1658 3943 1906 4021 ἀνδρείου

252 4032 608 4108 φρονήματος
661 4029 751 4084 καὶ
808 4031 1001 4105 χειρῦς
1057 4032 1427 4106 γενναιοτάτης
1485 4028 1611 4110 ἔργα
1672 4031 1904 4097 δεικνύς.

256 4122 341 4181 Ὠς
385 4116 444 4174 δὲ
505 4119 670 4193 μάθοι
726 4119 818 4173 καὶ
880 4119 1018 4174 κατά
1062 4122 1164 4190 τὴν
1221 4122 1445 4194 περαίαν
1499 4127 1597 4179 τοῦ
1654 4128 1908 4198 ποταμοῦ

251 4209 566 4283 Ῥωμαίους
599 4208 877 4286 ἐφεστάναι
925 4209 1016 4263 καί
1070 4209 1309 4286 ἀναιρεῖν
1365 4212 1427 4267 τὸ
1479 4208 1756 4268 διαϐαῖνον
1810 4218 1908 4269 τοῦ

256 4303 526 4376 Περσικοῦ
581 4299 1005 4372 στρατεύματος,
1061 4299 1394 4356 κατακλᾶται
1453 4302 1519 4357 τὸ
1604 4304 1907 4378 πρόθυμον,

252 4391 472 4445 καὶτοῦ
502 4387 740 4461 ακμαίου
767 4387 972 4443 ἐκείνου
1033 4391 1432 4466 μεθαρμοσθείς
1501 4393 1750 4465 λήματος
1808 4393 1908 4460 τὴν

257 4479 528 4554 σωτηρίαν
563 4477 738 4548 ἑαυτῷ
763 4473 1062 4547 διατίθησι,
1116 4479 1207 4532 καί
1269 4477 1334 4549 δὴ
1394 4481 1495 4550 τήν
1543 4479 1911 4555 προκειμένην

258 4565 612 4644 παραλλάξας
674 4563 896 4639 πορείαν
958 4566 1211 4641 ἀνωτέρω
1306 4569 1638 4645 μεταχωρεῖ,

261 4663 369 4736 φῶν
397 4656 585 4726 ἑτέραν
618 4653 929 4730 περαίωσιν.
961 4655 1054 4717 Ὠς
1088 4655 1146 4711 δὶ
1196 4655 1403 4732 ἄπορος
1451 4659 1519 4728 ἦν
1575 4659 1602 4713 6
1661 4660 1909 4732 ποταμὸς

260 4746 622 4820 πανταχόθεν,
650 4744 778 4804 τοὺς
828 4740 1221 4808 ἐπιδιώκοντας
1280 4743 1496 4814 δεδιὼς,
1551 4749 1651 4817 τήν
1712 4747 1910 4804 ἀσπίδα

261 4836 477 4897 ὑποθεὶς
535 4837 614 4905 τῷ
678 4829 832 4888 ὕδατι
869 4833 946 4895 ὡς
1003 4832 1247 4907 κελητίῳ
1297 4836 1464 4911 ταύτῃ
1525 4836 1754 4912 Exciso,
1788 4838 1910 4912 ἀρί-

257 4945 389 4988 στως
448 4922 836 4984 ἀντικαταστάς
895 4926 973 4994 τῷ
1001 4929 1102 4991 τῆς
1154 4923 1391 4998 ἀνάγκης
1427 4925 1556 4994 ὀξεῖ.
1620 4927 1721 4983 Καὶ
1795 4926 1912 4982 τοί-

263 5015 459 5089 νυντῇ
513 5013 610 5085 μὲν
667 5008 796 5081 λαιᾷ
821 5011 913 5065 τὸν
971 5010 1141 5066 ἳππον
1201 5013 1451 5088 κατέχων
1515 5017 1915 5095 παρανηχόμε-

181 5116 184 5118 ,
259 5106 466 5177 νον,τῇ
489 5099 637 5173 δεξιᾷ
679 5096 737 5154 δὲ
782 5100 882 5168 τήν
943 5100 1154 5171 σπάθην
1213 5104 1427 5179 γυμνήν
1485 5100 1762 5178 δεδωκὼς,
1823 5106 1913 5161 καὶ

2007 1908 2238 1974 pontem
2263 1901 2586 1973 dispersam
2609 1906 2962 1972 exspectare,
2996 1906 3054 1956 et
3069 1905 3295 1956 turmas
3324 1901 3646 1956 Turcarum

2009 2007 2142 2047 cum
2202 1991 2446 2062 captivis
2475 1991 2822 2061 trajecturas
2861 1989 3087 2043 fortiter
3133 1988 3402 2044 invadere
3449 1989 3640 2058 jubet.

2008 2083 2152 2140 Cum
2211 2097 2345 2136 vero
2374 2081 2544 2136 Turci
2575 2096 2644 2135 ex
2696 2078 2998 2150 superiore
3030 2079 3155 2134 loco
3214 2076 3347 2133 telis
3393 2077 3555 2149 petiti
3586 2077 3645 2132 in

2011 2169 2255 2225 ﬂumine
2286 2172 2698 2240 mergerentur,
2732 2172 3028 2238 Atapacus
3049 2181 3184 2222 cum
3208 2165 3525 2221 fortissima
3550 2180 3646 2220 co-

2011 2258 2176 2315 horte
2200 2274 2332 2315 cum
2367 2257 2647 2313 Romanis
2669 2255 3063 2327 congreditur,
3097 2259 3162 2309 ut
3192 2255 3316 2310 suis
3346 2252 3648 2324 trajicien-

2012 2349 2068 2404 di
2103 2347 2360 2420 spatium
2401 2346 2703 2420 praaberet,
2736 2361 2807 2401 ne
2839 2343 3093 2416 singulis
3139 2346 3498 2399 antevertere
3542 2357 3646 2397 on-

2014 2436 2310 2510 pientibus
2331 2441 2388 2492 et
2418 2436 2646 2507 longior
2679 2451 2838 2490 mora
2866 2433 3269 2498 intercederet,
3287 2437 3346 2488 et
3368 2432 3468 2502 qui
3501 2431 3647 2487 vado

2014 2527 2374 2592 absrrarent,
2409 2524 2725 2580 crudeliter
2762 2523 3083 2580 interirent.
3119 2523 3203 2577 Ita
3231 2521 3332 2576 diu
3366 2520 3647 2576 acerrime

2016 2614 2369 2681 dimicando,
2393 2617 2450 2668 et
2472 2611 2636 2669 fortis
2663 2610 3421 2684 animipromptissimazque
3445 2624 3658 2664 manus

2016 2703 2269 2760 facinora
2315 2701 2546 2774 egregia
2595 2700 2842 2770 edendo,
2889 2705 2953 2756 ut
3010 2699 3186 2757 etiam
3231 2699 3384 2754 ultra
3440 2702 3658 2754 ﬂumen

2017 2792 2306 2848 Romanos
2362 2797 2514 2846 stare
2562 2789 2851 2860 cognovit,
2903 2792 2962 2844 et
3017 2787 3300 2859 quidquid
3349 2786 3657 2841 Persarum

2018 2879 2747 2946 traneiretoccidere,258
2769 2880 2953 2934 tracta
2975 2877 3277 2933 alacritate
3298 2880 3355 2932 et
3376 2891 3656 2947 generoso

2016 2971 2116 3026 illo
2146 2969 2359 3042 spiritu
2391 2967 2693 3023 debilitato
2723 2983 2842 3023 suas
2873 2965 3047 3022 saluti
3079 2964 3416 3030 consulit,et
3446 2979 3655 3036 propo-

2019 3058 2130 3115 sito
2144 3058 2349 3114 itinere
2361 3055 2652 3112 declinato
2665 3057 2940 3128 superius
2968 3053 3412 3121 abscedit,aliud
3436 3052 3651 3108 vadum

2021 3147 2398 3219 quesiturue.
2430 3144 2573 3209 Quia
2599 3160 2732 3201 vero
2789 3148 3002 3200 ﬂumen
3063 3157 3355 3213 nusquam
3413 3139 3655 3196 transiri

2018 3242 2268 3310 poterat,
2297 3245 2464 3307 capto
2495 3251 2565 3290 ex
2595 3239 2853 3304 tempore
2879 3232 3124 3288 consilio
3155 3239 3322 3286 scuto
3348 3245 3450 3302 pro
3485 3229 3659 3284 lintre

2011 3325 2214 3395 utitur,
2245 3325 2381 3380 leva
2413 3340 2631 3394 equum
2657 3324 2820 3394 juxta
2851 3326 3148 3377 natantem
3179 3318 3428 3386 ducit,et
3454 3316 3658 3374 dextra

2009 3414 2274 3488 gladium
2305 3430 2408 3486 pro
2449 3411 2846 3485 gubernaculo
2879 3410 3170 3466 sustinens
3202 3407 3458 3464 natando
3509 3422 3660 3478 pau-

2010 3503 2175 3559 latim
2218 3503 2608 3574 progreditur.
2653 3501 2896 3556 Mortem
2928 3503 3124 3555 tamen
3157 3498 3372 3554 evitare
3403 3512 3518 3552 non
3549 3511 3654 3567 po-

2012 3593 2146 3650 tuit.
2190 3591 2337 3647 Nam
2395 3607 2528 3646 cum
2586 3589 2644 3644 in
2712 3589 3046 3645 ulteriorem
3109 3587 3292 3658 ripam
3352 3585 3654 3652 evasisset,

2011 3681 2240 3736 tumulo
2272 3695 2588 3736 conscenso
2619 3678 2753 3750 quis
2796 3679 2874 3733 sit
2918 3676 3210 3750 praedicat,
3243 3677 3301 3730 et
3329 3670 3658 3743 arroganti-

2009 3771 2123 3826 bus
2154 3769 2346 3825 verbis
2375 3769 2774 3840 semetipsum
2797 3766 3193 3835 celebrat,quo
3227 3763 3423 3834 plures
3452 3761 3649 3816 Turcae

2010 3877 2077 3917 eo
2126 3863 2499 3916 conﬂuerent.
2532 3857 2746 3914 Verum
2802 3874 2916 3913 non
2973 3857 3045 3912 ab
3096 3853 3307 3910 illustri
3367 3851 3562 3921 aliquo
3592 3852 3651 3904 et

2013 3955 2150 4006 noto
2180 3949 2461 4013 Romano,
2484 3947 2583 4002 sed
2618 3946 2690 4002 ab
2720 3944 2903 4000 Alano
2943 3944 3198 4015 quodam
3230 3940 3534 3998 occiditur.
3571 3938 3650 3992 Ex

2012 4055 2079 4095 eo
2111 4037 2292 4092 Persae
2349 4035 2530 4091 effuse
2588 4035 2882 4105 fugientes
2927 4032 3188 4104 plerique
3247 4031 3307 4084 in
3369 4027 3655 4085 Maeandro

2013 4127 2492 4196 submerguntur,
2511 4122 2816 4196 perpaucis
2845 4139 2914 4178 ex
2944 4126 3029 4176 tot
3061 4119 3320 4176 millibus
3350 4132 3654 4174 conserva-

2015 4217 2110 4274 tis.
2147 4216 2204 4271 ld
2239 4216 2476 4279 factum,
2510 4213 2556 4268 si
2589 4212 2727 4284 quid
2762 4209 2943 4277 aliud,
2976 4225 3094 4265 rem
3135 4208 3450 4264 Romanam
3478 4202 3659 4260 erexit

2015 4310 2071 4362 et
2100 4310 2404 4360 Persarum
2464 4300 2836 4358 insolentiam
2895 4298 3187 4370 repressit.
3223 4295 3452 4352 Alacres
3496 4294 3652 4350 enim

2016 4393 2461 4458 invebebantur,
2510 4397 2566 4446 et
2597 4391 2890 4446 Romanos
2921 4395 3085 4458 terga
3114 4386 3373 4452 daturos,
3410 4401 3472 4440 se
3521 4399 3657 4439 vero

2017 4488 2198 4539 totam
2257 4497 2436 4553 prope
2493 4480 2826 4551 Phrygiam,
2873 4493 3052 4549 quam
3103 4475 3220 4531 late
3269 4474 3557 4530 Maeander
3587 4473 3659 4528 ad

1728 4567 1908 4624 ἀναδι-
1947 4569 1989 4633 D
2021 4588 2181 4627 mare
2213 4585 2396 4641 usque
2426 4569 2582 4625 254
2613 4563 3320 4638 protenditur,deleturos
3353 4565 3659 4636 putabant.

2021 4663 2083 4716 In
2117 4659 2226 4715 hoc
2266 4658 2460 4730 praelio
2518 4657 2782 4728 Aspietes
2831 4653 3040 4711 cecidit
3100 4655 3205 4710 hoc
3266 4654 3456 4710 modo.
3488 4654 3664 4708 Persa

2020 4750 2258 4821 quidam
2289 4765 2421 4804 cum
2447 4748 2637 4820 ipsum
2661 4748 2733 4803 ob
2767 4745 3104 4800 firmitatem
3135 4761 3433 4802 armorum
3455 4750 3510 4799 et
3529 4759 3662 4798 scu-

2020 4843 2145 4893 tum
2179 4839 2251 4894 ad
2275 4837 2448 4908 pedes
2481 4852 2670 4910 usque
2692 4834 3018 4891 demissum
3048 4833 3354 4891 vulnerare
3387 4849 3500 4888 non
3529 4847 3662 4902 pos-

2022 4935 2130 4996 set,
2151 4929 2370 5000 impetu
2405 4927 2464 4982 in
2495 4941 2710 4998 equum
2734 4927 2862 4997 ejus
2883 4923 3215 4991 invehitur;
3253 4922 3351 4994 qui
3376 4919 3666 4976 letbaliter

2022 5035 2079 5073 in
2116 5019 2301 5072 fronte
2333 5032 2643 5089 percussus
2704 5013 3054 5087 regredtur,
3089 5018 3148 5068 et
3205 5011 3266 5066 in
3315 5005 3674 5081 posteriores

2024 5106 2199 5179 pedes
2231 5111 2456 5162 erectus
2489 5120 2771 5160 sessorem
2801 5104 2858 5157 in
2914 5102 3135 5156 ﬂumen
3183 5095 3528 5171 praecipitat.

264 5198 579 5271 προσποιῶν
641 5191 692 5246 ἐν
751 5195 830 5264 τῷ
887 5192 1193 5264 παραυτίκα
1243 5193 1444 5264 ταύτην
1499 5193 1543 5249 εί
1599 5195 1780 5263 οἶάκα,
1839 5195 2085 5252 ἐσάλευεν
2143 5197 2288 5251 οὕτω
2335 5195 2473 5249 κατά
2528 5193 2708 5269 βραχὺ
2767 5195 2865 5247 τοῦ
2922 5191 3171 5260 ποταμοῦ
3257 5181 3531 5239 διαπλέων
3607 5183 3670 5237 τὸ

264 5285 517 5360 πέλαγος.
552 5279 632 5338 0'3
711 5281 820 5353 μὴν
853 5277 905 5340 ές
934 5278 1094 5342 τέλος
1168 5279 1453 5352 ἐξέπλευσε
1490 5283 1553 5339 τὸ
1630 5285 1828 5348 οανεῖν.
1908 5285 1999 5347 Είς
2047 5287 2149 5361 γὰρ
2223 5286 2286 5340 τὸ
2337 5283 2622 5356 ἀντιπέραν
2677 5279 2783 5351 ἤδη
2860 5279 3145 5353 γενόμενος
3222 5273 3306 5330 ἐπί
3337 5295 3388 5330 τι
3422 5271 3672 5351 γήλοφον

263 5371 478 5444 ἄνεισιν,
558 5370 746 5426 ἑαυτὸν
777 5369 924 5431 ὅστις
1000 5367 1139 5424 ἐστίν
1215 5369 1476 5443 εὐφημῶν
1523 5374 1613 5428 καὶ
1694 5372 1941 5447 μεγάλης
2015 5371 2270 5448 γλώττης
2326 5372 2528 5444 κόμπῳ
2579 5369 2889 5447 χρώμενος,
2948 5368 3096 5427 ὅπως
3173 5365 3483 5439 συναχθῶσι
3584 5361 3678 5418 καὶ

268 5456 432 5538 ἕτεροι
511 5461 754 5534 Τοῦρκοι
833 5459 947 5526 μετ’
982 5457 1166 5512 αὐτοῦ·
1217 5456 1437 5522 οὐδενός
1469 5457 1526 5515 δὲ
1597 5465 1732 5537 τῶν.
1784 5460 2071 5534 ἐπισήμων
2144 5459 2426 5515 καὶαῦτὸν
2505 5456 2729 5512 εἰδότων
2806 5454 3096 5529 Ῥωμαίων
3169 5452 3678 5530 προσπελάσαντος,

263 5551 403 5609 ἀλλὰ
433 5570 583 5611 τινος
623 5552 732 5604 τῶν
809 5546 1112 5622 έπικοῦρων
1166 5548 1414 5606 Ἀλανῶν
1492 5549 1892 5625 ἐπιδραμόντος
1964 5551 2101 5607 ὅπου
2151 5549 2248 5618 τὴν
2308 5549 2500 5616 καινήν
2550 5543 2780 5619 εἰρεσίαν
2859 5544 3079 5623 σχάζειν
3135 5541 3392 5618 ἔμελλεν,
3452 5543 3684 5620 ἀναιρεῖ-

262 5663 351 5698 ται
381 5636 726 5719 ἀμφιστόμῳ
799 5633 1088 5694 κνώδοντι.
1121 5639 1218 5696 Ἐκ
1247 5636 1303 5694 δὲ
1375 5639 1573 5696 τούτου
1647 5639 1904 5713 ἀκόσμως
1935 5660 1994 5695 τε
2043 5637 2250 5711 Πέρσης
2283 5634 2505 5698 ἕκαστος
2579 5629 2940 5709 ἀπεδίδρασκε
3011 5634 3102 5690 καί
3179 5631 3484 5710 Μαίανδρος
3554 5633 3681 5694 τοὺς
