4066 6214
401 366 519 425 547

1721 356 2036 421 NLJETrE
2078 357 2498 421 ΟΗΟΝΙΑΤᾸΞ

3689 360 3813 422 558

406 499 636 571 imperii
669 495 945 570 principio
975 493 1250 549 diadema
1279 507 1539 564 purpura
1555 495 1612 548 et
1638 507 1830 564 equus
1857 490 2052 548 amis
2079 552 2081 558 η

2166 489 2306 566 φωτὶ
2337 495 2553 562 ποιητῷ
2601 488 2833 565 βαδίζων
2899 487 2988 545 διά
3045 496 3149 560 τῆς
3198 490 3462 546 Βιθυνῶν·
3526 492 3562 559 ἡ
3623 487 3682 546 δὶ
3742 491 3817 552 ὡς

408 587 660 661 phaleris
690 590 952 642 ornatus.
988 581 1059 638 Ut
1085 598 1262 654 prope
1293 581 1446 639 259
1472 580 1896 652 Claudiopolim
1921 596 2056 638 ven-

407 683 529 733 tum
561 681 671 744 est,
704 674 942 734 Barbari
976 673 1226 729 adventu
1260 672 1389 743 ejus
1411 689 1480 727 ex
1513 671 1740 727 vexillis
1777 677 1836 726 et
1863 671 2053 744 splen-

408 765 544 821 dore
574 781 869 820 armorum
914 763 1145 834 cognito
1198 762 1354 834 fuge
1396 778 1459 818 se
1507 761 1905 827 mamdarunt,
1955 760 2054 817 illo

409 871 583 927 quam
626 854 968 926 longissime
1026 857 1433 926 persequente.
1482 851 1606 906 Non
1639 852 1834 906 minus
1863 859 2052 906 autem

405 946 536 1016 ejus
567 945 823 1000 adventu
855 942 1078 999 obsessi
1106 942 1353 1012 jamjam
1383 941 1759 1012 desperantes
1814 940 2054 995 recreati

404 1038 544 1089 sunt
575 1049 752 1106 quam
787 1035 974 1088 nautae
1001 1035 1134 1103 post
1159 1029 1405 1086 multum
1435 1029 1758 1101 remigandi
1781 1028 2055 1084 sudorem

404 1124 661 1178 secundo
692 1111 882 1189 vento,
919 1128 1018 1176 aut
1063 1136 1194 1175 vere
1239 1119 1582 1174 dulcissimo
1615 1121 1746 1188 post
1803 1117 2057 1189 asperri-

2163 577 2355 636 δπίπαν
2423 584 2542 641 ταῖς
2629 579 2959 656 ςυναγκείαις
3023 577 3394 647 πεπύκνωται,
3451 579 3544 635 καὶ
3604 578 3816 656 ἄπορδς

2162 665 2274 723 ἔστι
2306 665 2572 743 πολλαχῆ
2605 689 2686 740 τῳ
2706 675 2807 737 τῆς
2838 667 2979 739 ὕλης
3012 672 3320 744 συνηρεφεῖ.
3353 667 3422 724 Εἴ
3443 665 3500 723 δὲ
3560 690 3667 723 που
3725 671 3812 725 καὶ

2163 755 2355 830 χρείας
2405 757 2699 828 beneﬁca;
2753 753 2925 812 ἐδεῖτο
2977 753 3418 826 διαναπαύεσθαι,
3467 760 3663 833 γήϊνον
3697 759 3819 835 εἶχε

2161 848 2260 916 τήν
2291 846 2586 922 καθέδραν,
2624 851 2718 906 καί
2781 848 2959 929 κάρφη
3025 844 3454 922 ὑποϐεϐλημένη
3497 850 3590 904 καί
3651 873 3819 928 φορυ-

2163 939 2254 1000 τὸς
2307 938 2662 1012 ὑποκείμενος
2718 938 2908 1014 ἰκείνφ
2988 940 3087 1009 τὴν
3145 942 3434 1016 στρωμνήν
3481 938 3820 1020 ἐσχεδίαζεν.

2165 1026 2287 1083 Ὀτὶ
2317 1025 2374 1082 δὶ
2430 1028 2584 1084 ὑετοῦ
2649 1029 3072 1106 κατενεχθέντος
3125 1032 3218 1084 καί
3280 1033 3378 1085 τοῦ
3424 1033 3666 1102 σταθμοῦ
3724 1051 3818 1108 γε⁶

2165 1119 2405 1191 νομένου
2462 1120 2599 1175 κατὰ
2647 1121 2897 1199 φάραγγα
2953 1118 3238 1198 τεναγώδη
3315 1118 3517 1185 ἄνωθέν
3578 1142 3638 1177 τε
3697 1127 3817 1184 ταῖς

407 1227 561 1267 mam
595 1210 853 1267 hiemem
876 1214 976 1264 aut
1007 1208 1248 1265 alterius
1279 1207 1412 1263 mali
1446 1205 1713 1280 principii
1745 1206 1872 1261 leto
1901 1206 2058 1262 exitu

2169 1207 2415 1283 σταγόσιν
2477 1208 2726 1286 ὶτὲγγετο
2780 1209 2872 1264 καὶ
2926 1210 3018 1265 τὸν
3067 1210 3236 1266 ὕπνον
3291 1205 3543 1266 διεσπᾶτο
3597 1215 3681 1282 τῷ
3722 1211 3820 1279 τὴν

407 1299 676 1356 homines
696 1299 1001 1356 exhilarari
1033 1297 1244 1354 solent.

2170 1291 2397 1351 στιϐάδα
2475 1298 2839 1377 ὑποτρὲχοντι
2887 1300 3109 1372 νάματι.
3156 1298 3306 1357 Kh?
3359 1304 3480 1362 ταῖς
3542 1299 3819 1361 τοιούτοις

409 1389 661 1461 ἠγαπᾶτο
697 1385 912 1460 μᾶλλον
943 1385 1034 1442 καὶ
1063 1387 1233 1460 ἠγᾶτο
1291 1384 1326 1454 ἢ
1378 1388 1468 1440 ὅτε
1543 1381 1841 1458 διαδήματι
1912 1386 2212 1440 ἒταινιοῢτο
2285 1385 2372 1440 καὶ
2433 1385 2734 1460 περιέκειτο
2784 1388 2884 1456 τήν
2963 1384 3264 1463 ἁλουργίδα
3314 1388 3408 1444 καί
3479 1385 3577 1448 τᾶν
3643 1387 3818 1444 ’ἱππον
3895 1448 3902 1454 ,

409 1473 654 1532 ἀνέϐαινε
701 1478 794 1532 τὸν
872 1470 1317 1551 ᾗρυτοφάλαρον.
1393 1475 1482 1538 Ὠς
1539 1471 1595 1529 δι
1669 1474 1894 1550 ἤγγισεν
1971 1473 2034 1528 οὗ
2110 1475 2194 1550 [Ρ.
2228 1475 2353 1545 429]
2383 1472 2668 1550 ἐπορεύετο
2699 1476 2788 1530 καὶ
2852 1473 3003 1532 ὦπτο
3077 1481 3193 1538 τοῖς
3265 1476 3388 1551 περὶ
3465 1477 3566 1546 τήν
3641 1475 3826 1538 Κλαυ-

411 1563 695 1620 διούπολιν
771 1562 1125 1633 ἒσκηνωκόσι.
1204 1557 1526 1638 Βαρϐάροις,
1585 1564 1641 1617 οἱ
1701 1563 1794 1636 μὲν
1859 1561 1910 1623 ἐς
1985 1563 2162 1637 φυγὴν
2235 1562 2432 1627 ἐκεῖθεν
2509 1564 2702 1620 αύτίκα
2773 1563 3059 1639 ὥρμησαν.
3093 1566 3397 1641 ἐγνωκότες
3471 1566 3572 1635 τήν
3652 1566 3827 1624 αὑτοῦ

410 1649 624 1707 ἕλευσιν
673 1650 732 1708 ἔκ
759 1673 818 1709 τε
854 1656 961 1706 τῶν
1008 1652 1250 1724 σημείων
1300 1655 1407 1706 τῶν
1466 1652 1758 1728 ταγμάτων
1817 1651 1907 1706 καὶ
1949 1657 2049 1720 τῆς
2103 1655 2209 1705 τῶν
2268 1649 2455 1707 ὅπλων
2524 1651 2948 1727 λαμπηότητος,
3016 1655 3180 1717 αὐτὸς
3221 1653 3267 1709 δ’
3321 1654 3564 1711 ἐπέκειτο
3604 1652 3826 1712 διώκων

411 1741 463 1803 ἐς
497 1741 621 1796 ’ὀσον
653 1742 721 1809 ἦν
755 1739 968 1820 ἐφικτὸν
1001 1740 1075 1802 ὡς
1115 1741 1449 1816 προσωτάτω
1486 1747 1588 1810 τῆς
1623 1740 1822 1816 μάχης.
1859 1739 2013 1795 Οὕτω
2091 1737 2136 1794 δ’
2210 1738 2473 1801 ἀσπάσιος
2505 1739 2703 1813 ἐπέστη
2779 1748 2902 1806 τοῖς
2975 1741 3027 1798 ἐν
3100 1742 3272 1818 ἰκείνῃ
3323 1748 3392 1818 τῇ
3467 1742 3630 1799 πόλει
3678 1745 3823 1800 Ῥωο

413 1829 597 1901 μαίοις
623 1827 978 1902 ἀπειρηκόσιν
1009 1826 1117 1897 ἤδη
1150 1830 1285 1898 πρὸς
1313 1829 1379 1883 τὰ
1407 1832 1513 1882 τῶν
1542 1827 1806 1904 Τούρκων
1847 1831 2193 1906 φρονήματα,
2270 1829 2344 1892 ὡς
2418 1827 2544 1885 οὐδὲ
2608 1833 2827 1893 ναύταις
2903 1831 3066 1906 οὖρος
3139 1832 3586 1905 προσκεκμηκόσι
3697 1839 3824 1896 ταῖς

409 1919 620 1972 κώπαις
651 1918 741 1972 καὶ
789 1915 1047 1972 πλεῖστον
1121 1917 1307 1981 αὐταῖς
1362 1914 1698 1992 ἐνιδρώσασι,
1738 1918 1828 1973 καὶ
1903 1913 1995 1994 ἔαρ
2070 1916 2292 1988 ἥδιστον
2352 1919 2487 1992 μετὰ
2561 1926 2846 1996 χειμῶνος
2918 1918 3302 1998 κατήφειαν,ἤ
3374 1918 3557 1997 ἰτερόν
3585 1941 3641 1976 τι
3716 1927 3825 1977 τῶν

411 2008 509 2060 ὅσα
538 2005 598 2061 ἐκ
629 2004 894 2080 λυπηρῶν
928 2006 1114 2080 ἀρχῶν
1145 2007 1221 2068 εἰς
1251 2008 1617 2082 χρηστοτέραν
1657 2004 1963 2082 μεταϐαίνει
1995 2011 2338 2068 κατάστασιν.

1575 2367 2001 2466 ΤΟΜΟΣ
2084 2371 2678 2472 ΕΒΔΟΜΟΣ

1347 2565 1486 2620 THE
1519 2566 1894 2624 ΒΑΣΙΛΕΙΑΣ
1927 2569 2266 2626 ΜΑΝΟΥΗΛ
2307 2571 2440 2628 ΤΟΥ
2471 2572 2877 2630 ΚΟΜΝΙΙΝΟΥ.

1596 2817 1961 2912 LIBER
2031 2819 2632 2916 SEPTIMUS

1183 3019 1486 3086 RERUM
1527 3021 1585 3084 A
1628 3020 2058 3090 MANUELE
2097 3023 2509 3092 COMNENO
2553 3027 3032 3097 GESTARUM

476 3328 529 3382 1.
562 3327 729 3383 Nunc
761 3327 861 3383 illa
910 3327 1084 3384 etiam
1136 3329 1436 3386 referenda
1484 3338 1644 3388 sunt.
1710 3337 2051 3407 Imperator,

2237 3344 2301 3393 α’.
2339 3336 2530 3393 Δοτὲον
2587 3343 2669 3412 τῷ
2729 3338 2886 3417 λόγῳ
2927 3339 3169 3402 κάκεῖνα.
3223 3343 3285 3400 '0
3343 3339 3611 3416 βασιλεὺς
3667 3343 3837 3404 οὗτος

408 3416 546 3488 quia
577 3420 778 3487 gentes
808 3416 976 3472 sinus
1007 3417 1151 3474 Ionii
1201 3417 1352 3474 bello
1383 3427 1575 3492 petere
1633 3437 1747 3477 non
1807 3428 2052 3494 poterat,

2171 3427 2248 3497 μή
2278 3424 2428 3500 ’ἐχων
2477 3426 2634 3501 νόμῳ
2689 3416 2940 3504 πολέμου
2989 3431 3127 3485 κατὰ
3175 3436 3284 3486 τῶν
3340 3429 3508 3496 ἐθνῶν
3571 3428 3834 3487 ἐπελθεῖν

408 3503 526 3560 imo
558 3503 749 3576 potius
775 3503 1140 3561 incursiones
1167 3522 1366 3562 earum
1408 3508 1468 3563 in
1503 3508 1790 3566 Romanas
1820 3511 2056 3582 provin-

407 3595 528 3652 cias
555 3602 832 3668 perpetuo
861 3597 1122 3666 timebat,
1181 3600 1330 3654 haud
1373 3599 1616 3672 ignarus
1661 3602 1861 3672 copias
1901 3603 2058 3659 Occi.

402 3684 665 3741 dentaies
711 3686 862 3742 209
926 3687 1197 3743 Romanis
1270 3704 1396 3744 esse
1461 3688 1630 3762 longe
1701 3692 2053 3761 superiores.

407 3775 726 3845 praesertim
759 3792 891 3832 vero
925 3775 1320 3834 formidabiles
1359 3793 1458 3834 eas
1503 3779 1624 3834 fore
1668 3780 1718 3835 si
1767 3780 1827 3835 in
1877 3796 2053 3838 unum

407 3864 1028 3936 conspirarent,multo
1051 3871 1184 3921 ante
1201 3883 1260 3922 se
1283 3868 1492 3938 quovis
1516 3869 1686 3924 modo
1703 3875 1906 3926 contra
1924 3870 2055 3927 illas

410 3953 727 4012 muniebat.
762 3953 908 4010 Nam
923 3955 1245 4011 Orientales
1275 3956 1513 4028 quidem
1571 3958 1852 4015 Barbaros
1879 3959 2056 4015 licere

409 4043 518 4098 sibi
551 4048 608 4098 et
639 4045 886 4114 pecunia
915 4043 1226 4100 conciliare
1275 4050 1333 4100 et
1363 4045 1543 4100 armis
1571 4046 1722 4103 intra
1745 4047 1893 4103 ﬁnes
1918 4065 2056 4104 suos

409 4132 729 4188 continere:
772 4133 870 4188 sed
905 4131 1356 4188 occidentalium
1405 4133 1671 4204 gentium
1725 4135 2057 4192 multitudi-

406 4235 538 4276 nem
572 4220 774 4276 timere
810 4235 891 4286 se,
922 4221 1076 4292 quod
1123 4221 1228 4276 viri
1273 4221 1508 4292 superbi
1560 4225 1700 4292 sint,
1756 4223 2056 4294 indomiti,

405 4309 782 4379 sanguinarii,
816 4325 922 4366 nec
946 4314 1173 4365 tantum
1207 4311 1418 4382 Opibus
1449 4315 1507 4366 et
1528 4311 1706 4367 armis
1736 4312 2053 4378 abundent,

405 4398 506 4452 sed
526 4397 998 4453 irreconciliabili
1019 4399 1192 4454 etiam
1216 4399 1346 4454 odio
1368 4403 1662 4456 Romanos
1698 4415 2054 4472 persequan-

405 4489 519 4540 tur.
553 4486 799 4540 Proinde
855 4485 1151 4551 Venetias,
1195 4487 1482 4554 Genuam,
1515 4490 1704 4556 Pisas,
1751 4494 2054 4546 Anconam

405 4576 463 4626 et
496 4571 754 4644 reliquos
783 4589 894 4628 ora:
925 4574 1233 4630 maritimas
1260 4575 1482 4632 accolas
1531 4576 1814 4634 Romanis
1857 4579 2054 4635 conci-

405 4660 607 4728 liabat,
628 4660 1015 4732 jurejurando
1045 4663 1428 4732 devinciebat,
1461 4666 1655 4722 omnis
1684 4667 1911 4738 generis
1931 4668 2056 4724 om.

405 4749 513 4806 ciis
545 4747 836 4804 alliciebat
866 4753 922 4804 et
952 4750 1011 4804 in
1044 4750 1187 4806 urbe
1215 4750 1589 4824 imperatrice
1605 4754 1873 4826 hospitiis
1901 4755 2059 4812 exci-

405 4837 624 4912 piebat.
653 4838 716 4893 Et
752 4836 893 4910 quia
939 4838 1244 4894 verebatur
1288 4855 1361 4896 ne
1409 4839 1543 4912 quis
1592 4841 2055 4900 Occidentalium

402 4945 602 5002 regum
614 4929 824 5001 opibus
838 4930 1024 4984 auctis
1037 4932 1328 4986 Romanos
1342 4930 2059 5002 invaderet,poteotiorum

405 5018 637 5090 injuriis
668 5017 946 5075 obnoxios
978 5017 1221 5091 populos
1254 5021 1504 5091 pecunia
1537 5021 1850 5092 reliciebat,
1879 5023 1938 5080 in
1971 5042 2061 5081 ar-

407 5109 521 5167 mis
570 5110 876 5168 exercebat
921 5117 974 5166 et
1012 5110 1086 5165 ad
1146 5108 1543 5166 resistendum
1603 5110 1920 5169 animabat.
1977 5119 2060 5172 Ac

407 5199 588 5256 Italos
620 5205 822 5257 contra
849 5198 1164 5257 Alemanizs
1196 5215 1390 5272 regem
1418 5199 1803 5268 Fridericum,
1834 5203 1937 5275 qui
1965 5221 2062 5260 eos

410 5305 531 5345 suae
580 5289 820 5347 ditionis
869 5289 1054 5346 facere
1103 5289 1354 5346 maxime
1399 5289 1692 5362 cupiebat,
1722 5307 1875 5364 saepe
1903 5293 2053 5350 201

409 5379 741 5448 concitavit,
775 5395 875 5450 per
907 5378 1126 5452 legatos
1156 5377 1417 5436 hortatus
1467 5384 1532 5435 ut
1563 5381 1740 5437 fortes
1787 5383 1946 5438 viros
1995 5400 2059 5440 se

412 5465 738 5531 praeberent
767 5472 824 5522 et
853 5469 1007 5539 regis
1053 5466 1216 5524 dolos
1265 5472 1556 5535 caverent,
1609 5485 1785 5542 quem
1835 5487 2061 5529 coronas

2169 3515 2340 3570 ὁπόσα
2395 3514 2602 3572 κόλπον
2653 3518 3009 3596 ἀμφινέμεται
3056 3520 3150 3576 τὸν
3209 3520 3422 3590 Ἰόνιον,
3507 3521 3544 3590 ἦ
3608 3520 3830 3593 μᾶλλον

2165 3604 2266 3673 τήν
2311 3606 2449 3660 κατᾶ
2503 3607 2790 3680 Ῥωμαίων
2843 3601 3036 3684 ἔφοδον
3085 3606 3292 3664 τούτων
3347 3609 3455 3683 πρὸ
3515 3607 3827 3685 ἀφθαλμῶν

2169 3691 2314 3767 ἔχων
2375 3694 2456 3750 ἀεὶ
2505 3694 2595 3750 καὶ
2651 3695 2848 3768 κρίνων
2916 3692 3149 3774 φοϐερὰν
3191 3697 3281 3753 καὶ
3324 3694 3693 3767 δυσάντητον,
3746 3697 3835 3751 οἶα

2167 3780 2327 3843 εἰδὼς
2375 3784 2472 3845 τὰς
2529 3787 2636 3838 τῶν
2704 3784 2996 3858 Ῥωμαίων
3063 3783 3320 3860 δυνάμεις
3380 3785 3722 3863 ἇπροσφυεῖς
3778 3785 3834 3855 ἐξ

2165 3869 2467 3926 ἀντιπάλου
2527 3879 2715 3941 στῆναι
2769 3878 2890 3935 ταῖς
2949 3873 3219 3950 ἑσπερίαις
3268 3874 3361 3929 καὶ
3427 3871 3685 3949 ἄντικρυς
3729 3872 3838 3948 χὺ-

2167 3979 2296 4033 τρας
2329 3960 2465 4034 πρὸς
2507 3956 2764 4033 λέϐητας,
2795 3962 2870 4022 ὡς
2903 3961 3016 4032 ἐξὸν
3047 3963 3138 4017 καὶ
3195 3963 3258 4018 τὸ
3317 3962 3498 4026 θέσθω
3552 3959 3831 4032 διαθήκην

2167 4048 2304 4102 κατᾶ
2333 4047 2622 4122 Ῥωμαίων
2654 4049 2745 4105 καὶ
2767 4053 3164 4127 συμφρονήσειν
3210 4050 3356 4113 ὅλως
3421 4051 3550 4111 τοὺς
3609 4044 3826 4122 δυσμό-

2165 4148 2257 4201 θεν
2294 4138 2385 4192 καὶ
2416 4139 2553 4212 πρὸς
2587 4141 2712 4212 μίαν
2738 4141 3032 4215 τραπέσθαι
3085 4141 3391 4214 σύμπνοιαν
3453 4135 3832 4212 ὑπεϐλὲπετο,

2168 4223 2259 4278 καὶ
2314 4225 2585 4287 παντοίως
2641 4225 3078 4299 ἀσφαλιζόμενος
3163 4227 3448 4304 πόρρωθεν
3530 4227 3664 4290 τοὺς
3730 4230 3829 4301 μὶν

2166 4311 2305 4367 κατᾶ
2332 4313 2432 4381 τὴν
2487 4309 2560 4368 ἕω
2611 4309 2926 4390 Βαρϐάρους
2976 4315 3161 4388 ἐξεῖναί
3219 4317 3270 4370 οἱ
3321 4313 3517 4393 ἔφασκε
3568 4319 3837 4391 χρήμασι

2166 4401 2304 4475 πρὸς
2359 4400 2545 4479 φιλίαν
2607 4401 2898 4476 ὑπάγεσθαι
2951 4405 3044 4459 καὶ
3104 4401 3194 4459 διὰ
3275 4403 3463 4480 μάχης
3514 4405 3840 4479 συμπείθειν

2165 4494 2274 4545 τῶν
2308 4489 2526 4546 οἰκείων
2553 4490 2696 4568 ὅρων
2725 4494 2800 4566 μή
2831 4491 3176 4569 ἰκκεχύσθαι,
3222 4496 3322 4564 τήν
3388 4514 3452 4568 γε
3506 4495 3616 4567 μὴν
3675 4493 3838 4550 ἐσπεο

2169 4578 2288 4656 ρίαν
2372 4576 2603 4636 δεδιέναι
2687 4580 3000 4658 πολλαχῶς
3092 4581 3313 4652 ἰθνικῆν
3395 4582 3834 4660 πολυσπὲρειαν.

2172 4670 2497 4746 ὑψαυχενεῖν
2523 4691 2581 4726 τε
2612 4671 2716 4748 γὰρ
2737 4670 2866 4735 τοὺς
2894 4669 3089 4746 ἄνδρας
3143 4671 3235 4727 καὶ
3283 4674 3347 4728 τὸ
3413 4679 3626 4750 φρονεῖν
3691 4674 3840 4731 εἶναι

2171 4759 2593 4827 ἀταπεινώτους,
2633 4761 2695 4815 τὸ
2725 4779 2783 4816 τε
2835 4759 3168 4834 φιλαίματον
3238 4759 3328 4817 διὰ
3387 4760 3620 4835 μελέτης
3674 4757 3836 4836 ἔχειν

2167 4847 2273 4913 ἀεὶ,
2303 4847 2393 4902 καὶ
2429 4848 2506 4922 μὴ
2564 4848 2730 4922 μόνον
2762 4847 3000 4906 πλοῦτον
3070 4851 3155 4922 [Ρ.
3215 4852 3343 4924 130]
3392 4845 3838 4926 περιϐεϐλῆσθαι

2163 4933 2339 4992 πολὺν
2388 4937 2482 4992 καὶ
2532 4934 2916 5016 σιδηροφορεῖν
2965 4939 3164 5001 πάντας
3223 4938 3302 5002 εἲς
3346 4938 3618 5013 πόλεμον,
3678 4939 3836 4996 ἀλλᾶ

2165 5024 2256 5079 καὶ
2324 5025 2388 5081 τὸ
2441 5022 2664 5082 δύσνουν
2720 5028 2933 5102 τρέφειν
2987 5026 3122 5082 κατᾶ
3167 5027 3462 5101 Ῥωμαίων
3518 5027 3832 5102 ἀκοίμητον

2165 5114 2256 5168 καὶ
2289 5112 2610 5192 φιλεχθρεῖν
2641 5115 2723 5170 ἀεὶ
2761 5115 3124 5172 κατατούτων
3179 5115 3268 5171 καὶ
3328 5116 3489 5190 λοξὸν
3539 5122 3677 5190 ορᾷν
3735 5118 3833 5172 καὶ

2169 5200 2580 5281 σφοδρύνεσθαι.
2629 5204 2849 5278 Ἀμέλει
2899 5206 3148 5262 Βενετίαν
3207 5204 3303 5260 καὶ
3357 5207 3612 5271 Γὲνουαν,
3662 5205 3838 5262 Πίσαν

2166 5313 2225 5348 τε
2264 5293 2358 5348 καὶ
2414 5293 2506 5349 τὸν
2572 5295 2841 5370 Ἀγκῶνα,
2890 5296 2981 5350 καὶ
3037 5293 3137 5350 ὅσα
3186 5293 3332 5370 παρᾶ
3375 5293 3647 5352 θάλατταν
3707 5291 3838 5366 ἔθνη

2166 5379 2323 5454 ἕτερα
2354 5379 2696 5462 διακέχυται,
2727 5381 2885 5460 φίλια
2912 5384 3213 5456 Ῥωμαίοις
3271 5382 3435 5440 ἐτίθει
3474 5383 3844 5460 κατεμπεδῶν

2172 5470 2360 5546 ὅρκοις
2395 5471 2486 5526 καὶ
2545 5469 2920 5535 παντοδαπαῖς
2976 5471 3406 5552 φιλοφροσύναις
3447 5473 3831 5548 ὑποποιούμε-

2169 5580 2280 5628 νος,
2339 5561 2431 5615 καὶ
2489 5567 2833 5638 καταγωγαῖς
2895 5560 3033 5618 αὑτὰ
3091 5557 3444 5636 δεξιούμενος
3508 5562 3564 5619 ἐν
3620 5569 3693 5639 τῇ
3755 5563 3845 5638 ἆρ-

2169 5649 2350 5730 χούσῃ
2417 5654 2525 5706 οῶν
2591 5649 2832 5710 πόλεων.
2891 5651 3282 5727 Ὑφορώμενος
3350 5649 3410 5708 δὶ
3467 5673 3677 5728 μηπως
3733 5657 3844 5708 τῶν

409 5551 759 5621 accipiendae
779 5556 969 5625 gratia
998 5573 1147 5629 saepe
1175 5561 1424 5615 veterem
1471 5557 1712 5615 Romam
1755 5557 2062 5633 ingressu-

408 5652 535 5700 rum
566 5636 859 5714 impediit,
893 5661 1044 5716 papa
1091 5661 1194 5717 per
1232 5644 1456 5703 litteras
1505 5647 1729 5705 monito
1778 5665 1850 5706 ne
1898 5665 2062 5708 suam
