4118 6200
263 347 370 406 549

1301 345 1399 402 DE
1447 343 1835 405 MANUELE
1877 341 2250 406 COMNENO
2294 347 2445 407 LIB.
2493 347 2620 408 VII.

3544 356 3663 417 550

262 481 379 550 παρ’
444 477 630 539 αὐτοῖς
691 475 1001 552 λεγομὲνων
1063 478 1248 552 ῥηγῶν
1330 475 1491 552 ἶσχόν
1546 495 1629 537 τις
1676 472 1900 551 περιδὺς

2019 475 2262 548 gloriam
2303 479 2469 536 alteri
2501 483 2664 539 daret
2700 499 2838 540 neve
2869 484 3086 541 limites
3118 490 3349 558 patrum
3385 489 3664 547 transfer-

259 569 493 642 μείζονα,
544 566 662 621 εἶτα
713 565 849 620 κατὰ
894 566 1186 639 Ῥωμαίων
1243 565 1392 641 ἐπίῃ,
1439 565 1743 641 χρημάτων
1810 565 1898 619 ἆν-

256 652 522 730 ελαμὸανε
565 653 794 721 δόσεσιν,
856 656 1162 730 ἐσωμάσκει
1209 679 1266 713 τε
1321 658 1410 712 καὶ
1470 657 1698 731 ἐπέθηγε
1761 656 1898 730 πρὸς

260 745 572 810 ἀνθόπλισιν
623 746 687 802 τὸ
736 747 1060 801 ὑποπίπτειν
1127 743 1428 801 κινδυνεῦον
1487 747 1638 822 γένος
1671 741 1900 823 ἃρχοντι

258 833 600 910 ὑπερέχοντι.
633 834 952 898 Ἰταλιώτας
1011 833 1102 890 οὖν
1134 835 1408 899 πολλάκις
1462 834 1599 890 κατὰ
1644 837 1738 889 τοῦ
1797 831 1900 908 ρη-

253 925 338 1000 γὸς
375 923 719 995 ’Δλαμανίας
748 927 848 978 τοῦ
890 920 1230 998 Φρεδερίχου
1280 921 1638 980 ὀινοώπλισεν.
1697 923 1757 979 Ὀ
1801 922 1894 994 μὲν

251 1015 339 1090 γὰρ
374 1013 744 1078 ὑποκλιθῆναί
776 1015 832 1069 οἱ
861 1015 1088 1070 τούτους
1126 1015 1215 1069 καὶ
1266 1015 1332 1068 τὰ
1371 1015 1488 1078 καθ’
1541 1011 1737 1075 αὑτοὺς
1769 1011 1896 1067 ἐπι-

250 1103 450 1176 τρέψειν
481 1101 670 1175 ἐκείνῳ
703 1099 793 1157 διὰ
833 1101 1092 1158 πλείστου
1149 1102 1372 1166 ἐτίθετο·
1425 1103 1453 1157 6
1513 1099 1568 1157 δὲ
1636 1099 1894 1170 Μανουὴλ

250 1191 474 1263 πέμπων
545 1189 793 1270 ἐνίσχυεν
839 1189 1078 1253 ἐκείνους
1127 1192 1216 1246 καὶ
1273 1191 1654 1266 κραταιοῦσοαι
1712 1188 1898 1245 ὑπετί-

251 1283 341 1352 Θει,
374 1281 466 1336 καὶ
498 1280 594 1342 τὰς
633 1285 734 1336 τοῦ
795 1279 969 1355 ρηγὸς
1022 1279 1426 1359 δολοφροσύνας
1482 1279 1635 1355 ἐνῆγε
1689 1277 1893 1359 φυλάτ-

249 1373 445 1428 τεσθαι.
517 1370 696 1428 Ἀλλὰ
741 1371 831 1425 καὶ
896 1374 996 1441 τήν
1080 1367 1444 1448 πρεσϐυτέραν
1503 1372 1724 1445 Ῥώμην
1783 1371 1892 1425 εἰσ-

258 1461 387 1518 ιέναι
449 1461 532 1515 καὶ
605 1462 897 1538 στεφθῆναι
982 1461 1073 1516 τὸν
1159 1460 1318 1517 αὐτὸν
1412 1461 1552 1536 ῥῆγα
1619 1459 1891 1523 πολλάκις

253 1547 648 1622 ἐπιϐαλόμενον
678 1549 897 1624 ἀπεῖρξε
924 1555 1022 1605 τοῦ
1076 1549 1298 1626 ἐγχειρή
1312 1571 1501 1624 ματος,
1535 1574 1563 1601 ‹‹
1607 1574 1634 1601 ‹‹
1667 1551 1760 1620 Μὴ
1783 1547 1894 1605 δώ-

252 1661 352 1702 σεις
386 1641 555 1715 ἑτέρῳ
582 1641 683 1710 τήν
726 1638 882 1712 δόξαν
915 1661 1032 1710 σου,
1061 1665 1088 1692 ››
1113 1642 1334 1715 γράφων
1364 1645 1445 1714 τῷ
1465 1641 1680 1712 πάππα,
1707 1661 1728 1690 ε
1752 1637 1892 1714 μηδὲ

251 1735 489 1805 πατέρων
549 1731 673 1806 ὅρια
727 1729 970 1804 μέταιρε,
1032 1734 1108 1804 μή
1166 1751 1283 1791 πως
1341 1731 1403 1787 τὸ
1472 1730 1888 1805 ἀπρομήθευτον

253 1819 465 1896 ὕστερον
513 1815 694 1896 ἔργοις
749 1818 936 1882 αὒτοῖς
995 1821 1184 1876 ὁποῖόν
1245 1820 1384 1875 ἐστιν
1431 1819 1681 1896 ἐπιγνοὺς
1733 1842 1887 1891 τηνι-

255 1915 420 1966 καῦτα
470 1910 689 1983 πληττῃ
747 1911 847 1979 τήν
905 1911 1093 1984 ψυχὴν
1155 1908 1447 1983 μεταμέλῳ
1496 1908 1586 1965 διὰ
1637 1912 1737 1980 τὴν
1795 1914 1892 1965 τοῦ

254 1999 462 2062 εἰκότος
492 1997 808 2075 ὀλιγωρίαν,
868 1999 1033 2054 ὁπότε
1088 1999 1150 2054 τὸ
1209 2000 1371 2055 κακὸν
1422 2001 1728 2054 παντάπασι
1779 2000 1898 2053 citis-

251 2088 530 2160 ρὰπευτον.
593 2112 622 2140 ››
681 2087 784 2145 Καὶ
831 2090 896 2157 ἦν
955 2086 1016 2142 ἐκ
1059 2087 1256 2143 τούτου
1348 2093 1449 2156 τῆς
1531 2084 1901 2164 μεγιλοὸόξου

247 2178 470 2249 Ῥώμης
525 2174 978 2249 ἀποκλειόμενος,
1022 2177 1162 2241 meai
1197 2197 1281 2241 τις
1309 2176 1545 2246 ἄοπλος,
1594 2180 1622 2232 6
1679 2175 1902 2253 μυριάσι

251 2271 494 2341 γαυριῶν
534 2266 972 2342 στρατευμάτων.
1013 2267 1167 2323 Ἔστι
1227 2265 1274 2321 δ’
1332 2267 1422 2323 ὅτε
1475 2270 1543 2323 τὰ
1594 2270 1688 2342 μὶν
1742 2267 1902 2345 τείχη

254 2352 615 2412 Μεδιολάνων
665 2356 757 2410 ὕπ’
833 2353 1157 2428 Ἀλαμανῶν
1221 2358 1688 2435 κατεστράφησαν,
1739 2359 1790 2412 οἱ
1850 2355 1907 2412 δὲ

250 2448 345 2510 τῆς
374 2443 597 2507 πόλεως
641 2445 844 2515 ταύτης
897 2445 1183 2521 οῗκήτορες
1237 2449 1734 2526 κατασοφισάμενοι
1775 2447 1905 2510 τοὺς

245 2529 464 2608 ἔνορκον
550 2533 789 2609 ἀνάγκην
859 2533 1049 2611 σφίσιν
1124 2530 1509 2610 ἐπενεγκόντας
1593 2537 1670 2608 μὴ
1728 2533 1789 2590 ἄν
1845 2537 1908 2590 τὸ

245 2630 433 2703 τεῖχος
495 2621 860 2697 ἂναδομήσειν
921 2625 1074 2696 ποτὲ,
1123 2625 1190 2680 τὰ
1231 2626 1326 2697 μὲν
1358 2631 1552 2700 πρῶτα
1596 2625 1688 2679 ἐπὶ
1717 2625 1910 2703 τάφρῳ

248 2713 426 2785 ᾤκουν
498 2713 686 2788 βαθείᾳ
735 2713 826 2768 καὶ
887 2714 1114 2788 ὀρυκτῇ,
1174 2717 1251 2786 μή
1310 2714 1586 2789 ἐπιορκεῖν
1649 2715 1709 2770 ἐκ
1753 2713 1912 2770 τοῦδε

253 2805 528 2877 λέγοντες,
573 2801 756 2858 ἔπειτα
817 2801 874 2858 δὲ
926 2802 1002 2866 ὡς
1055 2805 1318 2879 πρότερον
1374 2804 1443 2858 τὰ
1497 2805 1660 2878 τείχη
1696 2803 1908 2859 ἀνεκαί-

253 2913 402 2946 νισαν
451 2896 549 2947 τοῦ
621 2891 889 2966 βασιλέως
936 2889 1095 2948 τοῦδε
1144 2892 1441 2970 γενομένου
1500 2892 1910 2968 συλλήπτορος.

257 2981 377 3038 Ἐπὶ
407 2981 630 3043 τούτοις
689 3002 752 3055 γε
811 2983 916 3054 μὴν
958 2982 1051 3036 τὸν
1117 2983 1340 3053 Μόντης
1399 2983 1674 3057 Φεράντης
1710 2983 1914 3057 μαρκέ-

260 3093 396 3141 σιον,
438 3069 686 3147 εὐγενείᾳ
713 3071 804 3125 καὶ
853 3069 1100 3143 εὐτεκνίᾳ
1163 3075 1424 3144 κομῶντα
1477 3072 1570 3126 καὶ
1622 3071 1763 3146 μέγα
1818 3068 1917 3126 δυ-

256 3161 510 3234 νάμενον,
561 3159 638 3222 είς
692 3159 854 3238 φίλον
913 3159 1212 3233 Ῥωμαίοις
1271 3160 1541 3236 ἐγγράψας
1600 3165 1762 3216 τοῦτο
1821 3162 1916 3233 μὲν

2009 571 2117 632 ret,
2172 583 2244 622 ne
2300 569 2652 627 temeritatis
2703 577 2760 628 et
2817 572 3182 646 negligentia
3243 581 3365 634 tum
3425 580 3661 634 demum

2009 655 2334 726 paeniteret,
2368 675 2502 714 cum
2558 671 2794 733 accepta
2825 662 2979 718 mala
3009 664 3220 736 corrigi
3253 681 3369 720 non
3403 671 3659 736 possent.

2010 744 2095 798 ita
2125 745 2350 814 inclyte
2409 747 2595 804 Roma
2630 750 2789 804 aditu
2849 756 3129 823 tanquam
3180 753 3423 810 inermis
3467 757 3659 811 exclu«

2009 849 2110 889 sus
2136 841 2222 890 est
2252 836 2302 892 is
2328 837 2429 908 qui
2461 841 2703 895 armatis
2750 839 3080 912 legionibus
3110 843 3474 899 efferebatur.
3505 846 3656 912 Quo.

2007 922 2139 977 dam
2171 927 2436 995 tempore
2484 926 2793 984 Mediolani
2828 931 3044 986 mmnia
3087 937 3228 987 sunt
3256 932 3328 988 ab
3359 932 3655 990 Alemanis

2007 1011 2202 1067 diruta
2231 1030 2252 1067 :
2281 1014 2382 1068 sed
2414 1015 2566 1071 cives
2602 1017 2990 1088 jurejurando
3038 1019 3226 1075 adacti
3258 1036 3319 1075 se
3353 1037 3650 1093 nunquam

2006 1115 2074 1154 ea
2123 1100 2567 1170 instauraturos,
2600 1106 2680 1160 ita
2725 1107 2970 1165 victores
3001 1108 3304 1165 eluserunt
3353 1116 3415 1166 ut
3445 1113 3649 1166 urbem

2007 1189 2291 1261 principio
2323 1194 2614 1263 profunda
2644 1197 2800 1252 fossa
2829 1199 3216 1265 munirent,se
3245 1204 3411 1271 pacta
3433 1204 3489 1255 et
3519 1217 3654 1256 con~

2004 1283 2171 1334 venta
2200 1279 2415 1338 violare
2447 1290 2745 1355 negantes.
2780 1286 3000 1343 Deinde
3039 1288 3407 1358 imperatoris
3438 1289 3652 1345 auxilio

2003 1366 2131 1423 freti
2163 1367 2292 1439 ipsa
2347 1371 2564 1428 mmnia
2596 1381 2999 1446 reposuerunt.
3034 1377 3120 1430 Ad
3173 1377 3292 1432 haec
3322 1379 3654 1434 Montisier-

2003 1457 2111 1511 rati
2145 1458 2499 1531 marchioue,
2542 1461 2666 1518 viro
2699 1464 2999 1520 nobilitate
3027 1466 3370 1521 auctoritate
3401 1470 3459 1522 et
3501 1467 3652 1523 felici

2002 1545 2200 1602 sobole
2240 1547 2480 1621 insigni,
2512 1555 2638 1606 tum
2667 1552 2879 1624 amplis
2930 1555 3276 1610 muneribus
3324 1560 3448 1610 tum
3480 1557 3656 1612 Maria

2003 1633 2146 1705 ﬁlia,
2178 1640 2242 1692 ut
2271 1653 2450 1708 supra
2478 1641 2806 1711 expositum
2831 1644 3076 1714 est,ejus
3108 1643 3229 1699 filio
3259 1644 3553 1716 desponsa
3582 1646 3656 1701 ad

2001 1727 2396 1783 Romanorum
2428 1731 2747 1787 amicitiam
2772 1734 3264 1806 adjuncto,magis
3293 1737 3468 1791 etiam
3503 1737 3660 1809 prin-

2001 1815 2144 1883 cipis
2172 1815 2577 1875 Alemanorum
2649 1821 2892 1877 consilia
2939 1823 3123 1893 fregit.
3175 1825 3279 1888 Qui
3312 1825 3656 1896 Moguntino

2002 1903 2294 1974 episcopo,
2327 1907 2668 1964 cancellario
2700 1926 2826 1979 suo,
2872 1926 3007 1966 eum
3045 1913 3275 1982 magnis
3307 1915 3490 1983 c0piis
3519 1915 3660 1970 mis-

2011 1992 2334 2062 so,ltalicas
2385 1996 2556 2051 urbes
2605 2015 2639 2052 a
2669 2015 2822 2070 papa
2879 1998 3114 2055 avulsas
3172 2001 3324 2056 262
3384 2000 3509 2056 sine
3541 2000 3656 2058 ullo

2013 2087 2171 2137 metu
2203 2083 2527 2154 subigebat.
2564 2085 2780 2142 Verum
2808 2087 3218 2144 Montisferrati
3251 2088 3513 2144 marchio
3543 2087 3657 2144 lar-

2013 2170 2331 2242 gitionibus
2359 2171 2727 2246 imperatoris
2770 2175 3063 2246 impulsus
3092 2177 3421 2234 Conradum
3448 2178 3660 2248 tilium,

2017 2260 2310 2319 hominem
2343 2263 2687 2333 formosum,
2724 2265 2950 2332 fortem,
2995 2267 3322 2335 cordatum,
3360 2268 3580 2324 viribus
3609 2277 3664 2324 et

2015 2353 2184 2406 aetate
2242 2351 2564 2423 ﬂorentem,
2597 2370 2727 2410 cum
2779 2355 2960 2425 cepiis
3013 2365 3213 2413 contra
3262 2357 3667 2429 Moguntinum

2018 2437 2217 2495 mittit.
2262 2441 2592 2498 Commisso
2625 2442 2820 2514 praelio
2846 2443 3105 2500 Alemani
3140 2445 3212 2500 ab
3242 2446 3507 2517 equitatu
3539 2463 3672 2518 pro-

2019 2525 2294 2599 ﬂigantur
2327 2546 2343 2598 ;
2375 2534 2433 2585 et
2463 2530 2612 2586 inter
2657 2532 2804 2588 alios
2851 2532 2975 2604 ipse
3036 2534 3414 2604 Moguntinus
3464 2540 3670 2606 captus

2017 2615 2263 2672 forsitan
2321 2617 2662 2687 Byzantium
2721 2620 2943 2678 missus
3000 2628 3176 2690 esset,
3212 2623 3325 2679 nisi
3357 2625 3672 2696 imperator

2020 2710 2155 2760 ante
2201 2705 2462 2763 obiisset.
2499 2707 2617 2765 Nec
2665 2707 2780 2765 ulla
2815 2709 2922 2765 fuit
2951 2711 3088 2766 urbs
3134 2711 3333 2778 Italia},
3367 2720 3466 2768 aut
3498 2716 3670 2771 etiam

2021 2792 2092 2849 ab
2126 2791 2288 2849 Italia
2319 2796 2682 2862 remotior,in
2715 2815 2831 2870 qua
2853 2799 3296 2870 imperatornon
3329 2817 3507 2856 unua.
3529 2821 3672 2860 con-

2017 2882 2281 2954 juratum
2339 2889 2398 2940 et
2442 2885 2741 2944 hominem
2791 2887 2902 2944 sibi
2943 2889 3174 2946 fidelem
3223 2890 3481 2948 haberet.
3516 2892 3675 2950 Unde

2024 2989 2150 3043 quae
2184 2975 2243 3030 in
2293 2975 2665 3034 conclavibus
2725 2978 3123 3036 Romanorum
3173 2981 3485 3040 adversarii
3529 2984 3677 3041 clam

2027 3063 2539 3132 consultabant,ea
2570 3067 2769 3122 omnia
2809 3068 3182 3124 resciscebat.
3205 3068 3534 3144 Aliquando
3557 3075 3682 3144 ejus

2026 3151 2206 3224 legati
2238 3154 2453 3225 negotii
2484 3157 2794 3226 cujusdam
2825 3173 3002 3214 causa
3031 3160 3326 3214 Anconam
3361 3161 3684 3230 missi,sive

260 3247 584 3323 δωρήμασιν
629 3245 840 3324 ἂδροῖς,
869 3253 1034 3305 τοῦτο
1079 3247 1135 3303 δὲ
1191 3253 1271 3321 τῷ
1320 3249 1410 3305 τὸν
1464 3250 1579 3304 υἱὸν
1612 3249 1776 3304 αὐτοῦ
1830 3251 1910 3305 τὸι

2032 3245 2095 3296 ut
2123 3241 2406 3313 quosdam
2450 3245 2524 3299 ad
2570 3244 2941 3317 imperatoris
2973 3247 3294 3306 amicitiam
3325 3251 3684 3308 attraherent

258 3338 520 3412 νεώτερον
575 3337 888 3393 συνευνάσαι
939 3341 1008 3412 τῇ
1068 3336 1244 3408 οἰκείᾳ
1303 3340 1531 3415 θυγατρὶ
1589 3343 1658 3412 τῇ
1719 3340 1922 3413 Μαρίᾳ,

262 3428 334 3488 ὡς
384 3426 564 3501 ὀλίγῳ
621 3426 890 3503 πρότερον
937 3425 1186 3499 εἴπομεν,
1255 3421 1333 3482 ἔτι
1369 3425 1584 3500 μᾶλλον
1612 3429 1820 3503 ἡκύρου
1859 3429 1924 3483 τὰ

264 3511 558 3572 διαϐοὖλια
585 3520 685 3570 τοῦ
748 3515 1128 3594 ἀρχηγοῦντος
1169 3514 1518 3588 Ἀλαμανῶν.
1553 3522 1708 3572 Ὥστε
1739 3519 1767 3572 6
1827 3519 1922 3590 μὲν

261 3606 349 3660 τὸν
382 3605 614 3674 οἰκεῖον,
670 3605 746 3666 ὡς
804 3608 839 3675 ἡ
896 3606 1143 3660 Λατίνων
1206 3603 1464 3678 βούλεται
1500 3608 1676 3682 φωνὴ,
1739 3627 1926 3681 καγκε·

264 3692 470 3769 λαριον,
514 3694 591 3755 ὡς
622 3691 670 3747 δ’
701 3693 977 3764 Ἕλληνες
1003 3692 1242 3763 ε’ίποιεν,
1274 3691 1572 3769 λογοϐἐτην
1611 3696 1695 3767 (ἦν
1742 3693 1798 3750 δὲ
1828 3694 1928 3750 οὖ-

260 3783 404 3845 τοςό
441 3782 766 3857 Μαγέντζης
825 3781 1150 3851 ἐπίσκοπος)
1214 3784 1434 3856 πέμψας
1497 3784 1634 3856 μετὰ
1659 3781 1922 3854 πλείστης

265 3867 546 3944 δυνάμεως
599 3871 697 3932 τὰς
756 3869 1036 3933 Ἰταλικὰς
1116 3871 1430 3926 ὑπεποιεῖτο
1494 3871 1705 3941 πόλεις,
1787 3871 1922 3927 ἀπο-

267 3965 411 4014 σπῶν
443 3960 611 4022 αὐτὰς
643 3958 705 4016 ἐκ
729 3961 827 4015 10-3
858 3958 1052 4016 πάππα
1107 3959 1198 4016 καὶ
1246 3960 1384 4016 κατᾶ
1439 3961 1740 4037 παρρησίαν
1766 3960 1919 4017 live-5-

264 4052 414 4106 Θυνον
470 4051 1000 4131 ὑπονοσφιζόμενος·
1067 4049 1323 4125 βασιλεὺς
1389 4048 1446 4107 δὶ
1495 4051 1586 4106 τὸν
1629 4054 1920 4127 μαρκὲσιον

265 4140 573 4215 χρημάτων
665 4141 1027 4215 ὑποσχέσεσιν
1077 4138 1374 4214 ἒλαφρίσας
1431 4141 1605 4196 πείθει
1671 4146 1749 4214 τῷ
1802 4148 1920 4200 Μα-

259 4230 483 4302 γέντζης
533 4228 835 4285 ἀντίπαλον
884 4225 1153 4306 διαφεῖναι
1199 4229 1296 4284 τὸν
1356 4229 1556 4285 οἰκεῖον
1603 4231 1717 4285 υἱὸν
1777 4230 1922 4307 Κορ-

261 4313 450 4389 sese»,
509 4314 680 4372 καλὸν
743 4312 875 4372 ὄντα
932 4313 1066 4371 ἰδεῖν
1126 4316 1217 4371 καὶ
1286 4318 1388 4385 τήν
1455 4316 1598 4392 ὣραν
1655 4317 1922 4398 εὐπρεπῆ⁹

259 4402 480 4479 ἀνδρίας
554 4425 615 4460 τε
693 4407 783 4460 καὶ
870 4407 1136 4466 συνέσεως
1212 4401 1266 4466 ἐς
1350 4403 1432 4460 ὅτι
1498 4406 1783 4479 κράτιστον
1831 4415 1923 4470 καὶ

258 4493 555 4568 ἀκρότατον
609 4496 858 4566 ἥκοντα,
931 4494 1022 4548 καὶ
1083 4495 1398 4568 ἀκμάζοντα
1455 4493 1618 4570 ῥώμῃ
1678 4496 1934 4569 σώματος

262 4584 369 4640 Καὶ
441 4583 778 4658 συμπλοκῆς
889 4584 1195 4660 γενομένης
1247 4583 1375 4646 τοὺς

259 4665 552 4747 ἐκρούσατο
574 4673 906 4753 ἱππομαχίᾳ
945 4674 1307 4748 τρεψάμενος,
1350 4673 1500 4728 ἐνίων
1535 4669 1593 4728 δὲ
1647 4675 1736 4729 καὶ
1793 4696 1922 4750 κρα-

259 4761 536 4830 τήσας,ἐν
583 4765 673 4827 οἷς
724 4765 1023 4837 ἠριθμεῖτο
1082 4762 1173 4817 καὶ
1243 4763 1270 4816 6
1324 4763 1647 4838 Μαγέντζης
1702 4761 1926 4820 ἒπίκσο“’

263 4872 389 4914 πος.
444 4853 593 4910 Τάχα
652 4849 698 4907 δ’
748 4851 812 4907 ἄν
853 4851 1016 4915 οὗτος
1066 4851 1156 4908 καὶ
1218 4852 1271 4915 ἐς
1329 4854 1626 4922 Βυζάντιον
1682 4855 1748 4925 ἦν
1798 4843 1929 4931 ἄναξ

261 4942 545 5018 πεμφθεὶς,
607 4943 659 4997 εἴ
727 4943 802 5015 μή
865 4939 1122 5017 βασιλεὺς
1198 4941 1248 5015 ἐξ
1338 4943 1638 5018 ἀνθρώπων
1685 4944 1922 5032 ἐγένετο.

264 5028 423 5086 Ἀλλ’
454 5029 580 5087 οὐδὲ
609 5051 692 5093 τις
722 5032 790 5100 ἦν
818 5035 926 5086 τῶν
953 5033 1040 5105 [Ρ.
1104 5033 1228 5104 131]
1291 5031 1676 5089 Ἰταλιωτίδων
1711 5032 1747 5104 ἤ
1816 5028 1924 5102 τῶᾁ

266 5115 349 5172 ἔτι
370 5117 696 5196 πορρωτέρω
727 5118 947 5176 πόλεων
979 5121 1096 5175 καθ’
1130 5120 1200 5190 ἣν
1244 5121 1272 5176 6
1335 5121 1589 5195 βασιλεὺς
1623 5121 1787 5186 οὗτος
1825 5124 1924 5181 οὐκ

270 5205 420 5282 εἶχεν
446 5207 653 5282 ὁμοτήν
691 5208 893 5264 οἰκεῖον
950 5211 1040 5264 καὶ
1088 5209 1391 5290 φρονοῦντα
1446 5211 1498 5266 οἱ
1537 5213 1719 5268 πιστά.
1754 5214 1924 5286 ’Δμέσ

274 5289 472 5352 λεικαὶ
505 5298 602 5353 ὅσα
632 5298 710 5361 εἰς
770 5300 839 5353 τὰ
892 5289 1116 5373 ταμιεῖα
1177 5303 1289 5355 τῶν
1345 5301 1610 5375 ταμιείων
1664 5300 1920 5365 εἰσιόντες

274 5383 336 5438 ἓν
390 5389 604 5462 κρυπτῷ
665 5386 915 5463 ἐτόρευον
997 5389 1090 5443 καὶ
1181 5384 1473 5464 ἐτόρϐαζον
1542 5390 1734 5446 ὁπόσοι
1813 5396 1921 5447 τῶν

274 5470 390 5554 ius?
437 5476 736 5552 Ῥωμαίοις
794 5477 1129 5553 ἀντίφρονες,
1190 5478 1426 5534 ἀκουστὰ
1474 5479 1540 5548 ἦν
1595 5477 1782 5554 ἐκείνῳ
1829 5482 1919 5536 καὶ

273 5553 518 5621 ἔκπυστα.
551 5564 794 5623 Ἀλλοτε
851 5563 906 5622 δέ
956 5586 1089 5622 ποτε
1144 5567 1280 5623 κατᾶ
1329 5567 1422 5624 τὸν
1481 5569 1730 5644 Ἀγκῶνα
1781 5571 1916 5639 ἧκον

273 5648 346 5706 ἐκ
374 5653 628 5725 βασιλέως
657 5657 820 5725 τινὲς,
873 5652 1069 5726 δεῆσαν
1121 5653 1285 5727 οὕτω,
1327 5659 1461 5714 κατὰ
1503 5658 1693 5736 χρείαν
1748 5679 1918 5736 πραγ-

2027 3346 2175 3402 quos
2204 3331 2390 3388 Lizios
2423 3339 2647 3403 vocant,
2679 3335 2798 3391 sive
2829 3340 2894 3390 ut
2921 3337 3142 3409 aliquid
3189 3338 3354 3396 aliud
3405 3340 3679 3397 Romanis

2030 3419 2170 3475 utile
2199 3421 2710 3488 conﬁcerent,cum
2734 3423 2791 3479 id
2815 3425 3680 3496 expedivissent,Alemanorum

2028 3525 2126 3564 rex
2156 3507 2243 3564 ira
2301 3510 2511 3581 plenus
2559 3511 2756 3583 copias
2813 3513 2884 3568 ad
2917 3515 3256 3569 vastandam
3299 3532 3425 3572 eam
3481 3517 3681 3574 urbem

2027 3596 2210 3651 mittit
2240 3602 2298 3652 et
2335 3598 2494 3654 cives
2525 3599 2870 3671 puniendos,
2903 3602 3000 3672 qui
3033 3618 3165 3656 cum
3211 3603 3557 3674 imperatore
3588 3604 3685 3660 fce-

2026 3686 2138 3741 dus
2186 3685 2464 3756 facerent,
2497 3689 2746 3761 ejusque
2793 3688 3016 3761 legatos
3058 3690 3116 3745 in
3169 3691 3434 3746 fraudem
3485 3693 3690 3763 utique

2025 3789 2187 3829 suam
2219 3774 2289 3828 ad
2324 3776 2495 3830 urbes
2526 3790 2563 3830 a‘
2584 3792 2652 3830 se
2684 3776 3026 3831 alienandas
3057 3777 3502 3849 recepissent.ls
3526 3797 3688 3836 exer-

2025 3862 2175 3918 citus
2203 3864 2441 3921 Ancona
2475 3865 2631 3919 263
2665 3863 2959 3920 hostiliter
2987 3864 3374 3923 circumsessa
3405 3869 3689 3925 Romano-

2027 3967 2157 4010 rum
2203 3950 2420 4021 legatos
2456 3953 2587 4007 dedi
2624 3952 2736 4008 sibi
2766 3952 3119 4022 postulabat.
3169 3957 3518 4014 Anconitani
3550 3975 3685 4016 vero

2026 4056 2124 4095 eas
2155 4039 2345 4095 minas
2376 4040 2454 4095 ita
2485 4042 2855 4108 audiverunt,
2887 4041 3106 4098 vallum
3137 4044 3457 4102 obductum
3491 4064 3686 4104 arma-

2027 4117 2265 4200 tamque
2295 4129 2479 4185 aciem
2516 4129 2595 4184 ita
2623 4131 2966 4196 timuerunt,
3001 4137 3064 4188 ut
3107 4132 3326 4205 legatos
3365 4153 3481 4192 non
3515 4139 3688 4194 modo

2026 4234 2144 4274 non
2178 4217 2568 4288 prodiderint,
2599 4220 2701 4275 sed
2729 4222 3078 4291 contemptis
3139 4221 3436 4280 Alemauis
3468 4226 3691 4298 pericu-

2030 4304 2152 4365 lum
2213 4307 2360 4364 illud
2423 4309 2647 4366 fortiter
2694 4310 3016 4378 tolerarint,
3066 4316 3123 4368 et
3153 4314 3330 4371 ducta
3380 4316 3688 4374 obsidione

2028 4393 2298 4454 insolitos
2325 4415 2559 4471 quoque
2611 4399 2774 4454 cibos
2804 4399 3114 4468 gustarint.
3157 4404 3520 4474 Imperatorii
3551 4423 3684 4464 vero

2026 4486 2222 4559 legati,
2254 4486 2468 4558 populo
2499 4504 2604 4558 pro
2637 4487 2916 4545 concione
2947 4489 3309 4564 interrogato
3359 4511 3432 4550 an
3470 4497 3687 4554 auxilia

1460 4583 1774 4660 Ἀλαμανοὺ
1831 4587 1906 4641 ἀπ

2037 4578 2148 4635 sibi
2204 4595 2494 4636 accersere
2537 4579 2754 4646 liceret,
2788 4596 2920 4638 cum
2980 4582 3231 4654 populus
3289 4587 3689 4657 respondisset

2031 4667 2205 4736 licere
2237 4667 2498 4740 quidem,
2519 4669 2617 4725 sed
2650 4670 2959 4740 pecuniam
2991 4671 3050 4726 in
3094 4677 3351 4746 promptu
3386 4691 3500 4732 non
3533 4693 3681 4749 esse,

2033 4760 2144 4833 ipsi
2173 4761 2354 4817 Deum
2389 4761 2588 4816 testati
2643 4761 3016 4818 affirmarunt
3047 4763 3453 4836 imperatorem
3488 4785 3690 4824 omnes

2035 4850 2170 4907 belli
2233 4851 2529 4922 impensas
2578 4851 3034 4923 persoluturum,
3066 4858 3123 4908 et
3155 4871 3226 4910 ne
3273 4859 3690 4915 cunctarentur

2035 4941 2251 4997 hortati
2281 4944 2418 4996 sunt
2448 4955 2462 4996 :
2488 4937 2704 5012 alioqui
2760 4941 3102 5010 gravissima
3125 4959 3362 5014 quaeque
3402 4943 3473 4997 ab
3506 4943 3691 4999 hosti-

2035 5031 2141 5088 bus
2171 5029 2542 5096 toleraturos,
2576 5028 2853 5084 uxoribus
2901 5034 2956 5085 et
2985 5028 3189 5085 liberis
3235 5031 3292 5084 in
3347 5031 3687 5087 servitutem

2035 5118 2326 5185 abductis,
2355 5118 2604 5189 pecunia
2633 5123 2687 5170 et
2736 5117 2908 5171 rebus
2956 5115 3226 5171 omnibus
3287 5116 3546 5188 direptis.
3582 5119 3689 5174 Ita.

2035 5225 2147 5282 que
2175 5225 2208 5264 a
2247 5206 2500 5278 quodam
2560 5204 2770 5260 comite
2815 5203 3124 5260 Guilielmo
3175 5209 3233 5260 et
3277 5205 3451 5262 vidua
3482 5207 3688 5277 nobili,

2033 5315 2160 5369 qua:
2187 5311 2372 5367 nuper
2400 5292 2658 5349 defuncti
2692 5293 2886 5348 mariti
2928 5293 3142 5360 opibus
3174 5293 3524 5364 potiebatur,
3558 5313 3690 5353 ma-

2031 5403 2144 5460 gno
2177 5385 2372 5439 fenore
2402 5387 2641 5453 accepta
2682 5382 2927 5453 pecunia
2955 5386 3014 5437 et
3073 5382 3306 5439 auxiliis
3339 5384 3690 5444 introductis

2030 5475 2349 5531 libertatem
2377 5471 2530 5527 ‘264
2561 5484 2679 5523 sua:
2711 5468 2930 5524 civitati
2963 5472 3298 5528 restitutam
3321 5481 3464 5529 sunt
3493 5485 3691 5546 gratu‘

2028 5562 2152 5620 lati.
2185 5563 2306 5627 Quo
2363 5574 2641 5616 successu
2695 5557 2862 5614 laetus
2919 5557 3240 5627 imperator
3287 5565 3686 5622 Anconitanos

2027 5652 2375 5720 collaudat;
2409 5657 2462 5708 et
2508 5647 2745 5706 civitate
2790 5653 3048 5707 Romana
3096 5650 3330 5711 donatis
3377 5655 3576 5711 omnia
3623 5670 3686 5712 se
