4066 6214
232 302 354 363 553

1283 306 1389 366 DE
1431 303 1809 399 MAnUELE
1850 301 2227 366 nonanno
2267 304 2418 364 Lm.
2466 301 2599 367 VII.

3522 318 3640 377 554

225 432 319 490 καὶ
412 431 518 523 εἷς⁸
576 431 911 511 ἐμπρησμὸν
966 435 1170 509 ἔκτοτε,
1255 436 1322 509 ἤν
1380 440 1690 515 εὖπρήστου
1749 436 1888 509 ὕλης

2017 440 2089 496 ris
2121 456 2267 512 pene
2299 439 2568 496 demersa
2589 443 2696 497 est.
2732 443 2813 497 Ac
2843 457 2977 499 eum
3004 443 3223 504 tributa
3263 464 3648 523 exaggerasse

226 524 374 598 τύχῃ
411 519 747 598 λαϐόμενον,
800 525 888 581 καὶ
943 526 1083 603 πρὸς
1138 529 1310 602 μόνην
1343 527 1577 604 ὐποψίαν
1610 528 1888 609 φυομένην

226 613 327 681 τήν
398 617 508 668 τῶν
564 612 886 671 λυπούντων
943 613 1121 692 ἀρχὴν
1198 617 1515 697 ἀπεμάχετο
1580 618 1718 673 κατά
1763 616 1895 679 τοὺς

226 700 487 777 ἀρίστους
543 712 654 761 τῶν
717 705 1003 779 γηπόνων,
1065 703 1120 760 ο⁹ί
1195 708 1297 771 τὰς
1354 708 1587 772 ἀκάνθας
1641 706 1736 768 τὰς
1792 708 1892 775 τήν

225 792 461 865 πρασιάν
539 790 958 866 λυμαινομένας
1051 796 1245 872 νεαρὰς
1338 791 1417 851 ἔτι
1493 798 1733 853 ἐκσπῶσι
1804 796 1895 852 καὶ

227 878 693 959 καταστρέφουσιν
751 880 1022 958 ἀρτιθαλῆ
1083 889 1192 939 τῶν
1244 882 1478 961 δένδρων
1537 887 1603 941 τὰ
1667 886 1743 959 μὴ
1794 906 1897 958 κη-

225 971 489 1047 πεόσιμα.
550 974 658 1029 Καὶ
712 979 876 1030 τοῦτο
931 980 1115 1056 σαφῶς
1161 975 1402 1049 ὑπέδειξε
1456 979 1525 1034 τὰ
1590 979 1894 1054 μετέπειτα,

229 1061 390 1132 ἡνίκα
420 1063 526 1131 τήν
562 1064 659 1137 μὲν
717 1060 944 1119 ἐνταῦθα
1002 1066 1149 1136 ζωὴν
1204 1067 1367 1130 αὐτὸς
1427 1065 1894 1143 μετηλλάχει,τά

228 1149 281 1208 δέ
356 1173 425 1230 γε
494 1153 794 1229 πράγματα
883 1150 1221 1228 κυϐερνήτην
1315 1153 1667 1214 ἀποϐαλόντα
1733 1158 1896 1237 σοφὸν

231 1246 434 1317 μικροῦ
501 1242 563 1297 τὸ
619 1250 723 1313 τῆς
777 1242 1061 1318 βασιλείας
1122 1246 1327 1326 σκάφος
1385 1242 1660 1305 ὶϐάπτισε.
1721 1248 1796 1305 Τὸ
1848 1244 1894 1301 δ’

228 1332 317 1386 οὖν
373 1336 487 1386 τῶν
541 1328 763 1406 δασμῶν
816 1333 1194 1408 ἐπιτεταμένον
1236 1332 1353 1391 οὐδ’
1409 1335 1571 1400 αὐτὸς
1626 1335 1701 1399 ὡς
1770 1357 1895 1411 μετ-

228 1417 452 1475 εδίωκεν
482 1420 898 1496 ἀποκρύψομαι.
958 1422 1124 1479 Ἀλλ’
1184 1421 1301 1480 οὐδ’
1359 1423 1444 1480 δτι
1495 1426 1550 1479 αἱ
1597 1425 1765 1501 ἀρχαὶ
1798 1423 1896 1495 δη-

235 1509 538 1582 μοσιώναις
597 1504 1017 1584 προῦεέϐληντο
1066 1510 1512 1589 παραδράμοιμι,
1571 1513 1755 1591 ὣσπερ
1805 1512 1895 1569 καὶ

228 1601 291 1656 τὸ
349 1604 541 1657 ποθεῖν
594 1602 852 1676 νεώματα
919 1603 971 1658 ἐν
1060 1604 1317 1681 ἀρούραις
1397 1607 1486 1661 καὶ
1560 1605 1638 1679 τῷ
1704 1608 1897 1663 ἑαυτοῦ

227 1690 449 1767 ἀρότρῳ
477 1688 786 1770 διασχιζειν
838 1688 1100 1765 αὔλακας,
1153 1694 1208 1765 ἐξ
1266 1695 1339 1750 ὧν
1381 1696 1530 1768 αὐτῷ
1562 1693 1895 1773 ἀνδρομεγέ-

229 1782 328 1849 οης
387 1776 718 1836 ἀνέϐλαστεν
793 1777 1055 1881 ἄσταχυς.
1103 1784 1203 1841 Ἢν
1275 1780 1332 1837 δὲ
1389 1784 1455 1839 τὰ
1524 1783 1978 1885 συλλεγόμεναΒ

232 1872 504 1945 χρήματα
579 1870 642 1926 οὐ
717 1869 976 1928 τοσοῦτον
1054 1872 1359 1945 ἀποϐήκαις
1426 1874 1792 1949 ἀποτιθέμενοι
1856 1876 1891 1945 ἢ

243 1964 415 2038 μυχῷ
464 1967 564 2034 γῆς
621 1959 1152 2037 ἐγκατορυττόμενα,
1208 1963 1333 2019 ’ὀσον
1390 1965 1725 2044 ἀμφοτέραις
1761 1964 1899 2022 ἀπο-

238 2054 538 2126 κενούμενα
593 2054 684 2109 καὶ
740 2052 977 2134 ἂφειδῶς
1032 2056 1383 2133 παρεχόμενα
1439 2058 1527 2113 καὶ
1571 2062 1763 2132 μοναῖς
1805 2059 1899 2132 μὶν

234 2143 327 2198 καί
376 2144 626 2217 τεμένεσι
684 2144 777 2199 καὶ
849 2144 1146 2218 Ῥωμαίοις
1219 2144 1659 2221 ἐλασσουμένοις,
1717 2148 1785 2203 τὰ
1842 2145 1901 2203 δὲ

231 2232 469 2290 πλεῖστα
543 2240 663 2297 ταῖς
718 2239 826 2291 τῶν
886 2234 1055 2291 ἐθνῶν
1115 2236 1548 2313 μεταγγιζόμενα
1621 2258 1900 2315 πανσπερ-

231 2323 407 2399 μίαις,
486 2324 580 2378 καὶ
668 2322 907 2397 μάλιστα
1006 2329 1127 2388 ταῖς
1230 2331 1543 2388 Λατινικαϊς
1647 2323 1901 2401 έκρέοντα

230 2412 569 2489 ὀμηγύρεσι.
658 2411 1011 2488 Φιλοδωρίας
1068 2415 1169 2488 γὰρ
1232 2412 1584 2489 μεταδιώκων
1635 2414 1896 2487 ὶπίδειξιν

229 2501 460 2564 ἀσώτως
520 2499 812 2574 ἐσκόρπιζε
868 2501 957 2557 καὶ
1014 2501 1308 2574 ἀνήλισκεν
1364 2505 1499 2580 ἅπερ
1558 2503 1898 2580 ἀμφοτέραις

234 2590 518 2670 συνέλεγε,
570 2591 702 2653 τοὺς
760 2590 939 2666 ἄκρως
990 2592 1355 2668 κερματιστὰς
1406 2594 1731 2671 φροντιστὰς
1790 2598 1896 2650 τῶν

234 2679 457 2737 οἰκείων
518 2679 776 2757 ἐφιστῶν.
838 2679 1017 2756 Μέρος
1096 2679 1153 2737 δὲ
1225 2689 1327 2752 τῆς
1383 2678 1626 2753 δαπάνης
1685 2683 1898 2757 καίριον

234 2770 372 2839 ἦσαν
428 2770 523 2825 καὶ
579 2769 703 2824 ὅσοι
778 2770 895 2824 καθ’
964 2773 1104 2844 αἷμα
1162 2773 1497 2841 συνήπτοντο
1565 2772 1655 2827 καὶ
1714 2770 1901 2835 ἄλλως

240 2858 544 2932 ᾠκείωντο.
606 2859 814 2915 Αὐτίκα
866 2858 1047 2915 τοίνυν
1108 2861 1144 2929 ἡ
1203 2859 1400 2934 ἀνεψιὰ
1439 2857 1714 2937 Θεοδώρα,
1744 2861 1900 2933 ᾕκαὶ

246 2950 342 3023 (ὡς
427 2945 663 3027 ἔφημεν)
743 2946 1062 3019 ἐπλησίαζε,
1150 2946 1594 3024 βασιλικωτάτης
1683 2956 1903 3025 μετεῖχε

250 3036 601 3117 δορυφορίας,
658 3037 750 3093 καὶ
811 3038 917 3112 μὴν
976 3037 1039 3093 οὐ
1101 3035 1457 3113 διαδουμένη,
1506 3039 1595 3094 καὶ
1640 3043 1749 3095 τῶν
1800 3041 1901 3113 ἀρ-

250 3128 415 3207 χείων
483 3126 837 3203 βαρουμένων
886 3127 1135 3204 παριέναι
1191 3126 1379 3199 ἤθελε,
1437 3128 1528 3184 καὶ
1577 3129 1714 3185 κατᾶ
1742 3150 1902 3209 φυσι-

248 3192 349 3289 κήν
414 3192 511 3291 μὲν
558 3192 819 3287 ’ἰδιότητα
876 3192 1110 3293 σοϐαρὰν
1169 3192 1402 3273 ἕλκουσα
1473 3220 1559 3293 [Ρ.
1622 3192 1764 3293 133]⁸
1803 3219 1901 3288 τήν
1936 3192 1979 3258 c

251 3306 417 3386 ὀφρὺν
470 3307 561 3362 καὶ
608 3307 717 3361 ἄνω
761 3307 825 3361 τὸ
874 3302 1030 3381 ὄμμα
1074 3306 1342 3378 τείνουσα,
1389 3308 1452 3363 τὸ
1502 3304 1561 3362 δὲ
1588 3306 1757 3364 πλέον
1785 3307 1906 3384 ἀγέ-

252 3417 436 3473 ρωχον
474 3395 775 3472 βλέπουσα.
827 3397 930 3454 Καὶ
971 3398 1000 3451 ὁ
1060 3396 1118 3452 ἐκ
1162 3398 1364 3470 ταύτης
1412 3396 1468 3454 δὲ
1513 3400 1907 3476 γενόμενοςτῷ

253 3485 476 3562 βασιλεῖ
542 3491 670 3549 παῖς
743 3487 834 3540 καὶ
916 3484 1107 3564 ἐφεξῆς
1199 3482 1379 3563 ἕτεροι
1445 3486 1577 3551 ὅλας
1636 3487 1905 3552 Θαλάσσας

251 3577 565 3656 χρημάτων
615 3574 692 3638 εἰς
753 3575 976 3639 ἑαυτοὺς
1039 3575 1434 3655 μετωχέτευον.
1471 3576 1712 3640 Εῧκολος
1744 3575 1801 3633 δὲ
1830 3573 1907 3634 ὥν

252 3667 589 3745 εὐχείρωτος
687 3670 804 3727 τοῖς
904 3673 1327 3741 κατευναστῆρσι
1410 3668 1503 3722 καὶ
1579 3665 1909 3740 θαλαμηπό-

255 3755 375 3817 λοις
406 3753 714 3828 ἐκτομίαις,
772 3753 919 3811 ἀλλᾶ
977 3754 1042 3827 δὴ
1102 3756 1194 3810 καὶ
1242 3761 1359 3817 τοῖς
1400 3755 1506 3811 ἀπὸ
1535 3761 1699 3833 γενῶν
1730 3757 1910 3832 ἓτερο-

250 3846 527 3923 γλώττων
592 3839 1119 3920 ὑποϐαρϐαρίζουσιν
1183 3846 1496 3921 ὑπηρέταις,
1554 3847 1685 3901 ὧνὸ
1730 3845 1914 3911 σίελος

248 3939 353 3991 τοῦ
408 3933 579 4009 λόγου
636 3934 1080 4008 προηκοντίζετο,
1137 3940 1253 3997 τοῖς
1313 3934 1597 4013 ρυηφενέσι
1650 3935 1741 3991 καὶ
1786 3937 1913 3992 τού-

250 4045 385 4086 τους
445 4022 721 4080 ἑνέταττεν
779 4023 1018 4087 εὐπετῶς
1073 4024 1141 4078 τὰ
1197 4021 1386 4080 πολλὰ
1460 4025 1520 4080 τὸ
1580 4023 1671 4087 οὖς
1728 4025 1913 4087 αὐτοῖς

254 4110 599 4185 ὑποκλίνων,
652 4112 743 4169 καὶ
801 4112 935 4188 ἆπερ
1002 4114 1257 4185 ἠτοῦντο,
1317 4112 1525 4190 ῥᾳόνως
1581 4112 1913 4191 ἐκπερατῶν.

261 4202 392 4261 Τισί
435 4203 621 4258 τοίνυν
675 4201 736 4258 ἐκ
780 4201 987 4258 τούτων
1034 4200 1205 4264 οὕτως
1260 4200 1432 4277 εὐρόει
1460 4204 1529 4258 τα
1552 4203 1687 4258 κατά
1732 4203 1916 4278 βίοτον

255 4292 336 4353 ὡς
386 4292 644 4368 σωρείαις
695 4291 1001 4366 χρημάτων
1052 4289 1442 4362 ἐνευοηνεῖσοαι
1479 4291 1569 4347 καὶ
1625 4297 1742 4354 τοῖς
1779 4293 1918 4350 κατά

253 4380 467 4455 κόσμον
521 4386 654 4436 πᾶσι
710 4378 1084 4457 περιρρεῖσθαι
1147 4378 1428 4456 λαμπροῖς
1483 4379 1578 4435 ’ἰσα
1632 4380 1723 4436 καὶ
1760 4401 1917 4455 μεγιο

255 4476 414 4527 στᾶσι
468 4468 739 4545 μεγίστων
797 4469 984 4542 ἐθνῶν,
1042 4470 1338 4526 καὶταῦτα
1393 4466 1644 4532 παιδείας
1702 4471 1914 4541 ἁπάσης

2002 535 2057 584 et
2078 528 2456 601 magistratus
2475 529 2805 601 publicanis
2828 532 3159 592 vendidisse
3172 540 3228 592 et
3250 538 3646 599 fertilissimus

2001 632 2171 689 agros
2191 618 2316 673 suis
2342 618 2548 674 aratris
2580 619 2930 690 proscidisse
2978 622 3131 678 266
3154 641 3258 681 nec
3307 627 3433 698 ipse
3474 631 3647 687 dissi-

2004 705 2231 762 mulare
2263 723 2521 779 possum.
2556 708 2666 763 Sed
2725 711 2972 781 pecunia
3031 711 3137 767 hoc
3194 716 3364 771 modo
3410 717 3651 776 collecta

2005 811 2120 850 non
2154 802 2274 851 tam
2309 797 2367 851 in
2399 796 2708 854 thesauros
2753 799 3111 857 referebatur
3169 820 3339 874 quam
3401 810 3647 879 utraque

2006 900 2182 939 manu
2214 883 2533 941 liberaliter
2557 886 2985 958 effundebatur,
3022 891 3232 962 partim
3260 892 3317 948 in
3353 899 3644 951 monaste-

2005 973 2110 1039 ria,
2144 989 2339 1031 sacras
2399 974 2551 1031 aedes
2607 979 2663 1031 et
2721 993 3005 1050 pauperes
3062 981 3372 1051 Romanos,
3434 985 3646 1055 partim

2002 1076 2134 1118 vero
2158 1067 2215 1118 et
2239 1065 2488 1121 maxima
2509 1066 2741 1136 quidem
2780 1084 2847 1123 ex
2872 1073 3053 1141 parte,
3087 1071 3137 1126 in
3183 1073 3371 1130 varias
3420 1079 3645 1146 gentes,

2006 1151 2238 1209 Latinas
2256 1155 2597 1226 praesertim.
2630 1156 2783 1212 Nam
2818 1175 2884 1214 ex
2936 1160 3348 1220 muniﬁcentia:
3397 1168 3651 1222 ostenta-

2003 1242 2161 1298 tione
2187 1243 2367 1301 efl‘use
2389 1247 2702 1318 spargebat
2723 1253 2779 1303 et
2803 1247 3141 1308 insumebat
3164 1269 3230 1309 ea
3253 1270 3379 1325 quae
3406 1258 3651 1327 utraque

2006 1348 2185 1388 manu
2209 1332 2542 1407 collegerat,
2576 1339 2632 1392 et
2690 1338 3093 1396 acerbissimos
3150 1350 3443 1399 exactores
3493 1362 3647 1415 quas-

2004 1426 2191 1479 stores
2222 1423 2589 1496 designabat.
2618 1427 2682 1480 In
2707 1426 2874 1497 justa
2930 1434 3278 1502 sumptuum
3340 1439 3499 1503 parte
3552 1433 3655 1491 illa

2006 1512 2195 1585 neptis
2225 1513 2353 1584 ejus
2383 1514 2708 1584 Theodore,
2772 1520 2965 1589 cujus,
3000 1524 3063 1574 ut
3104 1520 3242 1587 dixi,
3275 1524 3651 1579 consuetudi-

2006 1618 2077 1658 ne
2108 1603 2399 1672 utebatur,
2432 1605 2698 1677 quamvis
2755 1623 2961 1679 expers
3021 1609 3396 1680 diadematis,
3455 1617 3653 1670 tamen

2005 1692 2284 1749 comitatu
2310 1693 2481 1765 plane
2506 1694 2662 1766 regio
2695 1696 2985 1766 utebatur,
3019 1698 3229 1755 mulier
3276 1701 3659 1771 superciliosa

2008 1784 2065 1836 et
2098 1798 2400 1853 arrogans,
2434 1799 2561 1855 quas
2595 1784 2875 1855 palatium
2908 1784 3022 1841 nisi
3080 1789 3364 1859 exquisite
3413 1805 3656 1862 perpur-

2009 1875 2211 1944 gatum
2243 1873 2469 1945 ingredi
2503 1875 2832 1930 recusabat.
2896 1876 3007 1931 Sed
3066 1882 3124 1932 et
3173 1878 3291 1934 filio
3325 1896 3393 1935 ex
3423 1896 3491 1937 ea
3521 1897 3656 1951 pro-

2008 1966 2203 2017 creato
2234 1964 2291 2016 et
2319 1961 2451 2016 aliis
2482 1961 2754 2033 pluribus
2785 1968 2909 2019 tota
2942 1965 3127 2020 maria
3158 1968 3415 2038 pecuniae
3451 1970 3659 2025 afﬂue-

2009 2053 2480 2109 bant.Eunuchis
2511 2071 2745 2127 quoque
2777 2056 3160 2113 cubiculariis
3200 2057 3447 2130 aliisque
3481 2060 3657 2117 mini-

2009 2142 2147 2199 stris
2178 2160 2248 2199 ex
2279 2143 2602 2216 peregrinis
2632 2145 2777 2201 ortis
2816 2146 3178 2215 nationibus,
3212 2149 3653 2219 semibarbaris,

2009 2232 2111 2304 qui
2143 2232 2472 2305 expeditius
2502 2233 2789 2305 spuebant
2847 2251 3020 2306 quam
3074 2235 3487 2307 loquebantur,
3535 2246 3658 2297 erat

2012 2321 2198 2378 facilis
2231 2326 2287 2378 et
2316 2322 2631 2395 benignus,
2665 2340 2879 2395 eosque
2926 2324 2986 2380 in
3046 2325 3292 2383 divitum
3342 2344 3656 2386 numerum

2012 2412 2316 2481 referebat,
2347 2416 2413 2469 ut
2442 2412 2665 2469 acervis
2704 2413 3089 2485 pecuniarum
3148 2420 3205 2472 et
3253 2418 3417 2475 omni
3448 2435 3661 2491 genere

2010 2502 2159 2559 267
2184 2506 2658 2559 ornamentorum
2684 2507 2965 2575 tanquam
2988 2504 3376 2562 maximarum
3396 2509 3656 2579 gentium

2011 2607 2281 2664 proceres
2312 2591 2808 2661 circumﬂuereut,
2840 2593 3018 2665 idque
3047 2611 3183 2650 cum
3211 2597 3404 2653 omnis
3449 2598 3657 2654 erudi-

2010 2681 2190 2737 tionis
2221 2685 2483 2751 expertes
2515 2679 2725 2752 linguas
2784 2681 2994 2738 Graece
3054 2685 3295 2757 vestigia
3347 2686 3430 2742 ita
3462 2703 3655 2758 perse-

2010 2772 2329 2839 querentur
2352 2773 2414 2825 ut
2439 2768 2688 2839 speculas
2733 2773 2789 2826 et
2845 2786 3018 2842 rUpes
3075 2778 3401 2830 extremum
3443 2792 3657 2832 sonum

2012 2857 2395 2929 pastoralium
2415 2857 2793 2914 canticorum.
2839 2860 2937 2916 llis
2957 2864 3237 2933 tanquam
3260 2864 3658 2922 observantis-

2013 2946 2183 3004 simis
2216 2951 2274 3003 et
2304 2946 2666 3004 fidelissimis
2698 2947 2987 3005 ministris
3015 2967 3131 3007 non
3175 2952 3349 3010 modo
3399 2970 3663 3012 summos

2013 3036 2400 3109 magistratus
2428 3037 2715 3107 tradebat,
2739 3039 2838 3094 sed
2900 3055 3004 3109 pro
3052 3040 3335 3098 tribunali
3386 3043 3540 3113 juris
3581 3043 3666 3099 di-

2016 3126 2185 3182 cendi
2217 3125 2571 3198 provinciam
2608 3128 2665 3182 in
2700 3127 2898 3183 causis
2954 3127 3347 3199 difﬁcillimis,
3399 3147 3531 3203 quas
3573 3131 3663 3188 vel

2018 3215 2390 3288 peritissimis
2420 3214 2618 3288 legum
2653 3216 2950 3288 negotium
2988 3217 3368 3288 facesserent,
3400 3221 3666 3292 assigna-

2017 3305 2136 3361 bat.
2169 3308 2312 3360 Cum
2344 3303 2542 3377 aliqua
2600 3305 2897 3377 provincia
2951 3305 3335 3364 describenda
3402 3317 3526 3366 erat
3581 3310 3663 3383 (id

2018 3399 2211 3451 autem
2245 3394 2420 3450 ﬁebat
2462 3392 2720 3466 saepius),
2778 3394 3114 3451 istiusmodi
3175 3401 3358 3454 castus
3419 3400 3667 3455 eruditis

2017 3485 2480 3556 praeponebatur.
2512 3483 2727 3549 Quodsi
2761 3487 2997 3556 quando
3037 3485 3254 3543 nobilis
3307 3486 3519 3560 aliquis
3548 3494 3664 3546 Bo-

2019 3589 2234 3630 manus
2259 3572 2343 3630 eis
2374 3573 2827 3645 adiungebatur,
2853 3574 2942 3629 vir
2975 3575 3231 3645 prudens
3261 3579 3318 3630 et
3364 3577 3661 3645 cordatus,

2020 3662 2069 3718 is
2098 3678 2166 3719 ea
2203 3664 2272 3719 de
2305 3679 2483 3719 causa
2515 3661 2854 3718 mittebatur
2884 3666 2949 3717 ut
2978 3662 3390 3733 descriptionis
3443 3680 3661 3721 munus

2022 3754 2209 3810 obiret
2237 3759 2593 3824 casterosque
2624 3751 2851 3808 labores
2883 3750 3193 3823 colligendi
3244 3752 3444 3808 tributi
3483 3754 3658 3809 susti-

2024 3847 2225 3899 neret:
2277 3843 2563 3897 barbarus
2616 3857 2749 3896 vero
2822 3841 3127 3911 pecuniam
3212 3839 3553 3913 accipiebat,
3610 3850 3666 3899 et

2023 3949 2223 3989 saccos
2244 3930 2579 4001 obsignatos
2607 3930 2676 3985 ad
2736 3930 3149 4001 imperatorem
3211 3928 3492 3985 mittebat.
3550 3930 3665 3987 Sed

2026 4022 2303 4094 pleraque
2342 4024 2547 4075 contra
2598 4019 2941 4075 eveniebant
2998 4034 3176 4089 quam
3230 4019 3504 4090 sperabat
3547 4019 3665 4076 ille.

2024 4111 2168 4167 Nam
2201 4111 2338 4164 dum
2372 4108 2666 4164 Romanos
2697 4107 3000 4180 peculatus
3056 4116 3359 4179 suspectos
3408 4109 3666 4176 cavebat,

2026 4217 2141 4258 non
2174 4198 2587 4256 animadvertit
2617 4215 2678 4255 se
2710 4214 2915 4253 avaros
2972 4196 3258 4254 Barbaros
3315 4197 3671 4268 locupletare

2025 4294 2084 4347 et
2113 4290 2534 4346 homunciones
2591 4286 2855 4344 infelices
2931 4287 3123 4358 beare,
3209 4291 3383 4360 atque
3439 4288 3672 4345 interim

2025 4379 2317 4436 Romanos
2348 4397 2381 4434 a
2409 4394 2472 4435 se
2504 4378 2849 4444 alienare,ut
2878 4375 3011 4432 fidei
3042 4383 3099 4432 et
3139 4380 3351 4435 natura
3404 4376 3594 4435 insitas
3615 4381 3701 4435 et.

2027 4467 2292 4525 doctrina
2308 4470 2656 4538 comparata:
2689 4466 2842 4522 268
2875 4464 3376 4523 obliviscerentur.
3431 4468 3676 4539 Cognita

255 4560 646 4639 ἐστερημένοις
691 4560 780 4617 καὶ
832 4568 1015 4637 φωνῆς
1064 4558 1389 4632 Ἑλληνίδος
1431 4560 1498 4616 τὰ
1545 4559 1678 4637 ἴχνη
1745 4582 1906 4635 μετα-

2028 4558 2186 4614 enim
2219 4555 2580 4629 imperatoris
2606 4557 2676 4611 de
2708 4570 2772 4612 se
2803 4554 3158 4627 suspicione,
3205 4556 3359 4628 quod
3420 4556 3675 4614 ministri

259 4650 558 4708 διώκουσιν
616 4652 693 4714 ὡς
746 4652 802 4706 αἱ
861 4652 1084 4707 σκοπιαί
1134 4671 1195 4707 τε
1248 4651 1338 4707 καὶ
1369 4652 1425 4706 αἱ
1455 4651 1645 4727 πέτραι
1688 4652 1919 4727 πρὸςτὰ

259 4746 374 4798 τῶν
404 4742 686 4814 ποιμένων
721 4739 1015 4816 αὐλήματα
1057 4740 1122 4796 τὸ
1166 4746 1268 4811 τῆς
1312 4741 1493 4816 ἠχοῦς
1524 4739 1919 4819 ὑστὲρόφωνον.

263 4831 413 4889 Κάπέ
469 4830 691 4891 τούτοις
750 4830 823 4893 ὡς
897 4830 1255 4893 πιστοτάτοις
1318 4830 1482 4886 αὐτοῦ
1537 4830 1628 4885 καὶ
1695 4832 1921 4905 θερμοῖς

265 4920 565 4993 θεράπουσι
628 4916 867 4993 μάλιστα
919 4921 1196 4984 πεποιθὼς
1247 4919 1309 4974 οὗ
1369 4920 1534 4992 μόνον
1596 4918 1779 4982 αὐτοῖς
1827 4919 1921 4983 τὰς

270 5010 531 5086 μεγίστας
562 5008 738 5085 ἀρχὰς
787 5006 1101 5084 ἐγχειρίζει,
1151 5007 1297 5064 ἀλλὰ
1342 5009 1433 5064 καὶ
1464 5010 1701 5085 κρίσεσιν
1736 5008 1926 5087 ἐφίστα

268 5097 613 5161 δικαστικαῖς
673 5098 745 5153 ὧν
831 5098 931 5172 ὀψὲ
1012 5098 1103 5154 καὶ
1155 5094 1502 5175 νομοτρίϐεῖς
1556 5097 1747 5175 ἄνδρες
1804 5098 1923 5176 ἐφί-

264 5210 455 5246 κοιντο
488 5186 573 5245 ἄν.
625 5194 829 5258 Δεῆσαν
890 5185 946 5242 δὲ
974 5187 1062 5243 καί
1091 5192 1198 5244 τῶν
1249 5186 1530 5264 ἐπαρχιῶν
1588 5210 1735 5252 τινας
1784 5188 1927 5244 ἀπο-

263 5279 571 5355 γράφεσθαι
646 5279 829 5351 (τοῦτο
888 5274 946 5332 δὲ
1011 5278 1270 5354 συχνάκις
1344 5276 1571 5353 ἐγίνετο)
1628 5280 1656 5334 ὁ
1711 5274 1929 5333 τοιόσδε

274 5368 444 5443 χορὸς
472 5372 573 5422 τοῦ
633 5365 871 5443 λογίμου
928 5365 1296 5444 προυτίθεντο.
1338 5366 1408 5424 Εἴ
1439 5364 1495 5423 δέ
1526 5388 1631 5423 που
1660 5367 1749 5422 καὶ
1784 5386 1928 5441 παρ⁴

267 5456 557 5534 εζεόγνυτό
632 5477 715 5520 τις
787 5457 976 5519 αὐτοῖς
1075 5456 1296 5536 εὐγενὴς
1392 5459 1667 5532 Ῥωμαῖος
1770 5455 1928 5532 ἀνὴρ,

270 5546 499 5625 βάπτων
532 5545 667 5611 ὅλος
714 5547 790 5609 εἰς
847 5550 973 5602 νοῦν
1038 5546 1132 5602 καὶ
1186 5548 1369 5623 γέμων
1420 5549 1761 5629 φρονήσεως,
1793 5546 1931 5602 κατᾶ

601 5734 862 5795 ΡΑτιιοι.
909 5731 1019 5794 Gn.
1066 5730 1383 5795 CXXXIX.

2030 4645 2224 4720 potius
2257 4663 2321 4703 ac
2353 4644 2533 4718 bajuli
2566 4649 2826 4716 quaestus
2856 4661 3029 4716 quam
3082 4644 3281 4702 fideles
3341 4652 3677 4718 procurato-

2032 4752 2127 4794 res
2159 4736 2581 4802 indicerentur,
2611 4738 2669 4790 et
2726 4733 2851 4791 bini
2901 4734 2960 4790 in
3019 4734 3347 4806 provincias
3379 4737 3678 4792 mitteren-

2033 4830 2149 4895 tur,
2184 4824 2332 4881 servi
2367 4824 2555 4897 magis
2605 4840 2781 4896 quam
2842 4824 3263 4896 gubernatores
3315 4824 3567 4896 imperii,
3620 4824 3676 4877 id

2034 4915 2226 4972 solum
2259 4914 2510 4988 agebant
2541 4914 2691 4987 quod
2743 4913 2803 4969 in
2864 4914 3157 4971 mandatis
3217 4915 3577 4983 acceperant,
3625 4913 3681 4964 ct

2035 5010 2318 5063 extortam
2342 5004 2653 5076 pecuniam
2686 5007 2966 5076 tanquam
3029 5004 3087 5059 in
3148 4998 3475 5071 manipulos
3516 4996 3678 5052 colli-

2035 5098 2225 5166 gatum
2268 5093 2340 5150 ad
2372 5093 2689 5148 barbarum
2722 5092 2889 5147 illum
2946 5107 3160 5161 magna
3215 5088 3519 5157 praeditum
3573 5101 3680 5140 au-

2036 5185 2304 5242 ctoritate
2330 5188 2387 5240 et
2417 5183 2686 5255 plurimis
2737 5181 3016 5237 Romanis
3076 5178 3380 5251 praelatum
3412 5175 3568 5232 velut
3619 5174 3680 5230 in

2038 5291 2229 5331 aream
2264 5274 2678 5345 congerebant,
2713 5279 2920 5325 caetera
2962 5285 3095 5325 vero
3154 5266 3529 5338 negligebant
3564 5282 3576 5321 :
3611 5280 3684 5321 ne

2039 5364 2229 5419 dicam
2261 5362 2330 5417 ad
2364 5361 2775 5433 imperatorem
2809 5372 2995 5427 pauca
3023 5360 3082 5412 et
3109 5353 3289 5412 veluti
3340 5353 3688 5427 quisquilias

2038 5452 2395 5525 pervenisse,
2446 5451 2578 5504 illos
2635 5464 2771 5504 vero
2831 5447 3104 5518 pleraque
3161 5445 3480 5503 suffuratos
3538 5461 3688 5504 esse.

2039 5540 2257 5599 Fidelis
2289 5539 2444 5598 enim
2478 5537 2624 5594 servi
2667 5552 2886 5593 munus
2934 5540 3058 5593 erat
3116 5536 3341 5596 scilicet
3386 5556 3453 5597 ex
3508 5538 3694 5596 farina

3295 5721 3372 5785 l8
