  <div class='ocr_page' id='page_1' title='image "/cluster/home/n/w/nwhite01/storage/ocr_20150623/139/hvd.32044023361710/283.png"; bbox 0 0 4066 6214; ppageno 0'>
   <div class='ocr_carea' id='block_1_1' title="bbox 413 323 3795 397">
    <p class='ocr_par' dir='ltr' id='par_1_1' title="bbox 413 323 3795 397">
     <span class='ocr_line' id='line_1_1' title="bbox 413 323 3795 397; baseline -0.003 -1"><span class='ocrx_word' id='word_1_1' title='bbox 413 335 492 397; x_wconf 76' lang='grc'>85</span> <span class='ocrx_word' id='word_1_2' title='bbox 1698 323 2008 390; x_wconf 67' lang='grc' dir='ltr'>ΝΙΟΕΤλΕ</span> <span class='ocrx_word' id='word_1_3' title='bbox 2049 325 2468 391; x_wconf 69' lang='grc' dir='ltr'>ΟΗΟΝΙΑΤΒ</span> <span class='ocrx_word' id='word_1_4' title='bbox 3668 324 3795 388; x_wconf 73' lang='grc'>556</span> 
     </span>
    </p>
   </div>
   <div class='ocr_carea' id='block_1_2' title="bbox 380 457 2032 542">
    <p class='ocr_par' dir='ltr' id='par_1_2' title="bbox 380 461 2025 542">
     <span class='ocr_line' id='line_1_2' title="bbox 380 461 2025 542; baseline -0.007 -14"><span class='ocrx_word' id='word_1_5' title='bbox 380 470 495 528; x_wconf 88' lang='lat' dir='ltr'><strong>sibi</strong></span> <span class='ocrx_word' id='word_1_6' title='bbox 526 469 781 542; x_wconf 90' lang='lat' dir='ltr'><strong>primum</strong></span> <span class='ocrx_word' id='word_1_7' title='bbox 813 480 994 540; x_wconf 87' lang='lat' dir='ltr'><strong>panes</strong></span> <span class='ocrx_word' id='word_1_8' title='bbox 1016 461 1318 532; x_wconf 80' lang='lat' dir='ltr'><strong>coniicere,</strong></span> <span class='ocrx_word' id='word_1_9' title='bbox 1348 462 1558 522; x_wconf 88' lang='lat' dir='ltr'><strong>deinde</strong></span> <span class='ocrx_word' id='word_1_10' title='bbox 1588 461 1758 518; x_wconf 88' lang='lat' dir='ltr'><strong>etiam</strong></span> <span class='ocrx_word' id='word_1_11' title='bbox 1791 462 2025 536; x_wconf 80' lang='lat' dir='ltr'><strong>collegae</strong></span> 
     </span>
    </p>
   </div>
   <div class='ocr_carea' id='block_1_3' title="bbox 2140 457 3810 542">
    <p class='ocr_par' dir='ltr' id='par_1_3' title="bbox 2140 457 3810 537">
     <span class='ocr_line' id='line_1_3' title="bbox 2140 457 3810 537; baseline -0.002 -21"><span class='ocrx_word' id='word_1_12' title='bbox 2140 465 2300 520; x_wconf 86' lang='grc' dir='ltr'>τοῦτο</span> <span class='ocrx_word' id='word_1_13' title='bbox 2356 461 2743 537; x_wconf 78' lang='grc' dir='ltr'>Ευνεπέμπετο,</span> <span class='ocrx_word' id='word_1_14' title='bbox 2802 459 2953 524; x_wconf 77' lang='grc' dir='ltr'>ὅπως</span> <span class='ocrx_word' id='word_1_15' title='bbox 3012 458 3040 516; x_wconf 84' lang='grc' dir='ltr'>ὁ</span> <span class='ocrx_word' id='word_1_16' title='bbox 3099 457 3194 532; x_wconf 71' lang='grc' dir='ltr'>μὶν</span> <span class='ocrx_word' id='word_1_17' title='bbox 3264 459 3602 535; x_wconf 72' lang='grc' dir='ltr'>ἀπογράφων</span> <span class='ocrx_word' id='word_1_18' title='bbox 3645 457 3810 515; x_wconf 82' lang='grc' dir='ltr'>ἔσται’</span> 
     </span>
    </p>
   </div>
   <div class='ocr_carea' id='block_1_4' title="bbox 381 546 2032 635">
    <p class='ocr_par' dir='ltr' id='par_1_4' title="bbox 381 556 946 635">
     <span class='ocr_line' id='line_1_4' title="bbox 381 556 946 635; baseline -0.016 -16"><span class='ocrx_word' id='word_1_19' title='bbox 381 561 604 635; x_wconf 85' lang='lat' dir='ltr'><strong>aliquid</strong></span> <span class='ocrx_word' id='word_1_20' title='bbox 636 556 946 631; x_wconf 76' lang='lat' dir='ltr'>impertiri.</span> 
     </span>
    </p>
   </div>
   <div class='ocr_carea' id='block_1_5' title="bbox 2140 546 3800 635">
    <p class='ocr_par' dir='ltr' id='par_1_5' title="bbox 2140 546 3800 622">
     <span class='ocr_line' id='line_1_5' title="bbox 2140 546 3800 622; baseline -0.002 -14"><span class='ocrx_word' id='word_1_21' title='bbox 2140 553 2223 608; x_wconf 81' lang='grc' dir='ltr'>καὶ</span> <span class='ocrx_word' id='word_1_22' title='bbox 2251 550 2573 609; x_wconf 80' lang='grc' dir='ltr'>τολυπεύων</span> <span class='ocrx_word' id='word_1_23' title='bbox 2605 555 2702 616; x_wconf 84' lang='grc' dir='ltr'>τὰς</span> <span class='ocrx_word' id='word_1_24' title='bbox 2733 551 3037 621; x_wconf 70' lang='grc' dir='ltr'>ὑποθέσεις,</span> <span class='ocrx_word' id='word_1_25' title='bbox 3069 547 3119 622; x_wconf 80' lang='grc' dir='ltr'>ἐξ</span> <span class='ocrx_word' id='word_1_26' title='bbox 3152 549 3225 603; x_wconf 80' lang='grc' dir='ltr'>ὧν</span> <span class='ocrx_word' id='word_1_27' title='bbox 3257 546 3511 620; x_wconf 70' lang='grc' dir='ltr'>ἤμελλον</span> <span class='ocrx_word' id='word_1_28' title='bbox 3545 549 3600 603; x_wconf 81' lang='lat' dir='ltr'>oi.</span> <span class='ocrx_word' id='word_1_29' title='bbox 3631 550 3800 622; x_wconf 82' lang='grc' dir='ltr'>φόροι</span> 
     </span>
    </p>
   </div>
   <div class='ocr_carea' id='block_1_6' title="bbox 380 635 3802 722">
    <p class='ocr_par' dir='ltr' id='par_1_6' title="bbox 380 635 3802 722">
     <span class='ocr_line' id='line_1_6' title="bbox 380 635 3802 722; baseline -0.004 -18"><span class='ocrx_word' id='word_1_30' title='bbox 380 648 718 722; x_wconf 83' lang='grc' dir='ltr'>συνάγεσθαι,</span> <span class='ocrx_word' id='word_1_31' title='bbox 778 645 806 698; x_wconf 90' lang='grc' dir='ltr'>ὁ</span> <span class='ocrx_word' id='word_1_32' title='bbox 857 640 912 698; x_wconf 73' lang='grc' dir='ltr'>δὲ</span> <span class='ocrx_word' id='word_1_33' title='bbox 961 643 1035 705; x_wconf 83' lang='grc' dir='ltr'>ὡς</span> <span class='ocrx_word' id='word_1_34' title='bbox 1089 639 1558 716; x_wconf 75' lang='grc' dir='ltr'>κερδοσυλλέκτης</span> <span class='ocrx_word' id='word_1_35' title='bbox 1627 637 1942 717; x_wconf 79' lang='grc' dir='ltr'>προεδρεύει</span> <span class='ocrx_word' id='word_1_36' title='bbox 2007 641 2097 696; x_wconf 85' lang='grc' dir='ltr'>καὶ</span> <span class='ocrx_word' id='word_1_37' title='bbox 2155 642 2222 697; x_wconf 72' lang='grc' dir='ltr'>τά</span> <span class='ocrx_word' id='word_1_38' title='bbox 2286 642 2574 720; x_wconf 80' lang='grc' dir='ltr'>φασκώλια</span> <span class='ocrx_word' id='word_1_39' title='bbox 2657 637 2915 722; x_wconf 69' lang='grc' dir='ltr'>σφραγῖδι</span> <span class='ocrx_word' id='word_1_40' title='bbox 2976 636 3394 711; x_wconf 82' lang='grc' dir='ltr'>διασημαίνεται</span> <span class='ocrx_word' id='word_1_41' title='bbox 3452 635 3484 691; x_wconf 74' lang='grc' dir='ltr'>ἃ</span> <span class='ocrx_word' id='word_1_42' title='bbox 3540 635 3802 710; x_wconf 77' lang='grc' dir='ltr'>ἤμελλον</span> 
     </span>
    </p>
   </div>
   <div class='ocr_carea' id='block_1_7' title="bbox 379 725 3798 815">
    <p class='ocr_par' dir='ltr' id='par_1_7' title="bbox 379 725 3798 815">
     <span class='ocr_line' id='line_1_7' title="bbox 379 725 3798 815; baseline -0.003 -22"><span class='ocrx_word' id='word_1_43' title='bbox 379 737 712 815; x_wconf 72' lang='grc' dir='ltr'>εἰσφέρεσθαι</span> <span class='ocrx_word' id='word_1_44' title='bbox 775 731 1012 809; x_wconf 83' lang='grc' dir='ltr'>βασιλεῖ.</span> <span class='ocrx_word' id='word_1_45' title='bbox 1082 733 1160 790; x_wconf 76' lang='grc' dir='ltr'>Τά</span> <span class='ocrx_word' id='word_1_46' title='bbox 1222 731 1453 788; x_wconf 80' lang='grc' dir='ltr'>πλεῖστα</span> <span class='ocrx_word' id='word_1_47' title='bbox 1514 729 1694 806; x_wconf 88' lang='grc' dir='ltr'>μέντοι</span> <span class='ocrx_word' id='word_1_48' title='bbox 1753 731 1888 807; x_wconf 86' lang='grc' dir='ltr'>πρὸς</span> <span class='ocrx_word' id='word_1_49' title='bbox 1947 729 2257 787; x_wconf 76' lang='grc' dir='ltr'>τούναντίον</span> <span class='ocrx_word' id='word_1_50' title='bbox 2343 733 2495 806; x_wconf 80' lang='grc' dir='ltr'>αότῷ</span> <span class='ocrx_word' id='word_1_51' title='bbox 2572 731 2908 807; x_wconf 87' lang='grc' dir='ltr'>περιίστατο,</span> <span class='ocrx_word' id='word_1_52' title='bbox 2994 729 3082 785; x_wconf 80' lang='grc' dir='ltr'>καὶ</span> <span class='ocrx_word' id='word_1_53' title='bbox 3134 726 3367 798; x_wconf 79' lang='grc' dir='ltr'>ἠθέτητό</span> <span class='ocrx_word' id='word_1_54' title='bbox 3435 727 3488 782; x_wconf 69' lang='grc' dir='ltr'>οἳ</span> <span class='ocrx_word' id='word_1_55' title='bbox 3547 725 3798 792; x_wconf 78' lang='grc' dir='ltr'>ἐντεῦθεν</span> 
     </span>
    </p>
   </div>
   <div class='ocr_carea' id='block_1_8' title="bbox 375 815 3801 898">
    <p class='ocr_par' dir='ltr' id='par_1_8' title="bbox 375 815 3801 898">
     <span class='ocr_line' id='line_1_8' title="bbox 375 815 3801 898; baseline -0.003 -18"><span class='ocrx_word' id='word_1_56' title='bbox 375 826 442 880; x_wconf 81' lang='grc' dir='ltr'>τὰ</span> <span class='ocrx_word' id='word_1_57' title='bbox 509 825 816 898; x_wconf 74' lang='grc' dir='ltr'>σκέμματαο</span> <span class='ocrx_word' id='word_1_58' title='bbox 879 819 1190 894; x_wconf 76' lang='grc' dir='ltr'>Ῥωμαίους</span> <span class='ocrx_word' id='word_1_59' title='bbox 1259 820 1364 897; x_wconf 77' lang='grc' dir='ltr'>γὰρ</span> <span class='ocrx_word' id='word_1_60' title='bbox 1431 822 1505 883; x_wconf 86' lang='grc' dir='ltr'>ὡς</span> <span class='ocrx_word' id='word_1_61' title='bbox 1569 818 1985 894; x_wconf 86' lang='grc' dir='ltr'>κλεμματιστᾶς</span> <span class='ocrx_word' id='word_1_62' title='bbox 2049 819 2443 896; x_wconf 76' lang='grc' dir='ltr'>ἐκτρεπόμενος</span> <span class='ocrx_word' id='word_1_63' title='bbox 2524 821 2630 877; x_wconf 85' lang='grc' dir='ltr'>εἷ’τε</span> <span class='ocrx_word' id='word_1_64' title='bbox 2696 815 3172 894; x_wconf 76' lang='grc' dir='ltr'>ὕποϐλεπόμενος,</span> <span class='ocrx_word' id='word_1_65' title='bbox 3253 815 3536 872; x_wconf 80' lang='grc' dir='ltr'>ἐλάνθανεν</span> <span class='ocrx_word' id='word_1_66' title='bbox 3605 815 3801 871; x_wconf 75' lang='grc' dir='ltr'>ἑαυτὸν</span> 
     </span>
    </p>
   </div>
   <div class='ocr_carea' id='block_1_9' title="bbox 379 904 3802 988">
    <p class='ocr_par' dir='ltr' id='par_1_9' title="bbox 379 904 3802 988">
     <span class='ocr_line' id='line_1_9' title="bbox 379 904 3802 988; baseline -0.003 -20"><span class='ocrx_word' id='word_1_67' title='bbox 379 911 864 988; x_wconf 73' lang='grc' dir='ltr'>ἒρασιχρημάτους</span> <span class='ocrx_word' id='word_1_68' title='bbox 932 906 1169 980; x_wconf 81' lang='grc' dir='ltr'>ὀλϐίζων</span> <span class='ocrx_word' id='word_1_69' title='bbox 1241 904 1555 985; x_wconf 77' lang='grc' dir='ltr'>Βαρϐάρους</span> <span class='ocrx_word' id='word_1_70' title='bbox 1621 909 1712 964; x_wconf 82' lang='grc' dir='ltr'>καὶ</span> <span class='ocrx_word' id='word_1_71' title='bbox 1807 907 1864 964; x_wconf 76' lang='grc' dir='ltr'>εὖ</span> <span class='ocrx_word' id='word_1_72' title='bbox 1918 913 2094 964; x_wconf 80' lang='grc' dir='ltr'>ποιῶν</span> <span class='ocrx_word' id='word_1_73' title='bbox 2181 907 2445 986; x_wconf 84' lang='grc' dir='ltr'>ἀνδράρια</span> <span class='ocrx_word' id='word_1_74' title='bbox 2496 906 2890 982; x_wconf 85' lang='grc' dir='ltr'>κακοδαίμονα,</span> <span class='ocrx_word' id='word_1_75' title='bbox 2953 907 3044 962; x_wconf 83' lang='grc' dir='ltr'>καὶ</span> <span class='ocrx_word' id='word_1_76' title='bbox 3110 909 3208 961; x_wconf 90' lang='grc' dir='ltr'>τοῦ</span> <span class='ocrx_word' id='word_1_77' title='bbox 3273 906 3410 960; x_wconf 83' lang='grc' dir='ltr'>κατᾶ</span> <span class='ocrx_word' id='word_1_78' title='bbox 3476 906 3636 982; x_wconf 75' lang='grc' dir='ltr'>φύσιν</span> <span class='ocrx_word' id='word_1_79' title='bbox 3703 904 3802 960; x_wconf 83' lang='grc' dir='ltr'>καὶ</span> 
     </span>
    </p>
   </div>
   <div class='ocr_carea' id='block_1_10' title="bbox 391 993 3801 1080">
    <p class='ocr_par' dir='ltr' id='par_1_10' title="bbox 391 993 3801 1080">
     <span class='ocr_line' id='line_1_10' title="bbox 391 993 3801 1080; baseline -0.003 -23"><span class='ocrx_word' id='word_1_80' title='bbox 391 999 642 1057; x_wconf 76' lang='grc' dir='ltr'>παιδείαν</span> <span class='ocrx_word' id='word_1_81' title='bbox 695 1003 946 1080; x_wconf 85' lang='grc' dir='ltr'>χρηστοῦ</span> <span class='ocrx_word' id='word_1_82' title='bbox 1011 999 1098 1054; x_wconf 89' lang='grc' dir='ltr'>κοὶ</span> <span class='ocrx_word' id='word_1_83' title='bbox 1171 1001 1367 1054; x_wconf 80' lang='grc' dir='ltr'>πιστοῦ</span> <span class='ocrx_word' id='word_1_84' title='bbox 1432 999 1570 1070; x_wconf 81' lang='grc' dir='ltr'>πρὸς</span> <span class='ocrx_word' id='word_1_85' title='bbox 1635 998 1734 1066; x_wconf 78' lang='grc' dir='ltr'>τὴν</span> <span class='ocrx_word' id='word_1_86' title='bbox 1799 997 2172 1072; x_wconf 76' lang='grc' dir='ltr'>ἀντικειμένην</span> <span class='ocrx_word' id='word_1_87' title='bbox 2220 999 2449 1075; x_wconf 72' lang='grc' dir='ltr'>γνώμῆν</span> <span class='ocrx_word' id='word_1_88' title='bbox 2500 999 2628 1062; x_wconf 78' lang='grc' dir='ltr'>τοὺς</span> <span class='ocrx_word' id='word_1_89' title='bbox 2701 995 2962 1062; x_wconf 81' lang='grc' dir='ltr'>ἐνδαποὺς</span> <span class='ocrx_word' id='word_1_90' title='bbox 3006 997 3298 1064; x_wconf 82' lang='grc' dir='ltr'>καθιστῶν,</span> <span class='ocrx_word' id='word_1_91' title='bbox 3332 993 3449 1050; x_wconf 79' lang='grc' dir='ltr'>ἐπεὶ</span> <span class='ocrx_word' id='word_1_92' title='bbox 3491 994 3580 1049; x_wconf 73' lang='grc' dir='ltr'>καὶ</span> <span class='ocrx_word' id='word_1_93' title='bbox 3624 995 3688 1050; x_wconf 84' lang='grc' dir='ltr'>τὸ</span> <span class='ocrx_word' id='word_1_94' title='bbox 3719 993 3801 1057; x_wconf 78' lang='grc' dir='ltr'>εἷς</span> 
     </span>
    </p>
   </div>
   <div class='ocr_carea' id='block_1_11' title="bbox 377 1084 3802 1164">
    <p class='ocr_par' dir='ltr' id='par_1_11' title="bbox 377 1084 3802 1164">
     <span class='ocr_line' id='line_1_11' title="bbox 377 1084 3802 1164; baseline -0.003 -17"><span class='ocrx_word' id='word_1_95' title='bbox 377 1091 578 1154; x_wconf 75' lang='grc' dir='ltr'>αὐτοὺς</span> <span class='ocrx_word' id='word_1_96' title='bbox 671 1091 1029 1164; x_wconf 77' lang='grc' dir='ltr'>καχύποπτον</span> <span class='ocrx_word' id='word_1_97' title='bbox 1122 1092 1219 1145; x_wconf 90' lang='grc' dir='ltr'>τοῦ</span> <span class='ocrx_word' id='word_1_98' title='bbox 1315 1087 1587 1163; x_wconf 88' lang='grc' dir='ltr'>βασιλέως</span> <span class='ocrx_word' id='word_1_99' title='bbox 1672 1085 1871 1143; x_wconf 83' lang='grc' dir='ltr'>ἐκεῖνοι</span> <span class='ocrx_word' id='word_1_100' title='bbox 1963 1089 2345 1163; x_wconf 79' lang='grc' dir='ltr'>γνωρίζοντες,</span> <span class='ocrx_word' id='word_1_101' title='bbox 2428 1091 2516 1144; x_wconf 86' lang='grc' dir='ltr'>καὶ</span> <span class='ocrx_word' id='word_1_102' title='bbox 2588 1089 2663 1153; x_wconf 85' lang='grc' dir='ltr'>ὡς</span> <span class='ocrx_word' id='word_1_103' title='bbox 2747 1085 3012 1163; x_wconf 80' lang='grc' dir='ltr'>ὑπηρέται</span> <span class='ocrx_word' id='word_1_104' title='bbox 3076 1084 3246 1142; x_wconf 82' lang='grc' dir='ltr'>πλέον</span> <span class='ocrx_word' id='word_1_105' title='bbox 3313 1084 3404 1140; x_wconf 84' lang='grc' dir='ltr'>καὶ</span> <span class='ocrx_word' id='word_1_106' title='bbox 3473 1085 3802 1160; x_wconf 83' lang='grc' dir='ltr'>προαγωγοί</span> 
     </span>
    </p>
   </div>
   <div class='ocr_carea' id='block_1_12' title="bbox 377 1171 3806 1254">
    <p class='ocr_par' dir='ltr' id='par_1_12' title="bbox 377 1171 3806 1254">
     <span class='ocr_line' id='line_1_12' title="bbox 377 1171 3806 1254; baseline -0.002 -19"><span class='ocrx_word' id='word_1_107' title='bbox 377 1180 691 1254; x_wconf 76' lang='grc' dir='ltr'>λημμάτων</span> <span class='ocrx_word' id='word_1_108' title='bbox 757 1175 899 1251; x_wconf 69' lang='grc' dir='ltr'>ἤπερ</span> <span class='ocrx_word' id='word_1_109' title='bbox 959 1175 1219 1254; x_wconf 78' lang='grc' dir='ltr'>ἀσφαλεῖς</span> <span class='ocrx_word' id='word_1_110' title='bbox 1276 1177 1344 1230; x_wconf 78' lang='grc' dir='ltr'>τά</span> <span class='ocrx_word' id='word_1_111' title='bbox 1402 1177 1478 1239; x_wconf 80' lang='grc' dir='ltr'>εἷς</span> <span class='ocrx_word' id='word_1_112' title='bbox 1543 1175 1722 1232; x_wconf 88' lang='grc' dir='ltr'>πίστιν</span> <span class='ocrx_word' id='word_1_113' title='bbox 1758 1177 2069 1252; x_wconf 83' lang='grc' dir='ltr'>κρινόμενοι</span> <span class='ocrx_word' id='word_1_114' title='bbox 2121 1182 2238 1238; x_wconf 90' lang='grc' dir='ltr'>τοῖς</span> <span class='ocrx_word' id='word_1_115' title='bbox 2298 1175 2538 1242; x_wconf 81' lang='grc' dir='ltr'>ἐθνικοῖς</span> <span class='ocrx_word' id='word_1_116' title='bbox 2598 1177 3000 1248; x_wconf 82' lang='grc' dir='ltr'>συντάττονται,</span> <span class='ocrx_word' id='word_1_117' title='bbox 3056 1173 3196 1230; x_wconf 85' lang='grc' dir='ltr'>κατὰ</span> <span class='ocrx_word' id='word_1_118' title='bbox 3260 1171 3456 1230; x_wconf 63' lang='grc' dir='ltr'>σύνδυο</span> <span class='ocrx_word' id='word_1_119' title='bbox 3516 1171 3806 1247; x_wconf 84' lang='grc' dir='ltr'>ἐκπεμπό-</span> 
     </span>
    </p>
   </div>
   <div class='ocr_carea' id='block_1_13' title="bbox 381 1261 3801 1345">
    <p class='ocr_par' dir='ltr' id='par_1_13' title="bbox 381 1261 3801 1345">
     <span class='ocr_line' id='line_1_13' title="bbox 381 1261 3801 1345; baseline -0.003 -20"><span class='ocrx_word' id='word_1_120' title='bbox 381 1290 556 1343; x_wconf 79' lang='grc' dir='ltr'>μενοι,</span> <span class='ocrx_word' id='word_1_121' title='bbox 597 1267 633 1338; x_wconf 75' lang='grc' dir='ltr'>ἤ</span> <span class='ocrx_word' id='word_1_122' title='bbox 675 1273 806 1345; x_wconf 91' lang='grc' dir='ltr'>γοῦν</span> <span class='ocrx_word' id='word_1_123' title='bbox 873 1267 946 1328; x_wconf 85' lang='grc' dir='ltr'>ὡς</span> <span class='ocrx_word' id='word_1_124' title='bbox 1017 1285 1250 1342; x_wconf 87' lang='grc' dir='ltr'>πακοροι</span> <span class='ocrx_word' id='word_1_125' title='bbox 1316 1265 1408 1320; x_wconf 80' lang='grc' dir='ltr'>καὶ</span> <span class='ocrx_word' id='word_1_126' title='bbox 1475 1265 1792 1342; x_wconf 88' lang='grc' dir='ltr'>παράσειροι</span> <span class='ocrx_word' id='word_1_127' title='bbox 1849 1269 1946 1320; x_wconf 90' lang='grc' dir='ltr'>τοῦ</span> <span class='ocrx_word' id='word_1_128' title='bbox 2004 1272 2104 1337; x_wconf 79' lang='grc' dir='ltr'>τῆς</span> <span class='ocrx_word' id='word_1_129' title='bbox 2156 1266 2338 1342; x_wconf 80' lang='grc' dir='ltr'>ἀρχῆς</span> <span class='ocrx_word' id='word_1_130' title='bbox 2398 1267 2717 1338; x_wconf 84' lang='grc' dir='ltr'>λογίζονται</span> <span class='ocrx_word' id='word_1_131' title='bbox 2757 1261 3021 1340; x_wconf 78' lang='grc' dir='ltr'>ἅρματος,</span> <span class='ocrx_word' id='word_1_132' title='bbox 3061 1263 3124 1320; x_wconf 86' lang='grc' dir='ltr'>τὸ</span> <span class='ocrx_word' id='word_1_133' title='bbox 3165 1261 3580 1338; x_wconf 82' lang='grc' dir='ltr'>διατεταγμένον</span> <span class='ocrx_word' id='word_1_134' title='bbox 3627 1263 3801 1334; x_wconf 85' lang='grc' dir='ltr'>μόνον</span> 
     </span>
    </p>
   </div>
   <div class='ocr_carea' id='block_1_14' title="bbox 373 1351 3799 1432">
    <p class='ocr_par' dir='ltr' id='par_1_14' title="bbox 373 1351 3799 1432">
     <span class='ocr_line' id='line_1_14' title="bbox 373 1351 3799 1432; baseline -0.003 -18"><span class='ocrx_word' id='word_1_135' title='bbox 373 1357 622 1428; x_wconf 72' lang='grc' dir='ltr'>ἐποίουν,</span> <span class='ocrx_word' id='word_1_136' title='bbox 694 1356 998 1432; x_wconf 84' lang='grc' dir='ltr'>θερίζοντες</span> <span class='ocrx_word' id='word_1_137' title='bbox 1060 1357 1148 1410; x_wconf 79' lang='grc' dir='ltr'>καὶ</span> <span class='ocrx_word' id='word_1_138' title='bbox 1221 1351 1572 1428; x_wconf 80' lang='grc' dir='ltr'>δεσμεύοντες</span> <span class='ocrx_word' id='word_1_139' title='bbox 1638 1355 1713 1418; x_wconf 81' lang='grc' dir='ltr'>ὡς</span> <span class='ocrx_word' id='word_1_140' title='bbox 1774 1352 2060 1432; x_wconf 75' lang='grc' dir='ltr'>δράγματα</span> <span class='ocrx_word' id='word_1_141' title='bbox 2125 1355 2192 1411; x_wconf 83' lang='grc' dir='ltr'>τὰ</span> <span class='ocrx_word' id='word_1_142' title='bbox 2228 1355 2495 1431; x_wconf 87' lang='grc' dir='ltr'>κέρματα,</span> <span class='ocrx_word' id='word_1_143' title='bbox 2557 1357 2647 1411; x_wconf 83' lang='grc' dir='ltr'>καὶ</span> <span class='ocrx_word' id='word_1_144' title='bbox 2713 1355 2788 1419; x_wconf 83' lang='grc' dir='ltr'>ὡς</span> <span class='ocrx_word' id='word_1_145' title='bbox 2849 1352 2925 1417; x_wconf 80' lang='grc' dir='ltr'>εἷς</span> <span class='ocrx_word' id='word_1_146' title='bbox 2991 1353 3176 1410; x_wconf 78' lang='grc' dir='ltr'>ἅλωνα</span> <span class='ocrx_word' id='word_1_147' title='bbox 3237 1355 3645 1427; x_wconf 74' lang='grc' dir='ltr'>συμφοροῦντες</span> <span class='ocrx_word' id='word_1_148' title='bbox 3702 1351 3799 1406; x_wconf 82' lang='grc' dir='ltr'>τὸν</span> 
     </span>
    </p>
   </div>
   <div class='ocr_carea' id='block_1_15' title="bbox 376 1434 3802 1518">
    <p class='ocr_par' dir='ltr' id='par_1_15' title="bbox 376 1434 3802 1518">
     <span class='ocr_line' id='line_1_15' title="bbox 376 1434 3802 1518; baseline -0.002 -16"><span class='ocrx_word' id='word_1_149' title='bbox 376 1447 465 1503; x_wconf 78' lang='grc' dir='ltr'>ἐπὶ</span> <span class='ocrx_word' id='word_1_150' title='bbox 529 1444 759 1502; x_wconf 78' lang='grc' dir='ltr'>πολλῶν</span> <span class='ocrx_word' id='word_1_151' title='bbox 821 1445 1214 1518; x_wconf 76' lang='grc' dir='ltr'>καθιστάμενον</span> <span class='ocrx_word' id='word_1_152' title='bbox 1283 1442 1486 1500; x_wconf 79' lang='grc' dir='ltr'>ἐκεῖνον</span> <span class='ocrx_word' id='word_1_153' title='bbox 1557 1444 1646 1499; x_wconf 84' lang='grc' dir='ltr'>καὶ</span> <span class='ocrx_word' id='word_1_154' title='bbox 1709 1441 1981 1500; x_wconf 81' lang='grc' dir='ltr'>πλείστων</span> <span class='ocrx_word' id='word_1_155' title='bbox 2053 1443 2238 1500; x_wconf 70' lang='grc' dir='ltr'>ἄλλων</span> <span class='ocrx_word' id='word_1_156' title='bbox 2334 1444 2622 1518; x_wconf 86' lang='grc' dir='ltr'>Ῥωμαίων</span> <span class='ocrx_word' id='word_1_157' title='bbox 2718 1443 2964 1514; x_wconf 79' lang='grc' dir='ltr'>ἀντάξιον</span> <span class='ocrx_word' id='word_1_158' title='bbox 3056 1441 3375 1518; x_wconf 85' lang='grc' dir='ltr'>κρινόμενον</span> <span class='ocrx_word' id='word_1_159' title='bbox 3483 1434 3802 1515; x_wconf 71' lang='grc' dir='ltr'>Βάρῦαρον,</span> 
     </span>
    </p>
   </div>
   <div class='ocr_carea' id='block_1_16' title="bbox 363 1527 3808 1612">
    <p class='ocr_par' dir='ltr' id='par_1_16' title="bbox 363 1527 3808 1612">
     <span class='ocr_line' id='line_1_16' title="bbox 363 1527 3808 1612; baseline -0.002 -24"><span class='ocrx_word' id='word_1_160' title='bbox 363 1535 444 1591; x_wconf 77' lang='grc' dir='ltr'>τὰ</span> <span class='ocrx_word' id='word_1_161' title='bbox 483 1533 529 1590; x_wconf 86' lang='grc' dir='ltr'>δ’</span> <span class='ocrx_word' id='word_1_162' title='bbox 569 1532 716 1590; x_wconf 77' lang='grc' dir='ltr'>ἂλλὰ</span> <span class='ocrx_word' id='word_1_163' title='bbox 755 1529 1122 1608; x_wconf 78' lang='grc' dir='ltr'>παρέϐλεπον,</span> <span class='ocrx_word' id='word_1_164' title='bbox 1175 1531 1264 1588; x_wconf 69' lang='grc' dir='ltr'>’ἱνα</span> <span class='ocrx_word' id='word_1_165' title='bbox 1307 1533 1384 1606; x_wconf 82' lang='grc' dir='ltr'>μή</span> <span class='ocrx_word' id='word_1_166' title='bbox 1440 1531 1665 1609; x_wconf 87' lang='grc' dir='ltr'>λέγοιμι</span> <span class='ocrx_word' id='word_1_167' title='bbox 1733 1533 1808 1596; x_wconf 86' lang='grc' dir='ltr'>ὡς</span> <span class='ocrx_word' id='word_1_168' title='bbox 1879 1533 2097 1610; x_wconf 82' lang='grc' dir='ltr'>βασιλεῖ</span> <span class='ocrx_word' id='word_1_169' title='bbox 2155 1533 2251 1608; x_wconf 80' lang='grc' dir='ltr'>μὶν</span> <span class='ocrx_word' id='word_1_170' title='bbox 2307 1533 2516 1610; x_wconf 86' lang='grc' dir='ltr'>βραχέα</span> <span class='ocrx_word' id='word_1_171' title='bbox 2561 1533 2652 1588; x_wconf 85' lang='grc' dir='ltr'>καὶ</span> <span class='ocrx_word' id='word_1_172' title='bbox 2719 1535 2834 1588; x_wconf 79' lang='grc' dir='ltr'>οἶοι</span> <span class='ocrx_word' id='word_1_173' title='bbox 2885 1532 3230 1612; x_wconf 72' lang='grc' dir='ltr'>ἀφαιρέματα</span> <span class='ocrx_word' id='word_1_174' title='bbox 3281 1534 3394 1586; x_wconf 81' lang='grc' dir='ltr'>τῶν</span> <span class='ocrx_word' id='word_1_175' title='bbox 3443 1527 3634 1584; x_wconf 79' lang='grc' dir='ltr'>ἄλλων</span> <span class='ocrx_word' id='word_1_176' title='bbox 3689 1527 3808 1583; x_wconf 74' lang='grc' dir='ltr'>εἷσ-</span> 
     </span>
    </p>
   </div>
   <div class='ocr_carea' id='block_1_17' title="bbox 387 1617 3806 1702">
    <p class='ocr_par' dir='ltr' id='par_1_17' title="bbox 387 1617 3806 1702">
     <span class='ocr_line' id='line_1_17' title="bbox 387 1617 3806 1702; baseline -0.002 -22"><span class='ocrx_word' id='word_1_177' title='bbox 387 1628 570 1702; x_wconf 74' lang='grc' dir='ltr'>ήγετο,</span> <span class='ocrx_word' id='word_1_178' title='bbox 637 1625 703 1679; x_wconf 82' lang='grc' dir='ltr'>τὰ</span> <span class='ocrx_word' id='word_1_179' title='bbox 765 1621 824 1678; x_wconf 73' lang='grc' dir='ltr'>δὲ</span> <span class='ocrx_word' id='word_1_180' title='bbox 877 1622 1056 1678; x_wconf 81' lang='grc' dir='ltr'>πλείω</span> <span class='ocrx_word' id='word_1_181' title='bbox 1115 1622 1308 1680; x_wconf 81' lang='grc' dir='ltr'>ἐκεῖνοι</span> <span class='ocrx_word' id='word_1_182' title='bbox 1365 1621 1842 1700; x_wconf 73' lang='grc' dir='ltr'>παρενοσφίζοντο,</span> <span class='ocrx_word' id='word_1_183' title='bbox 1895 1626 1992 1678; x_wconf 91' lang='grc' dir='ltr'>τοῦ</span> <span class='ocrx_word' id='word_1_184' title='bbox 2043 1621 2248 1698; x_wconf 84' lang='grc' dir='ltr'>ἀγαθοῦ</span> <span class='ocrx_word' id='word_1_185' title='bbox 2285 1624 2374 1678; x_wconf 87' lang='grc' dir='ltr'>καὶ</span> <span class='ocrx_word' id='word_1_186' title='bbox 2441 1627 2638 1678; x_wconf 85' lang='grc' dir='ltr'>πιστοῦ</span> <span class='ocrx_word' id='word_1_187' title='bbox 2697 1623 2846 1697; x_wconf 72' lang='grc' dir='ltr'>παρὰ</span> <span class='ocrx_word' id='word_1_188' title='bbox 2903 1620 3122 1697; x_wconf 77' lang='grc' dir='ltr'>βασιλεῖ</span> <span class='ocrx_word' id='word_1_189' title='bbox 3177 1617 3380 1676; x_wconf 78' lang='grc' dir='ltr'>δούλου</span> <span class='ocrx_word' id='word_1_190' title='bbox 3444 1619 3498 1674; x_wconf 83' lang='grc' dir='ltr'>ἐν</span> <span class='ocrx_word' id='word_1_191' title='bbox 3551 1618 3806 1692; x_wconf 85' lang='grc' dir='ltr'>πρώτοις</span> 
     </span>
    </p>
   </div>
   <div class='ocr_carea' id='block_1_18' title="bbox 381 1706 3804 1790">
    <p class='ocr_par' dir='ltr' id='par_1_18' title="bbox 381 1706 3804 1790">
     <span class='ocr_line' id='line_1_18' title="bbox 381 1706 3804 1790; baseline -0.001 -21"><span class='ocrx_word' id='word_1_192' title='bbox 381 1715 558 1785; x_wconf 65' lang='grc' dir='ltr'>δαυτῷ</span> <span class='ocrx_word' id='word_1_193' title='bbox 583 1711 845 1790; x_wconf 77' lang='grc' dir='ltr'>φύροντος</span> <span class='ocrx_word' id='word_1_194' title='bbox 877 1710 1170 1788; x_wconf 76' lang='grc' dir='ltr'>ἐγκρυφίας</span> <span class='ocrx_word' id='word_1_195' title='bbox 1215 1710 1276 1767; x_wconf 84' lang='grc' dir='ltr'>ἐκ</span> <span class='ocrx_word' id='word_1_196' title='bbox 1325 1716 1432 1768; x_wconf 80' lang='grc' dir='ltr'>τῶν</span> <span class='ocrx_word' id='word_1_197' title='bbox 1476 1711 1810 1785; x_wconf 85' lang='grc' dir='ltr'>ἀλοωμένων</span> <span class='ocrx_word' id='word_1_198' title='bbox 1858 1715 2046 1788; x_wconf 80' lang='grc' dir='ltr'>πυρῶν</span> <span class='ocrx_word' id='word_1_199' title='bbox 2092 1712 2190 1768; x_wconf 61' lang='grc' dir='ltr'>εἴτ’</span> <span class='ocrx_word' id='word_1_200' title='bbox 2238 1709 2330 1768; x_wconf 78' lang='grc' dir='ltr'>οὖν</span> <span class='ocrx_word' id='word_1_201' title='bbox 2383 1711 2682 1787; x_wconf 86' lang='grc' dir='ltr'>χρυσίνων,</span> <span class='ocrx_word' id='word_1_202' title='bbox 2722 1711 2812 1767; x_wconf 82' lang='grc' dir='ltr'>καὶ</span> <span class='ocrx_word' id='word_1_203' title='bbox 2865 1709 3152 1786; x_wconf 87' lang='grc' dir='ltr'>μετέπειτα</span> <span class='ocrx_word' id='word_1_204' title='bbox 3186 1706 3567 1784; x_wconf 83' lang='grc' dir='ltr'>μεταδιδόντος</span> <span class='ocrx_word' id='word_1_205' title='bbox 3597 1708 3804 1783; x_wconf 80' lang='grc' dir='ltr'>καὶτῷ</span> 
     </span>
    </p>
   </div>
   <div class='ocr_carea' id='block_1_19' title="bbox 381 1802 736 1878">
    <p class='ocr_par' dir='ltr' id='par_1_19' title="bbox 381 1802 736 1878">
     <span class='ocr_line' id='line_1_19' title="bbox 381 1802 736 1878; baseline 0.003 -21"><span class='ocrx_word' id='word_1_206' title='bbox 381 1802 736 1878; x_wconf 83' lang='grc' dir='ltr'>συνάρχοντι.</span> 
     </span>
    </p>
   </div>
   <div class='ocr_carea' id='block_1_20' title="bbox 451 1884 2032 1968">
    <p class='ocr_par' dir='ltr' id='par_1_20' title="bbox 451 1891 2032 1964">
     <span class='ocr_line' id='line_1_20' title="bbox 451 1891 2032 1964; baseline 0 -16"><span class='ocrx_word' id='word_1_207' title='bbox 451 1896 504 1948; x_wconf 89' lang='lat'>3.</span> <span class='ocrx_word' id='word_1_208' title='bbox 539 1893 618 1948; x_wconf 83' lang='lat' dir='ltr'>Ab</span> <span class='ocrx_word' id='word_1_209' title='bbox 651 1892 760 1948; x_wconf 89' lang='lat' dir='ltr'><strong>hoc</strong></span> <span class='ocrx_word' id='word_1_210' title='bbox 789 1892 1134 1964; x_wconf 82' lang='lat' dir='ltr'>imperatore</span> <span class='ocrx_word' id='word_1_211' title='bbox 1190 1892 1372 1948; x_wconf 87' lang='lat' dir='ltr'><strong>turris</strong></span> <span class='ocrx_word' id='word_1_212' title='bbox 1429 1891 1532 1949; x_wconf 90' lang='lat' dir='ltr'><strong>illa</strong></span> <span class='ocrx_word' id='word_1_213' title='bbox 1593 1909 1709 1948; x_wconf 84' lang='lat' dir='ltr'>non</span> <span class='ocrx_word' id='word_1_214' title='bbox 1758 1892 1956 1964; x_wconf 89' lang='lat' dir='ltr'>procul</span> <span class='ocrx_word' id='word_1_215' title='bbox 1999 1909 2032 1948; x_wconf 85' lang='lat' dir='ltr'>a</span> 
     </span>
    </p>
   </div>
   <div class='ocr_carea' id='block_1_21' title="bbox 2140 1884 3801 1968">
    <p class='ocr_par' dir='ltr' id='par_1_21' title="bbox 2208 1884 3801 1968">
     <span class='ocr_line' id='line_1_21' title="bbox 2208 1884 3801 1968; baseline -0.004 -19"><span class='ocrx_word' id='word_1_216' title='bbox 2208 1896 2278 1964; x_wconf 90' lang='grc' dir='ltr'>γ’.</span> <span class='ocrx_word' id='word_1_217' title='bbox 2309 1892 2510 1968; x_wconf 67' lang='grc' dir='ltr'>⁹Εργον</span> <span class='ocrx_word' id='word_1_218' title='bbox 2551 1893 2649 1946; x_wconf 89' lang='grc' dir='ltr'>τοῦ</span> <span class='ocrx_word' id='word_1_219' title='bbox 2705 1888 2978 1967; x_wconf 87' lang='grc' dir='ltr'>βασιλέως</span> <span class='ocrx_word' id='word_1_220' title='bbox 3016 1887 3213 1944; x_wconf 81' lang='grc' dir='ltr'>τούτου</span> <span class='ocrx_word' id='word_1_221' title='bbox 3268 1887 3358 1942; x_wconf 86' lang='grc' dir='ltr'>καὶ</span> <span class='ocrx_word' id='word_1_222' title='bbox 3424 1887 3452 1942; x_wconf 87' lang='grc' dir='ltr'><strong>ὁ</strong></span> <span class='ocrx_word' id='word_1_223' title='bbox 3515 1887 3594 1960; x_wconf 75' lang='grc' dir='ltr'>μὴ</span> <span class='ocrx_word' id='word_1_224' title='bbox 3652 1884 3801 1942; x_wconf 70' lang='grc' dir='ltr'>πολὺ</span> 
     </span>
    </p>
   </div>
   <div class='ocr_carea' id='block_1_22' title="bbox 385 1972 2032 2054">
    <p class='ocr_par' dir='ltr' id='par_1_22' title="bbox 385 1979 2032 2054">
     <span class='ocr_line' id='line_1_22' title="bbox 385 1979 2032 2054; baseline -0.002 -15"><span class='ocrx_word' id='word_1_225' title='bbox 385 1981 720 2039; x_wconf 83' lang='lat' dir='ltr'>continente</span> <span class='ocrx_word' id='word_1_226' title='bbox 753 1980 811 2036; x_wconf 89' lang='lat' dir='ltr'>in</span> <span class='ocrx_word' id='word_1_227' title='bbox 837 1981 983 2037; x_wconf 89' lang='lat' dir='ltr'><strong>mari</strong></span> <span class='ocrx_word' id='word_1_228' title='bbox 1003 1985 1300 2037; x_wconf 87' lang='lat' dir='ltr'><strong>exstructa</strong></span> <span class='ocrx_word' id='word_1_229' title='bbox 1318 1985 1430 2050; x_wconf 88' lang='lat' dir='ltr'><strong>est,</strong></span> <span class='ocrx_word' id='word_1_230' title='bbox 1465 1997 1591 2054; x_wconf 70' lang='lat' dir='ltr'><strong>quas</strong></span> <span class='ocrx_word' id='word_1_231' title='bbox 1629 1979 1886 2037; x_wconf 81' lang='lat' dir='ltr'><strong>Damalis</strong></span> <span class='ocrx_word' id='word_1_232' title='bbox 1905 1980 2032 2054; x_wconf 88' lang='lat' dir='ltr'><strong>pri-</strong></span> 
     </span>
    </p>
   </div>
   <div class='ocr_carea' id='block_1_23' title="bbox 2140 1972 3802 2054">
    <p class='ocr_par' dir='ltr' id='par_1_23' title="bbox 2140 1972 3802 2053">
     <span class='ocr_line' id='line_1_23' title="bbox 2140 1972 3802 2053; baseline -0.002 -19"><span class='ocrx_word' id='word_1_233' title='bbox 2140 1985 2238 2048; x_wconf 80' lang='grc' dir='ltr'>τῆς</span> <span class='ocrx_word' id='word_1_234' title='bbox 2270 1981 2354 2052; x_wconf 86' lang='grc' dir='ltr'>[Ρ.</span> <span class='ocrx_word' id='word_1_235' title='bbox 2392 1980 2512 2053; x_wconf 69' lang='grc'>134]</span> <span class='ocrx_word' id='word_1_236' title='bbox 2571 1978 2850 2051; x_wconf 81' lang='grc' dir='ltr'>θαλάσσης</span> <span class='ocrx_word' id='word_1_237' title='bbox 2903 1972 3056 2034; x_wconf 81' lang='grc' dir='ltr'>ἔνδον</span> <span class='ocrx_word' id='word_1_238' title='bbox 3113 1977 3398 2050; x_wconf 73' lang='grc' dir='ltr'>ἱστάμενος</span> <span class='ocrx_word' id='word_1_239' title='bbox 3457 1976 3670 2052; x_wconf 78' lang='grc' dir='ltr'>πύργος</span> <span class='ocrx_word' id='word_1_240' title='bbox 3700 1981 3802 2045; x_wconf 78' lang='grc' dir='ltr'>τῆς</span> 
     </span>
    </p>
   </div>
   <div class='ocr_carea' id='block_1_24' title="bbox 383 2065 2032 2145">
    <p class='ocr_par' dir='ltr' id='par_1_24' title="bbox 383 2067 2032 2139">
     <span class='ocr_line' id='line_1_24' title="bbox 383 2067 2032 2139; baseline 0.001 -14"><span class='ocrx_word' id='word_1_241' title='bbox 383 2071 702 2138; x_wconf 87' lang='lat' dir='ltr'><strong>dem,nunc</strong></span> <span class='ocrx_word' id='word_1_242' title='bbox 723 2067 930 2124; x_wconf 83' lang='lat' dir='ltr'><strong>Arcula</strong></span> <span class='ocrx_word' id='word_1_243' title='bbox 948 2070 1186 2137; x_wconf 89' lang='lat' dir='ltr'><strong>dicitur,</strong></span> <span class='ocrx_word' id='word_1_244' title='bbox 1213 2073 1270 2126; x_wconf 88' lang='lat' dir='ltr'>et</span> <span class='ocrx_word' id='word_1_245' title='bbox 1286 2070 1466 2126; x_wconf 87' lang='lat' dir='ltr'><strong>altera</strong></span> <span class='ocrx_word' id='word_1_246' title='bbox 1485 2070 1666 2126; x_wconf 90' lang='lat' dir='ltr'><strong>turris</strong></span> <span class='ocrx_word' id='word_1_247' title='bbox 1724 2087 1756 2125; x_wconf 89' lang='lat' dir='ltr'>e</span> <span class='ocrx_word' id='word_1_248' title='bbox 1803 2070 2032 2139; x_wconf 80' lang='lat' dir='ltr'><strong>regione</strong></span> 
     </span>
    </p>
   </div>
   <div class='ocr_carea' id='block_1_25' title="bbox 2140 2065 3800 2145">
    <p class='ocr_par' dir='ltr' id='par_1_25' title="bbox 2140 2065 3800 2145">
     <span class='ocr_line' id='line_1_25' title="bbox 2140 2065 3800 2145; baseline -0.002 -21"><span class='ocrx_word' id='word_1_249' title='bbox 2140 2069 2589 2142; x_wconf 68' lang='grc' dir='ltr'>προσκλυζούσης</span> <span class='ocrx_word' id='word_1_250' title='bbox 2641 2069 2740 2138; x_wconf 79' lang='grc' dir='ltr'>τήν</span> <span class='ocrx_word' id='word_1_251' title='bbox 2787 2069 3010 2145; x_wconf 84' lang='grc' dir='ltr'>χέρσον,</span> <span class='ocrx_word' id='word_1_252' title='bbox 3059 2067 3182 2138; x_wconf 77' lang='grc' dir='ltr'>ἥτις</span> <span class='ocrx_word' id='word_1_253' title='bbox 3233 2065 3544 2140; x_wconf 73' lang='grc' dir='ltr'>ὠνομάζετο</span> <span class='ocrx_word' id='word_1_254' title='bbox 3608 2067 3800 2140; x_wconf 82' lang='grc' dir='ltr'>Δάμα-</span> 
     </span>
    </p>
   </div>
   <div class='ocr_carea' id='block_1_26' title="bbox 373 2157 2034 2232">
    <p class='ocr_par' dir='ltr' id='par_1_26' title="bbox 373 2157 2034 2232">
     <span class='ocr_line' id='line_1_26' title="bbox 373 2157 2034 2232; baseline -0.001 -17"><span class='ocrx_word' id='word_1_255' title='bbox 373 2162 547 2232; x_wconf 83' lang='lat' dir='ltr'><strong>juxta</strong></span> <span class='ocrx_word' id='word_1_256' title='bbox 569 2158 946 2230; x_wconf 78' lang='lat' dir='ltr'><strong>Manganium</strong></span> <span class='ocrx_word' id='word_1_257' title='bbox 969 2159 1480 2226; x_wconf 86' lang='lat' dir='ltr'><strong>monasterium,eo</strong></span> <span class='ocrx_word' id='word_1_258' title='bbox 1498 2157 1745 2215; x_wconf 77' lang='lat' dir='ltr'><strong>consilto</strong></span> <span class='ocrx_word' id='word_1_259' title='bbox 1769 2163 1834 2215; x_wconf 88' lang='lat' dir='ltr'>ut</span> <span class='ocrx_word' id='word_1_260' title='bbox 1850 2159 2034 2215; x_wconf 83' lang='lat' dir='ltr'><strong>ferrea</strong></span> 
     </span>
    </p>
   </div>
   <div class='ocr_carea' id='block_1_27' title="bbox 386 2247 2033 2320">
    <p class='ocr_par' dir='ltr' id='par_1_27' title="bbox 386 2247 2033 2320">
     <span class='ocr_line' id='line_1_27' title="bbox 386 2247 2033 2320; baseline 0 -16"><span class='ocrx_word' id='word_1_261' title='bbox 386 2257 590 2305; x_wconf 88' lang='lat' dir='ltr'><strong>catena</strong></span> <span class='ocrx_word' id='word_1_262' title='bbox 617 2247 894 2320; x_wconf 87' lang='lat' dir='ltr'><strong>utrinque</strong></span> <span class='ocrx_word' id='word_1_263' title='bbox 933 2252 1165 2305; x_wconf 88' lang='lat' dir='ltr'><strong>extenta</strong></span> <span class='ocrx_word' id='word_1_264' title='bbox 1218 2248 1483 2306; x_wconf 88' lang='lat' dir='ltr'><strong>barbaris</strong></span> <span class='ocrx_word' id='word_1_265' title='bbox 1542 2248 1791 2304; x_wconf 84' lang='lat' dir='ltr'><strong>navibus</strong></span> <span class='ocrx_word' id='word_1_266' title='bbox 1839 2249 2033 2304; x_wconf 85' lang='lat' dir='ltr'><strong>aditus</strong></span> 
     </span>
    </p>
   </div>
   <div class='ocr_carea' id='block_1_28' title="bbox 382 2335 2032 2394">
    <p class='ocr_par' dir='ltr' id='par_1_28' title="bbox 382 2335 2032 2394">
     <span class='ocr_line' id='line_1_28' title="bbox 382 2335 2032 2394; baseline -0.001 -1"><span class='ocrx_word' id='word_1_267' title='bbox 382 2339 444 2393; x_wconf 88' lang='lat' dir='ltr'>in</span> <span class='ocrx_word' id='word_1_268' title='bbox 475 2337 602 2393; x_wconf 90' lang='lat' dir='ltr'><strong>loca</strong></span> <span class='ocrx_word' id='word_1_269' title='bbox 629 2336 796 2392; x_wconf 87' lang='lat' dir='ltr'><strong>urbis</strong></span> <span class='ocrx_word' id='word_1_270' title='bbox 822 2337 974 2393; x_wconf 64' lang='lat'><strong>269</strong></span> <span class='ocrx_word' id='word_1_271' title='bbox 1031 2337 1145 2392; x_wconf 88' lang='lat' dir='ltr'><strong>arci</strong></span> <span class='ocrx_word' id='word_1_272' title='bbox 1201 2336 1393 2393; x_wconf 83' lang='lat' dir='ltr'><strong>vicina</strong></span> <span class='ocrx_word' id='word_1_273' title='bbox 1448 2341 1503 2394; x_wconf 89' lang='lat' dir='ltr'>et</span> <span class='ocrx_word' id='word_1_274' title='bbox 1555 2341 1813 2392; x_wconf 87' lang='lat' dir='ltr'><strong>tractum</strong></span> <span class='ocrx_word' id='word_1_275' title='bbox 1863 2335 2032 2392; x_wconf 89' lang='lat' dir='ltr'><strong>illum</strong></span> 
     </span>
    </p>
   </div>
   <div class='ocr_carea' id='block_1_29' title="bbox 381 2424 2034 2496">
    <p class='ocr_par' dir='ltr' id='par_1_29' title="bbox 381 2424 2034 2496">
     <span class='ocr_line' id='line_1_29' title="bbox 381 2424 2034 2496; baseline -0.001 -15"><span class='ocrx_word' id='word_1_276' title='bbox 381 2441 618 2482; x_wconf 88' lang='lat' dir='ltr'><strong>omnem</strong></span> <span class='ocrx_word' id='word_1_277' title='bbox 652 2441 839 2496; x_wconf 88' lang='lat' dir='ltr'><strong>usque</strong></span> <span class='ocrx_word' id='word_1_278' title='bbox 871 2425 946 2482; x_wconf 83' lang='lat' dir='ltr'>ad</span> <span class='ocrx_word' id='word_1_279' title='bbox 976 2424 1382 2482; x_wconf 83' lang='lat' dir='ltr'><strong>Blachsrniam</strong></span> <span class='ocrx_word' id='word_1_280' title='bbox 1419 2425 1635 2496; x_wconf 89' lang='lat' dir='ltr'><strong>regiam</strong></span> <span class='ocrx_word' id='word_1_281' title='bbox 1670 2425 2034 2481; x_wconf 88' lang='lat' dir='ltr'><strong>interclude-</strong></span> 
     </span>
    </p>
   </div>
   <div class='ocr_carea' id='block_1_30' title="bbox 382 2514 2034 2587">
    <p class='ocr_par' dir='ltr' id='par_1_30' title="bbox 382 2514 2034 2587">
     <span class='ocr_line' id='line_1_30' title="bbox 382 2514 2034 2587; baseline -0.001 -15"><span class='ocrx_word' id='word_1_282' title='bbox 382 2520 562 2572; x_wconf 87' lang='lat' dir='ltr'><strong>retur.</strong></span> <span class='ocrx_word' id='word_1_283' title='bbox 598 2514 1085 2587; x_wconf 77' lang='lat' dir='ltr'><strong>Magnificentiam</strong></span> <span class='ocrx_word' id='word_1_284' title='bbox 1143 2515 1271 2587; x_wconf 86' lang='lat' dir='ltr'><strong>ejus</strong></span> <span class='ocrx_word' id='word_1_285' title='bbox 1330 2520 1624 2572; x_wconf 84' lang='lat' dir='ltr'><strong>testantur</strong></span> <span class='ocrx_word' id='word_1_286' title='bbox 1679 2515 1857 2572; x_wconf 87' lang='lat' dir='ltr'><strong>etiam</strong></span> <span class='ocrx_word' id='word_1_287' title='bbox 1911 2532 2034 2571; x_wconf 87' lang='lat' dir='ltr'>ma-</span> 
     </span>
    </p>
   </div>
   <div class='ocr_carea' id='block_1_31' title="bbox 385 2603 2032 2678">
    <p class='ocr_par' dir='ltr' id='par_1_31' title="bbox 385 2603 2032 2678">
     <span class='ocr_line' id='line_1_31' title="bbox 385 2603 2032 2678; baseline 0 -18"><span class='ocrx_word' id='word_1_288' title='bbox 385 2604 680 2660; x_wconf 81' lang='lat' dir='ltr'><strong>ximailla</strong></span> <span class='ocrx_word' id='word_1_289' title='bbox 735 2603 1034 2662; x_wconf 89' lang='lat' dir='ltr'><strong>conclavia</strong></span> <span class='ocrx_word' id='word_1_290' title='bbox 1089 2606 1150 2661; x_wconf 89' lang='lat' dir='ltr'>in</span> <span class='ocrx_word' id='word_1_291' title='bbox 1212 2609 1456 2678; x_wconf 89' lang='lat' dir='ltr'><strong>utroque</strong></span> <span class='ocrx_word' id='word_1_292' title='bbox 1513 2603 1730 2678; x_wconf 88' lang='lat' dir='ltr'><strong>palatio</strong></span> <span class='ocrx_word' id='word_1_293' title='bbox 1788 2608 2032 2672; x_wconf 86' lang='lat' dir='ltr'><strong>structa,</strong></span> 
     </span>
    </p>
   </div>
   <div class='ocr_carea' id='block_1_32' title="bbox 389 2692 2037 2768">
    <p class='ocr_par' dir='ltr' id='par_1_32' title="bbox 389 2692 2037 2768">
     <span class='ocr_line' id='line_1_32' title="bbox 389 2692 2037 2768; baseline -0.001 -17"><span class='ocrx_word' id='word_1_294' title='bbox 389 2694 580 2752; x_wconf 82' lang='lat' dir='ltr'><strong>aureis</strong></span> <span class='ocrx_word' id='word_1_295' title='bbox 609 2693 847 2751; x_wconf 79' lang='lat' dir='ltr'><strong>laminis</strong></span> <span class='ocrx_word' id='word_1_296' title='bbox 880 2693 1229 2768; x_wconf 80' lang='lat' dir='ltr'><strong>refulgentia</strong></span> <span class='ocrx_word' id='word_1_297' title='bbox 1263 2699 1320 2751; x_wconf 90' lang='lat' dir='ltr'>et</span> <span class='ocrx_word' id='word_1_298' title='bbox 1362 2693 1696 2750; x_wconf 86' lang='lat' dir='ltr'><strong>illustribus</strong></span> <span class='ocrx_word' id='word_1_299' title='bbox 1743 2692 2037 2750; x_wconf 86' lang='lat' dir='ltr'><strong>coloribus</strong></span> 
     </span>
    </p>
   </div>
   <div class='ocr_carea' id='block_1_33' title="bbox 383 2781 2038 2856">
    <p class='ocr_par' dir='ltr' id='par_1_33' title="bbox 383 2781 2038 2856">
     <span class='ocr_line' id='line_1_33' title="bbox 383 2781 2038 2856; baseline -0.001 -16"><span class='ocrx_word' id='word_1_300' title='bbox 383 2791 680 2853; x_wconf 86' lang='lat' dir='ltr'><strong>exornata,</strong></span> <span class='ocrx_word' id='word_1_301' title='bbox 713 2782 774 2839; x_wconf 88' lang='lat' dir='ltr'>in</span> <span class='ocrx_word' id='word_1_302' title='bbox 805 2783 1024 2855; x_wconf 88' lang='lat' dir='ltr'><strong>quibus</strong></span> <span class='ocrx_word' id='word_1_303' title='bbox 1051 2783 1207 2840; x_wconf 88' lang='lat' dir='ltr'><strong>bella</strong></span> <span class='ocrx_word' id='word_1_304' title='bbox 1246 2785 1374 2856; x_wconf 89' lang='lat' dir='ltr'><strong>ejus</strong></span> <span class='ocrx_word' id='word_1_305' title='bbox 1427 2799 1560 2839; x_wconf 90' lang='lat' dir='ltr'>cum</span> <span class='ocrx_word' id='word_1_306' title='bbox 1584 2781 1852 2838; x_wconf 87' lang='lat' dir='ltr'><strong>barbaris</strong></span> <span class='ocrx_word' id='word_1_307' title='bbox 1893 2781 2038 2838; x_wconf 84' lang='lat' dir='ltr'><strong>alia-</strong></span> 
     </span>
    </p>
   </div>
   <div class='ocr_carea' id='block_1_34' title="bbox 382 2871 2036 2946">
    <p class='ocr_par' dir='ltr' id='par_1_34' title="bbox 382 2871 2036 2946">
     <span class='ocr_line' id='line_1_34' title="bbox 382 2871 2036 2946; baseline -0.002 -16"><span class='ocrx_word' id='word_1_308' title='bbox 382 2889 495 2946; x_wconf 89' lang='lat' dir='ltr'>que</span> <span class='ocrx_word' id='word_1_309' title='bbox 519 2889 590 2930; x_wconf 89' lang='lat' dir='ltr'>ex</span> <span class='ocrx_word' id='word_1_310' title='bbox 613 2872 868 2929; x_wconf 84' lang='lat' dir='ltr'><strong>utilitate</strong></span> <span class='ocrx_word' id='word_1_311' title='bbox 892 2873 1142 2928; x_wconf 81' lang='lat' dir='ltr'><strong>Romani</strong></span> <span class='ocrx_word' id='word_1_312' title='bbox 1175 2872 1406 2946; x_wconf 89' lang='lat' dir='ltr'><strong>imperii</strong></span> <span class='ocrx_word' id='word_1_313' title='bbox 1431 2871 1844 2928; x_wconf 86' lang='lat' dir='ltr'><strong>administrata</strong></span> <span class='ocrx_word' id='word_1_314' title='bbox 1872 2886 2036 2927; x_wconf 88' lang='lat' dir='ltr'><strong>sum-</strong></span> 
     </span>
    </p>
   </div>
   <div class='ocr_carea' id='block_1_35' title="bbox 387 2959 2037 3033">
    <p class='ocr_par' dir='ltr' id='par_1_35' title="bbox 387 2959 2037 3033">
     <span class='ocr_line' id='line_1_35' title="bbox 387 2959 2037 3033; baseline 0 -15"><span class='ocrx_word' id='word_1_315' title='bbox 387 2978 484 3018; x_wconf 91' lang='lat' dir='ltr'>mo</span> <span class='ocrx_word' id='word_1_316' title='bbox 515 2962 742 3033; x_wconf 87' lang='lat' dir='ltr'><strong>depicta</strong></span> <span class='ocrx_word' id='word_1_317' title='bbox 771 2960 1015 3017; x_wconf 82' lang='lat' dir='ltr'><strong>artiﬁcio</strong></span> <span class='ocrx_word' id='word_1_318' title='bbox 1054 2965 1413 3031; x_wconf 86' lang='lat' dir='ltr'><strong>spectantur.</strong></span> <span class='ocrx_word' id='word_1_319' title='bbox 1443 2961 1528 3016; x_wconf 82' lang='lat' dir='ltr'>Ad</span> <span class='ocrx_word' id='word_1_320' title='bbox 1579 2960 1701 3016; x_wconf 67' lang='lat' dir='ltr'><strong>haec</strong></span> <span class='ocrx_word' id='word_1_321' title='bbox 1759 2959 2037 3032; x_wconf 86' lang='lat' dir='ltr'><strong>pleraque</strong></span> 
     </span>
    </p>
   </div>
   <div class='ocr_carea' id='block_1_36' title="bbox 387 3047 2036 3124">
    <p class='ocr_par' dir='ltr' id='par_1_36' title="bbox 387 3047 2036 3124">
     <span class='ocr_line' id='line_1_36' title="bbox 387 3047 2036 3124; baseline -0.001 -17"><span class='ocrx_word' id='word_1_322' title='bbox 387 3051 698 3124; x_wconf 87' lang='lat' dir='ltr'><strong>splendida</strong></span> <span class='ocrx_word' id='word_1_323' title='bbox 725 3049 786 3105; x_wconf 87' lang='lat' dir='ltr'>in</span> <span class='ocrx_word' id='word_1_324' title='bbox 811 3051 956 3106; x_wconf 81' lang='lat' dir='ltr'><strong>freto</strong></span> <span class='ocrx_word' id='word_1_325' title='bbox 985 3049 1355 3121; x_wconf 80' lang='lat' dir='ltr'><strong>Propontidis</strong></span> <span class='ocrx_word' id='word_1_326' title='bbox 1413 3047 1678 3118; x_wconf 76' lang='lat' dir='ltr'><strong>aedificia,</strong></span> <span class='ocrx_word' id='word_1_327' title='bbox 1709 3049 1771 3106; x_wconf 90' lang='lat' dir='ltr'>in</span> <span class='ocrx_word' id='word_1_328' title='bbox 1820 3050 2036 3121; x_wconf 89' lang='lat' dir='ltr'><strong>quibus</strong></span> 
     </span>
    </p>
   </div>
   <div class='ocr_carea' id='block_1_37' title="bbox 389 3137 2034 3211">
    <p class='ocr_par' dir='ltr' id='par_1_37' title="bbox 389 3137 2034 3211">
     <span class='ocr_line' id='line_1_37' title="bbox 389 3137 2034 3211; baseline -0.001 -16"><span class='ocrx_word' id='word_1_329' title='bbox 389 3141 772 3211; x_wconf 82' lang='lat' dir='ltr'><strong>imperatores</strong></span> <span class='ocrx_word' id='word_1_330' title='bbox 845 3143 1081 3211; x_wconf 87' lang='lat' dir='ltr'><strong>propter</strong></span> <span class='ocrx_word' id='word_1_331' title='bbox 1157 3137 1309 3194; x_wconf 88' lang='lat' dir='ltr'><strong>aeris</strong></span> <span class='ocrx_word' id='word_1_332' title='bbox 1361 3139 1702 3210; x_wconf 85' lang='lat' dir='ltr'><strong>temperiem</strong></span> <span class='ocrx_word' id='word_1_333' title='bbox 1773 3142 2034 3194; x_wconf 68' lang='lat' dir='ltr'><strong>aestatem</strong></span> 
     </span>
    </p>
   </div>
   <div class='ocr_carea' id='block_1_38' title="bbox 2139 2153 3798 2235">
    <p class='ocr_par' dir='ltr' id='par_1_38' title="bbox 2139 2153 3798 2235">
     <span class='ocr_line' id='line_1_38' title="bbox 2139 2153 3798 2235; baseline -0.002 -21"><span class='ocrx_word' id='word_1_334' title='bbox 2139 2158 2250 2228; x_wconf 85' lang='grc' dir='ltr'>λις,</span> <span class='ocrx_word' id='word_1_335' title='bbox 2316 2159 2384 2214; x_wconf 71' lang='grc' dir='ltr'>τά</span> <span class='ocrx_word' id='word_1_336' title='bbox 2447 2163 2538 2212; x_wconf 90' lang='grc' dir='ltr'>νῦν</span> <span class='ocrx_word' id='word_1_337' title='bbox 2600 2155 2658 2214; x_wconf 79' lang='grc' dir='ltr'>δὲ</span> <span class='ocrx_word' id='word_1_338' title='bbox 2716 2157 2928 2235; x_wconf 76' lang='grc' dir='ltr'>Ἀρκλα</span> <span class='ocrx_word' id='word_1_339' title='bbox 2985 2154 3256 2227; x_wconf 85' lang='grc' dir='ltr'>καλεῖται,</span> <span class='ocrx_word' id='word_1_340' title='bbox 3313 2153 3461 2211; x_wconf 78' lang='grc' dir='ltr'>ἀλλὰ</span> <span class='ocrx_word' id='word_1_341' title='bbox 3525 2153 3594 2225; x_wconf 75' lang='grc' dir='ltr'>δὴ</span> <span class='ocrx_word' id='word_1_342' title='bbox 3643 2153 3798 2210; x_wconf 77' lang='grc' dir='ltr'>καὶὸ</span> 
     </span>
    </p>
   </div>
   <div class='ocr_carea' id='block_1_39' title="bbox 2135 2243 3805 2323">
    <p class='ocr_par' dir='ltr' id='par_1_39' title="bbox 2135 2243 3805 2323">
     <span class='ocr_line' id='line_1_39' title="bbox 2135 2243 3805 2323; baseline -0.007 -20"><span class='ocrx_word' id='word_1_343' title='bbox 2135 2247 2505 2322; x_wconf 82' lang='grc' dir='ltr'>ἀντίπορθμος</span> <span class='ocrx_word' id='word_1_344' title='bbox 2563 2249 2724 2311; x_wconf 80' lang='grc' dir='ltr'>οὗτος</span> <span class='ocrx_word' id='word_1_345' title='bbox 2781 2246 2990 2323; x_wconf 77' lang='grc' dir='ltr'>πύργος</span> <span class='ocrx_word' id='word_1_346' title='bbox 3039 2253 3144 2316; x_wconf 72' lang='grc' dir='ltr'>τῆς</span> <span class='ocrx_word' id='word_1_347' title='bbox 3198 2251 3305 2302; x_wconf 81' lang='grc' dir='ltr'>τῶν</span> <span class='ocrx_word' id='word_1_348' title='bbox 3364 2245 3665 2322; x_wconf 79' lang='grc' dir='ltr'>Μαγγάνων</span> <span class='ocrx_word' id='word_1_349' title='bbox 3694 2243 3805 2320; x_wconf 78' lang='grc' dir='ltr'>ἆγ-</span> 
     </span>
    </p>
   </div>
   <div class='ocr_carea' id='block_1_40' title="bbox 2136 2333 3800 2413">
    <p class='ocr_par' dir='ltr' id='par_1_40' title="bbox 2136 2333 3800 2413">
     <span class='ocr_line' id='line_1_40' title="bbox 2136 2333 3800 2413; baseline -0.002 -22"><span class='ocrx_word' id='word_1_350' title='bbox 2136 2357 2303 2413; x_wconf 78' lang='grc' dir='ltr'>χιστα</span> <span class='ocrx_word' id='word_1_351' title='bbox 2333 2335 2707 2412; x_wconf 76' lang='grc' dir='ltr'>δεδομημένας</span> <span class='ocrx_word' id='word_1_352' title='bbox 2761 2343 2952 2410; x_wconf 79' lang='grc' dir='ltr'>μονῆς.</span> <span class='ocrx_word' id='word_1_353' title='bbox 2996 2341 3093 2392; x_wconf 87' lang='grc' dir='ltr'>Ἤν</span> <span class='ocrx_word' id='word_1_354' title='bbox 3137 2333 3194 2391; x_wconf 74' lang='grc' dir='ltr'>δὲ</span> <span class='ocrx_word' id='word_1_355' title='bbox 3226 2335 3430 2398; x_wconf 85' lang='grc' dir='ltr'>σκοπὸς</span> <span class='ocrx_word' id='word_1_356' title='bbox 3457 2338 3534 2406; x_wconf 83' lang='grc' dir='ltr'>τῷ</span> <span class='ocrx_word' id='word_1_357' title='bbox 3561 2335 3800 2398; x_wconf 71' lang='grc' dir='ltr'>τούτους</span> 
     </span>
    </p>
   </div>
   <div class='ocr_carea' id='block_1_41' title="bbox 2137 2421 3803 2504">
    <p class='ocr_par' dir='ltr' id='par_1_41' title="bbox 2137 2421 3803 2504">
     <span class='ocr_line' id='line_1_41' title="bbox 2137 2421 3803 2504; baseline -0.002 -23"><span class='ocrx_word' id='word_1_358' title='bbox 2137 2425 2464 2504; x_wconf 84' lang='grc' dir='ltr'>ἀνεγείραντι</span> <span class='ocrx_word' id='word_1_359' title='bbox 2526 2425 2714 2482; x_wconf 78' lang='grc' dir='ltr'>ἄνακτι</span> <span class='ocrx_word' id='word_1_360' title='bbox 2777 2425 2918 2482; x_wconf 82' lang='grc' dir='ltr'>κατᾶ</span> <span class='ocrx_word' id='word_1_361' title='bbox 2971 2425 3159 2500; x_wconf 82' lang='grc' dir='ltr'>καιρὸν</span> <span class='ocrx_word' id='word_1_362' title='bbox 3231 2423 3521 2499; x_wconf 75' lang='grc' dir='ltr'>ἐπαγωγῆς</span> <span class='ocrx_word' id='word_1_363' title='bbox 3577 2421 3803 2478; x_wconf 82' lang='grc' dir='ltr'>πλοίων</span> 
     </span>
    </p>
   </div>
   <div class='ocr_carea' id='block_1_42' title="bbox 2137 2509 3804 2592">
    <p class='ocr_par' dir='ltr' id='par_1_42' title="bbox 2137 2509 3804 2592">
     <span class='ocr_line' id='line_1_42' title="bbox 2137 2509 3804 2592; baseline -0.002 -20"><span class='ocrx_word' id='word_1_364' title='bbox 2137 2509 2492 2592; x_wconf 76' lang='grc' dir='ltr'>Βαρϐαρικῶν</span> <span class='ocrx_word' id='word_1_365' title='bbox 2551 2513 2774 2590; x_wconf 76' lang='grc' dir='ltr'>σιδηρᾶν</span> <span class='ocrx_word' id='word_1_366' title='bbox 2830 2512 2882 2586; x_wconf 75' lang='grc' dir='ltr'>ἐξ</span> <span class='ocrx_word' id='word_1_367' title='bbox 2954 2515 3220 2589; x_wconf 67' lang='grc' dir='ltr'>ἑκατέρων</span> <span class='ocrx_word' id='word_1_368' title='bbox 3275 2512 3466 2569; x_wconf 76' lang='grc' dir='ltr'>’ἅλυσιν</span> <span class='ocrx_word' id='word_1_369' title='bbox 3535 2510 3804 2568; x_wconf 87' lang='grc' dir='ltr'>διατείνε-</span> 
     </span>
    </p>
   </div>
   <div class='ocr_carea' id='block_1_43' title="bbox 2137 2599 3800 2679">
    <p class='ocr_par' dir='ltr' id='par_1_43' title="bbox 2137 2599 3800 2679">
     <span class='ocr_line' id='line_1_43' title="bbox 2137 2599 3800 2679; baseline -0.002 -21"><span class='ocrx_word' id='word_1_370' title='bbox 2137 2615 2281 2672; x_wconf 88' lang='grc' dir='ltr'>σθαι,</span> <span class='ocrx_word' id='word_1_371' title='bbox 2336 2604 2424 2659; x_wconf 83' lang='grc' dir='ltr'>καὶ</span> <span class='ocrx_word' id='word_1_372' title='bbox 2467 2599 2664 2659; x_wconf 77' lang='grc' dir='ltr'>ἄϐατον</span> <span class='ocrx_word' id='word_1_373' title='bbox 2719 2602 2959 2668; x_wconf 83' lang='grc' dir='ltr'>ἐντεῦθεν</span> <span class='ocrx_word' id='word_1_374' title='bbox 3016 2603 3255 2679; x_wconf 83' lang='grc' dir='ltr'>γίνεσθαι</span> <span class='ocrx_word' id='word_1_375' title='bbox 3303 2603 3480 2658; x_wconf 84' lang='grc' dir='ltr'>ὁπόσα</span> <span class='ocrx_word' id='word_1_376' title='bbox 3536 2601 3662 2675; x_wconf 87' lang='grc' dir='ltr'>περὶ</span> <span class='ocrx_word' id='word_1_377' title='bbox 3696 2599 3800 2670; x_wconf 76' lang='grc' dir='ltr'>τὴν</span> 
     </span>
    </p>
   </div>
   <div class='ocr_carea' id='block_1_44' title="bbox 2138 2690 3798 2768">
    <p class='ocr_par' dir='ltr' id='par_1_44' title="bbox 2138 2690 3798 2768">
     <span class='ocr_line' id='line_1_44' title="bbox 2138 2690 3798 2768; baseline -0.002 -20"><span class='ocrx_word' id='word_1_378' title='bbox 2138 2691 2439 2768; x_wconf 83' lang='grc' dir='ltr'>ἀκρόπολιν</span> <span class='ocrx_word' id='word_1_379' title='bbox 2513 2693 2650 2767; x_wconf 84' lang='grc' dir='ltr'>μέρη</span> <span class='ocrx_word' id='word_1_380' title='bbox 2709 2699 2812 2763; x_wconf 86' lang='grc' dir='ltr'>τῆς</span> <span class='ocrx_word' id='word_1_381' title='bbox 2861 2691 3079 2754; x_wconf 87' lang='grc' dir='ltr'>πόλεως</span> <span class='ocrx_word' id='word_1_382' title='bbox 3153 2693 3241 2748; x_wconf 87' lang='grc' dir='ltr'>καὶ</span> <span class='ocrx_word' id='word_1_383' title='bbox 3323 2693 3418 2747; x_wconf 84' lang='grc' dir='ltr'>τὸν</span> <span class='ocrx_word' id='word_1_384' title='bbox 3497 2690 3798 2764; x_wconf 83' lang='grc' dir='ltr'>συρόμενον</span> 
     </span>
    </p>
   </div>
   <div class='ocr_carea' id='block_1_45' title="bbox 2139 2778 3802 2856">
    <p class='ocr_par' dir='ltr' id='par_1_45' title="bbox 2139 2778 3802 2856">
     <span class='ocr_line' id='line_1_45' title="bbox 2139 2778 3802 2856; baseline -0.004 -18"><span class='ocrx_word' id='word_1_385' title='bbox 2139 2779 2336 2848; x_wconf 59' lang='grc' dir='ltr'>ἔσωθεν</span> <span class='ocrx_word' id='word_1_386' title='bbox 2395 2782 2560 2838; x_wconf 85' lang='grc' dir='ltr'>ὁλκὸν</span> <span class='ocrx_word' id='word_1_387' title='bbox 2617 2778 2722 2844; x_wconf 72' lang='grc' dir='ltr'>ἕως</span> <span class='ocrx_word' id='word_1_388' title='bbox 2773 2782 2865 2837; x_wconf 82' lang='grc' dir='ltr'>καὶ</span> <span class='ocrx_word' id='word_1_389' title='bbox 2931 2781 2984 2844; x_wconf 88' lang='grc' dir='ltr'>ἐς</span> <span class='ocrx_word' id='word_1_390' title='bbox 3037 2780 3171 2837; x_wconf 73' lang='grc' dir='ltr'>αὐτὰ</span> <span class='ocrx_word' id='word_1_391' title='bbox 3223 2781 3290 2836; x_wconf 79' lang='grc' dir='ltr'>τὰ</span> <span class='ocrx_word' id='word_1_392' title='bbox 3348 2779 3402 2836; x_wconf 80' lang='grc' dir='ltr'>ἐν</span> <span class='ocrx_word' id='word_1_393' title='bbox 3461 2778 3802 2856; x_wconf 82' lang='grc' dir='ltr'>Βλαχέρναις</span> 
     </span>
    </p>
   </div>
   <div class='ocr_carea' id='block_1_46' title="bbox 2142 2866 3804 2948">
    <p class='ocr_par' dir='ltr' id='par_1_46' title="bbox 2142 2866 3804 2948">
     <span class='ocr_line' id='line_1_46' title="bbox 2142 2866 3804 2948; baseline -0.002 -22"><span class='ocrx_word' id='word_1_394' title='bbox 2142 2870 2445 2948; x_wconf 85' lang='grc' dir='ltr'>βασίλειαν.</span> <span class='ocrx_word' id='word_1_395' title='bbox 2506 2869 2852 2927; x_wconf 84' lang='grc' dir='ltr'>Φιλοκαλίαν</span> <span class='ocrx_word' id='word_1_396' title='bbox 2927 2868 2986 2926; x_wconf 74' lang='grc' dir='ltr'>δὲ</span> <span class='ocrx_word' id='word_1_397' title='bbox 3062 2873 3429 2946; x_wconf 83' lang='grc' dir='ltr'>κατηγοροῦσι</span> <span class='ocrx_word' id='word_1_398' title='bbox 3484 2866 3648 2924; x_wconf 82' lang='grc' dir='ltr'>τοῦδε</span> <span class='ocrx_word' id='word_1_399' title='bbox 3704 2872 3804 2924; x_wconf 88' lang='grc' dir='ltr'>τοῦ</span> 
     </span>
    </p>
   </div>
   <div class='ocr_carea' id='block_1_47' title="bbox 2144 2957 3804 3039">
    <p class='ocr_par' dir='ltr' id='par_1_47' title="bbox 2144 2957 3804 3039">
     <span class='ocr_line' id='line_1_47' title="bbox 2144 2957 3804 3039; baseline -0.001 -23"><span class='ocrx_word' id='word_1_400' title='bbox 2144 2959 2412 3036; x_wconf 74' lang='grc' dir='ltr'>βασιλέως</span> <span class='ocrx_word' id='word_1_401' title='bbox 2438 2961 2529 3016; x_wconf 83' lang='grc' dir='ltr'>καὶ</span> <span class='ocrx_word' id='word_1_402' title='bbox 2561 2960 2614 3016; x_wconf 81' lang='grc' dir='ltr'>οἱ</span> <span class='ocrx_word' id='word_1_403' title='bbox 2643 2961 2762 3016; x_wconf 87' lang='grc' dir='ltr'>κατ’</span> <span class='ocrx_word' id='word_1_404' title='bbox 2815 2959 2980 3039; x_wconf 70' lang='grc' dir='ltr'>ἄμφω</span> <span class='ocrx_word' id='word_1_405' title='bbox 3027 2960 3093 3014; x_wconf 84' lang='grc' dir='ltr'>τὰ</span> <span class='ocrx_word' id='word_1_406' title='bbox 3140 2959 3412 3034; x_wconf 79' lang='grc' dir='ltr'>ἀνάκτορα</span> <span class='ocrx_word' id='word_1_407' title='bbox 3441 2957 3804 3033; x_wconf 80' lang='grc' dir='ltr'>ὲπιμήκιστοι</span> 
     </span>
    </p>
   </div>
   <div class='ocr_carea' id='block_1_48' title="bbox 2138 3046 3804 3126">
    <p class='ocr_par' dir='ltr' id='par_1_48' title="bbox 2138 3046 3804 3126">
     <span class='ocr_line' id='line_1_48' title="bbox 2138 3046 3804 3126; baseline -0.002 -21"><span class='ocrx_word' id='word_1_408' title='bbox 2138 3048 2457 3124; x_wconf 84' lang='grc' dir='ltr'>περίστυλοι</span> <span class='ocrx_word' id='word_1_409' title='bbox 2499 3046 2793 3125; x_wconf 82' lang='grc' dir='ltr'>ἀνδρῶνες,</span> <span class='ocrx_word' id='word_1_410' title='bbox 2845 3047 2938 3112; x_wconf 74' lang='grc' dir='ltr'>οῦς</span> <span class='ocrx_word' id='word_1_411' title='bbox 2985 3047 3146 3110; x_wconf 77' lang='grc' dir='ltr'>αὐτὸς</span> <span class='ocrx_word' id='word_1_412' title='bbox 3197 3049 3504 3126; x_wconf 79' lang='grc' dir='ltr'>ἀνήγειρεν,</span> <span class='ocrx_word' id='word_1_413' title='bbox 3538 3046 3592 3104; x_wconf 69' lang='grc' dir='ltr'>οἵ</span> <span class='ocrx_word' id='word_1_414' title='bbox 3621 3049 3804 3125; x_wconf 75' lang='grc' dir='ltr'>ψηφί-</span> 
     </span>
    </p>
   </div>
   <div class='ocr_carea' id='block_1_49' title="bbox 2139 3136 3800 3216">
    <p class='ocr_par' dir='ltr' id='par_1_49' title="bbox 2139 3136 3800 3216">
     <span class='ocr_line' id='line_1_49' title="bbox 2139 3136 3800 3216; baseline -0.002 -22"><span class='ocrx_word' id='word_1_415' title='bbox 2139 3137 2246 3194; x_wconf 89' lang='grc' dir='ltr'>δων</span> <span class='ocrx_word' id='word_1_416' title='bbox 2290 3144 2510 3216; x_wconf 76' lang='grc' dir='ltr'>χρυσῶν</span> <span class='ocrx_word' id='word_1_417' title='bbox 2562 3139 2830 3204; x_wconf 78' lang='grc' dir='ltr'>ἐπιθέσεσι</span> <span class='ocrx_word' id='word_1_418' title='bbox 2885 3136 3270 3215; x_wconf 85' lang='grc' dir='ltr'>διαυγάζοντες</span> <span class='ocrx_word' id='word_1_419' title='bbox 3319 3141 3578 3193; x_wconf 83' lang='grc' dir='ltr'>τυποῦσιν</span> <span class='ocrx_word' id='word_1_420' title='bbox 3620 3136 3800 3192; x_wconf 58' lang='lat' dir='ltr'><strong>avem</strong></span> 
     </span>
    </p>
   </div>
   <div class='ocr_carea' id='block_1_50' title="bbox 389 3226 2032 3312">
    <p class='ocr_par' dir='ltr' id='par_1_50' title="bbox 389 3226 2032 3301">
     <span class='ocr_line' id='line_1_50' title="bbox 389 3226 2032 3301; baseline 0.002 -18"><span class='ocrx_word' id='word_1_421' title='bbox 389 3229 618 3300; x_wconf 79' lang='lat' dir='ltr'><strong>exigere</strong></span> <span class='ocrx_word' id='word_1_422' title='bbox 648 3227 860 3295; x_wconf 86' lang='lat' dir='ltr'><strong>solent,</strong></span> <span class='ocrx_word' id='word_1_423' title='bbox 893 3233 958 3284; x_wconf 92' lang='lat' dir='ltr'>ut</span> <span class='ocrx_word' id='word_1_424' title='bbox 979 3226 1120 3284; x_wconf 87' lang='lat' dir='ltr'><strong>olim</strong></span> <span class='ocrx_word' id='word_1_425' title='bbox 1143 3231 1452 3284; x_wconf 85' lang='lat' dir='ltr'><strong>Persarum</strong></span> <span class='ocrx_word' id='word_1_426' title='bbox 1489 3244 1651 3300; x_wconf 85' lang='lat' dir='ltr'><strong>reges</strong></span> <span class='ocrx_word' id='word_1_427' title='bbox 1673 3231 1840 3286; x_wconf 84' lang='lat' dir='ltr'><strong>Susis</strong></span> <span class='ocrx_word' id='word_1_428' title='bbox 1862 3233 2032 3301; x_wconf 86' lang='lat' dir='ltr'><strong>atque</strong></span> 
     </span>
    </p>
   </div>
   <div class='ocr_carea' id='block_1_51' title="bbox 2140 3226 3809 3312">
    <p class='ocr_par' dir='ltr' id='par_1_51' title="bbox 2151 3227 3809 3312">
     <span class='ocr_line' id='line_1_51' title="bbox 2151 3227 3809 3312; baseline -0.001 -30"><span class='ocrx_word' id='word_1_429' title='bbox 2151 3229 2330 3305; x_wconf 69' lang='grc' dir='ltr'>βαφῆς</span> <span class='ocrx_word' id='word_1_430' title='bbox 2396 3227 2720 3312; x_wconf 82' lang='grc' dir='ltr'>πολυχρόου</span> <span class='ocrx_word' id='word_1_431' title='bbox 2776 3227 2866 3283; x_wconf 75' lang='grc' dir='ltr'>καὶ</span> <span class='ocrx_word' id='word_1_432' title='bbox 2923 3227 3092 3304; x_wconf 76' lang='grc' dir='ltr'>τέχνῃ</span> <span class='ocrx_word' id='word_1_433' title='bbox 3149 3229 3353 3308; x_wconf 82' lang='grc' dir='ltr'>χειρῶν</span> <span class='ocrx_word' id='word_1_434' title='bbox 3400 3227 3674 3302; x_wconf 68' lang='grc' dir='ltr'>θαυμασία</span> <span class='ocrx_word' id='word_1_435' title='bbox 3705 3227 3809 3281; x_wconf 80' lang='grc' dir='ltr'>ὅσα</span> 
     </span>
    </p>
   </div>
   <div class='ocr_carea' id='block_1_52' title="bbox 388 3315 2034 3387">
    <p class='ocr_par' dir='ltr' id='par_1_52' title="bbox 388 3315 2034 3387">
     <span class='ocr_line' id='line_1_52' title="bbox 388 3315 2034 3387; baseline 0.001 -14"><span class='ocrx_word' id='word_1_436' title='bbox 388 3315 723 3387; x_wconf 86' lang='lat' dir='ltr'><strong>Ecbatanis,</strong></span> <span class='ocrx_word' id='word_1_437' title='bbox 755 3316 1125 3375; x_wconf 69' lang='lat' dir='ltr'><strong>exaedificavit</strong></span> <span class='ocrx_word' id='word_1_438' title='bbox 1157 3321 1214 3373; x_wconf 89' lang='lat' dir='ltr'>et</span> <span class='ocrx_word' id='word_1_439' title='bbox 1242 3319 1558 3376; x_wconf 82' lang='lat' dir='ltr'><strong>exornavit.</strong></span> <span class='ocrx_word' id='word_1_440' title='bbox 1591 3319 1736 3374; x_wconf 88' lang='lat' dir='ltr'><strong>Nam</strong></span> <span class='ocrx_word' id='word_1_441' title='bbox 1791 3323 1847 3376; x_wconf 88' lang='lat' dir='ltr'>et</span> <span class='ocrx_word' id='word_1_442' title='bbox 1900 3335 2034 3376; x_wconf 91' lang='lat' dir='ltr'>cum</span> 
     </span>
    </p>
   </div>
   <div class='ocr_carea' id='block_1_53' title="bbox 386 3405 2035 3479">
    <p class='ocr_par' dir='ltr' id='par_1_53' title="bbox 386 3405 2035 3479">
     <span class='ocr_line' id='line_1_53' title="bbox 386 3405 2035 3479; baseline 0.001 -17"><span class='ocrx_word' id='word_1_443' title='bbox 386 3411 620 3478; x_wconf 88' lang='lat' dir='ltr'><strong>tempus</strong></span> <span class='ocrx_word' id='word_1_444' title='bbox 654 3405 1009 3476; x_wconf 81' lang='lat' dir='ltr'><strong>postulabat,</strong></span> <span class='ocrx_word' id='word_1_445' title='bbox 1054 3407 1521 3479; x_wconf 82' lang='lat' dir='ltr'><strong>patientissimus</strong></span> <span class='ocrx_word' id='word_1_446' title='bbox 1567 3413 1693 3464; x_wconf 88' lang='lat' dir='ltr'><strong>erat</strong></span> <span class='ocrx_word' id='word_1_447' title='bbox 1744 3407 2035 3476; x_wconf 88' lang='lat' dir='ltr'><strong>laborum,</strong></span> 
     </span>
    </p>
   </div>
   <div class='ocr_carea' id='block_1_54' title="bbox 389 3494 2035 3566">
    <p class='ocr_par' dir='ltr' id='par_1_54' title="bbox 389 3494 2035 3566">
     <span class='ocr_line' id='line_1_54' title="bbox 389 3494 2035 3566; baseline 0.002 -17"><span class='ocrx_word' id='word_1_448' title='bbox 389 3494 1286 3566; x_wconf 65' lang='lat' dir='ltr'><strong>frigoris,mstus,insomnize;et</strong></span> <span class='ocrx_word' id='word_1_449' title='bbox 1307 3513 1440 3552; x_wconf 88' lang='lat' dir='ltr'>eum</span> <span class='ocrx_word' id='word_1_450' title='bbox 1495 3513 1528 3552; x_wconf 85' lang='lat' dir='ltr'>a</span> <span class='ocrx_word' id='word_1_451' title='bbox 1575 3495 1743 3552; x_wconf 87' lang='lat' dir='ltr'><strong>bellis</strong></span> <span class='ocrx_word' id='word_1_452' title='bbox 1775 3497 2035 3566; x_wconf 84' lang='lat' dir='ltr'><strong>vacabat,</strong></span> 
     </span>
    </p>
   </div>
   <div class='ocr_carea' id='block_1_55' title="bbox 379 3583 2036 3658">
    <p class='ocr_par' dir='ltr' id='par_1_55' title="bbox 379 3583 2036 3658">
     <span class='ocr_line' id='line_1_55' title="bbox 379 3583 2036 3658; baseline 0 -18"><span class='ocrx_word' id='word_1_453' title='bbox 379 3583 740 3656; x_wconf 87' lang='lat' dir='ltr'><strong>jucunditati</strong></span> <span class='ocrx_word' id='word_1_454' title='bbox 774 3601 833 3640; x_wconf 86' lang='lat' dir='ltr'>se</span> <span class='ocrx_word' id='word_1_455' title='bbox 891 3584 1068 3640; x_wconf 86' lang='lat' dir='ltr'><strong>dabat</strong></span> <span class='ocrx_word' id='word_1_456' title='bbox 1125 3590 1181 3639; x_wconf 88' lang='lat' dir='ltr'>et</span> <span class='ocrx_word' id='word_1_457' title='bbox 1238 3585 1408 3658; x_wconf 87' lang='lat' dir='ltr'><strong>genio</strong></span> <span class='ocrx_word' id='word_1_458' title='bbox 1473 3585 1837 3658; x_wconf 84' lang='lat' dir='ltr'><strong>indulgebat.</strong></span> <span class='ocrx_word' id='word_1_459' title='bbox 1881 3587 1955 3641; x_wconf 83' lang='lat' dir='ltr'><strong>Ac</strong></span> <span class='ocrx_word' id='word_1_460' title='bbox 1986 3584 2036 3641; x_wconf 90' lang='lat' dir='ltr'>si</span> 
     </span>
    </p>
   </div>
   <div class='ocr_carea' id='block_1_56' title="bbox 390 3673 2036 3748">
    <p class='ocr_par' dir='ltr' id='par_1_56' title="bbox 390 3673 2036 3748">
     <span class='ocr_line' id='line_1_56' title="bbox 390 3673 2036 3748; baseline 0.001 -19"><span class='ocrx_word' id='word_1_461' title='bbox 390 3673 521 3746; x_wconf 86' lang='lat' dir='ltr'><strong>quis</strong></span> <span class='ocrx_word' id='word_1_462' title='bbox 565 3673 892 3730; x_wconf 87' lang='lat' dir='ltr'><strong>accuratius</strong></span> <span class='ocrx_word' id='word_1_463' title='bbox 950 3675 1314 3730; x_wconf 85' lang='lat' dir='ltr'><strong>observasset</strong></span> <span class='ocrx_word' id='word_1_464' title='bbox 1364 3679 1720 3748; x_wconf 83' lang='lat' dir='ltr'><strong>quantopere</strong></span> <span class='ocrx_word' id='word_1_465' title='bbox 1785 3674 2036 3732; x_wconf 82' lang='lat' dir='ltr'><strong>lautitiis</strong></span> 
     </span>
    </p>
   </div>
   <div class='ocr_carea' id='block_1_57' title="bbox 386 3761 2033 3844">
    <p class='ocr_par' dir='ltr' id='par_1_57' title="bbox 386 3761 2033 3844">
     <span class='ocr_line' id='line_1_57' title="bbox 386 3761 2033 3844; baseline 0 -26"><span class='ocrx_word' id='word_1_466' title='bbox 386 3763 648 3818; x_wconf 90' lang='lat' dir='ltr'><strong>ciborum</strong></span> <span class='ocrx_word' id='word_1_467' title='bbox 671 3765 740 3818; x_wconf 83' lang='lat' dir='ltr'>et</span> <span class='ocrx_word' id='word_1_468' title='bbox 769 3761 1168 3834; x_wconf 82' lang='lat' dir='ltr'><strong>lyra,citbara.</strong></span> <span class='ocrx_word' id='word_1_469' title='bbox 1202 3762 1570 3835; x_wconf 82' lang='lat' dir='ltr'><strong>symphoniis</strong></span> <span class='ocrx_word' id='word_1_470' title='bbox 1617 3761 2033 3844; x_wconf 61' lang='lat' dir='ltr'><strong>delectaretur,</strong></span> 
     </span>
    </p>
   </div>
   <div class='ocr_carea' id='block_1_58' title="bbox 387 3851 2034 3924">
    <p class='ocr_par' dir='ltr' id='par_1_58' title="bbox 387 3851 2034 3924">
     <span class='ocr_line' id='line_1_58' title="bbox 387 3851 2034 3924; baseline 0 -16"><span class='ocrx_word' id='word_1_471' title='bbox 387 3868 524 3908; x_wconf 91' lang='lat' dir='ltr'>eum</span> <span class='ocrx_word' id='word_1_472' title='bbox 554 3852 612 3908; x_wconf 90' lang='lat' dir='ltr'>in</span> <span class='ocrx_word' id='word_1_473' title='bbox 645 3851 716 3907; x_wconf 88' lang='lat' dir='ltr'>iis</span> <span class='ocrx_word' id='word_1_474' title='bbox 774 3852 916 3908; x_wconf 91' lang='lat' dir='ltr'><strong>solis</strong></span> <span class='ocrx_word' id='word_1_475' title='bbox 968 3856 1195 3908; x_wconf 58' lang='lat' dir='ltr'><strong>aetatem</strong></span> <span class='ocrx_word' id='word_1_476' title='bbox 1258 3851 1522 3924; x_wconf 84' lang='lat' dir='ltr'><strong>exegisse</strong></span> <span class='ocrx_word' id='word_1_477' title='bbox 1575 3857 1633 3909; x_wconf 88' lang='lat' dir='ltr'>ct</span> <span class='ocrx_word' id='word_1_478' title='bbox 1675 3851 2034 3924; x_wconf 86' lang='lat' dir='ltr'><strong>voluptatem</strong></span> 
     </span>
    </p>
   </div>
   <div class='ocr_carea' id='block_1_59' title="bbox 388 3940 2034 4012">
    <p class='ocr_par' dir='ltr' id='par_1_59' title="bbox 388 3940 2034 4012">
     <span class='ocr_line' id='line_1_59' title="bbox 388 3940 2034 4012; baseline 0.001 -16"><span class='ocrx_word' id='word_1_479' title='bbox 388 3957 687 3997; x_wconf 90' lang='lat' dir='ltr'><strong>summum</strong></span> <span class='ocrx_word' id='word_1_480' title='bbox 705 3940 924 3996; x_wconf 87' lang='lat' dir='ltr'><strong>bonum</strong></span> <span class='ocrx_word' id='word_1_481' title='bbox 948 3940 1686 4012; x_wconf 83' lang='lat' dir='ltr'><strong>statuissejudioasset.8in</strong></span> <span class='ocrx_word' id='word_1_482' title='bbox 1705 3941 2034 3999; x_wconf 85' lang='lat' dir='ltr'><strong>duristem-</strong></span> 
     </span>
    </p>
   </div>
   <div class='ocr_carea' id='block_1_60' title="bbox 384 4029 2035 4105">
    <p class='ocr_par' dir='ltr' id='par_1_60' title="bbox 384 4029 2035 4105">
     <span class='ocr_line' id='line_1_60' title="bbox 384 4029 2035 4105; baseline 0.002 -19"><span class='ocrx_word' id='word_1_483' title='bbox 384 4029 626 4100; x_wconf 88' lang='lat' dir='ltr'><strong>poribus</strong></span> <span class='ocrx_word' id='word_1_484' title='bbox 643 4045 878 4086; x_wconf 91' lang='lat' dir='ltr'><strong>omnem</strong></span> <span class='ocrx_word' id='word_1_485' title='bbox 897 4029 1334 4101; x_wconf 85' lang='lat' dir='ltr'><strong>jucunditatem</strong></span> <span class='ocrx_word' id='word_1_486' title='bbox 1358 4030 1652 4102; x_wconf 87' lang='lat' dir='ltr'><strong>despicere</strong></span> <span class='ocrx_word' id='word_1_487' title='bbox 1673 4037 1730 4088; x_wconf 91' lang='lat' dir='ltr'>et</span> <span class='ocrx_word' id='word_1_488' title='bbox 1769 4032 2035 4105; x_wconf 87' lang='lat' dir='ltr'><strong>volupta-</strong></span> 
     </span>
    </p>
   </div>
   <div class='ocr_carea' id='block_1_61' title="bbox 387 4119 2036 4196">
    <p class='ocr_par' dir='ltr' id='par_1_61' title="bbox 387 4119 2036 4196">
     <span class='ocr_line' id='line_1_61' title="bbox 387 4119 2036 4196; baseline 0.004 -22"><span class='ocrx_word' id='word_1_489' title='bbox 387 4126 503 4175; x_wconf 87' lang='lat' dir='ltr'>tem</span> <span class='ocrx_word' id='word_1_490' title='bbox 527 4120 586 4175; x_wconf 91' lang='lat' dir='ltr'>in</span> <span class='ocrx_word' id='word_1_491' title='bbox 610 4119 751 4177; x_wconf 86' lang='lat' dir='ltr'><strong>vitio</strong></span> <span class='ocrx_word' id='word_1_492' title='bbox 774 4135 987 4192; x_wconf 88' lang='lat' dir='ltr'><strong>ponere</strong></span> <span class='ocrx_word' id='word_1_493' title='bbox 1003 4119 1264 4187; x_wconf 85' lang='lat' dir='ltr'><strong>vidisset,</strong></span> <span class='ocrx_word' id='word_1_494' title='bbox 1289 4121 1590 4193; x_wconf 87' lang='lat' dir='ltr'><strong>ingenium</strong></span> <span class='ocrx_word' id='word_1_495' title='bbox 1615 4121 1685 4178; x_wconf 87' lang='lat' dir='ltr'>ad</span> <span class='ocrx_word' id='word_1_496' title='bbox 1719 4127 2036 4196; x_wconf 89' lang='lat' dir='ltr'><strong>utrumque</strong></span> 
     </span>
    </p>
   </div>
   <div class='ocr_carea' id='block_1_62' title="bbox 382 4208 2032 4281">
    <p class='ocr_par' dir='ltr' id='par_1_62' title="bbox 382 4208 2032 4281">
     <span class='ocr_line' id='line_1_62' title="bbox 382 4208 2032 4281; baseline 0.002 -15"><span class='ocrx_word' id='word_1_497' title='bbox 382 4213 651 4280; x_wconf 85' lang='lat' dir='ltr'><strong>paratum</strong></span> <span class='ocrx_word' id='word_1_498' title='bbox 676 4209 925 4266; x_wconf 88' lang='lat' dir='ltr'><strong>miratus</strong></span> <span class='ocrx_word' id='word_1_499' title='bbox 942 4213 1114 4266; x_wconf 85' lang='lat' dir='ltr'><strong>esset.</strong></span> <span class='ocrx_word' id='word_1_500' title='bbox 1139 4208 1442 4281; x_wconf 88' lang='lat' dir='ltr'><strong>Templum</strong></span> <span class='ocrx_word' id='word_1_501' title='bbox 1474 4209 1682 4268; x_wconf 66' lang='lat' dir='ltr'><strong>divina:</strong></span> <span class='ocrx_word' id='word_1_502' title='bbox 1707 4215 1883 4268; x_wconf 72' lang='lat' dir='ltr'><strong>Irenaa</strong></span> <span class='ocrx_word' id='word_1_503' title='bbox 1901 4230 2032 4270; x_wconf 87' lang='lat' dir='ltr'><strong>ma-</strong></span> 
     </span>
    </p>
   </div>
   <div class='ocr_carea' id='block_1_63' title="bbox 380 4297 2032 4374">
    <p class='ocr_par' dir='ltr' id='par_1_63' title="bbox 380 4297 2032 4374">
     <span class='ocr_line' id='line_1_63' title="bbox 380 4297 2032 4374; baseline 0.004 -21"><span class='ocrx_word' id='word_1_504' title='bbox 380 4298 602 4354; x_wconf 88' lang='lat' dir='ltr'><strong>ximum</strong></span> <span class='ocrx_word' id='word_1_505' title='bbox 632 4302 689 4354; x_wconf 85' lang='lat' dir='ltr'>et</span> <span class='ocrx_word' id='word_1_506' title='bbox 711 4297 1170 4371; x_wconf 86' lang='lat' dir='ltr'><strong>pulcherrimum</strong></span> <span class='ocrx_word' id='word_1_507' title='bbox 1194 4300 1349 4356; x_wconf 68' lang='lat'>270</span> <span class='ocrx_word' id='word_1_508' title='bbox 1373 4318 1404 4356; x_wconf 89' lang='lat' dir='ltr'>a</span> <span class='ocrx_word' id='word_1_509' title='bbox 1441 4301 1734 4357; x_wconf 86' lang='lat' dir='ltr'><strong>Marciano</strong></span> <span class='ocrx_word' id='word_1_510' title='bbox 1779 4302 2032 4374; x_wconf 87' lang='lat' dir='ltr'><strong>impera-</strong></span> 
     </span>
    </p>
   </div>
   <div class='ocr_carea' id='block_1_64' title="bbox 383 4386 2034 4462">
    <p class='ocr_par' dir='ltr' id='par_1_64' title="bbox 383 4386 2034 4462">
     <span class='ocr_line' id='line_1_64' title="bbox 383 4386 2034 4462; baseline 0.003 -20"><span class='ocrx_word' id='word_1_511' title='bbox 383 4391 508 4443; x_wconf 87' lang='lat' dir='ltr'><strong>tore</strong></span> <span class='ocrx_word' id='word_1_512' title='bbox 539 4386 842 4443; x_wconf 90' lang='lat' dir='ltr'><strong>conditum</strong></span> <span class='ocrx_word' id='word_1_513' title='bbox 876 4392 933 4444; x_wconf 88' lang='lat' dir='ltr'>et</span> <span class='ocrx_word' id='word_1_514' title='bbox 961 4386 1231 4444; x_wconf 90' lang='lat' dir='ltr'><strong>incendio</strong></span> <span class='ocrx_word' id='word_1_515' title='bbox 1281 4387 1658 4462; x_wconf 87' lang='lat' dir='ltr'><strong>absumptum</strong></span> <span class='ocrx_word' id='word_1_516' title='bbox 1703 4389 2034 4448; x_wconf 87' lang='lat' dir='ltr'><strong>instaurare</strong></span> 
     </span>
    </p>
   </div>
   <div class='ocr_carea' id='block_1_65' title="bbox 387 4479 2032 4549">
    <p class='ocr_par' dir='ltr' id='par_1_65' title="bbox 387 4479 2032 4549">
     <span class='ocr_line' id='line_1_65' title="bbox 387 4479 2032 4549; baseline 0.007 -20"><span class='ocrx_word' id='word_1_517' title='bbox 387 4491 884 4546; x_wconf 83' lang='lat' dir='ltr'><strong>aggressus,cum</strong></span> <span class='ocrx_word' id='word_1_518' title='bbox 918 4483 1112 4548; x_wconf 90' lang='lat' dir='ltr'><strong>partes</strong></span> <span class='ocrx_word' id='word_1_519' title='bbox 1161 4479 1446 4549; x_wconf 89' lang='lat' dir='ltr'><strong>quasdam</strong></span> <span class='ocrx_word' id='word_1_520' title='bbox 1505 4495 1568 4535; x_wconf 80' lang='lat' dir='ltr'>ex</span> <span class='ocrx_word' id='word_1_521' title='bbox 1634 4480 2032 4540; x_wconf 85' lang='lat' dir='ltr'><strong>fundamentis</strong></span> 
     </span>
    </p>
   </div>
   <div class='ocr_carea' id='block_1_66' title="bbox 384 4565 2028 4634">
    <p class='ocr_par' dir='ltr' id='par_1_66' title="bbox 384 4565 2028 4634">
     <span class='ocr_line' id='line_1_66' title="bbox 384 4565 2028 4634; baseline 0.005 -15"><span class='ocrx_word' id='word_1_522' title='bbox 384 4565 788 4633; x_wconf 82' lang='lat' dir='ltr'><strong>exstruxisset,</strong></span> <span class='ocrx_word' id='word_1_523' title='bbox 842 4565 1104 4634; x_wconf 86' lang='lat' dir='ltr'><strong>destitit;</strong></span> <span class='ocrx_word' id='word_1_524' title='bbox 1153 4577 1210 4622; x_wconf 84' lang='lat' dir='ltr'>et</span> <span class='ocrx_word' id='word_1_525' title='bbox 1262 4568 1684 4624; x_wconf 85' lang='lat' dir='ltr'><strong>monasterium</strong></span> <span class='ocrx_word' id='word_1_526' title='bbox 1744 4569 1804 4626; x_wconf 90' lang='lat' dir='ltr'>in</span> <span class='ocrx_word' id='word_1_527' title='bbox 1863 4571 2028 4628; x_wconf 89' lang='lat' dir='ltr'><strong>Ponti</strong></span> 
     </span>
    </p>
   </div>
   <div class='ocr_carea' id='block_1_67' title="bbox 388 4625 2108 4729">
    <p class='ocr_par' dir='ltr' id='par_1_67' title="bbox 388 4625 2108 4729">
     <span class='ocr_line' id='line_1_67' title="bbox 388 4625 2108 4729; baseline 0.006 -22"><span class='ocrx_word' id='word_1_528' title='bbox 388 4652 679 4722; x_wconf 77' lang='lat' dir='ltr'><strong>faucibus,</strong></span> <span class='ocrx_word' id='word_1_529' title='bbox 711 4625 836 4708; x_wconf 77' lang='lat' dir='ltr'><strong>loco</strong></span> <span class='ocrx_word' id='word_1_530' title='bbox 875 4655 974 4724; x_wconf 88' lang='lat' dir='ltr'><strong>qui</strong></span> <span class='ocrx_word' id='word_1_531' title='bbox 1031 4625 1344 4729; x_wconf 66' lang='lat' dir='ltr'><strong>Caitascepe</strong></span> <span class='ocrx_word' id='word_1_532' title='bbox 1405 4657 1638 4726; x_wconf 82' lang='lat' dir='ltr'><strong>dicitur,</strong></span> <span class='ocrx_word' id='word_1_533' title='bbox 1697 4625 2030 4717; x_wconf 78' lang='lat' dir='ltr'><strong>archiducis</strong></span> <span class='ocrx_word' id='word_1_534' title='bbox 2065 4625 2108 4688; x_wconf 81' lang='lat' dir='ltr'><strong>D</strong></span> 
     </span>
    </p>
   </div>
   <div class='ocr_carea' id='block_1_68' title="bbox 384 4741 2030 4818">
    <p class='ocr_par' dir='ltr' id='par_1_68' title="bbox 384 4741 2030 4818">
     <span class='ocr_line' id='line_1_68' title="bbox 384 4741 2030 4818; baseline 0.006 -20"><span class='ocrx_word' id='word_1_535' title='bbox 384 4741 684 4798; x_wconf 85' lang='lat' dir='ltr'><strong>Michaelis</strong></span> <span class='ocrx_word' id='word_1_536' title='bbox 716 4741 952 4798; x_wconf 88' lang='lat' dir='ltr'><strong>nomine</strong></span> <span class='ocrx_word' id='word_1_537' title='bbox 981 4747 1308 4816; x_wconf 82' lang='lat' dir='ltr'><strong>exstruxit;</strong></span> <span class='ocrx_word' id='word_1_538' title='bbox 1354 4746 1412 4802; x_wconf 89' lang='lat' dir='ltr'>in</span> <span class='ocrx_word' id='word_1_539' title='bbox 1456 4764 1570 4818; x_wconf 88' lang='lat' dir='ltr'>quo</span> <span class='ocrx_word' id='word_1_540' title='bbox 1621 4749 2030 4808; x_wconf 86' lang='lat' dir='ltr'><strong>celeberrimos</strong></span> 
     </span>
    </p>
   </div>
   <div class='ocr_carea' id='block_1_69' title="bbox 385 4832 2026 4904">
    <p class='ocr_par' dir='ltr' id='par_1_69' title="bbox 385 4832 2026 4904">
     <span class='ocr_line' id='line_1_69' title="bbox 385 4832 2026 4904; baseline 0.002 -16"><span class='ocrx_word' id='word_1_541' title='bbox 385 4846 647 4904; x_wconf 87' lang='lat' dir='ltr'><strong>quosque</strong></span> <span class='ocrx_word' id='word_1_542' title='bbox 677 4836 732 4886; x_wconf 89' lang='lat' dir='ltr'>et</span> <span class='ocrx_word' id='word_1_543' title='bbox 765 4832 1282 4903; x_wconf 66' lang='lat' dir='ltr'><strong>praestantissimos</strong></span> <span class='ocrx_word' id='word_1_544' title='bbox 1340 4835 1656 4892; x_wconf 86' lang='lat' dir='ltr'><strong>monachos</strong></span> <span class='ocrx_word' id='word_1_545' title='bbox 1705 4836 2026 4904; x_wconf 89' lang='lat' dir='ltr'><strong>collocavit,</strong></span> 
     </span>
    </p>
   </div>
   <div class='ocr_carea' id='block_1_70' title="bbox 383 4921 2029 4996">
    <p class='ocr_par' dir='ltr' id='par_1_70' title="bbox 383 4921 2029 4996">
     <span class='ocr_line' id='line_1_70' title="bbox 383 4921 2029 4996; baseline 0.003 -17"><span class='ocrx_word' id='word_1_546' title='bbox 383 4939 450 4979; x_wconf 88' lang='lat' dir='ltr'>ea</span> <span class='ocrx_word' id='word_1_547' title='bbox 481 4922 706 4978; x_wconf 85' lang='lat' dir='ltr'><strong>ratione</strong></span> <span class='ocrx_word' id='word_1_548' title='bbox 750 4926 814 4976; x_wconf 87' lang='lat' dir='ltr'>ut</span> <span class='ocrx_word' id='word_1_549' title='bbox 870 4921 1193 4977; x_wconf 88' lang='lat' dir='ltr'><strong>solitariam</strong></span> <span class='ocrx_word' id='word_1_550' title='bbox 1251 4928 1309 4979; x_wconf 91' lang='lat' dir='ltr'>et</span> <span class='ocrx_word' id='word_1_551' title='bbox 1365 4923 1620 4996; x_wconf 86' lang='lat' dir='ltr'><strong>quietam</strong></span> <span class='ocrx_word' id='word_1_552' title='bbox 1675 4926 1845 4982; x_wconf 79' lang='lat' dir='ltr'><strong>vitam</strong></span> <span class='ocrx_word' id='word_1_553' title='bbox 1901 4927 2029 4984; x_wconf 88' lang='lat' dir='ltr'><strong>sine</strong></span> 
     </span>
    </p>
   </div>
   <div class='ocr_carea' id='block_1_71' title="bbox 383 5011 2029 5085">
    <p class='ocr_par' dir='ltr' id='par_1_71' title="bbox 383 5011 2029 5085">
     <span class='ocr_line' id='line_1_71' title="bbox 383 5011 2029 5085; baseline 0.003 -18"><span class='ocrx_word' id='word_1_554' title='bbox 383 5013 503 5068; x_wconf 90' lang='lat' dir='ltr'><strong>ulla</strong></span> <span class='ocrx_word' id='word_1_555' title='bbox 533 5011 926 5069; x_wconf 82' lang='lat' dir='ltr'><strong>sollicitudine</strong></span> <span class='ocrx_word' id='word_1_556' title='bbox 957 5017 1193 5084; x_wconf 83' lang='lat' dir='ltr'><strong>possent</strong></span> <span class='ocrx_word' id='word_1_557' title='bbox 1224 5013 1452 5085; x_wconf 83' lang='lat' dir='ltr'><strong>degere.</strong></span> <span class='ocrx_word' id='word_1_558' title='bbox 1512 5013 1657 5069; x_wconf 89' lang='lat' dir='ltr'><strong>Cum</strong></span> <span class='ocrx_word' id='word_1_559' title='bbox 1713 5014 1868 5070; x_wconf 88' lang='lat' dir='ltr'><strong>enim</strong></span> <span class='ocrx_word' id='word_1_560' title='bbox 1905 5033 2029 5072; x_wconf 85' lang='lat' dir='ltr'>mo-</span> 
     </span>
    </p>
   </div>
   <div class='ocr_carea' id='block_1_72' title="bbox 377 5101 2030 5174">
    <p class='ocr_par' dir='ltr' id='par_1_72' title="bbox 377 5101 2030 5174">
     <span class='ocr_line' id='line_1_72' title="bbox 377 5101 2030 5174; baseline 0.003 -17"><span class='ocrx_word' id='word_1_561' title='bbox 377 5103 596 5159; x_wconf 89' lang='lat' dir='ltr'><strong>nachos</strong></span> <span class='ocrx_word' id='word_1_562' title='bbox 656 5101 1122 5174; x_wconf 84' lang='lat' dir='ltr'><strong>possessionibus</strong></span> <span class='ocrx_word' id='word_1_563' title='bbox 1181 5106 1238 5158; x_wconf 87' lang='lat' dir='ltr'>et</span> <span class='ocrx_word' id='word_1_564' title='bbox 1298 5101 1544 5174; x_wconf 82' lang='lat' dir='ltr'><strong>negotiis</strong></span> <span class='ocrx_word' id='word_1_565' title='bbox 1633 5104 1896 5161; x_wconf 88' lang='lat' dir='ltr'><strong>turbatos</strong></span> <span class='ocrx_word' id='word_1_566' title='bbox 1973 5111 2030 5162; x_wconf 90' lang='lat' dir='ltr'>et</span> 
     </span>
    </p>
   </div>
   <div class='ocr_carea' id='block_1_73' title="bbox 375 5189 2029 5264">
    <p class='ocr_par' dir='ltr' id='par_1_73' title="bbox 375 5189 2029 5264">
     <span class='ocr_line' id='line_1_73' title="bbox 375 5189 2029 5264; baseline 0.002 -19"><span class='ocrx_word' id='word_1_567' title='bbox 375 5189 803 5264; x_wconf 86' lang='lat' dir='ltr'><strong>tranquillitate</strong></span> <span class='ocrx_word' id='word_1_568' title='bbox 833 5189 1018 5246; x_wconf 84' lang='lat' dir='ltr'><strong>animi</strong></span> <span class='ocrx_word' id='word_1_569' title='bbox 1078 5193 1134 5245; x_wconf 88' lang='lat' dir='ltr'>et</span> <span class='ocrx_word' id='word_1_570' title='bbox 1192 5189 1294 5246; x_wconf 87' lang='lat' dir='ltr'>Dei</span> <span class='ocrx_word' id='word_1_571' title='bbox 1337 5189 1499 5247; x_wconf 88' lang='lat' dir='ltr'><strong>cultu</strong></span> <span class='ocrx_word' id='word_1_572' title='bbox 1558 5191 1820 5248; x_wconf 82' lang='lat' dir='ltr'><strong>excidere</strong></span> <span class='ocrx_word' id='word_1_573' title='bbox 1864 5193 2029 5252; x_wconf 89' lang='lat' dir='ltr'><strong>intel-</strong></span> 
     </span>
    </p>
   </div>
   <div class='ocr_carea' id='block_1_74' title="bbox 379 5278 2028 5354">
    <p class='ocr_par' dir='ltr' id='par_1_74' title="bbox 379 5278 2028 5354">
     <span class='ocr_line' id='line_1_74' title="bbox 379 5278 2028 5354; baseline 0.003 -20"><span class='ocrx_word' id='word_1_574' title='bbox 379 5278 605 5352; x_wconf 86' lang='lat' dir='ltr'><strong>ligeret,</strong></span> <span class='ocrx_word' id='word_1_575' title='bbox 663 5279 855 5337; x_wconf 87' lang='lat' dir='ltr'><strong>nullas</strong></span> <span class='ocrx_word' id='word_1_576' title='bbox 913 5280 998 5335; x_wconf 89' lang='lat' dir='ltr'>eis</span> <span class='ocrx_word' id='word_1_577' title='bbox 1054 5281 1276 5350; x_wconf 86' lang='lat' dir='ltr'><strong>vineas,</strong></span> <span class='ocrx_word' id='word_1_578' title='bbox 1336 5280 1530 5337; x_wconf 91' lang='lat' dir='ltr'><strong>nullos</strong></span> <span class='ocrx_word' id='word_1_579' title='bbox 1584 5298 1773 5354; x_wconf 86' lang='lat' dir='ltr'><strong>agros,</strong></span> <span class='ocrx_word' id='word_1_580' title='bbox 1835 5282 2028 5340; x_wconf 88' lang='lat' dir='ltr'><strong>nullas</strong></span> 
     </span>
    </p>
   </div>
   <div class='ocr_carea' id='block_1_75' title="bbox 379 5370 2026 5444">
    <p class='ocr_par' dir='ltr' id='par_1_75' title="bbox 379 5370 2026 5444">
     <span class='ocr_line' id='line_1_75' title="bbox 379 5370 2026 5444; baseline 0.002 -20"><span class='ocrx_word' id='word_1_581' title='bbox 379 5370 802 5440; x_wconf 83' lang='lat' dir='ltr'><strong>possessiones,</strong></span> <span class='ocrx_word' id='word_1_582' title='bbox 837 5385 982 5442; x_wconf 88' lang='lat' dir='ltr'><strong>quas</strong></span> <span class='ocrx_word' id='word_1_583' title='bbox 1015 5385 1118 5426; x_wconf 79' lang='lat' dir='ltr'>nec</span> <span class='ocrx_word' id='word_1_584' title='bbox 1149 5387 1350 5427; x_wconf 90' lang='lat' dir='ltr'><strong>eorum</strong></span> <span class='ocrx_word' id='word_1_585' title='bbox 1411 5371 1693 5442; x_wconf 87' lang='lat' dir='ltr'><strong>professio</strong></span> <span class='ocrx_word' id='word_1_586' title='bbox 1751 5372 2026 5444; x_wconf 84' lang='lat' dir='ltr'><strong>admittit,</strong></span> 
     </span>
    </p>
   </div>
   <div class='ocr_carea' id='block_1_76' title="bbox 379 5456 2027 5534">
    <p class='ocr_par' dir='ltr' id='par_1_76' title="bbox 379 5456 2027 5534">
     <span class='ocr_line' id='line_1_76' title="bbox 379 5456 2027 5534; baseline 0.006 -24"><span class='ocrx_word' id='word_1_587' title='bbox 379 5456 716 5529; x_wconf 84' lang='lat' dir='ltr'><strong>assignavit,</strong></span> <span class='ocrx_word' id='word_1_588' title='bbox 745 5459 843 5514; x_wconf 86' lang='lat' dir='ltr'>sed</span> <span class='ocrx_word' id='word_1_589' title='bbox 870 5475 940 5514; x_wconf 87' lang='lat' dir='ltr'>ex</span> <span class='ocrx_word' id='word_1_590' title='bbox 971 5458 1110 5515; x_wconf 79' lang='lat' dir='ltr'><strong>ﬁsco</strong></span> <span class='ocrx_word' id='word_1_591' title='bbox 1141 5463 1367 5516; x_wconf 87' lang='lat' dir='ltr'><strong>tantum</strong></span> <span class='ocrx_word' id='word_1_592' title='bbox 1405 5461 1578 5532; x_wconf 89' lang='lat' dir='ltr'><strong>pendi</strong></span> <span class='ocrx_word' id='word_1_593' title='bbox 1621 5462 1802 5532; x_wconf 86' lang='lat' dir='ltr'><strong>jussit</strong></span> <span class='ocrx_word' id='word_1_594' title='bbox 1849 5479 2027 5534; x_wconf 85' lang='lat' dir='ltr'><strong>quan-</strong></span> 
     </span>
    </p>
   </div>
   <div class='ocr_carea' id='block_1_77' title="bbox 371 5545 2028 5623">
    <p class='ocr_par' dir='ltr' id='par_1_77' title="bbox 371 5545 2028 5623">
     <span class='ocr_line' id='line_1_77' title="bbox 371 5545 2028 5623; baseline 0.007 -25"><span class='ocrx_word' id='word_1_595' title='bbox 371 5545 499 5598; x_wconf 86' lang='lat' dir='ltr'>tum</span> <span class='ocrx_word' id='word_1_596' title='bbox 529 5545 597 5600; x_wconf 90' lang='lat' dir='ltr'>ad</span> <span class='ocrx_word' id='word_1_597' title='bbox 632 5545 846 5603; x_wconf 88' lang='lat' dir='ltr'><strong>victum</strong></span> <span class='ocrx_word' id='word_1_598' title='bbox 879 5552 935 5603; x_wconf 85' lang='lat' dir='ltr'>et</span> <span class='ocrx_word' id='word_1_599' title='bbox 961 5547 1184 5606; x_wconf 87' lang='lat' dir='ltr'><strong>cultum</strong></span> <span class='ocrx_word' id='word_1_600' title='bbox 1235 5566 1386 5623; x_wconf 90' lang='lat' dir='ltr'><strong>opus</strong></span> <span class='ocrx_word' id='word_1_601' title='bbox 1435 5554 1610 5608; x_wconf 85' lang='lat' dir='ltr'><strong>esset.</strong></span> <span class='ocrx_word' id='word_1_602' title='bbox 1659 5551 1906 5608; x_wconf 84' lang='lat' dir='ltr'><strong>Videtur</strong></span> <span class='ocrx_word' id='word_1_603' title='bbox 1937 5553 2028 5608; x_wconf 79' lang='lat' dir='ltr'><strong>ni-</strong></span> 
     </span>
    </p>
   </div>
   <div class='ocr_carea' id='block_1_78' title="bbox 381 5631 2029 5710">
    <p class='ocr_par' dir='ltr' id='par_1_78' title="bbox 381 5631 2029 5710">
     <span class='ocr_line' id='line_1_78' title="bbox 381 5631 2029 5710; baseline 0.006 -20"><span class='ocrx_word' id='word_1_604' title='bbox 381 5631 592 5690; x_wconf 84' lang='lat' dir='ltr'><strong>mirum</strong></span> <span class='ocrx_word' id='word_1_605' title='bbox 618 5631 980 5692; x_wconf 85' lang='lat' dir='ltr'><strong>immodicam</strong></span> <span class='ocrx_word' id='word_1_606' title='bbox 1007 5637 1384 5710; x_wconf 85' lang='lat' dir='ltr'><strong>cupiditatem</strong></span> <span class='ocrx_word' id='word_1_607' title='bbox 1400 5639 2029 5700; x_wconf 83' lang='lat' dir='ltr'><strong>struendimonastcria</strong></span> 
     </span>
    </p>
   </div>
   <div class='ocr_carea' id='block_1_79' title="bbox 2148 3311 3810 3395">
    <p class='ocr_par' dir='ltr' id='par_1_79' title="bbox 2148 3311 3810 3395">
     <span class='ocr_line' id='line_1_79' title="bbox 2148 3311 3810 3395; baseline -0.001 -24"><span class='ocrx_word' id='word_1_608' title='bbox 2148 3316 2304 3379; x_wconf 84' lang='grc' dir='ltr'>οὗτος</span> <span class='ocrx_word' id='word_1_609' title='bbox 2352 3319 2488 3372; x_wconf 75' lang='grc' dir='ltr'>κατὰ</span> <span class='ocrx_word' id='word_1_610' title='bbox 2535 3311 2827 3393; x_wconf 77' lang='grc' dir='ltr'>Βαρϐάρων</span> <span class='ocrx_word' id='word_1_611' title='bbox 2877 3315 3173 3391; x_wconf 77' lang='grc' dir='ltr'>ἠνδρίσατο</span> <span class='ocrx_word' id='word_1_612' title='bbox 3220 3315 3255 3387; x_wconf 80' lang='grc' dir='ltr'>ἤ</span> <span class='ocrx_word' id='word_1_613' title='bbox 3301 3316 3490 3379; x_wconf 79' lang='grc' dir='ltr'>ἄλλως</span> <span class='ocrx_word' id='word_1_614' title='bbox 3531 3314 3622 3395; x_wconf 72' lang='grc' dir='ltr'>ἐπὶ</span> <span class='ocrx_word' id='word_1_615' title='bbox 3673 3313 3810 3392; x_wconf 84' lang='grc' dir='ltr'>βέλ-</span> 
     </span>
    </p>
   </div>
   <div class='ocr_carea' id='block_1_80' title="bbox 2145 3403 3804 3478">
    <p class='ocr_par' dir='ltr' id='par_1_80' title="bbox 2145 3403 3804 3478">
     <span class='ocr_line' id='line_1_80' title="bbox 2145 3403 3804 3478; baseline -0.001 -18"><span class='ocrx_word' id='word_1_616' title='bbox 2145 3425 2262 3460; x_wconf 83' lang='grc' dir='ltr'>τιον</span> <span class='ocrx_word' id='word_1_617' title='bbox 2307 3404 2604 3478; x_wconf 86' lang='grc' dir='ltr'>Ῥωμαίοις</span> <span class='ocrx_word' id='word_1_618' title='bbox 2654 3403 3008 3464; x_wconf 80' lang='grc' dir='ltr'>διισκευάκει.</span> <span class='ocrx_word' id='word_1_619' title='bbox 3059 3403 3231 3463; x_wconf 84' lang='grc' dir='ltr'>Ἀλλὰ</span> <span class='ocrx_word' id='word_1_620' title='bbox 3277 3405 3495 3468; x_wconf 77' lang='grc' dir='ltr'>καὶτὰς</span> <span class='ocrx_word' id='word_1_621' title='bbox 3542 3403 3804 3467; x_wconf 84' lang='grc' dir='ltr'>πλείστας</span> 
     </span>
    </p>
   </div>
   <div class='ocr_carea' id='block_1_81' title="bbox 2145 3491 3802 3570">
    <p class='ocr_par' dir='ltr' id='par_1_81' title="bbox 2145 3491 3802 3570">
     <span class='ocr_line' id='line_1_81' title="bbox 2145 3491 3802 3570; baseline 0.001 -23"><span class='ocrx_word' id='word_1_622' title='bbox 2145 3497 2255 3548; x_wconf 79' lang='grc' dir='ltr'>τῶν</span> <span class='ocrx_word' id='word_1_623' title='bbox 2311 3493 2449 3549; x_wconf 84' lang='grc' dir='ltr'>κατᾶ</span> <span class='ocrx_word' id='word_1_624' title='bbox 2502 3494 2597 3549; x_wconf 89' lang='grc' dir='ltr'>τὸν</span> <span class='ocrx_word' id='word_1_625' title='bbox 2655 3494 2906 3569; x_wconf 85' lang='grc' dir='ltr'>πορθμὸν</span> <span class='ocrx_word' id='word_1_626' title='bbox 2960 3501 3062 3564; x_wconf 83' lang='grc' dir='ltr'>τῆς</span> <span class='ocrx_word' id='word_1_627' title='bbox 3119 3491 3490 3570; x_wconf 81' lang='grc' dir='ltr'>Ηροποντίδος</span> <span class='ocrx_word' id='word_1_628' title='bbox 3523 3493 3802 3569; x_wconf 77' lang='grc' dir='ltr'>λαμπρῶν</span> 
     </span>
    </p>
   </div>
   <div class='ocr_carea' id='block_1_82' title="bbox 2148 3579 3807 3660">
    <p class='ocr_par' dir='ltr' id='par_1_82' title="bbox 2148 3579 3807 3660">
     <span class='ocr_line' id='line_1_82' title="bbox 2148 3579 3807 3660; baseline 0.001 -23"><span class='ocrx_word' id='word_1_629' title='bbox 2148 3579 2504 3656; x_wconf 81' lang='grc' dir='ltr'>οἰκοδομιῶν,</span> <span class='ocrx_word' id='word_1_630' title='bbox 2555 3582 2606 3638; x_wconf 85' lang='grc' dir='ltr'>ἐν</span> <span class='ocrx_word' id='word_1_631' title='bbox 2664 3585 2754 3646; x_wconf 74' lang='grc' dir='ltr'>αἷς</span> <span class='ocrx_word' id='word_1_632' title='bbox 2815 3585 2866 3638; x_wconf 80' lang='grc' dir='ltr'>οἱ</span> <span class='ocrx_word' id='word_1_633' title='bbox 2927 3581 3174 3660; x_wconf 78' lang='grc' dir='ltr'>βασιλεῖς</span> <span class='ocrx_word' id='word_1_634' title='bbox 3214 3583 3500 3658; x_wconf 83' lang='grc' dir='ltr'>Ῥωμαίων</span> <span class='ocrx_word' id='word_1_635' title='bbox 3529 3582 3807 3658; x_wconf 70' lang='grc' dir='ltr'>θερίζουσι</span> 
     </span>
    </p>
   </div>
   <div class='ocr_carea' id='block_1_83' title="bbox 2145 3671 3808 3748">
    <p class='ocr_par' dir='ltr' id='par_1_83' title="bbox 2145 3671 3808 3748">
     <span class='ocr_line' id='line_1_83' title="bbox 2145 3671 3808 3748; baseline 0.002 -22"><span class='ocrx_word' id='word_1_636' title='bbox 2145 3671 2238 3734; x_wconf 73' lang='grc' dir='ltr'>τὰς</span> <span class='ocrx_word' id='word_1_637' title='bbox 2269 3672 2496 3746; x_wconf 80' lang='grc' dir='ltr'>εὐωρίας</span> <span class='ocrx_word' id='word_1_638' title='bbox 2539 3671 2964 3746; x_wconf 82' lang='grc' dir='ltr'>μεταδιώκοντες</span> <span class='ocrx_word' id='word_1_639' title='bbox 3015 3673 3090 3734; x_wconf 84' lang='grc' dir='ltr'>ὡς</span> <span class='ocrx_word' id='word_1_640' title='bbox 3149 3674 3202 3728; x_wconf 75' lang='grc' dir='ltr'>οἱ</span> <span class='ocrx_word' id='word_1_641' title='bbox 3257 3671 3429 3729; x_wconf 88' lang='grc' dir='ltr'>πάλαι</span> <span class='ocrx_word' id='word_1_642' title='bbox 3479 3677 3808 3748; x_wconf 73' lang='grc' dir='ltr'>κρατοῦντες</span> 
     </span>
    </p>
   </div>
   <div class='ocr_carea' id='block_1_84' title="bbox 2147 3757 3804 3838">
    <p class='ocr_par' dir='ltr' id='par_1_84' title="bbox 2147 3757 3804 3838">
     <span class='ocr_line' id='line_1_84' title="bbox 2147 3757 3804 3838; baseline 0 -22"><span class='ocrx_word' id='word_1_643' title='bbox 2147 3767 2364 3838; x_wconf 80' lang='grc' dir='ltr'>Περσῶν</span> <span class='ocrx_word' id='word_1_644' title='bbox 2413 3762 2482 3818; x_wconf 74' lang='grc' dir='ltr'>τὰ</span> <span class='ocrx_word' id='word_1_645' title='bbox 2519 3764 2698 3818; x_wconf 82' lang='grc' dir='ltr'>Σοῦσά</span> <span class='ocrx_word' id='word_1_646' title='bbox 2742 3783 2802 3818; x_wconf 85' lang='grc' dir='ltr'>τε</span> <span class='ocrx_word' id='word_1_647' title='bbox 2846 3761 2936 3818; x_wconf 79' lang='grc' dir='ltr'>καὶ</span> <span class='ocrx_word' id='word_1_648' title='bbox 2985 3757 3307 3830; x_wconf 75' lang='grc' dir='ltr'>Ἐσϐάτανα,</span> <span class='ocrx_word' id='word_1_649' title='bbox 3351 3760 3512 3825; x_wconf 75' lang='grc' dir='ltr'>οὗτος</span> <span class='ocrx_word' id='word_1_650' title='bbox 3545 3763 3804 3838; x_wconf 76' lang='grc' dir='ltr'>ἀνήγειρε</span> 
     </span>
    </p>
   </div>
   <div class='ocr_carea' id='block_1_85' title="bbox 2145 3849 3800 3928">
    <p class='ocr_par' dir='ltr' id='par_1_85' title="bbox 2145 3849 3800 3928">
     <span class='ocr_line' id='line_1_85' title="bbox 2145 3849 3800 3928; baseline 0 -22"><span class='ocrx_word' id='word_1_651' title='bbox 2145 3851 2234 3906; x_wconf 89' lang='grc' dir='ltr'>καὶ</span> <span class='ocrx_word' id='word_1_652' title='bbox 2281 3852 2419 3925; x_wconf 84' lang='grc' dir='ltr'>πρὸς</span> <span class='ocrx_word' id='word_1_653' title='bbox 2471 3851 2680 3925; x_wconf 85' lang='grc' dir='ltr'>κόσμον</span> <span class='ocrx_word' id='word_1_654' title='bbox 2743 3851 2973 3926; x_wconf 82' lang='grc' dir='ltr'>ὑπεξῆρε</span> <span class='ocrx_word' id='word_1_655' title='bbox 3023 3851 3274 3909; x_wconf 79' lang='grc' dir='ltr'>πλείονα.</span> <span class='ocrx_word' id='word_1_656' title='bbox 3328 3851 3429 3908; x_wconf 78' lang='grc' dir='ltr'>Καὶ</span> <span class='ocrx_word' id='word_1_657' title='bbox 3484 3851 3622 3928; x_wconf 81' lang='grc' dir='ltr'>πρὸς</span> <span class='ocrx_word' id='word_1_658' title='bbox 3671 3849 3800 3914; x_wconf 66' lang='grc' dir='ltr'>τοὺς</span> 
     </span>
    </p>
   </div>
   <div class='ocr_carea' id='block_1_86' title="bbox 2145 3939 3804 4017">
    <p class='ocr_par' dir='ltr' id='par_1_86' title="bbox 2145 3939 3804 4017">
     <span class='ocr_line' id='line_1_86' title="bbox 2145 3939 3804 4017; baseline -0.001 -21"><span class='ocrx_word' id='word_1_659' title='bbox 2145 3941 2345 4002; x_wconf 85' lang='grc' dir='ltr'>πόνους</span> <span class='ocrx_word' id='word_1_660' title='bbox 2392 3939 2498 4016; x_wconf 73' lang='grc' dir='ltr'>γὰρ</span> <span class='ocrx_word' id='word_1_661' title='bbox 2562 3939 2783 4017; x_wconf 82' lang='grc' dir='ltr'>ἀντεῖχε</span> <span class='ocrx_word' id='word_1_662' title='bbox 2844 3939 3015 4015; x_wconf 85' lang='grc' dir='ltr'>μάλα,</span> <span class='ocrx_word' id='word_1_663' title='bbox 3066 3944 3260 4016; x_wconf 84' lang='grc' dir='ltr'>καιροῦ</span> <span class='ocrx_word' id='word_1_664' title='bbox 3321 3941 3623 4002; x_wconf 82' lang='grc' dir='ltr'>καλοῦντος</span> <span class='ocrx_word' id='word_1_665' title='bbox 3693 3961 3804 4015; x_wconf 80' lang='grc' dir='ltr'>μο-</span> 
     </span>
    </p>
   </div>
   <div class='ocr_carea' id='block_1_87' title="bbox 2145 4024 3801 4110">
    <p class='ocr_par' dir='ltr' id='par_1_87' title="bbox 2145 4024 3801 4110">
     <span class='ocr_line' id='line_1_87' title="bbox 2145 4024 3801 4110; baseline -0.001 -26"><span class='ocrx_word' id='word_1_666' title='bbox 2145 4035 2324 4106; x_wconf 87' lang='grc' dir='ltr'>χθεῖν,</span> <span class='ocrx_word' id='word_1_667' title='bbox 2354 4030 2446 4085; x_wconf 84' lang='grc' dir='ltr'>καὶ</span> <span class='ocrx_word' id='word_1_668' title='bbox 2477 4033 2657 4106; x_wconf 80' lang='grc' dir='ltr'>ψῦχος</span> <span class='ocrx_word' id='word_1_669' title='bbox 2710 4024 2892 4106; x_wconf 77' lang='grc' dir='ltr'>ἕστεγε</span> <span class='ocrx_word' id='word_1_670' title='bbox 2946 4030 3036 4086; x_wconf 87' lang='grc' dir='ltr'>καὶ</span> <span class='ocrx_word' id='word_1_671' title='bbox 3088 4036 3287 4107; x_wconf 85' lang='grc' dir='ltr'>πνῖγος</span> <span class='ocrx_word' id='word_1_672' title='bbox 3335 4028 3492 4110; x_wconf 66' lang='grc' dir='ltr'>ἔφερε</span> <span class='ocrx_word' id='word_1_673' title='bbox 3535 4029 3624 4084; x_wconf 82' lang='grc' dir='ltr'>καὶ</span> <span class='ocrx_word' id='word_1_674' title='bbox 3655 4029 3801 4103; x_wconf 83' lang='grc' dir='ltr'>πρὸς</span> 
     </span>
    </p>
   </div>
   <div class='ocr_carea' id='block_1_88' title="bbox 2144 4117 3805 4199">
    <p class='ocr_par' dir='ltr' id='par_1_88' title="bbox 2144 4117 3805 4199">
     <span class='ocr_line' id='line_1_88' title="bbox 2144 4117 3805 4199; baseline 0 -25"><span class='ocrx_word' id='word_1_675' title='bbox 2144 4119 2309 4174; x_wconf 76' lang='grc' dir='ltr'>ὕπνον</span> <span class='ocrx_word' id='word_1_676' title='bbox 2369 4119 2708 4194; x_wconf 77' lang='grc' dir='ltr'>ἂπεμάχετο,</span> <span class='ocrx_word' id='word_1_677' title='bbox 2761 4119 2850 4175; x_wconf 86' lang='grc' dir='ltr'>καὶ</span> <span class='ocrx_word' id='word_1_678' title='bbox 2905 4124 3024 4182; x_wconf 85' lang='grc' dir='ltr'>ταῖς</span> <span class='ocrx_word' id='word_1_679' title='bbox 3091 4125 3320 4199; x_wconf 76' lang='grc' dir='ltr'>τρυφαῖς</span> <span class='ocrx_word' id='word_1_680' title='bbox 3367 4117 3426 4175; x_wconf 75' lang='grc' dir='ltr'>δὲ</span> <span class='ocrx_word' id='word_1_681' title='bbox 3470 4121 3805 4195; x_wconf 80' lang='grc' dir='ltr'>προσανεῖχε</span> 
     </span>
    </p>
   </div>
   <div class='ocr_carea' id='block_1_89' title="bbox 2143 4206 3803 4284">
    <p class='ocr_par' dir='ltr' id='par_1_89' title="bbox 2143 4206 3803 4284">
     <span class='ocr_line' id='line_1_89' title="bbox 2143 4206 3803 4284; baseline 0.001 -20"><span class='ocrx_word' id='word_1_682' title='bbox 2143 4207 2404 4283; x_wconf 82' lang='grc' dir='ltr'>πολέμων</span> <span class='ocrx_word' id='word_1_683' title='bbox 2439 4206 2585 4284; x_wconf 76' lang='grc' dir='ltr'>ἄγων</span> <span class='ocrx_word' id='word_1_684' title='bbox 2633 4207 2846 4284; x_wconf 71' lang='grc' dir='ltr'>σχολὴν</span> <span class='ocrx_word' id='word_1_685' title='bbox 2895 4208 2986 4264; x_wconf 88' lang='grc' dir='ltr'>καὶ</span> <span class='ocrx_word' id='word_1_686' title='bbox 3037 4208 3356 4282; x_wconf 78' lang='grc' dir='ltr'>ἐνησμένιζε</span> <span class='ocrx_word' id='word_1_687' title='bbox 3383 4214 3506 4272; x_wconf 86' lang='grc' dir='ltr'>ταῖς</span> <span class='ocrx_word' id='word_1_688' title='bbox 3533 4209 3803 4266; x_wconf 81' lang='grc' dir='ltr'>άνέσεσιν.</span> 
     </span>
    </p>
   </div>
   <div class='ocr_carea' id='block_1_90' title="bbox 2141 4297 3803 4373">
    <p class='ocr_par' dir='ltr' id='par_1_90' title="bbox 2141 4297 3803 4373">
     <span class='ocr_line' id='line_1_90' title="bbox 2141 4297 3803 4373; baseline -0.001 -20"><span class='ocrx_word' id='word_1_689' title='bbox 2141 4297 2204 4354; x_wconf 83' lang='lat' dir='ltr'><strong>Ei</strong></span> <span class='ocrx_word' id='word_1_690' title='bbox 2253 4297 2430 4354; x_wconf 89' lang='grc' dir='ltr'>τοίνυν</span> <span class='ocrx_word' id='word_1_691' title='bbox 2479 4297 2894 4373; x_wconf 86' lang='grc' dir='ltr'>περιεργότερον</span> <span class='ocrx_word' id='word_1_692' title='bbox 2965 4302 3156 4354; x_wconf 87' lang='grc' dir='ltr'>τοῦτον</span> <span class='ocrx_word' id='word_1_693' title='bbox 3212 4299 3443 4373; x_wconf 79' lang='grc' dir='ltr'>ήθρήκει</span> <span class='ocrx_word' id='word_1_694' title='bbox 3489 4319 3597 4368; x_wconf 87' lang='grc' dir='ltr'>τις,</span> <span class='ocrx_word' id='word_1_695' title='bbox 3645 4298 3803 4362; x_wconf 81' lang='grc' dir='ltr'>ὅπως</span> 
     </span>
    </p>
   </div>
   <div class='ocr_carea' id='block_1_91' title="bbox 2141 4380 3802 4464">
    <p class='ocr_par' dir='ltr' id='par_1_91' title="bbox 2141 4380 3802 4464">
     <span class='ocr_line' id='line_1_91' title="bbox 2141 4380 3802 4464; baseline 0.002 -23"><span class='ocrx_word' id='word_1_696' title='bbox 2141 4380 2331 4463; x_wconf 81' lang='grc' dir='ltr'>ἔχαιρε</span> <span class='ocrx_word' id='word_1_697' title='bbox 2384 4386 2694 4460; x_wconf 81' lang='grc' dir='ltr'>καρυκείαις</span> <span class='ocrx_word' id='word_1_698' title='bbox 2754 4384 3062 4464; x_wconf 83' lang='grc' dir='ltr'>βρωμάτων</span> <span class='ocrx_word' id='word_1_699' title='bbox 3117 4387 3209 4442; x_wconf 82' lang='grc' dir='ltr'>καὶ</span> <span class='ocrx_word' id='word_1_700' title='bbox 3265 4392 3381 4449; x_wconf 81' lang='grc' dir='ltr'>τοῖς</span> <span class='ocrx_word' id='word_1_701' title='bbox 3429 4387 3571 4462; x_wconf 75' lang='grc' dir='ltr'>πρὸς</span> <span class='ocrx_word' id='word_1_702' title='bbox 3603 4387 3802 4463; x_wconf 71' lang='grc' dir='ltr'>λύριον</span> 
     </span>
    </p>
   </div>
   <div class='ocr_carea' id='block_1_92' title="bbox 2139 4474 3804 4554">
    <p class='ocr_par' dir='ltr' id='par_1_92' title="bbox 2139 4474 3804 4554">
     <span class='ocr_line' id='line_1_92' title="bbox 2139 4474 3804 4554; baseline 0.001 -22"><span class='ocrx_word' id='word_1_703' title='bbox 2139 4477 2231 4532; x_wconf 82' lang='grc' dir='ltr'>καὶ</span> <span class='ocrx_word' id='word_1_704' title='bbox 2287 4478 2512 4552; x_wconf 86' lang='grc' dir='ltr'>κιθάραν</span> <span class='ocrx_word' id='word_1_705' title='bbox 2570 4477 2662 4534; x_wconf 81' lang='grc' dir='ltr'>καὶ</span> <span class='ocrx_word' id='word_1_706' title='bbox 2722 4477 3040 4554; x_wconf 77' lang='grc' dir='ltr'>συμφωνίαν</span> <span class='ocrx_word' id='word_1_707' title='bbox 3091 4474 3250 4549; x_wconf 82' lang='grc' dir='ltr'>ᾠδῶν</span> <span class='ocrx_word' id='word_1_708' title='bbox 3299 4475 3520 4552; x_wconf 79' lang='grc' dir='ltr'>ἔχουσιν</span> <span class='ocrx_word' id='word_1_709' title='bbox 3563 4477 3666 4533; x_wconf 76' lang='grc' dir='ltr'>οὐκ</span> <span class='ocrx_word' id='word_1_710' title='bbox 3691 4476 3804 4534; x_wconf 80' lang='grc' dir='ltr'>ἄπ-</span> 
     </span>
    </p>
   </div>
   <div class='ocr_carea' id='block_1_93' title="bbox 2138 4561 3807 4642">
    <p class='ocr_par' dir='ltr' id='par_1_93' title="bbox 2138 4561 3807 4642">
     <span class='ocr_line' id='line_1_93' title="bbox 2138 4561 3807 4642; baseline 0.001 -21"><span class='ocrx_word' id='word_1_711' title='bbox 2138 4567 2428 4642; x_wconf 83' lang='grc' dir='ltr'>ηχθάνετο,</span> <span class='ocrx_word' id='word_1_712' title='bbox 2479 4567 2627 4621; x_wconf 77' lang='grc' dir='ltr'>εἶπεν</span> <span class='ocrx_word' id='word_1_713' title='bbox 2659 4563 2720 4620; x_wconf 78' lang='grc' dir='ltr'>ἂν</span> <span class='ocrx_word' id='word_1_714' title='bbox 2753 4565 2827 4628; x_wconf 84' lang='grc' dir='ltr'>ὡς</span> <span class='ocrx_word' id='word_1_715' title='bbox 2877 4566 3066 4639; x_wconf 88' lang='grc' dir='ltr'>μόνοις</span> <span class='ocrx_word' id='word_1_716' title='bbox 3109 4564 3354 4628; x_wconf 86' lang='grc' dir='ltr'>ἐννεάσας</span> <span class='ocrx_word' id='word_1_717' title='bbox 3384 4561 3501 4642; x_wconf 74' lang='grc' dir='ltr'>ἔχει</span> <span class='ocrx_word' id='word_1_718' title='bbox 3531 4571 3653 4628; x_wconf 80' lang='grc' dir='ltr'>τοῖς</span> <span class='ocrx_word' id='word_1_719' title='bbox 3678 4587 3807 4622; x_wconf 86' lang='grc' dir='ltr'>τοι-</span> 
     </span>
    </p>
   </div>
   <div class='ocr_carea' id='block_1_94' title="bbox 2141 4651 3808 4729">
    <p class='ocr_par' dir='ltr' id='par_1_94' title="bbox 2141 4651 3808 4729">
     <span class='ocr_line' id='line_1_94' title="bbox 2141 4651 3808 4729; baseline 0.001 -19"><span class='ocrx_word' id='word_1_720' title='bbox 2141 4655 2325 4715; x_wconf 72' lang='grc' dir='ltr'>ούτοις</span> <span class='ocrx_word' id='word_1_721' title='bbox 2354 4653 2448 4710; x_wconf 77' lang='grc' dir='ltr'>καὶ</span> <span class='ocrx_word' id='word_1_722' title='bbox 2478 4652 2688 4724; x_wconf 72' lang='grc' dir='ltr'>ἡδονήν</span> <span class='ocrx_word' id='word_1_723' title='bbox 2721 4653 2784 4708; x_wconf 86' lang='grc' dir='ltr'>τὸ</span> <span class='ocrx_word' id='word_1_724' title='bbox 2834 4651 3002 4729; x_wconf 80' lang='grc' dir='ltr'>πέρας</span> <span class='ocrx_word' id='word_1_725' title='bbox 3051 4653 3258 4729; x_wconf 76' lang='grc' dir='ltr'>ἥγηται</span> <span class='ocrx_word' id='word_1_726' title='bbox 3304 4656 3400 4724; x_wconf 75' lang='grc' dir='ltr'>τῆς</span> <span class='ocrx_word' id='word_1_727' title='bbox 3435 4659 3603 4724; x_wconf 78' lang='grc' dir='ltr'>ζωῆς·</span> <span class='ocrx_word' id='word_1_728' title='bbox 3647 4653 3694 4708; x_wconf 85' lang='grc' dir='ltr'>εἶ</span> <span class='ocrx_word' id='word_1_729' title='bbox 3739 4651 3808 4712; x_wconf 60' lang='grc' dir='ltr'>δὲ</span> 
     </span>
    </p>
   </div>
   <div class='ocr_carea' id='block_1_95' title="bbox 2136 4738 3806 4818">
    <p class='ocr_par' dir='ltr' id='par_1_95' title="bbox 2136 4738 3806 4818">
     <span class='ocr_line' id='line_1_95' title="bbox 2136 4738 3806 4818; baseline -0.002 -18"><span class='ocrx_word' id='word_1_730' title='bbox 2136 4744 2450 4800; x_wconf 78' lang='grc' dir='ltr'>τούναντίον</span> <span class='ocrx_word' id='word_1_731' title='bbox 2501 4742 2650 4816; x_wconf 85' lang='grc' dir='ltr'>αὐτῷ</span> <span class='ocrx_word' id='word_1_732' title='bbox 2699 4738 3042 4817; x_wconf 77' lang='grc' dir='ltr'>προσέϐλεψε</span> <span class='ocrx_word' id='word_1_733' title='bbox 3115 4741 3256 4818; x_wconf 80' lang='grc' dir='ltr'>πρὸς</span> <span class='ocrx_word' id='word_1_734' title='bbox 3331 4748 3505 4798; x_wconf 79' lang='grc' dir='ltr'>πᾶσαν</span> <span class='ocrx_word' id='word_1_735' title='bbox 3569 4743 3806 4797; x_wconf 81' lang='grc' dir='ltr'>άταπει-</span> 
     </span>
    </p>
   </div>
   <div class='ocr_carea' id='block_1_96' title="bbox 2137 4831 3803 4909">
    <p class='ocr_par' dir='ltr' id='par_1_96' title="bbox 2137 4831 3803 4909">
     <span class='ocr_line' id='line_1_96' title="bbox 2137 4831 3803 4909; baseline -0.001 -21"><span class='ocrx_word' id='word_1_736' title='bbox 2137 4833 2292 4906; x_wconf 86' lang='grc' dir='ltr'>νώτῳ</span> <span class='ocrx_word' id='word_1_737' title='bbox 2361 4831 2743 4909; x_wconf 84' lang='grc' dir='ltr'>γλυκυθυμίαν</span> <span class='ocrx_word' id='word_1_738' title='bbox 2803 4832 3139 4908; x_wconf 85' lang='grc' dir='ltr'>τυγχάνοντι</span> <span class='ocrx_word' id='word_1_739' title='bbox 3187 4833 3280 4887; x_wconf 81' lang='grc' dir='ltr'>καὶ</span> <span class='ocrx_word' id='word_1_740' title='bbox 3327 4833 3589 4906; x_wconf 82' lang='grc' dir='ltr'>τιθεμένῳ</span> <span class='ocrx_word' id='word_1_741' title='bbox 3641 4831 3803 4908; x_wconf 86' lang='grc' dir='ltr'>παρὰ</span> 
     </span>
    </p>
   </div>
   <div class='ocr_carea' id='block_1_97' title="bbox 2139 4918 3807 5000">
    <p class='ocr_par' dir='ltr' id='par_1_97' title="bbox 2139 4918 3807 5000">
     <span class='ocr_line' id='line_1_97' title="bbox 2139 4918 3807 5000; baseline -0.001 -22"><span class='ocrx_word' id='word_1_742' title='bbox 2139 4922 2345 5000; x_wconf 74' lang='grc' dir='ltr'>φαῦλον</span> <span class='ocrx_word' id='word_1_743' title='bbox 2411 4919 2739 4992; x_wconf 81' lang='grc' dir='ltr'>ἡδυπάθειαν</span> <span class='ocrx_word' id='word_1_744' title='bbox 2819 4918 3100 4976; x_wconf 86' lang='grc' dir='ltr'>δυσκόλων</span> <span class='ocrx_word' id='word_1_745' title='bbox 3175 4921 3502 4977; x_wconf 81' lang='grc' dir='ltr'>ἐπιστάντων</span> <span class='ocrx_word' id='word_1_746' title='bbox 3561 4925 3807 4996; x_wconf 73' lang='grc' dir='ltr'>καιρῶν,</span> 
     </span>
    </p>
   </div>
   <div class='ocr_carea' id='block_1_98' title="bbox 2139 5009 3805 5089">
    <p class='ocr_par' dir='ltr' id='par_1_98' title="bbox 2139 5009 3805 5089">
     <span class='ocr_line' id='line_1_98' title="bbox 2139 5009 3805 5089; baseline -0.001 -21"><span class='ocrx_word' id='word_1_747' title='bbox 2139 5011 2433 5086; x_wconf 76' lang='grc' dir='ltr'>ἐθαύμασεν</span> <span class='ocrx_word' id='word_1_748' title='bbox 2517 5010 2576 5066; x_wconf 86' lang='grc' dir='ltr'>ἄν</span> <span class='ocrx_word' id='word_1_749' title='bbox 2663 5011 2814 5073; x_wconf 76' lang='grc' dir='ltr'>ὅπως</span> <span class='ocrx_word' id='word_1_750' title='bbox 2907 5009 3212 5084; x_wconf 77' lang='grc' dir='ltr'>ἐξήλλακτο</span> <span class='ocrx_word' id='word_1_751' title='bbox 3268 5013 3405 5086; x_wconf 87' lang='grc' dir='ltr'>πρὸς</span> <span class='ocrx_word' id='word_1_752' title='bbox 3483 5010 3805 5089; x_wconf 67' lang='grc' dir='ltr'>ἀμφότερα.</span> 
     </span>
    </p>
   </div>
   <div class='ocr_carea' id='block_1_99' title="bbox 2137 5097 3806 5176">
    <p class='ocr_par' dir='ltr' id='par_1_99' title="bbox 2137 5097 3806 5176">
     <span class='ocr_line' id='line_1_99' title="bbox 2137 5097 3806 5176; baseline 0 -19"><span class='ocrx_word' id='word_1_753' title='bbox 2137 5097 2574 5174; x_wconf 76' lang='grc' dir='ltr'>Ἐπιϐαλόμενος</span> <span class='ocrx_word' id='word_1_754' title='bbox 2646 5097 2704 5155; x_wconf 76' lang='grc' dir='ltr'>δὲ</span> <span class='ocrx_word' id='word_1_755' title='bbox 2776 5099 2868 5155; x_wconf 86' lang='grc' dir='ltr'>τὸν</span> <span class='ocrx_word' id='word_1_756' title='bbox 2939 5101 3077 5176; x_wconf 87' lang='grc' dir='ltr'>πρὸς</span> <span class='ocrx_word' id='word_1_757' title='bbox 3154 5099 3428 5156; x_wconf 87' lang='grc' dir='ltr'>θάλασσαν</span> <span class='ocrx_word' id='word_1_758' title='bbox 3480 5107 3582 5171; x_wconf 86' lang='grc' dir='ltr'>τῆς</span> <span class='ocrx_word' id='word_1_759' title='bbox 3642 5101 3806 5175; x_wconf 80' lang='grc' dir='ltr'>ἁγίας</span> 
     </span>
    </p>
   </div>
   <div class='ocr_carea' id='block_1_100' title="bbox 2139 5187 3805 5266">
    <p class='ocr_par' dir='ltr' id='par_1_100' title="bbox 2139 5187 3805 5266">
     <span class='ocr_line' id='line_1_100' title="bbox 2139 5187 3805 5266; baseline 0.001 -20"><span class='ocrx_word' id='word_1_760' title='bbox 2139 5191 2378 5264; x_wconf 80' lang='grc' dir='ltr'>Εἰρήνης</span> <span class='ocrx_word' id='word_1_761' title='bbox 2435 5187 2824 5263; x_wconf 75' lang='grc' dir='ltr'>οἰκοδομήσειν</span> <span class='ocrx_word' id='word_1_762' title='bbox 2901 5191 3060 5259; x_wconf 84' lang='grc' dir='ltr'>νεὼν,</span> <span class='ocrx_word' id='word_1_763' title='bbox 3135 5187 3194 5244; x_wconf 77' lang='grc' dir='ltr'>δν</span> <span class='ocrx_word' id='word_1_764' title='bbox 3261 5193 3481 5266; x_wconf 87' lang='grc' dir='ltr'>μεγέθει</span> <span class='ocrx_word' id='word_1_765' title='bbox 3541 5191 3805 5265; x_wconf 87' lang='grc' dir='ltr'>μέγιστον</span> 
     </span>
    </p>
   </div>
   <div class='ocr_carea' id='block_1_101' title="bbox 2137 5275 3806 5354">
    <p class='ocr_par' dir='ltr' id='par_1_101' title="bbox 2137 5275 3806 5354">
     <span class='ocr_line' id='line_1_101' title="bbox 2137 5275 3806 5354; baseline -0.001 -18"><span class='ocrx_word' id='word_1_766' title='bbox 2137 5281 2227 5336; x_wconf 86' lang='grc' dir='ltr'>καὶ</span> <span class='ocrx_word' id='word_1_767' title='bbox 2257 5277 2454 5336; x_wconf 80' lang='grc' dir='ltr'>κάλλει</span> <span class='ocrx_word' id='word_1_768' title='bbox 2497 5275 2795 5334; x_wconf 88' lang='grc' dir='ltr'>κάλλιστον</span> <span class='ocrx_word' id='word_1_769' title='bbox 2845 5276 3016 5334; x_wconf 87' lang='grc' dir='ltr'>πάλαι</span> <span class='ocrx_word' id='word_1_770' title='bbox 3075 5280 3386 5354; x_wconf 87' lang='grc' dir='ltr'>Μαρκιανὸς</span> <span class='ocrx_word' id='word_1_771' title='bbox 3447 5281 3476 5335; x_wconf 85' lang='grc' dir='ltr'>ὁ</span> <span class='ocrx_word' id='word_1_772' title='bbox 3530 5279 3664 5335; x_wconf 84' lang='grc' dir='ltr'>πάνυ</span> <span class='ocrx_word' id='word_1_773' title='bbox 3703 5279 3806 5335; x_wconf 78' lang='grc' dir='ltr'>ἆν-</span> 
     </span>
    </p>
   </div>
   <div class='ocr_carea' id='block_1_102' title="bbox 2137 5365 3804 5446">
    <p class='ocr_par' dir='ltr' id='par_1_102' title="bbox 2137 5365 3804 5446">
     <span class='ocr_line' id='line_1_102' title="bbox 2137 5365 3804 5446; baseline 0 -20"><span class='ocrx_word' id='word_1_774' title='bbox 2137 5373 2349 5446; x_wconf 79' lang='grc' dir='ltr'>ῄγειρε,</span> <span class='ocrx_word' id='word_1_775' title='bbox 2406 5373 2514 5442; x_wconf 88' lang='grc' dir='ltr'>πῦρ</span> <span class='ocrx_word' id='word_1_776' title='bbox 2573 5365 2633 5424; x_wconf 79' lang='grc' dir='ltr'>δὶ</span> <span class='ocrx_word' id='word_1_777' title='bbox 2669 5365 2944 5443; x_wconf 75' lang='grc' dir='ltr'>ᾗθάλωσε,</span> <span class='ocrx_word' id='word_1_778' title='bbox 3003 5370 3140 5444; x_wconf 79' lang='grc' dir='ltr'>μέρη</span> <span class='ocrx_word' id='word_1_779' title='bbox 3205 5370 3329 5424; x_wconf 80' lang='grc' dir='ltr'>τινὰ</span> <span class='ocrx_word' id='word_1_780' title='bbox 3381 5373 3486 5425; x_wconf 84' lang='grc' dir='ltr'>τοῦ</span> <span class='ocrx_word' id='word_1_781' title='bbox 3541 5369 3804 5426; x_wconf 69' lang='grc' dir='ltr'>τοιούτου</span> 
     </span>
    </p>
   </div>
   <div class='ocr_carea' id='block_1_103' title="bbox 2134 5454 3801 5532">
    <p class='ocr_par' dir='ltr' id='par_1_103' title="bbox 2134 5454 3801 5532">
     <span class='ocr_line' id='line_1_103' title="bbox 2134 5454 3801 5532; baseline -0.02 11"><span class='ocrx_word' id='word_1_782' title='bbox 2134 5459 2394 5532; x_wconf 63' lang='grc' dir='ltr'>τεμένους</span> <span class='ocrx_word' id='word_1_783' title='bbox 2455 5455 2516 5512; x_wconf 67' lang='grc' dir='ltr'>ἐκ</span> <span class='ocrx_word' id='word_1_784' title='bbox 2585 5456 2798 5532; x_wconf 76' lang='grc' dir='ltr'>βάθρων</span> <span class='ocrx_word' id='word_1_785' title='bbox 2861 5454 3190 5530; x_wconf 75' lang='grc' dir='ltr'>δειμάμενος</span> <span class='ocrx_word' id='word_1_786' title='bbox 3252 5461 3350 5512; x_wconf 83' lang='grc' dir='ltr'>τοῦ</span> <span class='ocrx_word' id='word_1_787' title='bbox 3416 5458 3622 5514; x_wconf 83' lang='grc' dir='ltr'>λοιποό</span> <span class='ocrx_word' id='word_1_788' title='bbox 3693 5466 3801 5530; x_wconf 80' lang='grc' dir='ltr'>τῆς</span> 
     </span>
    </p>
   </div>
   <div class='ocr_carea' id='block_1_104' title="bbox 2135 5543 3799 5624">
    <p class='ocr_par' dir='ltr' id='par_1_104' title="bbox 2135 5543 3799 5624">
     <span class='ocr_line' id='line_1_104' title="bbox 2135 5543 3799 5624; baseline 0.001 -20"><span class='ocrx_word' id='word_1_789' title='bbox 2135 5544 2434 5622; x_wconf 86' lang='grc' dir='ltr'>ναοδομίας</span> <span class='ocrx_word' id='word_1_790' title='bbox 2491 5546 2784 5602; x_wconf 75' lang='grc' dir='ltr'>ἐπαύσατο.</span> <span class='ocrx_word' id='word_1_791' title='bbox 2873 5543 3146 5620; x_wconf 79' lang='grc' dir='ltr'>Ἱδρύσατο</span> <span class='ocrx_word' id='word_1_792' title='bbox 3229 5543 3288 5602; x_wconf 71' lang='grc' dir='ltr'>δὶ</span> <span class='ocrx_word' id='word_1_793' title='bbox 3373 5549 3799 5624; x_wconf 72' lang='grc' dir='ltr'>φροντιστήριον</span> 
     </span>
    </p>
   </div>
   <div class='ocr_carea' id='block_1_105' title="bbox 2137 5633 3800 5721">
    <p class='ocr_par' dir='ltr' id='par_1_105' title="bbox 2137 5633 3800 5721">
     <span class='ocr_line' id='line_1_105' title="bbox 2137 5633 3800 5721; baseline 0.001 -26"><span class='ocrx_word' id='word_1_794' title='bbox 2137 5637 2280 5718; x_wconf 74' lang='grc' dir='ltr'>ἱερὸν</span> <span class='ocrx_word' id='word_1_795' title='bbox 2315 5636 2438 5721; x_wconf 86' lang='grc' dir='ltr'>περὶ</span> <span class='ocrx_word' id='word_1_796' title='bbox 2464 5655 2569 5693; x_wconf 92' lang='grc' dir='ltr'>που</span> <span class='ocrx_word' id='word_1_797' title='bbox 2598 5633 2661 5691; x_wconf 86' lang='grc' dir='ltr'>τὸ</span> <span class='ocrx_word' id='word_1_798' title='bbox 2686 5638 2783 5692; x_wconf 85' lang='grc' dir='ltr'>τοῦ</span> <span class='ocrx_word' id='word_1_799' title='bbox 2817 5634 3026 5691; x_wconf 86' lang='grc' dir='ltr'>Πόντου</span> <span class='ocrx_word' id='word_1_800' title='bbox 3065 5635 3264 5712; x_wconf 85' lang='grc' dir='ltr'>στόμα,</span> <span class='ocrx_word' id='word_1_801' title='bbox 3322 5634 3397 5701; x_wconf 80' lang='grc' dir='ltr'>είς</span> <span class='ocrx_word' id='word_1_802' title='bbox 3450 5636 3622 5695; x_wconf 86' lang='grc' dir='ltr'>τόπον</span> <span class='ocrx_word' id='word_1_803' title='bbox 3673 5635 3800 5696; x_wconf 71' lang='grc' dir='ltr'>τινὰ</span> 
     </span>
    </p>
   </div>
  </div>
