4066 6214
212 364 339 423 557

1256 363 1358 423 DE
1399 360 1790 424 MANUELE
1833 357 2211 421 COMNENO
2255 361 2412 422 LIB.
2460 360 2585 423 VII.

3506 376 3624 436 358

216 492 576 563 Κατασκέπην
636 487 957 570 λεγόμενον,
1014 492 1090 557 εἷς
1145 492 1323 569 ὄνομα
1375 500 1476 552 τοῦ
1533 496 1863 571 ἀρχιστρατ-

1985 495 2426 568 improbasse,et
2443 496 2772 567 exemplum
2797 498 3036 570 prodere
3057 505 3304 573 posteris
3345 506 3626 581 voluisse,

216 586 368 661 ήγου
396 581 657 662 Μιχαὴλ,
686 583 806 637 καθ’
860 582 889 636 ὅ
943 588 1049 638 τῶν
1103 585 1226 640 τότε
1285 592 1567 658 μοναστῶν
1596 586 1873 661 ἡθροικὼς

217 671 353 734 τοὺς
452 670 917 744 ὀνομαστοτάτους
1014 692 1075 726 τε
1144 672 1236 728 καὶ
1321 672 1623 748 ἄκρὲμονας
1696 673 1871 742 πάντη

223 757 523 833 μοναδίκὸν
577 759 669 814 καὶ
746 760 1070 835 ἀπράγμονα
1156 762 1396 835 μετιέναι
1454 762 1569 837 βίον
1624 782 1874 836 προεμη-

218 848 473 904 θεόσατο.
534 843 709 909 Εἰδὼς
769 846 872 923 γὰρ
926 849 990 902 τὸ
1039 847 1414 921 κτηματικοὺς
1463 850 1595 904 εἶναι
1625 849 1715 904 καὶ
1744 868 1876 922 τυρ-

220 932 480 1006 ϐάζεσθαι
512 933 680 990 πάλιν
736 936 861 1011 περὶ
908 935 1093 992 πολλᾶ
1147 936 1278 1000 τοὺς
1328 938 1418 993 τὸν
1452 936 1715 1012 ἐρημικὸν
1753 938 1872 1011 βίον

220 1024 589 1097 ἀνελομένους
642 1030 744 1094 τῆς
799 1024 1035 1100 ἡσυχίας
1112 1030 1246 1104 σφᾶς
1308 1028 1570 1101 μεθιστῶν
1628 1027 1718 1082 καὶ
1774 1030 1872 1081 τοῦ

217 1112 359 1168 κατᾶ
387 1113 519 1168 Θεὸν
551 1115 647 1186 ζῇν
706 1112 938 1188 άπάγον,
995 1117 1160 1169 τοῦτο
1220 1111 1286 1184 δὴ
1346 1115 1409 1171 τὸ
1455 1114 1653 1170 οἰκεῖον
1688 1113 1872 1176 αὐτοῖς

218 1200 567 1278 ἐπάγγελμα,
625 1198 775 1257 οὐδὲν
832 1200 1111 1273 κτησίδιον
1156 1202 1341 1266 αὐτοῖς
1390 1204 1701 1277 ἀπετάμιτο
1751 1201 1875 1265 οὔτε

218 1293 332 1366 μὴν
395 1290 593 1366 ἀγροὺς
649 1289 739 1346 καὶ
792 1290 1124 1366 ἀμπελῶνας
1177 1297 1256 1365 τῷ
1312 1294 1718 1370 φροντιστηρίῳ
1766 1292 1873 1347 άπ-

212 1381 398 1452 έταξε,
462 1386 631 1437 πᾶσαν
706 1378 763 1437 δὲ
833 1386 952 1445 τοῖς
1031 1388 1320 1457 μονασταῖς
1389 1381 1597 1440 δίαιταν
1665 1381 1725 1439 ἐκ
1760 1387 1867 1439 τῶν

220 1470 528 1547 βασιλικῶν
600 1475 897 1546 χρυσώνων
983 1470 1354 1549 ἐπιμετρήσας
1438 1471 1640 1529 ἐκεῖθεν
1698 1474 1871 1543 αὐτὴν

217 1555 533 1632 ἐϐράϐευεν,
586 1560 919 1634 ἀνακόπτων,
995 1560 1174 1636 οἶμαι,
1251 1561 1484 1617 ἐντεῦθεν
1538 1563 1633 1617 τὸν
1699 1561 1872 1617 πολὺν

216 1643 402 1723 ἔρωτα
429 1653 536 1703 τῶν
589 1646 859 1704 πλείστων
917 1650 1042 1725 περὶ
1098 1653 1200 1706 τοῦ
1261 1652 1429 1724 μονὰς
1480 1655 1749 1722 συνιστᾷν,
1781 1650 1871 1705 καὶ

217 1740 465 1814 [Ρ.135]
518 1734 860 1814 παράδειγμα
915 1735 1103 1802 διδοὺς
1155 1745 1275 1802 τοῖς
1337 1739 1656 1813 μετόπισθεν
1718 1738 1870 1801 ὅπως

219 1826 406 1902 χρεὼν
453 1826 585 1887 νεὼς
631 1827 843 1898 ἀνιστᾷν
891 1826 983 1882 καὶ
1037 1825 1160 1882 οἵαν
1212 1826 1329 1883 δέον
1386 1829 1690 1902 ἑτοιμάζειν
1740 1828 1869 1903 τρά-
1903 1868 1949 1933 Β

298 1920 325 1933 ε.
486 1920 510 1931 ι-
588 1915 603 1933 ’
824 1921 847 1932 υ
988 1916 1001 1933 \
1074 1911 1153 1933 τοι
1374 1918 1387 1933 \
1481 1924 1509 1933 ι..
1577 1916 1629 1933 ρικ
1744 1917 1758 1933 Ω

220 1920 393 1984 πεζαν
422 1920 535 1979 τοῖς
585 1915 874 1991 ἐρημικοῖς
913 1916 1004 1971 καὶ
1062 1911 1245 1979 ἀϐίοις
1300 1918 1390 1973 καὶ
1443 1924 1544 1988 τῆς
1575 1916 1714 1990 ὕλης
1744 1917 1872 1972 ἑαυ-

218 2002 359 2066 τοῦς
410 2002 678 2062 ἱκλῦσασι.
737 2007 1009 2063 Τοσοῦτον
1086 2003 1132 2061 δ’
1208 2008 1405 2083 ἀπεῖχε
1459 2012 1556 2064 τοῦ
1622 2010 1721 2077 τήν
1780 2010 1871 2062 νῦν

216 2094 539 2150 κατάστασιν
594 2093 848 2167 ἐπαινεῖν,
908 2096 960 2150 οἳ
1024 2097 1268 2170 μονάζειν
1336 2098 1431 2170 μὲν
1500 2095 1869 2174 έπαγγέλλὸν-

209 2207 324 2256 ται,
358 2184 783 2261 πολυκτήμονες
840 2183 897 2241 δὲ
952 2187 1040 2242 καὶ
1096 2185 1523 2266 ποΛυφρόντιδές
1565 2187 1697 2244 εἰσιν
1735 2189 1866 2265 ὑπὲρ

212 2277 339 2339 τοὺς
396 2280 469 2350 τῇ
527 2273 754 2341 ἐνταῦθα
810 2273 1179 2355 φιληδοῦντας
1238 2281 1373 2352 ζωῇ,
1434 2278 1571 2333 ὥστε
1627 2279 1718 2334 καὶ
1765 2280 1866 2347 τήν

210 2364 402 2442 νεαρὰν
432 2364 773 2439 νομοθεσίαν,
815 2362 881 2434 ἤν
915 2367 942 2419 ὁ
997 2364 1383 2442 βασιλεύτατός
1432 2372 1509 2441 τῷ
1548 2362 1659 2423 ὄντι
1690 2369 1866 2438 Νικη-

213 2455 380 2532 φόρος
413 2455 444 2509 ὁ
478 2460 696 2527 Φωκᾶς,
729 2455 759 2509 ὁ
787 2455 886 2524 τὴν
943 2453 1101 2529 ἰσχὺν
1149 2458 1393 2530 ἡρωϊκὸς
1442 2456 1531 2511 καὶ
1561 2454 1737 2520 πολὺς
1764 2457 1865 2526 τήν

216 2542 449 2616 σύνεσιν,
509 2537 659 2607 ἔθετο
717 2543 993 2599 παύουσαν
1048 2545 1142 2605 τὰς
1204 2546 1369 2617 μονάς
1436 2540 1865 2618 ἔμπλατυνεσθαι

215 2636 458 2704 κτήσεσι,
520 2635 841 2703 τεθνηκυῖαν
899 2633 1072 2691 πάλαι
1129 2639 1210 2707 τῶ
1256 2635 1443 2710 χρόνῳ
1490 2635 1579 2690 καὶ
1608 2636 1671 2690 τὸ
1701 2640 1865 2711 κῦρος

217 2723 582 2796 ἀποθεμένην,
638 2727 719 2795 τῷ
775 2722 986 2799 ἐρυθρῷ
1040 2727 1139 2794 τῆς
1210 2722 1493 2799 βασιλείου
1558 2725 1735 2803 βαφῆς
1793 2723 1867 2786 ὡς

218 2811 406 2887 α’ίματι
446 2811 763 2887 ἀναθάλψας
812 2813 1081 2884 ἐζώωσεν.
1133 2816 1211 2873 Οὐ
1264 2817 1371 2890 μὴν
1401 2812 1459 2870 δὲ
1490 2813 1636 2871 ἄλλα
1664 2816 1753 2870 καὶ
1785 2819 1865 2888 τῷ

214 2905 376 2977 πατρί
405 2904 496 2958 καὶ
530 2908 609 2975 τῷ
646 2903 853 2976 πάππῳ
881 2905 970 2959 καὶ
1016 2909 1136 2969 τοῖς
1188 2906 1306 2959 καθ’
1337 2906 1476 2978 αἷμά
1525 2906 1864 2979 προσήκουσι

214 2990 433 3055 λοιποῖς
470 2994 690 3063 ἅπασιν,
715 2992 818 3048 ὁπό
850 3014 933 3047 σοι
970 2993 1140 3067 μονὰς
1171 2991 1488 3067 δειμάμενοι
1521 2991 1624 3048 ὅλα
1655 2991 1867 3067 πλέθρα

211 3090 315 3157 γῆς
345 3077 670 3160 καρποφόρα
713 3082 802 3137 καὶ
852 3081 1130 3157 λειμῶνας
1168 3081 1442 3160 χλοεροὺς
1478 3083 1663 3147 αὐταῖς
1693 3104 1862 3159 προσ-

212 3171 903 3249 εκλήρωσαν,ἐπεγκαλῶν
961 3172 1062 3230 οὒκ
1117 3173 1367 3244 ἐπαύετο,
1427 3174 1488 3230 οὐ
1539 3175 1674 3230 κατὰ
1700 3178 1863 3230 τοῦτο

214 3266 603 3337 μεμψιμοιρῶν
688 3259 724 3332 ἤ
816 3270 1067 3338 μυκτῆρα
1121 3264 1402 3341 καταχέων
1492 3262 1701 3320 πλατὺν
1749 3269 1858 3319 τῶν

1985 599 2098 656 quo
2126 585 2293 656 pacto
2322 582 2537 653 templa
2566 584 2892 653 condenda,
2922 590 2979 642 et
3011 604 3138 658 qua:
3196 592 3427 651 vivendi
3482 596 3628 652 ratio

1984 671 2238 728 eremitis
2272 671 2627 744 pauperibus
2649 675 3026 732 etaterrenis
3073 677 3248 734 rebus
3295 697 3359 735 se
3408 684 3630 739 abstra-

1983 761 2261 818 hentibus
2292 766 2666 835 proponenda
2701 765 2797 820 sit.
2830 767 3085 822 Tantum
3112 773 3304 823 autem
3338 771 3524 826 abfuit
3567 777 3631 828 ut

1982 867 2185 906 eorum
2219 851 2551 908 institutum
2592 852 2879 920 laudaret,
2904 856 3000 925 qui
3028 858 3415 913 monasticam
3448 859 3625 914 vitam

1983 939 2231 1010 professi
2264 944 2321 995 et
2353 941 2560 1011 opibus
2582 942 2833 997 atiluunt
2859 948 2915 998 et
2944 945 3322 1001 multitudine
3351 963 3625 1003 curarum

1984 1030 2173 1102 magis
2204 1031 2610 1087 distrahuntur
2639 1049 2813 1102 quam
2872 1035 3019 1090 271
3086 1035 3123 1090 ii
3156 1036 3254 1108 qui
3287 1037 3464 1108 hujus
3496 1040 3621 1095 vita

1983 1118 2206 1174 deliciis
2274 1129 2649 1191 occupantur,
2729 1126 2792 1177 ut
2875 1123 3229 1179 sanctionem
3315 1125 3623 1199 Nicephori

1983 1207 2204 1277 Phucze,
2237 1207 2541 1264 fortissimi
2573 1214 2630 1265 et
2654 1211 3444 1285 cordatissimiimperatoris,
3480 1217 3618 1271 olim

1981 1295 2281 1368 abolitam,
2314 1298 2384 1354 de
2415 1315 2528 1354 non
2561 1300 2842 1371 augendis
2878 1303 3342 1359 monasteriorum
3380 1303 3620 1359 latifun-

1982 1386 2118 1454 diis,
2149 1385 2314 1458 quasi
2362 1386 2724 1458 postliminio
2778 1389 3076 1459 revocarit,
3137 1408 3323 1463 neque
3371 1397 3617 1464 patrem,

1981 1492 2155 1531 avum
2188 1482 2541 1548 caatcrosque
2573 1484 2849 1549 cognatos
2871 1495 3007 1534 suos
3036 1496 3259 1549 omnes,
3284 1481 3383 1552 qui
3414 1499 3618 1539 mona-

1981 1565 2174 1622 steriis
2206 1564 2569 1637 amplissima
2594 1567 2804 1638 praedia
2861 1568 3165 1637 douarant,
3210 1571 3477 1628 incusare
3518 1573 3616 1628 de-

1980 1654 2219 1725 stiterit,
2262 1673 2379 1713 non
2412 1656 2566 1727 quod
2597 1657 2667 1712 de
2689 1659 2814 1713 suis
2836 1657 3044 1730 opibus
3084 1658 3199 1715 Deo
3235 1659 3453 1731 aliquid
3482 1677 3622 1718 con-

1981 1754 2328 1817 secrassent,
2363 1747 2462 1802 sed
2515 1747 2670 1817 quod
2730 1763 2851 1803 rem
2907 1748 3119 1804 bonam
3179 1748 3329 1805 male
3369 1749 3624 1806 admini-

1980 1837 2288 1891 strassent.
2351 1834 2498 1893 Nam
2558 1851 2691 1891 cum
2762 1835 3064 1891 monachis
3125 1836 3509 1894 habitationes
3564 1838 3625 1894 in

1983 1923 2197 1980 abditis
2228 1926 2285 1980 et
2317 1924 2563 1979 desertis
2594 1922 2759 1990 locis,
2792 1925 2851 1980 in
2883 1925 3066 1982 antris
3107 1930 3163 1981 et
3212 1926 3497 1983 montium
3529 1944 3623 1983 ca-

1981 2012 2317 2069 cuminibus
2348 2013 2710 2083 assignandae
2739 2016 2956 2081 essent,
3000 2017 3054 2069 et
3100 2014 3288 2084 Cpolis
3342 2018 3621 2085 tanquam

1979 2102 2248 2157 Sirenum
2271 2106 2479 2158 cantus
2503 2102 2762 2172 vitanda,
2795 2100 3038 2173 gloriola
3059 2102 3264 2158 ductos
3303 2103 3624 2159 incrustata

1980 2207 2089 2248 sua
2118 2190 2388 2263 sepulcra
2444 2194 2501 2246 et
2546 2190 2704 2248 vario
2760 2207 3052 2247 marmore
3093 2194 3369 2247 exornata
3416 2189 3489 2245 iis
3520 2189 3618 2262 qui

1978 2283 2093 2337 tem
2103 2280 2199 2352 pla
2218 2279 2622 2352 ingrediantur
2642 2280 2959 2352 spectanda
2982 2279 3439 2352 proposuisse,et
3461 2295 3617 2335 mor-

1977 2374 2111 2426 tuos
2133 2386 2357 2443 quoque
2378 2369 2642 2426 coronari
2668 2374 2723 2425 et
2755 2368 2925 2425 hilari
2986 2369 3404 2441 splendideque
3451 2368 3616 2425 vultu

1977 2459 2229 2530 conspici
2256 2458 2522 2525 voluisse,
2563 2462 2620 2515 et
2645 2458 2703 2514 in
2737 2459 2857 2516 foro
2913 2475 2977 2514 ac
3024 2458 3210 2515 triviis
3260 2459 3615 2515 monasteria

1976 2548 2315 2619 aedificasse,
2349 2553 2404 2603 et
2429 2547 2510 2604 ibi
2534 2547 2693 2604 nullo
2724 2565 2858 2604 cum
2893 2547 3119 2604 delectu
3168 2548 3402 2604 virtutis
3459 2546 3618 2604 velut

1975 2638 2034 2693 in
2058 2653 2231 2694 cavea
2250 2637 2611 2694 conclusisse
2641 2653 2761 2707 eos,
2792 2640 2894 2710 qui
2943 2638 3257 2695 monachos
3310 2654 3425 2694 non
3466 2636 3619 2693 ultra

1977 2732 2209 2784 tonsum
2239 2726 2516 2798 capillum
2548 2730 2603 2781 et
2625 2732 2915 2784 mutatum
2949 2726 3215 2784 habitum
3246 2727 3619 2799 promissam-

1977 2834 2089 2889 que
2123 2817 2363 2872 barbam
2413 2815 2821 2888 exprimerent.
2883 2817 2988 2873 Bis
3040 2816 3218 2889 igitur
3274 2817 3345 2872 de
3402 2816 3617 2884 causis,

1976 2907 2096 2963 sive
2120 2909 2184 2961 ut
2205 2905 2593 2961 monasticam
2619 2905 3071 2961 sanctimoniam
3093 2910 3397 2962 nutantem
3428 2920 3494 2960 ac
3524 2920 3622 2977 po-

1972 2997 2092 3052 tius
2115 2995 2277 3051 humi
2305 2996 2420 3051 fere
2446 2999 2790 3067 prostratam
2853 2995 3101 3067 fulciret,
3172 2995 3291 3052 sive
3350 2998 3618 3051 metuens

1977 3102 2046 3141 ne
2077 3086 2230 3142 272
2264 3101 2330 3141 ea
2367 3085 2493 3157 ipse
2551 3085 2736 3141 facere
2786 3085 3079 3141 diceretur
3135 3102 3260 3156 quae
3320 3084 3627 3156 reprehen-

1974 3175 2158 3242 deret,
2191 3174 2473 3231 rationem
2507 3191 2541 3231 a
2570 3174 2694 3231 suis
2726 3174 3054 3246 majoribus
3085 3176 3375 3231 diversam
3406 3178 3496 3231 est
3527 3188 3622 3230 se-

1976 3268 2169 3321 cutus.

219 3350 544 3427 ἆνθρώπων,
600 3350 684 3407 ὅτι
737 3358 837 3422 τῆς
896 3351 1083 3415 οὐσίας
1137 3356 1254 3425 Θεῷ
1307 3374 1359 3409 τι
1415 3354 1727 3428 ἀπένειμαν,
1784 3350 1912 3408 ἀλλ’
1971 3351 2052 3408 ὅτι
2113 3353 2188 3426 μή
2246 3351 2432 3413 καλῶς
2496 3351 2559 3407 τὸ
2616 3349 2785 3407 καλὸν
2847 3352 3185 3429 εἰργάσαντο.
3246 3351 3371 3407 Δέον
3422 3351 3526 3427 γὰρ
3569 3348 3621 3405 ἐν

216 3441 404 3505 τόποις
454 3438 863 3517 δυσερευνήτοις
927 3443 1016 3497 καὶ
1079 3441 1313 3517 χωρίοις
1363 3444 1704 3518 πανερήμοις
1756 3442 1846 3496 καὶ
1913 3440 2200 3512 σπηλαίων
2253 3440 2412 3503 ὀπαῖς
2464 3440 2552 3496 καὶ
2611 3442 2752 3515 ὀρῶν
2810 3446 3114 3511 περιωπαῖς
3168 3446 3286 3503 τοῖς
3347 3440 3625 3514 μονάζου-

222 3550 302 3583 σιν
357 3528 617 3603 ἆποτάξαι
682 3530 747 3586 τὸ
806 3532 1095 3604 σκήνωμα,
1151 3530 1240 3586 καὶ
1307 3530 1553 3607 παριδεῖν
1610 3533 1835 3603 ταυτηνὶ
1903 3532 2003 3601 τὴν
2065 3528 2146 3608 ἔφ’
2203 3528 2606 3603 Ἑλλησπόντῳ
2660 3531 2915 3605 κειμένην
2983 3528 3318 3585 καλλίπολιν
3386 3530 3461 3589 ὡς
3526 3529 3619 3582 τὸν

221 3617 398 3674 λωτὸν
461 3617 749 3682 Ὀδυσσεὺς
803 3620 895 3676 καὶ
954 3621 1242 3696 Σειρήνεια
1301 3619 1442 3694 μέλη
1500 3622 1567 3677 τὰ
1624 3618 2065 3689 δυσαπόσπαστα,
2145 3621 2197 3675 οἱ
2266 3617 2325 3675 δὲ
2397 3621 2488 3675 τὸν
2549 3618 2600 3691 ἒξ
2641 3619 2940 3695 ἀνθρώπων
2999 3620 3312 3693 θηρώμενοι
3372 3614 3616 3687 ἔπαινον,

222 3708 477 3772 καὶτοὺς
536 3709 950 3784 κεκονιαμένους
1007 3710 1212 3766 ἑαυτῶν
1264 3731 1468 3786 ταφους
1519 3712 1610 3766 καὶ
1668 3714 1866 3790 ψηφῖσι
1931 3709 2370 3785 πολυχρώσμοις
2428 3707 2843 3781 διηνθισμένους
2900 3707 2975 3769 εἷς
3033 3708 3154 3761 θέαν
3217 3711 3332 3767 τοῖς
3390 3703 3619 3758 εἰσιοῦσι

223 3798 350 3862 τοὺς
405 3800 537 3863 νεὼς
613 3799 981 3876 προτιθέντες,
1046 3800 1137 3855 καὶ
1202 3800 1384 3876 νεκροὶ
1446 3799 1676 3876 ἐρῶντες
1761 3801 2182 3878 στεφανούμενοι
2257 3796 2561 3861 δείκνυσθαι
2635 3798 2723 3852 καὶ
2798 3795 3048 3851 στιλπνοὶ
3114 3795 3205 3850 καὶ
3271 3791 3486 3867 φαιδροί
3554 3792 3622 3847 τὰ

226 3910 514 3964 πρόσωπα,
582 3888 666 3945 ἐπ’
732 3889 934 3965 ἀγορᾶς
1006 3909 1064 3945 τε
1128 3890 1219 3944 καὶ
1287 3888 1519 3964 τριόδων
1586 3891 1653 3946 τὰ
1717 3892 1832 3946 θεῖα
1897 3887 2260 3962 ᾠκοδόμησαν
2309 3888 2713 3964 φροντιστήρια,
2780 3884 3223 3946 ἒνλακκεύσαντες
3292 3882 3343 3937 ἒν
3406 3880 3623 3942 τούτοις

226 3980 313 4033 καὶ
368 3978 755 4050 ἑνσηκάσαντες
814 3978 913 4034 οὐκ
972 3975 1266 4056 ἐπιλέγδην
1325 3981 1388 4034 τὸ
1445 3979 1751 4053 ἆρεταῖνον,
1808 3981 1869 4034 τὸ
1927 3977 1985 4033 δῖε
2045 3977 2213 4055 μέχρι
2269 3979 2481 4053 τριχῶν
2540 3970 2828 4043 ἀποϐολῆς
2875 3973 2965 4028 καὶ
3006 3980 3107 4042 τῆς
3155 3976 3259 4026 τῶν
3297 3968 3620 4043 ἐσθημάτων

230 4064 543 4142 μεταϐολῆς
572 4068 662 4123 καὶ
690 4073 789 4123 τοῦ
820 4067 1115 4146 ἆφειμένου
1148 4068 1417 4138 πώγωνος
1448 4071 1859 4144 χαρακτηρίζον
1898 4068 1992 4124 τὸν
2045 4067 2336 4140 μοναστήν.
2369 4064 2467 4119 Διὰ
2494 4067 2661 4119 ταῦτα
2689 4062 2863 4119 τοίνυν
2897 4061 3005 4117 εἶ’τε
3036 4064 3132 4132 τήν
3166 4057 3459 4135 μοναδικὴν
3497 4059 3625 4114 ὑπε-

228 4155 420 4235 ρείδων
449 4159 759 4232 σεμνότητα
787 4154 896 4229 ἤδη
927 4156 1337 4232 ἀφαντουμένην
1370 4158 1460 4213 καὶ
1491 4166 1667 4234 πρηνῆ
1725 4158 1813 4213 ἐπὶ
1862 4159 2038 4231 στόμα
2089 4154 2414 4224 πίπτουσαν,
2458 4151 2563 4208 εἶ’τε
2605 4154 2714 4225 μὴν
2753 4149 2922 4215 δεδὼς
2950 4153 3026 4225 μὴ
3060 4149 3257 4206 ἐσεῖται
3291 4150 3450 4225 μέσος
3482 4148 3633 4229 ληφ-

227 4247 339 4312 θεὶς
367 4247 443 4310 ὡς
472 4247 683 4322 χαίρων
716 4249 799 4311 οἷς
824 4241 1173 4318 διεϐέϐλητο,
1206 4247 1388 4322 ἑτέραν
1422 4247 1679 4325 ἐτράπετο
1709 4250 1775 4316 ἧς
1815 4248 1866 4302 οἱ
1890 4246 1941 4319 ἐξ
1972 4246 2205 4319 αἳματος
2236 4241 2426 4315 ἐκείνῳ
2455 4236 2728 4298 ἐϐάδισαν.

299 4427 361 4486 δ’.
415 4435 630 4505 Θεσμοῦ
686 4429 744 4487 δὲ
800 4429 947 4507 παρὰ
1015 4429 1310 4505 Ῥωμαίοις
1382 4430 1657 4504 κειμένου,
1715 4431 1875 4503 οἶμαι
1916 4434 1959 4501 C

225 4518 288 4576 δὲ
335 4519 427 4575 καὶ
482 4522 631 4596 παρά
688 4514 994 4596 Βαρϐάροις
1046 4520 1229 4583 αὺτοῖς
1280 4523 1633 4596 κρατοῦντος,
1667 4519 1879 4593 ὀψώνια

225 4614 347 4670 τοῖς
404 4609 855 4684 στρατευομένοις
911 4607 1266 4683 παρέχεσθαι,
1321 4608 1412 4664 καὶ
1468 4609 1677 4663 τούτων
1735 4604 1879 4662 πολ-

226 4697 383 4760 λάκις
407 4695 619 4768 ἔκταξιν
674 4698 939 4774 γίνεσθαι,
998 4697 1045 4752 εἰ
1102 4697 1455 4767 εὐοπλοῦσιν,
1486 4695 1532 4753 εἰ
1561 4701 1668 4751 τῶν
1695 4694 1884 4752 ’ίππων

226 4786 692 4861 ἐπιμεμέληνται,
740 4785 892 4842 ἀλλὰ
935 4786 1024 4842 καὶ
1079 4787 1209 4849 τοὺς
1265 4787 1459 4842 νεωστὶ
1519 4786 1885 4862 στρατευομέ-

228 4897 352 4937 νους
383 4877 653 4953 πρότερον
704 4874 1063 4949 ἐξετάζεσθαι,
1117 4875 1161 4930 εἷ
1221 4873 1505 4949 εὐρώστως
1549 4871 1742 4953 ἔχουσι
1771 4880 1880 4931 τῶν

232 4967 527 5039 σωμάτων,
588 4965 633 5019 εἰ
685 4965 856 5035 τόξων
913 4964 1045 5019 εἰσὶν
1105 4961 1416 5037 εἰδήμονες,
1475 4963 1521 5019 εἷ
1576 4962 1882 5040 κραδαίνειν

235 5052 367 5127 δόρυ
411 5054 750 5127 ἐπήσκησαν,
810 5054 912 5118 εἶθ’
971 5052 1119 5108 οὕτω
1175 5058 1293 5116 τοῖς
1347 5051 1675 5127 καταλόγοις
1729 5052 1887 5129 ἐγγά-

238 5146 445 5222 φεσθαι,
480 5146 508 5200 ὁ
541 5143 798 5219 βασιλεὺς
847 5143 1006 5205 οὗτος
1050 5144 1117 5199 τὰ
1163 5148 1280 5205 τοῖς
1330 5143 1687 5216 στρατιώταις
1735 5139 1885 5197 διδό-

242 5253 373 5306 μενα
418 5233 702 5304 σιτηρέσια
749 5232 824 5293 ὡς
878 5231 954 5294 εἰς
1014 5229 1305 5305 δεξαμενὴν
1353 5227 1498 5305 ὕδωρ
1554 5230 1621 5286 τὰ
1665 5234 1886 5303 ταμιεῖα

238 5323 477 5398 συσχὼν,
521 5322 641 5378 ίᾶτο
670 5321 734 5377 τὸ
764 5318 922 5395 δίψος
966 5325 1074 5376 τῶν
1134 5319 1547 5394 στρατευμάτων
1576 5323 1693 5380 ταῖς
1724 5318 1885 5394 λεγο-

241 5411 424 5484 μέναις
477 5417 587 5468 τῶν
659 5411 942 5487 παροίκων
1005 5406 1256 5481 δωρεαῖς,
1323 5405 1466 5484 ἔργῳ
1529 5405 1885 5482 καταχρησάο

239 5521 397 5574 μενος
442 5502 594 5577 παρὰ
646 5504 756 5557 τῶν
810 5499 1002 5576 πρώην
1059 5497 1412 5576 έφευρημένῳ
1476 5495 1744 5571 βασιλέων
1795 5499 1887 5554 καὶ

238 5592 474 5658 σπανίως
505 5589 595 5648 ἰπί
643 5611 752 5647 τισι
800 5587 1070 5665 γινομένῳ
1125 5587 1251 5651 τοὺς
1281 5585 1586 5661 πολεμίους
1615 5585 1891 5654 πολλάκις

238 5686 587 5762 συγκόψασιν.
643 5680 873 5747 Ἔλαθεν
931 5678 1025 5737 οὖν
1078 5677 1315 5737 ἐντεῦθεν
1372 5678 1464 5736 καὶ
1510 5678 1573 5736 τὸ
1617 5697 1888 5758 στρατιωιο

2064 4432 2116 4487 4.
2147 4434 2279 4486 Jam
2313 4429 2450 4500 quia
2470 4427 2770 4496 Romanis;
2806 4443 2871 4483 ac
2894 4425 3161 4484 Barbarie
3182 4426 3378 4495 etiam,
3410 4429 3477 4482 ut
3505 4423 3635 4499 opi-

1988 4537 2116 4587 nor,
2149 4519 2325 4576 estin
2357 4533 2516 4574 more
2566 4516 2825 4589 positum
2876 4520 2941 4571 ut
2998 4515 3289 4589 stipendia
3342 4514 3634 4572 militibus

1988 4608 2285 4665 solvantur
2315 4610 2372 4662 et
2402 4609 2441 4662 1i
2472 4622 2623 4677 saepe
2676 4604 2736 4660 in
2800 4605 3060 4660 medium
3122 4605 3542 4676 producantur,
3576 4609 3638 4660 ut

1989 4697 2329 4769 exquiratur
2359 4713 2431 4752 an
2466 4693 2648 4751 armis
2682 4693 2954 4750 instructi
2984 4694 3124 4762 sint,
3149 4711 3219 4750 an
3245 4709 3429 4765 equos
3462 4692 3641 4764 probe

1991 4790 2227 4843 curatos
2258 4785 2510 4842 habeant
2543 4802 2557 4853 ;
2586 4784 2727 4840 item
2784 4792 2847 4839 ut
2901 4784 3142 4854 tirones,
3194 4783 3537 4854 priusquam
3578 4779 3636 4833 in

1991 4875 2284 4948 catalogos
2338 4875 2685 4942 referantur,
2734 4871 3110 4944 explorentur
3172 4887 3245 4926 an
3297 4868 3639 4940 corporibus

1991 4965 2242 5034 valeant,
2272 4982 2347 5021 an
2377 4964 2654 5036 sagittare
2702 4962 2910 5029 sciant,
2971 4977 3043 5016 an
3075 4958 3355 5015 vibranda
3385 4956 3549 5011 hasta
3578 4966 3639 5006 se

1993 5052 2395 5121 exercuerint;
2431 5053 2523 5108 hic
2554 5050 2865 5123 imperaior
2916 5046 3210 5119 stipendia
3266 5041 3541 5099 militaria
3578 5038 3638 5094 in

1997 5144 2200 5200 fiscum
2260 5146 2543 5213 tanquam
2602 5156 2785 5211 aquas
2842 5137 2903 5192 in
2964 5136 3275 5192 cisternam
3334 5130 3541 5203 coegit,
3585 5131 3643 5186 et

1994 5233 2356 5289 exercituum
2388 5230 2765 5301 cupiditatem
2800 5225 3095 5283 donativis
3142 5239 3266 5295 qua:
3318 5220 3641 5277 incolarum

1995 5321 2271 5378 dicuntur
2300 5318 2531 5386 levavit,
2563 5317 2782 5372 abusus
2816 5330 2878 5369 re
2910 5331 2944 5369 a
2987 5312 3277 5369 veteribus
3330 5309 3647 5382 imperato-

1996 5410 2161 5467 ribus
2193 5408 2427 5463 inventa
2474 5414 2529 5461 et
2559 5421 2685 5461 raro
2743 5410 3031 5473 usurpata
3089 5402 3148 5456 in
3196 5414 3295 5456 eos
3321 5398 3417 5470 qui
3449 5399 3649 5455 hostes

1996 5514 2150 5571 saepe
2195 5496 2540 5553 ceciderant.
2594 5493 2737 5549 Hinc
2786 5492 3006 5547 factum
3056 5494 3147 5547 est
3199 5496 3261 5545 ut
3317 5494 3374 5545 et
3432 5489 3653 5547 milites

1995 5589 2432 5654 enervarentur,
2490 5588 2545 5639 et
2623 5582 2944 5639 maximum
2999 5580 3259 5654 pecuniae
3309 5579 3535 5639 ﬂumen
3594 5580 3656 5637 in

1997 5683 2236 5754 ignavos
2264 5679 2493 5737 ventres
2528 5674 2945 5747 effunderetur,
2992 5678 3050 5733 et
3100 5675 3384 5736 Romanis
3431 5674 3661 5748 provin‘
