4066 6214
449 383 566 444 559

1765 372 1825 433 N
1836 369 2088 433 lCETzE
2127 371 2560 436 CHONIATE

3733 369 3849 433 560

449 516 550 574 cite
583 512 737 570 male
783 510 1194 569 tractarentur.
1252 505 1398 562 Nam
1457 508 1515 563 et
1569 505 1799 562 strenui
1857 504 2092 570 milites,

2211 505 2356 560 τικὸν
2402 505 2731 580 ἀτονώτερον
2779 499 3151 580 ἐργασάμενος
3207 500 3300 558 xui
3363 500 3668 578 χρημάτων
3721 497 3850 556 3:66-

450 623 582 663 cum
618 620 732 660 non
766 599 1021 672 amplius
1054 598 1112 654 id
1143 599 1547 670 exspectarent
1590 611 1706 668 quo
1734 594 2107 668 peculiariter

449 697 520 752 ad
553 695 824 749 virtutem
859 688 1127 745 bellicam
1152 687 1576 755 excitabantur,
1609 685 1761 758 quod
1827 690 1945 741 tum
1979 700 2106 758 pro.

452 784 674 839 miscue
705 779 978 836 omnibus
1009 777 1158 834 idem
1187 776 1492 850 preemium
1555 774 1918 848 propositum
1953 778 2101 841 erat,

449 871 809 928 alacritatem
835 869 988 927 218
1011 867 1174 924 illam
1204 868 1262 922 in
1293 865 1570 938 periculis
1601 865 1888 921 adeundis
1941 864 2106 935 abje-

447 965 656 1019 cerunt
686 978 709 1026 ;
737 964 795 1017 et
827 956 1238 1032 provinciales,
1273 955 1372 1027 qui
1407 954 1545 1011 olim
1593 953 1732 1010 lico
1793 953 2099 1026 pecuniam

449 1049 864 1118 numerabant,
898 1067 930 1104 a
961 1046 1201 1102 militari
1233 1044 1478 1101 avaritia
1508 1043 1764 1116 pessime
1811 1047 1950 1098 sunt
1979 1047 2100 1099 tra-

447 1141 609 1208 ctati,
642 1143 847 1212 erepta
883 1153 1001 1192 non
1027 1134 1275 1208 pecunia
1315 1138 1568 1204 tantum,
1627 1133 1730 1189 sed
1788 1140 1842 1190 et
1891 1131 2103 1188 intima

449 1231 673 1296 tunica,
727 1227 1043 1300 aliquando
1101 1243 1135 1280 a
1189 1223 1390 1281 liberis
1445 1227 1502 1278 et
1555 1221 1836 1279 uxoribus
1891 1219 2101 1277 avulsi.

445 1317 694 1376 Proinde
726 1317 975 1389 quilibet
1032 1313 1255 1370 militiae
1315 1328 1529 1369 nomen
1589 1311 1788 1379 dabat,
1819 1315 1877 1366 et
1929 1309 2102 1366 multi

444 1403 809 1479 ignavissimi
840 1411 892 1458 et
924 1399 1316 1458 sordidissimi
1355 1399 1618 1472 Opifices,
1649 1399 1738 1454 vel
1782 1415 1933 1470 equo
1965 1403 2103 1454 Per-

443 1495 564 1551 sieo
598 1495 806 1550 donalo
841 1492 926 1547 vel
961 1490 1165 1562 paucis
1197 1487 1388 1544 aureis
1420 1488 1596 1554 datis,
1653 1487 1814 1544 nullo
1872 1487 2101 1544 delectu

448 1591 573 1639 acto
601 1582 660 1636 in
695 1580 953 1636 militum
985 1578 1279 1650 catalogos
1340 1575 1504 1633 relati
1565 1575 1776 1632 litteris
1824 1576 2102 1649 imperia-

455 1671 612 1727 libus
642 1669 863 1740 irrigua
909 1672 1078 1741 prata
1135 1672 1192 1722 et
1248 1683 1384 1723 rura
1441 1665 1654 1723 fertilia
1707 1671 1765 1722 et
1811 1665 2102 1723 Romanos

445 1758 789 1815 tributarios
819 1757 1207 1830 accipiebant,
1263 1760 1329 1812 ut
1387 1755 1470 1812 eis
1530 1755 1844 1828 aliquando
1903 1755 2101 1812 servili

443 1848 650 1904 habitu
679 1847 1085 1904 ministrarent
1113 1863 1128 1913 ;
1160 1849 1216 1900 et
1246 1845 1334 1900 vir
1363 1845 1664 1902 Romanus
1691 1844 1849 1915 gravi
1910 1844 2099 1913 vultu,

441 1939 529 1994 rei
561 1934 836 1992 militaris
864 1935 1110 2007 peritus,
1167 1940 1222 1990 et
1277 1937 1442 1990 tanto
1499 1931 1874 1990 excellentior
1924 1938 1988 1989 ut
2017 1933 2101 1989 illi

446 2029 822 2098 comparatus
855 2022 1112 2080 Achilles
1140 2021 1457 2090 videretur,
1481 2025 1583 2078 aut
1623 2021 1856 2077 duabus
1911 2021 2098 2078 mani-

443 2116 555 2172 bus
583 2119 845 2171 armatus
875 2129 1010 2169 cum
1056 2127 1122 2168 eo
1183 2116 1624 2182 compararetur
1681 2111 1780 2182 qui
1833 2115 2100 2167 neutram

453 2204 810 2262 incolumem
873 2201 1131 2264 haberet.
1185 2201 1476 2256 tributum
1536 2200 1812 2272 penderet
1859 2199 2105 2257 homun-

459 2295 612 2354 cioni
636 2291 1060 2358 semibarbaro,
1093 2289 1192 2362 qui
1219 2289 1566 2344 instructam
1589 2289 1772 2346 aciem
1797 2305 2102 2360 nunquam

457 2383 702 2441 viderat.
735 2379 1043 2435 Enimvero
1098 2377 1548 2450 perturbationis
1603 2376 1784 2448 hujus
1832 2381 2104 2433 Romanis

455 2469 767 2543 provincia
797 2484 998 2538 graves
1044 2483 1246 2538 poenas
1303 2466 1610 2534 dederunt,
1671 2481 1920 2537 quarum
1978 2465 2103 2521 alia:

457 2564 592 2618 ante
622 2557 823 2618 oculos
854 2561 1086 2614 nostros
1120 2572 1153 2610 a
1182 2555 1454 2611 Barbarie
1517 2555 1674 2611 274
1730 2554 1990 2626 spoliatae
2049 2559 2105 2610 et

453 2651 745 2721 occupatae
776 2651 940 2714 sunt,
974 2645 1099 2702 aliae
1130 2661 1165 2701 a
1194 2643 1410 2700 nostris
1440 2648 1723 2716 tanquam
1776 2644 1978 2701 alienae
2009 2663 2106 2700 va-

455 2741 620 2795 statis
641 2740 699 2794 et
717 2752 948 2793 eversae.
983 2735 1094 2790 Sed
1137 2749 1466 2806 quousque,
1501 2732 1767 2802 Domine,
1799 2732 2108 2791 haeredita-

451 2829 527 2886 tis
559 2833 664 2883 ιυω
695 2825 1082 2891 Oblivisceris,
1142 2839 1462 2896 aversaque
1520 2840 1552 2878 a
1612 2823 1779 2878 nobis
1831 2823 1975 2880 facie
2011 2824 2108 2880 ira

449 2923 562 2974 tute
592 2915 785 2972 locum
807 2915 974 2970 dabis
996 2913 1024 2968 ‘i
1055 2912 1292 2984 quando
1324 2929 1391 2967 ex
1423 2917 1626 2967 sancta
1671 2911 1791 2967 aede
1845 2918 1946 2968 tua
1978 2930 2108 2986 pro-

452 3009 726 3078 spectans
761 3008 994 3059 nostras
1027 3015 1321 3056 aerumnas
1345 3004 1402 3055 et
1434 2999 1795 3056 calamitates
1847 3001 2109 3057 intuebe-

455 3096 561 3165 ris,
612 3094 897 3164 malisque
960 3108 1073 3146 non
1134 3089 1480 3160 urgentibus
1541 3090 1870 3146 liberabis?
1925 3107 2109 3164 eaque

457 3187 682 3236 avertes
713 3196 838 3249 quas
870 3177 1041 3249 longe
1071 3176 1340 3248 graviora
1396 3176 1732 3248 impendere
1781 3177 2052 3233 videntur
2079 3179 2108 3234 ?

2211 615 2372 658 σσους
2447 594 2525 658 εἷς
2597 594 2768 672 ἀργὰς
2842 591 3106 670 γαστέρας
3180 591 3528 668 ὀχετηγήσας
3603 590 3693 646 xui
3765 591 3855 655 τὰς

2204 686 2518 758 Ῥωμαϊκὰς
2586 683 2854 760 ἐπαρχίας
2905 686 3089 744 κακῶς
3161 678 3497 754 διαθέμενος·
3579 681 3666 753 [Ρ.
3739 683 3857 756 136]

2211 772 2264 828 o'i
2317 795 2376 829 τε
2412 774 2514 850 γὰρ
2573 773 2762 850 ἀγαθοί
2822 777 3150 847 στρατιῶται
3229 770 3295 826 τὸ
3372 767 3428 825 ἐν
3480 774 3602 832 τοῖς
3663 765 3856 832 δεινοῖς

2209 862 2508 943 φιλότιμον
2568 860 2772 919 ἐνθένδε
2827 858 3281 930 καταλελύκασιν,
3342 857 3521 914 οὐκέτι
3573 857 3674 914 τοῦ
3726 859 3858 914 ὗπο-

2207 952 2492 1016 νύσσοντος
2568 953 2704 1028 πρὸς
2795 951 2997 1029 ἀρετῆς
3087 950 3310 1026 ἀρεῖκῆς
3387 946 3645 1019 ἐπίδειξιν
3723 943 3859 1002 ἰδίου

2211 1041 2390 1118 σφίσιν
2448 1042 2523 1105 ὡς
2581 1043 2774 1118 πρώην
2817 1041 3094 1116 μένοντος,
3156 1036 3285 1095 ἀλλ’
3343 1035 3670 1113 εὖπορίστου
3726 1057 3864 1111 προ-

2206 1129 2461 1204 κειμένου
2518 1135 2634 1194 τοῖς
2687 1129 2874 1199 ἃπασι,
2939 1129 3032 1185 καὶ
3105 1126 3157 1182 oi
3213 1127 3306 1182 τὸν
3369 1123 3639 1198 δημόσιον
3693 1124 3862 1181 πάλαι

2210 1216 2478 1291 δεσπότην
2535 1218 2804 1295 λαχόντες
2881 1223 2990 1274 τῶν
3071 1215 3353 1293 ἐπαρχιῶν
3425 1213 3713 1290 οἰκήτορες
3768 1213 3864 1268 ὑπὸ

2204 1311 2304 1379 τῆς
2355 1315 2754 1379 στρατιωτικῆς
2807 1305 3081 1378 ἀπλητίας
3159 1305 3458 1362 πεπόνθασι
3511 1305 3578 1358 τὰ
3647 1301 3866 1378 οἰκτρό-

2206 1420 2360 1469 τατα,
2412 1399 2514 1455 οὐκ
2558 1399 2820 1476 ἀργύριον
2867 1397 3034 1472 μόνον
3077 1396 3169 1452 xui
3215 1391 3418 1451 ἂὸολὸν
3448 1393 3862 1474 ἀφαιρούμενοι,

2211 1486 2360 1544 ἀλλὰ
2397 1489 2616 1544 καὶτοῦ
2662 1486 2984 1544 τελευταίου
3028 1491 3267 1562 χιτῶνος
3314 1482 3667 1559 φιλούμενοι,
3708 1481 3871 1538 ἰνίοτε

2209 1573 2268 1630 δὲ
2331 1577 2422 1632 xui
2497 1580 2602 1632 τῶν
2681 1575 2958 1655 φιλτάτων
3024 1573 3203 1630 αὐτῶν
3278 1573 3696 1646 ἀποσπώμενοι.
3773 1573 3867 1628 Ἠν

2206 1667 2392 1721 τοίνυν
2443 1663 2534 1720 διὰ
2582 1669 2753 1722 ταῦτα
2814 1665 2878 1721 τὸ
2946 1661 3432 1742 στρατολογεῖσθαι
3501 1662 3715 1724 παντὸς
3776 1659 3867 1716 τοῦ

2211 1753 2582 1831 βουλομένου.
2615 1755 2708 1810 καὶ
2737 1752 2946 1810 πολλοὶ
3004 1759 3124 1816 ταῖς
3155 1752 3344 1829 ῥαφίσι
3378 1751 3595 1828 χαίρειν
3629 1751 3874 1812 εἰπόντες

2209 1845 2284 1907 ὡς
2322 1842 2836 1918 ἔπεισκομιζούσαις
2895 1842 3083 1905 αὐτοῖς
3129 1842 3197 1898 τὰ
3250 1838 3495 1921 χρειώδη
3553 1843 3757 1901 στενῶς
3783 1837 3872 1894 xui

2213 1927 2632 2004 δυσεκϐιάστως,
2690 1930 2856 1988 ἄλλοι
2911 1932 2974 1988 τὸ
3034 1933 3366 2005 ἱπποκομεῖν
3439 1927 3725 2000 λάξαντες,
3782 1926 3868 1982 καί

2209 2025 2308 2094 τὴν
2365 2023 2426 2080 ἐκ
2476 2023 2756 2088 πλινθείας
2817 2022 2936 2079 ἰλὺν
2997 2023 3398 2096 ἀπονιψάμενοι
3442 2016 3644 2096 ἕτεροι,
3679 2020 3784 2075 εἶσὶ
3823 2015 3868 2072 δ’

2212 2112 2264 2170 δ’(
2310 2115 2402 2169 καὶ
2459 2116 2556 2184 τήν
2615 2118 2722 2170 τῶν
2785 2112 3063 2190 χαλκείων
3112 2108 3356 2183 ἀσϐόλην
3420 2110 3866 2186 ἀπομορξάμενοι

2210 2209 2326 2266 τοῖς
2393 2203 2822 2280 στρατολογοὖσι
2879 2204 3244 2277 παρέστησαν,
3293 2201 3386 2257 xui
3450 2199 3875 2275 παρενεγκόντες

2209 2295 2380 2349 ἵππον
2449 2298 2710 2368 Περσαῖον
2767 2295 2801 2364 ἢ
2861 2292 3150 2369 χρυσίνους
3209 2291 3430 2366 ἀριθμῷ
3497 2291 3726 2366 βραχεῖς
3763 2309 3870 2343 κα-

2209 2383 2496 2456 ταθέμενοι
2595 2388 2714 2445 ταῖς
2815 2382 3164 2459 στρατιώτισι
3263 2379 3628 2457 κατελέγησαν
3711 2377 3873 2441 ’ἰλαις

2212 2465 2607 2538 ἀϐασανίστως,
2664 2471 2768 2526 κὰγ
2814 2475 2913 2526 τοῦ
2991 2469 3294 2547 παραυτίκα
3349 2467 3666 2544 βασιλικοῖς
3733 2467 3872 2546 ἐφω-

2216 2558 2510 2631 διάσθησαν
2548 2560 2836 2638 γράμμασι
2883 2559 3094 2636 πλέθρα
3138 2567 3242 2635 γῆς
3294 2558 3523 2635 δροσερά
3570 2557 3669 2612 καὶ
3714 2555 3875 2632 ἀροῦο

2215 2670 2311 2725 ρας
2367 2649 2691 2728 σιτοφόρους
2756 2652 2846 2706 καὶ
2907 2650 3216 2724 Ῥωμαίους
3277 2649 3587 2727 ὑποφόρους
3635 2642 3878 2724 βραϐεύε-

2217 2760 2391 2807 ουσιν,
2451 2738 2524 2793 ὡς
2583 2739 2873 2815 ὑπηρετεῖν
2935 2738 2987 2795 ἐν
3046 2742 3294 2816 σχήματι
3335 2736 3575 2804 δουλων,
3609 2735 3791 2792 ἐνίοτε
3819 2733 3876 2790 δέ

2214 2828 2306 2884 xxi
2371 2827 2709 2884 κατατιθέναι
2799 2829 3001 2909 φόρους
3109 2826 3382 2905 ἂνδραρίῳ
3455 2821 3876 2902 μιξοϐαρϐἀρῳ,

2219 2914 2362 2991 μνίδέ
2417 2919 2464 2972 si
2519 2912 2660 2973 ἔστιν
2699 2917 2863 2988 ,ὅλως
2921 2918 3184 2997 ἐγνωκότι
3234 2917 3552 2992 παράταξις,
3593 2917 3876 2990 Ῥωμαῖον

2219 3001 2385 3078 ἄνδρα
2415 3004 2647 3081 γεραρὸν
2690 3004 2755 3060 τὸ
2814 3001 2960 3068 εἶδος
3017 3007 3104 3060 καὶ
3157 3004 3330 3066 οὕτως
3380 3003 3437 3059 εὖ
3489 3002 3681 3058 εἰδότα
3713 3000 3881 3058 πολέ-

2223 3113 2340 3166 μων
2398 3093 2486 3148 καὶ
2537 3099 2796 3150 τοσοῦτον
2849 3099 2948 3150 τοῦ
3007 3093 3446 3172 φορολογοῦντος
3503 3092 3673 3149 αὐτὸν
3717 3093 3883 3166 ὑπερ-

2219 3181 2450 3260 φέροντα
2481 3183 2556 3246 ὡς
2605 3181 2876 3259 Ἀχιλλέα
2924 3185 3060 3260 πρὸς
3107 3183 3314 3240 ἐκεῖνον
3355 3181 3562 3253 δοκεῖν,
3593 3185 3630 3253 ἢ
3670 3180 3879 3244 διτταῖς

455 3267 647 3342 χερσὶν
717 3265 1082 3338 ὁπλιζὸμενον
1136 3263 1406 3339 κρίνεσθαι
1461 3261 1598 3339 πρὸς
1650 3265 1740 3320 τὸν
1817 3262 2115 3341 μηδετέραν
2182 3269 2288 3327 ἀπὸ
2355 3271 2557 3338 πάθους
2608 3273 2883 3351 ὀρέγοντα.
2945 3273 3214 3346 Ἐπαξίως
3273 3274 3364 3329 οὖν
3435 3276 3536 3338 τῆς
3595 3272 3874 3347 ἀκοσμίας

455 3354 660 3426 ταύτης
714 3357 823 3410 τῶν
883 3353 1300 3441 στρατευμάτων
1358 3353 1410 3408 ui
1465 3353 1771 3428 Ῥωμαϊκαὶ
1829 3355 2169 3434 πεπράγασιν
2228 3360 2511 3436 έπαρχίαι,
2569 3363 2624 3418 αἱ
2697 3363 2791 3438 μὲν
2853 3364 2960 3438 πρὸ
3012 3369 3120 3419 τῶν
3182 3361 3486 3441 ὀφθαλμῶν
3543 3364 3718 3436 ἡμῶν
3778 3360 3880 3416 ὑπὸ

450 3447 559 3500 τῶν
627 3441 961 3522 ἀλλοφύλων
1026 3439 1423 3514 σκυλευόμεναι
1485 3441 1576 3496 καὶ
1645 3442 1720 3506 εἰς
1779 3443 1961 3520 ἀρχὴν
2032 3447 2216 3514 αὐτοῖς
2282 3447 2612 3525 ίδιούμεναι,
2669 3453 2725 3507 αἱ
2787 3449 2845 3508 δὲ
2901 3453 2978 3518 ὡς
3031 3439 3320 3527 ἀλλότριαι
3385 3456 3506 3514 τοῖς
3573 3453 3878 3527 ἡμετέροις

491 3533 856 3610 φαντούμεναι
920 3533 1012 3588 καὶ
1079 3529 1400 3608 δῃοίκμεναι.
1467 3530 1630 3588 ’Λλλ’
1664 3529 1770 3595 ἓως
1834 3533 1989 3605 πότε,
2050 3537 2232 3614 Κύριε,
2288 3545 2390 3610 τῆς
2437 3547 2544 3611 ,σῆς
2599 3539 2838 3617 ἐπιλήσῃ
2892 3543 3287 3618 κληρονομίας,
3353 3542 3444 3597 καὶ
3492 3542 3556 3596 τὸ
3605 3541 3708 3596 σὸν
3739 3541 3868 3597 ἀπο.

484 3624 694 3703 τρέφων
751 3623 840 3702 ἀφ’
897 3624 1060 3696 ἡμῶν
1118 3623 1412 3697 πρόσωπον
1472 3619 1827 3693 ὀδοποιήσεις
1882 3619 2072 3700 τρίϐον
2127 3630 2197 3701 τῇ
2275 3628 2411 3705 ὀργῇ
2468 3649 2604 3700 eos;
2693 3630 2833 3688 Πότε
2914 3631 3105 3707 ἐπόψει
3183 3631 3235 3702 ἐξ
3319 3630 3472 3706 ἁγίου
3555 3626 3866 3705 ἐπιϐλέψας

453 3712 882 3788 κατοικητηρίου
930 3733 1047 3782 σου,
1101 3712 1190 3766 καὶ
1242 3708 1371 3765 ἰδὼν
1412 3709 1544 3786 ’ίδῃς
1590 3712 1690 3780 τὴν
1734 3712 2001 3788 ἡμετέραν
2048 3717 2288 3792 συνοχὴν
2337 3739 2396 3773 τε
2442 3721 2529 3775 καὶ
2587 3721 2846 3789 κακίοσιν,
2878 3721 2968 3776 xui
2999 3720 3134 3798 ῥύσῃ
3163 3725 3270 3776 τῶν
3303 3719 3625 3800 ἐφεστώτων
3661 3723 3878 3784 κακῶν,

453 3802 780 3880 ἀπαλλαγὴν
814 3800 871 3858 δὲ
891 3801 1137 3876 παρέξεις
1160 3800 1250 3856 xui
1280 3805 1389 3856 τῶν
1417 3801 1562 3856 πολὺ
1593 3801 1801 3858 τούτων
1831 3801 2206 3877 ἐλπιζομένων
2243 3807 2642 3884 χαλεπωτέρων
2669 3828 2682 3878 ;

523 3897 578 3952 5.
610 3895 776 3951 Nunc
834 3893 980 3949 illud
1037 3893 1212 3948 etiam
1272 3893 1605 3948 addendum
1665 3897 1771 3949 est.
1832 3893 2101 3966 Plerique

2284 3898 2340 3954 ε’.
2395 3898 2538 3976 Πρὸς
2606 3896 2662 3955 δὲ
2725 3905 2843 3962 τοῖς
2911 3894 3221 3975 εἰρημένοις
3285 3898 3508 3955 κάκεῖνα
3566 3895 3760 3954 δοτέον
3809 3901 3878 3971 τῇ

456 3988 854 4044 Romanorum
878 3984 1260 4056 imperatores
1283 3982 1596 4054 imperare,
1628 3999 1834 4038 aurum
1853 3988 2104 4055 gestare,

2221 3985 2448 4062 ἱστορίᾳ.
2525 3991 2653 4053 Τοῖς
2725 3987 2944 4044 πλείοσι
3042 3987 3324 4065 βασιλεῦσι
3408 3987 3704 4062 Ῥωμαίων
3780 3988 3882 4042 οὐκ

458 4074 874 4132 communibus
905 4078 970 4128 ut
1002 4072 1243 4145 privatis
1277 4072 1384 4143 uti,
1426 4088 1610 4145 eaque
1667 4090 1772 4130 suo
1823 4073 2104 4130 arbitratu

2220 4076 2438 4132 ἀνεκτόν
2493 4076 2633 4133 ἐστιν
2694 4077 2840 4139 ὅλως
2900 4075 3089 4154 ἄρχειν
3151 4080 3316 4153 μόνον
3350 4079 3441 4134 καὶ
3499 4080 3874 4152 χρυσοφορεῖν

457 4167 672 4238 quibus
689 4164 896 4222 volunt
925 4165 1139 4220 donare
1163 4179 1276 4219 non
1324 4163 1604 4232 contenti,
1639 4163 1753 4218 nisi
1791 4164 2104 4236 sapientes,

2219 4164 2308 4220 xui
2348 4167 2584 4241 χρῆσθαι
2636 4171 2752 4229 τοῖς
2803 4172 3010 4228 κοινοῖς
3067 4168 3144 4232 ὡς
3200 4164 3362 4230 ἰδίοις
3413 4167 3507 4221 καὶ
3565 4163 3880 4222 διαδιδόναι

457 4256 641 4312 forma
658 4255 795 4320 diis,
826 4253 1028 4310 robore
1049 4253 1324 4310 heroibus
1369 4251 1610 4320 similes,
1643 4258 1786 4310 etut
1812 4253 2104 4325 Salomon,

2218 4259 2386 4311 ταῦτα
2431 4256 2609 4319 καθὼς
2663 4255 2768 4332 ἄρα
2806 4257 2896 4312 xui
2953 4257 3042 4318 οἷς
3103 4254 3422 4332 βούλονται,
3471 4252 3602 4310 οὐδὲ
3665 4257 3780 4330 μὴν
3808 4255 3882 4318 ὡς

457 4344 741 4400 divinitus
772 4343 963 4399 cdocti
994 4347 1051 4400 ct
1081 4343 1344 4399 doctores
1393 4343 1728 4400 Divinitatis
1784 4347 1842 4400 et
1896 4359 2104 4399 norma:

2219 4341 2446 4407 δούλοις
2502 4350 2618 4406 τοῖς
2676 4344 2982 4422 ἐλευθέροις
3042 4347 3466 4425 προσφέρεσθαι,
3525 4343 3660 4400 ἀλλ’
3711 4345 3760 4400 εἰ
3803 4343 3879 4417 μὴ

457 4432 822 4502 rectissime,
883 4431 1133 4504 denique
1193 4432 1527 4488 divinarum
1604 4433 2104 4504 humanarumque

2219 4433 2310 4489 xui
2343 4433 2500 4512 σοφοὶ
2546 4431 2774 4490 δοκωῖεν
2840 4435 2934 4490 xui
2977 4432 3274 4500 θεοείκελόι
3340 4435 3438 4503 τὴν
3511 4436 3738 4510 μορφὴν
3793 4432 3886 4487 xui

456 4535 651 4574 rerum
684 4519 1030 4591 interpretes
1060 4521 1364 4577 verissimi
1422 4521 1770 4593 habeantur,
1830 4522 2104 4593 injurium

2217 4523 2392 4597 ἣρωες
2455 4525 2554 4594 τήν
2619 4523 2778 4599 ἰσχὺν
2843 4523 2933 4578 καὶ
3000 4524 3077 4586 ὡς
3136 4521 3406 4596 Σολομῶν
3459 4523 3726 4600 θεοσόφοι
3790 4519 3884 4576 xui

458 4607 571 4662 sibi
603 4605 726 4662 ﬁeri
757 4611 1019 4662 censent.
1055 4607 1214 4662 Unde
1247 4609 1310 4663 fit
1339 4613 1424 4677 ut,
1453 4627 1590 4666 cum
1639 4611 2104 4668 immodestiores

2219 4609 2574 4687 δογματισταί
2659 4615 2930 4669 θειότατοι
3017 4612 3108 4668 καὶ
3176 4613 3394 4676 κανόνες
3457 4615 3567 4667 τῶν
3630 4612 3884 4667 κανόνων

457 4701 517 4754 et
559 4695 922 4764 audaciores,
982 4695 1082 4765 qui
1143 4713 1290 4751 nova
1349 4699 1624 4770 dogmata
1681 4699 1742 4756 in
1797 4701 2104 4758 Ecclesiam

2219 4702 2523 4779 εὖθέστεροι
2580 4701 2669 4758 xui
2737 4701 2926 4765 ἁπλῶς
2976 4701 3133 4758 θείων
3183 4703 3274 4758 καὶ
3325 4700 3670 4778 ἀνθρωπίνων
3733 4707 3884 4775 πρά-

2214 4793 2435 4866 γμάτων
2499 4791 2871 4870 ἀπροσφαλεῖς
2928 4791 3227 4868 γνώμονες,
3289 4789 3439 4848 δεινὶ
3491 4789 3698 4845 οἴονται
3764 4791 3888 4846 πά-

2218 4901 2389 4958 σχειν.
2439 4883 2625 4939 Ἔνθεν
2672 4901 2758 4937 τοι
2801 4879 2892 4937 καὶ
2945 4879 3063 4937 δέον
3106 4886 3226 4946 τοῖς
3275 4877 3753 4954 ἀπαιδευτοτέροις
3784 4880 3887 4934 xui

2215 4973 2563 5046 θρασυτέροις
2610 4969 2864 5044 ἐπιτιμᾳν
2938 4972 3286 5047 ἐπεισάγουσι
3345 4973 3436 5027 νέα
3482 4969 3572 5026 xui
3618 4968 3883 5042 ἀσυνήθη

458 5061 798 5132 dogmntum
835 5061 892 5113 et
921 5064 1187 5111 auctores
1221 5058 1277 5109 et
1317 5053 1520 5110 arbitri
1573 5070 1639 5109 ac
1691 5054 2104 5127 disceptatores

2211 5064 2282 5134 τῇ
2341 5061 2641 5134 Ἐκκλησία
2689 5060 2954 5135 δόγματα,
3029 5062 3066 5130 ἢ
3141 5066 3272 5138 γοῦν
3331 5061 3632 5126 ἀνατιθέναι
3705 5063 3886 5115 ταῦτα

457 5151 605 5208 275
641 5149 944 5211 exsistant,
980 5161 1129 5218 saepe
1180 5145 1354 5200 etiam
1381 5144 1797 5200 dissentientes
1832 5143 2103 5204 multent.

2219 5149 2302 5212 οἷς
2350 5149 2674 5228 ἐπαγγελμα
2719 5153 2788 5206 τὰ
2835 5151 2956 5226 περὶ
3005 5155 3142 5206 Θεοῦ
3191 5148 3389 5206 εἴδέναι
3437 5149 3529 5206 xui
3578 5149 3789 5225 Λέγειν,
3828 5151 3885 5205 οἱ

456 5243 562 5297 Hic
592 5243 830 5314 quidem
865 5241 1182 5313 imperator
1231 5241 1440 5292 natura
1498 5236 1785 5292 facundus
1808 5241 1865 5292 et
1907 5237 2104 5295 suavis

2221 5240 2277 5295 δὲ
2308 5237 2433 5295 οὐδὲ
2462 5241 2600 5295 κατά
2641 5245 2802 5295 τοῦτο
2843 5234 2912 5295 ’τό
2964 5241 3125 5315 μέρος
3182 5237 3509 5316 δευτερεύειν
3559 5239 3894 5295 οὑτινοσοῦν

456 5347 746 5387 sermonis
778 5331 1082 5386 atfluentia
1110 5332 1354 5385 ornatus
1386 5344 1502 5382 non
1535 5326 1833 5399 elegantes
1872 5332 2103 5384 tantum

2214 5329 2546 5409 ἀνεχόμενοι
2597 5330 2650 5384 oi
2698 5329 2853 5385 αὐτοὶ
2913 5326 3202 5406 δογμάτων
3249 5328 3541 5405 είσηγηταὶ
3605 5329 3702 5402 [Ρ.
3761 5330 3895 5402 13³7]

456 5417 730 5486 epistolas
759 5420 1074 5489 scribebat,
1108 5419 1207 5474 sed
1240 5423 1295 5474 et
1341 5417 1644 5490 religionis
1703 5417 2104 5475 institutiones

2217 5419 2305 5474 xui
2361 5415 2606 5474 δικασταὶ
2649 5420 2860 5474 τούτων
2908 5423 2999 5474 xui
3050 5418 3286 5493 ὁρισταὶ,
3335 5415 3634 5492 πολλαχοῦ
3689 5413 3756 5472 δὶ
3801 5418 3895 5472 xui

459 5506 2014 5580 parturiebatacpublicedeclamabat.Tandemetiam
2037 5508 2110 5564 de
2219 5506 2482 5563 κολασταὶ
2530 5511 2638 5564 τῶν
2707 5509 2783 5581 μή
2846 5507 3280 5586 συμφωνούντων
3348 5507 3536 5568 αὐτοῖς
3603 5506 3896 5582 γίνονται.

461 5590 674 5648 divinis
702 5595 1077 5664 dogmatibus
1130 5601 1188 5654 et
1235 5597 1364 5670 ipso
1425 5597 1539 5655 Deo
1569 5597 1919 5655 disserebat.
1951 5602 2104 5671 Saepe

2221 5597 2320 5653 Καὶ
2353 5598 2382 5652 ὁ
2415 5596 2672 5672 βασιλεὺς
2716 5602 3000 5674 τοιγαροῦν
3047 5597 3209 5662 οὗτος
3255 5595 3586 5676 εὖγλωττίαν
3629 5594 3897 5676 εὐτυχη-

461 5677 637 5743 etiam
668 5679 1086 5740 dubitationem
1139 5701 1253 5755 pris
1308 5701 1370 5743 se
1431 5687 1645 5758 ferens,
1678 5687 2037 5759 quaestiones

2225 5687 2334 5750 κὼς
2387 5687 2477 5746 xui
2537 5684 2707 5766 λόγου
2780 5685 3017 5765 ἔμφυτον
3091 5686 3256 5769 χάριν
3323 5685 3738 5758 πεπλουτηκὼς
3821 5685 3893 5744 οὗ

457 4785 863 4850 introducunt,
891 4799 1156 4839 coercere
1185 4789 1287 4840 aut
1308 4784 1362 4839 id
1395 4802 1611 4842 munus
1651 4787 1724 4844 iis
1763 4789 1862 4860 qui
1893 4790 2112 4846 theolo-

459 4879 566 4952 giae
597 4874 900 4934 scientiam
935 4874 1284 4947 profitentur
1330 4873 1608 4930 mandare
1665 4877 1960 4944 deberent,
2005 4894 2109 4935 nec

456 4971 518 5027 in
550 4969 659 5025 hac
693 4971 852 5041 parte
885 4963 1002 5020 ullo
1060 4962 1364 5018 infer-iores
1425 4980 1552 5019 esse
1609 4964 1889 5035 volentes,
1927 4967 2108 5024 iidem
