4066 6214
271 363 387 424 561

1337 357 1440 420 DE
1486 353 1850 418 MANUELE
1893 353 2273 416 COMNENO
2319 356 2470 418 LIB.
2518 358 2654 421 Vll.

3576 365 3695 428 562

276 491 547 567 λαμυρῶι-
580 488 877 547 ἐπέστελλε
909 490 1095 565 μόνον,
1144 487 1292 547 ἀλλὰ
1343 488 1436 545 καὶ
1485 484 1930 564 κατηχητηρίους

2048 486 2362 559 Scripturis
2393 492 2773 563 proponebat,
2801 508 3120 566 earumque
3180 496 3502 557 solutiones
3550 515 3692 556 eru-

273 581 436 639 ὢδινε
497 579 723 658 λόγους,
784 580 883 644 οὕς
940 602 1066 660 φασι
1125 578 1392 651 σελέντια,
1449 578 1540 633 καὶ
1598 577 1671 640 εἷς
1748 576 1936 644 κοινὴν

274 674 604 729 ἀνέπτυσσεν
655 671 851 741 ἀκοήν.
892 668 1037 743 ’0δῷ
1096 666 1154 726 δὲ
1228 667 1438 744 προῖὼν
1498 667 1588 723 καὶ
1648 663 1936 742 δογμάτων

272 762 483 831 ἥπτετο
514 758 675 814 θείων
705 757 797 813 καὶ
856 758 980 832 περὶ
1038 761 1171 813 Θεοῦ
1229 754 1523 832 διελέγετο.
1579 752 1797 829 Ἀμέλει
1849 752 1940 807 καὶ

275 847 915 924 κατασχηματιζόμενος
960 844 1236 909 πολλάκις
1282 847 1375 901 τὸν
1430 844 1738 919 ἀποροῦντα
1801 848 1942 916 Γρα-

278 940 444 1019 φικᾶς
486 938 680 1012 εἰσῆγε
729 937 1003 1008 ζητήσεις,
1062 935 1151 990 καὶ
1207 935 1332 1009 περὶ
1386 938 1494 989 τῶν
1555 932 1760 989 λύσεων
1814 951 1945 986 του-

273 1018 404 1086 τωνὶ
442 1026 832 1090 διεπυνθάνετο
862 1026 1178 1101 ξυναγείρων
1237 1025 1361 1079 ὅσον
1413 1018 1601 1098 ἔχαιρε
1633 1020 1938 1098 λογιότητιο

271 1117 438 1177 Ἀλλ’
470 1118 543 1187 ἧν
576 1114 638 1172 ἂν
672 1114 977 1178 ἐπαινετέος
1016 1114 1112 1170 κᾶν
1148 1113 1388 1181 τούτοις,
1448 1112 1494 1167 εἰ
1528 1111 1695 1190 μέχρι
1736 1109 1942 1165 τούτων

259 1210 360 1277 τήν
424 1204 683 1283 λιχνείαν
740 1203 989 1260 ἐκτείνων
1046 1208 1164 1266 τοῖς
1223 1200 1565 1279 δυσεφίκτοις
1624 1196 1739 1254 οὐδ’
1794 1195 1940 1260 ὅλως

265 1291 603 1373 προσέϐαινε
633 1293 923 1371 δόγμασιν,
975 1290 1012 1363 ἤ
1080 1292 1170 1349 καὶ
1235 1292 1452 1354 τούτοις
1494 1289 1789 1368 ἐφιστάνων
1847 1286 1941 1343 τὸν

270 1392 399 1443 νοῦν
458 1386 562 1442 οὐκ
618 1386 685 1455 ἦν
766 1384 1218 1462 ἰσχυρογνώμων,
1279 1377 1404 1436 οὐδὲ
1468 1381 1559 1435 τὸν
1643 1381 1766 1432 νοῦν
1837 1380 1943 1432 τῶν

274 1477 632 1555 γραφομένων
667 1475 803 1550 πρὸς
845 1474 943 1543 τήν
977 1473 1181 1529 οἰκείαν
1254 1469 1536 1547 μεθεῖλκεν
1594 1467 1646 1524 έν
1704 1466 1941 1531 πολλοῖς

272 1569 563 1644 πρόθεσιν,
599 1567 798 1638 ὁρίζων
826 1564 914 1618 καὶ
976 1561 1340 1639 προσεπάγων
1398 1560 1685 1635 ἐξηγήσεις
1744 1558 1796 1613 ἐν
1856 1558 1943 1619 οἷς

267 1658 408 1732 πρὸς
441 1656 615 1731 ὀρθήν
643 1652 848 1709 ἔννοιαν
881 1653 934 1707 οἱ
991 1652 1226 1728 Πατέρες
1286 1650 1634 1729 ἐφθέγξαντο,
1666 1647 1739 1710 ὡς
1789 1645 1940 1721 εἲπερ

266 1744 399 1802 ὅλον
457 1744 620 1799 αὐτὸν
688 1742 983 1821 συνείληφε
1045 1740 1138 1796 τὸν
1185 1740 1420 1808 Χριστὸν
1472 1739 1562 1794 καὶ
1619 1737 1707 1793 ὑπ’
1768 1736 1940 1791 αὐτοῦ

2049 574 2188 634 ditis
2218 579 2494 636 omnibus
2525 581 2851 639 convocatis
2882 584 3239 655 requirebat,
3264 603 3603 663 quanquam
3633 591 3693 647 in

2048 666 2139 723 his
2164 669 2338 724 etiam
2373 669 2593 727 laudari
2619 673 2923 744 potuisset,
2957 673 3071 730 nisi
3112 675 3445 735 curiositate
3476 679 3695 752 ingenii

2048 773 2147 815 eas
2164 759 2339 815 etiam
2369 763 2723 833 quaestiones
2742 765 3023 836 agitasset
3041 782 3169 837 quae
3201 766 3409 839 attingi
3450 785 3512 824 se
3534 770 3694 827 nullo

2049 849 2223 903 modo
2251 849 2577 921 patiuntur,
2609 857 2712 908 aut
2733 852 2937 909 saltem
2959 854 3176 911 omissa
3197 856 3517 926 pertinacia
3542 858 3698 914 Scri-

2049 942 2355 1009 pturarum
2389 942 2738 997 sententiam
2779 943 2838 998 in
2872 943 3073 998 multis
3131 944 3205 1000 ad
3261 962 3428 1002 suam
3471 945 3697 1018 opinio-

2052 1042 2179 1082 nem
2217 1027 2381 1085 novis
2414 1029 2991 1102 interpretationibus
3020 1050 3133 1089 non
3169 1035 3695 1101 accommodassct,

2048 1114 2200 1171 veris
2254 1116 2745 1174 declarationibus
2792 1124 3050 1176 veterum
3127 1122 3470 1193 repudiatis,
3525 1124 3695 1196 quasi

2052 1203 2175 1276 ipse
2207 1208 2395 1260 totum
2427 1205 2720 1263 Lhristum
2770 1211 3311 1280 comprehendisset
3359 1216 3414 1268 ct
3461 1213 3532 1269 ab
3563 1213 3692 1285 ipso

2053 1295 2123 1349 de
2155 1301 2361 1350 natura
2392 1296 2515 1366 ejus
2531 1296 2846 1354 dilucidius
2869 1315 2933 1354 ao
2978 1300 3233 1358 divinius
3255 1302 3492 1359 edoctus
3514 1307 3691 1358 esset.

2049 1385 2186 1439 Orta
2217 1383 2396 1455 igitur
2424 1386 2746 1457 quaestione
2776 1388 2847 1443 de
2877 1387 2974 1444 illo
3007 1390 3182 1461 dioto,
3216 1408 3331 1462 quo
3372 1391 3583 1447 dicitur
3612 1391 3697 1447 in-

2051 1477 2353 1528 carnatum
2397 1473 2584 1530 Deum
2642 1475 2818 1532 simul
2879 1481 2935 1532 et
2993 1477 3197 1533 otl‘erre
3254 1482 3311 1534 et
3364 1478 3574 1549 offerri,
3640 1484 3697 1534 et

2051 1562 2296 1618 eruditis
2328 1562 2478 1618 inter
2507 1580 2570 1620 se
2599 1564 3108 1634 dissentientibus,
3141 1567 3482 1639 disceptatio
3522 1567 3696 1640 longo

2050 1656 2308 1726 tempore
2339 1660 2426 1710 est
2465 1657 2745 1724 extracta,
2790 1654 2994 1711 multis
3051 1660 3108 1711 et
3153 1656 3697 1714 conﬁrmationibus

2049 1746 2107 1800 et
2128 1742 2625 1800 confutationibus
2658 1744 2931 1817 utrinque
2983 1744 3197 1803 allatis.
3238 1746 3455 1802 Verum
3512 1746 3697 1820 impe-

276 1836 561 1911 μεμύηται
617 1832 687 1888 τά
726 1833 851 1905 περὶ
911 1832 1078 1886 αὐτοῦ
1116 1830 1436 1907 τρανότερον
1482 1830 1575 1884 καὶ
1640 1826 1930 1902 θειότερον.

2046 1836 2237 1889 ratore
2259 1832 2366 1905 piae
2387 1838 2443 1890 et
2462 1849 2609 1889 verae
2635 1834 2938 1890 sententiae
2987 1839 3122 1906 post
3162 1833 3432 1892 solertem
3470 1839 3697 1893 contro-

268 1927 561 1995 Ζητήσεως
594 1922 692 1976 οὗν
747 1919 1049 1998 γενομένης
1098 1918 1219 1993 περί
1280 1923 1376 1974 τοῦ
1434 1920 1708 1996 Γραφικοῢ
1762 1917 1929 1991 ῥητοῦ

271 2011 586 2090 δφησιτὸν
630 2008 1044 2085 σεσαρκωμένον
1105 2007 1235 2063 Θεὸν
1296 2006 1618 2082 προσφέρειν
1676 2025 1734 2060 τε
1789 2004 1930 2077 ὁμοῦ

262 2102 355 2159 καὶ
388 2101 809 2178 προσφέρεσθαι,
841 2096 1084 2153 καὶτῶν
1138 2097 1262 2153 τότε
1319 2095 1528 2172 λογίων
1588 2091 1796 2170 ἀνδρῶν
1852 2092 1929 2156 εἲς

258 2190 503 2251 ἐναντίας
567 2187 760 2265 μοίρας
845 2185 1274 2260 ἀποκριθέντων,
1335 2184 1416 2261 ἐφ’
1467 2184 1649 2239 ἱκανὸν
1712 2183 1781 2237 τά
1831 2185 1930 2251 τῆς

255 2280 552 2353 ἑξετεῖσεως
612 2278 1013 2353 παρέτάθησαν,
1074 2276 1259 2352 ῥήσεις
1311 2295 1371 2331 τε
1430 2274 1520 2330 καὶ
1588 2270 1927 2347 ἇντιρῥήσεις

256 2371 307 2446 ἒξ
346 2370 625 2445 ἑκατέρων
675 2366 950 2444 ἐχύθησαν
1002 2370 1112 2422 τῶν
1175 2368 1374 2440 μερῶν.
1423 2362 1926 2439 Ὀρθοτομηθέντος

256 2458 315 2516 δὲ
340 2464 442 2515 τοῦ
507 2457 879 2531 ζητουμένου,
928 2455 1019 2511 καὶ
1072 2458 1141 2530 τῇ
1204 2450 1336 2528 δόξῃ
1389 2451 1778 2528 προστεθέντος
1828 2454 1928 2506 τοῦ

255 2548 535 2628 βασιλέως
594 2551 662 2621 τῇ
718 2543 964 2625 θεοφιλεῖ
1013 2565 1072 2600 τε
1125 2544 1213 2599 καὶ
1266 2543 1558 2617 κρείττονι,
1618 2539 1925 2615 καθαίρεσιν

264 2640 582 2709 ὑπέστησαν
631 2635 707 2698 ὠς
758 2634 1069 2711 ἀντίφρονες
1129 2634 1156 2687 6
1214 2632 1555 2708 Ὑποψήφιος
1606 2632 1704 2699 τῆς
1763 2636 1925 2684 Θεου-

267 2725 516 2796 πόλεως,
553 2723 800 2799 μεγάλης
835 2722 1175 2799 Ἀντιοχείας
1222 2723 1552 2796 Σωτήριχος
1609 2721 1636 2775 ὁ
1697 2718 1929 2775 Παντεύ-

264 2837 447 2893 γενος,
483 2816 512 2870 ὁ
545 2813 859 2891 Δυρραχίου
905 2814 1232 2880 Εὖστάθιος,
1287 2812 1315 2866 6
1360 2816 1460 2881 τῆς
1524 2806 1926 2879 Θεσσαλονίκης

260 2902 512 2981 Μιχαὴλ
591 2903 682 2958 τὸν
757 2903 1047 2978 ῥητορικὸν
1126 2904 1347 2973 κοσμῶν
1415 2898 1604 2975 θρόνον
1688 2897 1780 2953 καὶ
1834 2898 1925 2952 τὸν

261 2994 630 3073 εὐαγγελικὸν
714 2989 1015 3049 ἀναϐαίνων
1091 2986 1408 3068 ὀκρίϐαντα,
1480 2992 1508 3045 6
1593 2987 1927 3058 Βασιλάκης·

262 3078 586 3159 Νικηφόρος
629 3083 723 3145 τάς
806 3085 906 3137 τοῦ
972 3079 1193 3136 Παύλου
1282 3077 1632 3135 ἀναπτύσσων
1701 3077 1784 3133 ἐπ’
1838 3076 1925 3131 έκ-

257 3174 501 3245 κλησίας
533 3169 826 3235 ἐπιστολάς
857 3172 947 3227 καὶ
981 3168 1375 3227 διαλευκαίνων
1432 3173 1510 3241 τῷ
1565 3175 1666 3238 τῆς
1697 3165 1927 3242 καλλιρσ

257 3263 589 3343 ρημοσύνης
616 3262 757 3338 φωτὶ
813 3262 931 3317 ὅσαι
995 3267 1104 3317 τῶν
1157 3259 1540 3316 ἀποστολικῶν
1590 3258 1798 3334 ῥήσεων
1856 3263 1926 3333 τῇ

258 3353 487 3433 ἀσαφείᾳ
522 3350 983 3426 ὑπομελαίνονται
1029 3352 1120 3407 καὶ
1178 3351 1259 3423 τῷ
1320 3350 1475 3425 βάθει
1533 3352 1629 3404 τοῦ
1682 3346 1927 3421 πνεύμα-

255 3466 348 3508 τος
409 3443 818 3523 ἐπιφρίσσουσι.
898 3442 1123 3517 Λέγεται
1208 3436 1266 3494 δὲ
1322 3439 1397 3500 ὠς
1476 3442 1576 3494 τοῦ
1648 3434 1926 3516 δόγματος

260 3533 459 3591 τούτου
514 3528 953 3606 ὑποκινουμένου
1010 3531 1101 3585 καὶ
1147 3528 1221 3591 εἷς
1267 3530 1457 3599 κοινὴν
1516 3528 1927 3603 ὲπικρινομένου

259 3629 595 3699 προτεθῆναι
690 3621 951 3697 βάσανον,
1028 3618 1244 3693 ἒξώρως
1331 3620 1627 3695 ὲκραγῆναι
1690 3618 1927 3692 βροντὴν

262 3713 525 3786 ὲξαισίαν,
562 3712 653 3787 ὑφ’
700 3710 769 3781 ἧς
825 3710 913 3765 καὶ
972 3710 1442 3785 περικτυπηθῆναι
1499 3708 1594 3769 τάς
1648 3705 1814 3769 ἀκοάς
1865 3706 1927 3761 τὸ

265 3805 422 3860 συνὸν
455 3804 597 3859 ἅπαν
627 3807 706 3876 τῷ
760 3800 977 3878 βασιλεῖ
1031 3802 1167 3857 κατὰ
1224 3799 1561 3875 Πελαγονίαν
1596 3793 1928 3875 διατρίϐοντι

262 3895 413 3967 τότε,
448 3893 526 3955 ὠς
562 3891 671 3947 ἀπὸ
701 3895 798 3947 τοῦ
855 3889 1062 3947 κτύπου
1119 3887 1370 3952 πολλοὺς
1428 3887 1504 3952 είς
1562 3891 1665 3965 γῆν
1697 3885 1928 3943 καταπί-

264 4003 445 4040 πτεινο
497 3983 593 4037 καί
650 4000 771 4036 τινα
824 3984 935 4036 τῶν
992 3978 1165 4055 λόγου
1206 3978 1515 4055 τροφίμων,
1562 3975 1754 4035 Ἠλίαν
1809 3974 1931 4031 τοὶς-

258 4094 435 4146 νομα,
464 4073 566 4142 τὴν
595 4069 776 4145 τύχην
836 4069 967 4144 ὑπὲρ
1027 4067 1155 4131 τοὺς
1215 4067 1484 4139 πολλοὺς,
1540 4070 1638 4122 τοῦ
1696 4071 1927 4143 στρατοῦ

258 4162 502 4243 φύλακα,
568 4154 768 4236 βίϐλον
838 4157 1208 4231 ἀναπτύξαντα
1289 4156 1413 4233 περὶ
1504 4157 1747 4233 βροντῶν
1835 4155 1926 4212 καὶ

255 4254 502 4325 σεισμῶν
534 4247 863 4321 διεξιοῦσαν,
892 4248 985 4303 καὶ
1039 4247 1107 4302 τά
1154 4247 1275 4320 περῖ
1335 4246 1427 4302 τὸν
1479 4246 1667 4317 καιρὸν
1727 4244 1927 4301 ἐκεῖνον

249 4342 377 4397 καθ’
473 4338 534 4396 δν
595 4332 924 4414 ἒϐρόντησεν
1011 4333 1329 4404 ἐπελθόντα,
1404 4334 1676 4409 φάσκοντα
1750 4334 1927 4407 εὑρεῖν

256 4430 491 4500 οὑτωσὶ,
528 4431 740 4486 ίΙτῶσις
795 4429 999 4505 σοφῶν.
1035 4422 1114 4483 Οἱ)
1166 4420 1330 4499 μόνον
1385 4422 1564 4479 τοίνυν
1624 4423 1676 4478 οἱ
1735 4420 1927 4498 ρηθέν-

252 4544 348 4585 τες
398 4518 617 4596 ἂνδρες,
674 4519 781 4574 τῶν
844 4519 1141 4588 τηνικαῦτα
1204 4517 1383 4593 σοφῶν
1417 4508 1569 4578 ὄντες
1625 4514 1678 4568 οἱ
1735 4509 1926 4588 κράτι-

2039 1922 2240 1980 νθτείω
2259 1922 2702 1995 explicationem
2739 1939 3003 1991 assenso,
3038 1924 3355 1980 adversarii
3392 1922 3518 1981 loco
3552 1924 3692 1981 moti

2038 2016 2179 2070 sunt
2207 2016 2270 2069 ut
2300 2027 2600 2085 perperam
2633 2013 2974 2080 sentientes,
3008 2012 3453 2086 HypOpsephius
3484 2013 3678 2069 Theo-

2039 2103 2354 2177 politanus.
2406 2101 2749 2158 Soterichus
2797 2105 3212 2176 Panteugenus
3261 2101 3679 2170 Antiochenus,

2037 2190 2379 2249 Eustathius
2409 2189 2824 2262 Dyrrachinus,
2859 2191 3013 2247 276
3068 2190 3315 2249 Michael
3372 2190 3681 2249 Thessalo-

2041 2280 2297 2339 nicensis
2346 2280 2739 2350 concionator,
2799 2278 3163 2353 Nicephorus
3216 2279 3527 2351 Basilaces,
3582 2283 3684 2355 qui

2038 2371 2310 2429 Paulinae
2342 2369 2625 2445 epistolas
2680 2370 3176 2443 interpretabatur
3230 2375 3289 2428 et
3319 2371 3540 2429 lumine
3569 2372 3683 2429 elo-

2037 2461 2289 2534 quentiae
2336 2458 2793 2533 apostolicorum
2851 2463 3206 2533 scriptorum
3264 2461 3683 2519 obscuritatem

2038 2549 2325 2608 altissimo
2354 2549 2567 2623 spiritu
2597 2550 2865 2606 refertam
2898 2549 3250 2607 illustrabat.
3276 2552 3512 2620 Ferunt,
3544 2568 3679 2608 cum

2037 2641 2160 2697 haec
2181 2640 2573 2697 controversia
2605 2640 2927 2713 agitaretur
2952 2645 3007 2696 et
3031 2641 3262 2713 publice
3304 2641 3685 2714 disceptanda

2038 2729 2679 2803 proponeretur,alieno
2701 2730 3124 2802 anuitempore
3166 2730 3375 2804 ingens
3418 2731 3683 2803 erupisse

2036 2818 2280 2887 tonitru,
2312 2823 2369 2874 et
2389 2818 2629 2875 auribus
2650 2835 2851 2875 eorum
2887 2819 3151 2875 omnium
3211 2820 3312 2891 qui
3366 2823 3490 2876 tum
3520 2819 3681 2876 Pela-

2036 2906 2219 2981 goniae
2273 2922 2406 2964 cum
2464 2907 2818 2980 imperatore
2867 2916 3028 2964 erant
3088 2911 3167 2965 ita
3223 2908 3559 2965 insonuisse
3618 2913 3682 2965 ut

2036 2995 2306 3053 nonnulli
2336 2995 2500 3052 humi
2531 2995 2991 3068 prolaberentur.
3033 2997 3103 3053 Et
3150 2997 3334 3054 Ellam
3367 2999 3678 3071 quemdam

2036 3085 2333 3142 hominem
2365 3084 2656 3142 eruditum
2689 3089 2746 3140 et
2777 3085 3088 3155 celebrem,
3118 3090 3317 3159 aperto
3372 3087 3521 3143 libro
3579 3088 3681 3159 qui

2040 3175 2111 3231 de
2134 3174 2445 3231 tonitribus
2465 3178 2523 3230 et
2544 3175 2972 3231 terraemotibus
2996 3176 3325 3246 dissereret,
3339 3180 3397 3232 et
3420 3176 3494 3233 iis
3515 3176 3681 3232 lectis

2039 3281 2167 3336 quae
2198 3263 2272 3320 ad
2304 3267 2534 3336 tempus
2565 3263 2713 3320 illud
2743 3264 3121 3337 pertinerent,
3181 3265 3462 3338 scriptum
3520 3267 3675 3323 inve-

2033 3352 2193 3410 nisse
2222 3354 2390 3410 Casus
2454 3355 2792 3426 sapientum.
2839 3354 3042 3427 Itaque
3099 3371 3214 3411 non
3266 3355 3304 3410 ii
3337 3356 3506 3412 modo
3537 3372 3682 3428 quos

2033 3443 2310 3514 diximus,
2343 3444 2647 3500 doctorum
2674 3444 3086 3514 eruditissimi,
3119 3443 3384 3501 ecclesiis
3424 3444 3577 3517 pulsi
3626 3448 3683 3501 et

2033 3531 2306 3588 omnibus
2337 3531 2517 3589 sacris
2550 3531 2892 3589 ministeriis
2921 3533 3213 3590 interdicti
3254 3538 3414 3602 sunt,
3447 3535 3549 3589 sed
3579 3533 3680 3591 alii

2033 3638 2265 3694 quoque
2287 3638 2399 3676 una
2423 3637 2556 3676 cum
2587 3620 2723 3676 illis.
2748 3620 2984 3692 Aliquot
3011 3622 3182 3677 annis
3203 3625 3335 3693 post
3355 3622 3676 3693 quaestione

2034 3710 2105 3767 de
2135 3710 2236 3766 Dei
2270 3709 2525 3766 hominis
2553 3710 2706 3765 dicto
2741 3727 2754 3765 :
2817 3732 2845 3759 ‹‹
2907 3713 3072 3764 Pater
3130 3709 3316 3779 major
3361 3712 3450 3765 est
3498 3725 3611 3775 me,
3644 3731 3672 3761 ››

2034 3798 2351 3872 proposita,
2384 3813 2589 3869 parum
2620 3796 2838 3852 curatis
2879 3797 3115 3853 Patrum
3167 3796 3675 3871 explicationibus,

2033 3887 2223 3958 iisque
2246 3885 2424 3943 variis
2453 3890 2510 3942 et
2542 3886 2611 3941 ad
2673 3887 3075 3942 controversiae
3133 3886 3575 3958 explicationem
3625 3897 3682 3945 et

2033 3976 2485 4032 declarationem
2517 3974 2971 4043 sufﬁcientibus,
2999 3991 3138 4031 suas
3169 3975 3678 4047 interpretationes

2033 4064 2252 4132 attulit,
2281 4080 2497 4136 easque
2530 4063 2903 4135 pertinaciter
2932 4063 3225 4121 defendit:
3287 4072 3342 4120 et
3398 4066 3467 4120 ad
3509 4081 3678 4122 suam

2030 4154 2387 4213 voluntatem
2416 4154 2564 4210 271
2600 4156 2658 4209 et
2698 4152 3051 4209 sententiam
3110 4153 3526 4210 universalium
3585 4155 3683 4211 do-

2033 4249 2262 4302 ctorum
2295 4242 2639 4309 sententias,
2671 4258 2787 4298 non
2838 4242 3011 4298 modo
3063 4242 3290 4298 veritati
3322 4261 3438 4301 non
3473 4244 3682 4302 adver-

2032 4337 2231 4391 santes
2252 4333 2350 4389 sed
2374 4329 2655 4387 divinitus
2671 4330 3519 4401 editas,accommodavit.Nam
3546 4350 3682 4391 cum

2033 4422 2135 4480 alii
2165 4422 2359 4478 dicant
2389 4420 2616 4476 Patrem
2651 4429 2714 4476 ut
2734 4419 3178 4477 Filiiauctorem
3215 4421 3332 4478 dici
3371 4424 3676 4495 majorem,

2038 4511 2136 4567 alii
2168 4511 2239 4567 de
2270 4513 2475 4565 natura
2508 4507 2770 4565 humana
2813 4508 2871 4564 id
2895 4507 3245 4581 intelligant,
3276 4517 3333 4566 et
3364 4511 3423 4566 id
3458 4512 3679 4569 dictum

261 4582 409 4682 στοι,
466 4582 570 4679 tiri:
602 4582 956 4679 "Exul-quia;
1018 4582 1552 4684 ἀπεσφενδονήθησαν
1601 4601 1693 4657 καὶ
1747 4582 1930 4672 πάσης

2042 4620 2157 4659 non
2191 4600 2375 4657 Verbo
2408 4599 2510 4656 sed
2544 4603 2861 4671 assumptaa
2920 4600 3080 4656 carni
3139 4600 3483 4674 attribuant,
3515 4607 3581 4659 ut
3623 4608 3682 4660 et

255 4704 415 4777 ἱερᾶς
449 4698 750 4776 ὑπηρεσίας
808 4693 1332 4768 ἐξωστρακίσθησαν,
1382 4690 1530 4748 ἆλλᾶ
1589 4693 1682 4747 σὺν
1739 4692 1929 4747 αὐτοῖς

260 4794 358 4850 καὶ
382 4788 565 4866 ’ἕτεροι
608 4793 716 4843 τῶν
771 4788 931 4859 ἱερῶν
989 4785 1080 4841 καὶ
1122 4783 1277 4839 θείων
1337 4778 1650 4859 περιϐόλων
1707 4782 1927 4851 ἀποση-

268 4880 562 4939 κασθέντες
615 4875 919 4947 ἠλάθησαν.
968 4871 1115 4929 Μετᾶ
1183 4870 1416 4948 χρόνους
1488 4870 1545 4927 δέ
1597 4892 1748 4934 τινας
1800 4872 1926 4943 τήνο

268 4995 300 5023 ι(
331 4971 397 5030 Ὀ
430 4968 623 5041 Πατήρ
668 4986 774 5040 μου
828 4965 1028 5039 μείζων
1087 4961 1194 5036 μού
1261 4959 1392 5035 ἐστι,
1424 4984 1452 5013 ››
1506 4965 1604 5017 τοῦ
1663 4961 1928 5036 θεανθρώ-

260 5081 371 5115 που
427 5056 620 5135 φωνήν
676 5054 896 5129 προθεὶς
954 5052 1030 5115 εἷς
1084 5050 1339 5123 ἐξέτασιν,
1427 5048 1590 5127 ὀλίγα
1675 5055 1762 5124 [Ρ.
1808 5054 1928 5126 138]

261 5155 389 5211 ταῖς
437 5152 548 5203 τῶν
614 5146 866 5220 Πατέρων
926 5142 1220 5219 προσσχὼν
1251 5140 1560 5216 έξηγήσεσι,
1615 5141 1707 5196 καὶ
1760 5145 1928 5196 ταῦτα

265 5236 563 5313 διαφόροις
598 5232 786 5291 οὔσαις
836 5234 923 5287 καὶ
982 5233 1190 5293 ἱκαναῖς
1242 5230 1377 5304 πρὸς
1437 5231 1537 5299 τὴν
1596 5232 1693 5286 τοῦ
1737 5234 1929 5299 ζητου-

266 5327 437 5402 μένου
513 5324 850 5400 παράστασιν
931 5318 1022 5377 καὶ
1108 5319 1422 5397 σαφήνειαν,
1506 5316 1928 5396 ἐφερμηνεύσεις

260 5416 469 5480 οῗκείας
530 5414 832 5489 εἰσήνεγκε,
894 5408 1224 5489 φιλονείκως
1292 5411 1400 5463 τῶν
1461 5405 1596 5477 ἅπαξ
1656 5405 1925 5476 δοξάντων

259 5506 693 5582 περιεχόμενος,
750 5500 842 5557 καὶ
898 5498 1034 5575 πρὸς
1092 5497 1154 5553 τὸ
1212 5496 1409 5552 οἰκεῖον
1464 5495 1743 5561 ἀνθέλκων
1796 5495 1927 5570 βούτ

262 5594 339 5666 λη
353 5616 449 5670 μα,
481 5593 575 5649 καὶ
604 5592 634 5648 6'
663 5592 927 5667 κυρώσειν
957 5586 1240 5663 προέθετο,
1269 5587 1367 5650 τὰς
1427 5583 1596 5659 μηδὲν
1654 5588 1723 5659 τῇ
1782 5584 1927 5657 ἀλη-

266 5682 389 5758 θεία
418 5679 852 5759 λυμαινομένας,
883 5676 1032 5736 ἀλλὰ
1073 5674 1348 5756 θεοσόφως
1394 5671 1686 5751 λεχθείσας
1744 5672 1926 5750 ῥήσεις

2039 4691 2139 4747 illa
2164 4692 2236 4746 de
2267 4688 2618 4762 profectione
2648 4689 2720 4745 ad
2776 4688 3027 4757 Patrem,
3054 4691 3123 4747 de
3168 4692 3416 4747 adventu
3475 4693 3684 4764 princi-

2041 4781 2129 4854 pis
2163 4779 2389 4848 mundi,
2423 4777 2520 4850 qui
2554 4777 2699 4833 nihil
2733 4778 2791 4835 in
2825 4778 2947 4850 ipso
2991 4778 3252 4835 inveniat
3277 4799 3289 4837 :
3318 4781 3436 4849 alii,
3468 4782 3577 4838 etsi
3611 4784 3682 4837 de

2036 4869 2226 4926 Verbo
2267 4883 2463 4925 vocem
2495 4867 2673 4936 maior
2704 4866 3014 4940 accipiant,
3047 4884 3162 4923 non
3188 4868 3450 4925 absolute
3489 4876 3679 4924 tamen

2038 4963 2096 5017 et
2124 4956 2530 5023 essentialiter,
2566 4957 2668 5013 sed
2702 4956 2775 5013 ob
2833 4956 3341 5012 inhumanationis
3388 4971 3681 5011 summum

2038 5047 2511 5106 extenuationem
2542 5053 2598 5101 et
2630 5044 3064 5111 humilitatem;
3118 5047 3292 5115 atque
3350 5041 3449 5098 alii
3490 5040 3679 5110 aliter,

2039 5135 2129 5209 pie
2182 5138 2402 5204 tamen,
2460 5131 2785 5204 explicent:
2834 5130 2927 5196 iis,
2989 5128 3182 5183 nescio
3248 5127 3561 5198 quomodo,
3618 5132 3683 5182 ut

2037 5223 2347 5296 propositae
2366 5219 2674 5293 quaestioni
2702 5235 2817 5274 non
2861 5215 3352 5272 satist'acientibus
3395 5214 3685 5286 improba-

2036 5311 2317 5378 tis,aliam
2350 5308 2546 5366 attulit
2574 5305 3146 5377 interpretationem,
3180 5301 3517 5375 indictoque
3545 5319 3686 5361 con-

2039 5400 2171 5455 cilio
2219 5402 2273 5453 et
2330 5396 2606 5453 omnibus
2660 5408 2961 5450 sacrarum
3013 5391 3360 5447 Litterarum
3401 5392 3684 5452 studiosis

2038 5488 2363 5548 convocatis
2395 5483 2657 5558 singulos
2680 5485 2946 5541 hortatus
2991 5487 3080 5538 est
3109 5487 3174 5538 ut
3210 5482 3262 5539 ei
3311 5483 3541 5541 decreto
3575 5486 3681 5543 hoc

2038 5577 2210 5633 mado
2242 5573 2708 5631 subscriberent:
2743 5594 2771 5622 «
2795 5572 3074 5643 Equidem
3109 5571 3285 5628 etiam
3341 5577 3678 5633 sanctorum

2037 5670 2276 5724 Patrum
2308 5680 2475 5723 voces
2508 5662 2577 5720 de
2639 5661 2736 5720 illo
2794 5661 2968 5737 dicto,
3030 5662 3195 5719 Pater
3245 5662 3423 5732 maior
3460 5673 3674 5739 eslmc,
