4066 6214
403 378 523 440 563
1727 367 2039 430 NICETIE

2186 368 2515 432 ΟΝΙΑΤΑΞ
3701 371 3816 433 564

410 509 764 582 amplector:
800 505 890 563 aio
921 508 1116 561 tamen
1151 503 1206 558 id
1241 502 1458 558 dictum
1492 501 1778 574 pertinere
1809 499 1877 556 ad
1921 515 2050 556 car-

2182 504 2266 555 τῶν
2333 500 2616 576 μακαρίων
2660 497 3004 556 διδασκάλων
3037 506 3140 571 τῆς
3187 499 3539 576 οικουμένης.
3569 503 3692 559 Τῶν
3729 501 3824 576 μὲν

413 616 547 656 nem
581 599 638 654 in
670 614 735 652 eo
768 594 1062 651 conditam
1091 597 1148 647 et
1179 591 1540 665 passibilem.
1576 612 1605 641 »
1663 589 1824 655 Quod
1869 589 2063 646 nescio

2182 590 2271 666 γὰρ
2328 589 2604 665 λεγόντων
2661 587 2741 663 τῷ
2797 589 2956 663 αἰτίῳ
3001 588 3244 664 εἰρῆσθαι
3295 591 3539 665 μείζονα,
3590 595 3700 646 τῶν
3768 589 3826 646 δὲ

417 687 706 762 quomodo
729 683 874 741 Filio
898 685 1196 739 inearnato
1225 683 1421 738 minus
1443 681 1649 738 tribuit
1671 697 1845 753 quam
1886 677 2063 750 Patri,

416 775 656 848 perinde
687 790 752 828 ac
784 773 827 827 si
857 774 930 828 ob
956 780 1176 828 natura:
1201 771 1474 827 humanae
1517 770 1978 842 assumptionem
2009 771 2067 823 et

417 866 950 938 peregrinationem
977 863 1034 916 in
1058 865 1274 917 terram
1289 864 1413 932 pari
1433 861 1718 932 dignitate
1757 859 2070 915 excidisset

418 970 484 1010 ac
506 969 674 1010 suam
733 950 1130 1008 auctoritatem
1190 949 1342 1006 278
1394 949 1654 1017 emisset,
1695 955 1749 1004 et
1801 948 1956 1003 intra
1993 945 2067 1000 li-

419 1043 586 1099 mites
618 1040 1044 1098 extenuationis
1073 1040 1454 1107 constitisset,
1514 1055 1580 1095 ac
1644 1055 1758 1096 non
1811 1037 2071 1093 deiﬁcas-

418 1137 508 1190 set
537 1136 593 1186 et
623 1129 922 1186 extulisset
953 1128 1222 1195 humilia,
1245 1132 1302 1183 et
1322 1144 1431 1183 sua
1458 1127 1642 1200 gloria
1670 1144 1771 1200 per
1792 1127 2069 1182 unionem

419 1220 580 1277 illam
615 1223 884 1277 ornasset
913 1218 1108 1290 potius
1134 1233 1305 1286 quam
1361 1232 1429 1272 ea
1481 1233 1538 1272 re
1590 1215 1716 1288 ipse
1758 1216 2070 1288 depressus

420 1315 593 1368 esset.
655 1309 816 1374 Quod
879 1307 1197 1363 absurdum
1243 1309 1347 1362 est.
1407 1307 1597 1377 Atque
1654 1304 1826 1387 etiam
1897 1304 2073 1360 rubra

422 1400 713 1472 scriptura
742 1403 1024 1469 tanquam
1077 1412 1212 1452 ense
1270 1395 1544 1452 ﬂammeo
1603 1395 1902 1451 decretum
1961 1394 2072 1450 hoc

425 1489 694 1559 munivit,
727 1504 841 1559 quo
896 1491 1136 1542 mortem
1189 1484 1574 1540 minitabatur
1624 1489 1682 1540 et
1741 1499 2076 1540 excommu-

427 1577 780 1633 nicationem
823 1575 873 1630 ei
929 1574 1048 1644 qui,
1102 1589 1222 1630 non
1279 1572 1407 1628 dico
1475 1573 1666 1644 prima
1720 1571 2076 1644 impulsione

427 1663 612 1720 animi
644 1662 1066 1734 reprehendere
1088 1665 1144 1718 et
1170 1661 1674 1730 submurmurare,
1705 1662 1805 1718 sed
1845 1665 2075 1718 tantum

432 1751 815 1823 introspicere
843 1767 1024 1807 ausus
1067 1753 1238 1808 esset.
1299 1749 1518 1806 Deinde
1571 1750 1725 1807 idem
1778 1750 2075 1808 decretum

2173 677 2398 732 κατὰτὸ
2431 677 2766 750 ἀνθρώπινον
2825 675 3190 754 έξειληφότων
3247 678 3338 733 καὶ
3397 683 3476 750 τῷ
3521 675 3824 755 προσλήμ-

2181 784 2332 839 ματι,
2374 766 2438 822 οὔ
2465 769 2546 838 τῷ
2577 763 2728 839 λόγῳ
2758 767 2857 836 τὴν
2920 767 3106 844 φωνὴν
3173 765 3373 838 ταύτην
3441 766 3824 842 ἀπονειμαμέ-

2174 875 2304 925 νων,
2362 854 2544 930 ὣσπερ
2599 855 2688 909 καὶ
2756 855 2818 912 τὸ
2877 857 3014 931 πρὸς
3068 859 3160 912 τὸν
3221 857 3432 932 Πατέρα
3489 855 3822 932 πορεύεσθαι

2177 946 2264 998 καὶ
2299 944 2361 1000 τὸ
2390 940 2644 1022 ἔρχεσθαι
2675 947 2772 1000 τοῦ
2815 943 3026 1019 κόσμου
3082 945 3173 1000 τὸν
3230 946 3473 1020 ἄρχοντα
3528 947 3617 1001 κΞὲ
3669 943 3822 1021 ἔρευ-

2177 1038 2352 1090 νῶντα
2423 1030 2592 1107 μηδὲν
2644 1032 2789 1096 ὅλως
2820 1034 3086 1110 εὑρίσκειν
3157 1033 3210 1090 ἐν
3293 1035 3466 1108 αὐτῷ,
3541 1034 3700 1090 τινῶν
3766 1033 3826 1090 δὲ

2179 1125 2302 1198 περὶ
2343 1127 2440 1179 τοῦ
2472 1121 2647 1198 λόγου
2675 1125 2737 1178 τὸ
2779 1129 2963 1196 μεῖζον
3013 1119 3422 1197 ἐκλαϐομένων,
3473 1123 3584 1201 οὐχ
3630 1125 3829 1188 ἁπλῶς

2182 1211 2240 1268 δὲ
2279 1211 2368 1268 καὶ
2399 1219 2514 1268 κατ’
2546 1211 2752 1284 οὐσίαν,
2785 1211 2928 1269 ἀλλᾶ
2960 1209 3048 1268 διὰ
3077 1214 3174 1282 τὴν
3222 1214 3278 1268 ἓν
3331 1218 3414 1287 τῷ
3470 1212 3830 1288 ἔνανθρωπξ-

2179 1325 2271 1360 ραι
2300 1303 2466 1379 ἄκραν
2487 1303 2711 1360 κένωσιν
2740 1304 2829 1360 καὶ
2857 1302 3202 1373 ταπείνωσιν,
3253 1303 3342 1360 καὶ
3398 1302 3588 1360 ἄλλων
3637 1301 3832 1368 ἄλλως

2183 1389 2422 1456 εὐσεϐῶς
2459 1394 2639 1467 μέντοι
2675 1390 3059 1468 ἐκδεξαμένων.
3104 1393 3303 1456 ταύτας
3344 1394 3446 1450 οὐκ
3502 1391 3612 1449 οἶδ’
3677 1395 3834 1458 ὃπως

2185 1481 2513 1557 ἀποστέρξας
2570 1483 2644 1544 ὡς
2731 1481 2844 1558 οὐχ
2881 1484 3082 1547 ἱκανῶς
3125 1482 3251 1558 περὶ
3315 1485 3412 1537 τοῦ
3459 1481 3838 1557 προκειμένου

2187 1572 2462 1640 εἲποῦσας,
2529 1571 2619 1627 καὶ
2676 1573 2871 1647 ἑτέρως
2928 1571 3060 1628 αὐτὸ
3133 1570 3520 1647 διηρμήνευεν.
3602 1572 3837 1648 Ἀμέλει

2186 1664 2277 1718 καὶ
2309 1659 2532 1718 σύνοδον
2573 1664 2956 1739 συγκροτήσας
2994 1660 3083 1717 καὶ
3124 1656 3264 1718 ἅπαν
3319 1660 3444 1718 ὅσον
3500 1667 3619 1724 τοῖς
3662 1662 3842 1730 θείοις

2187 1746 2376 1826 ἔχαιρε
2450 1748 2680 1826 δόγμασι
2765 1749 3142 1826 συναθροίσας,
3227 1749 3418 1828 ἐνῆγεν
3493 1749 3720 1808 ἕκαστον
3785 1751 3839 1808 ἑν

429 1844 501 1898 de
541 1839 930 1912 quorumdam
981 1853 1349 1896 assensurum
1380 1837 1468 1894 vel
1521 1842 1950 1896 assentatorum
1983 1857 2074 1912 po-

2184 1840 2344 1915 τόμῳ
2407 1837 2723 1916 δογματικῷ
2826 1838 3162 1920 ὑπογράφειν
3249 1840 3531 1915 ὁρίζοντας
3609 1841 3842 1898 οὕτωσῖ

430 1929 550 1986 tius
576 1929 818 1986 consilio
853 1929 1096 2002 lapideis
1125 1928 1344 1984 tabulis
1376 1927 1734 2000 insculptum
1793 1931 1852 1985 in
1894 1931 2077 1986 maxi-

429 2036 524 2076 mo
549 2020 768 2094 templo
800 2021 1106 2077 dedicavit.
1138 2021 1506 2076 Verebantur
1533 2019 1690 2076 enim
1742 2035 1812 2074 ne
1854 2021 2078 2076 sanctio

429 2108 548 2175 illa,
581 2113 644 2166 ut
676 2126 802 2182 quae
836 2112 1119 2182 praetextu
1155 2108 1353 2164 carnis
1383 2108 1496 2180 ipsi
1527 2107 1710 2165 Verbo
1751 2109 2076 2182 derogaret,

430 2201 828 2274 abrogaretur,
862 2201 1185 2274 praesertim
1219 2215 1352 2256 cum
1384 2199 1856 2256 extenuationem
1879 2205 1935 2256 et
1964 2199 2078 2256 hu-

429 2291 735 2346 manitatis
766 2289 1050 2346 rationem
1085 2289 1518 2362 prmteriissent.

2187 1955 2216 1984 «
2247 1926 2624 2005 ’Λποδέχομαι
2683 1929 2780 2003 μὲν
2830 1929 2920 1984 καὶ
2949 1929 3045 1992 τὰς
3075 1929 3353 2006 περὶτοῦ,
3393 1931 3455 1987 Ὀ
3498 1932 3687 2005 Πατήρ
3729 1953 3838 2006 μου

2189 2019 2387 2095 μείζων
2466 2018 2572 2092 μού
2621 2018 2758 2090 ἐστι,
2817 2023 2924 2074 τῶν
2979 2019 3256 2098 θεοφόρων
3315 2018 3568 2094 Πατέρων
3622 2021 3838 2098 φωνᾶς,

2186 2109 2331 2186 λέγω
2363 2105 2421 2164 δὲ
2447 2107 2694 2184 εἰρῆσθαι
2724 2111 2886 2163 τοῦτο
2926 2109 3014 2163 καὶ
3075 2109 3212 2163 κατὰ
3266 2110 3366 2179 τὴν
3417 2109 3469 2164 έν
3512 2109 3665 2184 αὖτῷ
3711 2132 3842 2167 κτι-

2185 2200 2314 2267 στήν
2347 2197 2438 2252 καὶ
2477 2197 2728 2268 παθητὴν
2758 2197 2949 2272 σάρκα,
2985 2221 3013 2249 ››
3047 2199 3224 2254 Τοῦτο
3255 2194 3315 2252 δὲ
3363 2197 3463 2254 οὐκ
3520 2195 3624 2253 οἶδ’
3680 2201 3844 2260 ὅπως

2181 2289 2244 2344 τὸ
2275 2285 2497 2344 ἔλαττον
2538 2285 2675 2361 πρὸς
2705 2286 2794 2342 τὸν
2837 2285 3050 2362 Πατέρα
3079 2291 3158 2359 τῲ
3185 2287 3301 2360 Υἱῷ
3357 2293 3849 2366 σαρκοφορήσαντι

428 2378 790 2454 περιτίθησιν,
840 2379 913 2440 ὡς
969 2375 1117 2453 εἷ’περ
1177 2375 1532 2446 ἀπωλίσθησε
1582 2376 1683 2445 τῆς
1743 2375 1995 2447 ἰσότητος
2051 2375 2142 2434 διά
2187 2379 2287 2450 τὴν
2343 2375 2690 2450 ἀνθρωπίνης
2747 2375 2958 2454 φύσεως
3014 2375 3332 2452 πρόσληψιν
3391 2377 3483 2432 καὶ
3539 2379 3641 2448 τήν
3701 2381 3853 2458 πρὸς

429 2469 579 2540 ἡμᾶς
605 2465 925 2540 ἐπιδημίαν,
965 2469 1038 2540 μὴ
1070 2468 1170 2537 τήν
1201 2464 1342 2520 ἰδίαν
1371 2464 1462 2520 καὶ
1485 2464 1660 2527 οὕτως
1689 2459 1980 2536 ἀνασώζων
2041 2464 2216 2538 δόξαν,
2270 2472 2388 2530 τοῖς
2444 2462 2503 2520 δὲ
2556 2471 2656 2534 τῆς
2702 2465 2979 2526 κενώσεως
3015 2463 3234 2540 μέτροις
3266 2463 3648 2540 έναπομείνας,
3678 2467 3720 2538 ἢ
3772 2473 3848 2543 μὴ

433 2557 637 2619 θεώσας
665 2556 755 2610 καὶ
787 2555 1006 2629 ὑψώσας
1037 2556 1098 2610 τὸ
1129 2556 1383 2611 ταπεινὸν
1427 2553 1516 2609 καὶ
1563 2558 1670 2608 τῶν
1718 2553 1932 2610 οἰκείων
1988 2554 2329 2636 αὐχημάτων
2393 2554 2632 2630 μέτοχον
2689 2550 2964 2624 ἀναδείξας
2990 2552 3041 2627 ἐξ
3074 2553 3246 2624 αὐτῆς
3274 2561 3374 2624 τῆς
3406 2555 3673 2628 ένώσεως,
3709 2555 3848 2614 ἀλλ’

432 2645 521 2700 ὑπ’
577 2645 740 2700 αὐτοῦ
795 2645 1104 2701 τούναντίον
1157 2645 1525 2714 ταπεινωθεὶς,
1577 2644 1706 2717 ὅπερ
1763 2643 1989 2701 ἄτοπον.
2052 2643 2277 2721 Ἀμέλει
2333 2643 2422 2700 καὶ
2479 2649 2713 2721 γραφαῖς
2770 2641 3018 2718 ἐρυθραῖς
3068 2643 3144 2708 ὡς
3203 2642 3436 2722 φλογίνῃ
3493 2646 3751 2725 ῥομφαίᾳ
3780 2651 3844 2704 τὸ

431 2729 607 2810 δόγμα
635 2739 800 2790 τοῦτο
832 2732 1153 2809 διειληφὼς,
1185 2732 1538 2797 ἀπειλούσαις
1590 2734 1815 2798 θάνατον
1857 2735 1948 2790 καὶ
1997 2734 2328 2810 ἀποκήρυξιν
2379 2731 2616 2795 πίστεως
2660 2735 2738 2803 τῷ
2775 2727 3193 2806 προσεμϐλέψαι
3226 2731 3372 2794 ὅλως
3424 2727 3572 2789 ἔνδον
3601 2733 3842 2810 τολμή-

429 2824 696 2880 σαντικαὶ
730 2824 866 2880 κατά
930 2825 1156 2900 πρώτην
1223 2827 1321 2879 τοῦ
1385 2827 1481 2878 νοῦ
1545 2822 1777 2896 κίνησιν,
1816 2821 2018 2898 πολλῷ
2083 2821 2190 2880 δέω
2255 2823 2422 2878 εἶπεῖν
2486 2815 2870 2896 ἐπιλαϐομένῳ
2933 2821 3024 2876 καὶ
3094 2821 3605 2899 ὑποτονθορύσαντι,
3645 2820 3846 2884 ἔπειτα

429 2911 658 2975 λιθίναις
721 2911 915 2982 πλαξὶν
984 2910 1282 2989 ἒγχαράξας
1353 2913 1656 2983 ὑποθήκαις
1717 2916 1880 2968 τινῶν
1944 2918 2052 2967 τῶν
2117 2909 2634 2968 ἐπακολουθούντων
2723 2909 2870 2982 αὖτῷ
2935 2909 3025 2966 καὶ
3091 2907 3502 2968 κολακευόντων
3571 2912 3662 2970 ἐπὶ
3735 2917 3845 2972 νεὼ

423 3005 522 3056 τοῦ
556 3003 814 3077 μεγίστου
853 3001 1088 3056 ἀνέθετο.
1119 3004 1468 3081 Ὑφεωρῶντο
1515 3001 1620 3077 γὰρ
1667 3001 1766 3070 τήν
1818 3005 1928 3057 τῶν
1977 3001 2328 3079 κυρωθέντων
2379 2999 2632 3056 ἀνάλυσιν
2682 2999 2757 3061 ὡς
2786 2999 2862 3062 εἷς
2891 2998 3051 3055 αὐτὸν
3080 2999 3172 3056 τὸν
3205 2999 3372 3076 λόγον
3414 2999 3506 3057 διὰ
3537 3002 3717 3077 μέσης
3744 3011 3853 3074 τῆς

429 3092 627 3165 σαρκὸς
659 3089 1044 3168 ἀποφερόντων
1075 3091 1138 3146 τὸ
1169 3087 1414 3164 ἔλαττον,
1471 3091 1560 3146 καὶ
1623 3089 1844 3165 μάλισθ’
1901 3090 1983 3146 ὅτι
2039 3093 2140 3162 τήν
2192 3091 2421 3147 κένωσιν
2472 3090 2562 3146 καὶ
2600 3089 2663 3144 τὸ
2711 3089 2848 3144 κατά
2873 3088 2936 3144 τὸ
2967 3089 3308 3165 ἀνθρώπινον
3340 3091 3638 3166 νοούμενον
3671 3116 3850 3172 παριο

433 3176 726 3254 ϐλέψαντο.

499 3273 555 3326 6.
590 3271 866 3344 Ejusdem
897 3271 1132 3344 generis
1164 3271 1310 3326 illud
1333 3271 1507 3328 etiam
1535 3275 1627 3328 est
1647 3272 1802 3344 quod
1851 3270 2074 3328 Manus]

2271 3271 2331 3333 ς’,
2383 3270 2518 3328 Οἷον
2569 3265 2628 3324 δὲ
2685 3267 2775 3322 καὶ
2832 3264 2948 3325 τόδ’
3004 3262 3178 3344 ἔρεξεν
3237 3267 3372 3345 ἀνὴρ
3406 3269 3592 3327 οὐτοσὶ
3623 3273 3756 3350 περὶ
3787 3275 3850 3332 τὸ

431 3361 542 3417 sub
571 3361 704 3418 vitae
732 3361 908 3417 ﬁnem
938 3359 1087 3416 fecit.
1121 3361 1321 3418 Exstat
1347 3359 1500 3416 inter
1546 3364 1783 3417 caeteras
1818 3360 2078 3418 cateche-

431 3451 562 3506 ticae
616 3451 826 3506 tabulis
886 3450 1217 3506 sanctiones
1275 3449 1588 3506 anathema
1644 3449 1704 3505 in
1762 3449 2076 3506 Mahomcti

436 3545 645 3609 Deum,
677 3555 853 3611 quem
887 3555 991 3595 nec
1020 3539 1296 3611 genuisse
1353 3555 1459 3594 nec
1515 3539 1776 3612 genitum
1837 3539 1939 3595 sed
1969 3539 2076 3595 bo-

432 3627 752 3702 losphyron
784 3645 913 3684 esse
943 3628 1216 3684 afﬁrmat.
1247 3628 1308 3684 Id
1341 3627 1653 3683 anathema
1682 3643 1751 3684 ex
1797 3627 2076 3684 omnibus

429 3718 801 3776 catecheticis
831 3717 1050 3775 libellis
1091 3716 1311 3774 aboleri
1342 3716 1522 3773 voluit
1573 3716 1647 3773 ab
1693 3717 1822 3790 ipsa
1850 3717 2072 3788 Magnae

425 3807 682 3865 ecclesiae
701 3807 904 3880 tabula
925 3807 1288 3880 auspicatus,
1321 3806 1498 3879 idque
1518 3805 1743 3865 ratione
1785 3804 2074 3878 probabili

423 3897 662 3955 scilicet.
689 3897 893 3954 Aiebat
918 3897 1077 3953 enim
1140 3895 1524 3969 hlasphemiis
1581 3895 1641 3951 in
1673 3896 1853 3952 Deum
1886 3894 2072 3967 quali-

422 3986 772 4058 buscunque
803 3985 956 4042 219
989 3983 1204 4040 oﬁ‘endi
1261 3990 1585 4055 Agarenos,
1635 3982 1734 4054 qui
1785 3981 1855 4039 ad
1915 3981 2074 4054 piam

427 4081 690 4131 nostram
723 4073 1062 4146 religionem
1117 4073 1451 4129 deﬁcerent.
1512 4071 1761 4128 Proinde
1819 4069 2075 4127 maxime

427 4164 754 4222 Theodosio
784 4163 1086 4232 accersito,
1121 4162 1221 4234 qui
1244 4161 1565 4234 principem
1615 4161 1813 4217 sedem
1836 4154 2078 4218 curabitt

422 4261 596 4328 atque
629 4255 899 4323 ornabat,
930 4258 988 4309 et
1017 4251 1316 4325 primariis
1363 4251 1790 4322 sacerdotibus,
1825 4251 1921 4323 qui
1949 4255 2075 4308 tum

421 4345 483 4400 in
515 4345 660 4399 urbe
719 4347 882 4398 erant
931 4340 1264 4414 eloquentia
1327 4345 1386 4396 et
1433 4341 1646 4396 virtute
1703 4343 2078 4412 praestantes.

424 4433 812 4504 quaestionem
844 4447 979 4487 cum
1041 4431 1266 4488 tumido
1325 4431 1562 4486 exordio
1620 4429 1914 4502 proponit.
1968 4432 2076 4498 Qui

423 4535 558 4576 cum
589 4535 793 4574 omnes
825 4519 1278 4591 refragarentur,
1305 4535 1410 4575 nec
1441 4518 1563 4575 ullo
1623 4519 1796 4575 modo
1836 4518 1938 4574 illa
1969 4519 2074 4575 ad-

2181 3359 2350 3434 πέρας
2381 3365 2484 3430 τῆς
2514 3357 2680 3414 αὐτοῦ
2714 3358 2928 3433 βιοτῆς.
2989 3358 3272 3433 ’[ῐγκειται
3330 3358 3410 3432 τῷ
3467 3369 3852 3438 κατηχητικῷ

2178 3447 2392 3522 πυκτίῳ
2425 3453 2544 3522 μεθ’
2588 3446 2787 3523 ἑτέρων
2816 3446 3138 3524 ἀφορισμῶν
3200 3447 3292 3503 καὶ
3349 3449 3412 3504 τὸ
3469 3449 3718 3524 ἀνάθεμα
3765 3458 3846 3528 τῷ

2179 3541 2296 3610 Θεῷ
2323 3541 2420 3593 τοῦ
2452 3537 2723 3611 Μωάμετ,
2755 3535 2880 3612 περὶ
2930 3537 2992 3590 οὗ
3060 3534 3232 3611 λέγει,
3288 3559 3317 3590 ‹‹
3361 3536 3504 3594 Οθτε
3559 3537 3844 3616 ἐγέννησεν

2180 3623 2303 3682 οὔτε
2333 3625 2623 3703 ἐγεννήθη,
2665 3649 2694 3677 ››
2725 3625 2816 3680 καὶ
2847 3623 2933 3680 ὅτι
2961 3623 3270 3704 ὁλόσφυρός
3302 3623 3438 3682 ἐστι.
3478 3629 3589 3684 Τὸν
3643 3636 3838 3687 τοιοῦ-

2175 3738 2268 3772 τον
2338 3715 2518 3772 τοίνυν
2595 3715 3029 3789 ἀναθεματισμὸν
3113 3713 3412 3790 ἀπαλεῖψαι
3515 3721 3623 3774 τῶν
3711 3719 3832 3776 ὃλω

2175 3805 2605 3881 κατηχητηρίων
2667 3799 2877 3880 βίϐλων
2941 3804 3224 3880 προέθετο,
3255 3805 3348 3861 ἀπ’
3401 3805 3602 3872 αὐτ-ἦς’
3627 3811 3735 3878 τῆς
3774 3808 3829 3866 ἓν

2175 3899 2245 3970 τῇ
2307 3891 2531 3968 Μεγάλη
2594 3891 2858 3964 ἐκκλησίᾳ
2899 3893 2986 3968 [Ρ.
3059 3895 3183 3968 139]
3213 3891 3474 3956 πυκτίδος
3505 3896 3833 3970 ἀρξάμενος.

2177 3982 2342 4053 Καὶὴ
2374 3984 2643 4062 πρόφασις
2683 3983 2758 4043 ὡς
2817 3979 2967 4055 μάλα
3024 3978 3404 4058 εὐπρόσωπος⁹
3463 3982 3654 4065 ἔφασκε
3715 3989 3826 4062 γάρ

2178 4073 2254 4135 ὡς
2315 4071 2391 4133 εἰς
2451 4069 2752 4127 σκάνδαλον
2836 4070 3118 4146 πρόκειται
3203 4076 3311 4128 τῶν
3393 4074 3830 4149 μετατιθεμένων

2177 4162 2491 4236 ,Αγαρηνῶν
2561 4160 2638 4222 εἷς
2689 4160 2788 4228 τήν
2857 4161 2978 4224 καθ’
3033 4161 3182 4233 ἡμᾶς
3251 4157 3477 4232 θεοσεϐῆ
3533 4163 3715 4221 πίστιν
3774 4168 3837 4222 τὸ

2183 4249 2628 4328 βλασφημεῖσθαι
2660 4247 2806 4312 ὅλως
2839 4250 2992 4307 Θεόν.
3023 4249 3234 4308 Οὐκοῦν
3271 4249 3619 4324 μετάκλητον
3648 4255 3837 4329 τίθησι

2179 4341 2272 4397 τὸν
2343 4338 2596 4416 μέγιστον
2645 4336 2960 4411 Θεοδόσιον,
3019 4338 3080 4402 ὅς
3148 4337 3320 4395 διεῖπε
3373 4346 3675 4411 τηνικαῦτα
3743 4346 3837 4401 καὶ

2183 4425 2406 4502 έκὸσμει
2469 4426 2658 4502 θρόνον
2700 4428 2796 4484 τὸν
2853 4428 3192 4504 πρώτιστον,
3241 4430 3333 4484 καὶ
3373 4434 3482 4486 τῶν
3529 4434 3674 4490 κατᾶ
3731 4437 3833 4504 τήν

2182 4516 2346 4574 πόλιν
2369 4513 2755 4591 ἒνδημούντων
2795 4517 3095 4594 ἀρχιερέων
3135 4515 3262 4580 τοὺς
3317 4519 3474 4596 λόγῳ
3530 4521 3620 4578 καὶ
3662 4523 3836 4599 ἀρετῇ

425 4609 726 4665 mitterent
758 4610 822 4662 ut
850 4606 1108 4662 absurda
1140 4611 1196 4662 et
1253 4624 1285 4662 a
1340 4624 1476 4664 vera
1535 4609 1606 4664 de
1636 4607 1752 4664 Deo
1783 4608 2074 4665 sententia

2187 4605 2604 4682 διαπρέποντας,
2640 4605 2731 4660 καὶ
2761 4609 3039 4663 κοινοῦται
3066 4605 3284 4670 τούτοις
3312 4607 3377 4662 τὸ
3434 4608 3656 4684 σκέμμα
3718 4615 3842 4686 μετ’

424 4696 796 4765 abducentia,
829 4702 1003 4767 atque
1033 4697 1349 4752 anathema
1379 4695 1522 4752 illud
1581 4696 1918 4752 offensionis
1951 4697 2072 4769 ple-

425 4805 569 4845 num
602 4785 694 4860 pie
726 4784 1076 4858 explicarent
1100 4786 1226 4856 (nec
1248 4785 1404 4841 enim
1429 4785 1609 4842 Deum
1659 4785 1786 4842 celi
1817 4791 1874 4842 et
1905 4791 2069 4843 terra!

423 4878 788 4938 conditorem
819 4877 936 4932 ullo
973 4877 1146 4932 modo
1181 4874 1554 4932 anathemate
1584 4876 1794 4946 notari,
1821 4875 1924 4931 sed
1981 4876 2079 4931 ho-

420 4969 766 5043 lOSphyrum
807 4966 972 5022 illum
1011 4967 1214 5031 Deum,
1254 4979 1430 5036 quem
1461 4964 1682 5019 delirus
1716 4969 1774 5020 et
1821 4965 2079 5020 furiosus

425 5061 830 5116 Machometus
860 5073 964 5113 nec
994 5056 1256 5128 genitum
1317 5069 1425 5110 nec
1480 5053 1815 5125 gignenlem
1853 5056 2077 5112 conﬁn-

425 5154 622 5221 geret:
659 5161 796 5202 nam
829 5144 984 5217 apud
1015 5141 1380 5200 Christianos
1430 5145 1612 5198 Deum
1673 5141 1898 5199 Patrem
1928 5143 2077 5200 cele-

423 5237 603 5305 brari,
637 5235 793 5308 quod
857 5231 1222 5289 detestandis
1279 5231 1629 5288 Machomcti
1707 5233 2079 5306 nugamentis

427 5326 600 5396 plane
625 5323 1022 5395 prohibeatur.
1058 5321 1280 5377 Deinde
1313 5337 1375 5378 se
1407 5339 1521 5377 non
1577 5321 1722 5378 satis
1753 5322 2079 5395 intelligere

429 5414 560 5483 quid
593 5413 666 5468 sit
697 5411 848 5468 illud
877 5411 1345 5484 holosphyrum),
1382 5412 1466 5468 eis
1523 5412 1717 5468 animo
1772 5411 1918 5468 nihil
1968 5413 2077 5468 mi-

429 5502 610 5569 tigato
643 5501 1019 5572 contemptis,
1038 5507 1246 5574 suapte
1271 5500 1638 5568 auctoritate,
1669 5506 1725 5558 et
1753 5501 2079 5558 aulicorum

434 5587 821 5655 eruditorum,
849 5606 998 5660 quos
1029 5591 1277 5662 tempori
1309 5592 1523 5648 servire
1581 5595 1769 5662 norat,
1813 5591 2077 5648 ministe-

436 5673 544 5744 rio,
578 5674 870 5733 decretum
905 5677 1195 5750 proponit,
1255 5695 1369 5752 quo
1401 5682 1486 5754 Est
1538 5679 1888 5737 Machomsti
1932 5678 2078 5737 deli-

2182 4697 2433 4772 ὀγκηρῶν
2496 4692 2857 4770 προεισοδίων
2913 4701 3014 4766 τῆς
3072 4695 3398 4759 ὑποθέσεως.
3439 4699 3827 4766 Ἀνανεῦοντας

2181 4783 2238 4842 δὲ
2287 4787 2496 4849 πάντας
2546 4784 2718 4861 εὑρὼν
2777 4784 2868 4839 καὶ
2917 4782 3050 4858 μηδ’
3105 4784 3293 4861 ἄκροις
3352 4784 3838 4864 παραδεχομένονς

2205 4876 2220 4897 9
2271 4876 2284 4894 \
2368 4875 2380 4889 ‘
2475 4875 2490 4898 9
2643 4873 2668 4912 ,Ι
2882 4874 2898 4894 ι
3005 4874 3021 4894 Ἷ
3075 4875 3101 4929 ό
3391 4876 3407 4896 ε
3499 4883 3526 4894 υ
3617 4876 3632 4894 τ

2187 4897 2288 4930 ωσι
2323 4896 2392 4930 τα
2449 4893 2812 4950 εισηγοδμενα
2867 4895 2941 4937 ως
2996 4893 3070 4929 απ
3108 4895 3264 4954 φημα
3315 4897 3407 4931 και
3463 4897 3561 4946 της
3590 4896 3666 4939 εις
3697 4883 3839 4934 Θεον

2186 4963 2560 5035 ἀληθεστάτης
2592 4959 2752 5036 δόξης
2792 4961 3091 5040 ἀπάγοντα,
3147 4963 3542 5038 ἐξηγουμένους
3598 4963 3658 5022 δὲ
3711 4968 3842 5024 θεο-

2187 5049 2364 5130 φιλῶς
2415 5052 2478 5107 τὸ
2540 5049 2617 5114 εἷς
2675 5047 2972 5107 σκάνδαλον
3029 5048 3190 5122 δῆθεν
3225 5052 3314 5108 καὶ
3346 5054 3684 5130 πρόσκομμα
3713 5057 3843 5112 καί-

2191 5162 2374 5214 μενον,
2433 5139 2522 5196 καὶ
2583 5137 2974 5217 διασαφοῦντας
3038 5142 3114 5214 μή
3135 5140 3282 5205 ὅλως
3312 5143 3442 5199 Θεὸν
3476 5144 3709 5220 οὐρανοῦ
3739 5150 3836 5204 καὶ

2186 5238 2289 5307 γῆς
2315 5233 2554 5303 ποιητὴν
2584 5226 3099 5296 ηθυποῦάλλεσθαι
3147 5231 3468 5308 ἀναθέματι,
3537 5235 3683 5293 ἀλλά
3735 5239 3837 5294 τὸν

2187 5321 2334 5396 παρά
2363 5325 2442 5394 τῷ
2475 5321 2634 5395 λήρῳ
2661 5321 2751 5376 καὶ
2783 5317 3136 5393 δαιμονιώδει
3185 5324 3428 5397 Μωάμετ
3489 5325 3846 5404 ἀναπγαττό-

2193 5431 2352 5484 μενον
2409 5409 2712 5488 ὁλὸσφυρον
2773 5409 2900 5464 Θεὸν
2950 5409 3044 5464 καὶ
3105 5413 3243 5484 μήτε
3299 5414 3619 5489 γεννηθέντα
3695 5419 3840 5491 μήτε

2189 5501 2519 5576 γεννήσαντα
2576 5498 2743 5573 (παρά
2805 5500 3158 5574 Χριπιανοῖς
3211 5501 3303 5572 μὲν
3360 5503 3466 5577 γὰρ
3524 5500 3841 5575 δοξάζεσθαι

2188 5583 2402 5663 Πατέρα
2458 5588 2611 5661 Θεὸν,
2679 5585 2815 5642 αὐτά
2865 5587 2923 5642 τὲ
2979 5587 3044 5642 τὰ
3107 5583 3400 5661 ἀπόϐλητα
3447 5597 3544 5646 τοῦ
3591 5595 3841 5668 Μωάμετ

2191 5673 2488 5752 ληρήματα
2545 5678 2707 5732 τοῦτο
2759 5675 3113 5754 ἀπαγορεύειν
3165 5673 3334 5742 ὅλως
3394 5681 3484 5737 καὶ
3527 5679 3716 5746 ἄλλως
3776 5679 3838 5738 ὃὶ
