4118 6200
269 402 382 465 365

1309 405 1409 466 DE
1455 404 1850 468 MANUELE
1895 401 2267 466 COMNENO
2313 405 2458 466 LIB.
2507 405 2638 468 VII.

3566 413 3684 476 566

276 537 346 610 μὴ
380 532 620 588 συνιέναι
681 528 924 608 ἀκριϐῶς
983 535 1174 590 ὁποῖόν
1230 535 1282 591 τί
1339 537 1451 592 ὲστι
1479 537 1542 592 τὸ
1573 535 1916 618 ὑλόονφυρον)¹

2041 538 2195 594 rium
2239 540 2364 609 (cur
2419 540 2575 596 enim
2641 539 2997 613 theologiam
3065 543 3256 602 dicam
3290 545 3365 616 7)
3423 547 3691 608 defende-

270 624 460 685 αὑτοὺς
497 625 591 697 μὲν
626 623 903 701 φθινύθειν
961 625 1133 681 εἶάσεν
1186 625 1240 681 ἐν
1300 629 1545 698 στήθεσιν
1593 626 1737 705 ἔχων
1809 631 1930 688 νόον

277 712 581 783 ἀκήλητον,
615 715 736 776 καθ’
768 715 953 769 ἑαυτὸν
999 713 1045 768 δ’
1098 715 1342 786 ἐκτίθησι
1398 718 1590 790 τόμον,
1635 719 1932 796 ὑπουργοῖς

281 805 352 864 εἷς
387 807 556 858 τοῦτο
591 803 944 881 χρησάμενος
985 802 1076 867 οὕς
1118 802 1238 879 ᾔδει
1267 811 1374 861 τῶν
1411 805 1470 861 ἐκ
1517 815 1618 877 τῆς
1654 809 1932 884 βασιλείου

280 891 452 963 αὐλῆς
485 893 579 946 τὸν
607 893 794 965 καιρὸν
826 893 1219 956 κολακεύοντας
1249 897 1336 950 καὶ
1380 895 1546 972 λόγου
1580 899 1931 978 μετέχοντας,

278 981 717 1057 ὑπερηγοροῦντα
787 985 880 1056 μὲν
932 991 1031 1053 τῆς
1088 989 1185 1039 τοῦ
1247 985 1490 1059 Μωάμετ
1577 987 1930 1064 μωρολογίας

271 1072 348 1146 (οὐ
424 1071 529 1147 γὰρ
591 1072 650 1126 ἄν
719 1070 931 1146 εἷ’ποιμι
1024 1072 1358 1149 θεολογίας),
1417 1077 1824 1151 καθαπτόμενον
1875 1078 1931 1136 δὲ

266 1157 537 1232 λαμπρῶς
587 1163 694 1212 τῶν
752 1159 1013 1234 πρότερον
1077 1160 1349 1235 βασιλέων
1408 1163 1498 1217 καὶ
1556 1169 1666 1219 τῶν
1724 1165 1784 1220 ἐκ
1831 1171 1928 1222 τοῦ

262 1247 576 1322 καταλόγου
608 1253 708 1302 τοῦ
762 1249 911 1323 ἱεροῦ
969 1250 1046 1312 ὡς
1104 1251 1326 1323 ἀμαθῶς
1369 1253 1458 1306 καὶ
1519 1252 1929 1327 ἀπερισκέπτως

267 1337 616 1412 ἀνεχομένων
654 1338 757 1392 ὑπὸ
799 1338 1044 1411 ἀνάθεμα
1095 1339 1331 1395 τίθεσθαι
1391 1341 1517 1397 Θιὸν
1577 1344 1669 1398 τὸν
1729 1342 1925 1415 ἀληθι-

205 1436 212 1443 ’
261 1429 374 1494 νὸν,
409 1428 500 1482 καὶ
555 1431 748 1481 τοῦτον
809 1427 887 1488 είς
948 1430 1133 1498 κοινὴν
1195 1429 1454 1504 ἀκρόασιν
1488 1431 1574 1486 ἐπὶ
1625 1438 1732 1488 τῶν
1766 1435 1925 1508 ἱερῶν

263 1515 498 1590 ἀρχείων
557 1513 837 1585 ἐκδίδωσι,
898 1521 1365 1598 συνεκπεπομφὼς
1423 1522 1541 1575 οἷον
1599 1525 1697 1576 τοῦ
1750 1522 1926 1596 τόμου

260 1602 595 1678 προοδευτὰς
626 1606 715 1659 καὶ
778 1605 1032 1661 νεολαίαν
1087 1613 1379 1683 κροτοῦσαν
1439 1611 1504 1664 τὰ
1565 1613 1929 1686 γεγραμμένα

265 1694 381 1749 ὅσοι
457 1700 561 1762 τῆς
622 1693 940 1768 συγκλήτου
1003 1696 1211 1769 βουλῆς
1290 1698 1380 1752 καὶ
1463 1700 1564 1767 τῆς
1639 1700 1924 1774 γερουσίας

268 1783 398 1852 ἦσαν
425 1783 748 1862 κεφάλαιον,
801 1785 892 1838 καὶ
949 1784 1076 1847 τοὺς
1133 1786 1192 1840 ἐκ
1248 1788 1435 1862 γένους
1492 1787 1682 1862 ἐκείνῳ
1736 1789 1925 1866 λογιό-

2045 628 2234 694 batur,
2295 636 2347 684 et
2429 629 2759 700 superiores
2817 632 3200 704 imperatores
3273 651 3690 710 sacrorumque

2043 717 2336 774 antistites
2376 725 2573 789 aperte
2607 720 2971 791 taxabantur,
3003 723 3101 792 qui
3127 723 3307 779 Deum
3341 742 3540 782 verum
3572 729 3690 783 ine-

2042 808 2235 862 rudite
2265 812 2322 863 ct
2367 808 2796 865 inconsiderate
2859 811 3234 868 anathemate
3287 819 3473 870 notari
3533 818 3686 874 280

2041 895 2198 967 passi
2232 900 2444 951 essent.
2478 897 2543 952 Et
2574 896 2632 952 id
2663 899 2961 954 decretum
2995 899 3053 954 in
3113 917 3277 958 sacro
3333 903 3548 974 palatio
3575 923 3682 976 pu—

2039 983 2188 1039 blice
2246 984 2612 1040 recitandum
2669 995 2855 1056 curat,
2914 989 3278 1062 principibus
3330 999 3570 1050 senatus
3626 1001 3684 1051 et

2039 1076 2306 1146 cognatis
2337 1074 2460 1130 suis
2493 1075 2819 1131 litterarum
2855 1079 3158 1147 studiosis,
3184 1081 3286 1151 qui
3319 1081 3496 1137 veluti
3527 1085 3678 1140 viam

2037 1169 2628 1236 prmpararentatque
2658 1166 3107 1238 applauderent,
3159 1171 3502 1240 praemissis.
3549 1174 3682 1228 Erat

2037 1257 2230 1307 autem
2271 1254 2455 1307 oratio
2510 1255 2652 1308 adeo
2711 1256 3052 1325 probabilis,
3114 1274 3227 1312 non
3281 1259 3678 1330 spiritualium

2031 1341 2339 1397 verborum
2373 1343 2652 1414 gravitate
2685 1345 2784 1399 sed
2820 1345 3091 1400 humanae
3125 1347 3428 1418 sapientia;
3483 1351 3680 1404 suavi-

2031 1434 2430 1495 tate,utaures
2454 1448 2564 1487 non
2594 1449 2794 1488 eorum
2820 1434 3105 1490 duntaxat
3137 1437 3236 1507 qui
3279 1437 3497 1494 variam
3549 1441 3678 1509 ejus

2031 1520 2514 1591 compositionem
2546 1524 2939 1593 etjucundam
2963 1525 3280 1581 vanitatem
3313 1529 3678 1597 spectabant,

2030 1610 2130 1665 sed
2163 1625 2363 1664 eorum
2399 1611 2572 1666 etiam
2608 1612 2706 1682 qui
2739 1612 2928 1683 ipsius
2959 1613 3162 1684 scripti
3206 1616 3554 1671 sententiam
3589 1618 3677 1673 in-

2029 1698 2344 1769 dagabant,
2407 1701 2825 1771 propemodum
2905 1718 3227 1773 suspensas
3301 1709 3542 1760 teneret.
3600 1709 3679 1763 Ac

2028 1786 2270 1842 forsitan
2329 1789 2444 1844 veri
2509 1789 2603 1844 Dei
2662 1789 2848 1861 gloria
2899 1791 3337 1849 Macbometano
3395 1793 3482 1849 illi
3540 1795 3676 1866 Deo,

265 1893 388 1943 τητι
448 1874 763 1948 χαίροντας.
828 1877 1105 1930 Τοσοῦτον
1146 1874 1202 1930 δὲ
1252 1877 1314 1930 τὸ
1371 1879 1595 1932 πιθανὸν
1655 1881 1682 1934 6
1751 1879 1916 1959 λόγος

2031 1875 2298 1948 quisquis
2327 1883 2436 1943 est,
2481 1878 2594 1933 nisi
2653 1879 2985 1950 patriarcha
3041 1886 3277 1938 strenue
3335 1885 3675 1941 adversatus

266 1959 537 2032 ἐπλούτει,
580 1962 680 2016 οὐκ
733 1962 785 2016 ἐν
845 1959 1124 2025 διδακτοῖς
1184 1965 1493 2038 πνεύματος
1554 1967 1758 2043 βρίθων
1822 1971 1924 2047 ῥή-

267 2071 447 2124 μασιν,
482 2049 605 2105 ἀλλ’
644 2049 698 2105 ἐν
731 2055 916 2115 πειθοῖ
945 2051 1135 2128 σοφίας
1191 2051 1539 2126 ἀνθρωπίνης
1583 2060 1796 2130 κομῶν,
1847 2059 1921 2123 ὡς

264 2146 464 2214 μικροῦ
497 2139 608 2196 δεῖν
649 2142 1001 2216 ἀπαιωρῆσαι
1053 2145 1161 2196 τῶν
1229 2140 1384 2198 ὢτων
1448 2147 1522 2216 μὴ
1589 2147 1751 2219 μόνον
1799 2146 1922 2204 ὅσον

260 2232 475 2307 ἀφεώρα
527 2231 666 2306 πρὸς
731 2233 831 2299 τὴν
897 2231 1159 2302 ποικίλην
1220 2233 1420 2287 τούτου
1478 2230 1783 2309 περιϐολὴν
1831 2241 1919 2293 καὶ

251 2320 304 2373 τὸ
335 2319 570 2394 ἐπίχαρι
600 2323 698 2374 τοῦ
728 2319 1110 2393 πτερώματος,
1139 2319 1283 2376 ἀλλὰ
1343 2322 1431 2377 καὶ
1483 2323 1613 2378 αὐτὸ
1671 2326 1732 2380 τὸ
1789 2347 1920 2398 μετ-

255 2405 482 2462 αλλεῦον
537 2410 645 2461 τῶν
693 2406 1087 2481 γεγραμμένων
1146 2409 1240 2462 τὸν
1299 2413 1448 2466 νοῦν.
1510 2412 1616 2467 Καὶ
1679 2415 1807 2488 τάχ’
1860 2413 1919 2470 ἄν

259 2497 319 2564 ἦν
351 2498 426 2560 ὡς
469 2499 690 2568 ἀληθὴς
723 2499 854 2560 Θεὸς
903 2497 1262 2573 δοξαζόμενος
1293 2503 1321 2556 ὁ
1368 2503 1512 2576 παρά
1570 2509 1648 2576 τῷ
1677 2507 1918 2579 Μωάμετ

256 2587 506 2642 ὁστισοῦν
537 2586 924 2663 κληρούμενος
954 2586 1260 2665 ὸλόσφυρος
1305 2591 1455 2659 Θεὸς,
1491 2591 1536 2646 εί
1571 2595 1645 2665 μή
1681 2593 1920 2670 ὁλοσχε-

253 2682 349 2751 ρῶς
434 2678 464 2731 ὁ
527 2677 882 2751 πατριάρχης
936 2672 1159 2748 ἀντέϐη·
1245 2678 1367 2733 οὕτε
1421 2681 1524 2754 γὰρ
1584 2681 1746 2745 οὗτος
1803 2691 1920 2748 τοῖς

247 2767 622 2844 γραφομένοις
665 2767 757 2820 τὸν
789 2770 918 2819 νοῦν
978 2769 1362 2842 προσέσχηκεν
1401 2769 1475 2830 ὡς
1515 2769 1797 2851 ἐπισφαλῆ
1829 2775 1918 2829 καὶ

246 2859 329 2911 νέα
379 2855 737 2929 ἐπεισάγουσι
772 2851 1041 2931 δόγματα,
1097 2855 1187 2910 καὶ
1247 2859 1375 2919 τοὺς
1438 2857 1667 2923 λοιποὺς
1727 2860 1784 2916 δὲ
1841 2863 1915 2925 ὡς

245 2941 652 3018 δηλητηριώδη
739 2947 908 2999 ταῦτα
968 2946 1263 3022 ὑφορᾶσθαι
1333 2950 1671 3022 παρέπειθεν.
1749 2951 1807 3005 ’0
1862 2949 1918 3007 δὲ

246 3033 417 3109 ὥσπερ
481 3054 534 3088 τι
600 3030 770 3088 δεινὸν
836 3034 1125 3099 πεπονθὼς
1191 3034 1451 3092 ὀνείδεσιν
1526 3031 1726 3095 ἔπλυνε
1791 3042 1918 3107 τοὺς

241 3124 546 3204 ἀρχιερεῖς,
582 3123 672 3178 καὶ
706 3125 865 3197 μωρὰ
894 3128 990 3179 τοῦ
1041 3126 1258 3197 κόσμου
1316 3126 1545 3190 τούτους
1609 3129 1913 3202 ὠνόμαζεν,

245 3213 428 3278 ἄλλως
463 3235 523 3270 τε
554 3215 645 3268 καὶ
671 3214 812 3286 νόσῳ
843 3213 966 3270 τότε
997 3216 1398 3290 προσπαλαίων
1463 3215 1638 3294 δεινῇ,
1701 3221 1790 3296 ὑφ’
1845 3225 1912 3293 ἧς

235 3305 317 3358 καὶ
343 3307 437 3359 τὸν
479 3304 600 3378 βίον
630 3301 894 3373 ἀπέλιπε,
935 3304 1024 3358 καὶ
1053 3305 1325 3380 ἒπίχολος
1352 3305 1588 3363 ἐντεῦθεν
1609 3310 1911 3384 γινόμενος·

238 3390 436 3448 Οὐκοῦν
468 3388 573 3444 ὅσα
600 3390 682 3461 τῷ
717 3389 968 3464 προτέρῳ
1001 3391 1162 3464 τόμῳ
1234 3392 1716 3467 ἐμπΛατυνόμενος
1759 3397 1916 3473 εἷ’ρη-

241 3499 344 3547 κεν,
377 3478 760 3554 ἀπηρτισμένη
793 3485 1100 3554 κατασκευῇ
1140 3481 1232 3535 καὶ
1278 3481 1531 3555 μεθόδοις
1595 3484 1914 3560 ῥητορικαῖς

249 3572 625 3645 χρησάμενος,
655 3573 825 3623 ταῦτα
873 3567 1153 3642 ἐπιτεμὼν
1216 3571 1305 3625 καὶ
1364 3571 1428 3624 τὸ
1481 3577 1578 3627 τοῦ
1641 3572 1915 3650 δόγματος

254 3661 398 3722 αὖθις
487 3657 735 3733 περιθεὶς
807 3655 999 3732 δέλεαρ
1051 3658 1233 3734 ἓτερον
1287 3661 1457 3733 τόμον
1523 3661 1749 3732 ἐξέθετο.
1810 3655 1914 3720 Καιἱ

253 3747 360 3804 ἐπεὶ
390 3744 563 3823 ἔτυχε
592 3746 716 3802 τότε
749 3753 863 3808 τοῖς
916 3749 1055 3803 κατά
1093 3749 1340 3821 Δάμαλιν
1400 3749 1649 3826 ἀρχείοις
1698 3751 1914 3808 ἐναυλι-

255 3839 498 3912 ζόμενος,
562 3839 596 3892 ἅ
653 3838 984 3912 Σκουτάριον
1027 3837 1412 3911 ὀνομάζονται,
1471 3843 1570 3910 τήν
1602 3846 1700 3896 τοῦ
1758 3841 1914 3918 ἀέρος

249 3927 525 4002 εὐκρασίαν
593 3924 946 3998 μεταδιώκων
1003 3927 1093 3981 καὶ
1151 3934 1252 3997 τῆς
1307 3927 1664 4004 πολυοχλίας
1722 3931 1912 3987 ἀπανι-

255 4019 507 4091 στάμενος
562 4019 658 4072 καὶ
713 4017 852 4080 ἅπας
911 4023 1013 4087 τῆς
1070 4018 1400 4091 νοσοκομίας
1458 4021 1766 4096 γινόμενος,
1799 4019 1914 4078 δια·

251 4106 584 4178 πλωὶζονται
612 4105 784 4162 ἐκεῖσε
819 4107 1094 4181 βασιλικῷ
1122 4108 1456 4182 έπιτάγματι
1489 4109 1520 4165 6'
1546 4131 1602 4166 τε
1657 4115 1764 4167 τῶν
1825 4113 1916 4187 ἀρ·

256 4198 479 4272 χιερὲων
505 4194 779 4271 σύλλογος
810 4196 900 4250 καὶ
932 4194 1050 4250 ὅσοι
1098 4197 1161 4250 τὸ
1192 4193 1476 4270 πρεσϐεῖον
1508 4197 1568 4253 ἐκ
1595 4203 1700 4254 τῶν
1732 4199 1912 4275 λόγων

257 4285 570 4356 ἐκτήσαντο.
606 4284 766 4340 Ἀλλ’
799 4283 950 4340 οὕπω
980 4287 1231 4359 καθαρῶς
1262 4289 1370 4341 τῶν
1425 4283 1739 4360 λεμϐαδίων
1793 4289 1915 4344 ἀπέ-

255 4371 441 4444 ϐησαν,
499 4373 586 4430 καί
642 4395 726 4435 τις
799 4377 908 4428 τῶν
965 4375 1110 4449 παρὰ
1175 4378 1256 4445 τῷ
1341 4376 1558 4448 βασιλεῖ
1612 4377 1911 4451 παρρησίαν

254 4460 487 4537 ἐχόντων
525 4461 619 4516 καὶ
689 4462 754 4516 τὰ
817 4462 1043 4535 μέγιστα
1098 4459 1409 4536 δυναμένων
1442 4463 1917 4540 ὑπογραμματέων

255 4550 548 4628 ἐφίσταται.
596 4552 658 4607 Ὀ
721 4549 1056 4621 Ματζούκης
1115 4551 1181 4620 ἦν
1244 4549 1405 4614 οὗτος
1465 4549 1768 4626 Θεόδωρος,
1825 4554 1916 4608 καὶ

2035 1981 2139 2022 nec
2171 1967 2294 2036 ipse
2322 1967 2376 2020 id
2402 1967 2687 2038 scriptum
2722 1973 3008 2035 curasset,
3065 1986 3181 2040 quo
3242 1988 3386 2026 nova
3440 1982 3490 2028 et
3531 1975 3676 2043 peri-

2033 2054 2234 2109 culosa
2264 2056 2538 2126 dogmata
2571 2057 3096 2124 introducerentur,
3129 2063 3185 2114 et
3224 2064 3479 2126 ceteros,
3515 2072 3577 2114 ut
3616 2062 3671 2116 id

2029 2146 2312 2214 tanquam
2336 2160 2622 2200 venenum
2651 2152 2990 2218 suspectum
3019 2147 3673 2217 baberent,monuisset.

2029 2236 2105 2288 At
2133 2232 2468 2304 imperator,
2502 2235 2669 2304 quasi
2700 2235 2858 2305 gravi
2891 2236 3134 2291 affectus
3187 2236 3422 2307 injuria,
3484 2237 3674 2308 ponti-

2029 2321 2168 2376 fices
2200 2321 2475 2376 conviciis
2519 2323 2916 2379 insectabatur
2973 2333 3027 2379 et
3083 2324 3352 2380 homines
3409 2326 3672 2382 omnium

2030 2411 2368 2467 mortalium
2428 2413 2813 2470 stultissimos
2899 2414 3253 2486 appellabat,
3326 2417 3540 2488 quippe
3607 2433 3675 2473 ex

2029 2502 2233 2557 morbo
2264 2502 2632 2572 gravissimo,
2666 2503 2766 2574 qui
2793 2503 3033 2559 exitium
3084 2504 3138 2560 ei
3184 2503 3397 2573 attulit,
3440 2507 3674 2578 pronior

2030 2591 2101 2645 ad
2136 2589 2280 2644 iram
2318 2591 2525 2647 factus.
2561 2591 2809 2647 Proinde
2832 2592 2904 2647 iis
2929 2609 3056 2662 quae
3081 2595 3272 2666 priore
3317 2595 3546 2652 decreto
3581 2597 3670 2651 fu-

2028 2679 2176 2747 sius,
2210 2680 2480 2735 oratoriis
2506 2681 2868 2736 ornamentis
2894 2681 3190 2750 adhibitis,
3223 2684 3556 2755 scripserat,
3611 2685 3670 2740 in

2028 2769 2434 2838 compendium
2471 2769 2722 2824 redactis
2743 2774 2799 2825 et
2829 2771 3120 2842 dogmatis
3161 2771 3448 2828 illecebris
3496 2774 3672 2829 ador-

2027 2855 2365 2922 natis,aliud
2395 2857 2687 2912 decretum
2715 2858 3125 2930 promulgavit.
3150 2861 3292 2916 Cum
3319 2864 3513 2917 autem
3545 2865 3668 2916 tum

2024 2944 2082 2999 in
2111 2943 2322 3015 palatio
2345 2945 2418 3000 ad
2446 2945 2590 3001 281
2633 2946 2938 3014 Damalim,
2995 2950 3144 3018 quod
3204 2949 3530 3006 Scularium
3584 2950 3671 3004 di-

2025 3034 2198 3099 citur,
2213 3037 2342 3088 tum
2375 3035 2446 3090 ad
2477 3035 2771 3092 vitandam
2803 3036 3033 3092 turbam
3065 3042 3191 3093 tum
3240 3038 3312 3094 ob
3343 3041 3491 3096 aeris
3522 3044 3669 3096 tem-

2022 3122 2241 3196 periem
2281 3127 2634 3193 versaretur,
2667 3129 2828 3181 totus
2875 3128 3146 3182 curandae
3198 3127 3517 3184 valetudini
3576 3129 3668 3184 in-

2027 3213 2422 3284 tentus,jussu
2455 3215 2584 3285 ejus
2615 3213 2957 3287 pontificum
3006 3215 3318 3288 collegium
3376 3223 3433 3274 et
3472 3218 3672 3274 erudi-

2029 3302 2240 3358 tissimi
2326 3303 2545 3374 quique
2603 3318 2668 3358 eo
2726 3303 3046 3374 trajiciunt.
3102 3306 3209 3370 Qui
3269 3323 3404 3363 cum
3463 3307 3555 3364 vix
3605 3324 3674 3364 ex

2023 3390 2300 3447 lintribus
2332 3391 2794 3463 descendissent,
2823 3393 3161 3450 Theodorus
3211 3395 3464 3464 Mazuca,
3499 3397 3671 3452 homo

2012 3480 2182 3552 apud
2211 3479 2621 3552 imperatorem
2654 3483 2942 3552 gratiosus
2998 3487 3055 3540 et
3112 3487 3265 3541 inter
3305 3487 3529 3542 scribas
3561 3505 3668 3542 au-

2023 3568 2290 3624 ctoritate
2317 3570 2609 3644 princeps,
2644 3573 2848 3640 adest;
2883 3578 2939 3627 et
2997 3574 3256 3629 oratione
3313 3575 3385 3629 ad
3433 3575 3672 3645 patriar.

2022 3656 2192 3713 chum
2227 3663 2280 3714 et
2312 3661 2655 3731 pontificum
2690 3660 2998 3732 collegium
3031 3663 3301 3718 instituta
3350 3663 3664 3734 imperato-

2023 3764 2142 3804 rem
2178 3763 2329 3803 nunc
2360 3749 2504 3804 adiri
2539 3766 2706 3819 posse
2764 3755 2940 3821 negat
2995 3752 3066 3805 ob
3123 3751 3308 3805 morbi
3344 3752 3658 3822 quamdam

2021 3837 2661 3903 accessionem,litteras
2691 3855 2822 3894 vero
2854 3856 3000 3910 quas
3031 3855 3209 3894 manu
3255 3844 3498 3909 teneret,
3531 3856 3659 3897 esse

2022 3926 2364 3981 audiendas.
2422 3927 2685 3997 Agebaut
2731 3933 2927 3982 autem
2983 3927 3171 3982 alterae
3237 3930 3306 3984 de
3359 3931 3656 4001 proposito

2021 4015 2311 4085 dogmate,
2346 4015 2561 4087 quibus
2594 4035 2626 4071 a
2659 4017 3028 4087 pontiﬁcibus
3054 4017 3342 4074 subscribi
3395 4019 3661 4089 cupiebat

2019 4101 2379 4173 imperator;
2439 4103 2630 4158 alterae
2727 4105 2834 4159 sub
2884 4121 3134 4177 persona
3212 4106 3468 4176 ejusdem
3526 4124 3660 4164 cum

2021 4207 2251 4246 summo
2312 4195 2540 4263 pastore
2582 4192 2906 4250 Theodosio
2993 4199 3050 4250 et
3145 4195 3520 4265 pontificibus
3589 4199 3661 4254 ob

2019 4285 2433 4352 praaposteram
2462 4281 2928 4338 adversationem
2960 4285 3419 4355 expostulantes,
3472 4287 3663 4356 majus

2020 4366 2338 4422 concilium
2373 4367 2769 4436 minabantur,
2807 4374 2864 4425 et
2915 4372 3318 4426 controversias
3375 4372 3663 4444 discepta-

2020 4457 2240 4512 tionem
2273 4458 2398 4528 ipso
2429 4459 2639 4514 veteris
2672 4459 2866 4516 Roma:
2926 4477 3078 4533 papa
3131 4462 3390 4518 adhibito
3442 4464 3665 4535 jureju-

2023 4548 2206 4602 rando
2241 4549 2724 4604 testiﬁcabantur.
2757 4571 2780 4601 α
2816 4550 3107 4623 Ingratus,
3139 4552 3352 4624 inquit,
3385 4555 3668 4612 universi-

253 4641 389 4713 πρός
435 4661 493 4696 τε
547 4641 643 4696 τὸν
702 4640 1050 4714 πατριάρχην
1109 4640 1198 4694 καὶ
1255 4642 1356 4710 τὴν
1411 4646 1519 4696 τῶν
1608 4643 1909 4721 ἀρχιερέων

2025 4638 2160 4690 latis
2192 4652 2383 4692 rerum
2421 4639 2553 4705 Deo,
2587 4655 2620 4694 a
2651 4654 2764 4709 quo
2804 4645 3011 4711 preter
3075 4641 3306 4713 imperii
3363 4643 3664 4716 fastigium

256 4731 518 4805 ὁμήγυριν
577 4730 670 4782 τὸν
733 4726 898 4803 λόγον
957 4729 1380 4802 ἀποτειναμενος
1413 4731 1514 4799 τὴν
1576 4732 1668 4804 μὲν
1710 4732 1762 4794 ἐς
1820 4735 1910 4789 τὸν

255 4818 474 4893 βασιλέα
530 4815 770 4891 παροδον
814 4819 892 4891 μὴ
953 4819 1086 4873 εἶναι
1145 4818 1312 4896 ἔφησε
1359 4820 1476 4874 νυνὶ
1536 4818 1759 4898 ἐφικτήν
1820 4820 1910 4877 διά.

252 4929 308 4964 τι
340 4914 734 4986 παρεισφρῆσαν
769 4907 827 4962 ἐκ
887 4911 988 4972 τῆς
1041 4908 1202 4964 νόσου
1244 4907 1528 4983 ἐμπόδιον,
1561 4914 1629 4985 τῇ
1663 4908 1722 4966 δὲ
1777 4912 1906 4968 τού-

254 5019 363 5052 των
394 5000 683 5073 ἀναγνώσει
732 4998 1030 5075 προσέχειν
1071 5000 1276 5072 χρεὼν,
1346 4999 1474 5064 τοὺς
1529 5003 1736 5076 χάρτας
1797 4999 1906 5056 δεῖ·

256 5089 346 5156 ξας
373 5089 547 5150 αὐτοῖς
576 5087 705 5148 τοὺς
733 5086 786 5141 έν
833 5093 1043 5162 χεροῖν.
1107 5093 1203 5140 Ἦν
1265 5085 1322 5143 δὲ
1377 5089 1405 5143 6
1469 5090 1566 5161 μὶν
1628 5091 1751 5165 περὶ
1809 5095 1905 5146 τοῦ

262 5174 612 5248 προκειμένου
665 5171 942 5249 δόγματος
982 5167 1392 5244 διαλαμϐάνων,
1443 5173 1522 5244 6'v,
1604 5177 1678 5236 ὡς
1754 5178 1905 5251 εἰρή-

257 5283 438 5334 καμεν,
498 5262 805 5338 ὑπογράψαι
864 5262 991 5323 τοὺς
1072 5261 1426 5327 συνελθόντας
1483 5263 1766 5340 ἀρχιερεῖς
1816 5264 1906 5322 διὰ

256 5351 532 5423 σπουδῆςὸ
565 5348 916 5426 αὐτοκρᾶτωρ
949 5349 1176 5406 ἐτίθετο’
1242 5353 1269 5406 6
1325 5349 1372 5406 δ’
1422 5348 1601 5427 ἕτερος
1651 5354 1745 5408 τὸν
1808 5356 1902 5430 βα-

258 5440 400 5496 σιλέα
427 5438 568 5518 ἔχων
611 5437 1004 5514 διαλεγόμενον
1045 5444 1124 5512 τῷ
1173 5440 1535 5516 ἀρχίποιμενί
1591 5462 1648 5496 τε
1706 5440 1899 5497 Θεοδο-

254 5529 351 5600 σίῳ
376 5531 556 5604 καὶτῇ
591 5525 800 5599 συνόδῳ
840 5524 994 5582 οὐδὲν
1059 5529 1279 5603 μέτριον
1329 5529 1454 5585 οὐδὲ
1510 5529 1699 5605 χάριεν
1760 5528 1897 5604 διεξ·

255 5618 359 5690 im,
388 5617 528 5673 ἀλλὰ
566 5619 653 5673 καὶ
689 5621 757 5690 τῇ
800 5614 1039 5670 ἐνστάσει
1101 5621 1196 5672 τοῦ
1247 5621 1594 5698 πατριάρχου
1661 5619 1750 5674 καὶ
1791 5623 1898 5674 τῶν

256 5713 344 5758 σὺν
396 5707 534 5780 αὐτῷ
590 5705 893 5781 ἀρχιερέων
942 5705 1016 5765 ὡς
1082 5707 1159 5778 μὴ
1219 5707 1355 5761 κατὰ
1412 5706 1575 5781 λόγον
1635 5710 1894 5784 γενομένῃ

2021 4729 2151 4786 aliis
2187 4728 2518 4784 illustribus
2548 4729 2941 4800 praerogativis
3000 4747 3131 4785 sum
3189 4737 3452 4798 ornatus,
3488 4739 3545 4788 et
3575 4734 3662 4786 in-

2018 4836 2198 4874 sanus
2227 4833 2441 4883 essem,
2471 4817 2582 4872 nisi
2619 4833 2718 4888 pro
2750 4820 3035 4874 tenuitate
3091 4820 3242 4876 282
3303 4837 3432 4876 mea
3463 4821 3663 4891 quale-

2019 4923 2252 4979 cunque
2284 4906 2363 4962 illi
2398 4907 2656 4962 studium
2691 4923 2886 4964 meum
2915 4908 3292 4976 declararem,
3325 4918 3378 4964 et
3407 4907 3660 4964 summis

2017 5001 2076 5056 in
2110 5001 2163 5056 id
2198 4999 2421 5053 viribus
2463 4998 2882 5064 incumberem,
2938 5015 3010 5054 ne
3061 4999 3107 5054 is
3163 5014 3337 5052 verus
3399 4997 3498 5052 Dei
3530 5013 3662 5052 ana-

2015 5089 2272 5146 themate
2307 5091 2622 5142 notaretur.
2657 5108 2685 5135 ››
2717 5086 2995 5141 Caeterum
3057 5086 3353 5141 auditores
3411 5103 3477 5140 ea
3539 5101 3657 5140 ma-

2015 5177 2419 5251 gniloquentia
2477 5176 2620 5230 adeo
2705 5191 2817 5229 non
2903 5174 3387 5245 percellebantur,
3455 5179 3520 5229 ut.
3574 5175 3660 5230 vir

2015 5268 2391 5324 doctissimus
2423 5271 2481 5321 et
2511 5264 3050 5335 eloquentissimus,
3096 5265 3441 5320 Eustathius
3478 5266 3656 5321 Thes-

2015 5359 2284 5414 salonicae
2315 5355 2808 5424 archiepiscopus,
2843 5367 2908 5406 ea
2968 5352 3230 5409 oratione
3287 5356 3659 5412 vehementer

2014 5449 2567 5509 commotus,verum
2594 5441 2775 5494 Deum
2822 5439 3044 5510 aliquid
3096 5441 3534 5516 holospbyrum,
3567 5446 3657 5500 in-

2013 5531 2195 5587 felicis
2215 5530 2431 5602 ingenii
2451 5529 3168 5598 commentum,perbiberi
3184 5532 3340 5588 nullo
3357 5536 3528 5590 modo
3545 5535 3656 5590 fer-

2012 5627 2118 5678 ret.
2155 5620 2531 5684 «Enimvero,
2565 5618 2774 5688 inquit,
2809 5619 3123 5677 insanirem
3149 5627 3206 5678 et
3228 5623 3333 5680 hoc
3371 5625 3590 5692 habitu,
3627 5648 3655 5677 »ι

2013 5715 2251 5767 ostenso
2283 5709 2456 5782 pallio
2488 5732 2515 5759 ‹‹
2549 5707 2830 5780 indignus
2861 5725 3075 5778 essem,
3109 5711 3158 5767 si
3217 5713 3398 5770 Deum
3451 5731 3649 5770 verum
