4066 6214
429 407 543 471 56"!

1746 393 2056 457 NICETE
2095 393 2523 458 CHONIATE

3711 402 3824 464 568

428 543 760 617 judicarem
783 539 1020 596 brutum
1043 535 1212 592 illum
1241 533 1596 606 pediconem
1621 537 1671 587 et
1687 529 1880 588 omnis
1892 529 2086 586 obsce-

2205 526 2658 606 ἐπιμεμφόμενος
2729 525 3073 601 διηπειλεῖτο
3127 531 3381 605 μείζονος
3437 528 3666 588 συνόδου
3717 553 3834 609 συγ-

439 631 645 688 nitatis
676 635 732 683 et
763 625 998 682 sceleris
1019 626 1340 681 doctorem.
1376 642 1401 675 ν
1430 625 1568 689 Quae
1605 635 1741 678 cum
1769 620 1924 676 clara
1950 634 2088 676 voce

443 726 499 778 et
524 733 737 789 magno
767 731 913 770 vam
946 715 1179 786 pietatis
1211 713 1420 769 aﬂ‘ectu
1477 710 1742 778 dixisset,
1791 708 2088 765 auditores

441 825 589 882 pene
620 807 1066 876 obstupuerunt.
1113 803 1325 876 Scripti
1381 817 1516 858 vero
1571 800 1735 856 illius
1793 799 2086 869 recitator,

441 897 741 971 paulisper
768 894 926 950 velut
956 891 1618 963 attonitus,compressis
1648 889 1814 944 labiit
1879 887 2086 956 astitit,

440 987 653 1042 deinde
684 985 757 1040 ad
790 984 1198 1055 imperatorem
1233 997 1499 1036 reversus
1529 983 1654 1048 est;
1687 978 1784 1050 qni
1843 994 1910 1033 ea
1959 995 2086 1035 ora-

439 1075 598 1131 tione
631 1073 1005 1146 perturbatus
1033 1071 1196 1126 varia
1253 1069 1590 1125 defensione
1645 1085 1790 1124 usus
1849 1071 1982 1136 est;
2035 1072 2091 1123 et

441 1163 745 1236 patientia,
771 1166 834 1218 ut
867 1176 1169 1233 nunquam
1205 1165 1397 1228 antea,
1433 1157 1692 1226 laudata,
1719 1162 1780 1214 ut
1821 1157 2090 1230 querelos

440 1257 499 1309 et
553 1252 920 1308 cavillatores
977 1251 1207 1314 vitaret,
1267 1264 1328 1305 se
1405 1263 1636 1319 quoque
1695 1248 2090 1319 integerrimis

440 1341 787 1398 Christianis
817 1339 1264 1402 adnumerabat,
1298 1341 1353 1392 et
1386 1335 1848 1408 religiosissimis
1885 1342 2086 1393 natum

438 1447 570 1488 esse
603 1430 942 1502 parentibus
992 1427 1308 1494 asserebat,
1368 1429 1425 1481 et
1470 1431 1672 1480 contra
1723 1425 2091 1482 Thessaloni-

443 1537 675 1577 censem
694 1519 987 1591 judicium
1003 1517 1383 1572 vehementer
1397 1514 2089 1586 efﬂagitabat.Autenim,

445 1610 496 1665 si
529 1609 926 1665 absolveretur
955 1611 1020 1662 ut
1049 1606 1150 1677 qui
1182 1609 1294 1660 Deo
1318 1603 1596 1675 pediconi
1647 1621 1761 1660 non
1810 1607 2090 1676 crederet,

447 1714 551 1753 nec
571 1699 642 1753 de
659 1695 936 1766 religione
960 1710 1264 1767 perperam
1306 1694 1566 1762 sentiret,
1604 1693 1758 1750 283
1801 1709 1862 1750 se
1901 1695 2092 1765 iustas

446 1803 650 1859 pinnas
677 1787 748 1841 de
788 1800 854 1839 eo
885 1787 1276 1856 sumptornm,
1309 1782 1408 1854 qui
1441 1782 1866 1839 contumeliosa
1919 1785 2096 1840 verba

2191 618 2481 691 κρότηοιν,
2511 619 2602 673 καὶ
2633 619 2733 689 τήν
2769 621 2888 693 μετ’
2921 620 3088 676 αὐτοῦ
3144 625 3244 676 τοῦ
3274 620 3426 676 πᾶπα
3452 629 3554 692 τῆς
3612 619 3832 697 πρεσϐυ-

2190 705 2350 780 τέρας
2379 707 2602 782 Ῥώμης
2630 712 2740 763 τῶν
2798 708 3172 784 προκειμένων
3228 709 3514 785 ἐπώμνυτο
3547 708 3831 787 διάσκεψιν,

2191 819 2221 848 ‹‹
2255 796 2558 871 Ἀγνώμων
2584 798 2690 872 γὰρ
2729 795 2791 853 ἄν
2823 797 2960 870 εἳην,
2996 822 3023 850 »ι
3054 797 3206 876 ἔλεγε
3238 824 3268 852 ‹‹
3297 800 3388 855 καὶ
3447 799 3762 878 ἀλόγιστος,
3791 804 3831 859 εἰ

2195 887 2270 958 μὴ
2303 883 2615 942 πολλοστὸν
2649 883 2923 958 ἀντιδοίην
2959 889 3123 964 μέρος
3152 893 3230 962 τῷ
3261 889 3380 964 ἐμῷ
3412 889 3713 966 βασιλευτῇ
3750 893 3830 947 καὶ

2195 973 2412 1050 βασιλεῖ
2465 979 2574 1031 τῶν
2631 976 2775 1032 ὅλων
2855 981 2992 1050 Θεῷ,
3079 979 3151 1032 ὧν
3228 977 3427 1034 ἐκεῖθεν
3514 980 3835 1053 κρειττόνως

2191 1060 2422 1140 ἔσχηκα,
2472 1069 2640 1120 πᾶσαν
2693 1065 2936 1136 σπουδὴν
2985 1067 3297 1144 εἰσενεγκὼν
3363 1068 3503 1125 ὣστε
3581 1071 3659 1144 μή
3713 1076 3834 1125 τοῦ·

2191 1174 2284 1208 τον
2377 1151 2667 1228 ἀναθέματι
2749 1151 3263 1213 καθυποϐάλλεσθαι
3366 1158 3638 1230 ἀληθινὸν
3721 1155 3838 1216 ὄντα

2194 1243 2341 1300 Θεόν.
2376 1268 2404 1296 ››
2436 1247 2713 1302 Τοσοῦτον
2764 1241 2822 1302 δὶ
2875 1250 2972 1302 τοῦ
3037 1243 3435 1321 διαθροηθῆναι
3491 1253 3616 1311 τοῖς
3671 1248 3842 1304 τοιού-

2191 1354 2308 1396 τοις
2365 1334 2596 1410 ἀπεῖχον
2657 1335 2709 1390 ot
2799 1334 3142 1411 ἀκροώμενοι
3221 1338 3637 1411 κομπάσμασιν,
3713 1336 3839 1395 ὥστε

2193 1423 2283 1478 καὶ
2315 1424 2343 1478 ὁ
2371 1430 2472 1494 τῆς
2501 1423 2903 1496 Θεσσαλονίκης
2932 1423 3220 1501 πρόεδρος,
3255 1427 3284 1482 ὀ
3329 1425 3508 1490 πολὺς
3540 1427 3633 1483 καὶ
3667 1429 3798 1504 μέγα
3825 1447 3839 1499 ;

2195 1512 2247 1568 ἐν
2271 1512 2464 1590 λόγοις
2495 1513 2813 1580 Εὐστάθιος,
2866 1513 3042 1585 ζήλου
3099 1513 3184 1570 ἐπὶ
3240 1521 3362 1578 τοῖς
3418 1517 3843 1594 ἀνεγνωσμένοις

2195 1598 2462 1671 πλησθεὶς
2512 1601 2602 1656 καὶ
2664 1605 2741 1676 μή
2811 1601 3040 1680 ἐνεγκὼν
3082 1604 3214 1660 Θεὸν
3243 1603 3507 1677 ἀληθινὸν
3545 1603 3844 1678 δοξάζεσθαι

2198 1688 2506 1767 ὁλόσφυρόν
2581 1713 2636 1746 τι
2695 1688 2934 1754 διανοίας
3013 1691 3344 1768 ἀνάπλασμα
3421 1692 3838 1769 κακοδαίμονος,

2200 1803 2229 1832 ‹‹
2260 1779 2408 1836 Ἐσοί
2418 1801 2526 1854 μην
2559 1781 2640 1851 ἃν,
2677 1805 2704 1832 »
2736 1776 2865 1861 ἔφη,
2889 1807 2916 1835 ‹‹
2949 1783 3474 1858 καταπεπατημένον
3534 1791 3663 1848 τοῖς
3690 1787 3845 1861 πτέρ-

444 1876 506 1931 in
531 1880 770 1930 unctum
805 1873 1035 1929 Domini
1068 1873 1354 1938 effutiret;
1388 1877 1510 1937 aut,
1561 1872 1611 1929 si
1669 1873 2090 1931 condemnatus

2201 1888 2316 1932 ναις
2348 1874 2531 1948 φορῶν
2561 1871 2654 1926 τὸν
2685 1867 3008 1948 ἐγκέφαλον,
3048 1873 3140 1928 καὶ
3180 1878 3278 1928 τοῦ
3327 1876 3629 1949 σχήματος
3660 1873 3846 1930 τούτου

442 1969 594 2020 esset
627 1963 794 2035 quasi
827 1962 1008 2017 alium
1037 1960 1212 2033 quam
1245 1959 1560 2016 Christiani
1612 1961 1794 2018 Deum
1856 1961 2087 2032 coleret,

440 2052 742 2108 veritatem
774 2051 919 2106 velle
952 2050 1192 2119 discere,
1226 2053 1283 2105 et
1313 2049 1559 2121 gratiam
1593 2049 1642 2105 ei
1676 2068 1791 2106 non
1851 2067 2087 2124 parvam

442 2140 914 2213 habiturum,qui
937 2140 1050 2196 sibi
1073 2154 1327 2196 errorem
1355 2140 1694 2196 extorsisset
1716 2144 1772 2195 et
1788 2141 2088 2198 veritatem

441 2231 806 2304 explicasset.
841 2230 1020 2287 Paulo
1080 2234 1211 2302 post
1273 2230 1604 2302 patriarcha
1660 2230 1720 2286 in
1778 2231 1908 2301 ejus
1949 2248 2090 2288 con-

442 2327 707 2395 spectum
729 2321 972 2389 venit,et
994 2339 1120 2394 quae
1145 2338 1237 2378 res
1279 2321 1616 2393 postulabat
1665 2321 1922 2394 locutus,
1955 2323 2090 2380 effe-

444 2414 522 2468 cit
554 2416 614 2467 ut
645 2411 951 2467 iracundia
982 2411 1212 2482 placata
1264 2410 1494 2466 veniam
1549 2410 1758 2466 habitae
1806 2411 2090 2470 orationis

446 2505 502 2556 et
524 2501 870 2557 defendendi
895 2499 987 2556 sui
1011 2504 1357 2572 potestatem
1377 2499 1886 2558 Thessalonicensi
1903 2502 2090 2572 duret,

448 2608 581 2647 cum
613 2591 720 2646 hac
751 2595 948 2646 tamen
980 2589 1386 2661 castigatione,
1418 2598 1681 2661 oportere
1712 2606 1870 2655 eum,
1904 2595 1969 2646 ut
2005 2591 2094 2646 vi-

450 2698 577 2736 rum
601 2679 1027 2752 sapientem,ab
1044 2679 1404 2734 obscenitate
1427 2681 1734 2735 verborum
1787 2679 1901 2736 sibi
1944 2684 2096 2737 tem-

448 2787 672 2843 perare,
731 2785 837 2825 nec
893 2768 1122 2824 effutire
1181 2776 1392 2823 temere
1451 2784 1579 2839 quae
1635 2767 1784 2824 nihil
1841 2769 1912 2824 ad
1973 2784 2093 2826 rem

446 2859 821 2931 pertinerent.
853 2859 1061 2912 Postea
1090 2872 1224 2912 eum
1253 2856 1536 2928 scriptum
1597 2855 1667 2912 de
1721 2872 1788 2912 eo
1821 2857 2095 2928 dogmate

444 2947 676 3020 publica
707 2945 1065 3012 recitaretur,
1099 2949 1158 3000 et
1187 2944 1260 3001 ab
1289 2944 1565 3001 omnibus
1614 2950 1680 3000 ut
1730 2945 1822 3018 pie
1848 2945 2096 3018 explica-

442 3044 566 3094 tum
613 3036 973 3101 laudaretur,
1025 3051 1087 3091 se
1147 3032 1399 3090 libenter
1445 3033 1880 3105 subseripturos
1927 3034 2094 3107 polli-

445 3123 1055 3191 centibus,consilium
1087 3128 1178 3180 est
1207 3123 1545 3179 dimissum.
1609 3126 1684 3180 Ac
1729 3124 1814 3180 illi
1857 3125 2098 3182 abibant

445 3216 742 3286 laeti,quod
767 3213 1168 3269 adversatione
1190 3229 1297 3269 sua
1320 3213 1732 3286 imperatorem
1779 3212 2053 3270 vicissent
2077 3233 2092 3284 ;

446 3305 498 3360 is
528 3320 662 3360 vero
693 3302 1004 3374 gaudebat,
1035 3303 1190 3374 quod
1249 3319 1348 3358 eos
1403 3303 1474 3358 ad
1535 3319 1702 3357 suam
1734 3301 2094 3358 voluntatem

451 3391 722 3458 ﬂexisset,
754 3409 819 3446 ae
835 3391 1035 3462 paucis
1055 3390 1248 3446 verbis
1271 3391 1327 3446 id
1358 3395 1709 3447 consecutus
1759 3395 1914 3447 esset
1943 3391 2101 3464 quod

454 3487 627 3538 antea
672 3481 914 3536 verboso
973 3479 1192 3552 scripto
1250 3479 1562 3552 impetrare
1621 3496 1734 3536 non
1793 3480 2100 3552 potuisset.

453 3571 744 3629 Postridie
775 3569 1089 3626 concilium
1124 3571 1315 3639 prima
1347 3570 1472 3626 luce
1502 3571 1669 3642 jussu
1731 3570 2100 3643 imperatoris

455 3665 514 3720 in
549 3659 890 3735 patriarchze
921 3659 1141 3715 (edibus
1199 3659 1354 3716 28.1
1413 3659 1700 3730 convenit,
1732 3663 1798 3714 ut
1847 3660 2102 3717 facerent

458 3749 954 3823 quemadmodum
1017 3747 1420 3820 promiserant.
1482 3746 1693 3803 Verum
1759 3746 1842 3802 illi
1902 3763 2104 3804 omnes

457 3839 743 3896 sententia
774 3841 998 3892 mutata
1021 3836 1512 3909 subscriptionem
1553 3836 1916 3906 recusabant,
1948 3837 2101 3908 quod

453 3931 513 3986 in
547 3928 646 3985 illo
669 3927 887 3998 scripto
911 3927 1102 3982 adhuc
1126 3927 1299 3983 verba
1329 3926 1597 3998 quadam
1637 3924 1997 3998 reprehenda
2026 3925 2105 3981 la-

455 4019 886 4093 terent,quibus
913 4019 1099 4074 erasis
1155 4017 1270 4075 alia
1328 4018 1663 4090 reponenda
1715 4021 1933 4087 essent,
1975 4033 2101 4089 quae

454 4129 588 4168 cum
637 4126 770 4166 vera
833 4109 1120 4165 sententia
1174 4111 1582 4179 congruerent.
1645 4107 1868 4163 Rursus
1923 4106 2106 4179 igitur

458 4203 779 4257 csmmotus
841 4200 1154 4270 imperator
1209 4213 1408 4254 eorum
1477 4195 1843 4266 vzecordiam,
1901 4197 2102 4252 incon-

455 4289 732 4347 stantiam
789 4295 843 4344 et
894 4287 1185 4344 levitatem
1245 4292 1439 4358 aperte
1498 4287 1820 4342 insectatus
1853 4291 1960 4342 est.
1992 4286 2102 4342 Sed

455 4380 541 4435 illi
569 4379 804 4434 tandem
838 4394 987 4451 aegre
1009 4381 1408 4448 assenserunt,
1461 4381 1524 4433 ut
1581 4375 1894 4433 anathema
1925 4393 1960 4431 a
1991 4379 2104 4432 Deo

457 4467 798 4522 Machometi
828 4467 885 4522 in
920 4469 1112 4539 ipsum
1147 4466 1576 4524 Macbometum
1610 4469 1667 4522 et
1711 4480 1944 4522 omnem
1975 4464 2104 4536 ejus

459 4554 785 4610 doctrinam
818 4560 874 4610 et
903 4560 1122 4611 sectam
1155 4556 1214 4610 in
1246 4554 1616 4611 catechcticis
1660 4553 1872 4610 libellis
1905 4558 2102 4610 trans-

2195 1957 2445 2034 παράπαν
2488 1959 2702 2030 ἀνάξιος
2732 1982 2759 2015 ι
2807 1961 2902 2016 τὸν
2959 1959 3048 2016 ἐπὶ
3100 1966 3208 2018 τῶν
3263 1961 3430 2037 ὼμων
3489 1960 3675 2034 δείξας
3726 1984 3848 2038 μαν-

2195 2043 2347 2121 δύαν,
2380 2070 2410 2100 ‹‹
2442 2047 2488 2104 εί
2544 2049 2672 2104 Θεὸν
2719 2051 2970 2127 ἡγοίμην
3021 2047 3282 2122 ἀληθινὸν
3339 2052 3432 2106 τὸν
3481 2049 3844 2128 παιδεραστὴν

2193 2135 2283 2191 καὶ
2315 2133 2628 2210 καμηλώδη
2661 2137 2750 2192 καὶ
2776 2137 2954 2210 πάσης
2985 2141 3234 2214 πράξεως
3283 2145 3530 2216 μυσαρᾶς
3563 2142 3843 2219 ὑφηγητῇ

2193 2226 2285 2280 καὶ
2317 2221 2662 2283 διδάσκαλον.
2698 2251 2720 2278 ι
2791 2227 3162 2306 Ἐπεπήγεσαν
3224 2229 3320 2283 οὗν
3375 2228 3465 2285 ἐπὶ
3522 2234 3634 2292 τοῖς
3691 2229 3847 2304 εἰρη-

2201 2313 2383 2389 μένοις
2458 2314 2676 2379 τούτοις
2736 2317 2788 2371 οἳ
2835 2315 3137 2388 ἀκηκοότες
3210 2322 3431 2393 μικροῦο
3483 2319 3554 2389 ἦν
3598 2317 3696 2396 γὰρ
3750 2317 3840 2374 καὶ

2199 2401 2466 2480 διατόρως
2503 2409 2672 2460 ταῦτα
2719 2407 3095 2482 φθεγγόμενος
3159 2408 3251 2462 καὶ
3308 2404 3618 2482 προδήλως
3669 2427 3850 2484 χαρα-

2197 2494 2471 2569 κτηρίζων
2527 2494 2620 2549 τὸν
2687 2495 2844 2568 ζήλῳ
2906 2491 3176 2558 εὐσεϐείας
3253 2497 3620 2572 πυρούμενον.
3682 2498 3744 2556 Ὁ
3799 2494 3852 2552 δέ

2197 2585 2295 2638 τοῦ
2332 2580 2654 2658 γράμματος
2688 2583 3089 2660 ὑπαγορευτὴς,
3120 2585 3248 2647 στάς
3297 2584 3386 2640 ἐπὶ
3449 2586 3638 2662 βραχὺ
3693 2583 3748 2640 ἐν
3775 2586 3854 2649 εὸς

2198 2672 2389 2727 καὶτά
2420 2671 2586 2747 χείλη
2652 2674 2846 2746 μύσας,
2906 2671 3236 2748 παλίμπους
3289 2675 3401 2730 εἶτα
3432 2674 3514 2738 εἷς
3543 2677 3640 2731 τὸν
3694 2675 3852 2730 αύτο-

2199 2761 2436 2836 κράτορα
2462 2759 2671 2818 ε’ἷσεισι.
2715 2761 2818 2819 Καὶ
2859 2762 2918 2825 ὅς
2946 2763 3013 2818 τὰ
3069 2760 3381 2835 λαληθέντα
3429 2762 3852 2839 ἐνωτισάμενος,

2203 2853 2318 2906 οἷον
2351 2851 2769 2931 περιψοφηθεῖς,
2824 2850 3083 2914 ποικίλος
3143 2853 3210 2922 ἦν
3267 2857 3358 2908 τὸν
3415 2853 3732 2930 ἀπόλογον,
3792 2854 3850 2909 τὸ

2207 2939 2556 3016 μακρόθυμον
2595 2939 2868 3016 ἐπῃνεκὼς
2901 2941 2976 3003 ὼς
3008 2938 3290 3002 οὐδέποτε.
3347 2943 3453 2999 Καὶ
3509 2943 3705 3000 ἑαυτὸν
3759 2944 3854 3021 γάρ

2200 3035 2320 3092 τοῖς
2376 3028 2511 3107 ἄγαν
2571 3027 2926 3106 ὀρθοδοξοῦσι
3009 3033 3354 3104 Χριστιανοῖς
3438 3031 3708 3101 ἐνέταττε,
3769 3032 3854 3088 καὶ

2201 3117 2452 3195 πατέρων
2513 3119 2795 3196 ὡμολόγει
2835 3116 3177 3176 πανευσεϐῶν
3224 3120 3541 3197 προελθεῖν,
3602 3122 3729 3186 τοὺς
3771 3143 3859 3200 φι-

2207 3206 2456 3268 λαιτίους
2539 3206 2800 3264 ἐκκλίνων
2873 3209 2964 3264 καὶ
3023 3209 3520 3285 φιλοσκώμμονας.
3588 3213 3693 3270 Καὶ
3765 3212 3860 3280 τὴν

2213 3297 2470 3370 μετάτοῦ
2511 3297 2912 3370 Θεσσαλονίκης
2967 3300 3144 3375 κρίσιν
3201 3299 3384 3363 πολὺς
3437 3299 3672 3358 ἐνέκειτο
3730 3299 3865 3371 ἐξαι-

2205 3385 2493 3460 τούμενος.
2543 3388 2613 3444 ’Ή
2672 3388 2802 3464 γὰρ,
2860 3389 3018 3464 φησὶ,
3069 3385 3380 3452 δικαιωθεῖς
3437 3389 3514 3452 ὠς
3599 3391 3676 3462 μὴ
3744 3392 3862 3461 Θεῷ

2206 3475 2474 3532 πιστεύων
2528 3473 2886 3552 παιδεραστῇ,
2941 3475 3083 3552 μηδὲ
3138 3477 3371 3553 εἰσάγων
3450 3479 3865 3555 παραχάραγμα

2207 3563 2464 3633 πίστεως,
2499 3561 2710 3620 δικαίαν
2781 3564 3028 3638 ἐπιθήσει
3087 3565 3242 3638 δίκην
3299 3572 3381 3640 τῷ
3430 3568 3572 3623 κατά
3634 3570 3862 3644 Χρῖστοῦ

2209 3654 2419 3727 Κυρίου
2477 3652 2823 3730 ἐρυγγάνοντι
2885 3656 3210 3734 βλάσφημα,
3280 3655 3318 3726 ἥ
3387 3657 3738 3732 κπακριθεῖς
3790 3657 3862 3719 ὠς

2206 3741 2388 3818 ἕτερον
2420 3741 2658 3814 δοξάζων
2717 3745 2847 3800 Θεὸν
2900 3747 3029 3820 παρ’
3097 3746 3157 3802 δν
3188 3747 3242 3802 οἱ
3284 3745 3343 3802 ἐκ
3386 3750 3632 3820 Χριστοῦ
3661 3745 3856 3802 καλού-

2213 3853 2363 3907 μενοι
2423 3827 2668 3889 σέϐονται
2733 3837 3173 3909 μεταμαθήσεται
3264 3837 3364 3907 τὴν
3425 3833 3713 3908 ἀλήθειαν,
3766 3834 3857 3890 καὶ

2211 3923 2372 3998 χάριν
2428 3922 2626 3978 ε’ἰσεται
2686 3922 2748 3978 οὗ
2834 3924 3030 3998 μικρὰν
3085 3928 3164 3997 τῷ
3244 3932 3348 3995 τῆς
3390 3925 3650 4005 χείρονος
3702 3924 3857 3981 αὐτὸν

2213 4013 2604 4087 μεταστήσαντι
2689 4009 2850 4086 δόξης
2907 4015 2998 4067 καί
3079 4015 3349 4087 μυησαντι
3410 4016 3508 4084 τὴν
3564 4013 3849 4085 ἀλήθειαν.

2209 4102 2362 4160 Μετὰ
2422 4099 2602 4176 βραχὺ
2662 4097 2718 4156 δὲ
2771 4105 2869 4156 τοῦ
2951 4103 3300 4179 πατριάρχου
3358 4103 3436 4167 εἷς
3495 4102 3617 4168 θέαν
3669 4100 3858 4176 ἐκείνῳ

2211 4189 2550 4262 ἐληλυθότος
2579 4189 2670 4245 καὶ
2696 4188 3094 4262 κατεπᾴσαντος
3147 4193 3215 4246 τὰ
3269 4191 3455 4250 εἷκότα
3501 4197 3603 4248 τοῦ
3656 4213 3717 4248 τε
3773 4203 3860 4257 θυο

2213 4284 2319 4353 μοῦ
2347 4277 2532 4350 ἓληξε,
2558 4279 2646 4334 καὶ
2704 4284 2782 4352 τῷ
2838 4280 3122 4354 Εὗσταθίῳ
3179 4282 3506 4357 συγγνώμηο
3557 4283 3861 4358 παρέσχετο

2212 4369 2315 4449 ἐφ’,
2347 4371 2430 4432 οἷς
2459 4368 2885 4447 παρεφθέγεατο,
2941 4367 3254 4432 ἐνδεδωκὼς
3311 4370 3459 4445 αὐτῷ
3515 4373 3618 4428 ’ὀσα
3677 4374 3860 4448 ᾑρεῖτο

2210 4457 2686 4533 ἀπολογήσασθαι,
2745 4455 3057 4514 τελευταῖον
3116 4457 3172 4516 δὲ
3224 4461 3315 4515 καὶ
3397 4458 3560 4523 αὐτὸς
3627 4460 3862 4516 ἐπειπὼν

2212 4546 2310 4617 ὠς,
2343 4570 2372 4598 ‹‹
2407 4552 2496 4602 Δεῖ
2525 4567 2582 4602 σε
2621 4547 2784 4624 σοφὸν
2835 4545 2964 4602 ὄντα
3025 4549 3100 4621 μή
3135 4547 3595 4624 αἶσχρορῥήμονα
3651 4548 3864 4605 δείκνυ-

457 4643 724 4698 ferretur.
757 4644 880 4708 Quo
910 4648 1040 4715 post
1087 4643 1304 4699 multos
1361 4659 1712 4715 congressus
1769 4644 2000 4700 decreto
2039 4647 2094 4699 et

2204 4642 2324 4694 σθαι
2357 4635 2500 4712 μηδέ
2531 4639 2921 4714 θρασυστομεῖν
2976 4638 3329 4714 παρακαίρια.
3362 4663 3392 4689 ι»
3451 4633 3572 4698 Ἐπὶ
3623 4637 3683 4695 δέ
3739 4639 3864 4694 τού-

455 4731 799 4790 contirmato
829 4733 1066 4787 tandem
1094 4732 1461 4804 quieverunt.

2204 4751 2325 4791 τοις
2351 4728 2428 4791 είς
2457 4730 2647 4798 κοινὴν
2681 4727 2934 4792 δοθέντος
2995 4729 3252 4806 ἀκρόασιν
3309 4733 3407 4788 τοῦ
3464 4729 3711 4805 περὶτοῦ
3769 4727 3862 4784 δός

453 4841 665 4898 γματος
695 4819 890 4894 τέμου,
923 4819 1012 4874 καὶ
1043 4819 1258 4874 πάντων
1288 4816 1680 4876 ἐπαινεσάντων
1710 4821 1778 4876 τά
1814 4819 2172 4896 γεγραμμένα
2202 4819 2277 4882 ὼς
2312 4813 2548 4880 εὐσεϐῶς
2587 4818 3048 4892 ὁρθοτομηθέντα,
3107 4817 3196 4874 καὶ
3251 4823 3563 4896 περιχαρῶς
3619 4819 3672 4874 ἐν
3701 4816 3858 4890 αὐτῷ

457 4911 773 4990 ὑπογράψαι
803 4908 1204 4981 καταθεμένων,
1267 4906 1294 4961 6
1327 4904 1602 4984 σύλλογος
1633 4905 1936 4979 διελέλυτο,
1977 4909 2066 4962 καὶ
2099 4908 2152 4963 οἱ
2215 4908 2307 4980 μὲν
2341 4905 2580 4982 ἀπῄεσαν
2607 4905 2976 4982 ἀγαλλόμενοι
3025 4908 3099 4970 ὡς
3145 4911 3214 4980 τῇ
3275 4908 3448 4980 οἰκείᾳ
3479 4908 3718 4964 ἐνστάσει
3763 4905 3859 4962 τὸν

458 5000 686 5080 βασιλέα
718 4999 1082 5069 νενικηκότες
1114 4997 1142 5052 ὁ
1176 4993 1232 5052 δέ
1262 4993 1478 5073 ἔχαιρεν
1512 4997 1588 5062 ὡς
1607 5001 1675 5071 τῇ
1710 4998 1899 5052 ἑαυτοῦ
1929 4995 2327 5060 καθυποκλίνας
2357 4997 2584 5059 τούτους
2619 4993 2818 5073 βουλῇ,
2850 4997 2939 5052 καὶ
2980 4997 3131 5072 σχὼν
3164 4993 3253 5052 διὰ
3285 4995 3661 5077 βραχυλογίας
3692 4993 3864 5072 οὗπερ

457 5092 546 5149 διὰ
565 5097 662 5149 τοῦ
693 5088 1038 5166 πολυστίχου
1068 5088 1332 5164 πρότερον
1363 5087 1539 5161 τόμου
1571 5084 1828 5160 οὒδαμῶς
1859 5083 2093 5163 ἐφίκετο.
2127 5085 2276 5144 Κατά
2306 5083 2362 5142 δὲ
2397 5087 2497 5157 τήν
2535 5091 2648 5160 μετ’
2682 5084 2890 5157 ἐκείνην
2921 5086 3130 5161 ἡμέραν
3164 5086 3240 5150 εἷς
3295 5094 3394 5156 τήν
3451 5088 3865 5164 πατριαρχικήν

457 5183 634 5237 ἑστίαν
669 5183 704 5250 ἠ
739 5177 962 5242 σύνοδος
996 5179 1368 5254 ἀθροισθεῖσα,
1408 5176 1559 5238 ὅπως
1588 5176 1723 5230 κατά
1751 5174 1817 5230 τὰ
1845 5176 2272 5250 συμφωνηθέντα
2311 5172 2580 5244 δράσωσιν
2639 5172 2776 5250 (ἅμα
2829 5175 2931 5252 γὰρ
2961 5173 3034 5248 ἕῳ
3071 5179 3320 5251 παρῆσαν
3347 5176 3404 5230 οἱ
3459 5175 3520 5232 ἐκ
3589 5175 3863 5252 βασιλέως

454 5271 649 5334 αὐτοὺς
678 5270 754 5332 εἷς
783 5267 870 5325 ἕνα
909 5267 1208 5344 ἀθροισμὸν
1241 5266 1696 5343 συναγείροντες),
1729 5265 1782 5318 οἳ
1838 5260 1885 5318 δ’
1934 5263 2106 5320 οὐκέτ’
2144 5265 2280 5335 ἦσαν
2336 5266 2386 5320 οἱ
2449 5263 2626 5332 αὐτοὶ,
2675 5263 2802 5320 ἀλλ’
2831 5264 3078 5321 ἀνένευον
3107 5267 3301 5329 πάντες
3330 5265 3494 5322 πάλιν
3524 5267 3612 5322 καὶ
3643 5266 3865 5338 ἀπεπή-

455 5357 559 5414 δων
585 5361 660 5422 ὡς
692 5363 760 5432 τῇ
790 5359 1202 5434 ὑπηγορευμένη
1235 5360 1418 5434 γραφῇ
1469 5354 1546 5411 ἔτι
1605 5351 1929 5430 ἐγκειμένων
1984 5352 2342 5430 ἐπιληψίμων
2403 5353 2666 5430 ῥημάτων
2723 5358 2911 5422 τινῶν,
2967 5354 3058 5410 καὶ
3115 5354 3315 5424 ἤθελον
3368 5355 3458 5410 καὶ
3516 5359 3685 5412 ταῦτα
3740 5352 3864 5412 ὀϐε-

455 5444 706 5515 λισθῆναι
748 5448 836 5500 καὶ
868 5448 1026 5521 ’ἐτερα
1055 5446 1334 5516 ἐντεθῆναι
1361 5449 1440 5517 τῷ
1472 5446 1617 5521 ὀρθῷ
1645 5442 1780 5500 κατά
1811 5441 1980 5518 μηδέν
2037 5466 2088 5500 τι
2149 5444 2558 5520 προσιστάμενα
2588 5441 2840 5519 δόγματι.
2889 5446 2990 5500 Ἦν
3038 5444 3128 5499 οὖν
3161 5442 3313 5509 αὖθις
3359 5445 3805 5520 παροξυνόμενος
3837 5447 3865 5501 ὅ

455 5538 667 5604 κρατῶν
716 5535 802 5588 καὶ
866 5537 939 5598 ὡς
1016 5535 1393 5608 ἆνοηταίνουσι
1461 5537 1709 5610 καθαρῶς
1766 5534 2079 5611 ἐπεγκαλῶν
2137 5534 2199 5590 τὸ
2259 5541 2360 5604 τῆς
2415 5535 2647 5610 γνώμης
2700 5531 2926 5590 ἄστατον
2982 5534 3072 5589 καὶ
3139 5534 3534 5614 ἀγχίστροφον.
3593 5537 3732 5610 Ὀψὶ
3808 5533 3864 5590 δὲ

456 5619 547 5673 καὶ
619 5619 780 5692 μόλις
825 5623 1187 5698 συνήλθοσαν,
1236 5626 1328 5679 ἳνα
1357 5626 1419 5680 τὸ
1483 5626 1574 5698 μὲν
1637 5625 1875 5700 ἀνάθεμα
1931 5628 2013 5697 τῷ
2067 5627 2185 5698 Θεῷ
2237 5627 2334 5679 τοῦ
2389 5623 2634 5700 Μωάμετ
2664 5628 2772 5680 τῶν
2821 5629 3210 5699 κατηχητικῶν
3247 5619 3478 5700 βιϐλίων
3521 5623 3861 5706 ἀπαλειιρθῇ,
