4066 6214
1320 412 1421 473 DE
1465 410 1842 475 MANUELE
1885 409 2278 474 COMNENO
2324 411 2472 473 LIB.
2520 412 2654 476 VII.

3581 416 3701 477 5'10

283 549 536 627 ἐγγραφῇ
568 543 627 602 δδ
657 544 909 619 ἀνάθεμα
936 549 1018 620 τῷ
1056 545 1303 621 Μωάμετ
1333 544 1424 603 καὶ
1456 547 1601 622 πάσῃ
1632 550 1701 621 τῇ
1732 547 1900 601 αὐτοῦ
1931 542 2137 620 διδαχῇ
2167 544 2259 601 καὶ
2292 543 2550 621 διαδοχῇ.
2604 545 2708 604 Καὶ
2772 549 2936 602 τοῦτο
2998 544 3425 624 δογματίσαντες
3476 551 3563 607 καὶ
3613 573 3704 607 κυ-

276 640 555 716 ρώσαντες
583 642 695 693 τῶν
718 636 949 693 πολλῶν
978 635 1199 693 ἐκείνων
1232 635 1475 693 συνόδων
1504 638 1594 693 καὶ
1627 634 1921 712 συλλόγων
1953 633 2171 706 ἔληξαν.

363 734 431 798 ζ’.
461 726 638 785 Ἀλλὰ
663 727 769 802 γὰρ
828 727 939 802 οὐχ
994 721 1372 801 ὑπερϐήσομαί
1428 749 1481 783 τι
1510 728 1598 782 καὶ
1643 724 1783 782 ἄλλο
1838 729 1937 780 τῶι.

2130 727 2187 780 7.
2220 727 2504 797 Adjiciam
2555 728 2726 783 etiam
2784 727 2943 784 aliud
3021 734 3347 805 memoratu
3434 731 3699 802 dignum,

280 818 451 890 ⁸ἰξίων
519 816 792 891 εἰρῆσθαι,
846 820 944 872 τοῦ
1014 818 1252 890 ἱστορεῖν
1342 815 1567 880 ἐνταῦθα
1624 815 1940 893 γενόμενος.

281 910 388 966 Ἦν
417 928 507 969 τις
558 904 821 981 εὺνοῦχος
869 906 1264 981 ἀρχιερατικῶς
1293 902 1635 981 προεδρεύων
1680 907 1778 974 τῆς
1836 908 1944 961 τῶν

281 1001 494 1057 Χωνῶν
543 994 789 1063 πόλεως,
844 998 1087 1065 Νικήτας
1168 992 1431 1071 τοῦνομα,
1487 994 1664 1065 πάσης
1748 994 1943 1067 ἀρετῆς

279 1086 664 1161 καταγώγιον,
698 1085 847 1140 οὓτω
880 1082 947 1153 δὴ
978 1085 1321 1158 προφητικὸς
1353 1084 1443 1140 καὶ
1501 1079 1830 1154 προϐλέπων
1877 1084 1944 1139 τὰ

277 1175 594 1251 ἔμπροσθεν
654 1175 732 1238 ὡς
784 1179 903 1235 τοῖς
964 1173 1239 1248 μεγίστοις
1291 1179 1399 1229 τῶν
1455 1174 1710 1247 ὁρώντων
1758 1171 1943 1248 ἐγκρί-

280 1268 466 1321 νεσθαι
499 1264 591 1319 καὶ
634 1263 712 1328 εἷς
750 1267 932 1337 θαῦμα
969 1264 1180 1318 κεῖσθαι
1211 1265 1340 1338 παρ’
1371 1264 1457 1326 οἷς
1502 1263 1529 1317 6
1587 1263 1723 1335 ἀνὴρ
1780 1261 1946 1337 ἐγνώ-

283 1374 465 1430 ριστο,
517 1350 671 1427 εἴπερ
723 1353 760 1420 ἡ
822 1352 942 1406 καθ’
991 1354 1141 1425 ἡμᾶς
1196 1352 1352 1427 γενεά
1404 1352 1615 1427 πονηρὰ
1671 1350 1803 1406 οὖσα
1853 1350 1942 1406 καὶ

289 1442 560 1519 μοιχαλὶς
590 1440 847 1496 τοιοῦτον
907 1439 1221 1519 ηὐτύχησεν
1278 1442 1502 1515 ἀγαθόν.
1562 1438 1789 1514 Ἀμέλει
1853 1432 1945 1495 καῖ

278 1536 384 1588 τοῦ
455 1528 727 1605 βασιλέως
783 1528 981 1585 τούτου
1039 1530 1090 1601 ἐξ
1151 1530 1438 1604 Ἀρμενίας
1491 1529 1783 1604 παριόντος
1847 1529 1943 1592 τὰς

275 1620 469 1683 Χώνας
538 1620 894 1696 ἁρτιστεφοῦς
974 1619 1067 1674 καὶ
1151 1626 1252 1689 τῆς
1336 1620 1593 1694 πατρῴας
1678 1616 1944 1694 διαδόχου

275 1711 486 1785 ἀρχῆς,
526 1708 619 1763 καὶ
675 1709 768 1763 τὸν
821 1706 1224 1787 ἀρχαγγελικὸν
1280 1708 1413 1763 νεὼν
1456 1707 1793 1771 εἰσελθόντος
1855 1707 1945 1763 καὶ

285 1798 439 1875 χειρὶ
493 1802 594 1853 τοῦ
650 1795 953 1873 ἀρχιερέως
1018 1798 1215 1853 τούτου
1272 1797 1687 1874 εὐλογηθέντος,
1756 1794 1940 1868 ἐπειδὴ

281 1890 377 1944 καὶ
407 1889 756 1964 περιώνυμος
804 1889 871 1958 ἦν
928 1887 989 1943 έκ
1050 1894 1150 1957 τῆς
1208 1888 1405 1963 ἀρετῆς
1460 1888 1551 1943 καὶ
1599 1893 1720 1949 τοῖς
1779 1888 1943 1943 ἅπασι

291 1975 387 2033 διὰ
417 1977 710 2050 στόματος,
763 1977 900 2047 ἦσαν
960 1974 1013 2032 οἳ
1069 1981 1177 2032 τῶν
1208 1976 1481 2055 ἐντρόφων
1539 1982 1636 2033 τοῦ
1673 1979 1942 2052 βήματος,

2050 819 2362 887 postquam
2398 815 2510 872 huc
2535 833 2880 888 progressus
2903 834 3055 872 sum.
3082 817 3213 873 Fuit
3259 818 3565 873 eunuchus
3605 821 3699 873 Ni-

2051 912 2229 973 cetas,
2261 906 2594 963 Chonarum
2625 908 2955 979 episcopus,
3012 908 3170 964 omni
3222 925 3430 980 genere
3467 909 3702 965 virtutis

2052 999 2314 1063 ornatus,
2349 997 2677 1053 futurarum
2726 1014 2914 1053 rerum
2966 997 3047 1053 ita
3102 998 3380 1071 praescius
3432 1003 3497 1055 ut
3550 999 3703 1054 inter

2052 1084 2338 1141 maximos
2369 1091 2530 1142 vates
2562 1087 2875 1143 haberetur
2894 1091 2950 1143 et
2980 1089 3253 1143 omnibus
3286 1088 3386 1160 qui
3437 1105 3567 1145 eum
3604 1105 3700 1143 no-

2053 1179 2184 1230 rant
2208 1174 2580 1231 admirationi
2613 1181 2788 1243 esset,
2839 1178 2990 1249 quod
3045 1182 3255 1233 nostrae
3296 1178 3449 1233 aetati
3480 1177 3697 1250 impro-

2052 1264 2138 1319 bae
2168 1270 2344 1336 atque
2389 1265 2660 1321 adulterae
2715 1269 2945 1321 tantum
3046 1267 3258 1323 bonum
3332 1268 3694 1338 contigisset.

2050 1357 2195 1409 Cum
2230 1360 2423 1409 autem
2459 1354 2552 1411 hic
2583 1355 2898 1427 imperator
2935 1372 3140 1412 recens
3191 1356 3517 1412 diademate
3550 1357 3699 1411 redi-

2057 1443 2254 1508 mitus,
2287 1444 2511 1514 paterni
2543 1445 2772 1517 imperii
2804 1461 3129 1513 successor,
3161 1462 3230 1501 ex
3280 1446 3555 1502 Armenia
3611 1462 3699 1501 re-

2050 1537 2283 1587 vertens
2316 1532 2530 1589 Chonis
2576 1533 2925 1607 Arcbangeli
2977 1536 3158 1590 :eiern
3207 1533 3358 1591 285
3395 1536 3698 1607 ingressus

2053 1620 2304 1676 faustam
2329 1621 2855 1694 comprecatiouem
2914 1623 2987 1678 ab
3044 1622 3153 1678 hoc
3212 1623 3484 1695 pontiﬁce
3545 1640 3703 1680 acce-

2053 1711 2235 1782 pisset
2265 1716 2328 1766 ut
2358 1712 2429 1766 ob
2461 1711 2735 1767 virtutem
2769 1711 2983 1783 ubique
3008 1712 3270 1783 gentium
3296 1711 3696 1779 celeberrimo,

2054 1800 2293 1871 quidam
2323 1801 2672 1871 sacerdotes,
2732 1802 2889 1872 iique
2948 1801 3413 1873 prudentissimi,
3471 1802 3701 1858 dubita-

2053 1889 2197 1945 bant
2216 1906 2290 1945 an
2313 1889 2539 1945 Manuel
2564 1890 2750 1946 adhuc
2773 1891 3114 1947 adolescens
3135 1907 3201 1946 ao
3246 1907 3392 1963 pene
3412 1891 3695 1949 imberbis

2051 1982 2281 2035 tantum
2316 1979 2631 2051 imperium
2655 1981 3065 2036 administrare
3086 1988 3300 2051 posset,
3320 1981 3475 2051 quod
3504 1982 3693 2036 virum

289 2066 616 2122 καίτούτων
649 2067 702 2121 οἱ
725 2067 778 2128 ἐς
820 2070 948 2121 νοῦν
1007 2066 1324 2142 βάπτοντες,
1365 2066 1417 2122 ἐν
1465 2065 1655 2141 ἀπόρῳ
1709 2065 1937 2131 ἐτίθεντο

2052 2068 2219 2126 senili
2252 2068 2557 2140 prudentia
2589 2068 2897 2141 prmditum
2929 2075 2979 2123 et
3013 2074 3311 2125 maturum
3354 2068 3693 2141 postularet.

283 2156 335 2212 εἴ
374 2156 498 2217 νέος
558 2152 636 2209 ὤν
686 2157 714 2211 6
747 2116 1035 2225 iiavouﬁlr
1066 2158 1149 2227 [P.
1213 2116 1337 2230 ΜΞ]
1398 2157 1489 2211 καὶ
1711 2116 1937 2230 πρωτιυς

2052 2116 2219 2126 ..-κω
2252 2116 2557 2140 ,._--....-_
2589 2116 2897 2141 τμη---τω
2932 2116 2979 2123 --
3013 2116 3311 2125 ---_-..-.....
3354 2116 3693 2141 ,ην-ηπ..

2055 2158 2271 2215 Deinde
2304 2174 2377 2213 an
2410 2158 2641 2214 fratrem
2698 2158 3006 2225 Isaacium,
3039 2158 3139 2229 qui
3199 2158 3401 2214 urbem
3453 2158 3699 2230 impera-

282 2247 539 2321 χνοάζων
571 2245 663 2301 τὸν
694 2244 891 2301 ἲουλον
921 2240 1359 2320 διακυϐερνήσειν
1377 2245 1525 2308 ὅλως
1553 2249 1653 2315 τήν
1668 2244 1944 2322 βασιλείαν

2056 2247 2259 2305 tricem
2289 2246 2596 2316 obtineret,
2645 2250 3024 2318 superaturus
3080 2250 3252 2312 esset,
3315 2246 3408 2302 cui
3459 2246 3699 2303 meliore

289 2332 757 2405 δυνήσεται,ἢτις
802 2334 866 2390 τὸ
921 2333 1067 2390 πολὺ
1119 2332 1290 2390 δεῖται
1344 2333 1533 2412 ἀνδρὸς
1591 2334 1793 2392 πολιοῦ
1853 2335 1937 2408 μὲι.

2047 2340 2178 2409 jure
2205 2336 2512 2410 imperium
2547 2335 2864 2392 deberetur.
2887 2336 3033 2392 Tum
3082 2353 3330 2406 magnus
3387 2335 3486 2391 ille
3523 2336 3610 2392 vir
3640 2340 3697 2393 et

283 2425 345 2482 τὸ
366 2430 618 2504 φρονεῖν,
652 2422 995 2501 λαχνήεντος
1054 2421 1112 2479 δὲ
1165 2426 1257 2480 τὸν
1286 2426 1542 2499 πώγωνα,
1591 2422 1668 2479 ἔτι
1727 2446 1790 2503 γε
1839 2426 1937 2498 μὴν

2049 2443 2181 2482 vere
2238 2427 2469 2482 divinus
2517 2425 2691 2481 homo
2739 2426 2798 2480 in
2849 2425 3005 2480 hunc
3052 2426 3291 2480 modum
3344 2426 3691 2498 respondit:

288 2514 333 2570 εἰ
359 2518 452 2570 τὸν
513 2515 851 2592 κασίγνητον
907 2513 1360 2571 καταπαλαίσειεν
1411 2515 1676 2571 Ἰσαάκιον
1736 2512 1937 2570 δικαιό-

2052 2537 2082 2567 ‹‹
2111 2516 2357 2572 Omnino
2388 2513 2728 2570 adolescens
2783 2514 2894 2570 iste
2947 2517 3004 2569 et
3057 2513 3369 2585 imperium
3410 2515 3697 2586 guberna-

280 2625 434 2680 τερον
469 2603 609 2660 ὂντα
637 2604 775 2680 πρὸς
821 2606 921 2675 τὴν
948 2605 1127 2680 ἀρχὴν
1177 2603 1268 2659 καὶ
1333 2605 1431 2674 τῆς
1494 2601 1779 2679 βασιλίδος
1834 2609 1941 2658 τῶν

279 2694 502 2751 πόλεων
557 2691 710 2749 ἔνδον
769 2694 1041 2763 ἱζάνοντα.
1102 2694 1163 2751 Ὀ
1222 2691 1279 2748 δὲ
1334 2690 1499 2767 μέγας
1555 2691 1752 2754 ἐκεῖνος
1805 2692 1942 2769 ἀνὴρ

280 2784 370 2839 καὶ
399 2780 581 2844 ὅντως
611 2782 896 2858 ἅνθρωπος
933 2788 1032 2838 τοῦ
1071 2787 1228 2851 Θεοῦ,
1280 2781 1426 2838 λύων
1478 2783 1541 2838 τὸ
1588 2779 1791 2859 ἄπορον
1850 2781 1942 2838 καὶ

289 2870 570 2951 διασαφῶν
599 2874 664 2928 τὸ
694 2874 821 2949 παρ’
876 2872 1102 2934 ἐκείνοις
1159 2871 1658 2950 ἀμφιγνοούμενον,
1692 2895 1721 2925 ‹‹
1748 2872 1877 2939 Ναὶ,
1914 2896 1943 2924 ))

286 2964 440 3040 φησὶ,
482 2962 630 3017 ικαὶ
688 2962 790 3030 τήν
848 2960 1129 3036 βασιλείαν
1191 2962 1219 3016 ὁ
1266 2965 1453 3035 μεῖραξ
1486 2962 1647 3024 οὗτος
1706 2958 1941 3031 δυθυνεῖ,

281 3050 370 3105 καὶ
418 3050 578 3121 αὐτῷ
634 3049 985 3104 ὑποπεσεῦιαι
1039 3048 1068 3103 6
1128 3045 1384 3126 ἀδελφόςσ
1464 3048 1609 3103 οὕτω
1653 3048 1755 3124 γὰρ
1829 3053 1944 3121 Θεῷ

280 3136 536 3194 δέδοκται
594 3138 688 3193 καὶ
746 3138 1109 3213 προώρισται.
1171 3140 1280 3194 Ἰνα
1335 3134 1391 3192 δὲ
1448 3134 1630 3207 εἰδῆτε
1674 3137 1764 3192 καὶ
1816 3138 1941 3213 περὶ

277 3227 351 3284 ὧν
388 3225 505 3284 οὐδ’
527 3223 680 3290 ὅλως
729 3247 798 3300 με
825 3224 1042 3301 ἤρεσθε,
1099 3226 1191 3281 τὸν
1242 3225 1444 3282 οἰκεῖον
1494 3226 1738 3294 πάππον,
1796 3224 1941 3303 λέγω

279 3314 348 3385 δὴ
432 3316 530 3372 τὸν
619 3315 996 3392 αὐτοκράτορα
1059 3314 1345 3390 Ῥωμαίων
1439 3315 1531 3371 καὶ
1620 3318 1942 3392 προπάτορα

279 3406 474 3462 ἐκείνω
504 3404 776 3479 Ἀλέξιον,
839 3399 1205 3480 ὑπερϐήσεται
1265 3405 1424 3470 οὗτος
1484 3406 1663 3482 βραχύ
1692 3426 1746 3461 τι
1804 3407 1940 3461 κατὰ

2049 2605 2133 2660 bit
2161 2609 2219 2661 et
2250 2605 2486 2660 fratrem
2533 2602 2874 2675 superabit:
2928 2602 3013 2659 sic
3064 2603 3214 2660 enim
3267 2621 3300 2659 a
3345 2609 3456 2660 Deo
3499 2606 3696 2661 decreo

2048 2696 2173 2748 tum
2202 2696 2259 2748 et
2279 2693 2663 2748 constitutum
2695 2696 2800 2748 est.
2834 2691 2908 2748 Ut
2938 2696 3132 2748 autem
3165 2708 3233 2748 ea
3262 2708 3495 2765 quoque
3543 2694 3699 2750 scia-

2050 2781 2127 2838 tis
2160 2782 2232 2838 de
2257 2781 2472 2853 quibus
2529 2797 2644 2836 non
2706 2781 3134 2853 interrogastis,
3200 2798 3369 2837 avum
3426 2781 3693 2838 Alexium

2048 2874 2214 2928 aetate
2244 2871 2486 2943 paulum
2521 2870 2866 2943 superabit:
2924 2871 3023 2928 sed
3080 2870 3334 2927 instante
3386 2874 3548 2928 obitu
3607 2872 3699 2929 in.

2049 2961 2257 3017 saniet.
2284 2983 2312 3013 »
2350 2962 2409 3017 Id
2444 2961 2790 3034 praesagium
2841 2965 2899 3016 et
2952 2960 3096 3016 mihi
3156 2965 3215 3016 et
3262 2961 3394 3018 aliis
3424 2960 3695 3034 plurimis

2047 3049 2159 3105 fuit
2189 3054 2392 3106 notum
2428 3067 2442 3106 :
2475 3051 2527 3105 is
2556 3050 2711 3105 enim
2773 3055 2929 3106 vates
2987 3066 3057 3105 ex
3106 3050 3301 3107 divino
3343 3050 3695 3122 baptismate

2050 3154 2142 3194 me
2173 3139 2449 3210 suscepit.
2482 3140 2621 3203 Quae
2650 3144 2845 3195 autem
2888 3155 2957 3195 ea
3002 3138 3235 3195 insania
3284 3143 3341 3194 et
3361 3140 3697 3210 cuiusmodi

2049 3231 2246 3285 futura
2276 3233 2448 3299 esset,
2496 3245 2667 3286 nemo
2724 3234 2853 3285 tum
2908 3232 3059 3285 recte
3111 3229 3398 3301 conjicere
3455 3232 3695 3302 potuit:

2050 3335 2184 3374 nam
2216 3317 2313 3374 alii
2343 3318 2404 3374 id
2433 3318 2788 3390 praesagium
2819 3319 2887 3374 ad
2922 3320 3193 3375 insanam
3226 3317 3353 3373 auri
3405 3319 3697 3391 cupidita-

2046 3412 2188 3476 tem,
2221 3406 2322 3464 alii
2375 3407 2445 3463 ad
2505 3406 2768 3463 libidinis
2821 3406 3334 3477 intemperantiam
3389 3408 3700 3480 detorque-

275 3495 405 3559 τοὺς
458 3501 564 3565 τῆς
628 3501 776 3565 ζωῆς
827 3495 1086 3574 χρόνους.
1155 3497 1271 3564 Τῆς
1358 3491 1416 3549 δὲ
1469 3494 1730 3565 τελευτῆς
1789 3495 1936 3569 αὐτῷ

2052 3498 2225 3566 bant;
2258 3498 2357 3553 sed
2390 3513 2522 3552 cum
2554 3496 2699 3565 hinc,
2730 3513 2909 3568 quam
2941 3496 3081 3565 dixi,
3131 3497 3523 3554 controversia
3573 3498 3697 3570 agi-

276 3586 614 3663 ἒγγιζούσης
645 3585 965 3657 μανήσεται.
1001 3607 1030 3636 ››
1084 3584 1186 3640 ”Ην
1239 3583 1330 3637 οὗν
1384 3586 1419 3653 ἡ
1459 3583 1764 3660 πρόρρησις
1801 3584 1935 3657 αὕτη

274 3674 369 3730 καὶ
394 3673 522 3748 ἐμοὶ
551 3678 637 3745 τῷ
666 3678 969 3750 συγγραφεῖ
997 3674 1213 3743 Νικήτᾳ
1264 3670 1356 3726 σὺν
1416 3670 1610 3735 ἄλλοις
1657 3672 1937 3737 πλείστοις

274 3765 589 3843 γνώριμος,
623 3761 708 3817 ὅτι
738 3761 826 3816 καὶ
873 3761 1004 3835 ἐμὸς
1065 3762 1094 3816 6
1142 3761 1471 3837 προφάντωρ
1521 3764 1598 3836 (6)
1666 3760 1938 3838 ἂνάδοχος

273 3852 338 3909 ἐκ
367 3857 466 3909 τοῦ
490 3851 642 3907 θείου
678 3850 1080 3927 βαπτίσματος.
1111 3852 1210 3913 Τίς
1271 3848 1328 3906 δὲ
1360 3848 1461 3925 ἄρα
1499 3849 1645 3905 ἔσται
1702 3854 1736 3920 ἠ
1774 3852 1938 3926 μανία

276 3943 371 3998 καὶ
403 3943 529 4004 οἷος
564 3942 592 3996 ὁ
621 3941 828 4017 τρόπος
884 3940 1076 4010 αὐτῆς,
1133 3938 1312 4002 οὐδεὶς
1343 3942 1494 4015 εἶχεν
1525 3936 1764 4014 ἀκριϐῶς
1797 3963 1937 4015 συμ-

278 4025 543 4095 ϐαλέσθαι
574 4033 686 4084 τῶν
718 4026 941 4084 εἰδότων
967 4028 1028 4084 τὸ
1058 4028 1471 4105 προαγόρευμα’
1505 4030 1558 4083 οἱ
1593 4028 1687 4101 μὲν
1730 4031 1833 4106 γὰρ
1882 4028 1934 4092 ἐς

2046 3590 2167 3643 tata
2211 3591 2384 3655 esset,
2435 3586 2783 3657 imperatore
2828 3591 3047 3643 temere
3109 3587 3393 3657 principio
3454 3592 3697 3642 conten-

2047 3675 2221 3731 dente
2241 3673 2662 3747 holosphyrum
2696 3674 2863 3729 illum
2895 3674 3243 3731 Macbometi
3284 3675 3438 3730 286
3488 3691 3689 3730 verum

2046 3781 2176 3821 esse
2211 3764 2418 3833 Deum,
2451 3764 2550 3835 qui
2583 3779 2690 3819 nec
2736 3764 2971 3835 genitus
3019 3768 3172 3819 esset
3216 3779 3322 3818 nec
3369 3762 3689 3834 genuisset,

2047 3870 2251 3910 omnes
2280 3854 2336 3908 id
2373 3852 2671 3908 oraculum
2700 3869 2767 3908 eo
2798 3853 3144 3921 retulerunt,
3176 3852 3329 3923 quod
3355 3851 3456 3906 illa
3492 3852 3686 3923 cpinio

2046 3942 2342 3999 averitate
2368 3941 2727 3997 alienissima
2786 3957 3064 4015 germana
3119 3945 3177 3997 et
3234 3940 3492 4014 pessima
3536 3947 3692 3998 esset

2044 4047 2296 4087 insania.

271 4120 337 4175 τὸ
370 4118 727 4195 χρυσομανὶς
766 4118 1025 4194 ἀνέφερον
1047 4118 1110 4173 τὸ
1140 4112 1553 4196 προφοίϐάσμα,
1588 4119 1642 4173 οἱ
1673 4114 1717 4173 δ’
1752 4116 1806 4183 ἐς
1834 4117 1979 4175 ἄλλο
2010 4139 2065 4174 τι
2097 4118 2356 4193 σαρκικὸν
2386 4115 2679 4191 ἐλάττωμα
2708 4116 3133 4193 ᾐχμαλώτιζον.
3166 4121 3277 4175 Τοῦ
3308 4114 3365 4172 δὲ
3392 4122 3687 4196 προσεχῶς

268 4206 576 4282 εἰρημένου
611 4204 890 4284 δόγματος
920 4206 1254 4276 κινηθέντος,
1286 4206 1375 4261 καὶ
1408 4201 1741 4283 παραϐόλως
1771 4205 2122 4281 ἐνισταμένου
2150 4208 2216 4262 τὰ
2274 4211 2464 4279 πρῶτα
2520 4212 2617 4262 τοῦ
2655 4205 2925 4283 βασιλέως
2952 4205 3137 4279 ἀληθῆ
3171 4205 3410 4277 δοξάζειν
3444 4205 3572 4263 Θεὸν
3589 4208 3683 4263 τὸν

267 4298 420 4371 παρὰ
448 4302 534 4370 τῷ
568 4299 817 4369 Μωάμετ
846 4295 1152 4372 ὁλόσφυρον
1179 4295 1270 4352 καὶ
1295 4296 1373 4368 μὴ
1399 4294 1796 4371 γεγεννημένον
1824 4298 1861 4368 ἢ
1892 4299 2221 4373 γεννήσαντα
2251 4299 2403 4366 θεὸν,
2434 4298 2602 4372 πέρας
2653 4294 2934 4376 εἰληφέναι
2963 4297 3154 4360 πάντες
3182 4297 3282 4367 τήν
3328 4298 3685 4372 προθέσπισιν

268 4386 535 4461 ἔφασκον,
563 4384 681 4442 ἐπεὶ
706 4385 797 4441 καὶ
824 4385 1010 4458 μανίαν
1041 4385 1284 4460 ἀτεχνῶς
1313 4386 1479 4459 ὀρθήν
1507 4406 1565 4441 τε
1594 4385 1683 4440 καὶ
1742 4387 2027 4462 χειρίστην
2076 4389 2180 4458 τὴν
2235 4384 2389 4457 δόξαν
2441 4389 2576 4441 εἶναι
2627 4386 2853 4458 ταυτηνὶ
2910 4387 2984 4450 ὡς
3037 4394 3138 4458 τῆς
3191 4386 3449 4459 ἀληθείας
3486 4380 3682 4442 ἐπίπαν

267 4479 580 4542 ἀντίθετον.

352 4568 680 4640 Κατήρξατο
714 4566 810 4637 μὲν
845 4566 939 4620 οὗν
976 4569 1057 4637 τῷ
1120 4563 1337 4640 βασιλεῖ
1361 4563 1430 4620 τὰ
1482 4567 1580 4629 τῆς
1631 4566 1794 4620 νόσου
1824 4566 1931 4640 πρὸ

2110 4568 2429 4639 Imperator
2455 4571 2649 4624 autem
2705 4571 2893 4637 nocte,
2954 4585 3155 4626 mense
3211 4568 3439 4637 Martio,
3482 4569 3686 4627 morbo

266 4660 372 4712 τοῦ
412 4654 667 4728 Μαρτίου
702 4653 895 4728 μηνὸς,
941 4660 1045 4724 τῆς
1096 4652 1450 4728 ἐνισταμένης
1512 4653 1636 4710 τότε
1696 4655 1763 4729 ιγ’
1794 4651 1929 4709 ἷνδι-

262 4749 531 4815 κτιῶνος,
609 4744 701 4798 ὅτε
770 4742 861 4797 καὶ
924 4742 992 4797 τὰ
1056 4742 1180 4817 περὶ
1255 4746 1352 4797 τοῦ
1405 4739 1682 4819 δόγματος
1738 4742 1928 4798 ἐπεκύ-

265 4855 455 4909 μαινε,
490 4832 597 4891 Καὶ
629 4831 764 4887 αὖτά
807 4831 899 4903 μὲν
932 4826 1236 4911 ἀφύϐρισαν
1289 4831 1414 4906 περί
1468 4853 1580 4887 που
1649 4839 1795 4905 μῆνα
1834 4832 1926 4886 τὸν

264 4925 486 4992 Μάῖον,
562 4921 591 4976 6
651 4917 698 4974 δ’
745 4919 1100 4997 αὐτοκράτωρ
1158 4918 1471 4985 ἐπιστάντος
1524 4925 1622 4976 τοῦ
1680 4928 1929 4994 Σεπτεμ-

268 5008 437 5087 ϐρίου
471 5011 538 5066 τὸ
594 5012 691 5084 ζῇν
743 5007 1112 5085 έξεμέτρησεν.
1172 5007 1339 5067 Οὐδὲν
1382 5006 1428 5064 δ’
1493 5003 1572 5066 ἔτι
1629 5008 1926 5066 κάλλιστον

267 5101 400 5176 περὶ
440 5108 546 5170 τῆς
608 5097 890 5175 βασιλείας
941 5096 1226 5172 διῴκησεν,
1278 5097 1423 5155 ἂλλᾶ
1472 5100 1801 5175 νωθέστερον
1860 5101 1925 5170 ἦν

268 5191 619 5266 διακείμενος
685 5188 822 5263 πρὸς
887 5190 988 5259 τὴν
1036 5196 1146 5244 τῶν
1229 5190 1365 5264 μετᾶ
1444 5190 1542 5258 τὴν
1608 5188 1925 5265 μετάστασιν

266 5283 443 5339 αὐτοῦ
499 5277 883 5356 γενησομένων
941 5276 1200 5353 διαταγῆν
1254 5299 1312 5335 τε
1392 5278 1485 5334 καὶ
1560 5278 1925 5335 ὑποτύπωσιν.

269 5375 350 5432 T6
391 5369 441 5427 δ’
499 5367 699 5425 αἴτιον·
760 5366 823 5423 οὐ
880 5365 1210 5445 παρεδὲχετο
1271 5369 1519 5424 ὁπωσοῦν
1577 5369 1650 5430 ὡς
1703 5367 1927 5443 ἤγγικεν

264 5462 466 5534 ἐκείνῳ
520 5459 581 5515 τὸ
637 5454 913 5528 τελευτᾷν,
973 5454 1101 5513 ἄλλ’
1158 5458 1214 5513 εὗ
1271 5454 1468 5517 εἰδέναι
1530 5455 1811 5513 διετείνετο
1856 5457 1931 5521 ὡς

2037 4662 2359 4726 correptus,
2386 4657 2706 4713 indictione
2738 4658 2957 4713 decima
2989 4660 3215 4731 quinta,
3248 4675 3360 4729 quo
3420 4663 3684 4731 tempore

2037 4746 2252 4817 dogma
2279 4745 2425 4802 illud
2457 4746 2516 4803 in
2550 4747 2930 4816 quaestionem
2970 4754 3241 4804 vocatum
3274 4754 3363 4805 est
3391 4752 3450 4804 et
3481 4764 3682 4805 mense

2036 4833 2190 4890 Maio
2220 4836 2456 4891 demum
2485 4836 2768 4909 sopitum,
2804 4852 3004 4894 mense
3024 4837 3348 4909 Septembri
3377 4836 3541 4905 obiit,
3575 4852 3678 4892 nec

2037 4924 2109 4979 de
2138 4924 2385 4997 imperio
2442 4926 2764 4998 quidquam
2823 4927 3082 4998 praeclari
3140 4927 3445 4995 ordinavit,
3498 4926 3558 4979 in
3606 4924 3679 4979 iis

2037 5029 2166 5086 qua:
2196 5024 2325 5085 post
2355 5031 2528 5071 suum
2550 5016 2776 5072 obitum
2800 5016 3067 5073 facienda
3086 5019 3300 5083 essent,
3329 5012 3680 5069 mandandis

2037 5108 2096 5160 et
2123 5104 2571 5175 praescribendis
2602 5104 2851 5172 segnior.
2888 5105 2949 5159 In
3010 5121 3186 5159 causa
3246 5103 3354 5157 fuit
3393 5102 3547 5172 quod
3580 5115 3678 5155 ne-

2039 5209 2334 5265 quaquam
2367 5193 2640 5249 credebat
2668 5194 2887 5247 instare
2926 5192 3037 5248 sibi
3087 5195 3354 5260 mortem,
3397 5191 3496 5245 sed
3530 5190 3679 5246 scire

2039 5298 2102 5338 se
2132 5282 2465 5337 affirmabat
2491 5298 2586 5336 xxv
2607 5282 2733 5334 vita:
2766 5296 2949 5334 annos
2980 5278 3173 5334 adhuc
3222 5281 3460 5335 restare.
3496 5280 3680 5353 idque

2040 5370 2111 5426 ad
2144 5370 2340 5440 ipsum
2375 5368 2762 5439 patriarcbam
2794 5367 3184 5422 Theodosium
3245 5367 3412 5439 dixit,
3472 5385 3504 5423 a
3563 5386 3679 5443 quo

2042 5459 2390 5514 monebatur
2410 5462 2474 5514 ut
2512 5475 2615 5530 pro
2638 5464 2879 5529 paterna
2909 5456 3122 5528 pietate
3181 5457 3262 5514 rei
3302 5459 3546 5530 publicas
3577 5477 3679 5518 cu-

1652 5604 1818 5667 Hier.
1866 5602 2079 5667 Wolﬁi
2122 5608 2311 5663 notae.

341 5738 429 5808 (6)
459 5731 624 5790 Alter
651 5729 839 5788 codex
865 5728 942 5788 de
971 5729 1387 5805 compatliatu,
1415 5735 1484 5788 ut
1510 5734 1744 5804 vocant,
1777 5728 1926 5787 alter
1955 5729 2027 5786 de
2057 5726 2575 5787 administratione
2606 5728 2981 5803 baptismatis
3012 5731 3172 5805 loqui
3209 5734 3459 5796 videtur.
