4066 6214
409 378 519 439 171

1744 366 2068 429 ΝΙΟΕΤιΕ
2108 366 2529 429 CHONIATM

3699 368 3815 433 572

408 527 534 574 ram
563 507 811 580 integris
840 504 1032 561 adhuc
1063 501 1337 560 sensibus
1368 505 1593 559 mature
1633 499 1977 573 susciperet,
2006 505 2064 556 et

2176 497 2410 554 ἐνιαυτοὶ
2471 502 2619 567 ζωῆς
2670 498 2761 552 xui
2812 494 2989 573 ἓτεροι
3030 494 3412 573 δεκατέσσαρες
3441 495 3583 571 αὐτῷ
3639 498 3820 556 ἐπιδα-

410 604 740 658 curatorem
795 594 1019 651 tidelem
1089 592 1195 647 ﬁlii
1276 591 1654 662 successoris,
1734 588 2052 663 impuberis

410 689 627 755 adhuc,
660 690 718 741 et
747 682 1134 753 imperatricis
1191 685 1495 750 quaereret.
1554 680 1666 737 Sed
1724 680 2061 752 pestilentes

415 778 762 848 impostores
795 770 1074 843 astrologi
1131 770 1542 842 imperatorem
1603 769 1774 841 paulo
1831 774 1964 841 post
1993 784 2061 824 ex

407 864 612 920 morbo
663 866 991 918 recreatum
1049 865 1391 917 vacaturum
1450 875 1580 915 esse
1639 858 1963 924 amoribus,
2003 862 2061 913 et

407 951 744 1010 barbaricas
805 950 954 1007 281
1019 948 1191 1005 urbes
1266 964 1634 1016 eversurum,
1687 947 2062 1019 impudenter

406 1041 788 1109 asserebant;
842 1044 900 1095 et
957 1039 1111 1110 quod
1176 1036 1573 1093 incredibilius
1624 1043 1730 1104 est,
1793 1036 2059 1093 homines

407 1133 688 1206 praecipiti
722 1130 921 1200 lingua
950 1134 1006 1184 et
1038 1127 1257 1183 assueti
1280 1126 1625 1195 mendaciis,
1661 1130 1887 1182 motum
1938 1125 2063 1181 uni-

410 1222 561 1277 versi
596 1219 755 1276 orbis
785 1223 842 1274 et
869 1218 1256 1274 maximorum
1312 1216 1572 1273 siderum
1629 1232 1976 1288 congressus
2005 1219 2062 1272 et

413 1325 740 1367 concursus
772 1312 1194 1377 ventorumque
1222 1304 1509 1376 procellas
1533 1305 1799 1378 ingentes
1841 1308 1898 1360 et
1927 1304 2058 1360 uni-

410 1399 708 1457 versitatis
751 1414 944 1454 rerum
1000 1412 1146 1468 pene
1205 1397 1586 1451 mutationem
1644 1394 2060 1467 praedicebant,

413 1487 862 1562 engastrimythi
898 1486 1092 1559 potius
1123 1501 1299 1556 quam
1360 1484 1657 1556 astrologi.
1691 1485 1889 1555 Neque
1928 1500 2060 1540 vero

417 1595 605 1635 annos
636 1579 915 1632 duntaxat
944 1579 1001 1630 et
1033 1590 1263 1630 menses
1293 1578 1350 1628 et
1402 1574 1800 1630 hebdomadas
1858 1589 2063 1629 nume-

420 1668 652 1735 rabant,
686 1666 784 1721 sed
835 1664 958 1719 dies
989 1664 1165 1719 etiam
1190 1668 1249 1718 et
1268 1662 1426 1717 horre
1453 1668 1735 1735 punctum
1760 1663 2065 1731 designare

422 1772 537 1812 non
576 1753 943 1822 verebantur,
967 1770 1091 1824 quae
1115 1768 1229 1808 suae
1253 1752 1520 1824 potestati
1545 1753 1856 1808 reservavit
1877 1751 2066 1822 Pater,

2173 587 2513 661 ψιλεύονται.
2550 585 2654 643 Καὶ
2685 589 2848 643 τοῦτο
2880 587 3015 658 πρὸς
3072 587 3236 642 αὐτὸν
3296 585 3482 661 εἴρηκε
3523 589 3616 644 τὸν
3662 591 3818 670 σορὸν

2173 676 2265 731 καὶ
2321 673 2666 751 τρισμάκαρα
2720 677 3069 750 πατριάρχην
3120 676 3210 730 τὸν
3276 673 3582 748 Θεοδόσιον,
3638 678 3822 734 ὑποτι-

2177 764 2402 839 θέμενον
2449 768 2727 839 πατρικῶς
2776 763 3035 843 φροντίδα
3090 769 3198 820 τῶν
3253 771 3353 835 τῆς
3398 763 3684 840 βασιλείας
3742 766 3822 823 θέ-

2177 857 2298 910 σθαι
2356 856 2718 932 πραγμάτων,
2767 853 2873 918 ἓως
2920 854 3000 909 ’ἐτι
3065 855 3253 928 καιρὸς
3310 855 3544 928 κάκείνῳ
3601 854 3824 931 ἔρῥωται

2170 945 2233 1000 τὸ
2293 951 2534 1023 φρονεῖν,
2592 948 2682 1000 xui
2750 942 2977 1023 διφῆσαι
3032 945 3125 1001 τὸν
3183 946 3537 1019 ἄνθεξόμενον
3596 943 3828 1020 ἀκριϐῶς

2167 1040 2265 1092 τοῦ
2298 1037 2398 1106 τῆς
2430 1037 2611 1114 ἀρχῆς
2650 1034 3006 1111 κληρονόμου
3071 1034 3265 1098 παιδὸς
3325 1033 3478 1091 οὔπω
3534 1039 3825 1115 παραγγεί·

2172 1125 2368 1188 λαντος
2427 1126 2503 1189 είς
2562 1121 2731 1197 ἥϐην,
2789 1127 2880 1181 xui
2938 1130 3145 1188 πιστῶς
3211 1128 3668 1200 προστησόμενον
3730 1135 3825 1197 τῆς

2175 1213 2461 1292 βασιλίδος
2484 1216 2574 1270 καὶ
2616 1217 2735 1270 οἷον
2807 1217 3326 1291 μητροκομήσοντα.
3387 1217 3453 1273 Οἱ
3516 1214 3577 1272 δὲ
3635 1238 3827 1272 παντο-

2171 1304 2408 1377 δήλητοι
2466 1303 2856 1380 ἂστροφένακες
2924 1304 3015 1359 καὶ
3070 1306 3192 1379 περὶ
3254 1304 3509 1380 ἐρωτικὰ,
3556 1308 3682 1362 κατ’
3735 1308 3829 1361 αὗ-

2168 1394 2297 1455 τοῦς
2341 1393 2535 1464 εἰπεῖν,
2557 1394 2647 1450 τὸν
2678 1394 2908 1469 βασιλέα
2934 1392 3230 1469 σχολάσειν
3261 1394 3595 1468 ἀπετόλμων
3661 1394 3825 1471 λέγειν

2172 1483 2562 1564 ἀνασφήλαντα
2618 1491 2718 1554 τῆς
2777 1484 2935 1539 νόσου
2999 1484 3134 1558 μετὰ
3206 1486 3412 1560 βραχὺ,
3466 1483 3561 1539 καὶ
3621 1484 3829 1541 πόλεων

2173 1572 2507 1638 ἀλλοφύλων
2558 1573 2634 1633 εἰς
2678 1573 2849 1651 χώμα
2891 1572 3278 1646 τεθησομένων
3310 1575 3658 1649 καθαιρέσεις
3690 1574 3831 1645 ἀπή-

2171 1660 2505 1719 ναιδεύοντο.
2536 1663 2609 1719 Τὸ
2640 1658 2696 1717 δὲ
2736 1659 2804 1732 δὴ
2854 1660 3343 1739 παραλογώτερον,
3401 1663 3710 1739 πρόγειροι
3736 1666 3829 1733 τήν

2171 1750 2418 1826 γλῶτταν
2452 1746 2601 1814 ὄντες
2652 1751 2743 1805 καὶ
2774 1755 2856 1823 τῷ
2914 1749 3098 1825 ψεύδει
3159 1751 3514 1825 ἐνειθισμένοι
3580 1753 3678 1807 xui
3710 1773 3832 1829 συγ-

423 1852 476 1902 et
497 1845 760 1899 Servator
785 1841 1108 1915 discipulos
1137 1858 1276 1898 suos
1298 1846 1707 1914 percontantes
1739 1841 2065 1915 castigavit.

2176 1840 2387 1911 κίνησιν
2442 1837 2752 1916 προῦλεγον
2808 1843 2906 1895 τοῦ
2982 1841 3179 1902 παντὸς
3258 1838 3575 1916 συνδρομάς
3632 1863 3693 1897 τε
3745 1843 3830 1897 xui

421 1932 671 1989 Proinde
701 1947 815 1987 non
867 1930 993 2002 ipse
1051 1930 1218 1986 modo
1278 1929 1595 2002 imperator
1651 1929 1961 2003 speluncas
2013 1935 2068 1987 et

2176 1927 2430 1992 συνόδους
2487 1934 2595 1985 τῶν
2647 1927 2914 2004 μεγίστων
2976 1928 3212 2003 ἀστέρων
3264 1930 3363 1985 καὶ
3417 1930 3642 2005 ἀνέμων
3698 1930 3831 2001 ἐξαι-

422 2028 652 2077 meatus
707 2019 1115 2076 subterraneos
1167 2023 1370 2075 contra
1419 2023 1723 2076 ventorum
1785 2020 2067 2093 impetum

419 2110 756 2181 inquirebat
783 2113 839 2164 et
894 2109 965 2164 ad
1013 2108 1398 2164 habitandum
1459 2109 1845 2181 praeparabat,
1870 2117 1924 2165 et
1964 2128 2067 2181 pa-

414 2200 691 2256 latiorum
721 2198 955 2271 fastigia
980 2197 1468 2265 demoliebantur,
1503 2203 1565 2254 ut
1609 2198 1805 2255 minus
1844 2200 2069 2271 impetu

410 2293 710 2344 ventorum
733 2287 1111 2356 laederentur;
1140 2288 1240 2342 sed
1273 2291 1332 2343 et
1361 2286 1619 2343 ministri
1650 2293 1706 2343 et
1752 2289 1983 2361 cognati
2013 2293 2072 2346 et

416 2378 749 2435 adulatores
781 2378 1140 2447 ejusiisdcm
1165 2377 1341 2433 rebus
1364 2376 1572 2433 intenti
1610 2377 1822 2448 partim
1854 2382 2068 2434 terram

419 2468 794 2524 formicarum
828 2467 1014 2523 instar
1034 2466 1410 2533 etfodiebant,
1441 2465 1646 2539 partim
1687 2470 1939 2523 tentoria
1966 2469 2069 2523 tri-

419 2556 650 2629 pliciter
674 2556 1036 2613 consuebint
1066 2560 1122 2612 et
1147 2563 1334 2611 vectes
1357 2554 1668 2624 cubitales,
1701 2572 1813 2626 quo
1873 2556 2071 2613 minus

417 2645 804 2703 tabernacula
861 2645 1012 2702 288
1071 2649 1541 2712 concuterentur,
1598 2644 1906 2701 acuebant.
1960 2646 2072 2702 Sed

422 2736 650 2803 morbo,
687 2738 750 2791 ut
806 2735 948 2803 dixi,
1006 2735 1465 2807 ingravescente,
1519 2733 1727 2791 balneo
1789 2751 1936 2792 usus
1974 2752 2073 2791 co-

418 2825 621 2900 gnovit
651 2841 816 2897 spem
849 2824 974 2881 vitae
1007 2840 1350 2881 evanescere
1380 2829 1435 2880 et
1493 2823 1811 2881 terminum
1853 2825 2075 2883 instare

406 2913 806 2971 inevitabilem
847 2935 862 2982 ;
899 2930 965 2970 ac
1005 2929 1193 2986 pauca
1221 2930 1355 2969 cum
1387 2912 1719 2969 astantibus
1752 2914 1822 2970 de
1877 2912 2073 2971 Alexio

411 3004 532 3061 lilio
563 3003 827 3073 locutus,
862 3002 1130 3061 oratione
1187 3003 1458 3075 suspiiiis
1516 3002 1885 3075 interpolata,
1939 3005 2078 3074 quia

414 3094 774 3167 praevidebat
803 3109 931 3165 qum
956 3096 1088 3165 post
1108 3107 1280 3149 suum
1306 3092 1533 3148 obitum
1567 3096 1950 3165 tempestates
1972 3095 2079 3150 im-

416 3183 762 3255 penderent,
795 3181 1136 3254 patriarchae
1170 3181 1392 3237 monitu
1425 3180 1584 3237 brevi
1643 3182 1855 3237 chartae
1888 3182 1960 3238 de
1990 3201 2079 3240 as-

415 3271 667 3344 trologia
724 3271 1097 3344 subscripsit,
1157 3275 1385 3327 mutata
1461 3270 1712 3341 pristina
1763 3273 2068 3329 sententia-

414 3360 677 3434 Denique
708 3362 946 3417 admota
974 3362 1045 3416 ad
1077 3359 1349 3416 arteriam
1397 3376 1578 3417 manu
1625 3364 1682 3416 et
1732 3361 1906 3433 pulsu
1942 3378 2073 3434 per-

412 3454 660 3520 tentato,
695 3466 827 3506 cum
860 3450 978 3507 alto
1010 3449 1263 3521 suspirio
1298 3450 1491 3505 femur
1518 3451 1827 3522 percussit,
1859 3456 1915 3507 et
1945 3468 2072 3508 mo-

412 3540 706 3597 nasticam
737 3538 1003 3595 habitum
1040 3536 1380 3611 postulavit.
1441 3541 1565 3604 Quo
1617 3540 1772 3596 dicto
1816 3557 1973 3609 cum,
2008 3545 2073 3597 ut

414 3627 539 3683 ﬁeri
572 3626 738 3697 solet,
774 3624 1070 3683 tumultus
1127 3629 1283 3681 esset
1342 3629 1529 3693 ortus,
1585 3630 1643 3681 et
1699 3625 2068 3697 spiritualem

412 3721 638 3773 vestem
672 3714 839 3787 nigro
872 3730 1066 3786 panno
1096 3713 1292 3770 omnis
1322 3719 1563 3769 ornatus
1613 3718 1929 3785 expertem,
1960 3716 2068 3771 mi-

413 3804 585 3861 nistri
613 3804 811 3860 nescio
838 3803 938 3859 ubi
971 3802 1149 3871 nacti,
1185 3801 1464 3858 mollibus
1521 3807 1577 3858 et
1608 3802 1783 3875 regiis
1814 3804 2071 3861 vestibus

413 3893 716 3962 detractis,
754 3898 813 3949 et
871 3908 1073 3965 aspero
1133 3890 1232 3949 illo
1285 3891 1492 3947 divinis
1550 3892 1676 3947 vita:
1725 3892 2069 3950 indumento

416 3980 505 4037 illi
528 3981 858 4051 inducto,in
887 3980 1252 4054 spiritualem
1278 3996 1412 4036 eum
1438 3984 1782 4037 convertunt
1801 3982 2066 4050 militem,

418 4074 475 4129 et
492 4072 657 4145 galea
677 4070 1033 4143 thoraceque
1055 4069 1376 4142 insigniore
1398 4074 1671 4126 ornatum
1702 4071 1760 4125 in
1819 4068 2070 4127 caelestis

417 4160 792 4234 imperatoris
819 4160 1152 4232 catalogum
1186 4159 1549 4216 referunt.Ea
1573 4158 1826 4225 lacerna,
1854 4160 2070 4233 quippe

414 4251 844 4321 hrevior,crura
866 4248 1084 4307 heroici
1119 4249 1279 4306 illius
1337 4249 1599 4323 corporis
1650 4266 1765 4306 non
1818 4251 2069 4323 tegebat,

418 4346 485 4397 ut
513 4357 684 4397 nemo
717 4340 818 4413 qui
852 4340 910 4397 id
943 4340 1221 4397 cernebat
1267 4356 1302 4396 a
1361 4340 1638 4412 lacrymis
1691 4339 1803 4395 sibi
1848 4346 2070 4411 tempe-

413 4431 869 4487 raret.humanm
900 4428 1318 4486 imbecillitatis
1350 4427 1702 4502 cogitatione
1744 4433 1800 4486 et
1848 4427 2066 4485 vilitate

416 4518 680 4588 corporis
713 4518 773 4572 in
834 4522 1037 4589 morte,
1100 4535 1215 4589 quo
1273 4518 1508 4575 animus
1568 4522 1849 4591 tanquam
1908 4521 2068 4575 testa:

2173 2018 2304 2075 σίων
2363 2018 2624 2093 ἐκρήξεις,
2684 2018 2775 2073 xui
2842 2016 3039 2094 σχεδὸν
3119 2022 3218 2074 τοῦ
3275 2020 3474 2083 παντὸς
3542 2042 3836 2094 μεταστοι-

2171 2109 2398 2184 χείωσιν
2492 2102 2896 2186 προεφοίόαζον
2933 2150 2948 2180 ,
3033 2107 3459 2185 ἐγγαστρίμυθοι
3539 2109 3721 2165 πλέον
3800 2112 3834 2181 ἢ

2172 2197 2565 2271 ἀστεροσκόποι
2600 2193 2960 2270 δεικνύμενοι.
2995 2197 3073 2255 Οὐ
3113 2198 3350 2275 χρόνους
3406 2195 3462 2252 δέ
3509 2200 3682 2270 μόνον
3746 2199 3839 2254 καὶ

2179 2293 2352 2361 μῆνας
2410 2284 2686 2361 ἠρίθμουν
2743 2286 2835 2340 xui
2895 2281 3204 2359 ἑϐδομάδας
3262 2285 3579 2364 κατέλεγον,
3623 2288 3706 2367 ἐφ’
3757 2289 3838 2344 ὧν

2175 2373 2340 2432 ταῦτα
2370 2378 2679 2450 γενήσεται,
2737 2375 2826 2430 καὶ
2885 2373 3107 2451 βασιλεῖ
3159 2373 3535 2450 διεσήμαινον,
3570 2375 3723 2433 ἆλλᾶ
3753 2378 3841 2433 καὶ

2173 2464 2383 2538 ἡμέρας
2411 2457 2821 2539 ἠκριϐολόγουν
2854 2462 2943 2517 καὶ
2988 2463 3052 2518 τὸ
3071 2470 3176 2533 τῆς
3206 2461 3352 2538 ὥρας
3385 2463 3675 2538 ἀκαριαῖον
3707 2460 3844 2520 ἐδω-

2182 2551 2487 2627 μολόχουν,
2519 2552 2596 2616 ὡς
2654 2550 2804 2627 εἴπερ
2856 2558 3041 2627 σαφῶς
3073 2548 3272 2627 ᾔδεσαν
3304 2554 3439 2629 ’άπερ
3494 2552 3548 2608 ἐν
3607 2557 3679 2629 τῇ
3735 2552 3843 2627 ἰδίᾳ

2178 2640 2389 2713 ἐξουσίᾳ
2417 2635 2563 2696 ἔθετο
2605 2641 2633 2696 6
2666 2642 2874 2716 Πατὴρ,
2934 2641 3025 2696 xui
3081 2642 3209 2717 περὶ
3267 2643 3340 2697 ὧν
3411 2641 3652 2715 ἐπετίμα
3715 2665 3841 2698 πυν-

2180 2730 2509 2804 θανομένους
2537 2736 2655 2794 τοῖς
2687 2733 2955 2803 μαθηταῖς
3010 2732 3039 2786 ὁ
3108 2734 3329 2806 Σωτήρ.
3380 2731 3617 2804 Ἀμέλει
3647 2753 3733 2788 τοι
3779 2733 3840 2788 οὗ

2185 2820 2350 2894 μόνον
2410 2820 2571 2882 αὐτὸς
2653 2821 2681 2873 6
2780 2819 3035 2896 βασιλεὺς
3103 2819 3350 2891 σπήλαια
3423 2821 3515 2875 καὶ
3607 2819 3842 2877 καταδῦ-

2183 2930 2295 2972 σεις
2387 2908 2753 2982 ἀλεξηνέμους
2839 2907 3159 2984 διηρευνᾶτο
3247 2910 3338 2965 καὶ
3423 2913 3837 2985 προητοίμαζεν

2184 2998 2263 3061 εἷς
2305 2996 2595 3071 ἐνοίκησιν,
2632 3000 2721 3054 xui
2780 2999 2832 3053 oi
2861 3005 2971 3054 τῶν
3033 3001 3331 3075 βασιλικῶν
3370 2997 3683 3056 οίκοπέδων
3715 3012 3837 3065 καθ·

2183 3093 2416 3165 ¹ςλροῦντο
2473 3089 2648 3160 θελοι,
2700 3090 2774 3151 ὡς
2832 3090 2935 3145 εἶεν
2994 3089 3222 3154 ἀπαθεῖς
3275 3096 3397 3153 ταῖς
3453 3095 3567 3146 τῶν
3627 3090 3833 3165 ἀνέμων

2186 3178 2741 3253 ἐκθησαυριζομέναις
2769 3186 2982 3249 πνοαῖς,
3017 3178 3164 3236 ἄλλᾶ
3191 3180 3281 3235 καὶ
3323 3182 3523 3235 ὁπόσοι
3585 3186 3658 3257 τῇ
3690 3186 3839 3257 θερα-

2185 3268 2311 3339 πείᾳ
2372 3268 2570 3323 τούτου
2638 3269 2725 3323 καὶ
2810 3269 3092 3346 συγγενείᾳ
3177 3268 3565 3347 ἐνεγραφοντο,
3633 3272 3725 3326 xui
3790 3272 3839 3325 oi

2177 3355 2485 3419 κολακικῶς
2516 3356 2675 3411 αὐτὸν
2707 3357 3137 3436 ὑπεισήρχοντο,
3166 3362 3283 3421 τοῖς
3329 3359 3517 3413 αὐτοῖς
3553 3358 3837 3435 ἐπιμελῶς

2177 3446 2461 3515 ἐνέκειντο,
2503 3447 2580 3509 ὡς
2625 3446 2754 3501 τοὺς
2811 3448 2907 3520 μὲν
2961 3453 3263 3523 γεωρυχεῖν
3318 3449 3455 3503 κατὰ
3513 3451 3837 3526 μύρμηκας,

2173 3537 2301 3599 τοὺς
2335 3533 2392 3590 δὲ
2423 3536 2818 3615 σκψορῥαφεῖν
2877 3536 2972 3591 xui
3029 3538 3251 3611 σχοινία
3302 3535 3572 3613 περιδέειν
3630 3538 3840 3614 ἔντριτα

2174 3631 2264 3682 καὶ
2298 3624 2609 3688 πασσάλους
2663 3624 2937 3696 ἀποξύνειν
2996 3626 3307 3701 πηχυαίους
3359 3627 3436 3690 εἷς
3505 3627 3838 3703 ἀσφάδαντον

2175 3710 2400 3792 ἔρεισμα
2428 3720 2537 3771 τῶν
2570 3721 2806 3787 σκηνῶν.
2841 3714 2997 3773 Ἀλλ’
3054 3715 3187 3791 ὅπερ
3256 3714 3465 3792 ἔλεγον,
3518 3715 3716 3788 ἐπειδὴ
3773 3719 3838 3772 τὰ

2174 3815 2273 3877 τῆς
2302 3806 2467 3861 νόσου
2496 3812 2576 3879 τῷ
2611 3805 2829 3882 βασιλεῖ
2857 3805 3115 3875 ἐπέτεινε,
3164 3804 3500 3882 παραϐόλως
3564 3808 3834 3885 βαλανείῳ

2172 3894 2469 3972 ἐχρήσατο,
2546 3896 2635 3950 καὶ
2704 3895 2866 3972 γνοὺς
2916 3894 2995 3951 ἔτι
3060 3894 3232 3952 πλέον
3282 3896 3516 3963 ἐντεῦθεν
3587 3901 3688 3961 τὰς
3741 3902 3837 3953 τοῦ

2175 3989 2272 4059 ζῇν
2333 3984 2771 4062 ἀπαλειφομένας
2828 3982 3054 4047 ἐλπίδας
3148 3985 3238 4040 καὶ
3298 3987 3418 4041 οῖον
3473 3989 3596 4041 καθ’
3657 3988 3833 4062 ὑγρῶν

2170 4074 2516 4146 τυπουμένας
2596 4074 2688 4128 καὶ
2797 4075 2899 4144 τὴν
2983 4075 3315 4150 προθεσμίαν
3400 4075 3836 4148 ἀνυπεξάλυκτον

2172 4162 2476 4242 ἐφεστῶσαν
2560 4163 2724 4232 ὀλίγα
2797 4166 2917 4239 περῖ
2988 4170 3086 4221 τοῦ
3157 4164 3354 4229 παιδὸς
3411 4167 3667 4239 Ἀλεξίου
3725 4172 3843 4230 τοῖς

2171 4256 2493 4328 περιεστῶσι
2553 4250 2872 4326 διείλεκται,
2904 4255 3133 4329 κεράσας
3182 4253 3455 4331 οἰμωγαῖς
3486 4257 3557 4311 τὰ
3620 4257 3842 4334 ῥήματά

2171 4344 2231 4401 ἐκ
2330 4349 2429 4400 τοῦ
2533 4350 2777 4420 προορᾷν
2884 4346 3000 4402 οἷον
3091 4349 3156 4402 τὰ
3234 4349 3368 4421 μετὰ
3449 4350 3551 4418 τήν
3633 4348 3841 4406 ἐκείνου

2174 4428 2573 4507 συμϐησόμενα
2611 4428 2820 4503 ἔξοδον.
2864 4433 3045 4492 Ἀλλᾶ
3101 4436 3191 4491 καὶ
3254 4436 3377 4511 περὶ
3433 4444 3535 4506 τῆς
3581 4437 3843 4515 ἀστρονο-

2177 4522 2305 4597 μίας
2352 4523 2607 4596 ὑποθήκῃ
2634 4525 2732 4577 τοῦ
2771 4521 3120 4602 πατριάρχου
3179 4526 3389 4600 βραχύν
3440 4546 3567 4581 τινα
3621 4528 3840 4605 χάρτην

414 4605 568 4663 289
602 4606 866 4662 inclusus
896 4605 1191 4663 coalescit.
1224 4607 1320 4663 Sic
1376 4607 1559 4679 igitur
1589 4615 1643 4664 et
1673 4609 1793 4664 vita
1850 4615 1902 4664 et
1961 4609 2068 4664 im-

2187 4613 2598 4686 ὑπεσημήνατο,
2656 4612 2794 4685 πρὸς
2846 4613 2947 4681 τήν
3007 4600 3245 4669 ἐναντίαν
3334 4613 3490 4686 δόξαν
3552 4600 3838 4690 μεθαρμο-

417 4695 579 4768 perio
598 4694 773 4763 cedit,
802 4696 958 4766 quod
991 4711 1177 4751 annos
1224 4695 1468 4767 triginta
1523 4700 1653 4752 octo
1713 4698 2076 4769 gubernavit:

420 4784 612 4842 tribus
638 4785 943 4841 mensibus
974 4785 1343 4857 demptis.Ad
1370 4786 1526 4857 quod
1557 4786 1785 4859 imperii
1820 4790 2075 4859 spatium

417 4873 891 4932 vetustissimum
924 4873 1070 4930 illud
1123 4874 1418 4931 oraculum
1480 4874 1740 4932 alludere
1797 4877 2074 4935 videtur:

424 4988 445 5018 ι
483 4967 586 5023 Tui
625 4965 941 5039 prehendet
975 4969 1030 5021 te
1061 4968 1358 5037 postrema
1414 4964 1692 5021 nominis.
1723 4984 1748 5012 »
1799 4965 1945 5021 Nam
1977 4964 2075 5035 ηλ›

417 5062 717 5129 postrema
747 5053 969 5127 syllaba
999 5052 1256 5110 nominis
1291 5052 1602 5123 Manuelis,
1634 5053 1789 5124 apud
1848 5054 2076 5112 Graecos

418 5150 652 5202 tantum
685 5160 997 5201 numerum
1031 5141 1460 5215 complectitur.
1519 5140 1799 5213 Sepultus
1858 5147 1948 5197 est
2014 5144 2073 5200 in

419 5235 657 5306 obliquo
682 5234 860 5291 latere
883 5232 1224 5291 monasterii
1250 5231 1707 5299 Pantocratoris,
1730 5232 1901 5302 juxta
1932 5236 2075 5290 tem-

422 5323 502 5394 pli
527 5326 698 5391 fores,
732 5323 787 5379 in
823 5323 1038 5380 sacello
1068 5323 1369 5394 adjuncto,
1402 5337 1517 5393 qua
1547 5320 1751 5393 templi
1811 5337 1980 5378 muro
2011 5322 2072 5379 in

426 5412 705 5469 fornicem
732 5413 1103 5470 circumﬂexo
1125 5412 1283 5469 latus
1314 5412 1468 5468 circa
1510 5410 1804 5468 tumulum
1853 5411 2073 5488 ingres-

430 5513 530 5553 sus
553 5501 949 5573 distinguitur.
984 5501 1155 5575 Lapis
1177 5517 1307 5558 eum
1328 5502 1471 5573 tegit
1515 5500 1811 5575 nigricans
1851 5508 1905 5559 et
1936 5520 2072 5559 moe-

428 5587 587 5640 stum
613 5586 829 5659 aliquid
856 5606 970 5661 prze
1004 5607 1065 5646 se
1098 5593 1306 5656 terens,
1340 5593 1439 5662 qui
1462 5590 1521 5647 in
1565 5596 1785 5663 septem
1824 5594 2069 5650 vertices

430 5674 705 5748 assurgit.
721 5674 843 5733 Non
870 5678 1070 5749 procul
1100 5679 1234 5737 inde
1256 5679 1385 5738 basi
1433 5679 1750 5751 impositus
1797 5683 2068 5741 aduratur

2188 4700 2353 4765 σθείς.
2437 4699 2609 4763 Τέλος
2692 4698 2751 4755 δέ
2805 4701 2896 4756 xui
2946 4700 3104 4764 αὐτὸς
3158 4706 3227 4776 τῇ
3260 4704 3493 4780 ἀρτηρίᾳ
3534 4706 3835 4779 προσάγων

2184 4793 2283 4862 τήν
2319 4794 2481 4865 χεῖρα
2507 4790 2595 4845 xui
2627 4789 2725 4852 τὰς
2755 4792 2991 4862 κινήσεις
3019 4796 3121 4846 τοῦ
3151 4798 3402 4868 σφυγμοῦ
3439 4794 3834 4868 γνωματεόων,

2189 4877 2375 4953 βύθιόν
2427 4899 2480 4933 τι
2537 4878 2786 4951 στενάξας
2844 4879 2936 4933 xui
2969 4878 3180 4951 πλήξας
3208 4884 3278 4954 τῇ
3337 4882 3485 4957 χειρὶ
3513 4883 3601 4937 τὸν
3650 4882 3839 4959 μηρὸν

2183 4969 2245 5023 τὸ
2281 4966 2571 5042 μοναδικὸν
2606 4975 2802 5043 σχῆμα
2844 4966 3035 5044 ᾔτησε.
3091 4965 3336 5046 Θορύόου
3395 4970 3474 5042 δὲ,
3531 4973 3606 5035 ὡς
3667 4973 3841 5045 εἰκὸς,

2185 5056 2272 5113 ἐπὶ
2302 5062 2383 5130 τῷ
2425 5056 2631 5133 ῥήματι
2683 5058 2860 5131 τούτῳ
2897 5058 3177 5134 ἀρθέντος,
3233 5061 3323 5114 καί
3382 5067 3483 5131 τῆς
3538 5082 3843 5134 πνευματι-

2183 5145 2424 5220 κωτέρας
2468 5143 2786 5223 ἀμφιάσεως
2847 5145 3084 5225 ἐχούσης
3132 5148 3197 5202 τὸ
3254 5146 3650 5224 ἀπαράσκευον,
3712 5170 3843 5226 τρι-

2184 5229 2389 5289 ϐωνίου
2424 5233 2659 5309 μέλανος
2690 5236 2901 5309 οἱπερὶ
2959 5237 3052 5291 τὸν
3113 5236 3343 5311 βασιλέα
3392 5239 3610 5303 ὁθενοῦν
3663 5240 3841 5295 εὐπο-

2186 5326 2439 5400 ρήσαντες
2459 5322 2775 5400 περιδόουσι
2837 5325 2931 5398 μὲν
2991 5324 3147 5381 αὐτὸν
3206 5327 3274 5381 τὰ
3327 5325 3548 5399 μαλακὰ
3600 5328 3695 5383 καὶ
3745 5331 3844 5404 ἆρ-

2181 5413 2315 5488 χικὰ
2341 5411 2539 5493 ἄμφια,
2573 5410 2887 5469 ἐπενδύουσι
2920 5410 2978 5469 δέ
3006 5414 3068 5470 τὸ
3122 5414 3298 5491 τραχὺ
3353 5423 3455 5486 τῆς
3511 5418 3646 5473 κατᾶ
3707 5421 3839 5475 Θεὸν

2180 5501 2462 5565 πολιτείας
2516 5498 2738 5576 ἔνδυμα,
2799 5504 2876 5566 είς
2929 5502 3162 5575 ὁπλίτην
3219 5507 3613 5586 μετημειφότες
3677 5530 3841 5565 πνευ-

2182 5591 2408 5665 ματικὸν
2448 5593 2630 5667 κράνει
2661 5612 2719 5648 τε
2762 5592 3024 5669 θειοτέρῳ
3081 5594 3169 5650 xui
3229 5596 3435 5671 θώρακί
3494 5596 3831 5672 σεμνοτέρῳ,

2176 5684 2258 5757 τῷ
2279 5680 2514 5759 οὐρανίῳ
2542 5682 3071 5762 στρατολογήσαντες
3135 5685 3386 5761 ἡγεμόνι.
3446 5686 3525 5745 Τὸ
3573 5682 3630 5740 δὲ
3661 5686 3831 5765 ῥάκος
