4118 6200
288 376 392 438 313

1294 373 1404 436 DE
1449 341 1834 437 MANUELE
1879 372 2261 435 COMNENO
2306 375 2458 437 LIB.
2505 377 2636 438 vn.

3563 387 3681 446 574

300 509 366 582 μή
395 503 630 582 ποδῆρες
658 504 718 561 ὄν
752 506 892 581 μήτε
924 506 1032 579 μὴν
1060 503 1133 561 δι’
1161 505 1297 562 δ’λου
1346 510 1444 562 τοῦ
1482 507 1725 582 ἡρωϊκοῦ
1785 503 1916 561 ἐκεί-

2038 507 2189 581 lapis
2211 510 2541 583 purpureis,
2601 511 2706 567 viri
2764 513 3187 585 magnitudine,
3234 514 3333 587 qui
3382 519 3517 573 ante
3571 518 3683 574 fuit

285 619 370 653 νου
396 592 732 652 καταϐαῖνον
792 596 1048 669 σώματος
1090 596 1174 651 ε’ἰα
1230 598 1325 658 τὰς
1357 598 1570 668 κνήμας
1604 592 1924 673 ἀκαλυφεῖς,

295 688 359 749 ὡς
435 684 647 760 μηδένα
702 688 810 740 τῶν
870 684 1125 759 ὁρώντων
1184 685 1313 739 εἶναι
1365 682 1686 760 ἀδάκρυτον,
1742 682 1795 738 ἐν
1852 686 1926 754 νῷ

288 774 619 852 βαλλόμενον
676 775 779 843 τήν
822 774 1171 848 ἀνθρωπίνην
1232 771 1500 838 ἀσθένειαν
1576 774 1667 828 καὶ
1726 773 1825 841 τήν
1868 770 1920 826 έν

287 870 357 937 τῷ
376 865 633 934 τελευτᾷν
656 863 749 918 τὸν
784 864 906 938 βίον
946 868 1044 917 τοῦ
1095 864 1348 936 σώματος
1405 862 1761 938 ἀχρειότητα,
1794 860 1926 935 ὅπερ

288 956 410 1024 ἡμῖν
452 954 530 1015 ὡς
589 950 810 1026 ὄστρεον
860 950 1284 1027 περιπλάττεται
1351 952 1441 1007 καὶ
1500 952 1801 1027 συμφύεται
1856 954 1925 1024 τῇ

285 1049 449 1120 ψυχῇ.
528 1047 640 1102 Τοῦ
718 1043 840 1117 βίου
914 1048 1043 1118 γοῦν
1116 1044 1260 1099 οὕτω
1304 1043 1394 1099 καὶ
1469 1049 1568 1113 τῆς
1646 1040 1928 1118 βασιλείας

282 1138 613 1209 μεθίσταται,
646 1134 940 1207 τριάκοντα
995 1134 1085 1189 καὶ
1137 1133 1282 1188 ὀκτὼ
1360 1133 1590 1208 χρόνους
1687 1132 1929 1207 γεγονὼς

281 1229 327 1285 έν
356 1234 423 1305 τῇ
462 1228 739 1305 βασιλείᾳ,
781 1225 1083 1283 λειπόντων
1138 1232 1327 1301 μηνῶν
1401 1232 1589 1303 τριῶν.
1670 1228 1809 1303 Πρὸς
1860 1227 1927 1297 ἦν

280 1320 430 1391 οἶμαι
464 1316 766 1392 παράτασιν
795 1323 896 1386 τῆς
926 1316 1106 1392 ἀρχῆς
1136 1316 1226 1371 καὶ
1283 1317 1346 1372 τὸ
1383 1314 1714 1372 παλαίτατον
1756 1317 1924 1372 έκεῖνο

2036 598 2288 672 Ephesi;
2323 606 2379 656 et
2434 601 2485 657 is
2543 619 2671 658 esse
2724 603 2955 671 dicitur,
3008 603 3066 660 in
3118 621 3231 676 quo
3289 605 3555 663 Christus
3610 608 3682 665 de

2035 704 2208 745 cruce
2238 688 2510 747 sublatus
2542 696 2598 746 et
2630 692 2825 749 fasciis
2856 692 3152 749 involutus
3185 694 3456 750 conditus
3489 697 3679 755 fuerit.

2035 778 2180 833 Eum
2211 778 2466 850 lapidem
2500 781 2816 852 imperator
2868 782 3001 838 inde
3054 784 3357 839 advectum
3418 784 3685 841 humeris

2037 867 2403 940 suis,quippe
2428 869 2528 940 qui
2559 870 2819 926 divinum
2886 888 3097 943 corpus
3156 873 3472 944 ipsumque
3518 874 3684 929 Chri—

2036 962 2191 1013 stum
2227 963 2534 1030 gestasset,
2569 977 2597 1014 a
2632 965 2799 1031 portu
2850 960 3217 1017 Bucoleontis
3263 978 3451 1033 usque
3489 964 3558 1017 ad
3595 979 3679 1015 ae-

2036 1047 2166 1102 dem
2201 1050 2356 1105 290
2386 1065 2512 1118 quae
2565 1049 2623 1103 in
2682 1050 2828 1104 turri
2890 1050 3085 1122 palatii
3144 1055 3251 1119 est,
3286 1052 3541 1123 pertulit.
3573 1053 3677 1106 Sed

2036 1153 2149 1193 non
2185 1137 2363 1192 multo
2396 1142 2525 1209 post
2555 1137 2924 1208 imperatoris
2953 1138 3177 1194 obitum
3218 1154 3424 1193 saxum
3469 1138 3611 1194 illud
3651 1155 3679 1194 e

2036 1227 2252 1300 palatio
2309 1228 2379 1281 ad
2442 1226 2779 1298 sepulcrum
2836 1227 2993 1282 illius
3049 1233 3135 1283 est
3190 1229 3564 1293 translatum,
3618 1234 3680 1282 ut

2036 1316 2191 1372 clara
2223 1331 2359 1371 voce
2389 1315 2646 1371 defuncti
2680 1331 2771 1371 res
2803 1320 2992 1385 gestas
3025 1321 3082 1372 et
3112 1316 3431 1371 certamina
3462 1314 3680 1388 procla-

280 1408 472 1488 λόγιον
501 1410 727 1486 ἇφορᾷν,
771 1407 802 1462 ὅ
852 1405 1097 1478 διέξεισιν
1131 1406 1354 1463 οὗτωσί’
1416 1432 1442 1459 κ
1506 1406 1666 1463 Ἀλλ’
1722 1407 1919 1479 ὑστάτη
2037 1414 2174 1465 met.

284 1520 344 1554 σε
398 1495 646 1573 κερδανεῖ
719 1490 866 1564 λαϐὴ
944 1494 1135 1572 λόγουο
1168 1519 1198 1547 ››
1271 1498 1307 1566 ἡ
1385 1496 1488 1572 γὰρ
1546 1494 1833 1551 τελευταία
1905 1499 2001 1551 τοῦ
2060 1496 2332 1569 ὀνόματος
2376 1489 2629 1563 συλλαϐὴ
2677 1494 2768 1548 τὸν
2828 1493 2971 1548 ὀκτὼ
3027 1496 3118 1549 καὶ
3157 1494 3445 1571 τριάκοντα
3494 1491 3681 1565 διαση-

277 1587 522 1663 μαίνεται
554 1586 810 1660 ἂριθμόν.
837 1584 1115 1649 Τέθαπται
1145 1584 1242 1641 οὖν
1271 1586 1418 1660 παρὰ
1447 1583 1685 1660 πλάγιον
1760 1584 1998 1660 πλευρὰν
2069 1589 2147 1657 τῷ
2222 1585 2313 1639 τὸν
2360 1583 2492 1639 νεὼν
2593 1579 2811 1638 εἰσιόντι
2884 1590 2985 1652 τῆς
3056 1588 3154 1638 τοῦ
3230 1585 3677 1659 Παντοκράτορος

275 1684 475 1752 μονῆς,
520 1677 625 1731 οὐκ
654 1673 707 1729 ἐν
740 1674 889 1747 αὐτῷ
917 1678 996 1747 τῷ
1025 1673 1259 1747 τεμένει,
1288 1674 1416 1730 ἀλλ’
1446 1672 1497 1730 έν
1525 1680 1604 1747 τῷ
1630 1674 1753 1751 περὶ
1785 1680 1976 1731 τοῦτον
2004 1675 2197 1749 ἡρῴῳ.
2273 1678 2378 1729 Τοῦ
2454 1672 2511 1729 δὲ
2583 1674 2780 1749 τοίχου
2854 1678 2951 1729 τοῦ
3008 1675 3112 1729 νεὼ
3188 1674 3264 1736 εἷς
3338 1671 3505 1749 ἁψῖδα
3579 1695 3676 1729 πε-

277 1765 604 1841 ριαχθέντος
632 1766 667 1833 ἡ
700 1763 824 1838 περὶ
856 1764 951 1832 τήν
990 1764 1154 1839 σορὸν
1186 1765 1369 1839 εὐρεῖα
1401 1761 1778 1820 διαστέλλεται
1831 1762 2064 1827 εἳσοδος.
2099 1760 2324 1839 Συνέγει
2402 1760 2459 1819 δὲ
2529 1767 2721 1843 τοῦτον
2797 1762 2957 1828 λίθος
3029 1766 3129 1834 τὴν
3206 1763 3465 1837 μελανίαν
3545 1765 3676 1819 ὑπο-

271 1856 600 1929 κρινόμενος
650 1854 741 1908 καὶ
799 1850 889 1907 διὰ
926 1857 1090 1908 τοῦτο
1127 1853 1475 1928 στυγνάζοντι
1518 1852 1736 1921 ἐοικὼς,
1769 1852 1828 1915 ὅς
1880 1853 1969 1907 καὶ
2004 1851 2081 1916 εἰς
2126 1853 2262 1908 ἑπτὰ
2292 1849 2594 1931 διέσχισται
2627 1850 2844 1927 λοφιάς.
2923 1852 3253 1927 Παράκειται
3331 1851 3388 1908 δέ
3463 1854 3513 1908 οἱ
3590 1852 3679 1908 ἐπὶ

273 1942 549 2020 κρηπῖδος
618 1942 711 1998 καὶ
786 1942 1152 2018 προσκύνησιν
1227 1939 1446 2018 δέχεται
1485 1940 1641 2006 λίθος
1674 1940 1897 2017 ἐρυθρὸς
1926 1939 2305 2017 ἀνδρομήκης,
2383 1940 2441 1994 ὅν
2520 1940 2638 2015 εἶχε
2708 1942 2979 2016 πρότερον
3060 1942 3156 2015 μὲν
3233 1943 3261 1995 6
3302 1944 3420 1996 κατ’
3444 1945 3677 2020 Ἔφεσον

268 2036 374 2105 τήν
403 2032 735 2105 πόλινναὸς,
768 2031 974 2087 ἐκεῖνον
1008 2033 1145 2087 εἶναι
1198 2030 1663 2107 διαθρυλούμενον
1722 2031 1801 2110 ἐφ’
1851 2031 1912 2085 οὗ
1968 2030 2208 2106 Χριστὸς
2263 2030 2397 2104 μετὰ
2444 2031 2545 2097 τὴν
2602 2030 2707 2084 ἀπὸ
2766 2034 2998 2106 σταυροῦ
3055 2030 3363 2105 καθαίρεσιν
3422 2049 3678 2101 νεκροτα-

263 2124 415 2201 φίοις
442 2123 689 2194 εἱληθείς
724 2122 1173 2198 ἐσμυρνίσθη.’0
1231 2119 1288 2176 δὲ
1351 2119 1606 2198 βασιλεὺς
1667 2121 1824 2183 οὗτος
1900 2117 2231 2193 διακομίσας
2304 2117 2530 2188 ἐκεῖθεν,
2606 2118 2698 2173 καί
2775 2120 2827 2173 οἱ
2899 2119 2991 2173 τὸν
3068 2124 3240 2174 νῶτον
3318 2118 3674 2192 ὓποστρώσας

257 2213 331 2275 ὡς
364 2212 602 2285 ὁμόθεον
632 2218 795 2286 σῶμα
822 2212 913 2267 καὶ
942 2214 1168 2287 γεγονὸς
1200 2211 1335 2286 ὅπερ
1364 2212 1426 2266 τὸ
1478 2216 1673 2286 χρῖσαν
1721 2214 1796 2284 (7)
1858 2210 2205 2285 βαστάσαντι,
2237 2207 2297 2263 ἐκ
2359 2212 2457 2264 τοῦ
2499 2207 2638 2262 κατᾶ
2695 2208 2786 2263 τὸν
2819 2206 3189 2263 Βουκολέοντα
3218 2206 3443 2280 λιμένος
3474 2206 3550 2268 εἷς
3578 2206 3674 2261 τὸν

254 2301 307 2360 ἓν
340 2307 421 2376 τῷ
452 2302 614 2380 φάρῳ
643 2306 743 2358 τοῦ
777 2301 1023 2377 μεγάλου
1072 2300 1343 2356 παλατίου
1387 2301 1521 2356 νεὼν
1579 2305 1770 2357 τοῦτον
1826 2301 2085 2377 ἀνήγαγε.
2121 2300 2250 2355 Μετ’
2279 2299 2341 2354 οὗ
2372 2298 2593 2369 πολλὴν
2636 2299 2821 2372 μέντοι
2850 2297 2902 2352 ἐν
2937 2298 3143 2374 δστέρῳ
3169 2297 3375 2374 χρόνου
3415 2293 3668 2369 περίοδον

254 2396 353 2447 τοῦ
431 2390 713 2468 βασιλέως
781 2392 873 2445 τὸν
955 2391 1072 2466 βίον
1151 2389 1523 2452 ἀπολιπόντος
1599 2390 1687 2444 καὶ
1763 2391 1791 2445 6
1870 2389 2025 2451 Λίθος
2098 2386 2261 2451 οὗτος
2337 2388 2537 2460 ἐξήρθη
2588 2393 2697 2443 τῶν
2742 2388 3077 2462 ἀνακτόρων,
3137 2388 3228 2443 καὶ
3289 2388 3666 2461 μετενήνεκται

265 2478 391 2544 ἔνθα
421 2478 490 2549 δὴ
522 2480 731 2556 ἀρτίως
761 2478 1056 2554 ἐμνήσθην,
1089 2479 1381 2555 κεκράξων,
1416 2482 1597 2553 οἶμαι,
1631 2479 1721 2535 καὶ
1754 2477 2257 2555 διατρανωσόμενος
2288 2478 2461 2534 ὁπόσα
2482 2479 2510 2533 6
2541 2477 2609 2552 τῇ
2637 2482 2784 2553 σορῷ
2841 2482 3062 2532 σιωπῶν
3107 2475 3390 2553 εἷργᾶσατό
3439 2496 3555 2538 πως
3582 2476 3675 2530 καὶ

262 2569 571 2644 ἠγωνίσατο
581 2612 596 2627 .

1628 2722 1797 2784 Hier.
1844 2722 2060 2784 Wolﬁi
2102 2728 2293 2785 notes.

333 2848 404 2922 (7)
436 2848 589 2916 Quid
622 2848 703 2904 sit
743 2847 885 2904 illud
918 2844 1052 2920 ὅπερ
1079 2847 1142 2902 τὸ
1177 2850 1395 2922 χρῖσαν,
1427 2863 1548 2904 non
1571 2847 1693 2904 inte
1708 2847 1958 2921 lligo.Et
1987 2847 2462 2921 qualemcunque
2495 2847 2854 2905 sententiam
2885 2847 3233 2919 conjectura
3253 2862 3383 2903 sum
3411 2851 3668 2904 secutus.

1671 3171 2263 3267 ΒΑΣΙΛΕΙΑ

412 3397 1159 3527 ΑΛΕΞῖοΥ
1267 3396 1614 3526 ΤΟΥ
1725 3396 3538 3527 ΠΟΡΦΥΡΟΓΕΝΝΗΤΟΥ

1328 3624 1465 3681 ΤΟΥ
1492 3624 1647 3681 ΥΙΟΥ
1674 3627 1807 3681 ΤΟΥ
1847 3625 2198 3682 ΒΑΣΙΛΕΩΣ
2230 3625 2593 3683 ΜΑΝΟΥΗΛ.

1655 3913 2270 4009 IMPEBIUM

568 4094 1119 4249 ALEXII
1211 4094 1903 4251 COMNENI
2002 4091 3353 4251 POBPHYROGENITI

1420 4353 1773 4410 MANUELIS
1804 4354 2279 4412 IMPERATORIS
2310 4355 2493 4410 FILII.

348 4624 688 4683 α“.Καίοῧτω
715 4625 809 4698 μὲν
843 4625 871 4679 6
909 4621 1166 4699 βασιλεὺς
1213 4619 1477 4692 Μανουὴλ
1538 4621 1565 4675 6
1624 4620 1912 4693 Κομνηνὸς

2092 4624 2238 4680 201
2278 4625 2327 4679 1.
2364 4625 2623 4682 Manuale
2660 4625 2954 4683 Comneno
2986 4627 3053 4682 ad
3086 4626 3242 4685 hunc
3286 4630 3524 4686 modum
3558 4631 3660 4688 de-

274 4716 515 4772 καταλύει
544 4717 638 4771 τὸν
702 4714 839 4791 βίον,
884 4711 1161 4787 βασιλεύει
1193 4708 1251 4767 δὲ
1302 4710 1419 4784 μετ’
1448 4709 1608 4765 αὐτὸν
1646 4710 1674 4764 6
1704 4708 1908 4764 ἐκείνου

2028 4712 2242 4783 functo,
2274 4714 2431 4770 ﬁlius
2453 4714 2691 4772 Alexius
2722 4716 2839 4772 fere
2867 4717 3124 4787 impubis
3171 4718 3361 4776 adhuc
3393 4726 3449 4776 et
3498 4738 3665 4794 puer,

270 4810 395 4867 παῖς
454 4806 715 4877 Ἀλέξιος,
766 4801 920 4858 οὔπω
962 4804 1212 4875 καθαρῶς
1257 4803 1359 4869 τῆς
1409 4795 1554 4871 ἥϐης
1608 4800 1905 4874 ἁψάμενος,

269 4892 394 4952 ἀλλ’
459 4891 535 4952 ἔτι
608 4892 966 4967 παιδοκόμων
1055 4893 1147 4947 καὶ
1241 4890 1540 4964 τιθευτρίας
1628 4887 1906 4964 δεόμενος.

270 4984 622 5061 Πλημμελῶς
666 4983 971 5041 τοίνυνκαὶ
1021 4980 1261 5058 ἀχρείως
1315 4981 1381 5036 τὰ
1429 4980 1719 5054 Ῥωμαίων
1776 4978 1908 5057 ἐφέ-

280 5094 395 5150 ρετο
421 5076 731 5153 πράγματα,
774 5074 868 5130 καὶ
927 5073 1191 5149 χειρόνως
1223 5073 1257 5141 ἢ
1312 5072 1401 5126 ’ὀτε
1457 5071 1485 5126 6
1531 5069 1751 5127 Φαέθων
1808 5072 1909 5140 τήν

270 5164 323 5219 έν
376 5165 591 5243 ἄστροις
648 5164 880 5241 ούρανοῦ
935 5162 1150 5236 τέμνειν
1222 5157 1347 5216 ὁδὸν
1406 5155 1766 5230 ἐπεϐάλλετο,
1813 5158 1910 5215 τοῦ

273 5262 534 5332 πατρικοῦ
563 5255 654 5312 καὶ
703 5250 1168 5329 χρυσοκολλήτου
1235 5244 1427 5310 ἐπιϐὰς
1483 5248 1750 5323 ἅρματος.
1801 5247 1909 5305 A6-

260 5346 350 5409 τὸς
382 5349 475 5421 μὲν
524 5346 630 5422 γὰρ
688 5345 715 5398 6
754 5345 967 5415 κρατῶν
1024 5336 1115 5393 διὰ
1163 5337 1224 5393 τὸ
1275 5345 1375 5408 τῆς
1439 5337 1665 5403 ἡλικίας
1723 5335 1911 5399 ἀτελὲς

256 5437 344 5491 καὶ
372 5441 466 5492 τοῦ
496 5436 560 5490 τὰ
591 5433 907 5489 συνοίσοντα
956 5432 1173 5507 φρονεῖν
1228 5425 1403 5492 ἐνδεές
1456 5426 1675 5488 οὐδενὸς
1708 5426 1774 5495 ἦν
1802 5432 1911 5481 τῶν

259 5527 605 5598 καθηκόντων
628 5518 1108 5599 ἐπιστρεφόμενος,
1165 5516 1391 5593 κούφοις
1451 5515 1509 5572 δέ
1570 5516 1733 5589 μόνον
1787 5536 1913 5591 τρε-

262 5614 486 5689 φόμενος
530 5610 802 5683 πνεύμασι
851 5607 945 5663 καὶ
994 5607 1058 5662 τὸ
1114 5605 1326 5680 χαίρειν
1383 5605 1473 5660 καὶ
1527 5606 1589 5659 τὸ
1629 5605 1912 5659 λυπεῖσθαι

271 5704 430 5777 μήπω
480 5697 816 5779 μεμαθηκὼς
871 5690 1114 5770 ἀκριϐῶς
1172 5694 1524 5771 κυνηγεσίοις
1581 5697 1913 5769 προσανεῖχε

2021 4801 2121 4872 qui
2154 4802 2452 4875 pmdagogi
2484 4808 2542 4859 et
2564 4805 2810 4861 nutricis
2831 4821 3008 4877 opera
3039 4822 3150 4862 non
3182 4807 3327 4865 satis
3366 4812 3666 4866 commode

2022 4893 2277 4963 carebat,
2336 4894 2641 4951 successit.
2707 4895 2910 4969 Itaque
2967 4897 3227 4954 Romana
3284 4913 3374 4953 res
3432 4898 3668 4969 publica

2022 4997 2323 5054 perperam
2355 4982 2894 5053 administrabalur,
2953 4990 3011 5041 et
3069 4986 3236 5057 pejus
3296 5002 3358 5041 se
3414 4985 3664 5041 habebat

2022 5088 2350 5145 quamcum
2375 5072 2631 5129 Phaeton
2655 5079 2963 5146 paternum
3023 5090 3258 5129 currum
3307 5090 3409 5146 per
3454 5072 3664 5130 caelum

2022 5178 2221 5235 regere
2251 5167 2496 5217 conatus
2526 5168 2632 5217 est.
2665 5162 2810 5218 Nam
2831 5162 3149 5234 imperator
3169 5163 3240 5217 ob
3284 5161 3663 5217 immaturam

2023 5254 2245 5305 (etatem
2273 5254 2329 5304 et
2358 5250 2613 5319 inopiam
2647 5250 2874 5304 consilii
2908 5249 3131 5304 nullam
3176 5249 3349 5304 ofﬁcii
3382 5250 3662 5306 rationem

2021 5338 2292 5406 habebat,
2326 5338 2480 5393 292
2510 5337 2668 5391 inani
2703 5336 2974 5407 superbia
3031 5337 3239 5405 elatus,
3274 5342 3330 5392 et
3384 5338 3474 5393 vix
3517 5340 3663 5395 satis

2022 5442 2242 5497 gnarus
2273 5442 2399 5496 quas
2431 5442 2522 5481 res
2552 5426 2753 5481 tristes
2784 5430 2883 5479 aut
2931 5426 3208 5496 jucunda:
3240 5432 3456 5494 essent,
3487 5444 3661 5485 vena-

2022 5513 2170 5569 tioni
2202 5518 2260 5567 et
2284 5512 2625 5582 equitationi
2683 5512 3093 5583 incumbebat;
3155 5532 3468 5585 puerorum
3526 5533 3661 5574 cum

2024 5602 2237 5675 quibus
2267 5599 2602 5667 colluderet,
2635 5600 3028 5660 familiaritate
3048 5604 3342 5673 utebatur,
3370 5607 3487 5662 vita
3536 5624 3665 5679 pes-

2026 5692 2172 5749 sime
2201 5689 2490 5748 instituta.
2525 5693 2755 5748 Paterni
2786 5709 2920 5750 vero
2950 5694 3078 5767 ejus
3111 5693 3340 5768 cognati
3371 5700 3428 5752 et
3468 5696 3663 5768 amici,
