4066 6214
403 327 522 390 575

1725 323 2040 385 NICETIE
2081 321 2282 387 GHON
2291 323 2506 386 IAT1E

3699 326 3830 386 576

405 463 538 523 aliis
569 463 744 521 rebus
775 461 1002 530 intenti,
1035 459 1198 516 illius
1229 457 1634 516 educationem
1694 457 1824 515 aliis
1884 458 2059 514 rebus

2169 457 2259 512 καὶ
2288 457 2652 530 ἱππηλασίοις
2685 456 3027 537 προσέκειτο,
3085 455 3398 533 παιδαρίοις
3441 455 3830 532 συμπαίγμοσι

408 553 682 611 omnibus
705 549 1170 608 antevertendam
1204 547 1722 621 negligebant,nec
1751 547 2054 605 interitum

406 647 487 701 rei
521 643 762 715 publicae
796 641 1099 698 curabant.
1131 641 1274 696 Nam
1307 640 1406 696 alii
1440 640 1828 714 imperatricis
1859 655 2056 696 amore

406 733 734 804 ﬂagrabant
763 739 814 788 el
846 731 974 802 ejus
1007 730 1352 803 pudicitiam
1397 729 1556 786 haud
1613 727 2058 786 dissimulanter

405 822 711 878 tentabant
741 839 754 890 ;
789 819 1160 888 calamistris,
1193 822 1511 892 unguentis
1543 819 1891 893 puerilibus,
1945 818 2054 874 mi-

406 912 516 967 tris
547 911 910 977 mulieribus,
945 909 1140 966 aureis
1169 909 1474 979 torquibus
1503 912 1716 978 ornati,
1747 909 1964 964 deﬁxos
1996 909 2055 964 in

410 998 572 1055 illam
605 998 800 1055 oculos
832 999 1130 1054 habebant
1161 1002 1218 1053 et
1250 1002 1520 1054 mutuum
1581 997 1737 1054 illius
1797 1015 2055 1056 amorem

408 1089 743 1161 captabant.
777 1089 908 1159 Alii,
967 1087 1234 1144 homines
1283 1087 1440 1143 avari
1499 1090 1557 1142 et
1614 1103 1874 1160 rapaces,
1920 1105 2054 1144 cum

404 1177 877 1235 luxuriosissime
908 1177 1186 1244 viverent,
1220 1177 1430 1234 ﬁscum
1463 1175 2056 1250 depeculabautur,ut

404 1285 747 1327 crumenam
781 1267 1116 1325 immodicis
1149 1267 1489 1340 sumptibus
1523 1265 1866 1323 exhaustam
1890 1282 2058 1339 pecu-

406 1358 504 1415 nia
533 1357 898 1415 resareirent.
931 1356 1040 1412 Alii
1070 1357 1140 1412 ad
1176 1356 1408 1428 imperii
1437 1355 1812 1428 cupiditatem
1857 1357 2056 1413 omnia

405 1448 754 1514 referebant,
789 1447 1047 1518 Denique
1077 1452 1360 1518 tanquam
1393 1450 1629 1501 strenuo
1660 1448 1718 1501 et
1757 1447 1916 1518 gravi
1949 1463 2057 1516 pae-

407 1538 633 1609 dagogo
674 1534 926 1602 sublato,
962 1536 1206 1591 confusa
1235 1538 1401 1590 erant
1457 1535 1676 1601 omnia,
1709 1535 1849 1590 dum
1881 1551 2056 1592 suum

411 1627 663 1698 quisque
684 1625 978 1696 negotium
1040 1624 1161 1696 agit
1218 1631 1270 1678 et
1327 1623 1491 1680 alteri
1543 1625 2058 1692 adversatur;aut

408 1715 573 1770 velut
601 1715 877 1770 columna
915 1713 1084 1768 ﬁrma
1111 1713 1424 1779 revulsa,in
1451 1718 1674 1786 partem
1704 1713 2050 1770 contrariam

2165 547 2546 625 συγγινόμενος
2578 548 2668 605 καὶ
2721 549 2785 606 τὸ
2816 550 2952 620 ἦθος
3012 548 3063 604 έν
3117 554 3242 614 τοῖς
3284 547 3586 624 χειρίστοις
3618 545 3832 602 τυπού-

2169 659 2348 712 μενος.
2382 641 2450 696 Οἱ
2484 638 2540 696 δέ
2571 662 2627 716 γε
2657 645 2902 717 πατρῷοι
2952 640 3132 714 τούτῳ
3180 641 3390 716 ἑταῖροι
3448 639 3539 694 καὶ
3601 640 3654 694 οἱ
3702 639 3828 703 καθ’

2167 730 2304 802 αἷμα
2361 728 2426 801 δή
2489 751 2596 785 που
2655 732 3042 806 προσήκοντες,
3101 725 3308 806 ἑτέροις
3363 729 3455 784 τὸν
3491 732 3618 783 νοῦν
3647 748 3827 802 προσ-

2165 819 2410 897 έχοντες,
2442 829 2541 894 τῆς
2590 824 2786 879 τούτου
2840 823 3142 894 καλλίστης
3185 820 3536 896 κατημέλουν
3590 822 3827 897 ἀγωγῆς

2164 911 2254 966 καὶ
2283 915 2490 992 τροφῆς
2530 912 2620 968 καὶ
2677 914 2745 968 τὰ
2793 913 2949 969 κοινᾶ
2996 912 3328 994 φθεισόμενα
3385 905 3827 988 παρεϐλὲποντο.

2165 1001 2232 1057 Οἱ
2268 1001 2364 1075 μὶν
2397 1001 2498 1080 γὰρ
2550 1009 2653 1072 τῆς
2717 999 3000 1078 βασιλίδος
3047 1005 3196 1078 ἢρων
3255 1001 3347 1057 καὶ
3405 1000 3638 1077 ἐπείρων
3674 997 3830 1074 μάλα

2164 1087 2460 1166 λαμπρῶς,
2520 1090 2896 1169 ἐπαφροδίτως
2978 1091 3492 1171 βοστρυχιζόμενοι,
3570 1089 3663 1144 καὶ
3727 1091 3827 1146 τὸν

2163 1179 2366 1252 ταύτης
2424 1181 2699 1256 ἀντέρωτα
2759 1183 3074 1256 θηρώμενοι
3151 1181 3452 1255 έμυροῦντο
3523 1176 3832 1250 νηπιωδῶς

2163 1269 2253 1324 καὶ
2318 1269 2639 1344 έμιτροῦντο
2691 1267 3044 1346 γυναικωδῶς
3101 1267 3504 1346 περιδερῥαίοις
3563 1267 3833 1332 λιθοκόλ-

2167 1359 2307 1432 λοις,
2341 1361 2429 1414 καὶ
2456 1358 2610 1422 ὅλοις
2643 1359 2954 1438 ὀφθαλμοῖς
3012 1359 3088 1422 εἷς
3147 1357 3314 1428 αὐτὴν
3377 1357 3710 1430 ἐνητένιζον’
3773 1357 3828 1412 οἱ

2166 1444 2222 1503 δὲ
2279 1449 2714 1523 χρηματιστικοί
2775 1445 2922 1511 ὄντες
2981 1449 3073 1504 καὶ
3125 1443 3433 1522 δημοϐόροι
3493 1447 3831 1524 παρενοσιρί-

2166 1541 2320 1606 ζοντο
2374 1538 2442 1592 τὰ
2491 1535 2758 1610 δημόσια,
2813 1542 2931 1600 ταῖς
2983 1557 3043 1593 τε
3101 1537 3503 1614 έφευρημέναις
3561 1532 3827 1597 δαπάναις

2164 1623 2536 1705 ἀφειδέστερον
2599 1629 2881 1703 χρώμένοι
2912 1627 3000 1682 καὶ
3069 1625 3191 1690 νέας
3240 1623 3825 1703 προσεφευρίσκοντες,

2157 1713 2232 1769 ⁸ίν¹
2288 1708 2470 1794 ἔχοιεν
2499 1715 2644 1772 οὕτω
2701 1717 2764 1771 τὸ
2822 1717 2952 1792 χθὲς
3009 1714 3162 1771 κενὸν
3213 1715 3300 1770 καὶ
3363 1715 3671 1770 σύσπαστον
3730 1714 3826 1790 βα-

409 1803 607 1860 omnia
640 1801 1022 1860 inclinabant.
1051 1801 1300 1858 Proinde
1322 1817 1456 1858 cum
1483 1803 1634 1859 293
1659 1802 2051 1876 potentissimi

2168 1801 2384 1859 λάντιον
2416 1801 2628 1878 πλῆρες
2672 1803 2765 1859 καὶ
2818 1801 3100 1894 ,διῳδηκδς
3153 1804 3416 1879 σήμερον·
3462 1804 3516 1858 οἱ
3595 1799 3654 1858 δὲ
3724 1806 3823 1856 τοῦ

405 1893 645 1965 quique,
678 1896 736 1949 et
765 1892 993 1964 cognati
1026 1891 1416 1965 imperatoris,
1447 1889 1840 1966 aequalitatem
1891 1909 2056 1966 sper—

408 1987 634 2049 nerent,
677 1983 760 2039 rei
817 1981 1062 2056 publica;
1117 1999 1256 2039 cura
1313 1983 1544 2052 defecit,
1603 1999 1951 2057 congressus
2000 1989 2058 2041 et

407 2071 657 2129 concilia
687 2073 916 2129 deserta
941 2075 1102 2129 sunt.
1131 2072 1276 2128 Cum
1308 2076 1504 2130 autem
1533 2073 1972 2146 protosebastus
2002 2079 2058 2131 et

409 2159 886 2234 prolovestiarius
942 2161 1180 2218 Alexius
1237 2163 1588 2232 Comnenus,
1623 2162 1909 2220 Manuelis
1965 2180 2060 2236 pa-

408 2250 638 2320 truelis,
673 2250 838 2323 pueri
869 2250 1240 2322 imperatoris
1263 2255 1510 2308 matrem
1531 2251 1644 2308 sibi
1666 2252 2056 2320 conciliasset,

409 2345 466 2396 et
495 2339 697 2397 crebro
737 2341 862 2411 ejus
893 2341 1318 2396 consuetudine
1369 2344 1648 2413 uteretur,
1699 2346 2060 2416 ceterosque

408 2445 614 2487 omnes
639 2429 982 2486 auctoritate
1012 2430 1288 2498 vinceret,
1323 2430 1360 2484 ii
1387 2431 1486 2502 qui
1509 2433 1710 2487 eadem
1762 2432 1872 2488 orti
1896 2435 2062 2488 erant

405 2517 633 2573 familia
663 2523 717 2573 et
757 2515 1024 2572 Manuele
1073 2517 1400 2588 imperante
1457 2534 1654 2590 parem
1713 2522 2058 2590 potestatem

415 2606 812 2672 obtinuerant,
849 2604 1119 2660 maximis
1151 2605 1546 2678 dignitatibus
1588 2607 1836 2678 praediti,
1873 2607 2060 2664 mole-

415 2694 676 2752 stissime
699 2693 798 2750 illa
829 2694 1110 2750 ferebant.
1149 2695 1394 2760 Quidam
1427 2695 1602 2750 etiam
1633 2711 1766 2752 cum
1802 2696 2062 2768 tyranni-

413 2785 546 2843 dem
581 2785 834 2842 suboriri
866 2790 1190 2854 oernerent,
1221 2785 1686 2857 protosebastum
1719 2791 2062 2858 suspectum

419 2873 736 2946 habebant,
771 2891 886 2930 non
921 2879 1038 2930 tam
1088 2875 1158 2930 de
1216 2875 1583 2948 imperatoris
1635 2873 1819 2931 Alexii
1877 2875 2064 2932 salute

418 2964 676 3034 solliciti,
708 2979 886 3036 quam
905 2979 978 3018 ne
998 2963 1111 3035 ipsi
1133 2963 1770 3036 comprehenderentur
1800 2968 2064 3020 metuen-

418 3054 892 3125 tes.Quapropter
910 3053 1338 3124 exspectatione
1359 3069 1552 3108 rerum
1577 3053 1904 3110 futurarum
1929 3071 2063 3110 sus-

416 3142 610 3216 pensi,
638 3141 808 3198 modo
839 3140 952 3214 ipsi
983 3141 1098 3197 tuti
1130 3145 1346 3208 essent,
1379 3149 1614 3198 caeteros
1647 3143 1845 3198 minus
1889 3159 2056 3198 cura-

414 3233 580 3289 bant.
613 3233 790 3289 Fama
821 3231 1000 3301 enim,
1034 3239 1088 3287 ut
1119 3231 1330 3304 loquax
1351 3237 1462 3299 est,
1485 3232 1610 3303 jam
1631 3233 2059 3290 vociferabatur

415 3320 1064 3394 Alexiumimperatrici
1097 3320 1394 3377 adhaerere
1447 3337 1578 3378 cum
1619 3339 1802 3395 eaque
1823 3324 2056 3398 conspi-

416 3409 818 3480 rasse,multos
839 3410 953 3466 sibi
983 3405 1192 3466 ofﬁciis
1214 3414 1272 3466 et
1293 3409 1704 3483 largitionibus
1723 3411 2058 3481 conciliare,

417 3503 474 3556 et
493 3499 843 3570 imperatore
863 3496 1048 3567 ejecta
1073 3513 1315 3566 regnum
1338 3497 1608 3553 aﬂ'ectare
1629 3499 1907 3555 etmatris
1931 3501 2060 3570 eius

415 3589 649 3661 nuptias
675 3585 1114 3658 ambire.Atque
1138 3585 1217 3640 ita
1241 3602 1368 3642 sese
1384 3601 1476 3642 res
1495 3585 1726 3658 imperti
1743 3587 2058 3661 habebant,

415 3675 779 3735 confusionis
808 3679 864 3731 et
892 3675 1197 3730 turbarum
1231 3673 1557 3747 plenaa,non
1591 3675 1758 3732 aliter
1787 3693 1964 3748 quam
1999 3677 2058 3734 in

414 3767 632 3825 fabulis
654 3768 724 3822 de
752 3770 1022 3834 serpente
1053 3763 1153 3820 illo
1183 3763 1454 3830 traditur,
1489 3765 1588 3836 qui
1645 3765 1832 3822 cauda
1881 3766 2063 3823 surda

415 3865 473 3918 et
502 3876 653 3916 caeca
692 3875 806 3914 non
839 3857 966 3914 sine
1000 3855 1205 3913 multis
1265 3857 1418 3914 294
1475 3856 1898 3915 offensionibus
1936 3876 2063 3931 pro-

415 3949 808 4024 grediebatur.
834 3948 888 4003 Is
919 3963 1113 4003 rerum
1145 3950 1333 4003 status
1365 3950 1624 4003 monstro
1655 3945 1754 4004 illo
1786 3947 1896 4003 sub
1947 3948 2061 4005 Ma-

415 4039 609 4097 nuelis
629 4037 853 4094 obitum
885 4036 1040 4093 edito
1069 4035 1556 4109 praesigniﬁcatus
1589 4036 1714 4092 fuit.
1750 4035 1896 4093 Nam
1931 4053 2062 4094 mu-

415 4129 526 4186 lier
553 4127 820 4201 quaedam
855 4125 912 4182 in
948 4124 1296 4199 Propontide
1355 4125 1626 4182 habitans
1682 4143 1929 4198 puerum
1961 4143 2062 4200 pe-

414 4219 584 4291 perit,
617 4221 823 4274 castera
853 4213 1163 4288 perexilem
1197 4213 2062 4288 etimbecillem,sedcapiteln-

414 4309 594 4384 genti.
610 4309 676 4365 Id
693 4306 1054 4382 principatus
1070 4303 1404 4376 multorum,
1437 4320 1608 4376 quem
1623 4305 2062 4378 omnisimperii

417 4402 474 4454 et
502 4396 828 4470 disciplinae
849 4399 1220 4466 contemptus
1251 4393 1537 4467 sequitur,
1569 4409 1742 4451 omen
1772 4394 2058 4452 habitum.

2166 1890 2475 1966 βασιλεύειν
2521 1889 2739 1969 ἔχοντες
2800 1887 2976 1971 ἔφεσιν
3060 1892 3197 1969 πρὸς
3249 1896 3411 1947 τοῦτο
3467 1891 3561 1945 τὸν
3621 1891 3823 1946 οἰκεῖον

2164 1981 2365 2037 σκοπὸν
2421 1980 2716 2036 συνέτεινον
2768 1981 2994 2039 ἃπαντα.
3038 1985 3124 2046 Ὡς
3185 1980 3286 2056 γάρ
3339 2001 3485 2042 τινος
3541 1976 3828 2056 παιδαγω-

2164 2075 2269 2148 γοῦ
2323 2071 2568 2148 γενναίου
2647 2072 2739 2127 καὶ
2809 2067 3106 2148 ἐμϐριθοῦς
3194 2066 3443 2126 ἐκποδὼν
3522 2069 3826 2146 γενομένου

2164 2161 2382 2232 ἀταξίας
2442 2161 2506 2216 τὸ
2552 2165 2655 2216 πᾶν
2712 2160 3101 2236 ἓπεπλήρωτο,
3178 2160 3408 2216 ἑκάστου
3479 2161 3540 2214 τὸ
3615 2159 3826 2214 οἰκεῖον

2169 2248 2603 2326 μεταδιώκοντες
2633 2249 2819 2329 ἐφετὸν
2861 2251 2952 2306 καὶ
3018 2248 3296 2321 ἀλλήλοις
3354 2247 3590 2305 ἁπάντων
3661 2249 3827 2303 ἀντι-

2163 2341 2538 2414 πραττόντων,
2596 2337 2633 2410 ἤ
2690 2341 2874 2404 κίονος
2964 2341 3399 2400 ὑποσπασθέντος
3453 2335 3670 2414 έδραίου
3725 2338 3824 2393 καὶ

2167 2423 2468 2506 ἃστραϐοῦς
2561 2430 2698 2503 πρὸς
2798 2429 3036 2486 ἐναντίαν
3111 2429 3278 2510 φορὰν
3381 2428 3824 2484 ἆπονενεύκεισαν

2168 2520 2397 2580 ἅπαντα.
2441 2521 2558 2588 Τῆς
2617 2516 2674 2574 δὲ
2723 2518 2999 2592 ἰσοτιμίας
3059 2517 3451 2592 ἄτιμασθείσης
3507 2517 3658 2594 παρὰ
3707 2522 3828 2582 τοῖς

2165 2610 2289 2664 τότε
2345 2609 2411 2663 τὰ
2473 2607 2700 2685 μέγιστα
2759 2606 3210 2682 δυναμένοις-καὶ
3267 2607 3402 2663 κατὰ
3483 2607 3639 2683 γένος
3698 2627 3828 2661 συν-

2168 2697 2495 2770 απτομένοις
2517 2702 2600 2770 τῷ
2633 2696 2869 2775 βασιλεῖ,
2901 2698 2957 2752 αἳ
3013 2718 3072 2753 τε
3107 2698 3240 2773 ὑπὲρ
3285 2701 3393 2752 τῶν
3431 2699 3630 2750 κοινῶν
3662 2715 3831 2774 φρονε-

2168 2783 2310 2848 τίδες
2341 2785 2588 2859 ἐξέλιπον
2638 2787 2728 2841 καὶ
2784 2787 2838 2842 αἱ
2896 2783 3196 2860 συνδρομαὶ
3239 2784 3329 2840 καὶ
3389 2781 3606 2839 σύνοδοι
3655 2786 3830 2861 ἠφαν-

2167 2877 2444 2947 τώθησαν.
2505 2877 2607 2932 Καὶ
2673 2881 2772 2932 τοῦ
2831 2870 3286 2952 πρωτοσεϐαστοῦ
3345 2871 3403 2930 δὲ
3458 2874 3551 2929 καὶ
3603 2894 3832 2948 πρωτο-

2171 2960 2483 3041 ϐεστιαρίου
2524 2963 2774 3036 Ἀλεξίου
2825 2969 2922 3021 τοῦ
2980 2968 3294 3038 Κομνηνοῦ,
3351 2964 3411 3026 ’ὸς
3470 2963 3694 3038 ἀνεψιὸς
3761 2967 3830 3033 ἦν

2170 3053 2308 3130 πρὸς
2335 3055 2538 3130 πατρὸς
2586 3059 2666 3128 τῷ
2717 3053 2940 3130 βασιλεῖ
2974 3051 3258 3124 Μανουὴλ,
3319 3054 3419 3122 τήν
3473 3057 3576 3109 τοῦ
3625 3050 3829 3116 παιδὸς

2170 3145 2262 3201 καὶ
2323 3142 2591 3220 βασιλέως
2655 3145 2864 3220 μητέρα
2942 3145 3422 3218 ὑπο-ποιησαμένου
3503 3145 3592 3200 καὶ
3671 3145 3830 3218 θαμὰ

2170 3233 2306 3309 αὐτῇ
2349 3233 2683 3308 ὁμιλοῦντος
2720 3235 2806 3290 καὶ
2852 3235 2984 3310 ὑπὲρ
3041 3235 3216 3291 πάντα
3264 3233 3558 3313 ἲσχύοντος
3608 3230 3828 3310 ἕτερον,

2168 3325 2221 3379 οἱ
2260 3327 2358 3378 τοῦ
2399 3323 2564 3379 αὐτοῦ
2623 3324 3030 3399 μεταλαχόντες
3073 3321 3302 3396 α’ίματος
3359 3322 3451 3378 καὶ
3511 3322 3827 3400 ἰσοκρατεῖς

2169 3413 2310 3468 εἶναι
2367 3413 2513 3488 παρὰ
2584 3417 2681 3468 τοῦ
2737 3411 3008 3488 βασιλέως
3083 3411 3347 3480 Μανουήλ
3425 3411 3672 3476 ἰαθέντες
3727 3411 3824 3466 καὶ

2168 3500 2438 3575 ἀξιώμασι
2525 3501 2798 3578 μεγίστοις
2858 3501 3223 3578 έμπρέποντες
3281 3499 3420 3556 ἔστιν
3587 3502 3826 3557 ἀπεπνί-

2165 3611 2328 3669 γοντο
2358 3597 2474 3654 τοῖς
2505 3591 2837 3667 γινομένοις,
2879 3589 2990 3648 ἔστι
3023 3588 3068 3646 δ’
3227 3591 3314 3646 καὶ
3354 3589 3648 3666 τυραννίδα
3686 3612 3832 3668 φυο-

2173 3681 2338 3756 μένην
2409 3681 2642 3754 ὁρῶντες
2716 3682 2808 3736 τὸν
2887 3675 3336 3756 πρωτοσεϐαστὸν
3414 3675 3828 3752 ὑπεϐλέποντο,

2169 3768 2231 3824 οὐ
2261 3774 2522 3824 τοσοῦτον
2586 3771 2661 3842 μὴ
2723 3769 2752 3824 ὁ
2813 3767 3120 3845 βασιλεύων
3142 3767 3388 3842 Ἀλέξιος
3421 3767 3584 3840 ἀηδές
3614 3791 3666 3826 τι
3715 3769 3828 3824 πά,

2171 3873 2257 3926 θοι
2290 3861 2414 3936 περὶ
2443 3859 2710 3918 πλείστου
2767 3861 3010 3939 ἔχοντες,
3065 3863 3190 3918 ὅσον
3263 3864 3339 3935 μὴ
3396 3862 3555 3918 αὐτοὶ
3609 3861 3858 3935 συλλη-“

2169 3954 2345 4028 φθεῖεν
2407 3951 2772 4029 ὑφορώμενοι.
2831 3950 2938 4008 Καὶ
3007 3949 3094 4006 διὰ
3160 3955 3327 4008 ταῦτα
3399 3948 3837 4026 καραδοκοῦντες

2166 4040 2230 4096 τὸ
2265 4038 2497 4112 μέλλον,
2529 4040 2591 4094 τὸ
2620 4042 2740 4105 καθ’
2783 4037 2978 4103 αὒτοὺς
3027 4038 3264 4119 ἀσφαλὲς
3299 4044 3399 4097 τοῦ
3452 4037 3616 4101 πέλας
3646 4059 3835 4115 πρου-

2165 4127 2400 4193 τίθεσαν.
2433 4126 2576 4200 Ἤδη
2609 4130 2714 4206 γὰρ
2741 4131 2776 4201 ἡ
2810 4131 2969 4207 φήμη
3033 4127 3205 4192 λάλος
3258 4130 3328 4200 ἦν
3385 4131 3474 4186 καὶ
3519 4127 3834 4207 διαρρήδην

2167 4219 2546 4294 κραυγάζουσα
2604 4219 2678 4282 ὡς
2732 4216 2977 4289 Ἀλέξιος
3035 4222 3104 4294 τῇ
3163 4219 3334 4294 μητρὶ
3396 4223 3494 4274 τοῦ
3549 4217 3834 4294 βασιλέως

2168 4306 2448 4386 σύμφυτος
2496 4311 2693 4382 μικροῦ
2747 4307 2838 4363 καὶ
2897 4305 3175 4381 σύμπνους
3260 4309 3553 4384 γενόμενος
3613 4307 3825 4382 μέτεισ.

2167 4397 2294 4459 τοὺς
2321 4395 2569 4459 πολλοὺς
2601 4394 2757 4472 φιλίᾳ
2785 4397 2877 4452 καὶ
2935 4400 3208 4472 χρήμασι,
3264 4397 3356 4453 καὶ
3414 4398 3664 4454 καθελεῖν
3720 4401 3823 4472 μὲ)

419 4484 578 4539 αὐτὸν
599 4490 699 4553 τῆς
734 4481 1010 4559 βασιλείας
1043 4483 1095 4537 έν
1125 4480 1200 4555 νῷ
1221 4480 1450 4553 τίθεται,
1481 4481 1670 4539 ἑαυτὸν
1704 4479 1749 4538 δ’
1781 4478 2090 4560 ἐπιϐήτορα
2118 4486 2342 4557 ταύτης,
2373 4486 2554 4562 ὥσπερ
2589 4483 2656 4555 δὴ
2686 4487 2777 4542 καὶ
2807 4493 2909 4556 τῆς
2945 4485 3230 4560 τεκούσης,
3264 4489 3592 4565 γενήσεσθαι
3627 4489 3806 4544 σκέπτ

419 4593 529 4630 ται.
560 4572 664 4628 Καὶ
695 4570 839 4626 οὕτω
875 4572 970 4645 μὶν
994 4571 1060 4626 τὰ
1082 4572 1220 4626 κατὰ
1245 4572 1342 4642 τὴν
1371 4570 1648 4646 βασίλειον
1681 4569 1856 4642 αὐλὴν
1885 4577 2058 4638 πάσας
2116 4571 2242 4632 ὄντα
2291 4577 2604 4654 συγχύσεως
2644 4575 2735 4631 καὶ
2767 4575 3029 4632 παντοίου
3061 4581 3340 4652 χειμῶνος
3369 4570 3606 4649 ἔμπλεα,
3637 4577 3733 4631 καὶ
3764 4579 3838 4634 τὸ

420 4664 518 4716 τοῦ
553 4662 782 4734 μυθικοῦ
815 4657 1109 4734 δράκοντος
1140 4660 1455 4733 πράγμασιν
1487 4659 1673 4724 αὐτοῖς
1705 4663 1982 4736 ὁρώμενον
2014 4665 2107 4737 ἦν,
2135 4665 2194 4728 ὃς
2252 4669 2431 4728 κακῶς
2488 4661 2747 4721 διετίθετο
2779 4668 2952 4738 κωφῷ
2973 4665 3077 4718 ,καὶ
3109 4663 3300 4740 τυφλῷ
3334 4663 3486 4739 μέρει
3513 4668 3594 4736 τῷ
3619 4664 3840 4740 οὐραίῳ

423 4749 832 4826 διεξαγόμενος.
862 4749 932 4804 Ἥ
962 4749 1025 4802 τὸ
1055 4748 1213 4821 τέρας
1235 4747 1402 4834 πέρας
1432 4743 1758 4820 ἐλάμϐανεν,
1791 4751 1821 4806 ὅ
1850 4753 1942 4808 τὸν
1979 4753 2098 4829 βίον
2135 4753 2502 4817 τελευτῶντος
2541 4751 2776 4834 ἐπεφάνη
2801 4757 2898 4808 τοῦ
2931 4751 3332 4829 αὐτοκράτορος
3362 4752 3638 4820 Μανουήλ.
3676 4758 3832 4825 Γυνὴ

420 4839 523 4919 γάρ
554 4860 638 4904 τις
668 4837 803 4895 κατὰ
833 4837 930 4906 τήν
963 4831 1302 4911 Προποντίδα
1324 4835 1574 4911 λαχοῦσα
1601 4840 1701 4908 τὴν
1734 4839 1950 4912 οἲκησιν
1984 4840 2202 4898 παιδίον
2233 4842 2482 4900 ἀπέτεκεν
2512 4831 2694 4920 ἅρῥεν,
2725 4843 2816 4898 τὸν
2851 4843 2946 4917 μὲν
2975 4840 3170 4898 λοιπὸν
3205 4840 3488 4920 ἄνθρωπον
3543 4839 3834 4917 έξτιρθρω-

425 4931 586 5007 μένον
615 4931 705 4987 καὶ
737 4927 859 4984 λίαν
901 4924 1437 5003 βραχυμερέστατον,
1465 4927 1566 4996 τὴν
1599 4923 1656 4982 δέ
1681 4949 1743 5002 γε
1772 4929 2012 5005 κεφαλὴν
2046 4933 2244 5008 χρῆμά
2270 4955 2322 4989 τι
2356 4933 2444 4989 ἐπὶ
2473 4937 2579 4988 τῶν
2613 4931 2784 5008 ὥμων
2807 4931 3001 5008 ἀνέχον
3035 4930 3174 5009 μέγα
3193 4952 3252 4988 τε
3272 4933 3362 4987 καὶ
3393 4929 3642 5004 ἐξαίσιον,
3675 4932 3705 4988 ὅ
3737 4935 3837 4991 καὶ

421 5018 818 5096 συλλελόγιστο
845 5015 1196 5093 πολυαρχίας
1230 5015 1360 5070 εἶναι
1396 5016 1752 5090 σημαντικὸν,
1783 5019 1902 5086 ἣτις
1933 5021 2121 5096 μήτηρ
2150 5021 2412 5098 ἀναρχίας
2442 5021 2609 5079 ὶστίν.

490 5115 626 5171 2.At
647 5115 977 5170 Comnenus
997 5107 1366 5166 Andronicus
1414 5107 1787 5180 imperatoris
1829 5113 2060 5168 Manus-

2247 5113 2312 5188 β’·
2363 5113 2420 5166 Ὀ
2477 5109 2534 5167 δὲ
2590 5112 2877 5184 Κομνηνὸς
2929 5107 3271 5185 Ἀνδρόνικος
3341 5112 3494 5166 ὁτοῦ
3555 5112 3836 5189 βασιλέως

423 5207 496 5261 lis
517 5193 816 5277 patruelis,
847 5201 912 5258 de
936 5199 1130 5274 quoin
1162 5197 1320 5254 illius
1345 5196 1587 5254 historia
1634 5198 1865 5272 copiose
1922 5201 2064 5257 scri-

423 5293 676 5367 psimus,
703 5308 832 5348 cum
867 5288 1241 5364 imperatoris
1275 5291 1521 5346 mortem
1555 5292 1612 5344 et
1647 5289 1792 5346 aulas
1825 5289 2074 5348 dissidia

425 5383 614 5440 (Enaei
642 5382 986 5448 audivisset,
1018 5389 1266 5438 veterem
1297 5379 1625 5452 tyrannidis
1679 5395 1936 5438 amorem
1985 5397 2070 5440 re-

429 5478 618 5528 novat.
651 5473 760 5528 Sed
795 5472 914 5529 bene
945 5489 1052 5529 suo
1099 5472 1225 5530 loco
1283 5471 1648 5528 commodius
1703 5471 2024 5529 referentur
2055 5489 2069 5530 :

430 5575 584 5614 nunc
607 5575 767 5628 vero,
800 5578 870 5617 ne
921 5562 1063 5620 ordo
1104 5561 1358 5619 historice
1390 5560 1854 5636 interrumpatur
1883 5577 2073 5635 neque

433 5647 743 5722 quicquam
768 5655 1090 5708 memoratu
1113 5651 1353 5724 dignum
1377 5651 1874 5724 praetermittatur,
1900 5651 2072 5725 paulo

2175 5197 2465 5279 ἐξάδελφος
2495 5199 2785 5272 Μανουήλ,
2815 5200 2941 5274 περὶ
3002 5199 3064 5256 οὗ
3119 5200 3182 5256 τὸ
3243 5197 3420 5278 λέγειν
3468 5199 3519 5256 έν
3571 5207 3644 5276 τῇ
3691 5205 3839 5259 κατᾶ

2181 5291 2273 5346 τὸν
2306 5288 2535 5367 βασιλέα
2580 5294 2770 5346 τοῦτον
2820 5290 3037 5366 ἱστορίᾳ
3108 5287 3454 5368 κατὲῤῥευσεν
3505 5291 3838 5366 ἱκανώτατα,

2183 5375 2476 5457 διατρίϐων
2535 5383 2832 5452 τηνικαῦτα
2867 5380 3006 5436 κατὰ
3066 5380 3129 5435 τὸ
3189 5378 3425 5451 Οἳναιον,
3457 5376 3570 5436 ἐπεὶ
3603 5379 3842 5437 πύθοιτο

2181 5470 2272 5527 τὸν
2298 5473 2396 5524 τοῦ
2431 5467 2699 5540 Μανουήλ
2760 5467 2986 5534 θάνατον
3045 5467 3136 5524 καὶ
3195 5465 3588 5538 διαστασιάζειν
3633 5462 3844 5546 ἔγνωκε

2181 5557 2248 5616 τὰ
2280 5557 2556 5634 βασίλεια,
2600 5559 2690 5615 τὸν
2739 5555 2976 5615 παλαιὸν
3037 5563 3139 5628 τῆς
3192 5553 3500 5634 τυραννίδος
3557 5557 3845 5616 ἀνασκάλ-

2181 5645 2268 5708 λει
2326 5645 2520 5726 ἔρωτα.
2577 5646 2754 5706 Ἀλλὰ
2815 5650 2986 5725 μήπω
3042 5645 3427 5727 περὶτούτων,
3463 5647 3583 5703 καθ’
3642 5649 3838 5726 εἱρμέν
