4118 6200
258 358 366 421 51

1401 358 1745 423 ALEXIUS
1791 359 2205 425 MANUELIS
2248 363 2529 428 FILIUS.

3551 373 3670 437 578

276 492 331 550 δὶ
357 491 544 569 προϊὸν
576 489 639 544 τὸ
696 486 878 565 λέγειν
933 488 1132 553 ἒκεῖθεν
1186 492 1286 556 τῆς
1346 490 1588 565 ἱστορίας
1640 495 1748 546 τῶν
1778 490 1914 546 γατὰ

2042 493 2201 552 ιΙῑὶυε
2232 498 2623 556 exordiamur.
2656 500 2763 557 Hic
2820 501 3205 573 Andronicus,
3267 507 3332 559 ut
3385 506 3676 564 Manuelis

272 584 360 639 τὸν
392 579 561 655 ἄνδρα
586 582 782 634 τοῦτον
823 576 1054 652 ὲχὲσθω,
1106 579 1299 644 ὁπόθεν
1368 579 1632 656 ἄρχεσθαι
1685 579 1910 655 ἃμεινον

280 670 560 749 συναφείας
609 665 769 723 ἕνεκα
826 667 915 721 καὶ
970 672 1069 723 τοῦ
1130 669 1206 741 μὴ
1290 668 1619 744 παραλιπεῖν
1700 691 1754 724 τι
1811 674 1919 725 τῶν

274 765 503 838 ῥηθῆναι
551 759 739 832 ἀξίων.
814 758 875 814 Ὀ
950 754 1297 832 Ἀνδρόνικος
1370 759 1551 815 τοίνυν
1613 759 1773 821 οὗτος
1818 759 1917 820 τὰς

267 847 431 913 λαϐάς
456 847 731 927 έκφεύγων
765 850 864 902 τοῦ
904 846 1170 916 Μανουὴλ
1237 849 1516 926 ἀειφυγίαν
1574 846 1776 915 ε’ίλετο,
1830 848 1920 903 καὶ

267 940 454 1003 πόλεις
504 938 745 1012 ἀμείψας
805 936 1010 1010 συχνὰς
1078 937 1169 991 καὶ
1254 937 1486 993 πλεῖστα
1550 936 1711 993 ἐθνῶν
1763 936 1923 992 ἄστεα

270 1028 499 1087 κατιδὼν
526 1029 710 1097 τέλος,
751 1025 826 1087 ὡς
886 1024 1131 1088 εἰπόντες
1187 1019 1414 1106 ἔχομεν,
1463 1027 1720 1083 καταλύει
1778 1025 1925 1102 παρᾶ

395 1116 731 1191 Σαλτούχῳθ
798 1113 1090 1187 τοπάρχης
1159 1110 1204 1168 δ’
1254 1118 1320 1183 ἦν
1380 1113 1540 1177 οὗτος
1608 1114 1685 1177 εἷς
1740 1114 1920 1193 ἀρχὴν

264 1204 403 1285 ἔχων
450 1206 814 1278 ἐξαιρεθεῖσαν
870 1205 970 1274 τήν
1028 1205 1098 1275 τῇ
1165 1201 1416 1276 Χαλδαίᾳ
1471 1202 1924 1280 προσεγγίζουσαν

264 1302 474 1374 χώραν,
503 1297 815 1368 Ῥωμαίοις
851 1298 944 1370 μὲν
977 1294 1150 1351 πάλαι
1184 1293 1478 1372 ὑπόφορον,
1528 1293 1653 1349 τότε
1705 1290 1762 1347 δὲ
1808 1296 1926 1355 τοῖς

259 1389 529 1462 Τουρκοις
558 1387 646 1440 καὶ
678 1390 797 1447 τοῖς
828 1386 1035 1441 τούτων
1070 1384 1390 1440 ὑπείκουσαν
1420 1381 1582 1439 ἔθεσι.
1617 1381 1720 1439 Καὶ
1780 1401 1925 1455 παρ-

260 1477 507 1557 ειληφώς
532 1497 586 1531 τι
623 1474 884 1554 φρούριον
944 1473 1108 1530 αὐτοῦ
1155 1474 1398 1541 ἑκόντος,
1447 1472 1538 1527 καὶ
1594 1476 1664 1545 τῇ
1723 1473 1924 1546 φυσικῇ

253 1566 455 1622 τούτου
531 1564 858 1640 ἐρυμνότητι
906 1566 1008 1635 τὴν
1072 1564 1179 1618 ἀπὸ
1236 1570 1337 1633 τῆς
1386 1563 1593 1637 τέχνης
1644 1560 1924 1637 προσθεὶς,

253 1657 427 1713 ἰκεῖσε
502 1658 806 1730 προσέμενε
841 1697 854 1721 ,
916 1652 1298 1726 συμπλανῆτιν
1356 1648 1504 1727 ἔχων
1579 1651 1755 1722 ἑαυτῴ
1830 1650 1922 1703 καὶ

258 1741 489 1814 συνέκδη
501 1764 603 1817 μον
629 1765 731 1812 την
753 1748 832 1799 Κο
844 1743 1049 1817 μνηνὴν
1107 1738 1417 1815 Θεοδώραν,
1474 1739 1597 1810 ἥτις
1652 1738 1924 1812 ἄθεμίτως

260 1836 410 1907 αὐτῷ
498 1832 859 1904 συνηυνάζετο
936 1832 1180 1907 θυγάτηρ
1255 1828 1524 1886 Ἰσαακίου
1619 1829 1757 1882 οὖσα
1827 1831 1924 1883 τοῦ

266 1919 803 1997 σεϐαστοκράτοροςο
881 1921 932 1990 ἐξ
1007 1917 1260 1999 ἀδελφῶν
1338 1916 1386 1972 δ’
1460 1911 1657 1994 ἔφυσαν
1733 1914 1921 1993 ἄμφω,

264 2014 543 2073 Ἰσαάκιος
633 2012 726 2065 καὶ
786 2007 1153 2084 Ἀνδρόνικος.
1215 2009 1279 2065 Ὀ
1334 2006 1512 2062 τοίνυν
1574 2005 1927 2081 αὐτοκράτωρ

262 2100 534 2170 Μανουῇλ
570 2098 955 2176 συνειληφέναι
1015 2100 1119 2153 οῦκ
1173 2093 1319 2172 ἔχων
1378 2094 1744 2172 ’Δνδρόνικον,
1799 2093 1926 2149 ἀλλ’

260 2190 361 2247 ὅσα
415 2189 511 2245 καὶ
561 2190 738 2258 Ἰξίων
810 2189 985 2263 Ἤρας
1058 2187 1256 2242 τούτου
1313 2185 1791 2260 ἀποπλαζόμενος,
1851 2184 1925 2246 ὡς

248 2286 384 2357 γοῦν
443 2279 687 2357 νεφέλην
734 2281 834 2350 τήν
886 2278 1103 2352 ἀνεψιὰν
1162 2274 1442 2351 Θεοδώραν
1507 2281 1792 2352 περισχεῖν
1840 2272 1930 2329 διὰ

253 2368 551 2451 φροντίδος
611 2370 839 2442 ἐτίθετο,
906 2369 996 2424 καὶ
1054 2373 1151 2424 τοῦ
1206 2369 1340 2424 κατὰ
1399 2368 1602 2423 σκοπὸν
1657 2367 1927 2441 ἐπιτυχὴς

254 2461 507 2538 γεγονὼς
540 2458 634 2515 διά
660 2465 758 2514 τοῦ
789 2453 913 2514 τότε
967 2459 1070 2527 τὴν
1128 2457 1306 2533 ἀρχὴν
1361 2465 1460 2527 τῆς
1516 2459 1926 2531 Τραπεζοῦντος

252 2545 645 2624 ἀνεζωσμένου
736 2548 1061 2625 Νικηφόρου
1144 2551 1242 2602 τοῦ
1327 2545 1734 2621 Παλαιολόγου,
1797 2543 1931 2618 μετά

263 2640 458 2718 βραχὺ
513 2640 608 2695 καὶ
667 2638 830 2694 αὐτὸν
889 2637 1182 2693 ἐπισπᾶται
1242 2633 1610 2711 Ἀνδρόνικον,
1666 2635 1765 2691 ὅσα
1837 2633 1928 2688 καὶ

259 2728 521 2802 δελητίῳ
576 2733 650 2801 τῇ
683 2725 939 2803 Θεοδώρᾳ
968 2725 1393 2799 κατασπώμενον
1450 2726 1541 2780 καὶ
1597 2729 1675 2797 τῷ
1725 2723 1927 2794 ταύτης

266 2820 764 2896 ἀγκιστρευόμενον
788 2813 976 2894 ἔρωτι,
1005 2817 1067 2872 οὐ
1112 2820 1322 2891 μικρῶς
1387 2815 1476 2869 καὶ
1535 2819 1617 2887 τῷ
1661 2818 1767 2868 τῶν
1799 2812 1930 2867 παί-

264 2906 379 2964 δων
412 2910 547 2983 πυρὶ
584 2907 973 2982 δαπανώμενον
1003 2906 1093 2969 οὓς
1150 2904 1402 2962 ἀπέτεκεν
1451 2906 1597 2977 αὐτῷ
1654 2903 1926 2981 Θεοδώρα.

266 2999 504 3060 Στείλας
564 2998 747 3053 τοίνυν
805 2991 1055 3071 πρέσϐεις
1116 2995 1192 3059 εἷς
1252 2994 1480 3071 βασιλέα
1555 2995 1783 3050 αἰτεῖται
1857 2995 1930 3048 ὧν

271 3089 670 3165 πεπαρῴνηκεν
770 3086 1072 3159 ἀμνηστίαν
1108 3130 1122 3156 ,
1226 3085 1364 3161 πρὸς
1465 3081 1522 3139 δὲ
1593 3085 1684 3139 καὶ
1759 3083 1932 3161 ἀσφά-

275 3195 424 3232 λειαν
488 3178 563 3240 ὡς
622 3174 780 3231 οὐδέν
823 3198 872 3231 τι
923 3175 1166 3232 πείσεται
1224 3173 1502 3249 θυμαλγὲς
1578 3173 1927 3249 ἀφικόμενος.

279 3268 384 3323 Καὶ
414 3272 510 3323 τοῦ
544 3265 817 3343 βασιλέως
856 3266 994 3341 πρὸς
1054 3263 1223 3341 ἄμφω
1273 3265 1376 3319 οὐκ
1421 3262 1721 3333 ἀπατηλῶς
1772 3283 1933 3317 κατα-

286 3359 624 3433 μνεόσαντος,
672 3357 808 3431 μετά
838 3378 959 3412 τινα
988 3357 1177 3432 καιρὸν
1210 3360 1552 3432 προσχωρεῖ.
1586 3353 1938 3433 Πολυμήχα-

281 3470 375 3510 νος
404 3445 444 3502 δ’
483 3445 554 3503 ὢν
590 3446 936 3523 Ἀνδρόνικος
967 3446 1057 3501 καὶ
1089 3445 1370 3507 παντοίοις
1418 3442 1604 3507 δόλοις
1632 3445 1935 3518 καζόμενος

288 3536 465 3592 ἁλύσει
496 3534 725 3613 σιδηρέᾳ
790 3534 1190 3607 πολυταλάντῳ
1241 3529 1601 3607 διαλαμϐάνει
1675 3534 1767 3588 τὸν
1800 3532 1938 3608 τρά-

293 3626 484 3702 χηλον,
539 3627 629 3681 καὶ
686 3627 891 3697 ταύτην
953 3622 1106 3681 ἔνδον
1166 3624 1384 3698 συσχὼν
1435 3623 1527 3678 καὶ
1597 3621 1936 3696 περιθάλψας

297 3721 375 3788 τῷ
404 3717 597 3791 ἱματίῳ
628 3716 681 3779 ές
711 3717 777 3771 τὰ
805 3722 913 3772 τῶν
984 3712 1168 3770 ποδῶν
1230 3712 1434 3789 ἔσχατα
1490 3708 1939 3784 καταϐαίνουσαν,

301 3807 372 3862 ὡς
404 3805 480 3878 ε’ἶη
514 3806 733 3883 βασιλεῖ
762 3827 820 3862 τε
876 3807 1163 3884 ἀφώρατος
1189 3803 1279 3858 καὶ
1318 3808 1435 3859 τοῖς
1461 3804 1523 3858 τὸ
1557 3804 1713 3877 βῆμα
1740 3802 1939 3858 τούτου

294 3897 585 3974 πληροῦσιν
616 3897 863 3963 ἀθέατος,
916 3891 1101 3951 λαϐὼν
1159 3899 1256 3949 τοῦ
1288 3894 1521 3972 ὀφθῆναι
1565 3898 1642 3965 τῷ
1674 3893 1941 3965 αὐτοκρά-

293 4006 414 4062 τορι
458 3989 549 4043 καὶ
630 3987 914 4049 θεάσασθαι
997 3985 1061 4039 τὸ
1121 3982 1431 4057 ἐνδόσιμον,
1508 3982 1622 4038 ἐπεὶ
1698 3982 1942 4053 καθάπαξ

302 4074 480 4150 ἐκείνῳ
508 4078 584 4139 εἷς
614 4076 737 4132 θέαν
760 4076 1017 4144 κατέστη,
1056 4075 1221 4150 μέγας
1284 4071 1597 4148 μεγαλωστὶ
1655 4072 1792 4127 κατά
1840 4075 1942 4127 τοῦ

297 4162 520 4222 δαπέδου
550 4166 842 4222 ἐκτείνεται
882 4163 1168 4239 προτείνας
1227 4164 1327 4231 τὴν
1387 4161 1601 4234 ἅλυσιν,
1677 4161 1767 4216 καὶ
1846 4159 1942 4216 δα-

294 4253 476 4326 κρύοις
530 4254 740 4329 τέγγων
800 4253 927 4314 τοὺς
983 4249 1306 4325 ὀφθαλμοὺς
1364 4247 1539 4305 ἐδεῖτο
1615 4250 1941 4325 θερμότερον

295 4342 387 4396 καὶ
437 4348 752 4418 περιπαθῶς
832 4341 1137 4397 καθικέτευε
1225 4340 1559 4416 συγγνώμην
1632 4340 1808 4413 εὑρεῖν
1864 4339 1945 4416 ἐφ’

301 4435 388 4496 οἷς
416 4431 477 4505 δή
508 4455 615 4490 που
646 4431 1123 4508 παραλελῦπηκεν.
1154 4430 1214 4487 Ὀ
1268 4426 1327 4483 δὲ
1379 4427 1635 4504 βασιλεὺς
1687 4428 1774 4483 ἐπὶ
1831 4434 1945 4492 τοῖς

299 4517 589 4597 δρωμένοις
648 4517 920 4595 ἕκθαμϐος
953 4520 1192 4599 γεγονὼς
1269 4516 1431 4579 αὐτός
1505 4538 1565 4572 τε
1638 4518 1774 4592 πρὸς
1851 4516 1947 4573 δά-

297 4629 430 4686 κρυα
479 4615 743 4688 προήχθη
800 4611 891 4665 καὶ
937 4608 1067 4672 τοὺς
1115 4607 1488 4684 έξεγεροῦντας
1557 4605 1821 4679 ἐπέταξεν.
1889 4610 1946 4663 '0

303 4697 360 4755 δὲ
411 4701 504 4757 οὗκ
558 4702 849 4771 ἀναστῆναι
898 4704 1004 4755 τῶν
1064 4696 1212 4753 κάτω
1299 4694 1690 4772 διισχυρίζετο,
1745 4697 1791 4752 εἰ
1870 4700 1947 4771 μή

306 4791 565 4866 βασιλέως
608 4790 998 4865 ἑπιτεταχότος
1047 4783 1209 4843 αὐτόν
1266 4808 1349 4850 τις
1421 4792 1530 4841 τῶν
1604 4789 1949 4863 παρεστηκό-

2027 601 2223 642 casses
2256 588 2517 658 evitaret,
2550 607 2683 646 cum
2715 596 3060 664 perpetuum
3119 593 3231 649 sibi
3272 594 3542 651 exsilium
3579 597 3679 651 in-

2028 676 2501 747 dixisset,multis
2531 681 2795 750 urbibus,
2831 682 3031 739 multis
3063 684 3379 755 provinciis
3409 701 3681 758 peragra-

2028 766 2125 833 tis,
2159 769 2384 825 tandem
2414 770 2488 825 ad
2544 770 2917 841 Saltuchum,
2979 777 3043 828 ut
3097 774 3375 849 diximus,
3417 774 3678 833 divertit.

2030 856 2335 929 Toparcha
2366 859 2414 915 is
2445 865 2590 931 erat,
2619 862 2710 917 cui
2745 862 2902 935 regio
2933 862 3210 919 Chaldaeze
3233 864 3424 921 vicina
3455 865 3513 920 in
3546 882 3683 938 por-

2032 943 2247 1001 tionem
2301 953 2576 1018 cesserat,
2635 949 2774 1006 olim
2834 952 3107 1008 Romanis
3170 953 3497 1023 tributaria,
3551 959 3674 1011 tum

2033 1038 2225 1091 autem
2257 1036 2513 1095 Turcieaa
2546 1039 2787 1096 ditionis
2818 1041 2968 1097 295
3003 1045 3058 1097 et
3089 1040 3384 1115 religionis
3418 1061 3432 1111 ;
3492 1048 3549 1098 et
3577 1060 3679 1099 ca-

2034 1122 2202 1180 stello
2220 1124 2380 1181 illius
2400 1126 2698 1184 voluntate
2720 1134 3024 1201 occupato,
3057 1135 3230 1202 atque
3253 1132 3322 1187 ad
3349 1131 3673 1187 naturalem

2033 1210 2143 1266 loci
2176 1213 2354 1269 situm
2378 1216 2518 1272 artis
2554 1217 2876 1273 munitione
2899 1220 3196 1290 adjuncta,
3231 1219 3310 1274 ibi
3342 1235 3403 1275 se
3421 1220 3676 1290 tenebat,

2033 1299 2337 1358 Theodora
2363 1304 2702 1375 Comnenia,
2734 1307 2935 1363 Isaacii
2996 1309 3479 1365 sebastocratoris
3535 1308 3678 1377 ﬁlia,

2035 1404 2212 1459 quam
2244 1391 2464 1449 incesto
2494 1411 2691 1451 amore
2724 1397 3207 1469 prosequebatur,
3242 1398 3391 1468 fugas
3420 1397 3675 1453 comite:

2036 1479 2147 1535 orti
2182 1483 2376 1536 autem
2406 1482 2684 1540 fratribus
2717 1491 2885 1541 erant
2917 1487 3171 1541 Isaacius
3204 1491 3259 1542 et
3286 1487 3677 1542 Andronicus.

2035 1569 2262 1624 Manuel
2291 1588 2422 1627 vero
2452 1588 2585 1628 cum
2619 1590 2751 1629 eum
2785 1590 2900 1630 non
2946 1575 3135 1648 magis
3186 1575 3679 1646 comprehendere

2036 1675 2213 1729 quam
2245 1659 2535 1717 Junonem
2570 1662 2728 1719 Ixion
2760 1663 3679 1736 posset,Theodoram,tanquam

2035 1748 2132 1804 ille
2159 1750 2393 1820 nubem,
2427 1769 2630 1826 capere
2687 1756 2915 1811 studuit
2948 1775 2962 1824 ;
3025 1759 3200 1828 atque
3258 1756 3385 1826 ejus
3428 1755 3544 1811 voti
3582 1770 3689 1827 per

1958 1837 2412 1929 BTrapezuntis
2472 1843 2793 1914 principem
2853 1844 3243 1915 Nicephorum
3292 1844 3684 1916 Palaeologum

2039 1944 2276 2001 compos
2310 1931 2519 2000 factus,
2553 1931 2722 2002 paulo
2756 1936 2886 2004 post
2943 1933 3134 2003 ipsum
3169 1934 3342 1989 etiam
3393 1934 3684 1989 Androni-

2039 2033 2195 2085 cum,
2229 2018 2543 2074 Theodore:
2576 2037 2772 2076 amore
2810 2026 3091 2093 tanquam
3150 2037 3279 2078 esca
3334 2021 3594 2078 illectum
3628 2025 3686 2077 et

2040 2123 2153 2162 non
2188 2108 2465 2163 mediocri
2500 2108 2933 2181 ﬁliorum,quos
2963 2109 3063 2165 illa
3091 2110 3141 2165 ei
3176 2116 3499 2183 pepererat,
3530 2110 3683 2167 desi-

2041 2194 2198 2249 derio
2228 2195 2590 2266 ﬂagrantem,
2626 2199 2879 2255 attraxit.
2913 2198 3110 2254 Missis
3139 2198 3293 2254 enim
3328 2200 3399 2255 ad
3432 2201 3687 2272 impera.

2041 2291 2220 2340 torem
2242 2284 2445 2357 legatis
2467 2286 2815 2344 delictorum
2837 2287 3064 2344 veniam
3092 2291 3148 2344 et
3176 2289 3346 2347 ﬁdem
3389 2289 3684 2360 publicam

2042 2373 2393 2445 postulavit:
2437 2381 2492 2432 et
2522 2381 2768 2450 utraque
2795 2395 2854 2435 re
2885 2380 3210 2451 impetrata,
3244 2378 3541 2451 aliquanto
3556 2383 3690 2452 post

2038 2463 2098 2519 in
2132 2464 2338 2521 urbem
2368 2482 2657 2536 reversus,
2687 2472 2751 2523 ut
2775 2473 2898 2525 erat
2923 2469 3107 2526 solers
3125 2475 3184 2525 et
3222 2468 3488 2539 callidus,
3519 2468 3683 2542 gravi

2042 2558 2245 2610 catena
2275 2556 2460 2612 ferrea
2488 2556 2637 2612 collo
2670 2558 3089 2616 circumvoluta
3145 2565 3201 2614 et
3258 2560 3367 2615 sub
3421 2564 3578 2615 veste
3608 2558 3683 2616 ad

2041 2644 2218 2715 pedes
2250 2661 2434 2716 usque
2466 2645 2744 2714 demissa,
2770 2663 2842 2703 ne
2870 2647 2956 2704 vel
2990 2647 3061 2704 ab
3093 2648 3440 2719 imperatore
3468 2648 3556 2704 vel
3613 2649 3686 2705 ab

2042 2731 2373 2790 astantibus
2403 2742 2752 2804 cerneretur,
2812 2752 2945 2793 cum
3006 2738 3060 2792 in
3120 2738 3247 2809 ejus
3305 2742 3682 2809 conspectum

2042 2820 2484 2891 venisset,humi
2509 2829 2811 2895 porrectus
2835 2830 3094 2897 quantus
3150 2831 3289 2897 erat,
3325 2826 3546 2899 prolata
3589 2841 3683 2881 ca-

2043 2915 2178 2966 tena
2200 2916 2255 2966 et
2274 2911 2550 2985 lacrymis
2567 2913 2836 2986 oppletus
2852 2916 3203 2971 offensarum
3231 2915 3456 2971 veniam
3472 2930 3687 2987 magna

2043 3001 2436 3067 contentione,
2460 3002 2717 3075 supplici
2741 3008 2797 3059 et
2830 3004 3146 3061 miserabili
3178 3004 3695 3076 gestu,ﬂagitavit.

2043 3089 2367 3163 Imperator
2396 3092 2549 3148 296
2578 3108 2644 3149 eo
2678 3093 3011 3164 spectaculo
3053 3093 3417 3165 stupefactus
3465 3097 3520 3148 et
3570 3092 3698 3166 ipse

2045 3179 2108 3235 in
2137 3178 2425 3252 lacrymas
2456 3180 2670 3252 erupit,
2704 3197 2956 3253 eumque
2980 3181 3159 3238 levari
3184 3182 3388 3253 jussit.
3425 3180 3530 3238 Ille
3560 3196 3698 3237 vero

2048 3285 2109 3324 se
2140 3274 2545 3326 surrecturum
2577 3287 2707 3327 esse
2733 3271 2983 3344 negavit,
3016 3271 3129 3327 nisi
3173 3272 3347 3344 jussu
3382 3271 3694 3344 imperato-

2045 3358 2126 3414 ris
2159 3359 2229 3414 ab
2262 3357 2454 3431 aliquo
2488 3376 2557 3417 ex
2589 3360 2918 3417 astantibus
2948 3368 3147 3417 catena
3180 3362 3250 3415 ad
3295 3360 3551 3417 tribunal
3583 3360 3698 3415 im-

2047 3447 2405 3519 peratorium
2422 3448 2814 3506 attraheretur
2827 3455 3002 3522 atque
3018 3451 3420 3522 procumberet
3434 3451 3695 3506 .Factum

2048 3541 2137 3593 est
2167 3542 2230 3592 ut
2262 3537 2431 3609 petiit
2485 3538 2875 3606 Andronicus,
2929 3538 3150 3613 Angelo
3209 3540 3449 3609 Isaacio,
3508 3557 3541 3594 a
3583 3554 3699 3611 quo

2048 3632 2180 3700 post
2211 3631 2267 3683 et
2301 3628 2543 3699 imperio
2576 3632 2632 3683 ct
2657 3628 2773 3683 vita
2800 3629 3064 3701 privatus
3095 3633 3206 3698 est,
3241 3628 3512 3683 ministro
3541 3644 3553 3681 :
3596 3627 3699 3681 ad-

2049 3719 2359 3774 miratione
2392 3719 2569 3791 digna
2602 3736 2714 3787 res,
2740 3735 2985 3790 quisque
3016 3736 3130 3773 non
3158 3718 3393 3772 fortuito
3417 3714 3702 3772 accidisse

2051 3808 2227 3863 videri
2253 3810 2601 3880 queat.Tum
2635 3817 2827 3865 autem
2855 3807 3333 3879 splendidissime
3386 3811 3442 3861 et
3475 3805 3703 3877 magni-

2050 3898 2430 3954 ﬁcentissime
2462 3908 2769 3969 susceptus
2801 3902 2857 3952 et
2921 3895 3351 3953 humanissime
3398 3898 3702 3960 tractatus,

2052 3990 2117 4041 ut
2148 3986 2384 4042 decebat
2413 3991 2643 4041 tantum
2678 3988 2866 4041 virum
2926 4003 2994 4041 ex
3051 3986 3329 4040 diuturna
3369 3982 3699 4057 peregrina-

2052 4074 2209 4129 tione
2242 4090 2527 4143 reversus,
2555 4079 2803 4130 .Enseum
2866 4073 3192 4146 ablegatur,
3230 4076 3293 4128 ut
3341 4072 3422 4127 ibi
3475 4069 3704 4126 habita-

2055 4171 2138 4218 ret
2169 4166 2226 4218 et
2258 4179 2325 4218 ex
2357 4162 2693 4236 longinquis
2726 4164 3019 4220 erroribus
3066 4180 3128 4218 se
3185 4165 3485 4218 recrearet.
3519 4157 3704 4215 Ambo

2054 4252 2209 4309 enim
2234 4257 2465 4323 norant,
2490 4252 2540 4308 si
2571 4269 2683 4309 una
2714 4253 3012 4326 degerent,
3073 4253 3191 4309 fore
3248 4255 3311 4307 ut
3365 4254 3589 4306 veteres
3619 4248 3704 4305 si-

2058 4340 2329 4398 multates
2360 4343 2849 4401 recrudescerent.
2910 4343 3109 4416 Neque
3168 4342 3321 4399 enim
3368 4341 3703 4413 quieturam

2056 4432 2362 4499 invidiam,
2396 4449 2580 4504 neque
2611 4434 2791 4490 otium
2827 4437 3062 4490 acturos
3087 4448 3186 4489 eos
3243 4432 3458 4503 quibus
3504 4429 3699 4486 studio

2058 4525 2148 4578 est
2176 4521 2539 4578 criminando
2575 4523 2901 4596 principum
2934 4528 3169 4597 captare
3212 4518 3699 4588 benevolentiam,

2056 4616 2115 4666 et
2145 4610 2292 4667 alios
2323 4611 2740 4669 calumniando
2772 4629 2912 4669 suas
2935 4630 3073 4686 opes
3095 4612 3330 4667 ﬁrmare
3360 4610 3502 4667 etad
3529 4608 3702 4666 altio-

2058 4718 2182 4757 rem
2224 4701 2527 4775 dignitatis
2560 4704 2807 4776 gradum
2840 4703 3173 4759 ascendere.

306 4902 409 4936 των
437 4880 523 4939 διὰ
551 4890 653 4950 τῆς
685 4879 1023 4955 ῥυμοτομίας
1054 4877 1271 4933 ἒλκύσει
1299 4881 1398 4931 τοῦ
1432 4877 1684 4951 βήματος
1718 4873 2022 4952 λαϐόμενος
2051 4885 2151 4950 τῆς
2185 4878 2456 4952 ἁλύσεως,
2484 4880 2574 4936 καὶ
2608 4877 2956 4956 προσουδίσει
2988 4884 3068 4952 τῷ
3100 4879 3277 4953 θρόνῳ
3307 4881 3381 4947 τῷ
3416 4872 3705 4951 βασιλείῳ⁶

302 4970 498 5043 Αμέλει
529 4971 621 5026 καὶ
650 4969 864 5045 γέγονεν
890 4969 963 5025 ὡς
993 4966 1168 5022 ἐδεῖτο
1227 4963 1597 5040 Ἀνδρόνικος.
1656 4967 2022 5043 Ὕπουργήκει
2084 4967 2140 5025 δὲ
2194 4970 2331 5045 πρὸς
2388 4973 2620 5046 τοῦργον
2684 4975 2845 5025 τοῦτο
2901 4968 3170 5028 Ἰσαάκιος
3226 4968 3253 5020 6
3341 4961 3615 5038 ’Ἄγγελος
3675 4960 3704 5012 6

301 5059 542 5116 καθελὼν
575 5067 678 5129 τῆς
744 5054 1058 5133 τυραννίδος
1107 5053 1451 5131 Ἀνδρόνικον
1500 5054 1739 5131 ὕστερον·
1786 5057 1875 5112 καὶ
1917 5060 2195 5133 θαυμάσας
2255 5058 2316 5114 ἄν
2366 5081 2451 5122 τις
2498 5061 2559 5114 τὸ
2614 5059 2859 5115 τελεσθὲν
2915 5054 3169 5128 τηνικάδε
3225 5056 3415 5125 καιροῦ
3474 5048 3573 5104 οὐκ
3630 5047 3705 5107 εἷς

299 5147 494 5227 ἄλογον
526 5148 886 5225 συγκυρίανῆ
929 5146 1236 5219 αὐτόματον
1310 5142 1573 5200 ἀπολύσει
1627 5151 1789 5201 τοῦτο
1830 5148 2183 5222 περίπτωσιν.
2260 5151 2355 5222 Τῷ
2432 5147 2477 5204 δ’
2536 5147 2628 5203 οῦν
2685 5148 2807 5203 τότε
2851 5146 3213 5221 λαμπρότατα
3273 5136 3635 5216 προσδεχθεὶς
3676 5136 3704 5190 6

298 5226 428 5316 ἀνὴρ
459 5244 554 5298 καὶ
601 5239 1009 5319 φιλοφροσύνης
1086 5234 1542 5314 μεγαλοπρεποῦς
1573 5235 1837 5307 ἀξιωθεὶς,
1895 5238 1970 5299 ὡς
2030 5235 2135 5294 ἔδει
2192 5239 2520 5310 τηλικοῦτον
2580 5235 2747 5312 ἀνδρα
2780 5239 3000 5313 χρόνιον
3051 5234 3408 5304 ἐπανήκοντα,
3468 5227 3604 5303 πρὸς
3642 5226 3705 5281 τὸ

309 5332 521 5390 Οῗναιον
583 5317 1002 5403 ἀποστέλλεται,
1061 5328 1231 5382 έκεῖσε
1286 5326 1380 5387 τὰς
1440 5319 1719 5400 διατριϐὰς
1773 5324 2007 5382 τελέσων
2074 5330 2163 5383 καὶ
2214 5331 2313 5398 τὴν
2368 5329 2576 5405 μακρὰν
2635 5328 3032 5401 ἀνακωχεύσων
3102 5319 3409 5399 περιοδείαν
3468 5318 3555 5372 καὶ
3614 5317 3707 5372 τὸν

309 5421 553 5492 πολυετῆ
615 5420 976 5476 καταπαύσων
1033 5416 1263 5473 πλάνον.
1322 5412 1550 5485 ᾜδεσαν
1598 5414 1705 5489 γὰρ
1760 5413 2062 5490 ἀμφότεροι
2118 5417 2183 5471 τὰ
2239 5423 2338 5486 τῆς
2406 5416 2458 5471 ἐν
2517 5415 2698 5487 ταῦτῷ
2756 5414 3035 5476 συνουσίας

3131 5412 3208 5473 εἷς
3270 5411 3365 5473 τὰς
3440 5407 3710 5484 προτέρας

300 5509 709 5568 ἔπαναλύσοντα
747 5508 1051 5585 συμφοράς·
1089 5502 1228 5580 μηδέ
1265 5505 1370 5579 γὰρ
1404 5502 1466 5559 ἂν
1509 5504 1690 5578 ἠρεμή
1726 5523 1803 5557 ειν
1862 5501 2011 5566 ’ὀλως
2061 5505 2152 5559 τὸν
2186 5505 2381 5584 φθόνον
2412 5505 2503 5559 καὶ
2535 5505 2613 5566 οἶς
2657 5501 2809 5579 ἔργον
2863 5504 2943 5576 τῷ
2973 5500 3237 5580 φιλαιτίῳ
3288 5499 3391 5568 τήν
3420 5497 3568 5573 παρὰ
3596 5498 3715 5557 τοῖς

299 5608 584 5678 κρατοῦσιν
618 5600 890 5657 οἲκείωσιν
919 5597 1177 5677 ἄρνυσθαι
1231 5594 1322 5651 καὶ
1368 5597 1488 5656 ταῖς
1545 5596 1654 5647 τῶν
1700 5590 1889 5649 ἄλλων
1930 5588 2217 5659 διαϐολαῖς
2272 5593 2493 5659 ἑαυτοὺς
2552 5591 2918 5668 ἐπικρατύνειν
2980 5592 3065 5648 καὶ
3131 5590 3207 5657 εἷς
3268 5589 3486 5666 μείζους
3516 5595 3711 5663 προσε-

297 5697 501 5772 παίρειν
534 5692 725 5771 τιμάς.
