4066 6214
229 335 349 396 581
1311 335 1649 399 ALEXIUS
1692 335 1793 395 DE
1841 335 2247 398 MANUELIS
2295 334 2574 397 FlLlUS.
3531 341 3649 403 582

221 468 316 524 καὶ
357 469 526 544 πείρᾳ
577 466 893 545 πολιωτέρᾳ
944 469 1013 525 τὰ
1067 467 1341 527 κάλλιστα
1396 468 1816 544 συλλεξάμενον.
1873 470 1972 524 Καὶ
2031 467 2191 531 αὐτὸς
2251 466 2309 524 δὲ
2353 473 2448 524 τοῦ
2506 466 2727 527 Οἷναίου
2767 469 2975 545 ἀπάρας
3004 470 3139 546 πρὸς
3170 471 3268 541 τήν
3295 477 3402 529 τῶν
3435 473 3651 545 πόλεων

223 555 492 634 βασιλίδα
561 553 864 632 μετεϐαινε,
931 560 1022 616 τὸν
1086 559 1290 615 οἰκεῖον
1355 561 1472 615 καθ’
1536 558 1627 622 οὕς
1696 558 1946 629 ἐπισταίη
2008 559 2169 634 ὅρκον
2231 558 2609 629 ἀναπτύσσων,
2666 559 2758 614 καὶ
2813 563 2930 621 τοῖς
2984 563 3407 633 πυνθανομένοις
3438 560 3647 636 διεξιὼν

214 649 274 703 τὸ
299 654 405 716 τῆς
437 649 707 719 κινήσεως
735 646 936 705 αἶ’τιον.
991 651 1089 707 Καὶ
1142 650 1269 725 περί
1318 648 1517 705 ἐκεῖνον
1547 650 1646 704 ’ὀσα
1675 648 1766 703 καὶ
1798 649 1952 704 ἀετὸν
1985 647 2222 724 ὑψινερῆ
2276 648 2371 703 καὶ
2427 649 2782 724 γαμψώνυχα
2828 646 3045 704 κολοιοί
3076 648 3302 726 ἐγάρυον
3332 650 3567 725 ἄκραντα
3600 657 3653 709 0i

218 736 563 814 πραγμάτων
620 736 899 812 νεωτέρων
936 735 1230 817 τρέφοντες
1290 735 1497 817 ἔφεσιν,
1554 739 1644 794 καὶ
1703 740 1786 801 οἷς
1836 740 1870 807 ἡ
1930 736 2101 792 πάλαι
2159 740 2320 811 φήμη
2386 736 2874 810 περιεσποῦδαστο,
2930 735 2965 807 ἤ
3027 735 3093 809 δή
3155 760 3258 793 που
3316 738 3655 815 βασιλεύσειν

220 823 573 900 Ἀνδρόνικον
602 828 967 903 προηγόρευε.
1006 829 1105 883 Καὶ
1134 828 1281 903 εἶχεν
1316 827 1477 883 αὐτὸν
1508 827 1658 883 οὕτω
1709 820 2018 900 μεταϐάντα
2070 827 2104 896 ἡ
2152 831 2260 881 τῶν
2314 823 2691 906 Παφλαγόνων
2725 826 2904 902 μερὶς,
2936 825 3027 881 καὶ
3064 825 3161 881 ὅσα
3191 826 3282 881 καὶ
3313 834 3533 902 σωτῆρα
3562 827 3654 884 καὶ

219 916 358 970 κατὰ
386 916 532 969 θεῖον
564 914 773 984 ἥκοντα
801 914 1244 992 προσδεχόμενον
1280 916 1562 993 ἱριτίμως.

291 1003 356 1063 δ’.
412 1006 477 1063 Ὁ
526 1002 588 1059 εὶ
642 1001 1089 1079 πρωτοσεϐαστὸς
1150 1005 1395 1077 Ἀλέξιος
1447 1009 1546 1076 τὴν
1583 1010 1692 1061 τῶν
1724 1004 1870 1061 ὅλων

2058 1008 2113 1061 4.
2146 1007 2423 1062 Caeterum
2454 1004 2690 1063 Alexius
2721 1007 3173 1076 sebastocrator,
3229 1023 3340 1063 sua
3382 1008 3649 1078 potentia

222 1093 498 1165 διοίκησιν
549 1094 627 1157 εἰς
674 1095 861 1150 ἑαυτὸν
915 1093 1206 1168 ἐπεσπᾶτο,
1255 1101 1334 1169 τῷ
1405 1094 1530 1169 ἰδίῳ
1579 1095 1873 1173 φυσιούμε·

223 1205 311 1246 νος
361 1184 553 1257 κράτει
604 1182 694 1237 καὶ
742 1187 811 1257 τῇ
861 1181 1289 1258 παραδυναστείᾳ
1314 1191 1416 1254 τῆς
1460 1182 1753 1255 δεσποίνης
1782 1204 1879 1239 κα-

224 1275 609 1350 ταχρώμενος,
641 1272 826 1349 ὣσπερ
871 1273 961 1329 καὶ
993 1276 1021 1330 ὁ
1051 1273 1239 1330 πολλᾶ
1281 1274 1554 1339 πολλάκις
1602 1272 1882 1346 ἐδηδοκὼς

224 1363 488 1439 φάρμακα
583 1359 795 1439 δράκων
889 1365 978 1419 καὶ
1044 1365 1335 1439 γενόμενος
1403 1360 1879 1426 δυσαντίϐλίπτος.

224 1449 435 1507 Οὐκοῦν
509 1450 611 1505 οὐκ
644 1449 712 1519 ἦν
771 1471 823 1505 τι
870 1454 977 1505 τῶν
1042 1448 1290 1506 ἁπάντων
1344 1449 1373 1505 ὅ
1432 1452 1507 1524 μὴ
1579 1449 1648 1505 δι’
1716 1451 1881 1506 αὐτοῦ

226 1537 562 1613 ἐπεραίνετο.
622 1537 685 1594 Εἰ
747 1534 803 1592 δὲ
855 1560 907 1593 τι
964 1536 1054 1594 καὶ
1114 1536 1468 1618 διεπεπράχει
1529 1539 1706 1594 λαϐὼν
1764 1536 1880 1594 ’ἐτε-

230 1647 342 1700 ρος,
368 1628 406 1696 ἤ
435 1634 541 1696 τῆς
597 1624 920 1701 βασιλίσσης
970 1624 1206 1697 δεηθεὶς,
1238 1630 1272 1698 ἢ
1304 1628 1393 1683 τὸν
1428 1627 1654 1704 βασιλέα
1684 1647 1884 1703 καρυα-

230 1717 516 1791 τιζόμενον
598 1714 769 1793 εὒρὼν
842 1718 878 1788 ἢ
975 1718 1169 1793 ῥιμμῷ
1244 1716 1493 1776 λιθιδίων
1559 1713 1884 1774 καταλαϐὼν

231 1804 640 1883 προσανέχοντα
711 1806 801 1862 καὶ
876 1811 956 1879 τῷ
1047 1812 1222 1883 καιρῷ
1333 1809 1468 1884 πρὸς
1580 1807 1884 1883 περάτωσιν

231 1902 326 1952 τοῦ
358 1894 689 1970 αἰτουμένου
721 1897 1095 1972 χρησάμενος,
1147 1896 1272 1953 οὐδὲ
1317 1902 1480 1954 τοῦτο
1521 1903 1628 1954 τῶν
1679 1897 1884 1953 ἐκείνου

236 1984 609 2060 ἐκπεριίστατο
694 1983 1015 2063 ὀφθαλμῶνο
1098 1986 1431 2061 σκεψάμενος
1505 1986 1605 2063 γὰρ
1680 1988 1882 2061 τρόπον

237 2071 310 2129 δι’
340 2072 405 2127 οὗ
434 2074 500 2128 τὰ
552 2074 683 2148 παρ’
738 2071 926 2129 ἄλλων
981 2071 1314 2150 διηνυσμὲνα
1370 2075 1504 2149 πρὸς
1560 2074 1759 2130 ἐκεῖνον
1792 2074 1886 2131 ἐπ-

231 2163 594 2218 αναλῦσουσιν
681 2162 757 2225 ὡς
847 2162 924 2226 εἰς
1021 2165 1395 2242 στροφάλιγγα
1472 2161 1888 2240 περιδινοόμενα

238 2251 500 2327 ῥεύματα,
555 2248 734 2328 δόγμα
791 2251 852 2308 ἐκ
910 2251 1183 2327 βασιλέως
1242 2253 1490 2329 ἐξήνεγκε
1548 2255 1624 2327 μὴ
1696 2252 1886 2317 ἄλλως

234 2339 609 2417 εὖπαράδεκτα
658 2339 863 2396 οἷέσθαι
924 2340 1023 2396 ὅσα
1079 2344 1113 2412 ἡ
1178 2341 1434 2417 βασιλική
1491 2343 1616 2422 χεὶρ
1676 2344 1887 2415 ὑποση-

239 2431 477 2503 μαίνεται
548 2431 868 2505 γράμματα,
939 2431 984 2486 εἰ
1065 2433 1140 2505 μὴ
1209 2433 1472 2508 πρότερον
1546 2433 1753 2509 ὀφθεῖεν
1815 2437 1894 2506 τῷ

235 2518 465 2593 Ἀλεξίῳ
495 2520 590 2575 καὶ
633 2520 791 2584 οὗτος
827 2522 928 2591 τὴν
979 2518 1150 2591 δεξιὰν
1199 2526 1278 2593 τῷ
1330 2523 1643 2597 βατραχείῳ
1673 2519 1891 2585 ἐπιδοὺς

241 2610 506 2687 χρώματι
580 2610 681 2678 τὴν
747 2613 847 2664 τοῦ
935 2633 963 2662 ιι
1025 2608 1365 2686 ἐτηρήθησαν
1436 2634 1464 2664 ››
1530 2608 1893 2684 ἔπισημασίαν

240 2695 615 2773 βραϐεύσειεν.
686 2700 847 2774 Ἥγεν
899 2697 990 2755 οὖν
1045 2699 1119 2762 ὠς
1171 2700 1358 2774 ἡρεῖτο
1406 2698 1579 2755 πάντα
1620 2700 1710 2755 καί
1765 2723 1891 2775 μετ-

232 2786 541 2857 επὲπτευεν,
620 2787 713 2841 καὶ
795 2786 931 2862 ἅπερ
1001 2789 1051 2843 οἱ
1127 2788 1187 2844 ἐκ
1243 2794 1539 2862 Κομνηνῶν
1629 2790 1892 2864 πρότερον

230 2876 471 2952 βασιλεῖς
505 2875 703 2952 ἱδρῶσι
750 2877 1009 2948 πολλοῖς,
1060 2877 1199 2933 εἷ’πω
1258 2875 1315 2933 δὲ
1360 2879 1451 2934 καὶ
1500 2879 1626 2942 τοὺς
1657 2879 1889 2950 πένητας

233 2964 660 3041 καλαμώμενοι,
729 2964 1147 3041 συλλογιμαίως
1227 2968 1662 3045 ἀπεθησαύρισαν
1733 2970 1888 3045 χρή-

234 3077 387 3129 ματα,
450 3059 626 3111 ταῦτα
684 3060 763 3128 τῷ
820 3051 1258 3130 πρωτοσεϐαστῷ
1313 3057 1404 3112 καὶ
1459 3061 1528 3132 τῇ
1589 3056 1885 3134 βασιλίσσῃ

224 3144 346 3219 πρὸς
411 3145 781 3219 ἆποχέτευσιν
842 3142 1155 3221 προῦκειτο,
1187 3146 1276 3201 καὶ
1306 3146 1369 3202 τὸ
1410 3151 1509 3203 τοῦ
1539 3145 1887 3224 Ἀρχιλόχου

228 3232 468 3309 ἄντικρυς
531 3233 866 3311 ἐπεραίνετο,
927 3237 958 3290 ὅ
1015 3258 1198 3315 φησιν,
1259 3238 1334 3301 εἷς
1415 3232 1624 3313 ἔντερον
1674 3239 1886 3313 πόρνης

226 3323 494 3387 πολλάκις
576 3322 1060 3399 μεταῤῥυΐσκεσθαι
1132 3327 1200 3381 τὰ
1274 3326 1463 3402 χρόνῳ
1556 3328 1648 3382 καὶ
1733 3327 1886 3401 πόνῳ

228 3412 559 3490 συλλεγέντα
619 3418 833 3488 μακρῷ.
897 3416 1170 3471 Ἐντεῦθεν
1232 3418 1266 3485 ἡ
1326 3421 1470 3472 πᾶσα
1526 3415 1690 3480 πόλις
1746 3418 1883 3494 πρὸς

227 3502 573 3577 Ἀνδρόνικον
645 3498 865 3572 ἕϐλεπε,
932 3506 1020 3559 καὶ
1092 3507 1126 3575 ἡ
1197 3505 1401 3561 ἐκείνου
1465 3504 1645 3586 ἄφιξις
1693 3508 1767 3569 ὡς
1828 3506 1881 3562 ἐν

228 3594 535 3667 σκοτομήνῃ
583 3591 852 3666 λαμπτὴρ
901 3593 994 3648 καὶ
1041 3593 1216 3670 ἀστὴρ
1267 3592 1533 3670 ἀρίζηλος
1576 3592 1880 3666 ἐδοξάζετο.

226 3685 307 3753 Τῷ
358 3702 441 3736 τοι
496 3682 590 3737 καὶ
653 3683 849 3759 ἐνῆγον
909 3680 997 3738 διὰ
1055 3684 1398 3758 γραμμάτιον
1445 3679 1689 3761 κρύϐδην
1736 3707 1877 3759 πεμ-

228 3772 466 3844 πομένων
517 3771 572 3826 οἱ
627 3771 768 3844 μέγα
830 3771 952 3826 τότε
1008 3768 1295 3844 δυνάμενοι
1345 3777 1720 3849 καταταχῆσαι
1777 3776 1877 3845 τὴν

229 3855 445 3928 ἔσοδον,
479 3859 557 3921 ὡς
604 3857 1034 3931 ἀντιταξομένων
1086 3856 1345 3931 οὐδένων,
1407 3858 1531 3917 οὔτε
1586 3862 1696 3933 μὴν
1747 3864 1884 3937 πρὸς

234 3948 287 4002 τὸ
341 3948 593 4003 ἀντωπὸν
653 3954 759 4017 τῆς
816 3946 1025 4004 ἐκείνου
1111 3949 1462 4023 στησομὲνων
1526 3955 1699 4021 σκιᾶς,
1760 3948 1887 4006 ἀλλ’

241 4035 442 4098 ὑπτίαις
494 4035 644 4091 ὅλων
700 4032 1158 4110 προσδεξομένων
1215 4039 1373 4115 χερσί
1406 4038 1495 4093 καὶ
1527 4038 1888 4093 ἀναπετασόν-

240 4144 338 4179 των
397 4123 651 4198 ἀσμένως
703 4126 799 4189 τὰς
853 4126 953 4191 τῆς
1010 4122 1238 4202 καρδίας
1293 4128 1658 4202 περιπτυχάς.
1695 4135 1891 4206 Διαιρε-

243 4213 436 4287 ρόντως
483 4214 544 4269 δὲ
600 4214 764 4270 αὐτὸν
828 4216 1152 4291 παρεκρότει
1209 4217 1300 4272 καὶ
1358 4217 1671 4294 θαρραλέως
1722 4239 1890 4294 προσ-

238 4305 356 4359 ιέναι
424 4302 698 4361 διὲνυττεν
768 4308 802 4375 ἡ
870 4306 1381 4383 πορφυρογέννητος
1446 4308 1629 4382 Μαρία
1696 4310 1730 4379 ἢ
1787 4313 1889 4363 τοῦ

237 4392 497 4467 βασιλέως
568 4393 817 4468 Ἀλεξίου
875 4394 1203 4471 ὲτεροθαλὴς
1259 4394 1494 4473 ἀδελφὴ,
1552 4397 1642 4451 καὶ
1690 4398 1891 4472 ὁπαρ-

242 4482 391 4538 ισόων
449 4483 620 4558 ταύτῃ
681 4485 890 4560 Καῖσαρ
944 4484 992 4554 ἐξ
1057 4482 1279 4541 Ἰταλῶν
1342 4486 1688 4561 ὁρμώμενος.
1738 4485 1885 4558 Αὕτη

241 4572 333 4645 γὰρ
388 4572 803 4650 ἀποπνιγομὲνη
861 4578 1061 4650 μικροῦ
1123 4579 1205 4647 τῷ
1257 4575 1357 4644 τήν
1415 4577 1671 4650 πατρῴαν
1734 4577 1888 4650 βασι-

245 4658 381 4716 λείαν
431 4663 534 4717 ὑπὸ
580 4666 680 4717 τοῦ
728 4657 1182 4737 πρωτοσεϐαστοῦ
1232 4661 1515 4735 συλᾶσθαι,
1570 4665 1657 4720 καὶ
1701 4664 1888 4727 ἄλλως

250 4744 300 4801 δὲ
349 4750 716 4826 θερμουργίαν
776 4745 1128 4825 ἀσπαζομένη
1207 4750 1299 4806 καὶ
1356 4749 1582 4825 ἀνδρικὴ
1638 4752 1700 4807 τὸ
1758 4751 1890 4829 φρό-

246 4856 375 4909 νημα
437 4838 593 4907 οὖσα,
652 4839 1045 4915 προσκτωμένη
1115 4837 1174 4895 δὲ
1236 4840 1327 4895 καὶ
1394 4841 1456 4895 τὸ
1531 4841 1682 4916 φύσει
1753 4841 1889 4916 πρὸς

248 4927 330 4995 τὴν
392 4928 663 5004 μητρυιὰν
728 4927 1066 5004 βαρ-ὄζηλον,
1133 4927 1260 5005 οὐχὶ
1342 4928 1607 5006 στέγουσα
1677 4927 1735 4985 δὲ
1799 4930 1890 4985 καὶ

245 5014 298 5068 τὸ
389 5014 908 5090 παρευδοκιμεῖσοαι
1014 5017 1103 5075 καὶ
1209 5017 1284 5080 ὠς
1396 5017 1883 5094 ἀντικαθισταμένη

251 5122 321 5165 τις
391 5102 814 5177 ὑποϐλέπεσοαι,

260 5212 398 5262 gmw
426 5194 733 5267 ἐμυώπιζεν
781 5194 856 5259 ὠς
926 5194 1102 5252 ’ίππον
1164 5196 1244 5275 ἐφ’
1305 5194 1624 5274 ὕσπληγγος
1677 5198 1885 5256 ἑστῶτα

262 5282 334 5337 καὶ
377 5282 577 5361 δρόμον
624 5284 945 5363 καμπτῆρωτ
994 5285 1244 5359 πνέοντα,
1292 5287 1376 5342 ἑὸν
1426 5289 1588 5344 κακὸν
1639 5289 1883 5366 ἆμθαγα-

262 5375 397 5428 πῶσι
445 5375 533 5431 καὶ
590 5376 684 5431 τὸν
736 5374 936 5431 οἰκεῖον
997 5374 1223 5451 ὄλεθρον
1278 5375 1705 5453 ἐπισπερχούσα.
1766 5380 1883 5448 Τὴν

262 5454 309 5514 δὲ
350 5464 478 5539 πρὸς
526 5464 618 5521 τὸν
663 5459 1111 5541 πρωτοσεϐαστὸν
1161 5465 1268 5543 οὐχ
1312 5467 1400 5522 οἳα
1442 5487 1500 5522 τε
1551 5466 1685 5522 οὖσα
1732 5486 1886 5542 περι-

259 5549 478 5609 στέλλειν
511 5552 806 5630 ἀπέχθειαν
858 5554 934 5619 εἷς
987 5553 1296 5634 τοὺμφανὶς
1344 5554 1495 5628 αὗτῷ
1539 5552 1884 5633 ἀπεφέρετο,

255 5639 332 5696 καὶ
377 5642 489 5699 οὐδ’
537 5641 789 5700 ὁπωσοῦν
840 5640 1196 5717 διελελοίπει,
1244 5644 1343 5703 ὅσα
1394 5644 1447 5701 οἳ
1489 5644 1626 5722 πρὸς
1676 5643 1882 5722 λύμην,

1992 1098 2048 1150 et
2077 1093 2446 1166 imperatoris
2475 1095 2658 1164 gratia
2691 1096 2895 1162 fretus,
2954 1112 3248 1152 summam
3294 1113 3489 1153 rerum
3535 1097 3651 1152 sibi

1987 1183 2401 1240 vindicabatet
2432 1183 2747 1241 insolenter
2776 1202 2838 1241 se
2867 1187 3124 1257 gerebat,
3153 1189 3217 1241 ut
3249 1186 3446 1252 draco,
3479 1186 3651 1256 cujus

1991 1276 2292 1344 aspectum
2327 1276 2459 1344 post
2492 1272 2679 1329 multa
2710 1289 2933 1330 venena
2965 1276 3240 1332 devorata
3273 1292 3443 1332 nemo
3474 1275 3652 1331 susti-

1991 1364 2144 1416 neat.
2177 1360 2375 1432 Neque
2408 1360 2735 1433 quidquam
2765 1368 2891 1418 erat
2922 1380 3115 1419 rerum
3179 1364 3448 1421 omnium
3493 1363 3651 1435 quod

1989 1465 2093 1521 per
2148 1466 2279 1506 eum
2338 1467 2456 1507 non
2515 1452 2964 1523 gubernaretur.
3028 1454 3246 1518 Quodsi
3305 1453 3439 1525 quis
3497 1452 3653 1510 alius

1989 1537 2140 1593 clam
2200 1539 2420 1610 aliquid
2481 1538 2570 1596 vel
2630 1540 2702 1595 ab
2753 1540 3125 1612 imperatricc
3189 1532 3504 1613 exoraséet,
3562 1539 3652 1597 vel

1990 1626 2296 1683 occasione
2326 1644 2472 1684 usus
2500 1628 2571 1684 ab
2603 1628 2982 1699 imperatore,
3015 1629 3268 1686 nucibus
3304 1634 3406 1685 aut
3434 1628 3654 1700 lapillis

1990 1715 2225 1772 ludente
2254 1717 2651 1788 impetrasset,
2686 1733 2758 1773 ne
2820 1719 2881 1773 id
2935 1718 3175 1791 quidem
3225 1718 3653 1790 inexploratum

1993 1804 2383 1877 relinquebat.
2418 1807 2559 1862 Eam
2594 1806 2753 1863 enim
2816 1809 3098 1863 rationem
3167 1806 3323 1879 iniit,
3379 1824 3497 1879 qua
3553 1822 3657 1879 per

1994 1893 2138 1950 alios
2170 1894 2438 1952 confecta
2468 1896 2539 1951 ad
2572 1911 2634 1952 se
2666 1897 3039 1964 referrentur,
3059 1913 3345 1967 aquarum
3376 1897 3562 1953 instar
3588 1895 3652 1951 in

1995 1984 2268 2040 verticem
2301 1984 2698 2055 redeuntium,
2735 1984 3045 2057 impetrato
3103 1984 3290 2040 edicto
3340 2001 3452 2055 quo
3505 2000 3647 2039 con-

1997 2072 2313 2139 tinebatur,
2346 2088 2412 2128 ea
2444 2072 2663 2144 quibus
2699 2089 2909 2128 manus
2968 2071 3339 2144 imperatoris
3388 2071 3653 2127 subscri-

1997 2165 2216 2236 psisset
2245 2180 2361 2220 non
2394 2164 2563 2219 aliter
2594 2168 2719 2220 rata
2776 2165 2916 2233 fore,
2952 2164 3064 2220 nisi
3120 2165 3275 2219 300
3319 2165 3482 2236 prius
3512 2162 3650 2220 Ale-

1996 2254 2127 2309 xius
2154 2268 2222 2309 ea
2278 2252 2525 2308 vidisset
2584 2257 2643 2308 et
2698 2251 2890 2309 colore
2947 2252 3115 2308 viridi
3184 2251 3650 2324 subscripsisset,

2000 2366 2028 2394 «
2063 2343 2208 2400 Rata
2229 2346 2427 2400 sunt.»
2450 2342 2652 2413 Itaque
2679 2359 2785 2399 suo
2806 2341 3092 2399 arbitratu
3116 2342 3386 2397 versabat
3406 2342 3604 2398 omnia
3636 2360 3651 2413 ;

2000 2436 2057 2489 et
2082 2450 2229 2505 quas
2258 2432 2535 2505 pecunias
2566 2431 2867 2488 Comnenii
2903 2432 3281 2504 imperatores
3316 2431 3519 2487 multis
3549 2449 3650 2488 su-

1999 2522 2239 2577 doribus
2273 2505 2452 2593 atque
2489 2520 2664 2577 etiam
2723 2519 3114 2592 deglubendis
3170 2520 3528 2592 pauperibus
3591 2519 3650 2575 in

1999 2609 2310 2667 thesauros
2368 2609 2715 2681 retulerant,
2772 2626 2873 2665 eas
2930 2608 2992 2665 in
3040 2625 3102 2665 se
3131 2609 3649 2682 etimperatricem

1995 2699 2314 2768 derivabat,
2366 2703 2430 2754 ut
2488 2697 2658 2769 plane
2716 2697 2773 2752 id
2835 2698 2999 2755 ﬁeret
3057 2699 3211 2770 quod
3272 2698 3652 2756 Archilochus

1998 2788 2224 2858 scribit,
2258 2805 2323 2844 ea
2353 2803 2504 2859 ξιξερο
2536 2789 2594 2843 in
2627 2788 2807 2844 scorti
2839 2789 3116 2859 pudenda
3171 2788 3485 2859 conﬂuere,
3524 2805 3653 2860 quas

1994 2879 2169 2949 longo
2202 2878 2400 2934 labore
2431 2884 2487 2933 et
2519 2885 2780 2951 tempore
2811 2878 2932 2933 sint
2972 2882 3266 2949 congesta.
3324 2878 3473 2934 Hinc
3532 2882 3654 2934 tota

1991 2967 2200 3024 civitas
2230 2967 2633 3024 Andronicum
2669 2968 3013 3040 spectabat:
3055 2969 3184 3039 ejus
3243 2969 3526 3024 adventus
3587 2974 3651 3023 ut

1994 3058 2087 3113 fax
2116 3057 2173 3113 in
2233 3058 2487 3115 tenebris
2542 3065 2598 3113 et
2664 3057 2835 3113 stella
2888 3058 3121 3113 radians
3180 3058 3648 3131 exspectabatur.

1992 3153 2266 3204 Proceres
2279 3164 2414 3204 eum
2431 3146 2582 3203 clam
2601 3163 2701 3220 per
2718 3145 2944 3204 litteras
2958 3147 3032 3202 ad
3067 3147 3515 3204 accelerandum
3547 3147 3657 3202 iter

1990 3236 2725 3293 hortabanturmemiuem
2758 3236 2914 3293 enim
2941 3237 3063 3295 fore
3110 3236 3211 3309 qui
3238 3235 3289 3292 ei
3318 3236 3654 3293 adversetur

1993 3330 2096 3383 aut
2128 3328 2348 3383 umbrae
2382 3328 2511 3399 ejus
2539 3343 2601 3383 se
2658 3329 2936 3398 opponat,
2997 3326 3100 3382 sed
3161 3342 3366 3383 omnes
3426 3324 3657 3398 supinis

1994 3416 2267 3473 manibus
2299 3432 2433 3473 eum
2470 3421 2839 3487 excepturos,
2874 3418 2933 3471 et
2971 3414 3214 3471 intimos
3271 3414 3533 3471 cordium
3565 3429 3652 3471 re-

1991 3521 2194 3561 cessus
2218 3507 2269 3561 ei
2302 3505 2554 3563 libenter
2576 3505 2950 3562 revelaturos.
2986 3505 3048 3560 In
3075 3505 3286 3576 primis
3308 3520 3446 3559 vero
3470 3503 3654 3559 Maria

1989 3595 2510 3668 Porphyrogenita,
2561 3593 2940 3666 imperatoris
2995 3593 3177 3649 Alexii
3237 3609 3518 3664 germana
3548 3592 3651 3646 sed

1997 3702 2111 3741 non
2139 3685 2369 3741 uterina
2389 3701 2574 3753 soror,
2595 3700 2727 3740 eum
2754 3681 3159 3747 conﬁrmabat,
3192 3684 3249 3736 et
3295 3680 3487 3735 Czesar
3524 3679 3654 3748 ejus

1998 3777 2249 3832 maritus
2283 3776 2519 3832 natione
2541 3774 2743 3831 Italus.
2771 3774 2905 3838 Quae
2927 3788 3057 3827 cum
3089 3770 3387 3843 aegerrime
3409 3773 3647 3840 patere-

1998 3873 2091 3920 tur
2111 3869 2416 3937 paternum
2440 3864 2753 3935 imperium
2774 3859 3218 3917 sebastocratori
3257 3860 3456 3930 praedas
3487 3872 3650 3924 esse;

1995 3958 2055 4011 et
2084 3954 2302 4027 alioqui
2334 3954 2618 4010 iracunda
2648 3952 2859 4009 mulier
2889 3956 2946 4007 et
2976 3947 3646 4022 virago,naturalietiam

1996 4043 2056 4098 in
2091 4059 2397 4099 novercam
2456 4042 2589 4099 odio
2637 4040 2902 4108 incitata,
2980 4043 3256 4111 praeterea
3323 4035 3643 4109 superioris

1996 4132 2306 4206 impatiens
2330 4136 2386 4188 et
2414 4148 2477 4188 sc
2536 4134 2598 4188 ut
2648 4132 2796 4186 801
2861 4127 3256 4186 adversariam
3312 4133 3646 4198 suspectam

1995 4239 2121 4279 esse
2150 4238 2301 4295 aegre
2331 4221 2544 4289 ferens,
2575 4219 2789 4277 litteris
2843 4218 3270 4287 Andronicum,
3307 4221 3372 4272 ut
3427 4230 3649 4288 equum

1996 4312 2056 4368 in
2088 4311 2418 4368 carceribus
2451 4314 2701 4366 stantem
2757 4313 2816 4364 et
2869 4309 2941 4364 ad
3004 4311 3217 4364 metam
3263 4306 3649 4378 aspirantem,

1996 4400 2172 4456 veluti
2205 4398 2451 4472 ﬂagellis
2481 4398 2765 4455 incitabat
2801 4416 2814 4466 ;
2846 4396 3025 4468 idque
3057 4414 3163 4453 suo
3223 4395 3401 4463 malo,
3434 4393 3655 4451 accele-

1998 4497 2119 4547 rato
2150 4489 2263 4545 sibi
2295 4488 2553 4545 interitu.
2588 4488 2657 4544 Et
2715 4488 2853 4559 quia
2909 4486 3390 4543 sebastocratoris
3447 4483 3649 4540 odium

1997 4577 2368 4635 dissimulare
2404 4594 2517 4633 non
2551 4581 2799 4650 poterat,
2841 4579 3038 4649 aperte
3098 4576 3149 4632 ei
3207 4574 3652 4638 adversabatur,

1997 4674 2052 4724 et
2074 4667 2218 4724 nihil
2241 4685 2355 4724 non
2381 4667 2439 4722 in
2463 4668 2593 4736 eius
2617 4666 2933 4739 perniciem
2954 4666 3300 4734 conabatur,
3321 4663 3652 4721 conciliatis

1997 4758 2173 4814 etiam
2204 4755 2468 4831 cognatis
2500 4757 2647 4829 suis,
2679 4773 2824 4828 quos
2857 4757 3045 4812 favere
3077 4759 3246 4812 norat
3292 4754 3647 4820 Andronico,

1998 4851 2054 4903 et
2085 4848 2484 4919 protosebasto
2516 4845 2789 4901 inimicos
2819 4861 2967 4901 esse.
3000 4844 3069 4899 Hi
3095 4848 3261 4901 erant
3313 4845 3650 4900 Comnenus

1998 4934 2254 5006 Alexius,
2289 4934 2505 4991 nothus
2534 4934 2825 4991 Manuelis
2852 4934 3010 4989 ﬁlius
3043 4949 3109 4988 ex
3143 4936 3309 5002 nepte
3350 4930 3652 4987 Theodora

2000 5029 2335 5097 susceptus,
2368 5024 2735 5088 Andronicus
2796 5021 3108 5094 Lapardas,
3169 5021 3284 5075 duo
3331 5011 3647 5074 Andronici

920 5106 1011 5162 τὸν
1093 5104 1440 5182 Ἀνδρόνικον
1513 5114 1629 5172 τοῖς
1704 5090 1885 5185 γράμέ

1996 5115 2123 5184 ﬁlii,
2154 5119 2409 5171 Joannes
2439 5117 2496 5170 et
2524 5112 2776 5180 Manuel,
2812 5112 3119 5183 praafectus
3162 5107 3329 5164 urbis
3385 5105 3652 5162 Joannes

1994 5205 2359 5271 Camaterus,
2393 5207 2450 5259 et
2481 5201 2579 5258 alii
2616 5199 2971 5272 complures.
3004 5198 3088 5253 Ita
3145 5214 3253 5255 sua
3307 5195 3367 5250 in
3414 5194 3650 5251 fratrem

1993 5299 2049 5351 et
2077 5294 2487 5364 imperatorem
2519 5290 2632 5346 ﬁde
2665 5306 2765 5362 per
2795 5287 3258 5359 conjurationem
3307 5283 3559 5351 ﬁrmata,
3590 5288 3649 5342 et

1992 5389 2178 5439 morte
2230 5379 2616 5452 protosebasti
2698 5377 3011 5445 destinata,
3069 5377 3196 5448 ejus
3266 5371 3648 5447 aggrediendi

1992 5474 2224 5541 tempus
2256 5468 2465 5540 cupide
2494 5465 3064 5530 observabat.0uam
3096 5466 3167 5521 ad
3202 5480 3325 5522 rem
3358 5480 3488 5520 cum
3520 5464 3646 5534 ejus

1991 5561 2048 5618 in
2075 5559 2432 5634 profundum
2457 5557 2745 5631 Rhyacem
2776 5573 3078 5630 egressum
3104 5574 3235 5613 cum
3297 5557 3647 5631 imperatore

1992 5651 2065 5709 ad
2094 5647 2502 5707 celebrandam
2524 5647 2815 5726 Theodori
2861 5646 3135 5721 martyris
3182 5647 3522 5708 memoriam
3556 5664 3648 5705 se-
