4118 6200
419 262 537 373 δέει

1741 302 2059 368 ΝΙΟΕΤΛΕ
2100 303 2307 367 011οΝ
2315 304 2518 370 ΙΑΤιΕ

3705 308 3829 372 584

415 453 603 524 ptimo
631 448 808 523 primi
831 445 1191 520 jejuniorum
1217 447 1615 518 opportunum
1648 442 1769 499 fore
1807 447 2060 515 putaret,

2174 436 2670 515 βυσσοδομεύουσα.
2731 437 2956 515 ’Δμέλει
3011 437 3101 496 καὶ
3167 438 3625 513 ὁποποιησαμένη
3703 447 3814 498 τῶν

417 543 647 599 facinus
676 537 973 604 instruxit,
1005 541 1062 592 et
1111 550 1485 608 percussores
1541 532 1907 604 subornavit,
1964 533 2067 606 qui

417 633 636 688 ferrum
671 630 728 684 in
761 627 888 698 ejus
917 625 1204 698 sanguine
1236 625 1550 697 tingerent.
1584 623 1737 680 802
1786 625 1894 678 Sed
1926 639 2066 678 casu

415 720 670 792 quodam
696 733 763 772 eo
821 713 1065 770 consilio
1125 715 1406 769 frustrata
1459 717 1568 769 est.
1627 711 1774 768 Nam
1834 711 2067 768 insidiis

415 807 590 880 paulo
623 811 753 878 post
781 802 1161 877 deprehensis
1186 803 1374 858 caeteri
1399 801 1468 856 ad
1501 800 1758 856 tribunal
1809 799 2064 872 impera-

415 896 560 953 toris
600 895 837 952 adducti
862 899 1021 960 sunt,
1054 897 1118 948 ut
1148 891 1436 949 sententia
1465 892 1538 946 de
1569 907 1635 946 eo
1693 889 1908 946 scelere
1949 890 2062 946 fer-

413 993 612 1054 retur;
646 985 821 1056 idque
853 983 1047 1056 specie
1075 983 1378 1046 duntaxat,
1412 996 1530 1036 non
1586 995 1806 1035 revera.
1856 978 2063 1034 Statim

414 1075 570 1132 enim
598 1072 1006 1130 condemnatio
1039 1071 1434 1144 sequebatur;
1465 1072 1523 1124 et
1550 1067 1636 1123 illi
1670 1071 1732 1122 ut
1765 1067 1910 1124 muti
1944 1067 2060 1138 pis-

415 1180 532 1232 ces,
559 1181 675 1220 non
705 1162 843 1218 data
873 1159 1222 1219 defendendi
1253 1159 1345 1215 sui
1389 1162 1686 1230 potestate,
1721 1157 1778 1212 in
1829 1155 2062 1212 vincula

418 1252 873 1309 abducebantur.

2175 530 2310 604 πρὸς
2342 529 2529 605 γένους
2583 529 2756 604 ἐκείνῃ
2808 532 2978 599 τινας,
3037 530 3270 592 ὁπόσους
3331 527 3544 601 δηλαδή
3587 531 3822 603 τῷἊν-

2177 615 2414 696 δρονίκῳ
2465 615 2586 693 ᾔδει
2639 619 3118 696 προστιθεμένους,
3177 620 3611 696 φιλεχθροῦντας
3658 617 3718 674 δὲ
3745 625 3830 694 τῷ

2171 704 2606 782 πρωτοσεϐαστῷ
2639 709 2795 780 (ἦσαν
2838 707 2882 764 δ’
2924 706 3074 764 οὗτοι
3128 709 3156 763 6
3207 709 3498 782 Κομνηνὸς
3551 707 3832 782 Ἀλέξιος,

2173 797 2232 859 ὃς
2281 795 2342 852 ἐκ
2369 798 2578 860 νοθείας
2621 797 2894 874 ἀπετέχθη
2943 802 3022 871 τῷ
3073 795 3292 872 βασιλεῖ
3330 796 3616 867 Μανουήλ,
3649 798 3680 852 6
3712 807 3832 854 Λα-

2171 882 2381 960 παρδᾶς
2439 886 2796 961 Ἀνδρόνικος,
2846 888 2899 942 οἱ
2949 883 3045 942 δύο
3100 890 3196 942 τοῦ
3243 883 3593 960 Ἀνδρονίκου
3647 887 3763 942 υἱοὶ
3794 885 3827 943 ὅ

2169 995 2230 1030 τε
2285 975 2538 1047 Ἰωάννης
2593 977 2684 1031 καὶ
2732 977 2761 1032 ὁ
2809 975 3096 1045 Μανουήλ,
3129 977 3157 1031 ὁ
3187 982 3288 1045 τῆς
3329 976 3544 1040 πόλεως
3578 973 3829 1052 ἔπαρχος

2173 1059 2428 1136 Ἰωάννης
2478 1066 2506 1120 6
2554 1065 2887 1140 Καματηρὸς
2939 1065 3032 1120 καὶ
3088 1065 3280 1142 συχνοὶ
3344 1061 3565 1140 ἕτεροί),
3596 1066 3689 1121 καὶ
3734 1063 3834 1122 διὰ¹

2171 1154 2516 1227 συνωμοσίας
2568 1155 2666 1224 τὴν
2726 1157 2822 1228 μὲν
2885 1152 2940 1217 ἐς
3000 1155 3094 1210 τὸν
3153 1150 3392 1232 ἀδελφὸν
3448 1153 3540 1209 καὶ
3599 1156 3840 1229 βασιλέα

2168 1241 2351 1298 πίστιν
2397 1243 2794 1318 κρατυναμένη,
2843 1243 2935 1299 τὸν
2987 1239 3046 1298 δὶ
3093 1246 3190 1300 τοῦ
3227 1239 3686 1318 πρωτοσεϐαστοῦ
3730 1266 3834 1300 κυ-

415 1341 636 1416 ρώσασα
699 1339 942 1404 θάνατον,
1011 1335 1428 1416 ἐκαιροφυλάκει
1497 1340 1595 1403 τὴν
1661 1333 1858 1390 τούτου
1923 1331 2256 1408 καθαίρεσιν.
2332 1329 2603 1408 Εὕκαιρον
2679 1329 2736 1388 δὲ
2809 1332 2946 1406 πρὸς
3013 1333 3112 1402 τήν
3185 1331 3573 1408 μελετωμένην
3631 1337 3832 1408 πρᾶξιν

413 1428 698 1506 εὖρηκέναι
763 1429 946 1502 καιρὸν
1015 1427 1264 1496 οῗηθεῖσα
1327 1424 1427 1493 τὴν
1491 1421 1568 1485 εῗς
1630 1424 1724 1479 τὸν
1780 1421 1955 1487 Βαθὺν
2009 1421 2208 1480 Ῥύακα
2265 1423 2400 1496 μετὰ
2455 1427 2555 1478 τοῦ
2608 1420 2880 1497 βασιλέως
2928 1419 3196 1493 ἐξέλευσιν
3228 1426 3325 1477 τοῦ
3357 1418 3825 1498 πρωτοσεϐαποῦ

411 1516 502 1574 ἐπὶ
531 1523 612 1590 τῷ
642 1517 954 1586 τελεσθῆναι
1010 1517 1078 1571 τὰ
1134 1515 1256 1569 ὅσια
1312 1509 1580 1588 Θεοδώρῳ
1635 1515 1716 1584 τῷ
1772 1513 2210 1590 χριστομάρτυρι
2260 1513 2398 1566 κατὰ
2454 1513 2554 1581 τήν
2597 1505 2838 1585 ἑϐδόμην
2884 1516 2986 1581 τῆς
3035 1510 3227 1586 πρώτη
3259 1515 3366 1568 τῶν
3394 1518 3686 1584 νηστειῶν,
3718 1515 3829 1584 τήν

417 1607 510 1679 μὲν
569 1604 887 1682 ἐγχείρησιν
947 1603 1287 1676 ἡτοιμάσατο
1361 1599 1452 1656 καὶ
1525 1599 1652 1662 τοὺς
1729 1599 1958 1677 σφαγέας
2032 1603 2128 1654 τοῦ
2201 1597 2504 1655 ἀντιπάλου
2570 1597 2806 1676 ἐπήγετο
2863 1597 2926 1655 τδ
2983 1601 3280 1680 φονουργὸν
3329 1606 3828 1678 παραγυμνοῦντας

415 1691 687 1768 σιδήριον,
753 1691 814 1748 ἐκ
878 1690 936 1748 δέ
996 1712 1144 1753 τινος
1208 1689 1548 1764 περιπετείας
1613 1694 1710 1745 τοῦ
1779 1688 1980 1745 οἰκείου
2051 1687 2364 1766 ἐκκρούεται
2431 1689 2761 1762 σκέμματος.
2826 1688 2926 1744 Καὶ
2979 1697 3080 1760 τῆς
3141 1689 3352 1764 βουλῆς
3404 1691 3548 1765 ὁμοῦ
3595 1691 3824 1762 καὶτῆς

411 1778 714 1853 ἐπιϐουλῆς
767 1787 948 1856 μικρῷ
997 1780 1220 1855 ὕστερον
1269 1779 1614 1858 φωραθείσης
1653 1777 1782 1842 τοὺς
1835 1779 1928 1853 μὲν
1980 1777 2208 1842 λοιποὺς
2255 1783 2353 1834 τοῦ
2410 1777 2820 1854 συστρέμματος
2869 1777 2986 1854 εἷ’χε
3027 1781 3186 1854 βῆμα
3227 1778 3534 1855 βασιλικὸν,
3562 1781 3656 1837 καὶ
3684 1780 3822 1838 σκέ-

411 1875 503 1948 ψις
530 1875 627 1928 τοῦ
657 1873 1011 1945 ἀτοπήματος
1040 1868 1328 1946 προῦκειτο
1360 1871 1610 1945 σχήμασι
1662 1868 1874 1942 μόνοις,
1906 1865 2034 1924 ἀλλ’
2064 1866 2195 1946 ούχὶ
2245 1867 2580 1942 πράγμασιν·
2633 1867 2946 1943 ἐφωμάρτει
2998 1869 3100 1944 γὰρ
3130 1870 3166 1939 ἡ
3197 1867 3464 1942 καταδίκη
3508 1869 3690 1942 εὐθὺς,
3729 1873 3828 1928 καὶ

410 1963 487 2025 ὡς
517 1962 726 2042 ἄφωνοι
760 1961 947 2038 ΐχθῦες
981 1963 1034 2016 oi.
1064 1961 1411 2036 συσχεθέντες
1442 1961 1736 2035 ἀπήγοντο,
1772 1956 1904 2033 μηδ’
1943 1957 2089 2021 ὅλως
2143 1956 2418 2032 δεξάμενὸι
2448 1957 2510 2014 τὰ
2541 1955 2828 2033 ἐνδόσιμον
2857 1958 2937 2021 εἷς
2964 1958 3027 2014 τὸ
3057 1959 3123 2014 τὰ
3155 1957 3421 2016 δοκοῦντά
3461 1981 3642 2036 σφισιν
3691 1962 3838 2017 ἀπο-

415 2049 555 2127 λογή
567 2062 778 2116 σασθαι.

480 2143 534 2198 5.
569 2144 701 2214 Ipsa
758 2159 888 2198 vero
943 2141 1438 2214 Porphyrogenita
1496 2157 1632 2197 cum
1682 2140 1902 2196 Caesare
1936 2155 2057 2195 ma-
2090 2145 2137 2210 Β

415 2231 526 2289 rito
550 2233 622 2288 ad
648 2233 970 2288 maximum
991 2231 1282 2302 templum
1313 2231 1602 2302 confugit,
1631 2231 1838 2286 iratam
1859 2245 2061 2285 nover-

413 2338 543 2380 cam
572 2326 630 2379 et
660 2321 788 2393 ejus
821 2321 1170 2378 acerrimum
1219 2320 1584 2377 defensorem
1637 2323 1694 2375 et
1741 2324 2060 2374 amatorem

413 2429 478 2470 se
507 2413 709 2486 fugere
740 2413 1084 2469 vociferans.
1119 2415 1242 2466 Non
1275 2409 1454 2482 igitur
1510 2409 1844 2482 patriarcha
1871 2407 2061 2464 solum

413 2510 470 2558 et
498 2502 811 2575 collegium
872 2501 1242 2559 sacerdotum
1300 2501 1429 2570 ejus
1485 2504 1628 2556 sunt
1679 2497 2061 2567 miserti,sed

413 2590 641 2663 plebem
674 2607 905 2664 quoque
927 2590 1337 2662 promiscuam,
1388 2606 1516 2661 qua:
1564 2603 1632 2644 eo
1679 2587 2060 2656 conﬂuxerat,

407 2679 492 2736 ita
525 2681 837 2738 commovit
868 2685 933 2736 ut
961 2681 1053 2735 vix
1079 2697 1112 2735 a
1143 2678 1417 2752 lacrymis
1471 2681 1884 2750 temperarent.
1938 2677 2061 2741 Quo

407 2770 611 2844 populi
644 2771 852 2827 aﬂ‘ectu
915 2771 1081 2836 freta,
1139 2773 1196 2825 et
1247 2784 1502 2840 paupere
1569 2767 1743 2823 turba
1780 2783 2058 2822 asreorum

415 2867 704 2920 statcrum
735 2860 1043 2932 largitione
1073 2859 1144 2915 ad
1189 2858 1537 2913 seditionem
1588 2858 1896 2926 concitata,
1933 2873 2063 2912 con-

408 2955 783 3013 suetudinem
815 2951 1146 3024 supplicum
1179 2951 1532 3021 contempsit
1556 2967 1570 3018 ;
1592 2953 1652 3006 et
1682 2949 1859 3006 venire
1892 2963 2058 3004 men-

410 3044 655 3110 tionem,
689 3058 816 3114 quas
843 3041 895 3096 ei
927 3040 1297 3108 offerebatur,
1352 3039 1552 3094 audire
1602 3037 1830 3109 nolens,
1865 3041 2061 3109 postu—

411 3132 570 3187 labat
600 3137 666 3186 ut
709 3127 1031 3200 conjuratis
1079 3143 1308 3183 carcere
1355 3127 1580 3183 eductis
1631 3127 1820 3181 denuo
1869 3142 2059 3182 cauere

413 3221 592 3277 dictio
618 3221 894 3289 daretur;
927 3235 1115 3289 neque
1146 3217 1266 3274 ullo
1298 3218 1470 3273 modo
1515 3216 1737 3272 ferebat
1779 3221 1842 3272 ut
1889 3218 2060 3273 seba-

416 3313 708 3365 stocrator
738 3324 856 3364 rem
892 3307 1187 3378 publicam
1221 3305 1696 3362 administraret:
1731 3321 1864 3360 cum
1898 3305 2053 3360 enim

409 3397 630 3454 limites
658 3395 955 3452 transilire
984 3400 1042 3452 et
1071 3397 1132 3452 in
1167 3395 1378 3451 multas
1409 3411 1500 3451 res
1549 3395 1800 3451 nefarias
1842 3393 2056 3466 impin-

410 3501 546 3558 gere
576 3489 633 3542 et
663 3485 931 3541 tenebras
961 3483 1086 3541 suis
1119 3483 1438 3556 majoribus
1484 3483 1783 3539 effundere
1837 3499 2054 3554 quaere-

411 3577 604 3634 batur.
631 3576 746 3632 Nec
778 3575 873 3633 his
901 3578 1174 3632 contenta
1213 3579 1278 3629 ut
1299 3572 1872 3645 palatioexigeretur,
1903 3573 2058 3628 σου

408 3665 771 3737 postulabat,
795 3670 854 3720 et
886 3663 1066 3720 veluti
1103 3680 1331 3720 ramum
1359 3662 1758 3719 adulterinum
1779 3679 1850 3718 ex
1878 3661 2058 3718 nobili

407 3755 592 3828 stirpe
621 3755 821 3812 revelli
852 3762 905 3811 et
937 3755 1140 3825 perdi;
1172 3755 1268 3825 qui
1300 3756 1349 3810 si
1395 3770 1513 3808 una
1563 3752 1920 3809 adolesceret
1947 3753 2059 3808 im-

411 3851 740 3918 peratorem
763 3845 1156 3901 sutfocaturus
1182 3847 1356 3900 esset.
1377 3844 1654 3899 Craterum
1677 3858 1745 3898 ea
1765 3841 2057 3898 desidera-

409 3936 510 3991 bat
541 3933 750 3990 mulier
782 3950 907 4006 qua:
933 3937 1210 3989 eventura
1240 3949 1354 3988 non
1401 3937 1607 4000 erant;
1658 3949 1794 3987 nam
1836 3931 1926 3986 vir
1955 3931 2062 3986 im-

403 4023 708 4095 peratricis
732 4022 989 4078 thalamo
1014 4025 1078 4077 ut
1101 4020 1344 4092 polypus
1369 4022 1546 4092 petris
1580 4020 1906 4090 adhaerens,
1937 4035 2060 4076 ace-

404 4113 625 4170 tabulis
657 4112 875 4184 passim
909 4111 1202 4182 expansis,
1237 4127 1608 4182 nequaquam
1631 4109 1768 4166 inde
1799 4109 1912 4166 sibi
1945 4109 2058 4166 dis-

407 4203 734 4258 cedendum
773 4201 1034 4273 putabat.
1107 4201 1390 4256 Caaterum
1453 4199 1802 4272 imperatore
1870 4199 2054 4256 sorori

405 4289 733 4348 Caesarissze
752 4289 1132 4360 comminuto,
1153 4287 1261 4344 nisi
1300 4292 1454 4344 ultro
1489 4288 1710 4360 templo
1732 4289 2052 4356 excederet,

403 4379 460 4433 vi
482 4379 842 4435 abstractum
876 4379 946 4434 iri
979 4379 1136 4450 (cum
1162 4379 1576 4450 imperatorem
1611 4377 1759 4446 dico,
1794 4383 2055 4450 protose-

405 4468 560 4522 basti
583 4471 640 4522 et
661 4467 866 4522 matris
885 4467 1257 4539 imperatoris
1280 4466 1470 4522 edicta
1490 4466 1661 4538 dico),
1694 4466 1793 4522 illa
1813 4483 1874 4521 se
1905 4466 2056 4522 ultro

407 4568 779 4609 excessuram
815 4558 1092 4628 pernegat
1123 4573 1138 4622 ;
1169 4559 1227 4610 ct
1257 4555 1440 4610 verita
1489 4571 1560 4611 ne
1601 4555 2056 4627 comprehende-

405 4645 584 4707 retur,
617 4643 884 4701 custodes
921 4645 980 4699 in
1019 4644 1202 4715 portis
1253 4643 1498 4700 collocat
1537 4648 1595 4700 ct
1627 4659 1830 4700 omnes
1861 4645 2057 4702 aditus

413 4731 629 4800 munit,
665 4733 836 4789 domo
870 4733 1220 4804 precationis
1265 4733 1324 4787 in
1377 4731 1716 4804 speluncam
1763 4733 2055 4790 latronum

413 4826 515 4878 aut
539 4821 844 4878 castellum
872 4821 1336 4877 munitissimum
1360 4827 1416 4876 et
1437 4822 1882 4895 inexpugnabile
1916 4840 2056 4880 con-

410 4912 696 4968 versaJta
727 4911 977 4968 subinde
1029 4927 1337 4983 progressa
1379 4912 1438 4966 in
1483 4912 1738 4968 deterius
1777 4917 1834 4968 et
1875 4929 1966 4968 res
1996 4914 2060 4968 ilo

412 5000 686 5059 laudatas
737 5019 1018 5076 aggressa
1047 5003 1247 5074 copias
1278 5001 1590 5057 auxiliares
1619 5004 1958 5073 conscribit,
2003 5008 2061 5060 et

409 5092 611 5162 templi
643 5094 932 5150 ambitum
965 5097 1164 5150 castra
1195 5091 1349 5148 facit.
1383 5091 1530 5148 Nam
1575 5097 1632 5149 et
1679 5093 1911 5149 Italicos
1941 5093 2060 5166 gla-

409 5182 664 5240 diatores
697 5183 905 5255 coegit,
936 5187 993 5238 et
1041 5181 1452 5254 magnanimos
1502 5182 1694 5238 [heres
1727 5199 1796 5238 ex
1826 5184 2060 5241 Oriente

409 5273 780 5344 conscripsit,
807 5273 904 5342 qui
936 5271 1272 5344 negotiandi
1317 5287 1498 5328 causa
1544 5271 1601 5327 in
1657 5273 1798 5329 urbe
1845 5282 2056 5342 erant;

410 5367 768 5418 etarmatam
805 5362 1198 5418 Romanorum
1251 5361 1599 5434 phalangem
1653 5361 1877 5432 ascivit,
1926 5381 2058 5420 con-

409 5451 652 5521 temptis
683 5451 962 5507 omnibus
985 5452 1085 5522 qui
1119 5453 1190 5506 ad
1233 5467 1436 5524 pacem
1487 5451 1897 5523 hortabantur,
1950 5469 2057 5512 nec

406 5536 604 5609 ipsum
637 5539 1030 5609 patriarcbam
1060 5541 1218 5598 ωλι
1247 5541 1450 5612 verita,
1474 5542 1575 5613 qui
1619 5542 1828 5601 acriter
1870 5543 2054 5601 insta-

407 5626 532 5698 bat,
561 5630 619 5684 et
648 5629 905 5699 graviter
933 5629 1210 5687 monebat
1255 5630 1396 5703 quid
1451 5632 1743 5704 agendum
1791 5637 1965 5706 esset,
1995 5637 2056 5690 et

2241 2137 2298 2194 ε’.
2331 2135 2484 2206 Αὖτή
2534 2133 2591 2192 δὲ
2639 2139 2673 2208 ἡ
2723 2139 3240 2218 Πορφυρογέννητος
3291 2137 3386 2195 σὺν
3435 2145 3516 2214 τῷ
3551 2137 3709 2218 ἀνδρὶ
3737 2146 3824 2216 τῷ

2174 2225 2512 2302 Καίσαριτῷ
2559 2227 2796 2303 μεγίστῳ
2845 2233 2957 2300 ναῷ
3004 2227 3356 2304 προσρύεται,
3390 2230 3824 2306 βαρυμηνιῶσαν

2171 2317 2288 2370 κατ’
2344 2315 2512 2386 αὐτῆς
2579 2314 2948 2391 ἐκδιδράσκειν
3033 2319 3310 2398 φάσκουσα
3396 2321 3656 2394 μητρυιὰν
3723 2321 3830 2376 καὶ

2169 2403 2262 2460 τὸν
2289 2405 2490 2476 ταύτης
2531 2407 2810 2481 κάρταμον
2860 2404 3111 2484 ἐραστὴν.
3163 2408 3358 2464 Οἴκτον
3391 2407 3482 2463 οὖν
3511 2409 3572 2464 οὗ
3605 2413 3688 2482 τῷ
3716 2431 3834 2466 πα-

2169 2494 2408 2569 τριάρχῃ
2465 2494 2630 2568 μόνον
2681 2493 3045 2568 ἐμπεποιηκει
3093 2497 3182 2552 καὶ
3225 2503 3346 2561 τοῖς
3397 2498 3642 2569 ’ὀσοιτῆς
3677 2499 3833 2576 ἱερᾶς

2171 2579 2463 2659 κιγκλίδος
2519 2582 2689 2653 ἐντὸς,
2745 2582 2892 2640 ἀλλᾶ
2945 2584 3036 2640 καὶ
3097 2583 3388 2649 πλείστους
3439 2591 3552 2642 τῶν
3614 2589 3676 2643 ἐκ
3731 2591 3834 2645 τοῦ

2169 2669 2472 2746 ξύγκλυδος
2533 2669 2715 2746 δήμου
2779 2673 2870 2728 καὶ
2938 2673 3214 2750 σύρφακος
3273 2676 3417 2732 οὓτω
3511 2675 3842 2752 κατέκαμψε

2169 2761 2260 2816 καὶ
2336 2760 2620 2838 μετέφερεν
2695 2762 2771 2824 ὠς
2851 2767 3050 2838 μικροῦ
3141 2765 3233 2820 καὶ
3309 2763 3667 2842 δακρυρῥοεῖν
3748 2765 3839 2823 ἐπ’

2169 2850 2332 2924 αὐτῇ.
2365 2853 2550 2915 Ἔνθεν
2583 2871 2668 2906 τοι
2719 2852 2812 2906 καὶ
2866 2858 2987 2916 ταῖς
3043 2857 3152 2910 τῶν
3209 2853 3441 2912 πολλῶν
3486 2854 3838 2932 ἁναθερμαν-

2169 2941 2319 2996 θεῖσα
2363 2942 2763 3016 περιπαθείαις,
2821 2940 2874 2998 ἐν
2919 2947 3000 3016 τῶ
3048 2945 3200 3020 μέρει
3253 2942 3311 3000 δὲ
3340 2945 3434 3000 καὶ
3463 2946 3604 3016 αύτή
3638 2944 3840 3003 διαδό-

2171 3049 2283 3084 σεσι
2340 3033 2622 3105 στατήρων
2682 3029 2936 3108 χαλκέων
2989 3034 3126 3107 πρὸς
3184 3034 3517 3091 ἀποστασίαν
3569 3036 3632 3091 τὸ
3674 3058 3842 3093 πτω-

2170 3121 2332 3192 χεῦον
2407 3119 2623 3188 πλῆθος
2695 3118 3132 3197 ἐξαγριαίνουσα,
3191 3123 3260 3178 τὰ
3331 3129 3451 3186 τοῖς
3525 3125 3834 3203 πρόσφυξιν

2167 3208 2352 3281 ἠδόξει
2381 3206 2755 3286 βραϐευόμενα
2800 3207 2986 3286 ἔθιμα,
3045 3214 3136 3269 καὶ
3193 3214 3622 3291 προτεινομένης
3649 3217 3841 3292 ἀμνη-

2169 3299 2320 3364 στίας
2387 3301 2461 3356 ὧν
2529 3301 2676 3358 ἑάλω
2741 3298 2925 3376 δρῶσα
2985 3307 3170 3359 κακῶς
3239 3301 3358 3360 οὐδ’
3419 3303 3628 3362 ἐπαῒειν
3677 3305 3837 3371 ὅλως

2167 3389 2445 3465 ἠνείχετο,
2524 3389 2652 3447 ἀλλ’
2726 3391 2926 3467 ἀπῄτει
3014 3391 3362 3450 παλινδικίαν
3437 3401 3548 3452 τῶν
3619 3397 3836 3470 ταύτης

2170 3485 2505 3553 συνωμοτῶν
2573 3481 2665 3536 καὶ
2733 3483 2910 3536 ἄνεσιν
2977 3487 3090 3538 τῶν
3155 3483 3503 3560 καθείρξεων.
3581 3487 3689 3544 Τὸν
3773 3509 3837 3544 τε

2169 3563 2617 3642 πρωτοσεϐαστὸν
2677 3573 2774 3634 τῆς
2819 3574 2928 3626 τῶν
2979 3577 3180 3629 κοινῶν
3224 3569 3442 3649 ἔχεσθαι
3503 3571 3838 3649 διοικήσεως

2171 3656 2427 3731 οὐδαμῶς
2469 3661 2703 3736 φέρουσα
2759 3661 2850 3730 ἦν,
2903 3659 3032 3716 ἀλλ’
3089 3661 3578 3741 ἀποφλαυρίζουσα
3607 3667 3834 3723 τουτονί

2167 3744 2308 3803 πόδα
2357 3743 2727 3822 ὑπερϐάθμιον
2778 3748 2969 3805 τείνειν
3027 3746 3224 3829 ἔφασκε
3270 3758 3388 3818 τοῖς
3435 3753 3536 3810 οὐκ
3583 3754 3832 3834 ἐφικτοῖς

2165 3838 2258 3894 καὶ
2338 3836 2772 3894 κατολισθαίνειν
2840 3839 2920 3902 εἷς
2985 3839 3206 3916 πράξεις
3275 3839 3512 3916 μηδαμῇ
3576 3845 3832 3918 θεμιτᾶς,

2167 3927 2257 3982 καὶ
2329 3930 2394 3982 τὸ
2466 3925 2622 4002 γένος
2699 3927 2752 3982 οἱ
2826 3925 3062 3984 ἐντεῦθεν
3157 3927 3466 3988 ἒπιθολοῦν.
3547 3931 3690 4006 Ὁδῷ
3771 3932 3834 3992 δὲ

2167 4020 2436 4092 προϊοῦσα
2529 4016 2622 4071 καὶ
2711 4021 2824 4072 τῶν
2922 4017 3212 4094 βασιλείων
3292 4020 3830 4096 ἀποσκορακισθῆναι

2165 4111 2356 4162 τοῦτον
2417 4101 2651 4160 ἐνέκειτο
2719 4104 3023 4179 ὲξαιτοῦσα,
3091 4109 3181 4162 καὶ
3248 4110 3337 4164 οἷά
3401 4131 3453 4166 τι
3517 4113 3830 4190 παρεκφυὶν

2169 4196 2408 4266 ζιζάνιον
2509 4195 2610 4264 τήν
2703 4194 2952 4270 εὐγενοῦς
3045 4197 3462 4269 ἀποσπασθῆναι
3559 4201 3833 4280 φυταλιᾶς

2167 4283 2256 4338 καὶ
2325 4284 2666 4358 ζημιωθῆναι
2739 4283 2975 4359 ὀλέθρῳ,
3062 4283 3448 4345 συναναὸαῖνον
3516 4291 3611 4346 καὶ
3689 4313 3834 4367 συμ-

2163 4381 2350 4452 πνῖγον
2408 4374 2486 4436 ὡς
2543 4379 2691 4430 σῖτον
2768 4376 2862 4431 τὸν
2941 4376 3334 4454 αὐτοκράτορα.
3391 4381 3493 4438 Ἦν
3555 4377 3616 4437 δέ
3674 4381 3834 4439 ἄντν-

2164 4486 2296 4539 κρυς
2351 4463 2695 4541 ὃριγνωμένη
2749 4464 2782 4520 ἃ
2845 4467 2922 4540 μή
2982 4465 3258 4524 τελέεσθαι
3317 4465 3576 4544 ἔμελλεν.
3609 4472 3676 4531 Ὁ
3724 4473 3829 4550 γὰρ

2165 4555 2302 4629 ἀνὴρ
2335 4554 2494 4618 οὗτος
2520 4559 2638 4618 τοῖς
2689 4554 3070 4632 ἀνακτορικοῖς
3116 4557 3388 4633 θαλάμοις
3429 4559 3507 4623 ὠς
3538 4560 3831 4626 πολύπους

2163 4649 2286 4706 ταῖς
2336 4642 2560 4718 πέτραις
2618 4645 2859 4716 καθάπαξ
2917 4643 3091 4724 ἐμφὺς
3149 4647 3242 4703 καὶ
3288 4649 3385 4712 τὰς
3443 4647 3832 4720 κοτυληδόνας

2165 4733 2352 4806 κύκλῳ
2401 4732 2613 4808 διαφεὶς
2670 4732 2786 4789 οὐδ’
2834 4733 2982 4798 ὅλως
3037 4732 3378 4809 μεταϐαίνειν
3407 4736 3604 4803 ἐκεῖθεν
3637 4735 3830 4810 ἠϐού-

2170 4822 2320 4880 λετο.
2373 4823 2478 4880 Καὶ
2541 4821 2746 4896 δήποτε
2807 4829 2906 4880 τοῦ
2967 4825 3242 4901 βασιλέως
3301 4829 3391 4884 καὶ
3442 4826 3684 4909 ἀδελφοῦ
3738 4828 3831 4886 δι-

2167 4911 2539 4983 ηπειληκὸτος
2590 4916 2660 4986 τῇ
2716 4917 3032 4989 κασιγνήτῳ
3089 4917 3426 4993 Καισαρίσσῃ
3467 4919 3566 4988 τὴν
3627 4916 3690 4975 ἐκ
3726 4927 3830 4977 τοῦ
3865 4976 3884 4992 ,

2165 5003 2272 5057 νεὼ
2303 5003 2586 5080 ἀφαίρεσιν
2625 5001 2714 5058 καὶ
2745 5004 3102 5076 κατάσπεισιν,
3153 5007 3199 5062 εί
3261 5009 3336 5081 μὴ
3377 5005 3594 5080 ἐκσταίη
3630 5007 3831 5066 ἑκοῦσα

2165 5093 2263 5144 τοῦ
2293 5091 2442 5164 ἱεροῦ
2473 5089 2728 5164 (βασιλέα
2773 5087 2832 5147 δὲ
2874 5089 3048 5168 λέγων
3096 5093 3164 5150 τὰ
3209 5099 3308 5150 τοῦ
3364 5091 3828 5170 πρωτοσεϐαστοῦ

2167 5203 2312 5262 φημι
2343 5183 2430 5258 [Ρ.
2465 5184 2588 5256 152]
2620 5181 2966 5262 ἐπιτάγματα
3012 5184 3104 5240 καὶ
3145 5192 3245 5256 τῆς
3277 5191 3376 5242 τοῦ
3411 5187 3682 5262 βασιλέως
3717 5193 3836 5264 μή·

2163 5273 2336 5347 τρὸς),
2395 5275 2459 5328 τὸ
2525 5273 2720 5330 ἑκοῦσα
2789 5275 2924 5330 εἶναι
3007 5273 3280 5350 μηδαμῶς
3344 5278 3634 5354 προελθεῖν
3705 5281 3835 5337 ἀντ-

2167 5360 2491 5450 ηπείλησεν,
2517 5368 2706 5428 Ἔνθεν
2738 5385 2824 5419 τοι
2874 5363 2966 5420 καὶ
3018 5362 3296 5422 δεδοικυῖα
3347 5369 3425 5440 μή
3457 5367 3832 5450 συλληφθείη,

2162 5455 2282 5513 ταῖς
2313 5472 2374 5507 τε
2401 5448 2605 5516 πύλαις
2657 5456 2755 5507 τοῦ
2811 5453 2915 5508 νεὼ
2973 5451 3223 5530 ἐφίστησι
3291 5455 3540 5534 φύλακας
3593 5448 3833 5515 καὶπά-

2165 5559 2261 5603 σας
2309 5540 2407 5603 τὰς
2463 5536 2708 5605 είσόδους
2788 5537 3152 5616 διαλαμϐάνει
3233 5551 3522 5622 φρουραῖς,
3574 5547 3674 5603 τὸν
3728 5550 3828 5620 τῆς

2162 5634 2480 5712 προσευχῆς
2549 5633 2702 5690 οἷκον
2769 5628 3192 5706 διασκευάζουσα
3251 5635 3389 5713 πρὸς
3429 5633 3736 5716 λῃστήριον
3790 5640 3830 5714 ἢ
