4066 6214
410 358 526 422 587

1729 343 2036 411 NICETE
2077 347 2494 412 CHONIATJE

3693 356 3808 421 588

406 499 546 552 runt
577 512 591 563 ;
625 508 876 568 quorum
910 489 1140 547 utilitas
1172 504 1306 545 cum
1366 485 1598 562 publice
1651 491 1955 559 permanet
1984 503 2027 543 at

2135 484 2480 561 ,προτάτους
2535 482 2870 542 κατέσπασαν
2927 487 3020 544 καὶ
3076 485 3144 544 τὰ
3189 485 3338 552 me;
3386 487 3592 546 τοῦτων
3651 489 3819 568 διήρ-

404 601 608 642 omnes
633 587 734 640 aut
763 580 1069 654 plurimos,
1099 578 1323 652 privata
1352 593 1553 634 eorum
1598 576 1892 650 possessio
1921 581 2055 633 tan-

402 681 531 730 tum
552 671 892 743 cupiditatis
915 669 1078 728 sitim
1105 667 1264 726 nullo
1281 669 1449 724 modo
1462 667 2050 740 possitexstinguere.

400 761 852 818 Protosebastus
887 757 1064 830 igitur
1091 775 1224 814 cum
1263 756 1482 813 malum
1505 755 1756 813 subinde
1794 771 2054 813 crescere

400 849 640 917 videret,
697 849 1010 906 consilium
1065 847 1352 904 tumultus
1410 845 1570 902 illius
1629 845 2053 919 comprimendi

397 938 510 996 init
541 955 556 996 :
587 943 644 995 et
673 939 816 1011 quia
846 937 1088 994 Mariam
1121 936 1496 995 Caesarissam
1525 937 1598 993 ab
1630 936 1898 992 instituto
1933 951 2048 992 non

397 1044 766 1086 recessuram
792 1041 978 1098 neque
1035 1028 1106 1083 de
1165 1027 1577 1098 arrogantibus
1634 1030 1692 1082 et
1719 1024 2050 1082 immodicis

394 1115 529 1173 istis
560 1115 1060 1189 postulationibus
1085 1115 1404 1189 quidquam
1437 1115 1814 1172 remissuram
1863 1113 2052 1188 provi-

389 1203 592 1271 debat,
623 1203 775 1261 bello
800 1203 1259 1260 controversiam
1304 1202 1578 1260 dirimere
1635 1203 1844 1259 statuit
1889 1217 2048 1258 eam-

404 1309 517 1364 que
545 1309 714 1350 sacra
742 1294 862 1349 aeds
892 1293 1050 1348 velut
1078 1293 1226 1349 801
1263 1307 1394 1349 arce
1451 1292 1676 1363 ejicere.
1736 1292 1938 1363 Itaque
1977 1307 2042 1347 ex

393 1382 793 1440 Orientalibus
819 1382 1004 1454 copiis
1035 1381 1293 1438 exercitu
1341 1397 1458 1438 non
1513 1380 1722 1454 exiguo
1779 1379 2043 1452 collecto,

392 1477 450 1528 et
481 1471 542 1528 in
577 1487 860 1544 magnum
893 1471 1180 1543 palatium
1213 1475 1279 1526 ut
1309 1487 1427 1526 una
1455 1475 1648 1527 castra
1704 1475 2040 1536 convocato,

388 1560 554 1617 locus
585 1559 834 1616 idoneus
864 1559 1234 1632 quaerebatur
1257 1573 1329 1615 ex
1366 1576 1482 1632 quo
1537 1558 1822 1631 templum
1879 1557 2043 1616 inva-

387 1648 612 1705 derent.
642 1649 778 1704 Jam
804 1647 962 1703 enim
993 1647 1168 1703 etiam
1225 1647 1544 1704 Caesarissa
1597 1647 1672 1704 ad
1729 1647 1849 1704 vim
1889 1647 2041 1704 bello

384 1741 848 1814 propulsandam
879 1755 943 1796 se
974 1740 1236 1811 parabat,
1269 1743 1328 1796 et
1359 1740 1510 1796 aedes
1543 1740 1797 1797 maximo
1820 1739 2040 1812 templo

2159 595 2364 644 πασαν,
2392 575 2479 637 οἷς
2510 571 2878 652 διαφερόντως
2921 572 3154 634 ἔϐλεπον
3222 576 3432 655 ἥμερον
3485 581 3514 636 ὃ
3559 601 3618 636 τε
3669 601 3822 656 πρω-

2157 659 2486 724 τοσεϐαστὸς
2517 663 2609 719 καὶ
2647 666 2682 735 ἡ
2719 662 2997 722 δέσποινα’
3033 667 3126 722 σὺν
3155 668 3242 730 οἷς
3306 669 3396 724 καὶ
3449 669 3513 724 τὸ
3549 673 3650 726 τοῖ’»
3683 676 3823 726 Παν-

2152 760 2321 830 τεχνῆ
2353 751 2637 826 Θεοδώρου
2660 753 2992 832 περικαλλὲς
3051 757 3284 830 οἳκημα,
3351 757 3599 834 ἐπάρχου
3658 758 3818 826 ὄντος

2156 846 2256 910 τῆς
2286 841 2501 906 πόλεως
2527 844 2618 899 καὶ
2661 845 2725 900 τὸ
2780 850 2889 901 τῶν
2947 846 3238 903 οἰκειακῶν
3299 844 3576 912 διέποντος
3636 851 3817 926 σέκρε-

2153 953 2246 988 τον
2300 936 2380 1006 τῷ
2447 931 2834 1009 δικαιοδοτικῷ
2886 957 2947 992 τε
3006 936 3185 1010 θρόνῳ
3243 935 3646 1014 ἐμπρέποντος.
3715 939 3817 996 Καὶ

2154 1022 2319 1079 αὐτὸς
2353 1023 2445 1096 μὲν
2475 1021 2698 1097 έξήλυξε
2729 1021 2959 1099 δρασμῷ
3003 1025 3067 1080 τὸ
3124 1031 3328 1082 πεσεῖν’
3389 1027 3457 1082 τὰ
3521 1024 3568 1083 δ’
3626 1026 3816 1085 ἐνόντα

2155 1109 2587 1187 ὂιαρπασάμενοι
2670 1109 2788 1168 οὐδ’
2842 1113 3018 1170 αὐτῶν
3087 1118 3196 1171 τῶν
3275 1111 3561 1191 δημοσίων
3625 1117 3814 1192 τόμων

2151 1199 2477 1278 ἀπέσχοντο,
2538 1203 2590 1257 οἳ
2640 1201 2708 1258 τὰ
2767 1199 2949 1258 δίκαια
3001 1211 3104 1276 τῆς
3158 1204 3440 1270 πολιτείας
3492 1207 3641 1282 παρὰ
3705 1212 3812 1264 τῶν

2149 1291 2340 1366 πρώην
2396 1288 2665 1368 βασιλέων
2751 1289 2974 1367 ἔχουσιν
3039 1294 3522 1372 ὑπογεγραμμένοι
3608 1297 3706 1352 καὶ
3754 1299 3816 1354 τὸ

2150 1381 2244 1454 μὲν
2277 1381 2558 1455 χρήσιμον
2605 1383 2768 1456 κοινῇ
2809 1377 3086 1439 διαϐαῖνον
3124 1384 3264 1460 πρὸς
3320 1386 3560 1448 ἅπαντας
3616 1386 3654 1456 ἤ
3685 1386 3818 1451 τοὺς

2143 1466 2425 1536 πλείονας,
2457 1469 2695 1548 ἀφαυρὸν
2727 1466 2786 1526 δὲ
2838 1471 2900 1527 τὸ
2957 1471 3017 1527 ἐκ
3066 1477 3165 1529 τοῦ
3217 1469 3539 1540 ἰδιώσασθαι
3595 1475 3817 1551 κέρδος,

2144 1557 2234 1612 καὶ
2266 1554 2398 1632 μηδ’
2421 1558 2544 1613 ὅσον
2577 1559 2670 1616 τὸν
2731 1558 2955 1615 ἐκείνων
3017 1557 3231 1617 ἒδίανεν
3261 1560 3328 1617 ἄν
3389 1562 3824 1634 οἰνοποτάζοντα

2144 1649 2408 1724 φᾶρυγγα.
2468 1649 2535 1706 Οἱ
2581 1649 2705 1722 περὶ
2761 1649 2854 1705 τὸν
2887 1645 3343 1726 πρωτοσεϐαστὸν
3391 1652 3580 1709 τοίνυν
3640 1655 3822 1730 ὁρῶν-

2141 1755 2230 1799 τες
2289 1735 2368 1792 ἅεὶ
2425 1737 2494 1792 τὰ
2556 1738 2731 1814 χείρω
2788 1733 3176 1814 προϐαίνοντα,
3215 1742 3540 1800 σκέπτονται
3601 1743 3818 1818 βουλὴν

375 1831 548 1902 juxta
585 1833 1020 1901 Augusteonem
1051 1829 1357 1902 contiguas
1390 1829 1548 1888 illius
1606 1831 1824 1887 milites
1879 1845 2027 1888 ever‘

2151 1827 2536 1896 καθιζησαντες
2592 1824 2743 1890 ὅπως
2815 1828 2914 1899 τήν
2989 1827 3176 1904 λύμην
3255 1833 3500 1903 στήσωσι
3553 1830 3816 1904 ταυτηνί.

379 1923 618 1976 terunt:
652 1924 709 1976 et
739 1919 1000 1976 maximo
1035 1919 1281 1991 fornice,
1313 1921 1414 1992 qui
1445 1924 1536 1977 est
1563 1921 1622 1976 in
1673 1920 1876 1990 Millio,
1906 1938 2047 1977 con-

384 2023 590 2064 scenso
621 2007 692 2063 ad
728 2024 872 2080 prop
893 2007 1175 2064 ulsandos
1206 2007 1610 2080 imperator-ins
1648 2025 1710 2065 se
1741 2010 2046 2080 parabant,

385 2098 762 2171 Diviquoque
793 2099 980 2156 Alexii
1013 2099 1222 2171 cedem,
1259 2099 1658 2171 Augusteonis
1704 2099 1852 2157 atrio
1905 2101 2050 2171 jun-

383 2192 566 2257 ctam,
627 2188 1054 2245 custodierunt.
1108 2187 1326 2244 Vcrum
1393 2189 1770 2262 imperatoris
1829 2189 2045 2246 milites

396 2279 619 2334 mensis
651 2277 786 2332 Maii
816 2277 910 2333 die
937 2294 1038 2348 ιιι,
1071 2277 1390 2334 indictione
1418 2295 1511 2347 xv,
1570 2277 1827 2334 diluculo
1885 2278 2044 2349 pala-

395 2367 477 2422 tio
507 2366 748 2440 egressi,
779 2365 1028 2423 Joannis
1083 2365 1359 2438 Theologi
1417 2365 1598 2422 aedem
1658 2369 2040 2438 cognomento

391 2456 973 2528 Diippum,Sabbatio
992 2454 1268 2512 Armenio
1299 2455 1446 2512 duce
1503 2458 1810 2526 occupant,
1861 2469 2041 2526 eaque

393 2560 713 2603 conscensa
742 2547 1056 2604 confusum
1086 2543 1402 2602 clamorem
1437 2542 1663 2600 tollunt.
1713 2543 1866 2600 Hora
1922 2543 2037 2600 dici

387 2635 560 2693 tertia
613 2651 747 2692 cum
813 2651 1012 2709 pugna
1047 2639 1203 2692 esset
1253 2633 1632 2706 suspicanda,
1691 2634 1814 2690 foro
1863 2632 2036 2706 pleno

388 2725 752 2792 hominibus,
779 2723 1107 2782 Cmsarisses
1139 2723 1376 2793 milites,
1407 2723 1510 2795 qui
1539 2739 1571 2780 e
1616 2721 1764 2780 Milii
1817 2722 2035 2780 fornice

383 2819 442 2873 et
469 2813 653 2872 Alexii
675 2814 796 2870 ade
817 2814 1181 2886 pugnabant,
1215 2812 1347 2870 telis
1373 2829 1404 2868 e
1431 2813 1731 2883 superiore
1751 2810 1877 2869 loco
1907 2819 2036 2869 tan-

384 2921 559 2979 quam
602 2901 957 2961 fulminibus
1013 2903 1292 2976 conjectis
1351 2919 1467 2960 non
1525 2901 1888 2959 mediocriter
1942 2901 2036 2959 lae-

383 2999 609 3053 serunt.
641 2997 782 3051 Cum
813 2998 1012 3052 autem
1069 2995 1196 3050 alia:
1255 3008 1486 3066 quoque
1543 2991 1810 3048 cohortes
1850 2991 2032 3048 armis

385 3083 864 3141 instructissima
888 3081 1106 3156 palatio
1129 3082 1538 3150 educerentur,
1567 3085 1623 3138 et
1643 3097 1846 3137 omnes
1875 3079 2028 3136 808

385 3172 566 3242 vicos,
597 3189 801 3230 omnes
832 3171 1097 3244 angulos,
1157 3187 1363 3229 omnes
1416 3170 1780 3244 angiportus,
1811 3187 1929 3242 qua
1957 3169 2032 3226 ad

2158 1915 2261 1970 Καὶ
2295 1913 2411 1971 ἐπεὶ
2441 1916 2558 1972 κατ’
2597 1913 2788 1972 οὐδένα
2814 1917 3016 1992 τρόπον
3051 1918 3236 1993 ἑώρων
3277 1921 3377 1990 τήν
3435 1921 3809 1998 Καισάρισσαν

2155 2003 2364 2081 Μαρίαν
2415 2009 2524 2061 τῶν
2583 2005 2795 2061 οἰκείων
2854 2005 3246 2082 βουλευμάτων
3315 2011 3722 2084 μεθισταμένην
3773 2011 3810 2082 ἢ

2157 2093 2336 2169 βραχύ
2366 2116 2418 2150 τι
2465 2099 2596 2170 γοῦν
2653 2092 3038 2150 ὑπενδιδοῧσαν
3095 2101 3202 2152 τῶν
3261 2099 3570 2175 ὑπερόγγων
3627 2105 3814 2172 ζητη-

2155 2179 2794 2259 μάτωνᾶπρούτείνετο,
2851 2182 3022 2260 ἔγνων
3077 2183 3166 2240 διὰ
3221 2183 3467 2260 πολέμου
3523 2187 3606 2242 ἐπ’
3653 2187 3812 2245 ἐκεί-

2149 2293 2246 2342 νην
2281 2277 2484 2348 χωρεῖν
2538 2273 2629 2328 καὶ
2681 2273 2754 2336 ὡς
2821 2273 2928 2329 ἀπό
2975 2295 3120 2336 τινος
3180 2273 3447 2350 ἐρύματος
3507 2280 3604 2332 τοῦ
3644 2277 3803 2334 θείου

2149 2359 2616 2434 ἐξελάσαιταύτην
2648 2364 2777 2422 νεώ.
2811 2361 3182 2441 Συλλεγέντος
3209 2365 3388 2420 τοίνυν
3443 2365 3542 2421 οὐκ
3596 2365 3808 2442 ὀλίγου

2148 2451 2552 2525 στρατεύματος
2608 2449 2668 2506 ἐκ
2721 2455 2830 2508 τῶν
2862 2452 3013 2526 ἑῴων
3068 2473 3128 2508 τε
3195 2453 3287 2508 καὶ
3353 2454 3614 2529 ἑσπερίων
3670 2477 3814 2534 ταγ-

2150 2540 2334 2613 μάτων
2361 2541 2450 2596 καὶ
2489 2542 2706 2597 πάντων
2740 2541 2814 2604 ὡς
2863 2540 2942 2606 εἷς
2990 2541 3045 2598 ἓν
3089 2545 3580 2620 συναθροισθέντων
3640 2565 3812 2622 στρα-

2143 2626 2371 2684 τόπεδον
2453 2630 2517 2686 τὸ
2577 2629 2716 2706 μέγα
2798 2629 3086 2706 παλάτιον,
3155 2633 3184 2688 ὁ
3253 2630 3542 2703 ἐπιτήδεος
3613 2640 3814 2709 χῶρος

2143 2715 2430 2798 ἆνεδιφᾶτο
2487 2720 2602 2774 καθ’
2659 2720 2719 2775 ὃν
2778 2718 2840 2775 ἄν
2893 2725 3010 2783 τοῖς
3047 2719 3137 2778 ἐπὶ
3174 2725 3272 2778 τοῦ
3327 2723 3434 2778 νεὼ
3476 2721 3808 2782 ἐπίθωνται.

2143 2803 2283 2878 ’Πδη
2341 2807 2444 2884 γὰρ
2501 2808 2592 2864 καὶ
2655 2811 3065 2886 ἧΚαισάρισσα
3153 2813 3289 2886 πρὸς
3366 2813 3465 2883 τὴν
3524 2812 3808 2886 ἀντίταξιν

2141 2897 2506 2970 ἡτοιμάσατο,
2567 2895 2910 2972 διακριθῆναι
2975 2897 3209 2974 πολέμῳ
3265 2901 3332 2956 τὰ
3417 2902 3539 2966 καθ’
3626 2903 3806 2973 αὐτὴν

2140 2981 2418 3043 ἐθέλουσα.
2501 2985 2710 3045 Οὐκοῦν
2787 2988 2908 3044 ὅσαι
2961 2993 3040 3062 τῷ
3133 2989 3371 3065 μεγίστῳ
3434 2991 3566 3064 ἱερῷ
3626 2993 3808 3049 οἰκίαι

2139 3075 2274 3132 κατὰ
2339 3077 2429 3132 τὸν
2485 3077 2878 3153 Λύγουστεῶνα
2946 3081 3303 3152 συνήπτοντο,
3343 3079 3492 3156 παρὰ
3540 3085 3654 3136 τῶν
3707 3082 3807 3138 ὑπ’

2138 3164 2304 3234 αὒτῆν
2345 3164 2752 3244 ἆπερῥᾶγησαν,
2783 3166 2873 3222 καὶ
2928 3173 3029 3238 τῆς
3089 3169 3356 3244 μεγίστης
3414 3166 3610 3243 ἁψῖδος
3651 3168 3806 3228 niveo-

398 3222 566 3242 --ηη
600 3222 800 3230 τ---ν-
833 3222 1097 3244 ηοω-Ἴ
1160 3222 1362 3229 ν---η
1417 3222 1485 3228 ---
1537 3222 1779 3243 την-η
1819 3222 1928 3242 -ινῂ
1961 3222 2027 3226 ν--

382 3259 672 3333 templum
704 3261 840 3327 itur,
872 3265 1246 3334 occuparent,
1281 3222 1604 3333 populioad
1657 3258 2027 3316 Cesarissam

2139 3256 2248 3324 θεν,
2305 3222 2622 3325 ἥτιςικατὰ
2674 3256 2737 3311 τὸ
2783 3254 2982 3312 Μίλιον
3045 3222 3322 3328 ἵὲτπὲωί
3370 3259 3422 3312 o't
3462 3222 3564 3314 xdn-
3627 3258 3810 3334 αὐτῆς

383 3365 704 3408 concursus
725 3366 1093 3424 compressus
1113 3353 1221 3406 cst.
1255 3350 1610 3407 Caesarianos
1650 3364 1883 3422 quoque
1913 3348 2027 3404 mi-

383 3439 515 3498 lites
545 3439 746 3497 relicto
777 3439 996 3512 templo
1027 3445 1086 3496 et
1123 3439 1519 3510 Augusteonis
1575 3437 1858 3494 vestibulo
1890 3453 2024 3493 cum

379 3529 775 3604 imperatoriis
806 3529 1154 3585 exercitibus
1188 3529 1244 3584 in
1276 3528 1418 3584 vicis
1465 3543 1831 3599 congressos,
1881 3542 2024 3598 pau-

379 3637 475 3677 cos
504 3637 639 3676 cum
673 3619 892 3686 multis,
927 3617 1161 3690 fatigari
1191 3624 1244 3674 et
1290 3615 1570 3690 paulatim
1620 3615 2024 3672 remollescere

376 3709 715 3783 apparebat.
751 3709 836 3764 Ita
863 3706 1164 3763 manifeste
1195 3707 1265 3762 ad
1295 3722 1500 3762 manus
1529 3709 1768 3762 ventum
1825 3708 1936 3776 est,
1966 3708 2025 3761 et

374 3815 574 3872 pugna
605 3813 821 3869 magna
847 3796 901 3853 vi
935 3795 1272 3864 commissa,
1305 3795 1540 3852 eminus
1569 3793 1798 3866 sagittis
1836 3797 1894 3850 et
1922 3810 2018 3850 co-

376 3889 578 3946 minus
608 3887 1084 3946 manu.Gemitus
1113 3885 1448 3944 cadentium
1475 3888 1533 3942 et
1589 3884 2022 3942 cohortationes

377 3979 762 4039 occidentium
795 3978 1068 4050 utrinque
1101 3976 1437 4044 audiuntur,
1470 3975 1709 4048 ancipiti
1731 3975 1791 4031 in
1821 3974 2017 4047 ipsum

377 4086 566 4144 usque
587 4067 891 4126 meridiem
919 4067 1182 4124 victoria.
1215 4067 1316 4124 Die
1344 4082 1479 4124 xero
1499 4069 1624 4138 jam
1676 4065 2018 4133 inclinante,

373 4159 729 4232 imperatorii
777 4157 932 4215 haud
991 4157 1240 4215 obscure
1298 4155 1630 4228 superiores
1686 4157 2014 4221 evaserunt,

372 4248 714 4307 Caesarianis
743 4263 812 4304 ex
841 4247 1012 4304 biviis
1062 4247 1116 4302 in
1173 4249 1611 4320 Augusteonem
1670 4243 2012 4316 compulsis.

371 4338 587 4395 Deinde
615 4338 788 4394 etiam
821 4336 859 4394 ii
890 4336 992 4408 qui
1021 4335 1080 4390 in
1115 4336 1331 4392 fornice
1388 4333 1530 4390 Milii
1586 4333 1825 4390 stabant
1865 4337 1923 4389 et
1946 4349 2016 4389 ex

372 4428 494 4482 aede
523 4426 704 4482 Alexii
729 4426 1092 4498 pugnabant,
1128 4426 1322 4497 fugam
1375 4427 1732 4496 spectarunt.
1788 4421 2014 4486 Quibus

371 4513 516 4570 locis
539 4513 835 4584 occupatis
867 4513 1280 4587 imperatorius
1311 4512 1600 4569 exercitus
1641 4511 1849 4568 vexilla
1878 4527 2010 4568 cum

2133 3341 2442 3416 ἂνήλθοσαν
2495 3349 2608 3410 τοῖς
2662 3343 2976 3421 βασιλικοῖς
3029 3345 3569 3422 ἆντιπλακησόμενοι
3626 3369 3805 3425 στρα-

2128 3433 2378 3507 τεύμασι.
2413 3434 2513 3492 Καὶ
2555 3435 2647 3490 τὸν
2701 3435 2837 3490 νεὼν
2896 3432 2955 3490 δὲ
3009 3435 3068 3498 ὅς
3117 3441 3214 3492 τοῦ
3263 3433 3509 3510 Ἀλεξίου
3559 3459 3808 3498 κατονο-

2134 3523 2381 3596 μάζεται,
2447 3526 2516 3598 τῇ
2576 3521 2633 3579 δὲ
2678 3527 2777 3580 τοῦ
2845 3525 3272 3601 Αὖγουστεῶνος
3332 3525 3534 3600 αὐλαίᾳ
3571 3533 3803 3604 προσή-

2129 3632 2318 3681 νωται,
2369 3617 2695 3688 στρατιῶται
2745 3613 2999 3677 εἰσιόντες
3050 3614 3370 3693 ἐφύλαττον.
3429 3615 3601 3674 Αὐτοὶ
3660 3621 3801 3692 μέν·

2127 3721 2212 3756 τοι
2273 3703 2328 3756 οἱ
2389 3702 2842 3778 βασιλικοὶθκαεγ
2898 3705 3112 3780 ἡμέραν
3183 3700 3450 3780 ἑϐδόμην,
3530 3703 3794 3783 δευτέραν

2125 3794 2224 3844 τοῦ
2271 3790 2453 3846 Μαῖου
2515 3791 2711 3864 μηνὸς,
2776 3798 2877 3862 τῆς
2935 3791 3418 3864 πεντεκαιδεκάτης
3496 3791 3789 3852 ίνδικτιῶ-

2125 3899 2238 3950 νος,
2298 3879 2358 3935 ἐκ
2402 3884 2500 3936 τοῦ
2557 3879 2798 3958 μεγάλου
2835 3881 3105 3938 παλατίου
3143 3884 3280 3939 κατὰ
3336 3883 3400 3939 τὸ
3451 3883 3784 3960 περίορθρον

2126 3968 2435 4046 ἐκθορόντες
2504 3969 2698 4027 εἰσίασι
2763 3973 2831 4028 τὰ
2919 3978 3110 4049 πρῶτα
3163 3975 3257 4029 τὸν
3338 3978 3438 4030 τοῦ
3499 3971 3786 4052 Θεολόγου

2127 4061 2376 4117 Ἰωάννου
2434 4060 2581 4133 ναὸν,
2631 4062 2677 4134 ᾧ
2735 4063 2796 4117 τὸ
2856 4060 3088 4134 έπίκλην
3143 4060 3447 4134 Διίππειον,
3488 4063 3788 4142 στρατίαρ-

2125 4166 2226 4224 χον
2280 4147 2500 4224 ἔχοντές
2539 4170 2656 4205 τινα
2706 4145 3013 4206 Σαϐϐἑτιον
3061 4151 3372 4226 Ἀρμένιον.
3406 4155 3635 4210 Ἔπειτα
3680 4159 3790 4211 τοῦ

2121 4236 2376 4312 τεμένους
2405 4240 2487 4312 [Ρ.
2525 4240 2650 4314 154]
2701 4240 2904 4295 ἄνωθεν
2948 4241 3234 4316 γενόμενοι
3291 4242 3544 4317 ἀσήμους
3605 4241 3795 4301 λαλα-

2117 4327 2217 4404 γᾶς
2271 4327 2520 4406 ἠφίεσαν.
2587 4333 2676 4392 Ὦς
2737 4325 2783 4384 δ’
2852 4328 3148 4401 ἐνειστήκει
3199 4333 3392 4407 καιρὸς
3443 4335 3544 4388 τοῦ
3607 4334 3794 4412 μάχε-

2121 4429 2266 4486 σθαι,
2304 4417 2429 4493 περὶ
2459 4417 2648 4495 τρίτην
2704 4417 2847 4494 ὥραν
2896 4416 3063 4491 οὔσης
3105 4427 3210 4491 τῆς
3238 4421 3450 4498 ἡμέρας
3479 4421 3572 4478 καὶ
3631 4420 3790 4495 πλη-

2119 4507 2318 4579 οούσης
2381 4507 2619 4580 μάλιστα
2664 4513 2768 4578 τῆς
2830 4508 3057 4586 ἀγορᾶς,
3117 4511 3182 4566 οὗ
3253 4511 3487 4586 μετρίως
3529 4513 3660 4575 τοὺς
3723 4511 3792 4570 ὲκ

370 4600 733 4674 imaginibus
763 4601 822 4656 in
872 4602 1196 4658 fornicibus
1248 4605 1448 4670 erexit,
1499 4606 1557 4658 et
1613 4603 1763 4658 fores
1813 4605 2012 4674 Augu-

2135 4602 2218 4668 τῆς
2251 4596 2446 4674 ἁψῖδος
2473 4604 2571 4654 τοῦ
2599 4598 2806 4658 Μιλίου
2857 4601 2948 4656 καὶ
3007 4599 3134 4662 τοὺς
3199 4602 3307 4658 ἀπὸ
3353 4606 3451 4658 τοῦ
3515 4605 3624 4659 νεὼ
3676 4608 3786 4661 τοῦ

368 4691 586 4752 steonis
609 4691 912 4748 securibus
933 4698 990 4747 et
1014 4691 1238 4747 malleis
1255 4691 1849 4762 perrupit.Czcsariani
1878 4708 2010 4748 vero

366 4781 504 4856 quia
534 4781 805 4839 resistere
837 4797 952 4836 non
984 4783 1270 4853 poterant,
1302 4796 1435 4835 cum
1467 4785 1524 4836 et
1564 4797 1634 4835 ex
1687 4780 2009 4836 fornicibus

366 4889 620 4949 superne
651 4876 708 4930 et
737 4871 1006 4929 cominus
1057 4871 1116 4926 in
1174 4871 1544 4942 Augusteone
1597 4888 1630 4924 a
1686 4868 1855 4939 globo
1898 4870 2004 4924 mi-

367 4966 535 5022 litum
571 4962 820 5037 pessime
841 4964 1250 5027 tractarentur,
1276 4956 1552 5030 paulatim
1578 4957 2004 5026 dilabebantur,

363 5056 515 5113 309
549 5071 754 5130 parum
788 5054 978 5126 adjuti
1035 5051 1107 5106 ab
1162 5049 1234 5105 iis
1289 5048 1390 5118 qui
1446 5063 1514 5103 ex
1553 5047 1862 5109 Macronis,
1906 5047 2004 5103 ubi

361 5145 774 5202 Catcchumeni
804 5143 1215 5206 instituuntur,
1247 5144 1304 5194 et
1325 5137 1645 5193 Thomoitw
1687 5136 2003 5208 superiori-

361 5232 470 5290 bus
500 5233 642 5291 locis
669 5251 806 5292 saxa
834 5242 885 5288 et
919 5232 1033 5289 tela
1054 5227 1484 5302 jaculabantur.
1531 5227 1786 5284 Tandem
1818 5227 1998 5282 armis

357 5323 618 5395 undique
647 5323 1022 5380 circumvenit
1051 5325 1109 5377 et
1141 5323 1514 5392 Augusteone
1553 5317 1610 5372 in
1668 5316 1872 5390 templi
1916 5333 2002 5374 ve-

357 5409 644 5466 stibulum
668 5411 1026 5480 irruunt,ubi
1051 5411 1322 5482 princeps
1337 5412 1394 5464 et
1413 5407 1702 5464 maximus
1721 5409 1816 5463 Dei
1833 5424 2006 5481 appa-

357 5496 523 5565 ritor,
549 5500 932 5574 archangelus
961 5498 1208 5557 Michael
1239 5498 1438 5555 stricto
1487 5497 1680 5570 gladio
1719 5514 1823 5570 pro
1853 5503 1998 5555 tem-

354 5583 434 5661 pli
459 5587 700 5642 custode
719 5594 973 5645 statuam
1006 5589 1181 5645 habet
1211 5590 1484 5646 tenuibus
1515 5587 1756 5646 calculis
1814 5589 1992 5646 inter-

351 5679 656 5758 punctam.
691 5682 771 5736 Ex
801 5693 866 5736 eo
903 5695 1092 5752 neque
1145 5679 1504 5752 imperatorii
1561 5680 1808 5738 ulterius
1867 5696 1994 5753 pro-

2123 4691 2366 4766 Ἀλεξίου
2400 4694 2752 4769 μαχομένους
2797 4692 3025 4758 ὁπλίτας
3078 4701 3178 4766 τῆς
3234 4695 3596 4774 Καισαρίσσης
3656 4696 3782 4753 ἰσί-

2119 4803 2274 4839 νοντο
2307 4781 2478 4849 οὗτοι,
2538 4782 2590 4853 ἐξ
2656 4780 2982 4859 ὑπερδεξίων
3040 4785 3354 4861 μαχόμενοι
3402 4785 3489 4842 καὶ
3540 4785 3616 4848 ὡς
3670 4785 3775 4866 ἀφ’

2117 4872 2288 4946 ὕψους
2373 4870 2649 4944 σκηπτοῦς
2741 4870 3054 4949 ἐπαφιέντες
3129 4877 3279 4932 κάτω
3359 4876 3426 4932 τὰ
3500 4873 3775 4950 βέλεμνα.

2119 4959 2299 5018 Ἀλλᾶ
2346 4960 2434 5016 καὶ
2493 4961 2686 5037 ἑτέρων
2729 4961 3050 5038 καταλόγων
3093 4963 3478 5020 εὖοπλοτᾶτων
3523 4970 3622 5021 τοῦ
3667 4987 3778 5022 πα-

2116 5050 2308 5107 λατίου
2340 5051 2584 5122 ἐξιόντων
2624 5052 2715 5107 καὶ
2772 5052 2865 5116 τὰς
2927 5051 3146 5118 διόδους
3203 5054 3618 5131 πληρωσάντων
3682 5065 3778 5120 καὶ

2112 5143 2239 5204 τοὺς
2293 5139 2598 5203 στενωποὺς
2665 5137 3034 5220 διειληφότων
3095 5144 3288 5199 ὁπόσοι
3318 5145 3455 5220 πρὸς
3509 5145 3571 5200 τὸ
3629 5143 3776 5221 μέγα

2110 5233 2330 5307 τέμενος
2385 5231 2658 5309 φέρουσιν,
2710 5230 2739 5285 ὃ
2794 5251 2852 5286 τε
2910 5228 3090 5305 δῆμος
3154 5237 3252 5290 τοῦ
3319 5229 3634 5307 ἐπιϐοηθεῖν
3693 5238 3771 5310 τῇ

2111 5321 2445 5396 Καισαρίσσῃ
2519 5318 2790 5376 ἐπαύσατο
2848 5317 2938 5376 διὰ
2991 5323 3052 5378 τὸ
3123 5327 3286 5380 πᾶσιν
3359 5319 3558 5404 ἔφοδον
3647 5331 3774 5391 τοῖς

2113 5411 2306 5472 ὅπλοις
2335 5405 2820 5485 ἀποταφρεῦεσθαι,
2849 5408 2940 5465 καὶ
2972 5411 3030 5466 οἱ
3076 5411 3139 5468 ἐκ
3190 5417 3290 5468 τοῦ
3319 5413 3470 5490 ἱεροῦ
3528 5413 3772 5488 ἐπεξιόν-

2105 5519 2194 5561 τες
2223 5499 2310 5553 καὶ
2359 5497 2459 5566 τὴν
2495 5494 2722 5552 αὒλαίαν
2780 5497 2878 5554 τοῦ
2933 5500 3348 5576 Αὔγουπεῶνος
3405 5498 3771 5577 ὑπερϐαίνον-

2105 5609 2194 5654 τες
2249 5587 2338 5644 καὶ
2386 5590 2506 5650 τοῖς
2551 5585 2863 5661 βασιλικοῖς
2905 5595 3158 5666 στρατοῖς
3213 5584 3350 5646 κατὰ
3407 5591 3504 5654 τὰς
3571 5591 3771 5670 ἀγυιὰς

2109 5675 2571 5757 συμπλεκόμενοι,
2604 5674 2780 5756 ὀλίγοι
2839 5679 2976 5760 πρὸς
3013 5677 3240 5746 πλείους
3293 5677 3763 5759 διαμιλλώμενοι,
