4118 6200
285 384 412 445 589

1471 377 1806 451 ALEXIUS
1850 380 2255 448 MANUELIS
2298 376 2565 442 FILIUS

3600 392 3719 454 590

298 514 472 587 δῆλοι
529 514 669 585 ἦσαν
748 513 1047 589 κάμνοντες
1104 513 1213 588 ἢδη
1268 516 1359 573 καὶ
1414 516 1552 575 κατά
1613 516 1795 594 βραχὺ
1860 521 1957 572 τοῦ

2069 515 2230 590 gredi
2261 516 2579 587 potuerunt
2602 513 2675 570 ob
2705 517 3014 588 suspectps
3066 519 3269 590 templi
3323 521 3667 595 angiportug
3699 544 3717 594 ς

300 605 616 682 θαρῥαλέου
705 603 1105 679 ὗπεκλυόμενοι
1189 603 1463 679 λήματος.
1522 606 1630 663 Καὶ
1711 607 1856 662 οὕτω
1912 603 1959 660 δ’

300 694 398 750 οὗν
476 695 545 750 τὰ
602 702 704 765 τῆς
764 692 1091 769 συμπλοκῆς
1158 694 1458 767 ἐνειστήκει
1516 694 1812 770 λαμπρῶς,
1870 694 1961 750 καὶ

2071 621 2260 677 neque
2290 603 2613 661 Caesarissaa
2645 604 2979 662 defensores
3010 606 3145 663 inde
3176 609 3250 664 ad
3281 626 3539 683 pugnam
3589 629 3720 685 pro-

2073 696 2295 751 dibant.

297 787 458 862 μάχη
489 782 801 859 συνὲῤῥωγε
828 784 1082 860 καρτερὰ,
1114 786 1150 853 ἡ
1188 785 1282 859 μὲν
1317 783 1421 841 ἀπὸ
1451 781 1621 857 τόξων
1668 783 1865 861 βολῆς,
1896 787 1932 854 ἡ
1965 780 2022 839 δὲ
2049 783 2140 837 καὶ
2170 781 2222 837 ἰν
2262 781 2451 860 χερσὶν
2481 780 2844 857 ἀγχώμαλος,
2875 783 2964 838 καὶ
2999 783 3185 846 στόνος
3236 786 3331 859 μὲν
3385 788 3492 843 τῶν
3525 788 3708 857 πλητ-

290 873 570 948 τομένων,
600 872 993 947 ἰπικελευσμὸς
1024 872 1082 929 δὲ
1109 878 1218 930 τῶν
1247 875 1611 952 ἀναιρούντων
1632 875 1963 952 ἑκατέρωθεν
2002 871 2310 946 έξηκούετο.
2370 872 2514 934 Ἐως
2572 872 2667 944 μὶν
2729 873 2820 927 οῦν
2882 874 3140 951 σταθερᾶς
3182 872 3528 950 μεσημϐρίας
3560 878 3626 947 ἦν
3680 882 3715 948 ἡ

298 964 460 1044 μάχη
494 961 829 1043 ἀμφιπαλής
849 963 939 1018 καὶ
971 966 1006 1035 ἡ
1036 963 1159 1036 νίκη
1194 965 1563 1041 ἀμφήριστος,
1586 962 1670 1021 ἐπ’
1698 964 1829 1036 ’ἰσης
1855 968 1964 1020 τῶν
2003 963 2327 1041 ἀμφοτέρων
2364 962 3227 1046 στρατευμάτων’ταλαντεύουσα
3285 967 3380 1027 τάς
3437 964 3711 1046 πλάστιγ-

298 1076 428 1134 γας,
458 1053 727 1111 κλίνουσά
754 1076 813 1112 τε
842 1053 938 1113 ἀνά
971 1057 1139 1130 μέρος
1167 1057 1257 1111 καὶ
1291 1057 1443 1112 αὖθις
1475 1056 1743 1133 ἀνάγουσα
1772 1057 1833 1112 τὸ
1861 1056 1985 1112 τότε
2019 1056 2360 1131 μαχόμενον’
2428 1060 2529 1123 τῆς
2586 1051 2633 1107 δ’
2688 1044 2901 1129 ἡμέρας
2952 1053 3062 1127 ἤδη
3127 1056 3516 1134 ὑποληγούσης
3568 1044 3719 1134 περι-

300 1145 482 1224 φανὴς
504 1147 542 1215 ἡ
572 1146 697 1215 νίκη
732 1148 849 1207 τοῖς
880 1143 941 1198 ἐκ
973 1142 1243 1220 βασιλέως
1270 1145 1661 1222 προσέρρεψεν.
1692 1145 1984 1221 Ὠσάμενοι
2021 1143 2126 1219 γὰρ
2157 1144 2289 1205 τοὺς
2346 1141 2406 1197 ἐκ
2452 1145 2550 1196 τοῦ
2606 1142 2707 1198 νεὼ
2772 1142 2902 1198 εἷ’σω
2949 1148 3046 1200 τοῦ
3076 1145 3494 1222 Αύγουστεῶνος
3524 1150 3719 1203 κατέκ-

208 1304 218 1311 μ
295 1234 514 1306 λεισαν,
557 1234 610 1289 έν
640 1239 752 1290 τῶν
806 1231 1070 1311 ἀμφόδων
1129 1235 1621 1309 ἀποκρουσάμενοι*
1684 1235 1892 1292 τούτων
1940 1231 1999 1289 δὲ
2056 1231 2484 1303 συνειληθέντων
2526 1230 2694 1300 ἐντὸς,
2771 1233 2862 1288 καὶ
2929 1234 2982 1288 οἱ
3039 1241 3156 1298 ταῖς
3187 1238 3340 1311 ἀψῖσι
3383 1242 3480 1293 τοῦ
3510 1238 3713 1293 Μιλίου

293 1322 601 1404 ἑφεστῶτες
630 1323 721 1378 καὶ
753 1324 805 1378 οἱ
837 1321 897 1378 ἐκ
926 1327 1021 1378 τοῦ
1046 1324 1151 1378 νεὼ
1178 1328 1278 1379 τοῦ
1317 1322 1567 1395 ’Δλεξίου
1600 1324 1913 1404 μαχόμενοι
1944 1323 2079 1399 πρὸς
2136 1324 2346 1398 τροπὴν
2404 1317 2658 1396 ἔϐλεψαν.
2717 1323 2817 1377 Καὶ
2847 1321 2923 1385 ὦς
2980 1320 3314 1382 ἐπελάϐοντο
3355 1332 3463 1381 τῶν
3513 1329 3714 1407 χώρων

289 1413 534 1485 τούτων,
568 1414 596 1467 6
618 1416 713 1468 τοῦ
748 1410 1020 1486 βασιλέως
1054 1413 1282 1489 στρατὸς
1318 1413 1415 1477 τάς
1450 1416 1546 1488 μὲν
1576 1414 1814 1489 σημαίας
1879 1417 1985 1468 τῶν
2036 1410 2246 1487 ἀψίδων
2304 1408 2509 1467 ἀνωθεν
2566 1407 2792 1481 ἔστησαν
2822 1412 2879 1466 αἳ
2910 1411 3036 1476 τοὺς
3070 1414 3317 1488 βασιλεῖς
3341 1416 3715 1488 είκονίζουσιν,

292 1505 359 1560 αἱ
416 1503 474 1561 δὲ
534 1503 705 1560 πύλαι
754 1508 854 1560 τοῦ
920 1504 1350 1581 Αύγουστεῶνος
1408 1504 1462 1560 ἐν
1519 1504 1736 1561 πελέκει

1853 1503 1946 1559 καὶ
2003 1502 2344 1578 λαξευτηρίῳ
2408 1501 2841 1580 κατερῤἀγησαψ
2911 1504 3001 1560 καὶ
3070 1507 3134 1562 τὸ
3188 1514 3290 1576 τῆς
3348 1507 3718 1583 Καισαρίσσης

301 1592 597 1650 ὁπλιτικὸν
657 1593 838 1650 οὐκέτι
895 1592 1282 1665 ἀντιπλήττειν
1348 1591 1480 1670 ἔχον
1549 1594 1624 1657 ὡς
1678 1598 1794 1657 τοῖς
1847 1593 2055 1649 ἀνιοῦσι
2113 1593 2209 1655 τάς
2263 1590 2463 1667 ἁψῖδας
2527 1594 2667 1648 κατά
2717 1595 2961 1673 κορυφὴν
3035 1594 3405 1670 βαλλόμενον,
3466 1597 3571 1653 κάκ
3608 1601 3717 1652 τῶν

297 1683 666 1760 εἷσχυθέντιυν
722 1683 799 1747 εἷς
896 1685 992 1754 τῆν
1094 1681 1312 1740 αὔλειον
1385 1687 1729 1758 στρατιωτῶν
1792 1688 1912 1746 ταῖς
1995 1683 2133 1739 κατά
2210 1688 2374 1758 χεῖρα
2429 1682 2775 1757 συμπλοκαῖς
2845 1683 3058 1760 πάσχον
3117 1686 3183 1740 τὰ
3242 1688 3514 1762 χείριστα,
3572 1686 3711 1742 κατὰ

308 1775 512 1851 μικρὸν
585 1771 890 1830 ὓπέκλεπτε
954 1776 1057 1845 την
1109 1776 1312 1852 φυγὴν,
1349 1774 1610 1850 βραχείας
1663 1774 1880 1850 ἀρωγῆς
1940 1771 2217 1829 ἀπολαῦον
2275 1770 2366 1828 διά
2429 1793 2486 1827 τε
2544 1771 2708 1829 λίθων
2762 1775 2938 1848 βολῆς
2998 1774 3087 1830 καὶ
3147 1774 3323 1851 βελῶν
3379 1777 3620 1852 ἀφέσεως
3662 1777 3723 1833 ἐκ

300 1870 418 1921 τῶν
468 1864 693 1940 ὕπερθεν
744 1863 1131 1940 ἐπαμυνόντων
1183 1866 1334 1942 σφίσι
1399 1865 1689 1939 Ῥωμαίων
1746 1864 1855 1920 ἀπό
1910 1885 1970 1920 τε
2022 1868 2121 1920 τοῦ
2194 1861 2469 1941 ἀνδρῶνος
2534 1869 2630 1919 τοῦ
2717 1864 3059 1939 καλουμένου
3145 1866 3446 1941 Μάκρωνος
3514 1868 3566 1931 ἐς
3630 1870 3721 1925 τὸν

299 1956 701 2030 Δύγουστεῶνα
752 1952 1134 2030 προνεύοντος,
1192 1954 1282 2010 καὶ
1345 1958 1442 2010 τοῦ
1498 1953 1848 2029 συνημμένου
1911 1953 2090 2026 τούτῳ
2156 1953 2451 2026 Θωμαῒτου
2513 1952 2708 2026 δόμου.
2768 1954 2941 2016 Τέλος
3001 1952 3057 2009 δὲ
3107 1960 3221 2018 τοῖς
3273 1958 3532 2011 πάντοθεν
3583 1956 3718 2031 βάλ-

300 2042 500 2099 λουσιν
558 2041 618 2098 έκ
676 2047 781 2099 τοῦ
841 2043 949 2098 νεὼ
1008 2042 1321 2117 πιεζόμενοι
1343 2044 1659 2123 ἀφίστανται
1690 2049 1791 2113 τῆς
1818 2046 1916 2098 τοῦ
1947 2042 2364 2119 Αύγουστεῶνος
2389 2039 2616 2103 αὐλαίας
2665 2042 2754 2096 καὶ
2785 2042 2977 2125 εἰσίασι
3008 2042 3070 2097 τὸ
3099 2044 3355 2118 πρόναον,
3378 2044 3498 2098 καθ’
3527 2045 3556 2099 ’ὁ
3588 2041 3654 2115 δὴ
3688 2046 3716 2100 6

299 2134 616 2208 πρώτιστος
643 2132 735 2188 καὶ
770 2133 1022 2207 μέγιστος
1048 2135 1156 2189 τῶν
1188 2131 1676 2207 παραστατούντων
1706 2128 2071 2208 ἀρχαγγέλων
2113 2135 2230 2204 Θεῷ
2269 2129 2501 2205 Μιχαὴλ
2533 2129 2864 2203 ἐσπασμένος
2894 2130 3169 2209 ῥομφαίαν
3204 2130 3511 2203 ἐστήλωται
3539 2132 3717 2209 ψηφί-

300 2219 412 2277 δων
442 2221 670 2285 λεπταῖς
692 2220 979 2292 ὲπιθέσεσι,
1010 2220 1181 2301 φύλαξ
1214 2216 1669 2297 προϐεϐλημένος
1693 2226 1789 2277 τοῦ
1814 2223 1986 2297 ἱεροῦ.
2009 2222 2105 2277 Ἐκ
2133 2217 2191 2275 δὶ
2220 2220 2418 2276 τούτου
2450 2217 2573 2276 οὔτε
2602 2221 2655 2276 οἱ
2683 2224 2779 2275 τοῦ
2833 2218 3100 2294 βασιλέως
3131 2222 3467 2297 προσωτέρω
3512 2222 3714 2297 βαίνειν

290 2309 589 2383 ἠδύναντο,
621 2310 971 2391 ὕφορώμενοι
999 2308 1126 2374 τοὺς
1164 2314 1263 2367 τοῦ
1292 2315 1421 2367 ναοῦ
1447 2309 1778 2383 στενωποὺς,
1811 2307 1934 2367 οὔτε
1964 2311 2017 2366 οἱ
2055 2317 2157 2381 τῆς
2194 2309 2568 2387 Καισαρίσσης
2626 2311 3052 2387 ὑπερπονοῦντες
3111 2311 3314 2377 ἐκεῖθεν
3363 2310 3581 2387 ἐξῄεσαν
3638 2314 3715 2375 ὡς

298 2400 679 2477 μαχούμενοι.

365 2573 427 2642 ζ’·
461 2572 522 2629 Ὁ
554 2568 612 2627 δὲ
642 2575 855 2647 Καῖσαρ
883 2571 971 2627 καὶ
1032 2572 1062 2627 6
1092 2570 1453 2646 πατριάρχης
1510 2570 1696 2640 αὐτὸς,
1774 2570 1803 2624 6
1866 2568 1959 2643 μὶν

2138 2571 2193 2629 7.
2225 2572 2299 2628 At
2328 2572 2516 2629 Caesar
2544 2572 2618 2629 de
2646 2573 2840 2646 seipse
2899 2576 2957 2630 et
3012 2575 3263 2649 conjuge
3303 2576 3615 2648 sollicitus,
3653 2595 3727 2637 ne

289 2660 478 2724 δείσας
507 2659 633 2737 περὶ
664 2661 844 2733 ἑαυτῷ
872 2681 932 2716 τε
987 2661 1078 2715 καὶ
1130 2663 1201 2734 τῇ
1252 2658 1453 2734 ἀλόχῳ
1488 2660 1565 2733 μὴ
1599 2658 1965 2736 συλληφθεῖεν

290 2752 540 2825 ἀγεννῶς
570 2750 676 2805 ὑπὸ
704 2754 813 2805 τῶν
845 2746 1140 2828 διαφόρων,
1174 2750 1203 2805 6
1260 2745 1317 2803 δὲ
1381 2750 1455 2821 μὴ
1517 2768 1634 2809 πως
1663 2744 1814 2802 ἔνδον
1869 2750 1968 2802 τοῦ

290 2841 459 2915 ἱεροῦ
516 2836 866 2911 παρεισίωσιν
922 2838 975 2892 οἱ
1052 2834 1316 2909 πολέμιοι
1372 2835 1462 2890 καὶ
1519 2835 1648 2891 ποσί
1709 2836 1803 2910 μὲν
1861 2835 1969 2912 ούχ

290 2929 475 2989 ὁσίοις
502 2928 566 2982 τὸ
591 2928 750 3001 ἅγιον
782 2929 1071 2997 πατήσωσι
1101 2922 1354 2994 δάπεδον,
1388 2925 1549 3001 χερσὶ
1606 2921 1653 2979 δ’
1712 2923 1964 3002 ἂνάγνοις

288 3018 393 3073 καὶ
424 3017 626 3091 θερμὸν
657 3010 735 3071 ἔτι
768 3015 1088 3085 σταζούσαις
1123 3019 1203 3088 τῷ
1242 3012 1431 3089 λύθρῳ
1488 3014 1555 3070 τὰ
1586 3021 1804 3090 παναγῆ
1864 3013 1966 3089 λῃ-

295 3106 601 3161 στεύσιυσιν
623 3104 953 3179 ἀναθέματα,
984 3106 1013 3160 6
1040 3104 1136 3179 μὶν
1166 3105 1265 3174 τὴν
1295 3103 1687 3179 ἀρχιερατικήν
1722 3106 1802 3177 [Ρ.
1839 3104 1966 3172 155]

295 3195 508 3267 στολήν
537 3193 759 3257 έπενδὺς
824 3199 915 3251 καί
970 3194 1039 3250 τὰ
1095 3196 1212 3249 θεῖα
1273 3193 1409 3268 μετά
1439 3197 1632 3271 χεῖρας
1682 3189 1964 3265 δεξάμενος

302 3286 472 3363 λόγια
500 3284 734 3341 κάτεισιν
763 3284 838 3348 εἰς
870 3284 933 3340 τὸ
963 3284 1296 3359 προσκήνιον
1330 3286 1429 3339 τοῦ
1457 3282 1584 3355 νεὼ,
1616 3279 1669 3337 ἐν
1699 3282 1744 3355 ᾧ
1775 3283 1828 3337 οἱ
1864 3284 1964 3348 τῆς

296 3375 672 3451 Καισαρίσσης
756 3375 1201 3450 ὑπερμαχοῦντες
1283 3370 1592 3443 ἡλίσθησαν
1654 3371 1961 3450 φεύγοντες,

294 3468 330 3524 ὅ
362 3468 455 3524 καὶ
498 3464 921 3544 πρωτεκδικεῖον
952 3464 1327 3537 κικλήσκεται·
1372 3466 1401 3520 ὁ
1458 3462 1515 3519 δὲ
1571 3470 1776 3540 Καῖσαρ
1831 3463 1958 3528 τοὺς

295 3559 402 3620 τὰς
434 3555 681 3621 εἰσόδους
734 3563 835 3627 τῆς
894 3554 1187 3626 ἐκκλησίας
1240 3557 1541 3630 τηροῦντας
1590 3551 1960 3630 ὁπλομάχους

295 3648 591 3724 ἀγηοχὼς,
622 3646 713 3703 καὶ
766 3645 893 3702 ὅσον
941 3646 1066 3715 περὶ
1123 3644 1282 3700 αὐτὸν
1323 3644 1607 3724 ἀκραιφνὲς
1665 3640 1743 3700 ἔτι
1794 3650 1961 3700 Λατι-

294 3738 450 3794 νικὸν
487 3735 870 3815 δορυφορικὸν,
897 3734 987 3790 καὶ
1017 3736 1078 3791 τὸ
1110 3735 1233 3810 περὶ
1265 3735 1364 3804 τήν
1401 3733 1738 3809 ὁμόλεκτρον
1792 3734 1958 3791 αὐτοῦ

295 3827 685 3901 θεραπευτικὸν
717 3825 807 3880 καὶ
842 3822 1095 3895 οἰκίδιον,
1128 3823 1217 3879 καὶ
1247 3824 1370 3900 περὶ
1431 3824 1557 3886 τοὺς
1605 3823 1792 3879 ἑκατὸν
1825 3845 1958 3880 πεν-

2075 2662 2328 2729 turpiter
2360 2663 2431 2718 ab
2465 2661 2721 2719 inimicis
2778 2668 3149 2736 caperentur,
3208 2667 3543 2738 patriarcha
3602 2685 3726 2726 me-

2073 2754 2245 2807 tuens
2277 2767 2348 2807 ne
2381 2750 2578 2808 hostes
2612 2752 2669 2808 in
2700 2752 2987 2825 templum
3020 2761 3408 2826 penetrarent,
3444 2763 3500 2813 et
3528 2760 3729 2830 profa-

2070 2838 2163 2910 pis
2194 2839 2441 2911 pedibus
2493 2857 2725 2896 sacrum
2780 2840 2973 2898 solum
3026 2842 3318 2900 calcarent
3375 2852 3431 2902 et
3470 2846 3725 2919 impuris

2070 2936 2123 2984 et
2152 2928 2408 2984 calidum
2442 2929 2632 2985 adhuc
2672 2931 3025 3004 sanguinem
3057 2932 3414 2990 stillantibus
3446 2936 3726 2992 manibus

2068 3018 2450 3074 sanctissima
2472 3019 2712 3075 donaria
2731 3026 3028 3092 raperent,
3055 3022 3210 3077 310
3240 3024 3541 3094 pontiﬁcis.
3572 3024 3723 3081 stola

2070 3113 2312 3163 ornatus
2345 3115 2400 3164 et
2421 3108 2618 3165 divina
2639 3110 2875 3166 oracula
2896 3111 3169 3167 manibus
3187 3116 3444 3184 gestans,
3480 3113 3539 3169 in
3562 3123 3715 3170 tem-

2066 3197 2147 3270 pli
2179 3198 2556 3269 vestibulum,
2590 3201 2743 3271 quod
2767 3204 2824 3256 et
2855 3202 3283 3272 protccdiceum
3332 3203 3572 3270 dicitur,
3595 3221 3713 3275 quo

2067 3303 2130 3343 se
2167 3286 2478 3345 Caesariani
2533 3288 2674 3361 fuga
2731 3299 3087 3362 receperant,
3143 3292 3465 3349 descendit.
3519 3296 3712 3352 Caesar

2064 3392 2197 3433 vero
2217 3375 2587 3449 gladiatores,
2620 3380 2721 3449 qui
2779 3380 3036 3436 ecclesias
3093 3380 3244 3437 fores
3288 3382 3623 3454 tuebantur,
3656 3386 3714 3440 et

2063 3468 2296 3523 Latinos
2318 3466 2598 3523 satellites
2617 3468 2807 3524 adhuc
2828 3469 3047 3527 viribus
3094 3468 3374 3543 integros,
3406 3474 3463 3527 et
3515 3472 3713 3529 uxoris

2064 3572 2182 3613 suis
2203 3573 2271 3613 ac
2289 3557 2638 3614 domesticos
2687 3558 2986 3615 ministros
3009 3558 3237 3615 circiter
3280 3576 3349 3616 cr.
3376 3574 3577 3616 secum
3610 3562 3712 3617 ad-

2063 3648 2265 3719 duxit;
2298 3651 2355 3706 et
2383 3651 2635 3707 sublime
2665 3650 3013 3708 subsellium
3071 3651 3131 3707 in
3190 3652 3462 3707 Macrone
3502 3656 3711 3708 nactus

2062 3740 2385 3798 orationem
2410 3739 2751 3812 hujusmodi
2777 3740 3022 3797 habuit:
3050 3761 3078 3791 «
3105 3739 3224 3796 Etsi
3247 3756 3362 3796 non
3384 3743 3585 3797 contra
3605 3757 3710 3813 po-

2062 3827 2296 3899 pulares
2328 3832 2386 3884 et
2430 3830 2635 3884 eadem
2682 3828 2961 3900 religione
3015 3828 3299 3895 initiatos,
3358 3829 3461 3885 sed
3510 3834 3714 3885 contra

293 3918 537 3988 τήκοντα
567 3916 766 3977 πάντας
796 3914 1147 3991 ἠριθμηκὼς,
1178 3911 1265 3969 ἐπί
1296 3935 1442 3979 τινος
1481 3913 1755 3989 μετεώρου
1788 3933 1954 3987 σκιμ-

2069 3918 2260 3974 crucis
2290 3916 2558 3973 inimicos
2590 3933 2755 3972 arma
2784 3917 2939 3974 sumi
2988 3917 3304 3987 decuisset,
3335 3922 3533 3975 tamen
3574 3919 3715 3990 quia

295 4003 561 4063 ποδέσκου
635 4005 773 4061 κατά
824 4005 915 4060 τὸν
980 4003 1252 4079 Μάκρωνα
1336 4003 1754 4080 παρευρεθέντος
1829 4001 1954 4065 στάς

295 4095 482 4169 αὐτὸς,
532 4095 622 4151 καὶ
681 4095 1011 4172 περιστήσας
1068 4092 1199 4158 τοὺς
1277 4091 1813 4170 παρεσκευασμένους
1880 4092 1956 4153 εἰς

297 4186 572 4260 πόλεμον,
601 4181 771 4261 ἔφησε
800 4180 1004 4240 τοιάδεο
1041 4205 1069 4235 ιι
1103 4185 1313 4261 Ἐχρῆν
1348 4184 1440 4257 μὶν
1503 4184 1580 4257 μὴ
1641 4182 1759 4238 καθ’
1815 4183 1958 4256 ὁμο-

296 4275 486 4355 φύλων
542 4275 633 4330 καὶ
685 4273 1021 4349 ὁμοπίστων,
1054 4269 1203 4328 ἀλλὰ
1229 4272 1367 4327 κατά
1419 4275 1527 4326 τῶν
1582 4270 1794 4347 ἐχθρῶν
1858 4274 1955 4327 τοῦ

292 4370 529 4442 σταυροῦ
559 4366 658 4428 τὰς
716 4362 1027 4438 πολεμικὰς
1082 4361 1281 4424 ταύτας
1336 4355 1768 4437 περιϐεϐλῆσθαι
1841 4382 1960 4417 στο-

288 4455 396 4518 λάς
451 4455 547 4511 καὶ
606 4454 701 4516 τὰς
765 4457 956 4529 χεῖρας
1007 4456 1125 4516 τοῖς
1181 4451 1474 4530 φασγάνοις
1552 4448 1951 4515 καθωπλίσθαιο

291 4546 422 4602 ἰπεί
481 4542 543 4600 δὲ
598 4544 652 4599 οἱ
709 4544 777 4601 τὰ
827 4550 928 4613 τῆς
983 4540 1263 4618 βασιλείας
1321 4540 1609 4615 Ῥωμαίων
1655 4543 1958 4616 μοχθηρῶς

292 4633 578 4698 διέποντες
608 4637 776 4689 τοῦτο
821 4634 917 4706 μὲν
971 4631 1286 4712 ἀφείλοντο,
1343 4630 1697 4705 ἀναγκαστῶς
1754 4626 1810 4685 δὲ
1863 4630 1957 4685 καὶ

297 4722 495 4782 οὔκουν
581 4727 924 4801 προαιρετῶς
1003 4722 1096 4785 τὰς
1184 4719 1454 4796 ἡμετέρας
1531 4718 1744 4797 λόγχας
1838 4720 1957 4775 καθ’

292 4817 507 4872 ³ἑαυτῶν
576 4814 935 4884 ἀκονήσαντες
1001 4806 1217 4887 ἔχουσι,
1278 4809 1356 4884 μὴ
1417 4806 1484 4877 δὴ
1550 4807 1784 4885 ἀγεννῶς
1838 4806 1956 4864 ἐπι-

296 4910 509 4979 στῶμεν
548 4908 668 4967 τοῖς
726 4900 961 4977 ἐπιοῦσι,
1025 4897 1155 4975 μηδ’
1213 4898 1680 4955 δτιταυτόπιστοι
1735 4898 1826 4953 καὶ
1854 4898 1956 4968 τὴν

293 4994 463 5065 αὐτὴν
551 4992 830 5054 οἰκοῦντες
916 4988 1391 5065 ἀναλογισώμεθα,
1448 4986 1575 5043 ἀλλ’
1661 4987 1736 5050 ὡς
1787 4985 1957 5043 πολε.

297 5082 459 5158 μίους
506 5087 628 5156 Θεῷ
660 5081 947 5158 πρότερον,
979 5080 1042 5136 οῦ
1098 5077 1159 5134 τὰ
1190 5078 1334 5153 ἱερὸν
1367 5074 1492 5133 τόδε
1522 5074 1745 5133 εἷ’σίασιν
1805 5076 1957 5133 ἀναι-

296 5170 430 5246 δῶς,
480 5166 671 5228 ἔπειτα
720 5168 778 5226 δὲ
832 5169 923 5226 καὶ
981 5172 1143 5243 ἡμῶν
1197 5167 1374 5223 αὐτῶν
1422 5166 1682 5241 ἀπεχθεῖς
1740 5164 1958 5240 ἄμυνώ-

291 5264 451 5335 μεθα.
483 5260 708 5324 Πάντως
761 5256 819 5315 δέ
864 5258 966 5315 εἶσι
999 5260 1065 5313 τὰ
1108 5264 1210 5328 τῆς
1256 5255 1466 5332 ἀμύνης
1526 5256 1807 5312 ἀνεύθυνα·
1868 5258 1956 5320 οἷς

288 5352 398 5427 γάρ
454 5373 512 5408 τι
572 5350 636 5406 οὐ
691 5349 1072 5426 προσέστημεν
1149 5345 1294 5408 ὅλως
1353 5344 1443 5401 καὶ
1502 5346 1620 5409 καθ’
1677 5345 1753 5399 ὧν
1810 5343 1958 5401 ὅπλα

292 5439 412 5497 οὐδ’
472 5439 623 5503 ὅλως
661 5440 932 5515 ἠράμεθα,
982 5435 1415 5513 ἀνερυθριάστως
1474 5434 1622 5489 οὗτοι
1672 5433 1959 5511 προσίασιν

290 5533 435 5606 ἡμῖν
494 5531 571 5594 ὡς
630 5528 996 5594 έπιθανατίοις
1052 5526 1162 5583 τισὶ
1211 5526 1302 5582 καὶ
1360 5522 1641 5603 ἐσχάτοις,
1697 5524 1788 5580 καὶ
1847 5546 1958 5582 κει·

290 5621 477 5695 μένων
506 5618 868 5696 ἀδαημοσύνῃ
924 5611 1422 5693 κατεπεμϐαίνόυσι
1451 5617 1548 5670 τοῦ
1609 5611 1807 5689 καλοῦ,
1865 5617 1956 5672 καὶ

279 5711 748 5792 προσρυομένους
828 5713 944 5786 Θεῷ
1000 5707 1061 5766 ἔκ
1133 5711 1231 5765 τοῦ
1286 5706 1396 5765 τεὼ
1453 5704 1651 5763 τούτου
1707 5703 1956 5782 ἀποσπᾷν

2068 4006 2231 4077 ii,qui
2259 4006 2589 4061 Romanum
2612 4005 2925 4077 imperium
2948 4005 3099 4062 male
3122 4006 3711 4077 administrant,illud

2068 4093 2236 4152 nobis
2258 4094 2626 4164 ademerunt,
2659 4098 2716 4151 et
2736 4095 3116 4167 quantumvis
3154 4095 3363 4152 invitas
3382 4097 3584 4154 hastas
3615 4113 3715 4152 no-

2067 4194 2220 4247 stras
2242 4190 2301 4246 in
2321 4206 2383 4246 se
2405 4205 2610 4246 acuere
2627 4206 2815 4262 neque
2837 4189 3135 4262 religionis
3158 4196 3494 4263 coegerunt,
3509 4191 3711 4249 hostes

2065 4280 2221 4337 haud
2246 4279 2448 4336 timide
2470 4279 3100 4353 propulsemus,neque
3113 4280 3368 4337 nationis
3382 4282 3603 4339 ratione
3618 4281 3713 4338 ha-

2065 4370 2215 4426 bita:
2233 4369 2333 4426 sed
2352 4368 2605 4441 primum
2623 4368 2894 4427 uthostes
2908 4369 3211 4443 Dei,cujus
3229 4369 3505 4442 templum
3521 4370 3711 4442 impu-

2066 4457 2717 4531 denteringrediuntur,
2750 4457 2959 4516 deinde
2988 4464 3054 4515 ut
3083 4463 3313 4518 nostros
3348 4460 3712 4518 adversarios

2067 4547 2446 4609 ulciscemur.
2476 4548 2673 4620 Neque
2704 4564 2810 4604 nos
2827 4564 2893 4605 eo
2926 4548 3157 4607 nomine
3177 4549 3492 4623 quisquam
3517 4567 3711 4623 repre-

2066 4636 2300 4695 hendet.
2334 4636 2401 4692 Hi
2432 4636 2584 4692 enim
2607 4653 2756 4709 quos
2778 4654 3081 4710 nunquam
3104 4638 3476 4709 offendimus,
3510 4645 3714 4697 contra

2066 4744 2214 4801 quos
2244 4728 2393 4783 8“
2431 4744 2593 4784 arma
2624 4743 2740 4784 non
2798 4726 3084 4801 cepimus,
3116 4732 3321 4786 contra
3378 4745 3483 4786 nos
3531 4728 3709 4785 veluti

2065 4818 2271 4891 capitis
2303 4819 2613 4875 damnatos
2642 4818 3017 4890 impudenter
3045 4823 3380 4885 accurrunt,
3414 4817 3574 4874 nullo
3615 4832 3711 4872 re-

2066 4915 2267 4982 spectu
2297 4906 2624 4964 honestatis
2656 4924 2670 4976 ;
2706 4923 2929 4978 nosque
2983 4907 3100 4964 Deo
3157 4906 3473 4979 supplices,
3506 4909 3711 4961 contra

2065 5014 2300 5055 omnem
2333 4997 2666 5069 aequitatem
2723 5013 2791 5053 ex
2846 4998 2968 5053 aede
3017 4996 3263 5053 avellere
3328 4993 3710 5059 contendunt,

2067 5087 2229 5144 nulla
2260 5104 2294 5143 a
2322 5085 2493 5142 nobis
2524 5084 2744 5155 injuria
2772 5084 3048 5141 lacessiti.
3085 5085 3185 5140 Est
3241 5082 3396 5138 enim
3438 5085 3715 5137 extremas

2067 5176 2304 5233 insaniae
2330 5192 2430 5232 eos
2458 5174 2543 5231 vel
2566 5174 2873 5244 objurgare
2896 5172 2982 5229 vel
3031 5176 3097 5229 ut
3136 5170 3382 5243 injurios
3404 5171 3714 5242 lacessere,
3744 5208 3749 5211 ς

2070 5264 2170 5336 qui
2202 5264 2276 5320 ad
2332 5263 2518 5320 Deum
2569 5261 2938 5332 confugiunt,
2982 5276 3162 5330 eoque
3222 5261 3600 5317 intercessore
3657 5263 3716 5316 et

2071 5352 2372 5408 defensore
2456 5349 2927 5422 persecutionum
3008 5350 3336 5406 remedium
3421 5353 3711 5421 quaerunt.

2071 5443 2258 5509 Quare
2290 5455 2459 5495 nemo
2491 5439 2652 5494 nefas
2682 5442 2885 5510 putare
2907 5438 3079 5495 debet
3101 5454 3268 5495 suam
3298 5437 3548 5496 salutem
3581 5454 3715 5511 pro-

2071 5545 2335 5603 pugnare
2365 5532 2424 5584 et
2452 5527 2629 5583 ictum
2666 5526 2937 5586 hostilem
2962 5533 3341 5585 antevertere.
3370 5529 3569 5603 Neque
3610 5546 3717 5602 po-

2070 5617 2259 5693 pulari
2289 5632 2420 5688 suo,
2452 5615 2653 5674 stricto
2711 5630 2850 5673 ense
2907 5619 3157 5674 mortem
3217 5617 3538 5688 minitanti,
3570 5634 3714 5690 par-

2067 5709 2322 5769 cendum
2351 5705 2747 5782 est.Quisquis
2802 5711 2993 5781 nocet,
3026 5707 3213 5768 hostis
3272 5707 3572 5767 habeatur.
3606 5707 3715 5774 Qui
