  <div class='ocr_page' id='page_1' title='image "/cluster/home/n/w/nwhite01/storage/ocr_20150623/139/hvd.32044023361710/301.png"; bbox 0 0 4118 6200; ppageno 0'>
   <div class='ocr_carea' id='block_1_1' title="bbox 396 405 509 466">
    <p class='ocr_par' dir='ltr' id='par_1_1' title="bbox 396 405 509 466">
     <span class='ocr_line' id='line_1_1' title="bbox 396 405 509 466; baseline 0.009 -1"><span class='ocrx_word' id='word_1_1' title='bbox 396 405 509 466; x_wconf 77' lang='grc'>591</span> 
     </span>
    </p>
   </div>
   <div class='ocr_carea' id='block_1_2' title="bbox 1713 394 2491 460">
    <p class='ocr_par' dir='ltr' id='par_1_2' title="bbox 1713 394 2491 460">
     <span class='ocr_line' id='line_1_2' title="bbox 1713 394 2491 460; baseline 0.004 -2"><span class='ocrx_word' id='word_1_2' title='bbox 1713 395 2027 460; x_wconf 68' lang='lat' dir='ltr'>NICETIE</span> <span class='ocrx_word' id='word_1_3' title='bbox 2067 394 2491 460; x_wconf 63' lang='lat' dir='ltr'>GHONIATJE</span> 
     </span>
    </p>
   </div>
   <div class='ocr_carea' id='block_1_3' title="bbox 3683 395 3812 458">
    <p class='ocr_par' dir='ltr' id='par_1_3' title="bbox 3683 395 3812 458">
     <span class='ocr_line' id='line_1_3' title="bbox 3683 395 3812 458; baseline 0.023 -3"><span class='ocrx_word' id='word_1_4' title='bbox 3683 395 3812 458; x_wconf 79' lang='lat'>592</span> 
     </span>
    </p>
   </div>
   <div class='ocr_carea' id='block_1_4' title="bbox 396 526 2038 608">
    <p class='ocr_par' dir='ltr' id='par_1_4' title="bbox 396 531 2038 608">
     <span class='ocr_line' id='line_1_4' title="bbox 396 531 2038 608; baseline -0.007 -9"><span class='ocrx_word' id='word_1_5' title='bbox 396 556 654 599; x_wconf 79' lang='lat' dir='ltr'><strong>occisum</strong></span> <span class='ocrx_word' id='word_1_6' title='bbox 683 540 749 608; x_wconf 88' lang='lat' dir='ltr'>it,</span> <span class='ocrx_word' id='word_1_7' title='bbox 780 536 1096 596; x_wconf 88' lang='lat' dir='ltr'><strong>occidatur.</strong></span> <span class='ocrx_word' id='word_1_8' title='bbox 1129 536 1250 592; x_wconf 88' lang='lat' dir='ltr'><strong>Imo</strong></span> <span class='ocrx_word' id='word_1_9' title='bbox 1300 539 1452 591; x_wconf 90' lang='lat' dir='ltr'><strong>Deus</strong></span> <span class='ocrx_word' id='word_1_10' title='bbox 1481 533 1610 607; x_wconf 87' lang='lat' dir='ltr'><strong>ipse</strong></span> <span class='ocrx_word' id='word_1_11' title='bbox 1648 531 1898 606; x_wconf 79' lang='lat' dir='ltr'>gratiam</span> <span class='ocrx_word' id='word_1_12' title='bbox 1933 546 2038 587; x_wconf 90' lang='lat' dir='ltr'><strong>no-</strong></span> 
     </span>
    </p>
   </div>
   <div class='ocr_carea' id='block_1_5' title="bbox 2147 526 3819 608">
    <p class='ocr_par' dir='ltr' id='par_1_5' title="bbox 2158 526 3819 606">
     <span class='ocr_line' id='line_1_5' title="bbox 2158 526 3819 606; baseline -0.002 -20"><span class='ocrx_word' id='word_1_13' title='bbox 2158 528 2425 600; x_wconf 84' lang='grc' dir='ltr'>ἐθέλουσι,</span> <span class='ocrx_word' id='word_1_14' title='bbox 2458 527 2641 606; x_wconf 84' lang='grc' dir='ltr'>χρεὼν</span> <span class='ocrx_word' id='word_1_15' title='bbox 2704 531 2781 603; x_wconf 77' lang='grc' dir='ltr'>μὴ</span> <span class='ocrx_word' id='word_1_16' title='bbox 2814 526 2958 585; x_wconf 66' lang='grc' dir='ltr'>οὕτω</span> <span class='ocrx_word' id='word_1_17' title='bbox 3009 529 3137 605; x_wconf 81' lang='grc' dir='ltr'>όρᾷν</span> <span class='ocrx_word' id='word_1_18' title='bbox 3196 528 3281 585; x_wconf 80' lang='grc' dir='ltr'>ὅτι</span> <span class='ocrx_word' id='word_1_19' title='bbox 3310 549 3371 584; x_wconf 86' lang='grc' dir='ltr'>τε</span> <span class='ocrx_word' id='word_1_20' title='bbox 3425 526 3581 584; x_wconf 74' lang='grc' dir='ltr'>οὖδὶν</span> <span class='ocrx_word' id='word_1_21' title='bbox 3643 526 3819 604; x_wconf 75' lang='grc' dir='ltr'>ἄχαρι</span> 
     </span>
    </p>
   </div>
   <div class='ocr_carea' id='block_1_6' title="bbox 392 621 2050 699">
    <p class='ocr_par' dir='ltr' id='par_1_6' title="bbox 392 621 2050 699">
     <span class='ocr_line' id='line_1_6' title="bbox 392 621 2050 699; baseline -0.007 -12"><span class='ocrx_word' id='word_1_22' title='bbox 392 632 488 687; x_wconf 89' lang='lat' dir='ltr'>bis</span> <span class='ocrx_word' id='word_1_23' title='bbox 519 629 779 699; x_wconf 81' lang='lat' dir='ltr'>habebit,</span> <span class='ocrx_word' id='word_1_24' title='bbox 812 627 862 683; x_wconf 90' lang='lat' dir='ltr'><strong>si</strong></span> <span class='ocrx_word' id='word_1_25' title='bbox 895 624 1182 698; x_wconf 77' lang='lat' dir='ltr'>templum</span> <span class='ocrx_word' id='word_1_26' title='bbox 1210 640 1383 682; x_wconf 86' lang='lat' dir='ltr'><strong>suum</strong></span> <span class='ocrx_word' id='word_1_27' title='bbox 1431 627 1637 682; x_wconf 89' lang='lat' dir='ltr'><strong>contra</strong></span> <span class='ocrx_word' id='word_1_28' title='bbox 1678 623 1824 680; x_wconf 86' lang='lat' dir='ltr'><strong>istos</strong></span> <span class='ocrx_word' id='word_1_29' title='bbox 1854 621 2050 678; x_wconf 87' lang='lat' dir='ltr'><strong>carni-</strong></span> 
     </span>
    </p>
   </div>
   <div class='ocr_carea' id='block_1_7' title="bbox 396 710 2046 787">
    <p class='ocr_par' dir='ltr' id='par_1_7' title="bbox 396 710 2046 787">
     <span class='ocr_line' id='line_1_7' title="bbox 396 710 2046 787; baseline -0.006 -11"><span class='ocrx_word' id='word_1_30' title='bbox 396 722 536 776; x_wconf 82' lang='lat' dir='ltr'><strong>fices</strong></span> <span class='ocrx_word' id='word_1_31' title='bbox 568 715 1023 785; x_wconf 78' lang='lat' dir='ltr'>defenderimus,</span> <span class='ocrx_word' id='word_1_32' title='bbox 1056 714 1157 787; x_wconf 86' lang='lat' dir='ltr'>qui</span> <span class='ocrx_word' id='word_1_33' title='bbox 1222 714 1411 771; x_wconf 81' lang='lat' dir='ltr'>hianti</span> <span class='ocrx_word' id='word_1_34' title='bbox 1451 730 1572 781; x_wconf 89' lang='lat' dir='ltr'><strong>ore,</strong></span> <span class='ocrx_word' id='word_1_35' title='bbox 1603 717 1670 770; x_wconf 89' lang='lat' dir='ltr'>ut</span> <span class='ocrx_word' id='word_1_36' title='bbox 1714 711 1944 779; x_wconf 92' lang='lat' dir='ltr'><strong>videtis,</strong></span> <span class='ocrx_word' id='word_1_37' title='bbox 1972 710 2046 767; x_wconf 92' lang='lat' dir='ltr'>ad</span> 
     </span>
    </p>
   </div>
   <div class='ocr_carea' id='block_1_8' title="bbox 394 800 2044 878">
    <p class='ocr_par' dir='ltr' id='par_1_8' title="bbox 394 800 2044 878">
     <span class='ocr_line' id='line_1_8' title="bbox 394 800 2044 878; baseline -0.007 -13"><span class='ocrx_word' id='word_1_38' title='bbox 394 824 561 865; x_wconf 84' lang='lat' dir='ltr'><strong>sacra</strong></span> <span class='ocrx_word' id='word_1_39' title='bbox 582 806 913 878; x_wconf 81' lang='lat' dir='ltr'>diripienda</span> <span class='ocrx_word' id='word_1_40' title='bbox 930 804 1362 870; x_wconf 84' lang='lat' dir='ltr'><strong>veniunt.0uod</strong></span> <span class='ocrx_word' id='word_1_41' title='bbox 1381 803 1493 860; x_wconf 83' lang='lat' dir='ltr'><strong>nisi</strong></span> <span class='ocrx_word' id='word_1_42' title='bbox 1508 802 1722 860; x_wconf 90' lang='lat' dir='ltr'><strong>animis</strong></span> <span class='ocrx_word' id='word_1_43' title='bbox 1743 800 2044 871; x_wconf 87' lang='lat' dir='ltr'><strong>haberent,</strong></span> 
     </span>
    </p>
   </div>
   <div class='ocr_carea' id='block_1_9' title="bbox 394 889 2043 969">
    <p class='ocr_par' dir='ltr' id='par_1_9' title="bbox 394 889 2043 969">
     <span class='ocr_line' id='line_1_9' title="bbox 394 889 2043 969; baseline -0.006 -15"><span class='ocrx_word' id='word_1_44' title='bbox 394 902 452 955; x_wconf 90' lang='lat' dir='ltr'>et</span> <span class='ocrx_word' id='word_1_45' title='bbox 482 912 648 955; x_wconf 83' lang='lat' dir='ltr'><strong>sacra</strong></span> <span class='ocrx_word' id='word_1_46' title='bbox 675 896 1035 969; x_wconf 80' lang='lat' dir='ltr'><strong>profanaque</strong></span> <span class='ocrx_word' id='word_1_47' title='bbox 1068 897 1236 966; x_wconf 80' lang='lat' dir='ltr'>juxta</span> <span class='ocrx_word' id='word_1_48' title='bbox 1281 893 1659 963; x_wconf 77' lang='lat' dir='ltr'>aestimarent,</span> <span class='ocrx_word' id='word_1_49' title='bbox 1683 889 2043 963; x_wconf 81' lang='lat' dir='ltr'>jampridem</span> 
     </span>
    </p>
   </div>
   <div class='ocr_carea' id='block_1_10' title="bbox 395 980 2045 1061">
    <p class='ocr_par' dir='ltr' id='par_1_10' title="bbox 395 980 2045 1061">
     <span class='ocr_line' id='line_1_10' title="bbox 395 980 2045 1061; baseline -0.006 -16"><span class='ocrx_word' id='word_1_50' title='bbox 395 987 614 1061; x_wconf 87' lang='lat' dir='ltr'><strong>quippe</strong></span> <span class='ocrx_word' id='word_1_51' title='bbox 634 985 1070 1052; x_wconf 88' lang='lat' dir='ltr'><strong>victores,ultra</strong></span> <span class='ocrx_word' id='word_1_52' title='bbox 1100 992 1213 1042; x_wconf 91' lang='lat' dir='ltr'>tem</span> <span class='ocrx_word' id='word_1_53' title='bbox 1226 984 1307 1057; x_wconf 88' lang='lat' dir='ltr'>pli</span> <span class='ocrx_word' id='word_1_54' title='bbox 1326 982 1689 1041; x_wconf 89' lang='lat' dir='ltr'><strong>vestibulum</strong></span> <span class='ocrx_word' id='word_1_55' title='bbox 1704 980 1756 1036; x_wconf 88' lang='lat' dir='ltr'>vi</span> <span class='ocrx_word' id='word_1_56' title='bbox 1773 983 2045 1053; x_wconf 81' lang='lat' dir='ltr'><strong>penetra-</strong></span> 
     </span>
    </p>
   </div>
   <div class='ocr_carea' id='block_1_11' title="bbox 399 1069 2040 1143">
    <p class='ocr_par' dir='ltr' id='par_1_11' title="bbox 399 1069 2040 1143">
     <span class='ocr_line' id='line_1_11' title="bbox 399 1069 2040 1143; baseline -0.006 -9"><span class='ocrx_word' id='word_1_57' title='bbox 399 1093 462 1134; x_wconf 88' lang='lat' dir='ltr'>re</span> <span class='ocrx_word' id='word_1_58' title='bbox 493 1075 1096 1135; x_wconf 89' lang='lat' dir='ltr'><strong>destitissent.Verum</strong></span> <span class='ocrx_word' id='word_1_59' title='bbox 1119 1079 1283 1131; x_wconf 88' lang='lat' dir='ltr'><strong>tanta</strong></span> <span class='ocrx_word' id='word_1_60' title='bbox 1303 1078 1393 1131; x_wconf 88' lang='lat' dir='ltr'>est</span> <span class='ocrx_word' id='word_1_61' title='bbox 1412 1089 1613 1130; x_wconf 90' lang='lat' dir='ltr'><strong>eorum</strong></span> <span class='ocrx_word' id='word_1_62' title='bbox 1652 1069 2040 1143; x_wconf 85' lang='lat' dir='ltr'><strong>impudentia,</strong></span> 
     </span>
    </p>
   </div>
   <div class='ocr_carea' id='block_1_12' title="bbox 402 1160 2039 1238">
    <p class='ocr_par' dir='ltr' id='par_1_12' title="bbox 402 1160 2039 1238">
     <span class='ocr_line' id='line_1_12' title="bbox 402 1160 2039 1238; baseline -0.006 -13"><span class='ocrx_word' id='word_1_63' title='bbox 402 1173 605 1225; x_wconf 88' lang='lat' dir='ltr'><strong>utnon</strong></span> <span class='ocrx_word' id='word_1_64' title='bbox 640 1167 813 1224; x_wconf 92' lang='lat' dir='ltr'><strong>modo</strong></span> <span class='ocrx_word' id='word_1_65' title='bbox 845 1182 974 1234; x_wconf 87' lang='lat' dir='ltr'><strong>nos,</strong></span> <span class='ocrx_word' id='word_1_66' title='bbox 1006 1167 1107 1222; x_wconf 89' lang='lat' dir='ltr'>sed</span> <span class='ocrx_word' id='word_1_67' title='bbox 1130 1166 1325 1238; x_wconf 89' lang='lat' dir='ltr'><strong>ipsum</strong></span> <span class='ocrx_word' id='word_1_68' title='bbox 1349 1163 1522 1219; x_wconf 89' lang='lat' dir='ltr'><strong>etiam</strong></span> <span class='ocrx_word' id='word_1_69' title='bbox 1538 1160 2039 1234; x_wconf 85' lang='lat' dir='ltr'><strong>Deumspoliatum</strong></span> 
     </span>
    </p>
   </div>
   <div class='ocr_carea' id='block_1_13' title="bbox 395 1254 2043 1322">
    <p class='ocr_par' dir='ltr' id='par_1_13' title="bbox 395 1254 2043 1322">
     <span class='ocr_line' id='line_1_13' title="bbox 395 1254 2043 1322; baseline -0.002 -11"><span class='ocrx_word' id='word_1_70' title='bbox 395 1258 597 1315; x_wconf 85' lang='lat' dir='ltr'>velint.</span> <span class='ocrx_word' id='word_1_71' title='bbox 625 1259 735 1314; x_wconf 87' lang='lat' dir='ltr'>Sed</span> <span class='ocrx_word' id='word_1_72' title='bbox 766 1257 1191 1315; x_wconf 80' lang='lat' dir='ltr'><strong>crueiafﬁxum</strong></span> <span class='ocrx_word' id='word_1_73' title='bbox 1248 1263 1300 1313; x_wconf 90' lang='lat' dir='ltr'>et</span> <span class='ocrx_word' id='word_1_74' title='bbox 1355 1254 1507 1311; x_wconf 90' lang='lat' dir='ltr'><strong>hanc</strong></span> <span class='ocrx_word' id='word_1_75' title='bbox 1566 1254 1794 1310; x_wconf 89' lang='lat' dir='ltr'><strong>hastam</strong></span> <span class='ocrx_word' id='word_1_76' title='bbox 1834 1255 2043 1322; x_wconf 89' lang='lat' dir='ltr'><strong>testor,</strong></span> 
     </span>
    </p>
   </div>
   <div class='ocr_carea' id='block_1_14' title="bbox 394 1342 2040 1421">
    <p class='ocr_par' dir='ltr' id='par_1_14' title="bbox 394 1342 2040 1421">
     <span class='ocr_line' id='line_1_14' title="bbox 394 1342 2040 1421; baseline -0.004 -18"><span class='ocrx_word' id='word_1_77' title='bbox 394 1348 855 1421; x_wconf 88' lang='lat' dir='ltr'><strong>haudquaquam</strong></span> <span class='ocrx_word' id='word_1_78' title='bbox 887 1347 960 1403; x_wconf 88' lang='lat' dir='ltr'>ad</span> <span class='ocrx_word' id='word_1_79' title='bbox 991 1346 1209 1403; x_wconf 83' lang='lat' dir='ltr'><strong>exitum</strong></span> <span class='ocrx_word' id='word_1_80' title='bbox 1252 1348 1441 1417; x_wconf 82' lang='lat' dir='ltr'><strong>ccepta</strong></span> <span class='ocrx_word' id='word_1_81' title='bbox 1500 1344 1837 1417; x_wconf 83' lang='lat' dir='ltr'><strong>perducent.</strong></span> <span class='ocrx_word' id='word_1_82' title='bbox 1896 1342 2040 1399; x_wconf 87' lang='lat' dir='ltr'><strong>Nam</strong></span> 
     </span>
    </p>
   </div>
   <div class='ocr_carea' id='block_1_15' title="bbox 393 1432 2041 1507">
    <p class='ocr_par' dir='ltr' id='par_1_15' title="bbox 393 1432 2041 1507">
     <span class='ocr_line' id='line_1_15' title="bbox 393 1432 2041 1507; baseline -0.005 -13"><span class='ocrx_word' id='word_1_83' title='bbox 393 1442 452 1494; x_wconf 88' lang='lat' dir='ltr'>et</span> <span class='ocrx_word' id='word_1_84' title='bbox 473 1437 586 1494; x_wconf 91' lang='lat' dir='ltr'><strong>Deo</strong></span> <span class='ocrx_word' id='word_1_85' title='bbox 614 1436 860 1494; x_wconf 82' lang='lat' dir='ltr'><strong>donaria</strong></span> <span class='ocrx_word' id='word_1_86' title='bbox 883 1436 1006 1492; x_wconf 65' lang='lat' dir='ltr'><strong>haec</strong></span> <span class='ocrx_word' id='word_1_87' title='bbox 1031 1452 1065 1491; x_wconf 90' lang='lat' dir='ltr'>a</span> <span class='ocrx_word' id='word_1_88' title='bbox 1082 1434 1326 1507; x_wconf 89' lang='lat' dir='ltr'><strong>pollutis</strong></span> <span class='ocrx_word' id='word_1_89' title='bbox 1347 1432 1616 1489; x_wconf 88' lang='lat' dir='ltr'><strong>manibus</strong></span> <span class='ocrx_word' id='word_1_90' title='bbox 1645 1432 1871 1488; x_wconf 86' lang='lat' dir='ltr'><strong>intacta</strong></span> <span class='ocrx_word' id='word_1_91' title='bbox 1899 1446 2041 1487; x_wconf 90' lang='lat' dir='ltr'><strong>con-</strong></span> 
     </span>
    </p>
   </div>
   <div class='ocr_carea' id='block_1_16' title="bbox 394 1519 2040 1596">
    <p class='ocr_par' dir='ltr' id='par_1_16' title="bbox 394 1519 2040 1596">
     <span class='ocr_line' id='line_1_16' title="bbox 394 1519 2040 1596; baseline -0.004 -13"><span class='ocrx_word' id='word_1_92' title='bbox 394 1526 782 1596; x_wconf 88' lang='lat' dir='ltr'><strong>servabimus,</strong></span> <span class='ocrx_word' id='word_1_93' title='bbox 824 1525 980 1581; x_wconf 73' lang='lat' dir='ltr'>8I2</span> <span class='ocrx_word' id='word_1_94' title='bbox 1011 1529 1070 1581; x_wconf 89' lang='lat' dir='ltr'>et</span> <span class='ocrx_word' id='word_1_95' title='bbox 1091 1528 1352 1580; x_wconf 87' lang='lat' dir='ltr'><strong>nostram</strong></span> <span class='ocrx_word' id='word_1_96' title='bbox 1385 1522 1638 1580; x_wconf 80' lang='lat' dir='ltr'><strong>salutem</strong></span> <span class='ocrx_word' id='word_1_97' title='bbox 1681 1520 1835 1577; x_wconf 90' lang='lat' dir='ltr'><strong>haud</strong></span> <span class='ocrx_word' id='word_1_98' title='bbox 1857 1519 2040 1593; x_wconf 90' lang='lat' dir='ltr'><strong>negli-</strong></span> 
     </span>
    </p>
   </div>
   <div class='ocr_carea' id='block_1_17' title="bbox 394 1608 2043 1689">
    <p class='ocr_par' dir='ltr' id='par_1_17' title="bbox 394 1608 2043 1689">
     <span class='ocr_line' id='line_1_17' title="bbox 394 1608 2043 1689; baseline -0.004 -16"><span class='ocrx_word' id='word_1_99' title='bbox 394 1632 623 1689; x_wconf 88' lang='lat' dir='ltr'><strong>gemus.</strong></span> <span class='ocrx_word' id='word_1_100' title='bbox 658 1636 688 1665; x_wconf 85' lang='grc'>››</span> <span class='ocrx_word' id='word_1_101' title='bbox 720 1613 1350 1686; x_wconf 87' lang='lat' dir='ltr'><strong>Hujusmodioratione</strong></span> <span class='ocrx_word' id='word_1_102' title='bbox 1379 1611 1579 1669; x_wconf 89' lang='lat' dir='ltr'><strong>habita</strong></span> <span class='ocrx_word' id='word_1_103' title='bbox 1607 1611 1667 1666; x_wconf 90' lang='lat' dir='ltr'>in</span> <span class='ocrx_word' id='word_1_104' title='bbox 1709 1608 1915 1682; x_wconf 85' lang='lat' dir='ltr'><strong>templi</strong></span> <span class='ocrx_word' id='word_1_105' title='bbox 1944 1625 2043 1666; x_wconf 87' lang='lat' dir='ltr'><strong>ve-</strong></span> 
     </span>
    </p>
   </div>
   <div class='ocr_carea' id='block_1_18' title="bbox 395 1699 2043 1774">
    <p class='ocr_par' dir='ltr' id='par_1_18' title="bbox 395 1699 2043 1774">
     <span class='ocr_line' id='line_1_18' title="bbox 395 1699 2043 1774; baseline -0.004 -13"><span class='ocrx_word' id='word_1_106' title='bbox 395 1702 615 1761; x_wconf 88' lang='lat' dir='ltr'><strong>stibqu</strong></span> <span class='ocrx_word' id='word_1_107' title='bbox 628 1720 682 1759; x_wconf 92' lang='lat' dir='ltr'>m</span> <span class='ocrx_word' id='word_1_108' title='bbox 696 1701 1099 1774; x_wconf 86' lang='lat' dir='ltr'><strong>descendit,ad</strong></span> <span class='ocrx_word' id='word_1_109' title='bbox 1110 1701 1409 1759; x_wconf 86' lang='lat' dir='ltr'><strong>Michaelis</strong></span> <span class='ocrx_word' id='word_1_110' title='bbox 1423 1699 1756 1773; x_wconf 89' lang='lat' dir='ltr'><strong>archangeli</strong></span> <span class='ocrx_word' id='word_1_111' title='bbox 1769 1702 2043 1767; x_wconf 89' lang='lat' dir='ltr'><strong>statuam,</strong></span> 
     </span>
    </p>
   </div>
   <div class='ocr_carea' id='block_1_19' title="bbox 395 1788 2042 1863">
    <p class='ocr_par' dir='ltr' id='par_1_19' title="bbox 395 1788 2042 1863">
     <span class='ocr_line' id='line_1_19' title="bbox 395 1788 2042 1863; baseline -0.002 -14"><span class='ocrx_word' id='word_1_112' title='bbox 395 1792 781 1850; x_wconf 68' lang='lat' dir='ltr'><strong>ceteriscum</strong></span> <span class='ocrx_word' id='word_1_113' title='bbox 844 1794 907 1848; x_wconf 85' lang='lat' dir='ltr'>ut</span> <span class='ocrx_word' id='word_1_114' title='bbox 956 1792 1167 1849; x_wconf 87' lang='lat' dir='ltr'><strong>ducem</strong></span> <span class='ocrx_word' id='word_1_115' title='bbox 1223 1790 1629 1863; x_wconf 85' lang='lat' dir='ltr'><strong>sequentibus,</strong></span> <span class='ocrx_word' id='word_1_116' title='bbox 1687 1788 1788 1861; x_wconf 90' lang='lat' dir='ltr'>qui</span> <span class='ocrx_word' id='word_1_117' title='bbox 1839 1804 2042 1846; x_wconf 90' lang='lat' dir='ltr'><strong>omnes</strong></span> 
     </span>
    </p>
   </div>
   <div class='ocr_carea' id='block_1_20' title="bbox 395 1876 2043 1953">
    <p class='ocr_par' dir='ltr' id='par_1_20' title="bbox 395 1876 2043 1953">
     <span class='ocr_line' id='line_1_20' title="bbox 395 1876 2043 1953; baseline -0.002 -16"><span class='ocrx_word' id='word_1_118' title='bbox 395 1881 631 1953; x_wconf 85' lang='lat' dir='ltr'><strong>clypeos</strong></span> <span class='ocrx_word' id='word_1_119' title='bbox 660 1886 717 1939; x_wconf 90' lang='lat' dir='ltr'>et</span> <span class='ocrx_word' id='word_1_120' title='bbox 746 1879 953 1953; x_wconf 88' lang='lat' dir='ltr'><strong>longos</strong></span> <span class='ocrx_word' id='word_1_121' title='bbox 973 1880 1258 1953; x_wconf 86' lang='lat' dir='ltr'><strong>ancipites</strong></span> <span class='ocrx_word' id='word_1_122' title='bbox 1287 1895 1460 1936; x_wconf 90' lang='lat' dir='ltr'><strong>enses</strong></span> <span class='ocrx_word' id='word_1_123' title='bbox 1507 1878 1838 1953; x_wconf 79' lang='lat' dir='ltr'><strong>gestabant,</strong></span> <span class='ocrx_word' id='word_1_124' title='bbox 1870 1876 2043 1950; x_wconf 89' lang='lat' dir='ltr'><strong>plane</strong></span> 
     </span>
    </p>
   </div>
   <div class='ocr_carea' id='block_1_21' title="bbox 395 1967 2044 2038">
    <p class='ocr_par' dir='ltr' id='par_1_21' title="bbox 395 1967 2044 2038">
     <span class='ocr_line' id='line_1_21' title="bbox 395 1967 2044 2038; baseline -0.001 -13"><span class='ocrx_word' id='word_1_125' title='bbox 395 1970 574 2026; x_wconf 70' lang='lat' dir='ltr'><strong>tensis</strong></span> <span class='ocrx_word' id='word_1_126' title='bbox 604 1969 818 2026; x_wconf 86' lang='lat' dir='ltr'><strong>statuis</strong></span> <span class='ocrx_word' id='word_1_127' title='bbox 877 1968 1124 2026; x_wconf 89' lang='lat' dir='ltr'><strong>similes.</strong></span> <span class='ocrx_word' id='word_1_128' title='bbox 1184 1969 1270 2025; x_wconf 88' lang='lat' dir='ltr'><strong>Ibi</strong></span> <span class='ocrx_word' id='word_1_129' title='bbox 1333 1969 1524 2025; x_wconf 79' lang='lat' dir='ltr'><strong>Caesar</strong></span> <span class='ocrx_word' id='word_1_130' title='bbox 1581 1967 1706 2025; x_wconf 88' lang='lat' dir='ltr'><strong>acie</strong></span> <span class='ocrx_word' id='word_1_131' title='bbox 1737 1967 2044 2038; x_wconf 90' lang='lat' dir='ltr'><strong>instructa,</strong></span> 
     </span>
    </p>
   </div>
   <div class='ocr_carea' id='block_1_22' title="bbox 393 2056 2047 2132">
    <p class='ocr_par' dir='ltr' id='par_1_22' title="bbox 393 2056 2047 2132">
     <span class='ocr_line' id='line_1_22' title="bbox 393 2056 2047 2132; baseline -0.002 -16"><span class='ocrx_word' id='word_1_132' title='bbox 393 2058 561 2132; x_wconf 89' lang='lat' dir='ltr'><strong>signo</strong></span> <span class='ocrx_word' id='word_1_133' title='bbox 593 2058 786 2116; x_wconf 90' lang='lat' dir='ltr'><strong>erucis</strong></span> <span class='ocrx_word' id='word_1_134' title='bbox 806 2058 1234 2129; x_wconf 85' lang='lat' dir='ltr'><strong>munitus,ante</strong></span> <span class='ocrx_word' id='word_1_135' title='bbox 1256 2057 1404 2130; x_wconf 79' lang='lat' dir='ltr'><strong>alios</strong></span> <span class='ocrx_word' id='word_1_136' title='bbox 1424 2057 1713 2130; x_wconf 87' lang='lat' dir='ltr'><strong>prosiluit.</strong></span> <span class='ocrx_word' id='word_1_137' title='bbox 1766 2056 1875 2124; x_wconf 85' lang='lat' dir='ltr'><strong>Qui</strong></span> <span class='ocrx_word' id='word_1_138' title='bbox 1913 2073 2047 2113; x_wconf 89' lang='lat' dir='ltr'><strong>vero</strong></span> 
     </span>
    </p>
   </div>
   <div class='ocr_carea' id='block_1_23' title="bbox 396 2145 2046 2220">
    <p class='ocr_par' dir='ltr' id='par_1_23' title="bbox 396 2145 2046 2220">
     <span class='ocr_line' id='line_1_23' title="bbox 396 2145 2046 2220; baseline -0.001 -16"><span class='ocrx_word' id='word_1_139' title='bbox 396 2147 457 2204; x_wconf 91' lang='lat' dir='ltr'>in</span> <span class='ocrx_word' id='word_1_140' title='bbox 491 2148 877 2220; x_wconf 82' lang='lat' dir='ltr'><strong>Augusteonis</strong></span> <span class='ocrx_word' id='word_1_141' title='bbox 938 2146 1082 2204; x_wconf 80' lang='lat' dir='ltr'><strong>atrio</strong></span> <span class='ocrx_word' id='word_1_142' title='bbox 1140 2151 1329 2217; x_wconf 88' lang='lat' dir='ltr'><strong>erant,</strong></span> <span class='ocrx_word' id='word_1_143' title='bbox 1364 2147 1553 2219; x_wconf 89' lang='lat' dir='ltr'><strong>primo</strong></span> <span class='ocrx_word' id='word_1_144' title='bbox 1608 2145 1768 2203; x_wconf 91' lang='lat' dir='ltr'><strong>illius</strong></span> <span class='ocrx_word' id='word_1_145' title='bbox 1821 2145 2046 2218; x_wconf 81' lang='lat' dir='ltr'><strong>impetu</strong></span> 
     </span>
    </p>
   </div>
   <div class='ocr_carea' id='block_1_24' title="bbox 398 2235 2045 2310">
    <p class='ocr_par' dir='ltr' id='par_1_24' title="bbox 398 2235 2045 2310">
     <span class='ocr_line' id='line_1_24' title="bbox 398 2235 2045 2310; baseline -0.001 -16"><span class='ocrx_word' id='word_1_146' title='bbox 398 2235 725 2310; x_wconf 85' lang='lat' dir='ltr'><strong>perturbati</strong></span> <span class='ocrx_word' id='word_1_147' title='bbox 757 2236 1001 2307; x_wconf 82' lang='lat' dir='ltr'><strong>foribus,</strong></span> <span class='ocrx_word' id='word_1_148' title='bbox 1032 2236 1131 2293; x_wconf 86' lang='lat' dir='ltr'><strong>alii</strong></span> <span class='ocrx_word' id='word_1_149' title='bbox 1190 2236 1336 2293; x_wconf 88' lang='lat' dir='ltr'><strong>alios</strong></span> <span class='ocrx_word' id='word_1_150' title='bbox 1389 2242 1684 2310; x_wconf 82' lang='lat' dir='ltr'><strong>urgentes,</strong></span> <span class='ocrx_word' id='word_1_151' title='bbox 1725 2236 2045 2292; x_wconf 71' lang='lat' dir='ltr'><strong>effundun-</strong></span> 
     </span>
    </p>
   </div>
   <div class='ocr_carea' id='block_1_25' title="bbox 395 2323 2045 2398">
    <p class='ocr_par' dir='ltr' id='par_1_25' title="bbox 395 2323 2045 2398">
     <span class='ocr_line' id='line_1_25' title="bbox 395 2323 2045 2398; baseline -0.002 -14"><span class='ocrx_word' id='word_1_152' title='bbox 395 2330 533 2398; x_wconf 89' lang='lat' dir='ltr'><strong>tur;</strong></span> <span class='ocrx_word' id='word_1_153' title='bbox 574 2343 641 2383; x_wconf 89' lang='lat' dir='ltr'>ao</span> <span class='ocrx_word' id='word_1_154' title='bbox 696 2325 872 2382; x_wconf 89' lang='lat' dir='ltr'><strong>multi</strong></span> <span class='ocrx_word' id='word_1_155' title='bbox 930 2342 999 2383; x_wconf 84' lang='lat' dir='ltr'><strong>ex</strong></span> <span class='ocrx_word' id='word_1_156' title='bbox 1049 2325 1427 2398; x_wconf 88' lang='lat' dir='ltr'><strong>imperatoria</strong></span> <span class='ocrx_word' id='word_1_157' title='bbox 1475 2324 1705 2396; x_wconf 88' lang='lat' dir='ltr'><strong>legione</strong></span> <span class='ocrx_word' id='word_1_158' title='bbox 1753 2323 2045 2383; x_wconf 80' lang='lat' dir='ltr'><strong>vulnerati</strong></span> 
     </span>
    </p>
   </div>
   <div class='ocr_carea' id='block_1_26' title="bbox 396 2413 2048 2486">
    <p class='ocr_par' dir='ltr' id='par_1_26' title="bbox 396 2413 2048 2486">
     <span class='ocr_line' id='line_1_26' title="bbox 396 2413 2048 2486; baseline -0.002 -13"><span class='ocrx_word' id='word_1_159' title='bbox 396 2420 532 2473; x_wconf 88' lang='lat' dir='ltr'><strong>sunt</strong></span> <span class='ocrx_word' id='word_1_160' title='bbox 561 2434 574 2486; x_wconf 92' lang='lat'><strong>;</strong></span> <span class='ocrx_word' id='word_1_161' title='bbox 598 2432 753 2471; x_wconf 91' lang='lat' dir='ltr'><strong>unus</strong></span> <span class='ocrx_word' id='word_1_162' title='bbox 779 2415 953 2472; x_wconf 89' lang='lat' dir='ltr'><strong>etiam</strong></span> <span class='ocrx_word' id='word_1_163' title='bbox 982 2431 1120 2471; x_wconf 89' lang='lat' dir='ltr'><strong>ense</strong></span> <span class='ocrx_word' id='word_1_164' title='bbox 1159 2415 1440 2485; x_wconf 88' lang='lat' dir='ltr'><strong>trajectus</strong></span> <span class='ocrx_word' id='word_1_165' title='bbox 1487 2418 1597 2471; x_wconf 89' lang='lat' dir='ltr'><strong>est.</strong></span> <span class='ocrx_word' id='word_1_166' title='bbox 1631 2415 1770 2470; x_wconf 92' lang='lat' dir='ltr'><strong>Post</strong></span> <span class='ocrx_word' id='word_1_167' title='bbox 1797 2413 1907 2470; x_wconf 90' lang='lat' dir='ltr'>hoc</span> <span class='ocrx_word' id='word_1_168' title='bbox 1935 2414 2048 2470; x_wconf 72' lang='lat' dir='ltr'><strong>Cae-</strong></span> 
     </span>
    </p>
   </div>
   <div class='ocr_carea' id='block_1_27' title="bbox 394 2502 2043 2576">
    <p class='ocr_par' dir='ltr' id='par_1_27' title="bbox 394 2502 2043 2576">
     <span class='ocr_line' id='line_1_27' title="bbox 394 2502 2043 2576; baseline -0.002 -14"><span class='ocrx_word' id='word_1_169' title='bbox 394 2522 492 2562; x_wconf 88' lang='lat' dir='ltr'>sar</span> <span class='ocrx_word' id='word_1_170' title='bbox 522 2522 588 2563; x_wconf 90' lang='lat' dir='ltr'>eo</span> <span class='ocrx_word' id='word_1_171' title='bbox 610 2506 755 2562; x_wconf 85' lang='lat' dir='ltr'><strong>redit</strong></span> <span class='ocrx_word' id='word_1_172' title='bbox 779 2506 936 2562; x_wconf 90' lang='lat' dir='ltr'><strong>unde</strong></span> <span class='ocrx_word' id='word_1_173' title='bbox 956 2509 1214 2573; x_wconf 82' lang='lat' dir='ltr'><strong>venerat,</strong></span> <span class='ocrx_word' id='word_1_174' title='bbox 1246 2504 1326 2559; x_wconf 90' lang='lat' dir='ltr'>im</span> <span class='ocrx_word' id='word_1_175' title='bbox 1336 2503 1640 2576; x_wconf 89' lang='lat' dir='ltr'><strong>peratoriis</strong></span> <span class='ocrx_word' id='word_1_176' title='bbox 1654 2504 1807 2559; x_wconf 88' lang='lat' dir='ltr'><strong>ultra</strong></span> <span class='ocrx_word' id='word_1_177' title='bbox 1827 2502 2043 2559; x_wconf 88' lang='lat' dir='ltr'><strong>atrium</strong></span> 
     </span>
    </p>
   </div>
   <div class='ocr_carea' id='block_1_28' title="bbox 393 2592 2045 2670">
    <p class='ocr_par' dir='ltr' id='par_1_28' title="bbox 393 2592 2045 2670">
     <span class='ocr_line' id='line_1_28' title="bbox 393 2592 2045 2670; baseline -0.002 -19"><span class='ocrx_word' id='word_1_178' title='bbox 393 2594 626 2670; x_wconf 89' lang='lat' dir='ltr'><strong>prodire</strong></span> <span class='ocrx_word' id='word_1_179' title='bbox 688 2611 801 2652; x_wconf 94' lang='lat' dir='ltr'>non</span> <span class='ocrx_word' id='word_1_180' title='bbox 868 2594 1242 2662; x_wconf 87' lang='lat' dir='ltr'><strong>audentibus,</strong></span> <span class='ocrx_word' id='word_1_181' title='bbox 1305 2593 1407 2649; x_wconf 89' lang='lat' dir='ltr'>sed</span> <span class='ocrx_word' id='word_1_182' title='bbox 1460 2594 1690 2649; x_wconf 91' lang='lat' dir='ltr'><strong>eminus</strong></span> <span class='ocrx_word' id='word_1_183' title='bbox 1750 2592 1869 2649; x_wconf 87' lang='lat' dir='ltr'><strong>tela</strong></span> <span class='ocrx_word' id='word_1_184' title='bbox 1952 2593 2045 2648; x_wconf 91' lang='lat' dir='ltr'><strong>in-</strong></span> 
     </span>
    </p>
   </div>
   <div class='ocr_carea' id='block_1_29' title="bbox 394 2683 2042 2759">
    <p class='ocr_par' dir='ltr' id='par_1_29' title="bbox 394 2683 2042 2759">
     <span class='ocr_line' id='line_1_29' title="bbox 394 2683 2042 2759; baseline -0.001 -18"><span class='ocrx_word' id='word_1_185' title='bbox 394 2683 917 2759; x_wconf 87' lang='lat' dir='ltr'><strong>gerereoontentis.</strong></span> <span class='ocrx_word' id='word_1_186' title='bbox 977 2684 1081 2741; x_wconf 87' lang='lat' dir='ltr'>Die</span> <span class='ocrx_word' id='word_1_187' title='bbox 1123 2684 1252 2755; x_wconf 90' lang='lat' dir='ltr'>jam</span> <span class='ocrx_word' id='word_1_188' title='bbox 1310 2684 1383 2740; x_wconf 91' lang='lat' dir='ltr'>ad</span> <span class='ocrx_word' id='word_1_189' title='bbox 1440 2699 1712 2740; x_wconf 89' lang='lat' dir='ltr'><strong>occasum</strong></span> <span class='ocrx_word' id='word_1_190' title='bbox 1749 2685 2042 2756; x_wconf 82' lang='lat' dir='ltr'><strong>vergente,</strong></span> 
     </span>
    </p>
   </div>
   <div class='ocr_carea' id='block_1_30' title="bbox 397 2772 2046 2848">
    <p class='ocr_par' dir='ltr' id='par_1_30' title="bbox 397 2772 2046 2848">
     <span class='ocr_line' id='line_1_30' title="bbox 397 2772 2046 2848; baseline -0.001 -18"><span class='ocrx_word' id='word_1_191' title='bbox 397 2774 616 2833; x_wconf 87' lang='lat' dir='ltr'><strong>milites</strong></span> <span class='ocrx_word' id='word_1_192' title='bbox 644 2775 921 2848; x_wconf 90' lang='lat' dir='ltr'><strong>utrinque</strong></span> <span class='ocrx_word' id='word_1_193' title='bbox 944 2774 1169 2847; x_wconf 82' lang='lat' dir='ltr'><strong>fatigati</strong></span> <span class='ocrx_word' id='word_1_194' title='bbox 1202 2789 1462 2846; x_wconf 90' lang='lat' dir='ltr'><strong>pugnare</strong></span> <span class='ocrx_word' id='word_1_195' title='bbox 1520 2773 1892 2830; x_wconf 83' lang='lat' dir='ltr'><strong>destiterunt.</strong></span> <span class='ocrx_word' id='word_1_196' title='bbox 1943 2772 2046 2829; x_wconf 88' lang='lat' dir='ltr'><strong>Pa-</strong></span> 
     </span>
    </p>
   </div>
   <div class='ocr_carea' id='block_1_31' title="bbox 394 2863 2042 2936">
    <p class='ocr_par' dir='ltr' id='par_1_31' title="bbox 394 2863 2042 2936">
     <span class='ocr_line' id='line_1_31' title="bbox 394 2863 2042 2936; baseline -0.004 -11"><span class='ocrx_word' id='word_1_197' title='bbox 394 2867 656 2926; x_wconf 87' lang='lat' dir='ltr'><strong>triarcha</strong></span> <span class='ocrx_word' id='word_1_198' title='bbox 677 2867 948 2923; x_wconf 82' lang='lat' dir='ltr'><strong>ministro</strong></span> <span class='ocrx_word' id='word_1_199' title='bbox 980 2866 1051 2921; x_wconf 92' lang='lat' dir='ltr'>ad</span> <span class='ocrx_word' id='word_1_200' title='bbox 1083 2864 1384 2922; x_wconf 89' lang='lat' dir='ltr'><strong>dominam</strong></span> <span class='ocrx_word' id='word_1_201' title='bbox 1416 2863 1724 2935; x_wconf 77' lang='lat' dir='ltr'><strong>raisso,qui</strong></span> <span class='ocrx_word' id='word_1_202' title='bbox 1749 2863 1902 2935; x_wconf 89' lang='lat' dir='ltr'><strong>quod</strong></span> <span class='ocrx_word' id='word_1_203' title='bbox 1935 2880 2042 2936; x_wconf 87' lang='lat' dir='ltr'><strong>pa-</strong></span> 
     </span>
    </p>
   </div>
   <div class='ocr_carea' id='block_1_32' title="bbox 394 2953 2041 3031">
    <p class='ocr_par' dir='ltr' id='par_1_32' title="bbox 394 2953 2041 3031">
     <span class='ocr_line' id='line_1_32' title="bbox 394 2953 2041 3031; baseline -0.004 -15"><span class='ocrx_word' id='word_1_204' title='bbox 394 2959 603 3016; x_wconf 90' lang='lat' dir='ltr'><strong>latium</strong></span> <span class='ocrx_word' id='word_1_205' title='bbox 634 2956 863 3031; x_wconf 82' lang='lat' dir='ltr'><strong>ingredi</strong></span> <span class='ocrx_word' id='word_1_206' title='bbox 921 2962 976 3012; x_wconf 92' lang='lat' dir='ltr'>et</span> <span class='ocrx_word' id='word_1_207' title='bbox 1028 2956 1443 3027; x_wconf 88' lang='lat' dir='ltr'><strong>imperatorem</strong></span> <span class='ocrx_word' id='word_1_208' title='bbox 1503 2953 1660 3010; x_wconf 87' lang='lat' dir='ltr'><strong>adire</strong></span> <span class='ocrx_word' id='word_1_209' title='bbox 1697 2960 1754 3009; x_wconf 92' lang='lat' dir='ltr'>et</span> <span class='ocrx_word' id='word_1_210' title='bbox 1802 2953 2041 3009; x_wconf 87' lang='lat' dir='ltr'><strong>nuntios</strong></span> 
     </span>
    </p>
   </div>
   <div class='ocr_carea' id='block_1_33' title="bbox 389 3040 2039 3119">
    <p class='ocr_par' dir='ltr' id='par_1_33' title="bbox 389 3040 2039 3119">
     <span class='ocr_line' id='line_1_33' title="bbox 389 3040 2039 3119; baseline -0.005 -13"><span class='ocrx_word' id='word_1_211' title='bbox 389 3048 546 3106; x_wconf 86' lang='lat' dir='ltr'><strong>ultro</strong></span> <span class='ocrx_word' id='word_1_212' title='bbox 577 3048 842 3119; x_wconf 84' lang='lat' dir='ltr'><strong>citroque</strong></span> <span class='ocrx_word' id='word_1_213' title='bbox 899 3045 1156 3118; x_wconf 81' lang='lat' dir='ltr'><strong>perferre</strong></span> <span class='ocrx_word' id='word_1_214' title='bbox 1211 3043 1383 3114; x_wconf 87' lang='lat' dir='ltr'><strong>solet,</strong></span> <span class='ocrx_word' id='word_1_215' title='bbox 1444 3042 1744 3115; x_wconf 78' lang='lat' dir='ltr'><strong>palatinas</strong></span> <span class='ocrx_word' id='word_1_216' title='bbox 1803 3040 2039 3111; x_wconf 91' lang='lat' dir='ltr'><strong>dicitur,</strong></span> 
     </span>
    </p>
   </div>
   <div class='ocr_carea' id='block_1_34' title="bbox 384 3133 2039 3213">
    <p class='ocr_par' dir='ltr' id='par_1_34' title="bbox 384 3133 2039 3213">
     <span class='ocr_line' id='line_1_34' title="bbox 384 3133 2039 3213; baseline -0.005 -16"><span class='ocrx_word' id='word_1_217' title='bbox 384 3138 670 3213; x_wconf 86' lang='lat' dir='ltr'><strong>principio</strong></span> <span class='ocrx_word' id='word_1_218' title='bbox 697 3136 955 3194; x_wconf 85' lang='lat' dir='ltr'><strong>divinam</strong></span> <span class='ocrx_word' id='word_1_219' title='bbox 1013 3135 1065 3192; x_wconf 90' lang='lat' dir='ltr'>ei</span> <span class='ocrx_word' id='word_1_220' title='bbox 1123 3134 1272 3190; x_wconf 84' lang='lat' dir='ltr'><strong>iram</strong></span> <span class='ocrx_word' id='word_1_221' title='bbox 1334 3133 1729 3189; x_wconf 89' lang='lat' dir='ltr'><strong>comminatus</strong></span> <span class='ocrx_word' id='word_1_222' title='bbox 1769 3136 1877 3201; x_wconf 88' lang='lat' dir='ltr'><strong>est,</strong></span> <span class='ocrx_word' id='word_1_223' title='bbox 1912 3149 2039 3204; x_wconf 66' lang='lat' dir='ltr'><strong>qua</strong></span> 
     </span>
    </p>
   </div>
   <div class='ocr_carea' id='block_1_35' title="bbox 2155 615 3823 696">
    <p class='ocr_par' dir='ltr' id='par_1_35' title="bbox 2155 615 3823 696">
     <span class='ocr_line' id='line_1_35' title="bbox 2155 615 3823 696; baseline 0.001 -23"><span class='ocrx_word' id='word_1_224' title='bbox 2155 615 2470 696; x_wconf 75' lang='grc' dir='ltr'>ἐπεγκαλεῖν</span> <span class='ocrx_word' id='word_1_225' title='bbox 2504 622 2641 693; x_wconf 79' lang='grc' dir='ltr'>ἡμῖν</span> <span class='ocrx_word' id='word_1_226' title='bbox 2700 616 2917 695; x_wconf 70' lang='grc' dir='ltr'>ἔχουσι,</span> <span class='ocrx_word' id='word_1_227' title='bbox 2968 619 3060 675; x_wconf 84' lang='grc' dir='ltr'>καὶ</span> <span class='ocrx_word' id='word_1_228' title='bbox 3118 617 3203 674; x_wconf 73' lang='grc' dir='ltr'>ὅτι</span> <span class='ocrx_word' id='word_1_229' title='bbox 3232 624 3332 688; x_wconf 73' lang='grc' dir='ltr'>τῆς</span> <span class='ocrx_word' id='word_1_230' title='bbox 3370 617 3611 695; x_wconf 78' lang='grc' dir='ltr'>ἐσχάτης</span> <span class='ocrx_word' id='word_1_231' title='bbox 3673 616 3823 674; x_wconf 83' lang='grc' dir='ltr'>ἐστὶν</span> 
     </span>
    </p>
   </div>
   <div class='ocr_carea' id='block_1_36' title="bbox 2154 705 3823 785">
    <p class='ocr_par' dir='ltr' id='par_1_36' title="bbox 2154 705 3823 785">
     <span class='ocr_line' id='line_1_36' title="bbox 2154 705 3823 785; baseline 0 -23"><span class='ocrx_word' id='word_1_232' title='bbox 2154 705 2412 772; x_wconf 76' lang='grc' dir='ltr'>ἀπονοίας</span> <span class='ocrx_word' id='word_1_233' title='bbox 2468 708 2724 785; x_wconf 76' lang='grc' dir='ltr'>ἐπιτιμᾷν</span> <span class='ocrx_word' id='word_1_234' title='bbox 2782 709 2931 772; x_wconf 76' lang='grc' dir='ltr'>ὅλως</span> <span class='ocrx_word' id='word_1_235' title='bbox 2988 708 3023 780; x_wconf 72' lang='grc' dir='ltr'><strong>ἢ</strong></span> <span class='ocrx_word' id='word_1_236' title='bbox 3094 708 3170 772; x_wconf 83' lang='grc' dir='ltr'>ὡς</span> <span class='ocrx_word' id='word_1_237' title='bbox 3229 705 3379 764; x_wconf 82' lang='grc' dir='ltr'>δεινὰ</span> <span class='ocrx_word' id='word_1_238' title='bbox 3421 705 3622 784; x_wconf 84' lang='grc' dir='ltr'>δρῶσιν</span> <span class='ocrx_word' id='word_1_239' title='bbox 3673 707 3823 782; x_wconf 80' lang='grc' dir='ltr'>ἀρει-</span> 
     </span>
    </p>
   </div>
   <div class='ocr_carea' id='block_1_37' title="bbox 2159 797 3820 878">
    <p class='ocr_par' dir='ltr' id='par_1_37' title="bbox 2159 797 3820 878">
     <span class='ocr_line' id='line_1_37' title="bbox 2159 797 3820 878; baseline 0 -24"><span class='ocrx_word' id='word_1_240' title='bbox 2159 797 2382 873; x_wconf 85' lang='grc' dir='ltr'>μανίους</span> <span class='ocrx_word' id='word_1_241' title='bbox 2441 804 2574 878; x_wconf 83' lang='grc' dir='ltr'>σφᾶς</span> <span class='ocrx_word' id='word_1_242' title='bbox 2629 799 2837 857; x_wconf 76' lang='grc' dir='ltr'>ἐπιέναι</span> <span class='ocrx_word' id='word_1_243' title='bbox 2890 805 3010 864; x_wconf 84' lang='grc' dir='ltr'>τοῖς</span> <span class='ocrx_word' id='word_1_244' title='bbox 3076 800 3154 862; x_wconf 82' lang='grc' dir='ltr'>είς</span> <span class='ocrx_word' id='word_1_245' title='bbox 3220 800 3352 856; x_wconf 83' lang='grc' dir='ltr'>Θεὸν</span> <span class='ocrx_word' id='word_1_246' title='bbox 3410 798 3820 877; x_wconf 75' lang='grc' dir='ltr'>καταφεύγουσι</span> 
     </span>
    </p>
   </div>
   <div class='ocr_carea' id='block_1_38' title="bbox 2153 885 3821 966">
    <p class='ocr_par' dir='ltr' id='par_1_38' title="bbox 2153 885 3821 966">
     <span class='ocr_line' id='line_1_38' title="bbox 2153 885 3821 966; baseline 0 -22"><span class='ocrx_word' id='word_1_247' title='bbox 2153 889 2243 944; x_wconf 82' lang='grc' dir='ltr'>καὶ</span> <span class='ocrx_word' id='word_1_248' title='bbox 2286 888 2508 963; x_wconf 76' lang='grc' dir='ltr'>μεσίτην</span> <span class='ocrx_word' id='word_1_249' title='bbox 2536 894 2727 946; x_wconf 81' lang='grc' dir='ltr'>τοῦτον</span> <span class='ocrx_word' id='word_1_250' title='bbox 2757 885 3241 966; x_wconf 77' lang='grc' dir='ltr'>προϐαλλομένοις</span> <span class='ocrx_word' id='word_1_251' title='bbox 3287 890 3378 946; x_wconf 82' lang='grc' dir='ltr'>καὶ</span> <span class='ocrx_word' id='word_1_252' title='bbox 3436 888 3651 965; x_wconf 79' lang='grc' dir='ltr'>λυτῆρα</span> <span class='ocrx_word' id='word_1_253' title='bbox 3707 893 3821 945; x_wconf 88' lang='grc' dir='ltr'>τῶν</span> 
     </span>
    </p>
   </div>
   <div class='ocr_carea' id='block_1_39' title="bbox 2155 975 3817 1059">
    <p class='ocr_par' dir='ltr' id='par_1_39' title="bbox 2155 975 3817 1059">
     <span class='ocr_line' id='line_1_39' title="bbox 2155 975 3817 1059; baseline -0.001 -25"><span class='ocrx_word' id='word_1_254' title='bbox 2155 975 2452 1052; x_wconf 81' lang='grc' dir='ltr'>διενέξεων.</span> <span class='ocrx_word' id='word_1_255' title='bbox 2492 978 2632 1038; x_wconf 74' lang='grc' dir='ltr'>Οὔτε</span> <span class='ocrx_word' id='word_1_256' title='bbox 2679 979 2772 1036; x_wconf 73' lang='grc' dir='ltr'>οὖν</span> <span class='ocrx_word' id='word_1_257' title='bbox 2807 980 3105 1059; x_wconf 70' lang='grc' dir='ltr'>ὑφορᾶσθαι</span> <span class='ocrx_word' id='word_1_258' title='bbox 3163 977 3281 1035; x_wconf 84' lang='grc' dir='ltr'>δέον</span> <span class='ocrx_word' id='word_1_259' title='bbox 3340 980 3415 1041; x_wconf 83' lang='grc' dir='ltr'>ὡς</span> <span class='ocrx_word' id='word_1_260' title='bbox 3473 978 3689 1033; x_wconf 83' lang='grc' dir='ltr'>ἀνόσιον</span> <span class='ocrx_word' id='word_1_261' title='bbox 3750 979 3817 1034; x_wconf 84' lang='grc' dir='ltr'>τὸ</span> 
     </span>
    </p>
   </div>
   <div class='ocr_carea' id='block_1_40' title="bbox 2154 1067 3814 1150">
    <p class='ocr_par' dir='ltr' id='par_1_40' title="bbox 2154 1067 3814 1150">
     <span class='ocr_line' id='line_1_40' title="bbox 2154 1067 3814 1150; baseline -0.001 -25"><span class='ocrx_word' id='word_1_262' title='bbox 2154 1069 2567 1150; x_wconf 81' lang='grc' dir='ltr'>ὁπερμάχεσθαί</span> <span class='ocrx_word' id='word_1_263' title='bbox 2620 1092 2742 1127; x_wconf 84' lang='grc' dir='ltr'>τινα</span> <span class='ocrx_word' id='word_1_264' title='bbox 2796 1072 2989 1127; x_wconf 75' lang='grc' dir='ltr'>ἑαυτοῦ</span> <span class='ocrx_word' id='word_1_265' title='bbox 3044 1070 3136 1126; x_wconf 84' lang='grc' dir='ltr'>καὶ</span> <span class='ocrx_word' id='word_1_266' title='bbox 3223 1067 3472 1126; x_wconf 77' lang='grc' dir='ltr'>σπεύδειν</span> <span class='ocrx_word' id='word_1_267' title='bbox 3528 1070 3668 1125; x_wconf 81' lang='grc' dir='ltr'>κατᾶ</span> <span class='ocrx_word' id='word_1_268' title='bbox 3711 1073 3814 1126; x_wconf 76' lang='grc' dir='ltr'>τοῦ</span> 
     </span>
    </p>
   </div>
   <div class='ocr_carea' id='block_1_41' title="bbox 2150 1158 3816 1238">
    <p class='ocr_par' dir='ltr' id='par_1_41' title="bbox 2150 1158 3816 1238">
     <span class='ocr_line' id='line_1_41' title="bbox 2150 1158 3816 1238; baseline 0 -24"><span class='ocrx_word' id='word_1_269' title='bbox 2150 1158 2494 1230; x_wconf 88' lang='grc' dir='ltr'>πλήττοντος</span> <span class='ocrx_word' id='word_1_270' title='bbox 2552 1158 2714 1217; x_wconf 76' lang='grc' dir='ltr'>αὺτὸν</span> <span class='ocrx_word' id='word_1_271' title='bbox 2773 1158 3113 1238; x_wconf 69' lang='grc' dir='ltr'>ἐπιστρέφειν</span> <span class='ocrx_word' id='word_1_272' title='bbox 3168 1161 3261 1217; x_wconf 89' lang='grc' dir='ltr'>τὸν</span> <span class='ocrx_word' id='word_1_273' title='bbox 3344 1158 3542 1216; x_wconf 82' lang='grc' dir='ltr'>ἐκεῖθεν</span> <span class='ocrx_word' id='word_1_274' title='bbox 3606 1158 3816 1236; x_wconf 74' lang='grc' dir='ltr'>ἐπαγό-</span> 
     </span>
    </p>
   </div>
   <div class='ocr_carea' id='block_1_42' title="bbox 2155 1248 3813 1329">
    <p class='ocr_par' dir='ltr' id='par_1_42' title="bbox 2155 1248 3813 1329">
     <span class='ocr_line' id='line_1_42' title="bbox 2155 1248 3813 1329; baseline 0.001 -27"><span class='ocrx_word' id='word_1_275' title='bbox 2155 1267 2313 1320; x_wconf 85' lang='grc' dir='ltr'>μενον</span> <span class='ocrx_word' id='word_1_276' title='bbox 2373 1249 2625 1319; x_wconf 84' lang='grc' dir='ltr'>θάνατον,</span> <span class='ocrx_word' id='word_1_277' title='bbox 2683 1250 2808 1306; x_wconf 75' lang='grc' dir='ltr'>οὒτε</span> <span class='ocrx_word' id='word_1_278' title='bbox 2858 1251 2951 1306; x_wconf 87' lang='grc' dir='ltr'>τὸν</span> <span class='ocrx_word' id='word_1_279' title='bbox 3014 1249 3148 1324; x_wconf 81' lang='grc' dir='ltr'>μετᾶ</span> <span class='ocrx_word' id='word_1_280' title='bbox 3203 1250 3390 1329; x_wconf 83' lang='grc' dir='ltr'>ξίφους</span> <span class='ocrx_word' id='word_1_281' title='bbox 3434 1248 3661 1306; x_wconf 67' lang='grc' dir='ltr'>ἐπιόντα</span> <span class='ocrx_word' id='word_1_282' title='bbox 3717 1250 3813 1304; x_wconf 84' lang='grc' dir='ltr'>καὶ</span> 
     </span>
    </p>
   </div>
   <div class='ocr_carea' id='block_1_43' title="bbox 2150 1335 3812 1417">
    <p class='ocr_par' dir='ltr' id='par_1_43' title="bbox 2150 1335 3812 1417">
     <span class='ocr_line' id='line_1_43' title="bbox 2150 1335 3812 1417; baseline 0.002 -26"><span class='ocrx_word' id='word_1_283' title='bbox 2150 1335 2471 1413; x_wconf 77' lang='grc' dir='ltr'>ἀναιροῦντα</span> <span class='ocrx_word' id='word_1_284' title='bbox 2555 1340 2793 1416; x_wconf 80' lang='grc' dir='ltr'>ὁμογενῆ</span> <span class='ocrx_word' id='word_1_285' title='bbox 2851 1339 3077 1417; x_wconf 79' lang='grc' dir='ltr'>ἆπλῆγα</span> <span class='ocrx_word' id='word_1_286' title='bbox 3158 1336 3240 1395; x_wconf 87' lang='grc' dir='ltr'>δεῖ</span> <span class='ocrx_word' id='word_1_287' title='bbox 3321 1341 3593 1414; x_wconf 81' lang='grc' dir='ltr'>παριέναι,</span> <span class='ocrx_word' id='word_1_288' title='bbox 3679 1338 3812 1395; x_wconf 80' lang='grc' dir='ltr'>ἀλλ’</span> 
     </span>
    </p>
   </div>
   <div class='ocr_carea' id='block_1_44' title="bbox 2160 1424 3817 1504">
    <p class='ocr_par' dir='ltr' id='par_1_44' title="bbox 2160 1424 3817 1504">
     <span class='ocr_line' id='line_1_44' title="bbox 2160 1424 3817 1504; baseline 0.002 -23"><span class='ocrx_word' id='word_1_289' title='bbox 2160 1424 2299 1490; x_wconf 72' lang='grc' dir='ltr'>ἅπας</span> <span class='ocrx_word' id='word_1_290' title='bbox 2355 1428 2537 1493; x_wconf 82' lang='grc' dir='ltr'>κακῶς</span> <span class='ocrx_word' id='word_1_291' title='bbox 2595 1426 2852 1494; x_wconf 84' lang='grc' dir='ltr'>διατιθεὶς</span> <span class='ocrx_word' id='word_1_292' title='bbox 2938 1430 3205 1503; x_wconf 83' lang='grc' dir='ltr'>κρινέσθω</span> <span class='ocrx_word' id='word_1_293' title='bbox 3285 1426 3557 1504; x_wconf 89' lang='grc' dir='ltr'>πολέμιος</span> <span class='ocrx_word' id='word_1_294' title='bbox 3627 1428 3722 1484; x_wconf 82' lang='grc' dir='ltr'>καὶ</span> <span class='ocrx_word' id='word_1_295' title='bbox 3783 1430 3817 1484; x_wconf 82' lang='lat'>6</span> 
     </span>
    </p>
   </div>
   <div class='ocr_carea' id='block_1_45' title="bbox 2151 1516 3814 1593">
    <p class='ocr_par' dir='ltr' id='par_1_45' title="bbox 2151 1516 3814 1593">
     <span class='ocr_line' id='line_1_45' title="bbox 2151 1516 3814 1593; baseline 0.003 -23"><span class='ocrx_word' id='word_1_296' title='bbox 2151 1516 2460 1593; x_wconf 77' lang='grc' dir='ltr'>ἀναιρήσων</span> <span class='ocrx_word' id='word_1_297' title='bbox 2489 1517 2753 1576; x_wconf 84' lang='grc' dir='ltr'>πιπτέτω.</span> <span class='ocrx_word' id='word_1_298' title='bbox 2817 1523 2982 1592; x_wconf 83' lang='grc' dir='ltr'>Ἡμῖν</span> <span class='ocrx_word' id='word_1_299' title='bbox 3044 1516 3103 1575; x_wconf 72' lang='grc' dir='ltr'>δὲ</span> <span class='ocrx_word' id='word_1_300' title='bbox 3139 1519 3230 1575; x_wconf 87' lang='grc' dir='ltr'>καὶ</span> <span class='ocrx_word' id='word_1_301' title='bbox 3285 1519 3347 1574; x_wconf 85' lang='grc' dir='ltr'>τὸ</span> <span class='ocrx_word' id='word_1_302' title='bbox 3394 1525 3549 1575; x_wconf 79' lang='grc' dir='ltr'>Θεῖον</span> <span class='ocrx_word' id='word_1_303' title='bbox 3605 1516 3814 1575; x_wconf 80' lang='grc' dir='ltr'>εἷ’σεται</span> 
     </span>
    </p>
   </div>
   <div class='ocr_carea' id='block_1_46' title="bbox 2153 1602 3814 1685">
    <p class='ocr_par' dir='ltr' id='par_1_46' title="bbox 2153 1602 3814 1685">
     <span class='ocr_line' id='line_1_46' title="bbox 2153 1602 3814 1685; baseline 0.002 -24"><span class='ocrx_word' id='word_1_304' title='bbox 2153 1602 2423 1677; x_wconf 88' lang='grc' dir='ltr'>δήπουθεν</span> <span class='ocrx_word' id='word_1_305' title='bbox 2455 1608 2643 1685; x_wconf 82' lang='grc' dir='ltr'>χάριν,</span> <span class='ocrx_word' id='word_1_306' title='bbox 2684 1609 2729 1665; x_wconf 83' lang='grc' dir='ltr'>εἰ</span> <span class='ocrx_word' id='word_1_307' title='bbox 2768 1607 2829 1664; x_wconf 88' lang='grc' dir='ltr'>ἐκ</span> <span class='ocrx_word' id='word_1_308' title='bbox 2880 1614 2977 1665; x_wconf 81' lang='grc' dir='ltr'>τοῦ</span> <span class='ocrx_word' id='word_1_309' title='bbox 3033 1611 3186 1685; x_wconf 73' lang='grc' dir='ltr'>ἱεροῦ</span> <span class='ocrx_word' id='word_1_310' title='bbox 3231 1606 3394 1665; x_wconf 80' lang='grc' dir='ltr'>τοῦδε</span> <span class='ocrx_word' id='word_1_311' title='bbox 3450 1607 3585 1672; x_wconf 69' lang='grc' dir='ltr'>τοὺς</span> <span class='ocrx_word' id='word_1_312' title='bbox 3654 1630 3814 1682; x_wconf 82' lang='grc' dir='ltr'>μιαι-</span> 
     </span>
    </p>
   </div>
   <div class='ocr_carea' id='block_1_47' title="bbox 2151 1694 3818 1775">
    <p class='ocr_par' dir='ltr' id='par_1_47' title="bbox 2151 1694 3818 1775">
     <span class='ocr_line' id='line_1_47' title="bbox 2151 1694 3818 1775; baseline 0.003 -25"><span class='ocrx_word' id='word_1_313' title='bbox 2151 1696 2348 1775; x_wconf 84' lang='grc' dir='ltr'>φόνους</span> <span class='ocrx_word' id='word_1_314' title='bbox 2440 1694 2888 1773; x_wconf 76' lang='grc' dir='ltr'>ἂποσοϐήσομεν,</span> <span class='ocrx_word' id='word_1_315' title='bbox 2969 1696 3080 1755; x_wconf 71' lang='grc' dir='ltr'>εἴτε</span> <span class='ocrx_word' id='word_1_316' title='bbox 3155 1700 3263 1773; x_wconf 71' lang='grc' dir='ltr'>μὴν</span> <span class='ocrx_word' id='word_1_317' title='bbox 3351 1700 3676 1775; x_wconf 78' lang='grc' dir='ltr'>κεχηνόσιν,</span> <span class='ocrx_word' id='word_1_318' title='bbox 3736 1699 3818 1764; x_wconf 83' lang='grc' dir='ltr'>ὡς</span> 
     </span>
    </p>
   </div>
   <div class='ocr_carea' id='block_1_48' title="bbox 2152 1786 3817 1866">
    <p class='ocr_par' dir='ltr' id='par_1_48' title="bbox 2152 1786 3817 1866">
     <span class='ocr_line' id='line_1_48' title="bbox 2152 1786 3817 1866; baseline 0.002 -23"><span class='ocrx_word' id='word_1_319' title='bbox 2152 1786 2333 1862; x_wconf 73' lang='grc' dir='ltr'>ὁρᾶτε,</span> <span class='ocrx_word' id='word_1_320' title='bbox 2364 1790 2498 1844; x_wconf 83' lang='grc' dir='ltr'>κατᾶ</span> <span class='ocrx_word' id='word_1_321' title='bbox 2551 1792 2660 1845; x_wconf 87' lang='grc' dir='ltr'>τῶν</span> <span class='ocrx_word' id='word_1_322' title='bbox 2714 1789 2885 1865; x_wconf 80' lang='grc' dir='ltr'>ἂγίων</span> <span class='ocrx_word' id='word_1_323' title='bbox 2944 1789 3037 1847; x_wconf 84' lang='grc' dir='ltr'>καὶ</span> <span class='ocrx_word' id='word_1_324' title='bbox 3077 1787 3368 1866; x_wconf 70' lang='grc' dir='ltr'>διαρπάσαι</span> <span class='ocrx_word' id='word_1_325' title='bbox 3400 1794 3571 1847; x_wconf 75' lang='grc' dir='ltr'>ταῦτα</span> <span class='ocrx_word' id='word_1_326' title='bbox 3601 1802 3817 1866; x_wconf 88' lang='grc' dir='ltr'>προθυ-</span> 
     </span>
    </p>
   </div>
   <div class='ocr_carea' id='block_1_49' title="bbox 2156 1874 3818 1957">
    <p class='ocr_par' dir='ltr' id='par_1_49' title="bbox 2156 1874 3818 1957">
     <span class='ocr_line' id='line_1_49' title="bbox 2156 1874 3818 1957; baseline 0.004 -27"><span class='ocrx_word' id='word_1_327' title='bbox 2156 1874 2449 1951; x_wconf 88' lang='grc' dir='ltr'>μουμένοις</span> <span class='ocrx_word' id='word_1_328' title='bbox 2488 1875 2864 1953; x_wconf 80' lang='grc' dir='ltr'>ἀντιϐαίημεν.</span> <span class='ocrx_word' id='word_1_329' title='bbox 2896 1878 2962 1936; x_wconf 64' lang='lat' dir='ltr'>Et</span> <span class='ocrx_word' id='word_1_330' title='bbox 3032 1880 3108 1953; x_wconf 78' lang='grc' dir='ltr'>μή</span> <span class='ocrx_word' id='word_1_331' title='bbox 3170 1880 3275 1957; x_wconf 77' lang='grc' dir='ltr'>γὰρ</span> <span class='ocrx_word' id='word_1_332' title='bbox 3329 1881 3480 1937; x_wconf 82' lang='grc' dir='ltr'>τοῦτ’</span> <span class='ocrx_word' id='word_1_333' title='bbox 3538 1880 3631 1952; x_wconf 75' lang='grc' dir='ltr'>ἦν,</span> <span class='ocrx_word' id='word_1_334' title='bbox 3662 1879 3818 1937; x_wconf 67' lang='grc' dir='ltr'>ἀλλὰ</span> 
     </span>
    </p>
   </div>
   <div class='ocr_carea' id='block_1_50' title="bbox 2160 1962 3812 2046">
    <p class='ocr_par' dir='ltr' id='par_1_50' title="bbox 2160 1962 3812 2046">
     <span class='ocr_line' id='line_1_50' title="bbox 2160 1962 3812 2046; baseline 0.004 -27"><span class='ocrx_word' id='word_1_335' title='bbox 2160 1962 2473 2022; x_wconf 74' lang='grc' dir='ltr'>διέστελλον</span> <span class='ocrx_word' id='word_1_336' title='bbox 2512 1965 2613 2022; x_wconf 77' lang='grc' dir='ltr'>ἀνὰ</span> <span class='ocrx_word' id='word_1_337' title='bbox 2646 1968 2807 2042; x_wconf 78' lang='grc' dir='ltr'>μέσον</span> <span class='ocrx_word' id='word_1_338' title='bbox 2852 1962 3099 2044; x_wconf 75' lang='grc' dir='ltr'>βεϐήλου</span> <span class='ocrx_word' id='word_1_339' title='bbox 3137 1970 3230 2024; x_wconf 89' lang='grc' dir='ltr'>καὶ</span> <span class='ocrx_word' id='word_1_340' title='bbox 3285 1969 3458 2046; x_wconf 76' lang='grc' dir='ltr'>ἱεροῦ,</span> <span class='ocrx_word' id='word_1_341' title='bbox 3514 1967 3690 2025; x_wconf 82' lang='grc' dir='ltr'>πάλαι</span> <span class='ocrx_word' id='word_1_342' title='bbox 3748 1968 3812 2027; x_wconf 77' lang='grc' dir='ltr'>ἅν</span> 
     </span>
    </p>
   </div>
   <div class='ocr_carea' id='block_1_51' title="bbox 2152 2051 3812 2137">
    <p class='ocr_par' dir='ltr' id='par_1_51' title="bbox 2152 2051 3812 2137">
     <span class='ocr_line' id='line_1_51' title="bbox 2152 2051 3812 2137; baseline 0.002 -27"><span class='ocrx_word' id='word_1_343' title='bbox 2152 2055 2252 2124; x_wconf 76' lang='grc' dir='ltr'>τὴν</span> <span class='ocrx_word' id='word_1_344' title='bbox 2285 2051 2548 2131; x_wconf 81' lang='grc' dir='ltr'>ἐνδοτέρω</span> <span class='ocrx_word' id='word_1_345' title='bbox 2577 2060 2685 2112; x_wconf 87' lang='grc' dir='ltr'>τῶν</span> <span class='ocrx_word' id='word_1_346' title='bbox 2743 2059 2995 2132; x_wconf 78' lang='grc' dir='ltr'>προνάων</span> <span class='ocrx_word' id='word_1_347' title='bbox 3054 2064 3304 2133; x_wconf 80' lang='grc' dir='ltr'>παρῆκαν</span> <span class='ocrx_word' id='word_1_348' title='bbox 3365 2055 3672 2137; x_wconf 76' lang='grc' dir='ltr'>λίχνευσιν,</span> <span class='ocrx_word' id='word_1_349' title='bbox 3732 2059 3812 2123; x_wconf 84' lang='grc' dir='ltr'>ὡς</span> 
     </span>
    </p>
   </div>
   <div class='ocr_carea' id='block_1_52' title="bbox 2150 2141 3808 2221">
    <p class='ocr_par' dir='ltr' id='par_1_52' title="bbox 2150 2141 3808 2221">
     <span class='ocr_line' id='line_1_52' title="bbox 2150 2141 3808 2221; baseline 0.002 -22"><span class='ocrx_word' id='word_1_350' title='bbox 2150 2141 2261 2217; x_wconf 78' lang='grc' dir='ltr'>ἤδη</span> <span class='ocrx_word' id='word_1_351' title='bbox 2293 2144 2356 2200; x_wconf 86' lang='grc' dir='ltr'>τὸ</span> <span class='ocrx_word' id='word_1_352' title='bbox 2383 2149 2529 2217; x_wconf 85' lang='grc' dir='ltr'>νικᾷν</span> <span class='ocrx_word' id='word_1_353' title='bbox 2571 2141 2816 2221; x_wconf 80' lang='grc' dir='ltr'>ἔχοντες.</span> <span class='ocrx_word' id='word_1_354' title='bbox 2870 2146 2939 2205; x_wconf 82' lang='lat' dir='ltr'>O&#39;t</span> <span class='ocrx_word' id='word_1_355' title='bbox 2996 2144 3056 2202; x_wconf 76' lang='grc' dir='ltr'>δὲ</span> <span class='ocrx_word' id='word_1_356' title='bbox 3110 2146 3255 2203; x_wconf 75' lang='grc' dir='ltr'>οὕτω</span> <span class='ocrx_word' id='word_1_357' title='bbox 3310 2147 3398 2203; x_wconf 91' lang='grc' dir='ltr'>τοί</span> <span class='ocrx_word' id='word_1_358' title='bbox 3456 2147 3591 2203; x_wconf 83' lang='grc' dir='ltr'>εἰσιν</span> <span class='ocrx_word' id='word_1_359' title='bbox 3646 2147 3808 2203; x_wconf 79' lang='grc' dir='ltr'>ἀναι-</span> 
     </span>
    </p>
   </div>
   <div class='ocr_carea' id='block_1_53' title="bbox 2153 2230 3811 2315">
    <p class='ocr_par' dir='ltr' id='par_1_53' title="bbox 2153 2230 3811 2315">
     <span class='ocr_line' id='line_1_53' title="bbox 2153 2230 3811 2315; baseline 0.002 -26"><span class='ocrx_word' id='word_1_360' title='bbox 2153 2230 2398 2290; x_wconf 87' lang='grc' dir='ltr'>δέστατοι</span> <span class='ocrx_word' id='word_1_361' title='bbox 2454 2235 2531 2299; x_wconf 84' lang='grc' dir='ltr'>ὡς</span> <span class='ocrx_word' id='word_1_362' title='bbox 2588 2236 2653 2291; x_wconf 84' lang='grc' dir='ltr'>οὗ</span> <span class='ocrx_word' id='word_1_363' title='bbox 2714 2234 2880 2309; x_wconf 84' lang='grc' dir='ltr'>μόνον</span> <span class='ocrx_word' id='word_1_364' title='bbox 2949 2234 3243 2293; x_wconf 80' lang='grc' dir='ltr'>σκυλεῦσαι</span> <span class='ocrx_word' id='word_1_365' title='bbox 3301 2238 3654 2315; x_wconf 70' lang='grc' dir='ltr'>φαντάζεσθαι</span> <span class='ocrx_word' id='word_1_366' title='bbox 3731 2238 3811 2293; x_wconf 77' lang='grc' dir='ltr'>τὰ</span> 
     </span>
    </p>
   </div>
   <div class='ocr_carea' id='block_1_54' title="bbox 2150 2322 3815 2399">
    <p class='ocr_par' dir='ltr' id='par_1_54' title="bbox 2150 2322 3815 2399">
     <span class='ocr_line' id='line_1_54' title="bbox 2150 2322 3815 2399; baseline 0.003 -21"><span class='ocrx_word' id='word_1_367' title='bbox 2150 2323 2410 2399; x_wconf 73' lang='grc' dir='ltr'>ἡμέτερα,</span> <span class='ocrx_word' id='word_1_368' title='bbox 2449 2322 2598 2380; x_wconf 84' lang='grc' dir='ltr'>ἀλλὰ</span> <span class='ocrx_word' id='word_1_369' title='bbox 2625 2324 2715 2380; x_wconf 86' lang='grc' dir='ltr'>καὶ</span> <span class='ocrx_word' id='word_1_370' title='bbox 2743 2325 2810 2381; x_wconf 79' lang='grc' dir='ltr'>τὰ</span> <span class='ocrx_word' id='word_1_371' title='bbox 2855 2329 2954 2382; x_wconf 72' lang='grc' dir='ltr'>τοῦ</span> <span class='ocrx_word' id='word_1_372' title='bbox 2984 2330 3118 2382; x_wconf 76' lang='grc' dir='ltr'>Θεοῦ</span> <span class='ocrx_word' id='word_1_373' title='bbox 3176 2323 3495 2391; x_wconf 78' lang='grc' dir='ltr'>ἰδιώσασθαι</span> <span class='ocrx_word' id='word_1_374' title='bbox 3551 2327 3604 2382; x_wconf 78' lang='lat' dir='ltr'>oi.</span> <span class='ocrx_word' id='word_1_375' title='bbox 3632 2322 3815 2383; x_wconf 75' lang='grc' dir='ltr'>ἀϐέλ-</span> 
     </span>
    </p>
   </div>
   <div class='ocr_carea' id='block_1_55' title="bbox 2148 2411 3814 2492">
    <p class='ocr_par' dir='ltr' id='par_1_55' title="bbox 2148 2411 3814 2492">
     <span class='ocr_line' id='line_1_55' title="bbox 2148 2411 3814 2492; baseline 0.002 -24"><span class='ocrx_word' id='word_1_376' title='bbox 2148 2433 2320 2489; x_wconf 90' lang='grc' dir='ltr'>τεροι,</span> <span class='ocrx_word' id='word_1_377' title='bbox 2379 2411 2537 2471; x_wconf 85' lang='grc' dir='ltr'>Ἀλλ’</span> <span class='ocrx_word' id='word_1_378' title='bbox 2593 2415 2663 2479; x_wconf 71' lang='grc' dir='ltr'>ού</span> <span class='ocrx_word' id='word_1_379' title='bbox 2720 2414 2795 2488; x_wconf 71' lang='grc' dir='ltr'>μὰ</span> <span class='ocrx_word' id='word_1_380' title='bbox 2849 2415 2943 2470; x_wconf 90' lang='grc' dir='ltr'>τὸν</span> <span class='ocrx_word' id='word_1_381' title='bbox 2994 2415 3230 2491; x_wconf 86' lang='grc' dir='ltr'>παγέντα</span> <span class='ocrx_word' id='word_1_382' title='bbox 3291 2421 3505 2492; x_wconf 80' lang='grc' dir='ltr'>σταυρῷ</span> <span class='ocrx_word' id='word_1_383' title='bbox 3560 2417 3651 2472; x_wconf 81' lang='grc' dir='ltr'>καὶ</span> <span class='ocrx_word' id='word_1_384' title='bbox 3702 2420 3814 2487; x_wconf 78' lang='grc' dir='ltr'>τήν</span> 
     </span>
    </p>
   </div>
   <div class='ocr_carea' id='block_1_56' title="bbox 2151 2500 3818 2581">
    <p class='ocr_par' dir='ltr' id='par_1_56' title="bbox 2151 2500 3818 2581">
     <span class='ocr_line' id='line_1_56' title="bbox 2151 2500 3818 2581; baseline 0.001 -22"><span class='ocrx_word' id='word_1_385' title='bbox 2151 2500 2365 2579; x_wconf 82' lang='grc' dir='ltr'>λόγχην</span> <span class='ocrx_word' id='word_1_386' title='bbox 2416 2503 2637 2576; x_wconf 81' lang='grc' dir='ltr'>ταύτην,</span> <span class='ocrx_word' id='word_1_387' title='bbox 2697 2500 2892 2560; x_wconf 69' lang='grc' dir='ltr'>οὔκουν</span> <span class='ocrx_word' id='word_1_388' title='bbox 2951 2505 3138 2567; x_wconf 83' lang='grc' dir='ltr'>αὐτοῖς</span> <span class='ocrx_word' id='word_1_389' title='bbox 3196 2504 3395 2561; x_wconf 82' lang='grc' dir='ltr'>ἐσεῖται</span> <span class='ocrx_word' id='word_1_390' title='bbox 3447 2507 3613 2581; x_wconf 82' lang='grc' dir='ltr'>πέρας</span> <span class='ocrx_word' id='word_1_391' title='bbox 3692 2506 3818 2562; x_wconf 87' lang='grc' dir='ltr'>ἐπι-</span> 
     </span>
    </p>
   </div>
   <div class='ocr_carea' id='block_1_57' title="bbox 2151 2591 3821 2672">
    <p class='ocr_par' dir='ltr' id='par_1_57' title="bbox 2151 2591 3821 2672">
     <span class='ocr_line' id='line_1_57' title="bbox 2151 2591 3821 2672; baseline 0.003 -25"><span class='ocrx_word' id='word_1_392' title='bbox 2151 2597 2315 2656; x_wconf 87' lang='grc' dir='ltr'>θεῖναι</span> <span class='ocrx_word' id='word_1_393' title='bbox 2366 2597 2484 2654; x_wconf 86' lang='grc' dir='ltr'>τοῖς</span> <span class='ocrx_word' id='word_1_394' title='bbox 2540 2591 2965 2672; x_wconf 86' lang='grc' dir='ltr'>ἐγχειρήμασιν,</span> <span class='ocrx_word' id='word_1_395' title='bbox 3025 2594 3142 2650; x_wconf 85' lang='grc' dir='ltr'>ἐπεὶ</span> <span class='ocrx_word' id='word_1_396' title='bbox 3200 2597 3293 2651; x_wconf 84' lang='grc' dir='ltr'>καὶ</span> <span class='ocrx_word' id='word_1_397' title='bbox 3341 2600 3459 2668; x_wconf 81' lang='grc' dir='ltr'>Θεῷ</span> <span class='ocrx_word' id='word_1_398' title='bbox 3516 2596 3581 2651; x_wconf 73' lang='grc' dir='ltr'>τὰ</span> <span class='ocrx_word' id='word_1_399' title='bbox 3638 2596 3821 2653; x_wconf 70' lang='grc' dir='ltr'>οῗκεῖα</span> 
     </span>
    </p>
   </div>
   <div class='ocr_carea' id='block_1_58' title="bbox 2148 2680 3818 2764">
    <p class='ocr_par' dir='ltr' id='par_1_58' title="bbox 2148 2680 3818 2764">
     <span class='ocr_line' id='line_1_58' title="bbox 2148 2680 3818 2764; baseline 0.003 -27"><span class='ocrx_word' id='word_1_400' title='bbox 2148 2680 2307 2759; x_wconf 75' lang='grc' dir='ltr'>χερσί</span> <span class='ocrx_word' id='word_1_401' title='bbox 2363 2682 2765 2759; x_wconf 85' lang='grc' dir='ltr'>κεχρασμέναις</span> <span class='ocrx_word' id='word_1_402' title='bbox 2808 2682 3054 2759; x_wconf 72' lang='grc' dir='ltr'>ἃψὰυστα</span> <span class='ocrx_word' id='word_1_403' title='bbox 3113 2682 3657 2764; x_wconf 81' lang='grc' dir='ltr'>διαφυλαχθήσονται</span> <span class='ocrx_word' id='word_1_404' title='bbox 3713 2686 3818 2742; x_wconf 80' lang='grc' dir='ltr'>καὶ</span> 
     </span>
    </p>
   </div>
   <div class='ocr_carea' id='block_1_59' title="bbox 2149 2770 3813 2849">
    <p class='ocr_par' dir='ltr' id='par_1_59' title="bbox 2149 2770 3813 2849">
     <span class='ocr_line' id='line_1_59' title="bbox 2149 2770 3813 2849; baseline 0.002 -22"><span class='ocrx_word' id='word_1_405' title='bbox 2149 2775 2314 2845; x_wconf 75' lang='grc' dir='ltr'>ἡμεῖς</span> <span class='ocrx_word' id='word_1_406' title='bbox 2370 2771 2624 2846; x_wconf 81' lang='grc' dir='ltr'>ἐσοίμεθα</span> <span class='ocrx_word' id='word_1_407' title='bbox 2682 2770 2743 2828; x_wconf 74' lang='grc' dir='ltr'>ἄν</span> <span class='ocrx_word' id='word_1_408' title='bbox 2813 2773 3233 2849; x_wconf 81' lang='grc' dir='ltr'>ἀπρονόμευτοι.</span> <span class='ocrx_word' id='word_1_409' title='bbox 3300 2799 3330 2828; x_wconf 72' lang='grc' dir='ltr'><strong>η</strong></span> <span class='ocrx_word' id='word_1_410' title='bbox 3415 2774 3652 2840; x_wconf 87' lang='grc' dir='ltr'>Τούτοις</span> <span class='ocrx_word' id='word_1_411' title='bbox 3713 2778 3813 2832; x_wconf 70' lang='grc' dir='ltr'>καὶ</span> 
     </span>
    </p>
   </div>
   <div class='ocr_carea' id='block_1_60' title="bbox 2144 2862 3823 2938">
    <p class='ocr_par' dir='ltr' id='par_1_60' title="bbox 2144 2862 3823 2938">
     <span class='ocr_line' id='line_1_60' title="bbox 2144 2862 3823 2938; baseline 0.002 -20"><span class='ocrx_word' id='word_1_412' title='bbox 2144 2863 2420 2925; x_wconf 75' lang='grc' dir='ltr'>τοιούτοις</span> <span class='ocrx_word' id='word_1_413' title='bbox 2450 2862 2801 2938; x_wconf 79' lang='grc' dir='ltr'>χρησάμενος</span> <span class='ocrx_word' id='word_1_414' title='bbox 2834 2863 3075 2937; x_wconf 81' lang='grc' dir='ltr'>ῥήμασιν</span> <span class='ocrx_word' id='word_1_415' title='bbox 3107 2863 3269 2926; x_wconf 81' lang='grc' dir='ltr'>αὐτός</span> <span class='ocrx_word' id='word_1_416' title='bbox 3324 2884 3383 2920; x_wconf 81' lang='grc' dir='ltr'>τε</span> <span class='ocrx_word' id='word_1_417' title='bbox 3437 2867 3679 2921; x_wconf 75' lang='grc' dir='ltr'>κάτεισιν</span> <span class='ocrx_word' id='word_1_418' title='bbox 3736 2865 3823 2929; x_wconf 81' lang='grc' dir='ltr'>είς</span> 
     </span>
    </p>
   </div>
   <div class='ocr_carea' id='block_1_61' title="bbox 2143 2948 3810 3030">
    <p class='ocr_par' dir='ltr' id='par_1_61' title="bbox 2143 2948 3810 3030">
     <span class='ocr_line' id='line_1_61' title="bbox 2143 2948 3810 3030; baseline 0.003 -22"><span class='ocrx_word' id='word_1_419' title='bbox 2143 2952 2236 3008; x_wconf 83' lang='grc' dir='ltr'>τὸν</span> <span class='ocrx_word' id='word_1_420' title='bbox 2264 2951 2497 3027; x_wconf 82' lang='grc' dir='ltr'>πρόναον</span> <span class='ocrx_word' id='word_1_421' title='bbox 2527 2948 2651 3017; x_wconf 77' lang='grc' dir='ltr'>ἔνθα</span> <span class='ocrx_word' id='word_1_422' title='bbox 2686 2952 2715 3007; x_wconf 92' lang='lat'>6</span> <span class='ocrx_word' id='word_1_423' title='bbox 2748 2951 2915 3028; x_wconf 85' lang='grc' dir='ltr'>λόγος</span> <span class='ocrx_word' id='word_1_424' title='bbox 2974 2951 3161 3028; x_wconf 71' lang='grc' dir='ltr'>εἴρηκε</span> <span class='ocrx_word' id='word_1_425' title='bbox 3216 2952 3492 3030; x_wconf 77' lang='grc' dir='ltr'>ῥομφαίαν</span> <span class='ocrx_word' id='word_1_426' title='bbox 3525 2954 3810 3030; x_wconf 80' lang='grc' dir='ltr'>ἐσπασμέ-</span> 
     </span>
    </p>
   </div>
   <div class='ocr_carea' id='block_1_62' title="bbox 2146 3039 3808 3122">
    <p class='ocr_par' dir='ltr' id='par_1_62' title="bbox 2146 3039 3808 3122">
     <span class='ocr_line' id='line_1_62' title="bbox 2146 3039 3808 3122; baseline 0.003 -26"><span class='ocrx_word' id='word_1_427' title='bbox 2146 3061 2234 3096; x_wconf 94' lang='grc' dir='ltr'>νον</span> <span class='ocrx_word' id='word_1_428' title='bbox 2261 3039 2515 3097; x_wconf 72' lang='grc' dir='ltr'>ἵστασθαι</span> <span class='ocrx_word' id='word_1_429' title='bbox 2546 3040 2639 3097; x_wconf 81' lang='grc' dir='ltr'>τὸν</span> <span class='ocrx_word' id='word_1_430' title='bbox 2670 3044 2780 3097; x_wconf 84' lang='grc' dir='ltr'>τῶν</span> <span class='ocrx_word' id='word_1_431' title='bbox 2809 3044 2895 3115; x_wconf 87' lang='grc' dir='ltr'>[Ρ.</span> <span class='ocrx_word' id='word_1_432' title='bbox 2939 3043 3063 3116; x_wconf 79' lang='grc'><strong>156]</strong></span> <span class='ocrx_word' id='word_1_433' title='bbox 3104 3039 3215 3097; x_wconf 70' lang='grc' dir='ltr'>ἅνω</span> <span class='ocrx_word' id='word_1_434' title='bbox 3246 3042 3337 3098; x_wconf 78' lang='grc' dir='ltr'>καὶ</span> <span class='ocrx_word' id='word_1_435' title='bbox 3364 3044 3523 3099; x_wconf 80' lang='grc' dir='ltr'>θείων</span> <span class='ocrx_word' id='word_1_436' title='bbox 3582 3046 3808 3122; x_wconf 82' lang='grc' dir='ltr'>ταγμά-</span> 
     </span>
    </p>
   </div>
   <div class='ocr_carea' id='block_1_63' title="bbox 2144 3130 3812 3208">
    <p class='ocr_par' dir='ltr' id='par_1_63' title="bbox 2144 3130 3812 3208">
     <span class='ocr_line' id='line_1_63' title="bbox 2144 3130 3812 3208; baseline 0.002 -22"><span class='ocrx_word' id='word_1_437' title='bbox 2144 3152 2251 3187; x_wconf 87' lang='grc' dir='ltr'>των</span> <span class='ocrx_word' id='word_1_438' title='bbox 2310 3132 2659 3208; x_wconf 79' lang='grc' dir='ltr'>κατάρχοντα</span> <span class='ocrx_word' id='word_1_439' title='bbox 2739 3131 2992 3206; x_wconf 77' lang='grc' dir='ltr'>Μιχαήλ,</span> <span class='ocrx_word' id='word_1_440' title='bbox 3076 3133 3168 3187; x_wconf 78' lang='grc' dir='ltr'>καὶ</span> <span class='ocrx_word' id='word_1_441' title='bbox 3242 3133 3295 3187; x_wconf 77' lang='grc' dir='ltr'>οἱ</span> <span class='ocrx_word' id='word_1_442' title='bbox 3353 3130 3545 3188; x_wconf 85' lang='grc' dir='ltr'>λοιποὶ</span> <span class='ocrx_word' id='word_1_443' title='bbox 3604 3131 3662 3189; x_wconf 73' lang='grc' dir='ltr'>δὲ</span> <span class='ocrx_word' id='word_1_444' title='bbox 3726 3136 3812 3199; x_wconf 79' lang='grc' dir='ltr'>ὡς</span> 
     </span>
    </p>
   </div>
   <div class='ocr_carea' id='block_1_64' title="bbox 384 3221 2038 3301">
    <p class='ocr_par' dir='ltr' id='par_1_64' title="bbox 384 3222 2033 3296">
     <span class='ocr_line' id='line_1_64' title="bbox 384 3222 2033 3296; baseline -0.005 -9"><span class='ocrx_word' id='word_1_445' title='bbox 384 3226 744 3287; x_wconf 84' lang='lat' dir='ltr'><strong>acutissimis</strong></span> <span class='ocrx_word' id='word_1_446' title='bbox 761 3225 971 3295; x_wconf 90' lang='lat' dir='ltr'><strong>oculis,</strong></span> <span class='ocrx_word' id='word_1_447' title='bbox 1004 3223 1286 3296; x_wconf 88' lang='lat' dir='ltr'><strong>quidquid</strong></span> <span class='ocrx_word' id='word_1_448' title='bbox 1318 3222 1538 3294; x_wconf 90' lang='lat' dir='ltr'><strong>ubique</strong></span> <span class='ocrx_word' id='word_1_449' title='bbox 1572 3222 1789 3278; x_wconf 81' lang='lat' dir='ltr'><strong>nefarie</strong></span> <span class='ocrx_word' id='word_1_450' title='bbox 1820 3222 1941 3290; x_wconf 82' lang='lat' dir='ltr'><strong>ﬁat,</strong></span> <span class='ocrx_word' id='word_1_451' title='bbox 1974 3223 2033 3279; x_wconf 92' lang='lat' dir='ltr'>in</span> 
     </span>
    </p>
   </div>
   <div class='ocr_carea' id='block_1_65' title="bbox 2147 3221 3810 3301">
    <p class='ocr_par' dir='ltr' id='par_1_65' title="bbox 2147 3221 3810 3301">
     <span class='ocr_line' id='line_1_65' title="bbox 2147 3221 3810 3301; baseline 0.003 -24"><span class='ocrx_word' id='word_1_452' title='bbox 2147 3222 2381 3300; x_wconf 81' lang='grc' dir='ltr'>ἡγεμόνι</span> <span class='ocrx_word' id='word_1_453' title='bbox 2412 3222 2591 3295; x_wconf 83' lang='grc' dir='ltr'>τούτῳ</span> <span class='ocrx_word' id='word_1_454' title='bbox 2622 3221 2977 3296; x_wconf 79' lang='grc' dir='ltr'>παρείποντο,</span> <span class='ocrx_word' id='word_1_455' title='bbox 3036 3221 3403 3301; x_wconf 75' lang='grc' dir='ltr'>ἆσπιδηφόροι</span> <span class='ocrx_word' id='word_1_456' title='bbox 3462 3223 3659 3288; x_wconf 85' lang='grc' dir='ltr'>πάντες</span> <span class='ocrx_word' id='word_1_457' title='bbox 3709 3227 3810 3282; x_wconf 75' lang='grc' dir='ltr'>καὶ</span> 
     </span>
    </p>
   </div>
   <div class='ocr_carea' id='block_1_66' title="bbox 385 3291 2038 3390">
    <p class='ocr_par' dir='ltr' id='par_1_66' title="bbox 385 3291 2033 3375">
     <span class='ocr_line' id='line_1_66' title="bbox 385 3291 2033 3375; baseline -0.005 0"><span class='ocrx_word' id='word_1_458' title='bbox 385 3319 504 3375; x_wconf 90' lang='lat' dir='ltr'><strong>ictu</strong></span> <span class='ocrx_word' id='word_1_459' title='bbox 535 3315 689 3374; x_wconf 89' lang='lat' dir='ltr'><strong>oculi</strong></span> <span class='ocrx_word' id='word_1_460' title='bbox 722 3291 1039 3372; x_wconf 58' lang='lat' dir='ltr'><strong>intueatur:</strong></span> <span class='ocrx_word' id='word_1_461' title='bbox 1092 3291 1315 3369; x_wconf 80' lang='lat' dir='ltr'><strong>Deinde</strong></span> <span class='ocrx_word' id='word_1_462' title='bbox 1360 3291 1691 3368; x_wconf 69' lang='lat' dir='ltr'><strong>Czesarissee</strong></span> <span class='ocrx_word' id='word_1_463' title='bbox 1747 3310 1923 3367; x_wconf 86' lang='lat' dir='ltr'><strong>verba</strong></span> <span class='ocrx_word' id='word_1_464' title='bbox 1962 3310 2033 3367; x_wconf 92' lang='lat' dir='ltr'>de</span> 
     </span>
    </p>
   </div>
   <div class='ocr_carea' id='block_1_67' title="bbox 2147 3291 3806 3390">
    <p class='ocr_par' dir='ltr' id='par_1_67' title="bbox 2149 3291 3806 3390">
     <span class='ocr_line' id='line_1_67' title="bbox 2149 3291 3806 3390; baseline 0.003 -26"><span class='ocrx_word' id='word_1_465' title='bbox 2149 3291 2425 3385; x_wconf 50' lang='grc' dir='ltr'>μαχαίρας</span> <span class='ocrx_word' id='word_1_466' title='bbox 2506 3291 2782 3388; x_wconf 78' lang='grc' dir='ltr'>ἀμφήκεις</span> <span class='ocrx_word' id='word_1_467' title='bbox 2860 3291 3325 3387; x_wconf 41' lang='grc' dir='ltr'>ἐγχειριζόμενοι,</span> <span class='ocrx_word' id='word_1_468' title='bbox 3381 3312 3472 3367; x_wconf 84' lang='grc' dir='ltr'>καὶ</span> <span class='ocrx_word' id='word_1_469' title='bbox 3552 3314 3806 3390; x_wconf 79' lang='grc' dir='ltr'>ἀτεχνῶς</span> 
     </span>
    </p>
   </div>
   <div class='ocr_carea' id='block_1_68' title="bbox 388 3399 2035 3481">
    <p class='ocr_par' dir='ltr' id='par_1_68' title="bbox 388 3399 2035 3481">
     <span class='ocr_line' id='line_1_68' title="bbox 388 3399 2035 3481; baseline -0.005 -17"><span class='ocrx_word' id='word_1_470' title='bbox 388 3404 794 3481; x_wconf 79' lang='lat' dir='ltr'><strong>pacificatione</strong></span> <span class='ocrx_word' id='word_1_471' title='bbox 820 3404 974 3460; x_wconf 72' lang='lat'>318</span> <span class='ocrx_word' id='word_1_472' title='bbox 1007 3400 1318 3458; x_wconf 86' lang='lat' dir='ltr'><strong>nuntiavit.</strong></span> <span class='ocrx_word' id='word_1_473' title='bbox 1367 3400 1614 3473; x_wconf 83' lang='lat' dir='ltr'><strong>Magnus</strong></span> <span class='ocrx_word' id='word_1_474' title='bbox 1670 3399 1870 3473; x_wconf 89' lang='lat' dir='ltr'><strong>itaque</strong></span> <span class='ocrx_word' id='word_1_475' title='bbox 1900 3400 2035 3456; x_wconf 74' lang='lat' dir='ltr'>dux</span> 
     </span>
    </p>
   </div>
   <div class='ocr_carea' id='block_1_69' title="bbox 386 3488 2036 3564">
    <p class='ocr_par' dir='ltr' id='par_1_69' title="bbox 386 3488 2036 3564">
     <span class='ocr_line' id='line_1_69' title="bbox 386 3488 2036 3564; baseline -0.004 -11"><span class='ocrx_word' id='word_1_476' title='bbox 386 3495 757 3553; x_wconf 87' lang='lat' dir='ltr'><strong>Andronicus</strong></span> <span class='ocrx_word' id='word_1_477' title='bbox 777 3492 1309 3564; x_wconf 85' lang='lat' dir='ltr'><strong>Conlostephanus,</strong></span> <span class='ocrx_word' id='word_1_478' title='bbox 1342 3505 1598 3561; x_wconf 87' lang='lat' dir='ltr'><strong>magnus</strong></span> <span class='ocrx_word' id='word_1_479' title='bbox 1655 3488 2036 3546; x_wconf 65' lang='lat' dir='ltr'><strong>hasteriarcha</strong></span> 
     </span>
    </p>
   </div>
   <div class='ocr_carea' id='block_1_70' title="bbox 382 3577 2036 3654">
    <p class='ocr_par' dir='ltr' id='par_1_70' title="bbox 382 3577 2036 3654">
     <span class='ocr_line' id='line_1_70' title="bbox 382 3577 2036 3654; baseline -0.004 -10"><span class='ocrx_word' id='word_1_480' title='bbox 382 3587 640 3644; x_wconf 86' lang='lat' dir='ltr'><strong>Joannes</strong></span> <span class='ocrx_word' id='word_1_481' title='bbox 671 3583 887 3654; x_wconf 90' lang='lat' dir='ltr'><strong>Ducas,</strong></span> <span class='ocrx_word' id='word_1_482' title='bbox 920 3584 978 3639; x_wconf 89' lang='lat' dir='ltr'>et</span> <span class='ocrx_word' id='word_1_483' title='bbox 1008 3579 1107 3637; x_wconf 90' lang='lat' dir='ltr'><strong>alii</strong></span> <span class='ocrx_word' id='word_1_484' title='bbox 1163 3578 1521 3652; x_wconf 85' lang='lat' dir='ltr'><strong>complures,</strong></span> <span class='ocrx_word' id='word_1_485' title='bbox 1578 3577 1685 3633; x_wconf 86' lang='lat' dir='ltr'><strong>viri</strong></span> <span class='ocrx_word' id='word_1_486' title='bbox 1724 3578 1948 3636; x_wconf 89' lang='lat' dir='ltr'><strong>nobiles</strong></span> <span class='ocrx_word' id='word_1_487' title='bbox 1978 3583 2036 3637; x_wconf 89' lang='lat' dir='ltr'>et</span> 
     </span>
    </p>
   </div>
   <div class='ocr_carea' id='block_1_71' title="bbox 380 3668 2034 3744">
    <p class='ocr_par' dir='ltr' id='par_1_71' title="bbox 380 3668 2034 3744">
     <span class='ocr_line' id='line_1_71' title="bbox 380 3668 2034 3744; baseline -0.005 -10"><span class='ocrx_word' id='word_1_488' title='bbox 380 3673 658 3733; x_wconf 81' lang='lat' dir='ltr'><strong>maximis</strong></span> <span class='ocrx_word' id='word_1_489' title='bbox 682 3671 871 3731; x_wconf 87' lang='lat' dir='ltr'><strong>ornati</strong></span> <span class='ocrx_word' id='word_1_490' title='bbox 896 3669 1309 3744; x_wconf 78' lang='lat' dir='ltr'><strong>dignitatibus,</strong></span> <span class='ocrx_word' id='word_1_491' title='bbox 1341 3669 1412 3724; x_wconf 91' lang='lat' dir='ltr'>ad</span> <span class='ocrx_word' id='word_1_492' title='bbox 1437 3668 1548 3724; x_wconf 92' lang='lat' dir='ltr'><strong>iras</strong></span> <span class='ocrx_word' id='word_1_493' title='bbox 1573 3668 1850 3740; x_wconf 88' lang='lat' dir='ltr'><strong>utrinque</strong></span> <span class='ocrx_word' id='word_1_494' title='bbox 1879 3684 2034 3727; x_wconf 90' lang='lat' dir='ltr'><strong>com-</strong></span> 
     </span>
    </p>
   </div>
   <div class='ocr_carea' id='block_1_72' title="bbox 376 3756 2033 3838">
    <p class='ocr_par' dir='ltr' id='par_1_72' title="bbox 376 3756 2033 3838">
     <span class='ocr_line' id='line_1_72' title="bbox 376 3756 2033 3838; baseline -0.005 -15"><span class='ocrx_word' id='word_1_495' title='bbox 376 3765 678 3838; x_wconf 87' lang='lat' dir='ltr'><strong>ponendas</strong></span> <span class='ocrx_word' id='word_1_496' title='bbox 701 3763 940 3819; x_wconf 91' lang='lat' dir='ltr'><strong>adsunt.</strong></span> <span class='ocrx_word' id='word_1_497' title='bbox 960 3761 1185 3815; x_wconf 86' lang='lat' dir='ltr'><strong>Actum</strong></span> <span class='ocrx_word' id='word_1_498' title='bbox 1212 3757 1448 3831; x_wconf 91' lang='lat' dir='ltr'><strong>quidem</strong></span> <span class='ocrx_word' id='word_1_499' title='bbox 1471 3756 1544 3814; x_wconf 93' lang='lat' dir='ltr'>ob</span> <span class='ocrx_word' id='word_1_500' title='bbox 1568 3760 1794 3814; x_wconf 88' lang='lat' dir='ltr'><strong>noctem</strong></span> <span class='ocrx_word' id='word_1_501' title='bbox 1843 3758 2033 3831; x_wconf 89' lang='lat' dir='ltr'><strong>magis</strong></span> 
     </span>
    </p>
   </div>
   <div class='ocr_carea' id='block_1_73' title="bbox 381 3846 2034 3928">
    <p class='ocr_par' dir='ltr' id='par_1_73' title="bbox 381 3846 2034 3928">
     <span class='ocr_line' id='line_1_73' title="bbox 381 3846 2034 3928; baseline -0.005 -16"><span class='ocrx_word' id='word_1_502' title='bbox 381 3870 560 3928; x_wconf 88' lang='lat' dir='ltr'><strong>qnam</strong></span> <span class='ocrx_word' id='word_1_503' title='bbox 594 3850 749 3925; x_wconf 91' lang='lat' dir='ltr'><strong>quod</strong></span> <span class='ocrx_word' id='word_1_504' title='bbox 783 3851 1034 3908; x_wconf 88' lang='lat' dir='ltr'><strong>invicem</strong></span> <span class='ocrx_word' id='word_1_505' title='bbox 1064 3849 1387 3917; x_wconf 88' lang='lat' dir='ltr'><strong>crederent,</strong></span> <span class='ocrx_word' id='word_1_506' title='bbox 1420 3846 1494 3902; x_wconf 87' lang='lat' dir='ltr'>ab</span> <span class='ocrx_word' id='word_1_507' title='bbox 1527 3846 1705 3903; x_wconf 89' lang='lat' dir='ltr'><strong>armis</strong></span> <span class='ocrx_word' id='word_1_508' title='bbox 1753 3846 2034 3904; x_wconf 85' lang='lat' dir='ltr'><strong>discesse-</strong></span> 
     </span>
    </p>
   </div>
   <div class='ocr_carea' id='block_1_74' title="bbox 380 3935 2030 4010">
    <p class='ocr_par' dir='ltr' id='par_1_74' title="bbox 380 3935 2030 4010">
     <span class='ocr_line' id='line_1_74' title="bbox 380 3935 2030 4010; baseline -0.007 -9"><span class='ocrx_word' id='word_1_509' title='bbox 380 3947 542 4001; x_wconf 88' lang='lat' dir='ltr'><strong>runt.</strong></span> <span class='ocrx_word' id='word_1_510' title='bbox 579 3940 865 3998; x_wconf 86' lang='lat' dir='ltr'><strong>Postridie</strong></span> <span class='ocrx_word' id='word_1_511' title='bbox 886 3940 957 3997; x_wconf 90' lang='lat' dir='ltr'>ad</span> <span class='ocrx_word' id='word_1_512' title='bbox 982 3936 1493 4010; x_wconf 83' lang='lat' dir='ltr'><strong>redintegrandam</strong></span> <span class='ocrx_word' id='word_1_513' title='bbox 1510 3935 2030 4010; x_wconf 88' lang='lat' dir='ltr'><strong>pugnamincitati,</strong></span> 
     </span>
    </p>
   </div>
   <div class='ocr_carea' id='block_1_75' title="bbox 379 4024 2032 4094">
    <p class='ocr_par' dir='ltr' id='par_1_75' title="bbox 379 4024 2032 4094">
     <span class='ocr_line' id='line_1_75' title="bbox 379 4024 2032 4094; baseline -0.006 -3"><span class='ocrx_word' id='word_1_514' title='bbox 379 4050 515 4091; x_wconf 89' lang='lat' dir='ltr'>cum</span> <span class='ocrx_word' id='word_1_515' title='bbox 545 4032 725 4089; x_wconf 90' lang='lat' dir='ltr'><strong>iidem</strong></span> <span class='ocrx_word' id='word_1_516' title='bbox 760 4028 870 4086; x_wconf 87' lang='lat' dir='ltr'><strong>viri</strong></span> <span class='ocrx_word' id='word_1_517' title='bbox 904 4029 1119 4085; x_wconf 89' lang='lat' dir='ltr'><strong>iterum</strong></span> <span class='ocrx_word' id='word_1_518' title='bbox 1170 4026 1467 4094; x_wconf 86' lang='lat' dir='ltr'><strong>adessent,</strong></span> <span class='ocrx_word' id='word_1_519' title='bbox 1518 4029 1574 4080; x_wconf 88' lang='lat' dir='ltr'>et</span> <span class='ocrx_word' id='word_1_520' title='bbox 1618 4024 1934 4082; x_wconf 65' lang='lat' dir='ltr'><strong>Ctesarissaa</strong></span> <span class='ocrx_word' id='word_1_521' title='bbox 1964 4041 2032 4082; x_wconf 90' lang='lat' dir='ltr'>ac</span> 
     </span>
    </p>
   </div>
   <div class='ocr_carea' id='block_1_76' title="bbox 377 4116 2032 4195">
    <p class='ocr_par' dir='ltr' id='par_1_76' title="bbox 377 4116 2032 4195">
     <span class='ocr_line' id='line_1_76' title="bbox 377 4116 2032 4195; baseline -0.006 -12"><span class='ocrx_word' id='word_1_522' title='bbox 377 4126 590 4183; x_wconf 89' lang='lat' dir='ltr'><strong>marito</strong></span> <span class='ocrx_word' id='word_1_523' title='bbox 614 4124 743 4195; x_wconf 85' lang='lat' dir='ltr'><strong>ejus</strong></span> <span class='ocrx_word' id='word_1_524' title='bbox 774 4121 949 4177; x_wconf 77' lang='lat' dir='ltr'><strong>ﬁdem</strong></span> <span class='ocrx_word' id='word_1_525' title='bbox 982 4118 1286 4175; x_wconf 87' lang='lat' dir='ltr'><strong>dedissent</strong></span> <span class='ocrx_word' id='word_1_526' title='bbox 1319 4116 1462 4175; x_wconf 91' lang='lat' dir='ltr'><strong>nihil</strong></span> <span class='ocrx_word' id='word_1_527' title='bbox 1495 4116 1581 4173; x_wconf 90' lang='lat' dir='ltr'>eis</span> <span class='ocrx_word' id='word_1_528' title='bbox 1622 4117 1761 4173; x_wconf 88' lang='lat' dir='ltr'><strong>mali</strong></span> <span class='ocrx_word' id='word_1_529' title='bbox 1814 4118 2032 4174; x_wconf 79' lang='lat' dir='ltr'><strong>timen-</strong></span> 
     </span>
    </p>
   </div>
   <div class='ocr_carea' id='block_1_77' title="bbox 374 4206 2030 4282">
    <p class='ocr_par' dir='ltr' id='par_1_77' title="bbox 374 4206 2030 4282">
     <span class='ocr_line' id='line_1_77' title="bbox 374 4206 2030 4282; baseline -0.005 -11"><span class='ocrx_word' id='word_1_530' title='bbox 374 4218 519 4272; x_wconf 88' lang='lat' dir='ltr'>dum</span> <span class='ocrx_word' id='word_1_531' title='bbox 538 4211 783 4281; x_wconf 87' lang='lat' dir='ltr'><strong>esse,vel</strong></span> <span class='ocrx_word' id='word_1_532' title='bbox 803 4228 836 4267; x_wconf 93' lang='lat' dir='ltr'>a</span> <span class='ocrx_word' id='word_1_533' title='bbox 857 4211 1035 4267; x_wconf 88' lang='lat' dir='ltr'><strong>fratre</strong></span> <span class='ocrx_word' id='word_1_534' title='bbox 1065 4209 1434 4282; x_wconf 87' lang='lat' dir='ltr'><strong>imperatore,</strong></span> <span class='ocrx_word' id='word_1_535' title='bbox 1465 4206 1555 4264; x_wconf 88' lang='lat' dir='ltr'>vel</span> <span class='ocrx_word' id='word_1_536' title='bbox 1577 4222 1611 4263; x_wconf 79' lang='grc' dir='ltr'>α</span> <span class='ocrx_word' id='word_1_537' title='bbox 1657 4207 1896 4263; x_wconf 90' lang='lat' dir='ltr'><strong>domina</strong></span> <span class='ocrx_word' id='word_1_538' title='bbox 1925 4223 2030 4263; x_wconf 90' lang='lat' dir='ltr'><strong>no-</strong></span> 
     </span>
    </p>
   </div>
   <div class='ocr_carea' id='block_1_78' title="bbox 367 4296 2028 4374">
    <p class='ocr_par' dir='ltr' id='par_1_78' title="bbox 367 4296 2028 4374">
     <span class='ocr_line' id='line_1_78' title="bbox 367 4296 2028 4374; baseline -0.006 -11"><span class='ocrx_word' id='word_1_539' title='bbox 367 4321 561 4373; x_wconf 87' lang='lat' dir='ltr'><strong>verca,</strong></span> <span class='ocrx_word' id='word_1_540' title='bbox 590 4302 675 4360; x_wconf 90' lang='lat' dir='ltr'>vel</span> <span class='ocrx_word' id='word_1_541' title='bbox 709 4320 740 4357; x_wconf 92' lang='lat' dir='ltr'>a</span> <span class='ocrx_word' id='word_1_542' title='bbox 774 4299 1180 4374; x_wconf 89' lang='lat' dir='ltr'><strong>protosebasto</strong></span> <span class='ocrx_word' id='word_1_543' title='bbox 1208 4296 1430 4367; x_wconf 79' lang='lat' dir='ltr'><strong>Alexio,</strong></span> <span class='ocrx_word' id='word_1_544' title='bbox 1457 4313 1646 4369; x_wconf 88' lang='lat' dir='ltr'><strong>neque</strong></span> <span class='ocrx_word' id='word_1_545' title='bbox 1686 4296 2028 4369; x_wconf 80' lang='lat' dir='ltr'><strong>dignitatem</strong></span> 
     </span>
    </p>
   </div>
   <div class='ocr_carea' id='block_1_79' title="bbox 373 4385 2034 4464">
    <p class='ocr_par' dir='ltr' id='par_1_79' title="bbox 373 4385 2034 4464">
     <span class='ocr_line' id='line_1_79' title="bbox 373 4385 2034 4464; baseline -0.005 -13"><span class='ocrx_word' id='word_1_546' title='bbox 373 4396 459 4452; x_wconf 89' lang='lat' dir='ltr'>eis</span> <span class='ocrx_word' id='word_1_547' title='bbox 489 4397 755 4464; x_wconf 86' lang='lat' dir='ltr'><strong>ereptum</strong></span> <span class='ocrx_word' id='word_1_548' title='bbox 790 4390 879 4457; x_wconf 89' lang='lat' dir='ltr'><strong>iri,</strong></span> <span class='ocrx_word' id='word_1_549' title='bbox 906 4389 989 4445; x_wconf 86' lang='lat' dir='ltr'>ita</span> <span class='ocrx_word' id='word_1_550' title='bbox 1042 4389 1301 4456; x_wconf 89' lang='lat' dir='ltr'><strong>demum,</strong></span> <span class='ocrx_word' id='word_1_551' title='bbox 1337 4387 1474 4443; x_wconf 85' lang='lat' dir='ltr'><strong>data</strong></span> <span class='ocrx_word' id='word_1_552' title='bbox 1531 4387 1710 4443; x_wconf 87' lang='lat' dir='ltr'><strong>etiam</strong></span> <span class='ocrx_word' id='word_1_553' title='bbox 1768 4385 1944 4443; x_wconf 91' lang='lat' dir='ltr'><strong>sociis</strong></span> <span class='ocrx_word' id='word_1_554' title='bbox 1974 4389 2034 4442; x_wconf 88' lang='lat' dir='ltr'>et</span> 
     </span>
    </p>
   </div>
   <div class='ocr_carea' id='block_1_80' title="bbox 371 4475 2030 4552">
    <p class='ocr_par' dir='ltr' id='par_1_80' title="bbox 371 4475 2030 4552">
     <span class='ocr_line' id='line_1_80' title="bbox 371 4475 2030 4552; baseline -0.003 -15"><span class='ocrx_word' id='word_1_555' title='bbox 371 4481 740 4552; x_wconf 83' lang='lat' dir='ltr'><strong>adiutoribus</strong></span> <span class='ocrx_word' id='word_1_556' title='bbox 769 4495 971 4536; x_wconf 91' lang='lat' dir='ltr'><strong>eorum</strong></span> <span class='ocrx_word' id='word_1_557' title='bbox 1006 4478 1193 4547; x_wconf 90' lang='lat' dir='ltr'><strong>venia,</strong></span> <span class='ocrx_word' id='word_1_558' title='bbox 1218 4476 1479 4533; x_wconf 90' lang='lat' dir='ltr'><strong>secundo</strong></span> <span class='ocrx_word' id='word_1_559' title='bbox 1513 4475 1713 4548; x_wconf 82' lang='lat' dir='ltr'><strong>praelia</strong></span> <span class='ocrx_word' id='word_1_560' title='bbox 1737 4476 2030 4532; x_wconf 86' lang='lat' dir='ltr'><strong>abstinue-</strong></span> 
     </span>
    </p>
   </div>
   <div class='ocr_carea' id='block_1_81' title="bbox 373 4565 2027 4639">
    <p class='ocr_par' dir='ltr' id='par_1_81' title="bbox 373 4565 2027 4639">
     <span class='ocr_line' id='line_1_81' title="bbox 373 4565 2027 4639; baseline -0.002 -13"><span class='ocrx_word' id='word_1_561' title='bbox 373 4572 532 4626; x_wconf 79' lang='lat' dir='ltr'><strong>runt.</strong></span> <span class='ocrx_word' id='word_1_562' title='bbox 556 4570 632 4623; x_wconf 87' lang='lat' dir='ltr'><strong>Ac</strong></span> <span class='ocrx_word' id='word_1_563' title='bbox 656 4567 1158 4638; x_wconf 87' lang='lat' dir='ltr'><strong>aliijurejurandu</strong></span> <span class='ocrx_word' id='word_1_564' title='bbox 1181 4566 1318 4622; x_wconf 89' lang='lat' dir='ltr'><strong>dato</strong></span> <span class='ocrx_word' id='word_1_565' title='bbox 1363 4571 1421 4621; x_wconf 89' lang='lat' dir='ltr'>et</span> <span class='ocrx_word' id='word_1_566' title='bbox 1459 4565 1865 4637; x_wconf 77' lang='lat' dir='ltr'><strong>pacificatione</strong></span> <span class='ocrx_word' id='word_1_567' title='bbox 1896 4583 2027 4639; x_wconf 83' lang='lat' dir='ltr'><strong>per-</strong></span> 
     </span>
    </p>
   </div>
   <div class='ocr_carea' id='block_1_82' title="bbox 2142 3397 3810 3479">
    <p class='ocr_par' dir='ltr' id='par_1_82' title="bbox 2142 3397 3810 3479">
     <span class='ocr_line' id='line_1_82' title="bbox 2142 3397 3810 3479; baseline 0.002 -24"><span class='ocrx_word' id='word_1_568' title='bbox 2142 3397 2449 3474; x_wconf 78' lang='grc' dir='ltr'>ἀνδριάντες</span> <span class='ocrx_word' id='word_1_569' title='bbox 2481 3399 2734 3479; x_wconf 84' lang='grc' dir='ltr'>χάλκεοι.</span> <span class='ocrx_word' id='word_1_570' title='bbox 2767 3403 2997 3458; x_wconf 77' lang='grc' dir='ltr'>Κᾶκεῖσε</span> <span class='ocrx_word' id='word_1_571' title='bbox 3027 3401 3105 3466; x_wconf 84' lang='grc' dir='ltr'>εἷς</span> <span class='ocrx_word' id='word_1_572' title='bbox 3160 3403 3307 3472; x_wconf 82' lang='grc' dir='ltr'>τάξιν</span> <span class='ocrx_word' id='word_1_573' title='bbox 3367 3402 3431 3458; x_wconf 85' lang='grc' dir='ltr'>τὸ</span> <span class='ocrx_word' id='word_1_574' title='bbox 3487 3404 3611 3478; x_wconf 78' lang='grc' dir='ltr'>περὶ</span> <span class='ocrx_word' id='word_1_575' title='bbox 3642 3403 3810 3459; x_wconf 72' lang='grc' dir='ltr'>αὐτὸν</span> 
     </span>
    </p>
   </div>
   <div class='ocr_carea' id='block_1_83' title="bbox 2141 3490 3812 3570">
    <p class='ocr_par' dir='ltr' id='par_1_83' title="bbox 2141 3490 3812 3570">
     <span class='ocr_line' id='line_1_83' title="bbox 2141 3490 3812 3570; baseline 0.002 -25"><span class='ocrx_word' id='word_1_576' title='bbox 2141 3491 2478 3561; x_wconf 74' lang='grc' dir='ltr'>καταστήσας</span> <span class='ocrx_word' id='word_1_577' title='bbox 2562 3491 2592 3546; x_wconf 98' lang='lat'>6</span> <span class='ocrx_word' id='word_1_578' title='bbox 2676 3495 2881 3566; x_wconf 78' lang='grc' dir='ltr'>Καῖσαρ</span> <span class='ocrx_word' id='word_1_579' title='bbox 2947 3490 3037 3547; x_wconf 80' lang='grc' dir='ltr'>καὶ</span> <span class='ocrx_word' id='word_1_580' title='bbox 3093 3492 3173 3564; x_wconf 84' lang='grc' dir='ltr'>τῷ</span> <span class='ocrx_word' id='word_1_581' title='bbox 3254 3498 3532 3566; x_wconf 79' lang='grc' dir='ltr'>σταυρικῷ</span> <span class='ocrx_word' id='word_1_582' title='bbox 3588 3494 3812 3570; x_wconf 81' lang='grc' dir='ltr'>σημείῳ</span> 
     </span>
    </p>
   </div>
   <div class='ocr_carea' id='block_1_84' title="bbox 2143 3577 3811 3656">
    <p class='ocr_par' dir='ltr' id='par_1_84' title="bbox 2143 3577 3811 3656">
     <span class='ocr_line' id='line_1_84' title="bbox 2143 3577 3811 3656; baseline 0 -19"><span class='ocrx_word' id='word_1_583' title='bbox 2143 3579 2478 3656; x_wconf 81' lang='grc' dir='ltr'>φραξάμενος</span> <span class='ocrx_word' id='word_1_584' title='bbox 2509 3583 2616 3636; x_wconf 89' lang='grc' dir='ltr'>τῶν</span> <span class='ocrx_word' id='word_1_585' title='bbox 2677 3577 2866 3635; x_wconf 74' lang='grc' dir='ltr'>ἄλλων</span> <span class='ocrx_word' id='word_1_586' title='bbox 2919 3577 3264 3656; x_wconf 80' lang='grc' dir='ltr'>προεκπηδᾷ.</span> <span class='ocrx_word' id='word_1_587' title='bbox 3326 3582 3393 3639; x_wconf 78' lang='grc' dir='ltr'>Οἱ</span> <span class='ocrx_word' id='word_1_588' title='bbox 3449 3579 3497 3636; x_wconf 87' lang='grc' dir='ltr'>δ’</span> <span class='ocrx_word' id='word_1_589' title='bbox 3561 3581 3654 3638; x_wconf 84' lang='grc' dir='ltr'>ἐπὶ</span> <span class='ocrx_word' id='word_1_590' title='bbox 3700 3591 3811 3655; x_wconf 80' lang='grc' dir='ltr'>τῆς</span> 
     </span>
    </p>
   </div>
   <div class='ocr_carea' id='block_1_85' title="bbox 2141 3667 3810 3749">
    <p class='ocr_par' dir='ltr' id='par_1_85' title="bbox 2141 3667 3810 3749">
     <span class='ocr_line' id='line_1_85' title="bbox 2141 3667 3810 3749; baseline 0.002 -24"><span class='ocrx_word' id='word_1_591' title='bbox 2141 3672 2239 3725; x_wconf 78' lang='grc' dir='ltr'>τοῦ</span> <span class='ocrx_word' id='word_1_592' title='bbox 2294 3667 2718 3747; x_wconf 84' lang='grc' dir='ltr'>Αύγουστεῶνος</span> <span class='ocrx_word' id='word_1_593' title='bbox 2771 3668 3023 3739; x_wconf 73' lang='grc' dir='ltr'>αὐλαίας,</span> <span class='ocrx_word' id='word_1_594' title='bbox 3080 3670 3173 3725; x_wconf 80' lang='grc' dir='ltr'>καὶ</span> <span class='ocrx_word' id='word_1_595' title='bbox 3232 3670 3369 3747; x_wconf 86' lang='grc' dir='ltr'>πρὸς</span> <span class='ocrx_word' id='word_1_596' title='bbox 3426 3673 3527 3741; x_wconf 79' lang='grc' dir='ltr'>τήν</span> <span class='ocrx_word' id='word_1_597' title='bbox 3576 3673 3810 3749; x_wconf 82' lang='grc' dir='ltr'>πρώτην</span> 
     </span>
    </p>
   </div>
   <div class='ocr_carea' id='block_1_86' title="bbox 2142 3754 3811 3837">
    <p class='ocr_par' dir='ltr' id='par_1_86' title="bbox 2142 3754 3811 3837">
     <span class='ocr_line' id='line_1_86' title="bbox 2142 3754 3811 3837; baseline 0.003 -24"><span class='ocrx_word' id='word_1_598' title='bbox 2142 3760 2321 3833; x_wconf 73' lang='grc' dir='ltr'>ὁρμὴν</span> <span class='ocrx_word' id='word_1_599' title='bbox 2380 3754 2805 3834; x_wconf 79' lang='grc' dir='ltr'>ἐκθαμϐηθέντες</span> <span class='ocrx_word' id='word_1_600' title='bbox 2844 3764 2944 3816; x_wconf 80' lang='grc' dir='ltr'>τοῦ</span> <span class='ocrx_word' id='word_1_601' title='bbox 3002 3760 3292 3837; x_wconf 86' lang='grc' dir='ltr'>Καίσαρος,</span> <span class='ocrx_word' id='word_1_602' title='bbox 3353 3758 3445 3816; x_wconf 70' lang='grc' dir='ltr'>διὰ</span> <span class='ocrx_word' id='word_1_603' title='bbox 3499 3767 3609 3818; x_wconf 88' lang='grc' dir='ltr'>τῶν</span> <span class='ocrx_word' id='word_1_604' title='bbox 3651 3762 3811 3818; x_wconf 69' lang='grc' dir='ltr'>εἴσδ-</span> 
     </span>
    </p>
   </div>
   <div class='ocr_carea' id='block_1_87' title="bbox 2142 3842 3807 3928">
    <p class='ocr_par' dir='ltr' id='par_1_87' title="bbox 2142 3842 3807 3928">
     <span class='ocr_line' id='line_1_87' title="bbox 2142 3842 3807 3928; baseline 0.003 -25"><span class='ocrx_word' id='word_1_605' title='bbox 2142 3845 2251 3903; x_wconf 91' lang='grc' dir='ltr'>δων</span> <span class='ocrx_word' id='word_1_606' title='bbox 2334 3842 2656 3922; x_wconf 77' lang='grc' dir='ltr'>θλιϐόμενοι</span> <span class='ocrx_word' id='word_1_607' title='bbox 2730 3847 3034 3924; x_wconf 75' lang='grc' dir='ltr'>ἐξεχέοντο,</span> <span class='ocrx_word' id='word_1_608' title='bbox 3122 3851 3213 3905; x_wconf 81' lang='grc' dir='ltr'>’ὀτε</span> <span class='ocrx_word' id='word_1_609' title='bbox 3292 3849 3385 3905; x_wconf 81' lang='grc' dir='ltr'>καὶ</span> <span class='ocrx_word' id='word_1_610' title='bbox 3466 3851 3807 3928; x_wconf 76' lang='grc' dir='ltr'>τραυματίαι</span> 
     </span>
    </p>
   </div>
   <div class='ocr_carea' id='block_1_88' title="bbox 2144 3936 3807 4017">
    <p class='ocr_par' dir='ltr' id='par_1_88' title="bbox 2144 3936 3807 4017">
     <span class='ocr_line' id='line_1_88' title="bbox 2144 3936 3807 4017; baseline 0.002 -24"><span class='ocrx_word' id='word_1_611' title='bbox 2144 3937 2241 4012; x_wconf 73' lang='grc' dir='ltr'>μὲν</span> <span class='ocrx_word' id='word_1_612' title='bbox 2298 3936 2359 3991; x_wconf 88' lang='grc' dir='ltr'>ἐκ</span> <span class='ocrx_word' id='word_1_613' title='bbox 2413 3941 2522 3994; x_wconf 88' lang='grc' dir='ltr'>τῶν</span> <span class='ocrx_word' id='word_1_614' title='bbox 2580 3941 2677 3994; x_wconf 81' lang='grc' dir='ltr'>τοῦ</span> <span class='ocrx_word' id='word_1_615' title='bbox 2735 3937 3026 4014; x_wconf 77' lang='grc' dir='ltr'>βασιλικοῦ</span> <span class='ocrx_word' id='word_1_616' title='bbox 3092 3937 3371 4016; x_wconf 77' lang='grc' dir='ltr'>τάγματος</span> <span class='ocrx_word' id='word_1_617' title='bbox 3437 3939 3645 3997; x_wconf 78' lang='grc' dir='ltr'>πολλοὶ</span> <span class='ocrx_word' id='word_1_618' title='bbox 3701 3962 3807 4017; x_wconf 80' lang='grc' dir='ltr'>γε-</span> 
     </span>
    </p>
   </div>
   <div class='ocr_carea' id='block_1_89' title="bbox 2140 4023 3806 4108">
    <p class='ocr_par' dir='ltr' id='par_1_89' title="bbox 2140 4023 3806 4108">
     <span class='ocr_line' id='line_1_89' title="bbox 2140 4023 3806 4108; baseline 0.002 -26"><span class='ocrx_word' id='word_1_619' title='bbox 2140 4027 2381 4104; x_wconf 90' lang='grc' dir='ltr'>γόνασιν,</span> <span class='ocrx_word' id='word_1_620' title='bbox 2441 4028 2523 4092; x_wconf 79' lang='grc' dir='ltr'>εἷς</span> <span class='ocrx_word' id='word_1_621' title='bbox 2586 4023 2644 4082; x_wconf 85' lang='grc' dir='ltr'>δέ</span> <span class='ocrx_word' id='word_1_622' title='bbox 2697 4047 2782 4090; x_wconf 88' lang='grc' dir='ltr'>τις</span> <span class='ocrx_word' id='word_1_623' title='bbox 2840 4028 2931 4083; x_wconf 78' lang='grc' dir='ltr'>καὶ</span> <span class='ocrx_word' id='word_1_624' title='bbox 2984 4026 3255 4101; x_wconf 76' lang='grc' dir='ltr'>ἐτεθνήκει</span> <span class='ocrx_word' id='word_1_625' title='bbox 3326 4034 3410 4103; x_wconf 78' lang='grc' dir='ltr'>τῷ</span> <span class='ocrx_word' id='word_1_626' title='bbox 3489 4030 3617 4108; x_wconf 81' lang='grc' dir='ltr'>ξίφει</span> <span class='ocrx_word' id='word_1_627' title='bbox 3677 4028 3806 4086; x_wconf 82' lang='grc' dir='ltr'>διε-</span> 
     </span>
    </p>
   </div>
   <div class='ocr_carea' id='block_1_90' title="bbox 2140 4114 3804 4195">
    <p class='ocr_par' dir='ltr' id='par_1_90' title="bbox 2140 4114 3804 4195">
     <span class='ocr_line' id='line_1_90' title="bbox 2140 4114 3804 4195; baseline 0.002 -21"><span class='ocrx_word' id='word_1_628' title='bbox 2140 4116 2346 4179; x_wconf 86' lang='grc' dir='ltr'>λαθείς.</span> <span class='ocrx_word' id='word_1_629' title='bbox 2406 4118 2479 4174; x_wconf 88' lang='grc' dir='ltr'>Τὸ</span> <span class='ocrx_word' id='word_1_630' title='bbox 2533 4114 2580 4172; x_wconf 85' lang='grc' dir='ltr'>δ’</span> <span class='ocrx_word' id='word_1_631' title='bbox 2640 4116 2748 4172; x_wconf 83' lang='grc' dir='ltr'>ἀπὸ</span> <span class='ocrx_word' id='word_1_632' title='bbox 2803 4116 2965 4174; x_wconf 72' lang='grc' dir='ltr'>τοῦδε</span> <span class='ocrx_word' id='word_1_633' title='bbox 3020 4118 3050 4173; x_wconf 89' lang='lat'>6</span> <span class='ocrx_word' id='word_1_634' title='bbox 3102 4120 3198 4192; x_wconf 70' lang='grc' dir='ltr'>μὲν</span> <span class='ocrx_word' id='word_1_635' title='bbox 3257 4124 3469 4195; x_wconf 88' lang='grc' dir='ltr'>Καῖσαρ</span> <span class='ocrx_word' id='word_1_636' title='bbox 3530 4118 3804 4177; x_wconf 74' lang='grc' dir='ltr'>ἐπάνεισιν</span> 
     </span>
    </p>
   </div>
   <div class='ocr_carea' id='block_1_91' title="bbox 2138 4205 3812 4283">
    <p class='ocr_par' dir='ltr' id='par_1_91' title="bbox 2138 4205 3812 4283">
     <span class='ocr_line' id='line_1_91' title="bbox 2138 4205 3812 4283; baseline 0.002 -22"><span class='ocrx_word' id='word_1_637' title='bbox 2138 4205 2288 4270; x_wconf 76' lang='grc' dir='ltr'>αὖθις</span> <span class='ocrx_word' id='word_1_638' title='bbox 2355 4205 2475 4271; x_wconf 77' lang='grc' dir='ltr'>ὅθεν</span> <span class='ocrx_word' id='word_1_639' title='bbox 2527 4206 2864 4281; x_wconf 85' lang='grc' dir='ltr'>ἐξώρμησεν,</span> <span class='ocrx_word' id='word_1_640' title='bbox 2924 4208 2978 4262; x_wconf 79' lang='grc' dir='ltr'>οἱ</span> <span class='ocrx_word' id='word_1_641' title='bbox 3037 4205 3083 4262; x_wconf 88' lang='grc' dir='ltr'>δ’</span> <span class='ocrx_word' id='word_1_642' title='bbox 3139 4205 3200 4262; x_wconf 85' lang='grc' dir='ltr'>ἐκ</span> <span class='ocrx_word' id='word_1_643' title='bbox 3227 4212 3333 4264; x_wconf 89' lang='grc' dir='ltr'>τῶν</span> <span class='ocrx_word' id='word_1_644' title='bbox 3364 4212 3463 4264; x_wconf 78' lang='grc' dir='ltr'>τοῦ</span> <span class='ocrx_word' id='word_1_645' title='bbox 3527 4207 3812 4283; x_wconf 81' lang='grc' dir='ltr'>βασιλέως</span> 
     </span>
    </p>
   </div>
   <div class='ocr_carea' id='block_1_92' title="bbox 2135 4294 3802 4375">
    <p class='ocr_par' dir='ltr' id='par_1_92' title="bbox 2135 4294 3802 4375">
     <span class='ocr_line' id='line_1_92' title="bbox 2135 4294 3802 4375; baseline 0.001 -23"><span class='ocrx_word' id='word_1_646' title='bbox 2135 4296 2334 4367; x_wconf 81' lang='grc' dir='ltr'>τάξεων</span> <span class='ocrx_word' id='word_1_647' title='bbox 2417 4294 2599 4352; x_wconf 80' lang='grc' dir='ltr'>οὐκέτι</span> <span class='ocrx_word' id='word_1_648' title='bbox 2679 4295 2967 4372; x_wconf 87' lang='grc' dir='ltr'>παρελθεῖν</span> <span class='ocrx_word' id='word_1_649' title='bbox 3048 4295 3351 4375; x_wconf 67' lang='grc' dir='ltr'>ἐθάρρησαν</span> <span class='ocrx_word' id='word_1_650' title='bbox 3409 4297 3486 4361; x_wconf 84' lang='grc' dir='ltr'>εἰς</span> <span class='ocrx_word' id='word_1_651' title='bbox 3541 4300 3642 4368; x_wconf 74' lang='grc' dir='ltr'>τὴν</span> <span class='ocrx_word' id='word_1_652' title='bbox 3698 4299 3802 4353; x_wconf 68' lang='lat' dir='ltr'>a3-</span> 
     </span>
    </p>
   </div>
   <div class='ocr_carea' id='block_1_93' title="bbox 2139 4381 3807 4466">
    <p class='ocr_par' dir='ltr' id='par_1_93' title="bbox 2139 4381 3807 4466">
     <span class='ocr_line' id='line_1_93' title="bbox 2139 4381 3807 4466; baseline 0.002 -24"><span class='ocrx_word' id='word_1_653' title='bbox 2139 4385 2307 4456; x_wconf 87' lang='grc' dir='ltr'>λειον,</span> <span class='ocrx_word' id='word_1_654' title='bbox 2361 4383 2507 4440; x_wconf 81' lang='grc' dir='ltr'>ἀλλὰ</span> <span class='ocrx_word' id='word_1_655' title='bbox 2596 4382 2666 4440; x_wconf 87' lang='grc' dir='ltr'>δι’</span> <span class='ocrx_word' id='word_1_656' title='bbox 2748 4381 3173 4463; x_wconf 75' lang='grc' dir='ltr'>ἀκροϐολισμῶν</span> <span class='ocrx_word' id='word_1_657' title='bbox 3231 4385 3460 4466; x_wconf 78' lang='grc' dir='ltr'>ἠγάπων</span> <span class='ocrx_word' id='word_1_658' title='bbox 3547 4390 3807 4464; x_wconf 84' lang='grc' dir='ltr'>μαχόμε-</span> 
     </span>
    </p>
   </div>
   <div class='ocr_carea' id='block_1_94' title="bbox 2136 4470 3805 4554">
    <p class='ocr_par' dir='ltr' id='par_1_94' title="bbox 2136 4470 3805 4554">
     <span class='ocr_line' id='line_1_94' title="bbox 2136 4470 3805 4554; baseline 0.003 -25"><span class='ocrx_word' id='word_1_659' title='bbox 2136 4495 2247 4534; x_wconf 89' lang='grc' dir='ltr'>νοι.</span> <span class='ocrx_word' id='word_1_660' title='bbox 2334 4470 2478 4545; x_wconf 83' lang='grc' dir='ltr'>Ἤδη</span> <span class='ocrx_word' id='word_1_661' title='bbox 2573 4470 2632 4528; x_wconf 77' lang='grc' dir='ltr'>δὲ</span> <span class='ocrx_word' id='word_1_662' title='bbox 2716 4481 2819 4544; x_wconf 77' lang='grc' dir='ltr'>τῆς</span> <span class='ocrx_word' id='word_1_663' title='bbox 2893 4474 3103 4554; x_wconf 77' lang='grc' dir='ltr'>ἡμέρας</span> <span class='ocrx_word' id='word_1_664' title='bbox 3177 4475 3583 4549; x_wconf 80' lang='grc' dir='ltr'>ὖποκλινούσης</span> <span class='ocrx_word' id='word_1_665' title='bbox 3640 4477 3805 4534; x_wconf 77' lang='grc' dir='ltr'>αὐτοί</span> 
     </span>
    </p>
   </div>
   <div class='ocr_carea' id='block_1_95' title="bbox 2135 4563 3806 4643">
    <p class='ocr_par' dir='ltr' id='par_1_95' title="bbox 2135 4563 3806 4643">
     <span class='ocr_line' id='line_1_95' title="bbox 2135 4563 3806 4643; baseline 0.001 -23"><span class='ocrx_word' id='word_1_666' title='bbox 2135 4584 2195 4620; x_wconf 87' lang='grc' dir='ltr'>τε</span> <span class='ocrx_word' id='word_1_667' title='bbox 2251 4566 2303 4619; x_wconf 74' lang='grc' dir='ltr'>οἱ</span> <span class='ocrx_word' id='word_1_668' title='bbox 2388 4563 2703 4643; x_wconf 79' lang='grc' dir='ltr'>μαχόμενοι</span> <span class='ocrx_word' id='word_1_669' title='bbox 2782 4563 3049 4638; x_wconf 84' lang='grc' dir='ltr'>καμόντες</span> <span class='ocrx_word' id='word_1_670' title='bbox 3142 4563 3433 4636; x_wconf 78' lang='grc' dir='ltr'>ἐνέδωκαν,</span> <span class='ocrx_word' id='word_1_671' title='bbox 3527 4568 3619 4622; x_wconf 81' lang='grc' dir='ltr'>καὶ</span> <span class='ocrx_word' id='word_1_672' title='bbox 3703 4571 3806 4622; x_wconf 77' lang='grc' dir='ltr'>τοῦ</span> 
     </span>
    </p>
   </div>
   <div class='ocr_carea' id='block_1_96' title="bbox 367 4650 2038 4728">
    <p class='ocr_par' dir='ltr' id='par_1_96' title="bbox 367 4654 2022 4716">
     <span class='ocr_line' id='line_1_96' title="bbox 367 4654 2022 4716; baseline -0.001 -1"><span class='ocrx_word' id='word_1_673' title='bbox 367 4662 499 4716; x_wconf 83' lang='lat' dir='ltr'><strong>aeta</strong></span> <span class='ocrx_word' id='word_1_674' title='bbox 527 4655 729 4713; x_wconf 88' lang='lat' dir='ltr'><strong>statim</strong></span> <span class='ocrx_word' id='word_1_675' title='bbox 785 4655 1097 4711; x_wconf 89' lang='lat' dir='ltr'><strong>abierunt:</strong></span> <span class='ocrx_word' id='word_1_676' title='bbox 1146 4654 1340 4710; x_wconf 66' lang='lat' dir='ltr'><strong>Caesar</strong></span> <span class='ocrx_word' id='word_1_677' title='bbox 1397 4668 1532 4709; x_wconf 88' lang='lat' dir='ltr'><strong>vero</strong></span> <span class='ocrx_word' id='word_1_678' title='bbox 1592 4659 1649 4710; x_wconf 89' lang='lat' dir='ltr'>et</span> <span class='ocrx_word' id='word_1_679' title='bbox 1705 4654 2022 4713; x_wconf 64' lang='lat' dir='ltr'><strong>Caesarissa</strong></span> 
     </span>
    </p>
   </div>
   <div class='ocr_carea' id='block_1_97' title="bbox 2147 4650 3802 4728">
    <p class='ocr_par' dir='ltr' id='par_1_97' title="bbox 2147 4650 3802 4728">
     <span class='ocr_line' id='line_1_97' title="bbox 2147 4650 3802 4728; baseline 0 -19"><span class='ocrx_word' id='word_1_680' title='bbox 2147 4653 2473 4728; x_wconf 68' lang='grc' dir='ltr'>πατριάρχου</span> <span class='ocrx_word' id='word_1_681' title='bbox 2562 4650 2881 4716; x_wconf 71' lang='grc' dir='ltr'>στείλαντος</span> <span class='ocrx_word' id='word_1_682' title='bbox 2966 4654 3043 4715; x_wconf 82' lang='grc' dir='ltr'>εἷς</span> <span class='ocrx_word' id='word_1_683' title='bbox 3148 4656 3249 4725; x_wconf 73' lang='grc' dir='ltr'>τήν</span> <span class='ocrx_word' id='word_1_684' title='bbox 3331 4652 3617 4711; x_wconf 82' lang='grc' dir='ltr'>δέσποιναν</span> <span class='ocrx_word' id='word_1_685' title='bbox 3699 4656 3802 4710; x_wconf 88' lang='grc' dir='ltr'>τὸν</span> 
     </span>
    </p>
   </div>
   <div class='ocr_carea' id='block_1_98' title="bbox 365 4740 2038 4817">
    <p class='ocr_par' dir='ltr' id='par_1_98' title="bbox 365 4742 2006 4817">
     <span class='ocr_line' id='line_1_98' title="bbox 365 4742 2006 4817; baseline -0.002 -12"><span class='ocrx_word' id='word_1_686' title='bbox 365 4750 541 4805; x_wconf 91' lang='lat' dir='ltr'><strong>noctu</strong></span> <span class='ocrx_word' id='word_1_687' title='bbox 572 4744 791 4817; x_wconf 89' lang='lat' dir='ltr'><strong>templo</strong></span> <span class='ocrx_word' id='word_1_688' title='bbox 821 4747 1197 4801; x_wconf 84' lang='lat' dir='ltr'><strong>excesserunt</strong></span> <span class='ocrx_word' id='word_1_689' title='bbox 1226 4746 1284 4797; x_wconf 91' lang='lat' dir='ltr'>et</span> <span class='ocrx_word' id='word_1_690' title='bbox 1313 4742 1373 4796; x_wconf 89' lang='lat' dir='ltr'><strong>in</strong></span> <span class='ocrx_word' id='word_1_691' title='bbox 1407 4757 1687 4813; x_wconf 84' lang='lat' dir='ltr'><strong>magnum</strong></span> <span class='ocrx_word' id='word_1_692' title='bbox 1722 4743 2006 4813; x_wconf 89' lang='lat' dir='ltr'><strong>palatium</strong></span> 
     </span>
    </p>
   </div>
   <div class='ocr_carea' id='block_1_99' title="bbox 2147 4740 2801 4817">
    <p class='ocr_par' dir='ltr' id='par_1_99' title="bbox 2150 4740 2801 4816">
     <span class='ocr_line' id='line_1_99' title="bbox 2150 4740 2801 4816; baseline -0.002 -19"><span class='ocrx_word' id='word_1_693' title='bbox 2150 4746 2311 4797; x_wconf 77' lang='grc' dir='ltr'>αυτοῦ</span> <span class='ocrx_word' id='word_1_694' title='bbox 2370 4740 2676 4816; x_wconf 77' lang='grc' dir='ltr'>ὑπηρέτην,</span> <span class='ocrx_word' id='word_1_695' title='bbox 2737 4742 2801 4805; x_wconf 76' lang='grc' dir='ltr'>ὅς</span> 
     </span>
    </p>
   </div>
   <div class='ocr_carea' id='block_1_100' title="bbox 2124 4829 3806 4909">
    <p class='ocr_par' dir='ltr' id='par_1_100' title="bbox 2124 4829 3806 4909">
     <span class='ocr_line' id='line_1_100' title="bbox 2124 4829 3806 4909; baseline 0.001 -23"><span class='ocrx_word' id='word_1_696' title='bbox 2124 4832 2329 4907; x_wconf 88' lang='grc' dir='ltr'>ἀρχεῖα</span> <span class='ocrx_word' id='word_1_697' title='bbox 2356 4831 2447 4887; x_wconf 82' lang='grc' dir='ltr'>καὶ</span> <span class='ocrx_word' id='word_1_698' title='bbox 2498 4829 2926 4906; x_wconf 76' lang='grc' dir='ltr'>διαπορθμεύειν</span> <span class='ocrx_word' id='word_1_699' title='bbox 2960 4837 3078 4896; x_wconf 86' lang='grc' dir='ltr'>τοῖς</span> <span class='ocrx_word' id='word_1_700' title='bbox 3113 4832 3396 4909; x_wconf 80' lang='grc' dir='ltr'>βασιλεῦσι</span> <span class='ocrx_word' id='word_1_701' title='bbox 3455 4833 3519 4889; x_wconf 75' lang='grc' dir='ltr'>τὰ</span> <span class='ocrx_word' id='word_1_702' title='bbox 3578 4832 3806 4907; x_wconf 83' lang='grc' dir='ltr'>βουλη-</span> 
     </span>
    </p>
   </div>
   <div class='ocr_carea' id='block_1_101' title="bbox 363 4830 2007 4904">
    <p class='ocr_par' dir='ltr' id='par_1_101' title="bbox 363 4830 2007 4904">
     <span class='ocr_line' id='line_1_101' title="bbox 363 4830 2007 4904; baseline -0.004 -9"><span class='ocrx_word' id='word_1_703' title='bbox 363 4854 429 4895; x_wconf 90' lang='lat' dir='ltr'>se</span> <span class='ocrx_word' id='word_1_704' title='bbox 456 4834 851 4899; x_wconf 85' lang='lat' dir='ltr'><strong>contulerunt,</strong></span> <span class='ocrx_word' id='word_1_705' title='bbox 885 4832 945 4887; x_wconf 92' lang='lat' dir='ltr'><strong>in</strong></span> <span class='ocrx_word' id='word_1_706' title='bbox 977 4847 1090 4904; x_wconf 90' lang='lat' dir='ltr'>quo</span> <span class='ocrx_word' id='word_1_707' title='bbox 1120 4835 1247 4887; x_wconf 90' lang='lat' dir='ltr'>tum</span> <span class='ocrx_word' id='word_1_708' title='bbox 1278 4830 1658 4901; x_wconf 85' lang='lat' dir='ltr'><strong>imperatores</strong></span> <span class='ocrx_word' id='word_1_709' title='bbox 1699 4831 2007 4903; x_wconf 83' lang='lat' dir='ltr'><strong>degebant.</strong></span> 
     </span>
    </p>
   </div>
   <div class='ocr_carea' id='block_1_102' title="bbox 2890 4740 3801 4819">
    <p class='ocr_par' dir='ltr' id='par_1_102' title="bbox 2890 4740 3801 4819">
     <span class='ocr_line' id='line_1_102' title="bbox 2890 4740 3801 4819; baseline 0.003 -22"><span class='ocrx_word' id='word_1_710' title='bbox 2890 4740 2950 4797; x_wconf 83' lang='grc' dir='ltr'>ἐκ</span> <span class='ocrx_word' id='word_1_711' title='bbox 3013 4747 3110 4798; x_wconf 76' lang='grc' dir='ltr'>τοῦ</span> <span class='ocrx_word' id='word_1_712' title='bbox 3166 4741 3538 4819; x_wconf 75' lang='grc' dir='ltr'>παραϐάλλειν</span> <span class='ocrx_word' id='word_1_713' title='bbox 3596 4743 3675 4804; x_wconf 83' lang='grc' dir='ltr'>εἷς</span> <span class='ocrx_word' id='word_1_714' title='bbox 3724 4745 3801 4800; x_wconf 69' lang='grc' dir='ltr'>τὰ</span> 
     </span>
    </p>
   </div>
   <div class='ocr_carea' id='block_1_103' title="bbox 365 4916 3803 5002">
    <p class='ocr_par' dir='ltr' id='par_1_103' title="bbox 365 4916 3803 5002">
     <span class='ocr_line' id='line_1_103' title="bbox 365 4916 3803 5002; baseline -0.001 -19"><span class='ocrx_word' id='word_1_715' title='bbox 365 4928 460 4983; x_wconf 79' lang='grc' dir='ltr'>τὲα</span> <span class='ocrx_word' id='word_1_716' title='bbox 544 4924 633 4981; x_wconf 85' lang='grc' dir='ltr'>καὶ</span> <span class='ocrx_word' id='word_1_717' title='bbox 705 4923 800 4985; x_wconf 69' lang='grc' dir='ltr'>τὰς</span> <span class='ocrx_word' id='word_1_718' title='bbox 855 4918 1170 4995; x_wconf 80' lang='grc' dir='ltr'>ἀποκρίσεις</span> <span class='ocrx_word' id='word_1_719' title='bbox 1244 4917 1396 4981; x_wconf 80' lang='grc' dir='ltr'>αὖθις</span> <span class='ocrx_word' id='word_1_720' title='bbox 1465 4916 1667 4983; x_wconf 81' lang='grc' dir='ltr'>ἐκεῖθεν</span> <span class='ocrx_word' id='word_1_721' title='bbox 1743 4919 2057 4997; x_wconf 74' lang='grc' dir='ltr'>μεταφέρειν</span> <span class='ocrx_word' id='word_1_722' title='bbox 2122 4920 2434 4986; x_wconf 83' lang='grc' dir='ltr'>Παλατῖνος</span> <span class='ocrx_word' id='word_1_723' title='bbox 2495 4922 2834 4997; x_wconf 83' lang='grc' dir='ltr'>ὠνόμασται,</span> <span class='ocrx_word' id='word_1_724' title='bbox 2898 4921 2989 4978; x_wconf 86' lang='grc' dir='ltr'>καὶ</span> <span class='ocrx_word' id='word_1_725' title='bbox 3048 4929 3240 5002; x_wconf 89' lang='grc' dir='ltr'>πρῶτα</span> <span class='ocrx_word' id='word_1_726' title='bbox 3320 4926 3416 4998; x_wconf 70' lang='grc' dir='ltr'>μὲν</span> <span class='ocrx_word' id='word_1_727' title='bbox 3484 4925 3583 4993; x_wconf 78' lang='grc' dir='ltr'>τήν</span> <span class='ocrx_word' id='word_1_728' title='bbox 3644 4923 3803 4988; x_wconf 84' lang='grc' dir='ltr'>θείαν</span> 
     </span>
    </p>
   </div>
   <div class='ocr_carea' id='block_1_104' title="bbox 370 5005 2225 5089">
    <p class='ocr_par' dir='ltr' id='par_1_104' title="bbox 370 5005 2225 5089">
     <span class='ocr_line' id='line_1_104' title="bbox 370 5005 2225 5089; baseline -0.003 -18"><span class='ocrx_word' id='word_1_729' title='bbox 370 5009 929 5089; x_wconf 72' lang='grc' dir='ltr'>έπεμόριμησαμένου</span> <span class='ocrx_word' id='word_1_730' title='bbox 978 5010 1146 5083; x_wconf 80' lang='grc' dir='ltr'>ταύτῃ</span> <span class='ocrx_word' id='word_1_731' title='bbox 1204 5009 1374 5083; x_wconf 88' lang='grc' dir='ltr'>ὁργήν</span> <span class='ocrx_word' id='word_1_732' title='bbox 1435 5005 1609 5070; x_wconf 78' lang='grc' dir='ltr'>οὕτως</span> <span class='ocrx_word' id='word_1_733' title='bbox 1675 5005 2068 5084; x_wconf 79' lang='grc' dir='ltr'>ὀξυδερκοῦσαν</span> <span class='ocrx_word' id='word_1_734' title='bbox 2134 5010 2225 5066; x_wconf 87' lang='grc' dir='ltr'>καὶ</span> 
     </span>
    </p>
   </div>
   <div class='ocr_carea' id='block_1_105' title="bbox 2310 5010 3797 5090">
    <p class='ocr_par' dir='ltr' id='par_1_105' title="bbox 2310 5010 3797 5090">
     <span class='ocr_line' id='line_1_105' title="bbox 2310 5010 3797 5090; baseline 0.002 -24"><span class='ocrx_word' id='word_1_735' title='bbox 2310 5013 2629 5087; x_wconf 80' lang='grc' dir='ltr'>καθορῶσαν</span> <span class='ocrx_word' id='word_1_736' title='bbox 2723 5011 2774 5068; x_wconf 91' lang='grc' dir='ltr'>ἐν</span> <span class='ocrx_word' id='word_1_737' title='bbox 2860 5012 3052 5089; x_wconf 86' lang='grc' dir='ltr'>ἀκαρεῖ</span> <span class='ocrx_word' id='word_1_738' title='bbox 3094 5014 3161 5069; x_wconf 80' lang='grc' dir='ltr'>τὰ</span> <span class='ocrx_word' id='word_1_739' title='bbox 3237 5012 3585 5085; x_wconf 73' lang='grc' dir='ltr'>ὁπουδήποτε</span> <span class='ocrx_word' id='word_1_740' title='bbox 3646 5010 3797 5090; x_wconf 79' lang='grc' dir='ltr'>δρώ-</span> 
     </span>
    </p>
   </div>
   <div class='ocr_carea' id='block_1_106' title="bbox 367 5095 3799 5182">
    <p class='ocr_par' dir='ltr' id='par_1_106' title="bbox 367 5095 3799 5182">
     <span class='ocr_line' id='line_1_106' title="bbox 367 5095 3799 5182; baseline -0 -22"><span class='ocrx_word' id='word_1_741' title='bbox 367 5126 500 5180; x_wconf 86' lang='grc' dir='ltr'>μενα</span> <span class='ocrx_word' id='word_1_742' title='bbox 563 5103 789 5177; x_wconf 73' lang='grc' dir='ltr'>ἄθεσμα,</span> <span class='ocrx_word' id='word_1_743' title='bbox 855 5095 1039 5157; x_wconf 81' lang='grc' dir='ltr'>ἔπειτα</span> <span class='ocrx_word' id='word_1_744' title='bbox 1098 5096 1154 5154; x_wconf 74' lang='grc' dir='ltr'>δὲ</span> <span class='ocrx_word' id='word_1_745' title='bbox 1209 5098 1306 5162; x_wconf 69' lang='grc' dir='ltr'>τὶς</span> <span class='ocrx_word' id='word_1_746' title='bbox 1362 5097 1484 5172; x_wconf 79' lang='grc' dir='ltr'>περὶ</span> <span class='ocrx_word' id='word_1_747' title='bbox 1545 5095 1795 5152; x_wconf 81' lang='grc' dir='ltr'>σπονδῶν</span> <span class='ocrx_word' id='word_1_748' title='bbox 1843 5105 1945 5169; x_wconf 87' lang='grc' dir='ltr'>τῆς</span> <span class='ocrx_word' id='word_1_749' title='bbox 2007 5099 2375 5175; x_wconf 73' lang='grc' dir='ltr'>Καισαρίσσης</span> <span class='ocrx_word' id='word_1_750' title='bbox 2440 5099 2923 5177; x_wconf 81' lang='grc' dir='ltr'>διαμεμηνυκότος</span> <span class='ocrx_word' id='word_1_751' title='bbox 2988 5105 3189 5178; x_wconf 73' lang='grc' dir='ltr'>φωνὰς,</span> <span class='ocrx_word' id='word_1_752' title='bbox 3251 5104 3554 5182; x_wconf 83' lang='grc' dir='ltr'>ἀφικνεῖται</span> <span class='ocrx_word' id='word_1_753' title='bbox 3614 5100 3799 5180; x_wconf 69' lang='grc' dir='ltr'>λυτήρ</span> 
     </span>
    </p>
   </div>
   <div class='ocr_carea' id='block_1_107' title="bbox 366 5186 3799 5274">
    <p class='ocr_par' dir='ltr' id='par_1_107' title="bbox 366 5186 3799 5274">
     <span class='ocr_line' id='line_1_107' title="bbox 366 5186 3799 5274; baseline -0.003 -26"><span class='ocrx_word' id='word_1_754' title='bbox 366 5198 472 5249; x_wconf 77' lang='grc' dir='ltr'>τῶν</span> <span class='ocrx_word' id='word_1_755' title='bbox 538 5193 864 5267; x_wconf 75' lang='grc' dir='ltr'>μηνιμάτων</span> <span class='ocrx_word' id='word_1_756' title='bbox 924 5188 1261 5267; x_wconf 69' lang='grc' dir='ltr'>ἀμφοτέροις</span> <span class='ocrx_word' id='word_1_757' title='bbox 1307 5192 1425 5249; x_wconf 89' lang='grc' dir='ltr'>τοῖς</span> <span class='ocrx_word' id='word_1_758' title='bbox 1489 5186 1701 5274; x_wconf 82' lang='grc' dir='ltr'>μέρεσιν</span> <span class='ocrx_word' id='word_1_759' title='bbox 1844 5188 2013 5265; x_wconf 85' lang='grc' dir='ltr'>μέγας</span> <span class='ocrx_word' id='word_1_760' title='bbox 2072 5187 2196 5260; x_wconf 70' lang='grc' dir='ltr'>δοῦξ</span> <span class='ocrx_word' id='word_1_761' title='bbox 2263 5188 2619 5266; x_wconf 79' lang='grc' dir='ltr'>Ἀνδρόνικος</span> <span class='ocrx_word' id='word_1_762' title='bbox 2676 5193 2704 5246; x_wconf 90' lang='lat'>6</span> <span class='ocrx_word' id='word_1_763' title='bbox 2794 5192 3250 5274; x_wconf 80' lang='grc' dir='ltr'>Κοντοστέφανος,</span> <span class='ocrx_word' id='word_1_764' title='bbox 3335 5194 3365 5249; x_wconf 84' lang='grc' dir='ltr'><strong>ὁ</strong></span> <span class='ocrx_word' id='word_1_765' title='bbox 3424 5193 3589 5270; x_wconf 71' lang='grc' dir='ltr'>μέγας</span> <span class='ocrx_word' id='word_1_766' title='bbox 3648 5194 3799 5249; x_wconf 63' lang='grc' dir='ltr'>ἔται-</span> 
     </span>
    </p>
   </div>
   <div class='ocr_carea' id='block_1_108' title="bbox 364 5270 3806 5357">
    <p class='ocr_par' dir='ltr' id='par_1_108' title="bbox 364 5270 3806 5357">
     <span class='ocr_line' id='line_1_108' title="bbox 364 5270 3806 5357; baseline 0 -22"><span class='ocrx_word' id='word_1_767' title='bbox 364 5280 631 5356; x_wconf 82' lang='grc' dir='ltr'>ρειάρχης</span> <span class='ocrx_word' id='word_1_768' title='bbox 667 5278 927 5348; x_wconf 70' lang='grc' dir='ltr'>Ἰωάννης</span> <span class='ocrx_word' id='word_1_769' title='bbox 986 5278 1014 5331; x_wconf 89' lang='lat'>6</span> <span class='ocrx_word' id='word_1_770' title='bbox 1066 5277 1291 5343; x_wconf 86' lang='grc' dir='ltr'>Δούκας,</span> <span class='ocrx_word' id='word_1_771' title='bbox 1343 5274 1430 5328; x_wconf 81' lang='grc' dir='ltr'>καὶ</span> <span class='ocrx_word' id='word_1_772' title='bbox 1493 5273 1692 5349; x_wconf 78' lang='grc' dir='ltr'>συχνοὶ</span> <span class='ocrx_word' id='word_1_773' title='bbox 1758 5270 1938 5346; x_wconf 68' lang='grc' dir='ltr'>ἕτεροι</span> <span class='ocrx_word' id='word_1_774' title='bbox 2005 5275 2069 5331; x_wconf 88' lang='grc' dir='ltr'>τὸ</span> <span class='ocrx_word' id='word_1_775' title='bbox 2127 5275 2284 5352; x_wconf 82' lang='grc' dir='ltr'>γένος</span> <span class='ocrx_word' id='word_1_776' title='bbox 2341 5277 2663 5354; x_wconf 78' lang='grc' dir='ltr'>ἀριπρεπεῖς</span> <span class='ocrx_word' id='word_1_777' title='bbox 2724 5280 2811 5334; x_wconf 90' lang='grc' dir='ltr'>καὶ</span> <span class='ocrx_word' id='word_1_778' title='bbox 2868 5270 3145 5357; x_wconf 82' lang='grc' dir='ltr'>μεγίστοις</span> <span class='ocrx_word' id='word_1_779' title='bbox 3205 5275 3571 5356; x_wconf 79' lang='grc' dir='ltr'>περίϐλεπτοι</span> <span class='ocrx_word' id='word_1_780' title='bbox 3630 5280 3806 5351; x_wconf 77' lang='grc' dir='ltr'>ἆζίώ-</span> 
     </span>
    </p>
   </div>
   <div class='ocr_carea' id='block_1_109' title="bbox 376 5360 3793 5448">
    <p class='ocr_par' dir='ltr' id='par_1_109' title="bbox 376 5360 3793 5448">
     <span class='ocr_line' id='line_1_109' title="bbox 376 5360 3793 5448; baseline 0.001 -25"><span class='ocrx_word' id='word_1_781' title='bbox 376 5389 526 5440; x_wconf 84' lang='grc' dir='ltr'>μασι.</span> <span class='ocrx_word' id='word_1_782' title='bbox 584 5368 686 5426; x_wconf 87' lang='grc' dir='ltr'>Καὶ</span> <span class='ocrx_word' id='word_1_783' title='bbox 741 5367 865 5423; x_wconf 83' lang='grc' dir='ltr'>τότε</span> <span class='ocrx_word' id='word_1_784' title='bbox 925 5367 1019 5441; x_wconf 71' lang='grc' dir='ltr'>μὲν</span> <span class='ocrx_word' id='word_1_785' title='bbox 1062 5365 1217 5422; x_wconf 85' lang='grc' dir='ltr'>νυκτὶ</span> <span class='ocrx_word' id='word_1_786' title='bbox 1279 5362 1491 5438; x_wconf 85' lang='grc' dir='ltr'>μᾶλλον</span> <span class='ocrx_word' id='word_1_787' title='bbox 1548 5360 1856 5428; x_wconf 80' lang='grc' dir='ltr'>πεισθέντες</span> <span class='ocrx_word' id='word_1_788' title='bbox 1900 5364 1936 5435; x_wconf 70' lang='grc' dir='ltr'>ἢ</span> <span class='ocrx_word' id='word_1_789' title='bbox 1995 5370 2115 5428; x_wconf 80' lang='grc' dir='ltr'>ταῖς</span> <span class='ocrx_word' id='word_1_790' title='bbox 2172 5363 2551 5442; x_wconf 83' lang='grc' dir='ltr'>καταλλαγαῖς</span> <span class='ocrx_word' id='word_1_791' title='bbox 2607 5368 3002 5443; x_wconf 74' lang='grc' dir='ltr'>τεθαρρηκότες</span> <span class='ocrx_word' id='word_1_792' title='bbox 3026 5370 3118 5425; x_wconf 86' lang='grc' dir='ltr'>τὸν</span> <span class='ocrx_word' id='word_1_793' title='bbox 3151 5370 3337 5448; x_wconf 83' lang='grc' dir='ltr'>ἀγῶνα</span> <span class='ocrx_word' id='word_1_794' title='bbox 3385 5367 3664 5441; x_wconf 83' lang='grc' dir='ltr'>διέλυσαν,</span> <span class='ocrx_word' id='word_1_795' title='bbox 3722 5376 3793 5447; x_wconf 76' lang='grc' dir='ltr'>τῇ</span> 
     </span>
    </p>
   </div>
   <div class='ocr_carea' id='block_1_110' title="bbox 373 5450 3796 5536">
    <p class='ocr_par' dir='ltr' id='par_1_110' title="bbox 373 5450 3796 5536">
     <span class='ocr_line' id='line_1_110' title="bbox 373 5450 3796 5536; baseline 0.002 -27"><span class='ocrx_word' id='word_1_796' title='bbox 373 5453 423 5509; x_wconf 82' lang='grc' dir='ltr'>δ’</span> <span class='ocrx_word' id='word_1_797' title='bbox 482 5457 733 5531; x_wconf 74' lang='grc' dir='ltr'>ὑστεραίᾳ</span> <span class='ocrx_word' id='word_1_798' title='bbox 784 5456 877 5512; x_wconf 85' lang='grc' dir='ltr'>καὶ</span> <span class='ocrx_word' id='word_1_799' title='bbox 931 5456 1083 5518; x_wconf 76' lang='grc' dir='ltr'>αὖθις</span> <span class='ocrx_word' id='word_1_800' title='bbox 1137 5454 1277 5530; x_wconf 79' lang='grc' dir='ltr'>πρὸς</span> <span class='ocrx_word' id='word_1_801' title='bbox 1333 5451 1581 5526; x_wconf 84' lang='grc' dir='ltr'>πόλεμον</span> <span class='ocrx_word' id='word_1_802' title='bbox 1632 5450 2021 5529; x_wconf 78' lang='grc' dir='ltr'>διηρῥένωντο.</span> <span class='ocrx_word' id='word_1_803' title='bbox 2079 5455 2197 5510; x_wconf 83' lang='grc' dir='ltr'>Τῶν</span> <span class='ocrx_word' id='word_1_804' title='bbox 2266 5453 2313 5510; x_wconf 90' lang='grc' dir='ltr'>δ’</span> <span class='ocrx_word' id='word_1_805' title='bbox 2389 5456 2568 5511; x_wconf 73' lang='grc' dir='ltr'>αὐτῶν</span> <span class='ocrx_word' id='word_1_806' title='bbox 2624 5456 2716 5513; x_wconf 85' lang='grc' dir='ltr'>καὶ</span> <span class='ocrx_word' id='word_1_807' title='bbox 2771 5455 2940 5512; x_wconf 88' lang='grc' dir='ltr'>πάλιν</span> <span class='ocrx_word' id='word_1_808' title='bbox 3009 5462 3465 5536; x_wconf 87' lang='grc' dir='ltr'>παραγενομένων</span> <span class='ocrx_word' id='word_1_809' title='bbox 3556 5456 3796 5536; x_wconf 81' lang='grc' dir='ltr'>ἀνδρῶν,</span> 
     </span>
    </p>
   </div>
   <div class='ocr_carea' id='block_1_111' title="bbox 367 5541 3795 5624">
    <p class='ocr_par' dir='ltr' id='par_1_111' title="bbox 367 5541 3795 5624">
     <span class='ocr_line' id='line_1_111' title="bbox 367 5541 3795 5624; baseline 0.002 -25"><span class='ocrx_word' id='word_1_810' title='bbox 367 5544 458 5599; x_wconf 83' lang='grc' dir='ltr'>καὶ</span> <span class='ocrx_word' id='word_1_811' title='bbox 488 5543 694 5606; x_wconf 80' lang='grc' dir='ltr'>πίστεις</span> <span class='ocrx_word' id='word_1_812' title='bbox 748 5542 953 5600; x_wconf 86' lang='grc' dir='ltr'>δόντων</span> <span class='ocrx_word' id='word_1_813' title='bbox 1004 5548 1074 5618; x_wconf 76' lang='grc' dir='ltr'>τῇ</span> <span class='ocrx_word' id='word_1_814' title='bbox 1134 5541 1471 5619; x_wconf 73' lang='grc' dir='ltr'>Καισαρίσσῃ</span> <span class='ocrx_word' id='word_1_815' title='bbox 1527 5542 1621 5598; x_wconf 85' lang='grc' dir='ltr'>ταὶ</span> <span class='ocrx_word' id='word_1_816' title='bbox 1674 5547 1755 5615; x_wconf 79' lang='grc' dir='ltr'>τῷ</span> <span class='ocrx_word' id='word_1_817' title='bbox 1812 5542 2016 5616; x_wconf 78' lang='grc' dir='ltr'>ταύτης</span> <span class='ocrx_word' id='word_1_818' title='bbox 2067 5541 2244 5619; x_wconf 78' lang='grc' dir='ltr'>ἀνδρὶ,</span> <span class='ocrx_word' id='word_1_819' title='bbox 2299 5543 2390 5599; x_wconf 82' lang='grc' dir='ltr'>καὶ</span> <span class='ocrx_word' id='word_1_820' title='bbox 2452 5546 2639 5621; x_wconf 82' lang='grc' dir='ltr'>’ὀρκοις</span> <span class='ocrx_word' id='word_1_821' title='bbox 2717 5548 3137 5624; x_wconf 85' lang='grc' dir='ltr'>κρατυναμένων</span> <span class='ocrx_word' id='word_1_822' title='bbox 3193 5547 3379 5619; x_wconf 78' lang='grc' dir='ltr'>αὐτὰς,</span> <span class='ocrx_word' id='word_1_823' title='bbox 3452 5548 3546 5605; x_wconf 82' lang='grc' dir='ltr'>καὶ</span> <span class='ocrx_word' id='word_1_824' title='bbox 3641 5548 3795 5620; x_wconf 86' lang='grc' dir='ltr'>πλη-</span> 
     </span>
    </p>
   </div>
   <div class='ocr_carea' id='block_1_112' title="bbox 371 5631 3809 5717">
    <p class='ocr_par' dir='ltr' id='par_1_112' title="bbox 371 5631 3809 5717">
     <span class='ocr_line' id='line_1_112' title="bbox 371 5631 3809 5717; baseline 0.001 -27"><span class='ocrx_word' id='word_1_825' title='bbox 371 5633 635 5714; x_wconf 85' lang='grc' dir='ltr'>ροφορίαν</span> <span class='ocrx_word' id='word_1_826' title='bbox 688 5634 1124 5709; x_wconf 82' lang='grc' dir='ltr'>παρασχομένων</span> <span class='ocrx_word' id='word_1_827' title='bbox 1179 5634 1255 5694; x_wconf 75' lang='grc' dir='ltr'>ὡς</span> <span class='ocrx_word' id='word_1_828' title='bbox 1328 5632 1436 5687; x_wconf 75' lang='grc' dir='ltr'>οὐκ</span> <span class='ocrx_word' id='word_1_829' title='bbox 1517 5631 1580 5688; x_wconf 76' lang='grc' dir='ltr'>ἄν</span> <span class='ocrx_word' id='word_1_830' title='bbox 1637 5653 1692 5687; x_wconf 91' lang='grc' dir='ltr'>τι</span> <span class='ocrx_word' id='word_1_831' title='bbox 1772 5635 1993 5690; x_wconf 80' lang='grc' dir='ltr'>πάθοιεν</span> <span class='ocrx_word' id='word_1_832' title='bbox 2069 5632 2235 5707; x_wconf 75' lang='grc' dir='ltr'>ἀηδὲς</span> <span class='ocrx_word' id='word_1_833' title='bbox 2312 5634 2437 5691; x_wconf 78' lang='grc' dir='ltr'>οὒτε</span> <span class='ocrx_word' id='word_1_834' title='bbox 2499 5638 2608 5710; x_wconf 79' lang='grc' dir='ltr'>μήν</span> <span class='ocrx_word' id='word_1_835' title='bbox 2670 5638 3009 5717; x_wconf 71' lang='grc' dir='ltr'>ἀφαιρεθεῖεν</span> <span class='ocrx_word' id='word_1_836' title='bbox 3082 5642 3183 5712; x_wconf 73' lang='grc' dir='ltr'>τὴν</span> <span class='ocrx_word' id='word_1_837' title='bbox 3248 5641 3453 5698; x_wconf 77' lang='grc' dir='ltr'>οἰκείαν</span> <span class='ocrx_word' id='word_1_838' title='bbox 3514 5641 3809 5717; x_wconf 79' lang='grc' dir='ltr'>ἐπιτιμίαν</span> 
     </span>
    </p>
   </div>
   <div class='ocr_carea' id='block_1_113' title="bbox 367 5718 3805 5808">
    <p class='ocr_par' dir='ltr' id='par_1_113' title="bbox 367 5718 3805 5808">
     <span class='ocr_line' id='line_1_113' title="bbox 367 5718 3805 5808; baseline 0.003 -31"><span class='ocrx_word' id='word_1_839' title='bbox 367 5725 508 5803; x_wconf 83' lang='grc' dir='ltr'>πρὸς</span> <span class='ocrx_word' id='word_1_840' title='bbox 573 5726 671 5778; x_wconf 77' lang='grc' dir='ltr'>τοῦ</span> <span class='ocrx_word' id='word_1_841' title='bbox 731 5720 972 5800; x_wconf 76' lang='grc' dir='ltr'>ἀδελφοῦ</span> <span class='ocrx_word' id='word_1_842' title='bbox 1034 5722 1125 5777; x_wconf 80' lang='grc' dir='ltr'>καὶ</span> <span class='ocrx_word' id='word_1_843' title='bbox 1187 5718 1456 5797; x_wconf 86' lang='grc' dir='ltr'>βασιλέως</span> <span class='ocrx_word' id='word_1_844' title='bbox 1512 5719 1549 5790; x_wconf 75' lang='grc' dir='ltr'>ἤ</span> <span class='ocrx_word' id='word_1_845' title='bbox 1607 5726 1709 5791; x_wconf 82' lang='grc' dir='ltr'>τῆς</span> <span class='ocrx_word' id='word_1_846' title='bbox 1766 5728 2036 5797; x_wconf 74' lang='grc' dir='ltr'>μητρυιᾶς</span> <span class='ocrx_word' id='word_1_847' title='bbox 2098 5720 2391 5797; x_wconf 88' lang='grc' dir='ltr'>δεσποίνης</span> <span class='ocrx_word' id='word_1_848' title='bbox 2450 5725 2487 5797; x_wconf 76' lang='grc' dir='ltr'>ἤ</span> <span class='ocrx_word' id='word_1_849' title='bbox 2546 5730 2650 5783; x_wconf 81' lang='grc' dir='ltr'>τοῦ</span> <span class='ocrx_word' id='word_1_850' title='bbox 2705 5724 3164 5806; x_wconf 77' lang='grc' dir='ltr'>πρωτοσεῦαστοῦ</span> <span class='ocrx_word' id='word_1_851' title='bbox 3221 5731 3488 5808; x_wconf 80' lang='grc' dir='ltr'>Ἀλεξίου,</span> <span class='ocrx_word' id='word_1_852' title='bbox 3548 5730 3695 5795; x_wconf 76' lang='grc' dir='ltr'>ἀλλὰ</span> <span class='ocrx_word' id='word_1_853' title='bbox 3725 5728 3805 5803; x_wconf 70' lang='grc' dir='ltr'>δὴ</span> 
     </span>
    </p>
   </div>
  </div>
