4118 6200
304 344 425 407 503
1469 342 1806 410 ALEXIUS
1850 343 2254 408 MANUELIS
2294 345 2573 410 FILIUS.
3604 304 3745 421 594'

306 475 399 533 καὶ
454 471 760 549 ἀμνηστίας
817 477 990 530 κακοῦ
1055 471 1306 548 δοθείσης
1371 474 1529 550 οἲπερ
1596 474 1779 538 αὑτοῖς
1845 474 2279 551 προσεχώρησαν
2333 476 2425 532 καὶ
2482 477 2559 541 εἰς
2617 478 2949 555 συμμάχους
3007 477 3393 557 ἐνεγράφησαν,
3446 477 3589 539 οὕτω
3644 482 3712 555 δή

302 569 404 635 τῆς
454 561 710 637 δευτέρας
769 565 1080 644 ἀπέσχοντο
1138 564 1490 639 συμπλοκῆς.
1550 565 1655 623 Καὶ
1719 566 1774 621 0‘.
1830 565 1925 640 μὶν
1995 565 2235 639 ἀπῄεσαν
2295 566 2451 630 εὐθὺς
2513 566 2649 641 μετὰ
2693 569 2793 637 τήν
2848 572 2957 624 τῶν
3005 569 3184 644 ’ὀρκων
3214 570 3304 624 καὶ
3332 574 3442 626 τῶν
3471 571 3715 628 σπονδῶν

301 652 700 729 ἂπεράτωσιν,
729 656 922 719 νυκτὸς
950 652 999 710 δ’
1028 654 1324 727 ἐπιστάσης
1381 656 1410 710 ὁ
1467 659 1673 729 Καῖσαρ
1725 655 1816 710 καὶ
1881 657 1917 725 ἡ
1974 655 2172 712 τούτου
2228 654 2475 726 ξύνευνος
2536 655 2704 729 ἐξίασι
2731 662 2828 714 τοῦ
2857 659 2962 714 νεὼ
2991 658 3085 715 καὶ
3113 658 3460 738 ἀφικνοῦνται
3493 662 3631 733 πρὸς
3655 664 3717 720 τὸ

306 744 451 820 μέγα
480 744 770 816 παλάτιον,
801 746 921 801 καθ’
952 745 983 801 ὅ
1016 746 1141 802 τότε
1170 746 1224 801 οἱ
1253 748 1579 820 κρατοῦντες
1607 738 1901 823 διέτριϐον.

369 922 447 987 η’.
474 917 705 971 Τοιοῦτο
769 915 866 989 μὶν
920 913 1011 971 οῦν
1072 916 1140 971 τὰ
1187 914 1323 972 κατᾶ
1377 917 1468 973 τὸν
1521 914 1769 990 Καίσαρα
1798 911 1946 991 πέρας

2144 920 2196 972 8.
2230 916 2397 975 Hunc
2418 917 2656 975 Cesaris
2674 936 2765 976 res
2782 920 3006 978 exitum
3055 921 3408 996 habuerunt,
3436 927 3494 981 et
3524 924 3614 982 his
3644 928 3715 984 de

300 1005 596 1081 εἰλήφασι,
654 1005 745 1061 καὶ
795 1003 866 1060 δι’
914 1004 1090 1069 αίτίας
1136 1006 1333 1070 ταύτας
1381 1007 1410 1062 ὁ
1459 1003 1728 1074 δυσκλεὴς
1759 1004 1946 1060 ἐκεῖνοι

2068 1007 2269 1064 causis
2297 1007 2760 1080 ignominiosum
2790 1009 2933 1066 illud
2968 1011 3186 1067 bellum
3231 1020 3322 1069 est
3373 1014 3715 1086 conﬂatum,

299 1095 533 1166 συνέστη
602 1095 878 1168 πόλεμος,
943 1095 1034 1151 καὶ
1100 1097 1201 1166 τήν
1284 1096 1430 1161 θείαν
1497 1093 1779 1169 ἐπενέγκας
1845 1104 1944 1158 καθ

2070 1112 2187 1168 quo
2219 1095 2416 1153 divina
2446 1096 2766 1167 indignatio
2799 1108 3035 1173 propter
3062 1118 3230 1158 sacra
3261 1102 3489 1175 polluta
3517 1110 3720 1162 contra

300 1187 469 1257 ⁴ἡμῶν
524 1182 746 1255 κίνησιν
799 1180 872 1238 δι’
923 1184 1025 1239 ’ὅσα
1078 1185 1215 1240 κατὰ
1268 1184 1332 1240 τὸ
1383 1184 1527 1257 ἱερὸν
1574 1177 1964 1253 ἐπισυνέϐησαν

299 1274 536 1348 ἄθεσμα.
608 1272 751 1332 Οὔτε
815 1274 922 1351 γὰρ
994 1276 1094 1343 τήν
1168 1279 1527 1349 προσρυεῖσαν
1595 1274 1963 1349 Καισάρισσαν

300 1363 518 1439 ἀφίημι
546 1368 646 1419 τοῦ
676 1362 1056 1438 ἐγκλήματος,
1115 1362 1192 1426 εἷς
1247 1362 1524 1419 ἀτάσθαλα
1567 1362 1701 1442 ἔργα
1729 1362 1963 1440 ῥέψασαν

303 1454 399 1510 καὶ
469 1451 869 1524 διακυκπςσασαν
923 1454 986 1509 τὸ
1043 1450 1371 1527 πολίτευμα·
1437 1452 1528 1509 καί
1567 1473 1629 1531 γε
1689 1451 1817 1515 τοὺς
1884 1455 1960 1526 μὴ

302 1545 645 1624 καθυφέντας
688 1544 868 1622 βραχὺ
930 1543 1088 1619 ,πρὸς
1139 1544 1210 1600 τὰ
1263 1545 1361 1613 τῆς
1414 1539 1680 1617 δεομένης
1731 1542 1961 1613 ταυτησὶ

301 1635 560 1712 ῥήματα,
617 1634 719 1703 τὴν
776 1631 822 1688 δ’
888 1630 988 1688 οὐκ
1042 1632 1242 1709 ἀγαθὴν
1300 1627 1411 1708 ἔριν
1470 1630 1833 1707 ἀνελομένους
1871 1630 1962 1687 καὶ

295 1725 391 1781 τὸν
449 1731 557 1794 τῆς
605 1729 922 1799 προσευχῆς
971 1723 1121 1778 οἶκον
1174 1721 1412 1786 ἐντεῦθεν
1461 1722 1655 1799 φονίου
1712 1720 1962 1792 πλήσαν-

302 1834 401 1875 1νας
434 1814 694 1888 αἳματος,
747 1811 891 1868 εἳποι
947 1814 1033 1887 [Ρ.
1068 1814 1190 1885 157]
1246 1810 1309 1867 ἄν
1350 1831 1433 1873 τις
1463 1809 1692 1887 ἐνόχους
1722 1830 1962 1886 παρανο-

316 1906 598 1980 μήματος.
632 1903 695 1958 Εἰ
754 1902 859 1978 γὰρ
890 1903 919 1957 ὁ
947 1906 1058 1959 τῶν
1116 1902 1403 1975 Ῥωμαίων
1436 1902 1740 1978 στρατηγὸς
1770 1903 1958 1966 Τῖτος,

308 1994 340 2051 ὁ
393 1992 570 2049 πάλαι
623 1997 692 2068 τῇ
742 1990 1104 2066 Ἰερουσαλήμ
1160 1989 1346 2066 βαλὼν
1404 1992 1645 2067 χάρακα,
1700 1986 1961 2045 τοσοῦτον

304 2082 551 2163 ἐφείδετο
578 2086 676 2138 τοῦ
711 2081 1133 2155 Σολομωντείου
1163 2082 1269 2136 νεὼ
1323 2079 1415 2137 καὶ
1454 2080 1599 2137 οὕτω
1629 2084 1726 2137 τοῦ
1757 2078 1958 2134 ἐκεῖνον

294 2170 544 2247 ὶξείχετο
578 2172 846 2242 σώζεσθαι
896 2171 971 2233 ὡς
1025 2168 1237 2226 ἑλέσθαι
1273 2168 1572 2244 βάλλεσθαι
1608 2166 1823 2244 μᾶλλον
1857 2169 1959 2225 ὑπὸ

292 2266 392 2318 τοῦ
442 2260 651 2326 ἐκεῖθεν
704 2256 1053 2330 ἐκπηδῶντος
1078 2256 1382 2315 Ἰουδαϊκοῦ
1413 2259 1693 2335 τάγματος
1725 2260 1819 2315 καὶ
1858 2279 1956 2314 κα-

292 2355 406 2414 κῶς
437 2352 682 2426 πάσχειν
713 2350 777 2406 τὸ
808 2347 1006 2405 οἲκεῖον
1059 2350 1364 2424 στράτευμα
1394 2350 1429 2420 ἢ
1462 2352 1593 2424 γοῦν
1624 2369 1678 2404 τι
1710 2348 1961 2422 θεομισὲς

297 2439 383 2497 ἐπὶ
412 2443 495 2513 τῷ
536 2436 839 2496 πολυτελεῖ
883 2436 1074 2511 ἐκείνῳ
1119 2438 1210 2493 καὶ
1242 2436 1527 2511 θαυμασίῳ
1557 2432 1699 2513 ἔργῳ
1731 2436 1963 2514 βουλεύ-

293 2540 513 2599 σασθαι,
545 2527 687 2600 ἀνὴρ
720 2528 807 2583 καὶ
838 2530 1007 2583 ταῦτα
1058 2527 1137 2600 μὴ
1186 2524 1344 2589 εἰδὼς
1384 2527 1511 2583 Θεὸν
1550 2526 1613 2581 οῦ
1640 2526 1702 2581 τὸ
1732 2524 1958 2599 τίμενος

292 2616 691 2690 ὑπεστέλλετο,
742 2615 888 2673 ἀλλά
944 2618 1087 2679 Θεοῖς
1134 2615 1422 2690 ἀπονέμων
1469 2610 1627 2679 σέϐας
1674 2618 1857 2677 κακῶς
1903 2613 1959 2670 οἵ

288 2708 380 2764 τὸν
414 2706 652 2781 οὐρανὸν
682 2706 783 2762 οὐκ
822 2705 1107 2776 ἐποίησαν,
1161 2704 1326 2761 ποίαν
1367 2705 1469 2761 οὐκ
1522 2703 1581 2760 ἂν
1643 2697 1752 2759 ἔδει
1778 2703 1951 2777 τιμὴν

289 2792 686 2860 θεοσεϐοῦντας
746 2796 1034 2869 ἀπονεῖμαι
1118 2794 1480 2871 Χριστιανοὺς
1535 2798 1617 2867 τῷ
1672 2792 1959 2867 καλλίστῳ

2073 1202 2181 1243 nos
2212 1190 2503 1243 commota
2533 1192 2642 1244 est.
2697 1189 2897 1262 Neque
2938 1190 3096 1247 enim
3156 1191 3530 1251 Cissarissam
3560 1212 3703 1267 sup-

2074 1274 2285 1349 plicem
2316 1276 2474 1332 814
2494 1277 2753 1346 absolvo,
2789 1294 2917 1350 qua:
2938 1281 3269 1338 temeritate
3307 1299 3417 1339 sua
3455 1298 3577 1340 rem
3608 1301 3717 1357 pu-

2075 1364 2289 1422 blicam
2322 1366 2621 1433 turbavit;
2681 1383 2872 1440 neque
2927 1384 3027 1426 eos
3086 1370 3187 1443 qui
3233 1372 3410 1428 verba
3438 1373 3717 1445 supplicis

2073 1456 2371 1528 aspernati
2401 1456 2461 1512 in
2503 1459 2938 1515 contentionem
2977 1458 3137 1516 haud
3175 1477 3318 1518 sane
3362 1461 3719 1519 laudabilem

2073 1545 2505 1603 descenderunt
2533 1549 2590 1603 et
2618 1545 2860 1603 domum
2876 1548 3227 1620 precationis
3245 1551 3501 1607 caedibus
3517 1551 3719 1624 implo-

2071 1634 2518 1707 verunt,piaculi
2539 1640 2803 1707 expertes
2834 1652 2964 1694 esse
2995 1641 3213 1695 statuo.
3248 1642 3395 1696 Nam
3453 1641 3504 1697 si
3555 1640 3717 1696 Titus

2070 1723 2577 1796 imperator,urbis
2608 1725 3143 1799 Hierosolymorum
3193 1736 3580 1801 oppugnator,
3611 1736 3720 1789 8a-

2070 1811 2329 1871 lomonio
2357 1813 2571 1886 templo
2605 1830 2795 1886 usque
2828 1817 2972 1872 adeo
2998 1817 3280 1889 pepercit,
3304 1822 3361 1874 et
3415 1818 3469 1875 ei
3516 1819 3718 1877 defen-

2070 1901 2261 1959 dendo
2293 1904 2375 1959 ita
2403 1902 2654 1972 studuit,
2689 1908 2755 1960 ut
2789 1906 2863 1961 ab
2891 1914 3234 1978 erumpente
3289 1908 3426 1964 inde
3471 1909 3719 1967 Judaica

2070 1991 2308 2049 cohorte
2336 1990 2466 2048 teiis
2498 1992 2617 2064 peti
2646 1996 2705 2048 et
2730 1992 2881 2049 male
2911 1993 3150 2050 tractari
3179 2010 3353 2050 suum
3396 1998 3714 2053 exercitum

2068 2096 2243 2153 quam
2275 2083 2692 2153 sumptuosum
2720 2084 2777 2136 et
2806 2080 3134 2137 mirandum
3157 2080 3302 2137 illud
3334 2097 3480 2153 opus
3509 2084 3714 2142 violari

2068 2170 2339 2228 maluerit
2369 2188 2384 2240 ;
2422 2170 2603 2243 idque
2631 2170 2807 2227 homo
2836 2171 2962 2241 ejus
2992 2170 3093 2227 Dei
3120 2170 3363 2243 ignarus
3382 2173 3554 2242 cujus
3576 2179 3719 2231 tem-

1990 2304 2038 2370 Β
2071 2260 2228 2334 plum
2258 2260 2651 2329 reverebatur,
2711 2264 2769 2317 et
2821 2276 3024 2317 eorum
3082 2261 3326 2317 deorum
3392 2261 3581 2319 cultor
3617 2264 3716 2335 qui

2076 2346 2274 2370 ...1....Δ
2307 2364 2418 2370 μ-..
2455 2346 2713 2370 ι’----.--ι
2769 2348 2897 2370 ---2-
2928 2347 3114 2370 1.---..
3175 2365 3200 2370 -.
3268 2347 3558 2370 .__I:._:-_!_
3606 2356 3652 2370 ,ι
3689 2369 3708 2370 7

2071 2346 2279 2405 coelum
2307 2364 2424 2405 non
2454 2346 2736 2415 fecerunt,
2765 2348 2900 2421 quis
2928 2347 3116 2404 honos
3174 2365 3209 2404 ιι
3268 2347 3559 2421 religiosis
3598 2356 3656 2408 et
3684 2369 3719 2409 θ.

2067 2435 2419 2494 Christianis
2450 2436 2585 2494 huic
2620 2436 3019 2510 pulcherrimo
3047 2440 3106 2493 et
3135 2437 3309 2510 plane
3339 2437 3535 2495 divino
3564 2444 3717 2496 tem-

2070 2526 2166 2600 plo
2191 2526 2497 2584 habendus
2530 2543 2646 2585 non
2677 2527 2805 2597 fuit,
2830 2526 2989 2600 quod
3017 2526 3256 2584 omnino
3307 2527 3407 2584 Dei
3445 2529 3718 2587 manibus

2067 2614 2422 2672 fabricatum
2455 2620 2566 2686 est,
2599 2618 2855 2689 primum
2888 2632 2955 2672 ac
2987 2620 3355 2688 postremum
3381 2633 3554 2691 opus,
3584 2618 3717 2692 pul-

2071 2704 2432 2763 cherrimum
2462 2709 2639 2777 atque
2659 2704 3033 2773 inimitabile,
3066 2722 3173 2762 nec
3228 2705 3289 2762 in
3333 2707 3508 2765 terris
3555 2707 3714 2764 aliud

2070 2809 2247 2866 quam
2279 2792 2436 2850 orbis
2464 2791 2705 2865 quidam
2733 2792 2986 2849 ccelestis
3018 2793 3238 2850 exstitit
3262 2794 3290 2849 ‘2

285 2885 430 2960 τῷδε
459 2885 558 2942 καὶ
601 2884 734 2958 θείῳ
761 2889 893 2958 ναῷ,
925 2883 1084 2960 ὅνπερ
1116 2886 1359 2963 ἀτεχνῶς
1390 2888 1528 2941 Θεοῦ
1574 2887 1755 2961 χεῖρες
1809 2880 2273 2959 ἡρχιτεκτόνησαν
2301 2880 2392 2938 καὶ
2423 2878 2651 2940 ὕστατον
2681 2881 2770 2937 καὶ
2800 2885 3021 2957 πρῶτον
3053 2879 3519 2958 ἐκαλλιτέχνησαν
3549 2879 3710 2962 ἔργον

288 2977 580 3052 ἀμίμητον
608 2974 700 3031 καὶ
732 2971 983 3050 ἄντικρυς
1016 2974 1101 3030 ἐπὶ
1132 2981 1237 3050 γῆς
1268 2972 1522 3049 οὐράνιον
1555 2972 1889 3049 σφαίρωμα;

360 3067 516 3125 Κατὰ
550 3063 612 3122 δὶ
657 3068 757 3122 τοῦ
804 3065 1150 3140 πατριάρχου
1195 3060 1486 3119 Θεοδοσίου
1536 3060 1845 3138 βαρύμηνις
1873 3059 1946 3117 ὢν

2131 3066 2209 3120 At
2237 3062 2679 3135 protosebastus
2701 3060 3048 3134 patriarcha
3068 3061 3392 3121 Theodosio
3424 3062 3613 3121 iratus
3643 3068 3710 3122 ut
3800 3076 3807 3083 '

287 3156 314 3213 ὁ
372 3148 834 3230 πρωτοσεϐαστὸς
875 3152 953 3214 ὡς
1006 3156 1123 3214 τοῖς
1178 3149 1345 3206 αὑτοῦ
1402 3149 1749 3227 βουλήμασιν
1805 3150 1952 3205 ἀνθι-

284 3241 556 3317 σταμένου
623 3241 893 3318 λαμπρῶς
958 3240 1049 3296 καὶ
1108 3239 1205 3303 τὰς
1270 3238 1473 3305 οἰκείας
1530 3238 1738 3319 ἐφέσεις
1793 3237 1951 3315 ἐγκό-

282 3356 546 3404 πτοντος,
586 3332 680 3389 καὶ
733 3328 999 3408 πρότερον
1070 3331 1163 3405 μὶν
1218 3333 1333 3387 κατ’
1367 3330 1533 3386 αὐτοῦ
1562 3328 1811 3393 πολλοὺς
1843 3334 1949 3385 τῶν

283 3426 593 3502 ἀρχιερέων
657 3418 1038 3491 ἐπισυνέστησε
1090 3423 1304 3497 χρυσίῳ
1358 3422 1448 3477 καὶ
1510 3419 1799 3495 συμποσίῳ
1830 3418 1949 3475 δια-

282 3514 529 3595 φθείρας,
586 3512 679 3568 καὶ
736 3509 1044 3586 καθαιρέσει
1098 3514 1291 3567 τοῦτον
1319 3511 1409 3565 καὶ
1440 3508 1641 3566 ἀπόντα
1679 3504 1944 3566 ὑπέϐαλεν

288 3604 331 3659 ὦ
364 3602 529 3674 δῆθεν
592 3604 661 3675 τῇ
722 3600 1064 3675 Καισαρίσσῃ
1096 3600 1263 3655 ’κατὰ
1316 3603 1413 3655 τοῦ
1474 3598 1746 3674 βασιλέως
1801 3597 1941 3654 ἐπα-

287 3696 523 3769 ναστᾶσῃ
555 3692 929 3768 προσθέμενον
978 3689 1068 3746 καὶ
1121 3690 1196 3753 ὡς
1243 3690 1331 3767 ἀφ’
1363 3689 1711 3765 ὀρμητηρίου
1741 3692 1837 3745 τοῦ
1869 3688 1944 3744 ἱε-

290 3789 387 3861 ροῦ
418 3787 802 3840 στασιοκοπεῖν
860 3780 999 3857 αὐτῇ
1057 3783 1172 3856 μεθ’
1231 3778 1418 3837 ὃπλων
1450 3778 1671 3838 ἐνδόντα
1700 3778 1789 3837 καὶ
1817 3798 1946 3836 νεω-

287 3878 592 3949 τεροποιεῖν
649 3870 899 3947 ἀφρόνως
950 3869 1041 3927 καὶ
1103 3868 1437 3946 ἀλογίστως.
1485 3870 1644 3944 Τάχα
1692 3867 1737 3924 δ’
1764 3866 1824 3924 ἄν
1853 3868 1942 3924 καὶ

290 3968 382 4019 τοῦ
448 3963 857 4040 πατριαρχικοῦ
916 3958 1108 4035 θρόνου
1162 3958 1374 4032 ἀτίμως
1430 3962 1624 4015 τοῦτον
1672 3958 1941 4014 κατέσπα-

296 4073 396 4124 σεν,
437 4050 594 4126 εἴπερ
625 4052 661 4121 ἡ
692 4050 1027 4125 Καισάρισσα
1088 4050 1163 4123 μὴ
1211 4046 1546 4127 ἀμφοτέραις
1589 4048 1939 4123 προσίστατο,

292 4145 366 4214 τῷ
399 4142 496 4213 μὲν
529 4130 971 4216 πρωτοσεϐαστῷ
1025 4136 1102 4209 μὴ
1156 4136 1346 4211 χώραν
1402 4132 1626 4191 διδοῦσα
1680 4135 1774 4190 τὸν
1826 4155 1941 4189 πα-

291 4228 559 4307 τριάρχην
634 4231 957 4303 καταγαγεῖν
1058 4225 1150 4281 καὶ
1252 4224 1658 4303 ἀντεισαγαγεῖν
1734 4218 1938 4301 ἕτερον,

294 4323 448 4379 αὐτὸν
482 4319 543 4377 δὲ
585 4322 678 4377 τὸν
730 4320 1025 4395 ἱερώτατον
1076 4314 1245 4394 ἄνδρα
1293 4316 1575 4391 ἐπιμελῶς
1607 4320 1939 4395 φρουροῦσα,

298 4415 494 4488 μήπως
547 4410 919 4485 ὑποχωρήσας
956 4406 1160 4511 ⁹ἑαυτὸν
1211 4408 1306 4511 μὲγ
1354 4404 1941 4511 ἀπαλλῇάξηπραγμά-
1975 4446 2020 4511 D

291 4524 393 4559 των
423 4502 477 4557 ἐν
508 4506 590 4574 τῷ
622 4500 739 4554 καθ’
795 4497 1031 4576 ἡσυχίαν
1094 4501 1192 4571 ζῇν
1251 4496 1326 4559 είς
1385 4495 1452 4566 ἢν
1496 4492 1809 4569 ὶδομήσατο
1839 4515 1943 4567 μο-

288 4594 385 4663 νήν
414 4590 557 4647 κατά
602 4590 702 4659 τὴν
756 4592 919 4658 νῆσον
967 4586 1066 4655 τὴι
1125 4579 1467 4660 Τερέϐινθον,
1502 4584 1664 4657 ἑαυτῇ
1697 4581 1754 4639 δὲ
1781 4582 1939 4639 ἀπω-

290 4681 437 4744 λείας
497 4680 795 4758 ὀφθήσεται
852 4674 1105 4752 πρόξενος
1155 4673 1315 4739 εὐθὺς
1370 4673 1431 4730 ἐκ
1473 4677 1571 4730 τοῦ
1600 4677 1731 4729 ναοῦ
1763 4673 1937 4748 ἁρπα-

290 4770 576 4849 γησομένῃ
618 4765 710 4822 καὶ
740 4764 1030 4838 πεισομένῃ
1077 4764 1143 4819 τὰ
1189 4764 1460 4841 χείριστα·
1492 4763 1634 4821 Τότε
1664 4758 1721 4818 δὶ
1749 4763 1935 4839 καιρὸν

288 4862 456 4937 εὑρὼν
510 4863 597 4932 τῷ
625 4859 784 4929 θυμῷ
813 4853 1162 4934 χαρίσασθαι,
1190 4858 1298 4910 τῶν
1331 4853 1486 4929 ἱερῶν
1520 4851 1759 4929 ἀρχείων
1803 4851 1940 4910 ἀπε-

287 4951 473 5008 λαύνει
503 4949 599 5005 τὸν
633 4945 782 5002 ὅσιον
810 4945 901 5001 καὶ
947 4947 1017 5018 τῇ
1064 4947 1159 4999 τοῦ
1213 4943 1596 4999 Ιῐαντεπόπτου
1635 4943 1938 5020 περιορίζει

290 5047 454 5117 μονῇ.
527 5036 794 5102 Πλείστας
836 5057 897 5109 γε
948 5035 1056 5109 μὴν
1118 5031 1278 5096 ὀδοὺς
1343 5034 1525 5107 τεμὼν
1562 5033 1654 5090 καὶ
1697 5032 1935 5098 πολλαῖς

285 5128 688 5189 ἀντιπαλαίσας
743 5124 991 5196 ἐννοίαις,
1047 5123 1137 5179 καὶ
1193 5128 1307 5186 τοῖς
1364 5123 1489 5180 τότε
1538 5125 1935 5199 πονηροτάτοις

285 5225 388 5277 τῶν
453 5218 518 5275 ἐκ
583 5222 684 5287 τῆς
745 5213 1058 5289 συγκλήτου
1120 5210 1331 5287 βουλῆς
1389 5212 1805 5290 συγγενόμενος,
1845 5214 1935 5269 καὶ

285 5309 480 5366 ὁπόσοι
511 5309 621 5362 τῶν
681 5303 949 5380 ἐντρόφων
1007 5305 1103 5358 τοῦ
1158 5303 1409 5375 βήματος
1444 5305 1583 5377 μήτε
1635 5305 1771 5358 Θεοῦ
1809 5299 1933 5358 ὄπιν

287 5400 420 5473 μήτ’
470 5395 777 5470 ἀνθρώπων
840 5393 1130 5472 ὑφωρῶντο
1181 5392 1391 5465 νέμεσιν
1423 5388 1761 5466 συμϐούλοις
1790 5409 1934 5465 χρη-

285 5489 546 5563 σάμενος,
578 5484 729 5547 ὅπως
760 5481 1120 5560 εὐσχημόνως
1149 5480 1178 5536 ὁ
1208 5480 1352 5555 ἱερὸς
1381 5481 1538 5546 οὗτος
1581 5482 1670 5536 καὶ
1711 5479 1938 5556 εὐπροσ-

286 5577 456 5638 ώπως
506 5567 854 5641 ἀποϐληθείη
903 5568 1063 5643 ἀνὴρ,
1114 5567 1212 5624 οὐκ
1255 5565 1411 5645 ἔσχεν
1445 5566 1668 5639 ἐπιτελῆ
1708 5568 1774 5623 τὰ
1801 5566 1938 5623 κατὰ

286 5664 501 5723 σκοπὸν
563 5660 655 5717 καὶ
712 5657 800 5715 διὰ
870 5658 934 5713 τὸ
1006 5656 1305 5736 καθαιρέσει
1368 5659 1464 5736 μὲν
1522 5657 1763 5733 εὐλόγως
1821 5653 1936 5715 οὐδ’

2060 3152 2188 3210 suis
2205 3151 2630 3226 cupiditatibus
2650 3154 2849 3225 aperte
2871 3151 3226 3222 adversanti,
3240 3152 3525 3226 principio
3556 3153 3709 3211 mul»

2059 3244 2152 3300 tos
2182 3242 2500 3316 primarios
2528 3242 2862 3298 sacerdotes
2918 3257 3061 3299 auro
3120 3245 3182 3299 et
3234 3242 3516 3300 conviviis
3581 3261 3710 3301 cor-

2058 3335 2270 3405 ruptos
2298 3335 2505 3388 contra
2534 3330 2702 3387 illum
2734 3330 3100 3388 subornavit.
3154 3331 3373 3388 Deinde
3426 3331 3604 3389 etiam
3633 3333 3705 3390 de

2058 3420 2301 3479 absente
2316 3420 2613 3493 judicium
2637 3420 2761 3477 fieri
2781 3420 3147 3494 jussit,quod
3160 3421 3483 3478 Cesarissaa
3505 3426 3708 3480 contra

2057 3509 2473 3583 imperatorem
2499 3508 2793 3568 seditiosa
2852 3511 3002 3567 315
3069 3510 3287 3583 faverit,
3320 3514 3378 3568 et
3427 3527 3458 3567 e
3486 3511 3704 3584 templo

2057 3600 2222 3673 quasi
2254 3616 2387 3658 arce
2417 3600 2665 3673 quadam
2697 3597 2992 3656 tumultus
3021 3614 3158 3656 cum
3189 3599 3370 3656 armis
3412 3600 3703 3657 excitandi

2054 3694 2112 3747 et
2140 3689 2307 3747 novis
2349 3688 2624 3746 studendi
2685 3688 2862 3746 rebus
2916 3692 3284 3745 occastonem
3333 3687 3704 3760 impudenter

2053 3796 2119 3837 ac
2141 3783 2354 3837 temere
2373 3777 2785 3852 suppeditarit.
2817 3777 3082 3834 Forsitan
3104 3776 3284 3833 etiam
3316 3776 3701 3849 patriarchico

2052 3867 2199 3925 solio
2226 3871 2354 3924 tum
2386 3882 2523 3924 eum
2555 3866 2922 3934 detraxisset,
2954 3866 3068 3923 nisi
3091 3866 3404 3924 Caesarissa
3424 3866 3702 3926 manibus

2052 3956 2418 4031 pedibusque
2435 3953 2778 4024 obstitisset,
2815 3969 2921 4011 nec
2950 3954 3003 4012 ei
3034 3958 3265 4012 tantum
3316 3956 3417 4013 otii
3457 3972 3701 4014 conces-

2051 4046 2228 4103 sisset
2255 4049 2321 4102 ut
2340 4044 2450 4102 hoc
2477 4043 2815 4117 patriarcha
2844 4042 3011 4115 pulso
3052 4041 3234 4101 alium
3292 4045 3697 4112 substitueret,

2051 4139 2110 4193 et
2126 4135 2312 4192 virum
2338 4132 2784 4192 sanctissimum
2808 4131 3259 4205 diligentissime
3306 4135 3696 4201 observasset,

2050 4242 2124 4284 ne
2149 4241 2183 4282 a
2211 4223 2401 4282 turbis
2434 4222 2800 4297 negotiorum
2832 4222 2892 4278 in
2925 4222 3111 4280 otium
3146 4224 3507 4294 monasterii,
3539 4224 3697 4297 quod

2049 4316 2111 4374 in
2140 4312 2489 4372 Terebintho
2519 4310 2714 4368 insula
2743 4315 3054 4382 struxerat,
3088 4328 3151 4370 se
3169 4311 3322 4370 clam
3344 4312 3699 4371 subduceret

2049 4405 2277 4478 ipsique
2307 4419 2486 4460 causa
2514 4401 2788 4459 interitus
2817 4405 2992 4472 esset,
3026 4403 3225 4459 statim
3257 4419 3288 4459 e
3316 4401 3538 4475 templo
3551 4403 3701 4461 abri-

2051 4493 2274 4567 piendrs
2302 4501 2358 4549 et
2382 4491 2729 4565 gravissimo
2785 4490 3074 4564 supplicio
3135 4491 3477 4551 efﬁciendis.
3535 4498 3699 4550 Tunc

2050 4586 2248 4640 autem
2265 4581 2763 4655 opportunitatem
2777 4580 3046 4653 explendi
3069 4581 3249 4638 animi
3276 4582 3698 4649 nactus,virum

2049 4676 2322 4732 sanctum
2351 4689 2516 4731 sacro
2556 4671 2774 4745 palatio
2816 4672 3051 4746 pulsum
3085 4673 3146 4729 in
3176 4672 3521 4746 Pantepopti
3572 4689 3695 4730 mo-

2049 4762 2372 4821 nasterium
2405 4762 2643 4836 relegat,
2697 4762 2971 4836 plurimis
3023 4762 3133 4820 viis
3186 4766 3321 4820 ante
3376 4762 3612 4820 tentatis
3638 4766 3697 4817 et

2046 4852 2223 4911 variis
2252 4851 2580 4909 rationibus
2611 4849 2978 4924 excogitatis,
3010 4848 3579 4923 improbissimorum
3602 4863 3693 4903 se-

2047 4944 2316 4998 natorum
2350 4942 2409 4996 et
2463 4938 2829 4996 sacerdotum
2887 4937 3150 4995 consiliis
3207 4952 3374 5005 usus,
3429 4935 3530 5007 qui
3587 4950 3695 4990 nee

2045 5037 2231 5090 Deum
2262 5045 2367 5088 nee
2394 5028 2660 5087 homines
2692 5028 3045 5095 metuebant,
3082 5031 3148 5083 ut
3204 5026 3265 5082 id
3324 5024 3556 5081 facinus
3588 5023 3689 5078 ho-

2048 5125 2216 5179 nesta
2245 5118 2437 5191 specie
2450 5118 2822 5175 iucaret.Non
2848 5120 3043 5173 tamen
3067 5113 3349 5170 successit
3369 5111 3688 5184 negotium,

2047 5216 2168 5268 tum
2199 5208 2358 5282 quod
2388 5207 2532 5263 nihil
2564 5207 2625 5261 in
2656 5222 2723 5263 eo
2753 5205 3223 5278 comperiebatur
3267 5206 3505 5274 propter
3532 5201 3689 5272 quod

2047 5299 2354 5374 pellendus
2380 5300 2557 5364 esset,
2590 5299 2717 5350 tum
2751 5294 2906 5365 quod
2938 5292 3175 5349 domina
3206 5295 3265 5347 et
3294 5291 3391 5346 alii
3422 5289 3686 5363 plurimi,

2045 5394 2223 5459 atque
2252 5386 2396 5443 adeo
2426 5384 2546 5441 fere
2574 5398 2782 5439 omnes
2809 5382 2964 5438 816
3021 5380 3391 5453 imperatoris
3442 5396 3688 5437 consan-

2045 5474 2463 5549 guinei,virum
2494 5472 2662 5529 iilum
2687 5486 3064 5544 summopere
3109 5470 3555 5529 venerabantur.
3590 5471 3688 5528 ln-

2045 5565 2201 5623 vitus
2260 5564 2441 5635 igitur
2498 5561 2774 5634 obliquus
2827 5562 2938 5620 iste
3003 5562 3233 5632 anguis,
3288 5561 3689 5621 voluminibus

2047 5655 2308 5725 omissis,
2334 5657 2393 5712 et
2423 5668 2641 5712 veneno
2672 5653 2826 5724 quod
2888 5652 2946 5709 in
3002 5651 3193 5713 virum
3250 5658 3523 5713 sanetum
3552 5670 3686 5711 evo-
