4118 6200
317 360 435 422 597

1478 364 1822 428 ALEXIUS
1862 366 2286 430 MANUELIS
2331 366 2623 431 FILIUS.

3612 370 3732 433 598

310 496 408 549 τοῦ
441 489 715 569 βασιλέως
763 493 935 570 μητρὶ
995 493 1153 571 (αὔτη
1207 496 1312 573 γὰρ
1361 501 1442 571 τῷ
1492 503 1595 568 τῆς
1653 496 1774 562 θέας
1812 497 1958 573 λαμ-

2085 504 2340 558 ctantem
2371 527 2386 574 ;
2419 517 2611 577 neque
2638 518 2888 577 persona
2917 504 3037 577 illa,
3071 521 3188 579 qua
3208 520 3272 563 se
3301 504 3352 563 is
3408 505 3637 565 velabat
3664 519 3732 572 ut

310 602 434 659 πρῳ
466 582 555 636 καὶ
585 586 667 655 τῷ
696 589 795 653 τῆς
827 580 1005 658 ὄψεως
1040 584 1384 662 μαργαρώδει
1431 586 1523 643 καὶ
1560 591 1641 660 τῷ
1670 592 1767 643 τοῦ
1797 589 1966 658 ἤθους

312 669 513 745 ὁμαλῷ
560 670 653 726 καὶ
701 677 782 745 τῷ
838 678 937 729 τοῦ
986 677 1335 751 φρονήματος
1381 675 1725 751 ἀσυμπλόκῳ
1768 676 1966 750 καὶτῷ

311 759 588 837 ἐπαγωγῷ
639 764 737 815 τοῦ
785 762 869 835 [Ρ.
908 766 1030 834 159]
1082 764 1387 839 φθέγματος
1439 766 1515 828 ὡς
1558 764 1665 820 ἀπὸ
1699 763 1965 841 μηρίνθου

308 849 515 911 πάντας
563 848 891 928 ἐφείλκετο),
937 852 1006 906 τὰ
1050 851 1281 921 πλεῖστα
1332 855 1515 926 μεντοι
1571 858 1688 917 τοῖς
1734 855 1965 930 χρήμα-

307 960 386 996 σιν
446 938 795 1014 ὑπαγόμενος
861 940 953 995 καὶ
1032 946 1101 1016 τῇ
1192 939 1504 1019 φιλοδωρίᾳ
1558 942 1963 1017 κατακοιμίζων

302 1033 430 1095 τοὺς
471 1032 523 1089 ἐν
577 1030 738 1104 δεινῷ
767 1055 820 1089 τι
846 1034 1106 1107 θεμένους
1138 1033 1339 1091 ἐκείνου
1370 1037 1545 1114 φέρειν
1602 1035 1669 1091 τὰ
1723 1033 1962 1111 δεύτερα.

300 1123 464 1181 Ὀθεν
526 1120 708 1187 οὐδεὶς
761 1127 868 1178 τῶν
932 1122 1333 1201 ἐπιταχθέντων
1398 1126 1774 1199 ἀντιτάξασθαι
1842 1128 1961 1181 ’Λνο

304 1209 544 1287 δρονίκῳ
587 1212 728 1287 πρὸς
783 1209 1130 1287 ⁹Δνδρόνικον
1180 1215 1503 1287 μετετάξατο
1549 1214 1644 1270 τὸν
1676 1212 1785 1285 ἤδη
1818 1213 1957 1289 λαμ-

301 1306 462 1377 πρῶς
538 1308 641 1370 τῆς
712 1299 1024 1378 τυραννίδος
1095 1303 1428 1378 ἀπτόμενον,
1503 1303 1817 1366 ἀποπτύσας
1872 1304 1964 1358 τὸν

303 1386 759 1466 πρωτοσεϐαστὸν
817 1391 908 1446 καὶ
959 1396 1040 1464 τῷ
1097 1392 1428 1468 προσωπείῳ
1482 1397 1579 1449 τοῦ
1640 1391 1962 1467 μισοτυράνο

307 1502 409 1537 νου
480 1477 828 1557 Ἀνδρονίκου
904 1478 1232 1547 δελεασθείς.
1288 1485 1357 1539 Ἠ
1414 1503 1473 1539 τε
1524 1484 1616 1538 οὗν
1680 1493 1964 1558 προκαθη-

310 1565 448 1643 μένη
519 1575 629 1625 τῶν
701 1574 950 1634 Βιθυνῶν
1024 1570 1252 1647 μεγίστη
1307 1570 1470 1633 πόλις
1528 1574 1564 1644 ἡ
1621 1572 1821 1630 Νίκαια
1848 1570 1962 1629 οὐδ’

305 1658 457 1721 ὅλως
510 1656 841 1734 Ἀνδρονίκῳ
894 1659 1212 1735 προσέθετο,
1243 1661 1332 1716 καὶ
1364 1662 1392 1716 6
1421 1661 1519 1730 τὴν
1567 1662 1767 1733 ταύτης
1797 1663 1962 1736 ἐμπι-

305 1747 545 1811 στευθεὶς
594 1747 841 1827 φυλακὴν
904 1746 1162 1821 Ἰωάννης
1216 1751 1244 1805 6
1298 1750 1504 1813 Δούκας
1530 1749 1961 1827 τοῖςἋνδρονί-

303 1858 409 1893 κου
481 1837 770 1913 γράμμασι
868 1838 1167 1912 μεμένηκεν
1261 1839 1677 1918 ἀστυφέλικτος,
1766 1841 1961 1918 καίπερ

307 1928 410 1991 τὰς
439 1928 654 2004 γνώμας
702 1924 1041 1998 πλήττουσιν
1100 1926 1407 1985 ὲλεπόλεων
1459 1926 1838 2005 ἀκριϐέστερον
1868 1930 1959 1986 καὶ

307 2018 708 2096 τειχομαχείου
758 2016 1070 2091 ξύμπαντος
1140 2016 1515 2095 ἰσχυρότερον.
1568 2018 1745 2077 Ἀλλᾶ
1799 2020 1891 2076 καὶ
1931 2021 1959 2075 6

303 2105 477 2181 μέγας
528 2103 852 2180 δομέστικος
900 2105 1153 2178 Ἰωάννης
1210 2109 1239 2163 6
1300 2109 1587 2182 Κομνηνὸς
1636 2110 1737 2178 τὴν
1795 2107 1962 2184 ἐπαρ-

294 2194 429 2274 χίαν
463 2192 667 2251 διέπων
698 2201 809 2251 τῶν
851 2196 1176 2271 Θρᾳκησίων
1239 2196 1300 2253 ού
1365 2196 1532 2271 μόνον
1564 2192 1687 2255 ἔϐυε
1729 2200 1799 2255 τὰ
1848 2200 1961 2254 ὦτα

296 2286 435 2361 πρὸς
476 2285 545 2341 τὰ
594 2288 693 2340 τοῦ
732 2281 1083 2359 Ἀνδρονίκου
1131 2284 1437 2360 ἐπάσματα,
1470 2284 1616 2343 ἀλλὰ
1641 2286 1731 2343 καὶ
1763 2288 1837 2350 ὡς
1861 2287 1960 2343 τύ-

303 2394 485 2449 ραννον
547 2371 895 2444 διετώθαζεν,
954 2376 1045 2429 οἷα
1100 2376 1394 2451 κατόπτρῳ
1458 2381 1575 2438 τοῖς
1641 2374 1961 2451 λεγομένοις

300 2462 670 2539 προσκύπτων
731 2462 864 2538 λείῳ
923 2463 1013 2520 καὶ
1072 2460 1482 2538 ἂποστίλϐοντι,
1537 2465 1625 2520 καὶ
1678 2463 1957 2545 διαφαινό-

303 2574 460 2628 μενον
498 2552 552 2608 ἐν
582 2553 807 2617 τούτοις
864 2554 1004 2628 ὁρῶν
1062 2553 1153 2609 τὸν
1212 2553 1571 2630 πολύμορφον
1612 2555 1839 2629 Πρωτέα
1867 2554 1958 2609 καὶ

298 2643 625 2718 τυραννικὸν
684 2644 778 2698 τὸν
840 2642 1041 2718 τρόπον
1108 2641 1483 2717 ’Δνδρόνικον.
1551 2645 1702 2701 Ἐπεὶ
1773 2642 1829 2700 δὲ
1886 2649 1955 2720 τῇ

298 2735 513 2809 Ταρσία
552 2735 580 2789 ὁ
611 2729 960 2808 Ἀνδρόνικος
994 2736 1186 2811 ἤγγιζε
1235 2734 1326 2789 καὶ
1372 2739 1483 2791 τῶν
1542 2734 1665 2811 περί
1721 2737 1819 2805 τήν
1857 2739 1958 2794 Νι-

293 2820 585 2896 κομήδους
660 2822 824 2879 πόλιν
886 2824 937 2878 οἱ
993 2822 1241 2887 πλείονες
1317 2823 1466 2897 αύτῷ
1538 2826 1956 2900 προσεχώρουν,

296 2910 582 2968 στέλλεται
623 2913 744 2969 κατ’
791 2910 955 2967 αύτοῦ
1006 2913 1143 2986 μετὰ
1195 2910 1475 2989 δυνάμεως
1517 2914 1707 2985 ἱκανῆς
1737 2912 1959 2991 Ἀνδρό-

295 3022 441 3064 νικος
473 3003 503 3056 6
535 3002 828 3078 νΔγγελος,
887 3002 1054 3077 οὗπερ
1123 3004 1176 3058 οἱ
1232 3003 1367 3066 υἱεῖς
1417 3001 1469 3066 ἐς
1515 3004 1735 3079 ὕστερον
1780 3004 1956 3061 Ἰσαά-

294 3091 414 3154 κιός
446 3110 503 3146 τε
555 3090 647 3145 καὶ
707 3088 951 3165 Ἀλέξιος
1011 3092 1125 3164 μετ’
1178 3088 1522 3168 Ἀνδρόνικον
1556 3088 1825 3165 ἐπέϐησαν
1852 3101 1953 3163 τῆς

297 3180 504 3259 ἀρχῆς.
548 3180 611 3238 Ὀ
666 3176 724 3235 δέ
771 3182 894 3256 περὶ
950 3181 1043 3237 τὸν
1103 3181 1334 3257 Χάρακα
1360 3182 1423 3237 τὸ
1455 3184 1663 3258 χωρίον
1706 3182 1952 3258 πόλεμον

2077 591 2304 649 hostem
2336 593 2687 666 tyrannidis,
2720 600 2809 651 est
2837 595 3136 667 deceptus.
3168 595 3359 653 Nicaea
3386 597 3541 654 enim
3572 598 3727 670 prin-

2077 695 2211 752 ceps
2243 697 2309 737 ac
2342 682 2595 738 maxima
2643 683 2923 755 Bithyniae
2983 684 3120 741 urbs
3179 686 3349 757 plane
3402 680 3728 758 repudiavit

2074 770 2472 827 Andronicum
2507 790 2522 842 ;
2554 788 2660 828 nec
2699 773 2828 843 ejus
2886 773 3049 830 urbis
3107 775 3414 846 praefectus
3473 777 3724 834 Joannes

2076 858 2268 916 Ducas
2297 858 2511 918 litteris
2542 860 2701 919 illius
2732 878 2794 918 se
2824 863 2896 919 de
2925 863 3107 936 gradu
3140 863 3310 935 dejici
3363 880 3570 935 passus
3613 871 3720 938 est,
3752 868 3755 871 ’

2076 947 2213 1006 licet
2242 950 2437 1006 acrius
2468 951 2814 1009 ferientibus
2856 969 3034 1023 quam
3094 953 3307 1010 muenia
3356 952 3460 1009 ulli
3514 955 3723 1013 arietes

2078 1039 2273 1095 aliaeve
2329 1040 2634 1096 machinae.
2695 1045 2981 1098 Praeterea
3045 1059 3293 1115 magnus
3364 1044 3723 1101 domesticus

2071 1129 2332 1188 Joannes
2363 1130 2717 1199 Comnenus,
2748 1131 3008 1187 Thraciae
3039 1132 3361 1204 praefectus,
3382 1149 3495 1189 non
3529 1133 3722 1190 solum

2075 1235 2246 1276 aures
2276 1223 2477 1275 contra
2508 1219 2825 1277 Andronici
2884 1222 3037 1276 am
3097 1221 3362 1278 carmina
3409 1223 3721 1293 obturavit,

2073 1322 2276 1364 verum
2300 1308 2475 1364 etiam
2500 1312 2894 1378 uttyrannum
2918 1310 3244 1367 insectatus
3282 1314 3392 1379 est,
3425 1320 3721 1384 perspecto

2073 1396 2136 1453 in
2175 1398 2304 1469 eius
2331 1396 2540 1454 litteris
2567 1396 2919 1455 multiformi
2954 1399 3180 1469 Proteo,
3241 1400 3547 1472 tyrannica
3601 1404 3720 1457 An-

2077 1486 2300 1543 dronici
2330 1485 2564 1559 ingenio
2594 1485 2748 1542 velut
2778 1486 2839 1543 in
2897 1488 3051 1544 claro
3110 1488 3348 1560 speculo
3406 1488 3717 1547 relucente.

2076 1577 2183 1642 Qu:
2211 1590 2345 1632 cum
2366 1574 2586 1631 Tarsiae
2605 1575 3098 1647 appropinquaret
3110 1580 3165 1631 et
3185 1576 3717 1634 Nicomediensium

2076 1663 2394 1721 maximam
2426 1667 2650 1735 partem
2682 1663 2794 1719 sibi
2826 1663 3717 1735 adjunxisset,AndronicusAn-

2074 1752 2264 1825 gelus,
2290 1753 2459 1824 cujus
2489 1752 2593 1808 filii
2644 1752 2899 1810 Isaaoius
2964 1756 3021 1809 et
3074 1752 3309 1809 Alexius
3340 1758 3474 1825 post
3502 1753 3576 1810 ad
3605 1754 3719 1811 im-

2075 1845 2221 1918 perii
2279 1843 2578 1917 fastigium
2635 1846 3045 1913 ascenderunt,
3107 1862 3240 1901 cum
3292 1845 3473 1917 justis
3538 1846 3720 1919 copiis

2069 1938 2271 1990 contra
2302 1948 2434 1989 eum
2462 1933 2716 1990 mittitur
2746 1937 2803 1989 et
2831 1934 2987 1991 circa
3039 1934 3355 1991 Characem
3413 1935 3718 1991 castellum

2066 2022 2383 2080 commisso
2405 2022 2599 2095 praelia
2622 2022 2967 2093 succumbit,
2986 2039 3325 2095 quanquam
3354 2038 3544 2095 neque
3576 2040 3712 2079 cum

2067 2112 2192 2186 pari
2219 2112 2475 2168 exercitu
2507 2128 2696 2184 neque
2724 2127 2860 2168 cum
2890 2112 3037 2168 duce
3095 2111 3390 2183 bellicoso,
3421 2112 3524 2168 sed
3581 2128 3715 2169 cum

2068 2202 2330 2273 spadone
2359 2200 2607 2273 quodam
2640 2215 3015 2273 congressus,
3049 2201 3150 2273 qui
3187 2200 3435 2258 rusticos
3481 2200 3718 2258 inutiles

2068 2295 2126 2348 et
2136 2290 2403 2348 cohortes
2417 2288 2639 2362 aliquot
2653 2288 2905 2347 militum
2921 2287 3362 2362 Paphlagonum
3374 2290 3715 2347 adduxerat.

2068 2380 2207 2437 Post
2236 2384 2534 2453 acceptam
2566 2378 2791 2436 cladem
2819 2395 2950 2435 cum
2985 2378 3184 2436 statim
3241 2379 3302 2435 in
3360 2378 3568 2436 urbem
3622 2396 3717 2436 ve-

2067 2471 2275 2538 nisset,
2309 2471 2559 2543 repetita
2587 2473 2679 2527 est
2705 2470 2777 2527 ab
2808 2486 2874 2526 eo
2904 2470 3154 2543 pecunia
3185 2484 3361 2542 quam
3395 2470 3465 2526 ad
3488 2468 3712 2526 bellum

2066 2559 2606 2616 administrandum
2641 2564 2961 2632 acceperat.
3014 2560 3231 2617 Videns
3270 2559 3453 2633 igitur
3507 2575 3711 2617 casum

2065 2666 2199 2706 eum
2235 2650 2319 2704 sic
2348 2647 2530 2722 accipi
2564 2648 2734 2720 quasi
2786 2665 2856 2705 ex
2909 2648 3168 2706 amicitia
3221 2648 3538 2706 Andronici
3587 2667 3711 2707 rem

2065 2737 2134 2794 de
2163 2736 2454 2793 industria
2485 2737 2653 2809 pejus
2682 2738 2987 2809 gessisset,
3012 2754 3045 2794 a
3074 2754 3175 2794 sex
3226 2736 3364 2794 filiis
3393 2737 3709 2811 impulsus,

2065 2826 2167 2900 qui
2197 2841 2398 2883 omnes
2427 2825 2649 2883 cordati
2676 2830 2734 2882 et
2767 2842 2945 2882 manu
2976 2827 3203 2883 strenui
3240 2826 3346 2882 viri
3399 2830 3585 2897 erant,
3614 2828 3711 2883 do-

2064 2932 2229 2973 mum
2263 2932 2432 2973 suam
2466 2916 2526 2971 in
2556 2916 2837 2973 exteriore
2862 2916 3062 2973 Cionio
3085 2918 3259 2974 sitam
3306 2917 3534 2974 ﬁrmare
3562 2933 3709 2990 prm-

2063 3004 2233 3064 sidiis
2263 3004 2539 3073 instituit,
2571 3004 2791 3078 aliquot
2817 3022 2887 3062 ex
2940 3004 3111 3079 plebe
3166 3006 3535 3078 adjutoribus
3562 3007 3716 3064 asci-

2064 3095 2161 3153 tis.
2197 3096 2309 3153 Sed
2343 3111 2478 3151 cum
2510 3111 2603 3152 res
2633 3112 2772 3153 suas
2828 3111 2895 3153 eo
2944 3112 3179 3170 vergere
3226 3100 3509 3164 cerneret,
3542 3100 3606 3154 ut
3635 3097 3707 3154 ab

2063 3186 2416 3259 imperatore
2448 3190 2885 3258 oppugnaretur
2931 3187 3085 3244 820
3129 3189 3186 3244 et
3237 3186 3585 3243 adversariis
3617 3203 3712 3244 re-

298 3244 670 3345 συγκροτήσας
736 3271 962 3341 ἡττᾶται
1034 3244 1326 3345 λαμπρῶς,
1373 3244 1565 3347 καίπερ
1615 3271 1716 3328 ούκ
1764 3244 1953 3327 ἰσοπα-

2068 3244 2269 3333 sistere
2301 3293 2418 3333 non
2449 3244 2665 3347 posset,
2727 3280 2951 3333 mutato
3018 3276 3282 3346 consilio,
3338 3293 3438 3333 sex
3493 3276 3628 3334 ﬁliis
3657 3280 3713 3335 et

299 3360 386 3418 λεῖ
436 3361 777 3436 συμπλακεὶς
832 3366 1058 3437 στρατιᾷ
1108 3362 1144 3433 ἢ
1201 3363 1293 3418 τὸν
1351 3363 1747 3438 ἀνταγωνιστὴν
1780 3362 1951 3437 εὐρὼν

308 3452 626 3528 ἀξιόμαχον,
685 3450 814 3509 αλλ’
876 3451 1108 3528 ἐκτομίᾳ
1179 3451 1284 3508 τινὶ
1362 3452 1632 3527 συμμίξας
1699 3451 1956 3528 ἀχρείους

311 3542 804 3619 στρατολογήσαντι
872 3540 1147 3619 γεωργοὺς
1216 3542 1306 3597 καὶ
1385 3548 1579 3617 μοῖραν
1658 3562 1954 3618 συνεπαγο-

317 3631 457 3706 μένῳ
507 3630 876 3707 Παφλαγόνων
925 3635 1292 3706 στρατιωτῶν.
1342 3631 1438 3695 Εἰς
1483 3633 1585 3701 τὴν
1633 3630 1797 3687 πόλιν
1838 3630 1958 3687 τοί-

310 3742 397 3776 νυν
426 3719 579 3783 εύθὺς
641 3720 777 3795 μετᾶ
832 3722 930 3790 τήν
982 3721 1148 3791 ἧτταν
1202 3719 1380 3776 εἰσιὼν
1431 3717 1645 3783 ἀκλεῶς
1688 3720 1953 3796 ἀπῃτεῖτο

310 3814 621 3868 καταθέσθαι
667 3811 736 3867 τὰ
794 3812 1077 3887 χρήματα,
1134 3812 1232 3867 ὅσα
1290 3811 1341 3866 οἱ
1398 3811 1534 3887 πρὸς
1562 3812 1655 3875 τὰς
1685 3811 1822 3867 κατὰ
1851 3814 1955 3869 πό-

308 3898 473 3975 λεμον
538 3898 772 3963 δαπάνας
848 3895 1202 3976 βεϐράϐευτο.
1265 3904 1325 3958 Ὀ
1391 3895 1447 3954 δὲ
1524 3900 1953 3976 βασανιζομένην

309 3990 447 4063 ὁρῶν
505 3990 605 4059 τήν
668 3988 833 4045 αὐτοῦ
869 3986 1220 4064 κατάσχεσιν,
1277 3988 1361 4043 ὅτι
1420 3986 1576 4066 φίλια
1632 3993 1958 4067 φρονῶντῷ

308 4078 639 4155 ’Δνδρονίκῷ
702 4079 770 4133 τὰ
853 4078 1147 4155 πράγματα
1210 4079 1476 4155 χειρόνως
1550 4074 1756 4144 διέθετο
1822 4081 1956 4153 ἅπερ

310 4168 616 4245 εύμαρίσειν
674 4167 1002 4239 ἀπέσταλτο,
1062 4166 1393 4245 ἐναγόμενος
1448 4166 1596 4245 παρά
1648 4173 1756 4224 τῶν
1800 4168 1958 4224 υἱέων

309 4254 359 4329 ἕξ
411 4255 583 4315 ὄντων
638 4258 731 4313 καὶ
806 4258 1025 4314 πάντων
1094 4255 1409 4332 ὁπλοτέρων
1468 4259 1564 4320 τὰς
1614 4259 1810 4337 φρένας
1866 4259 1957 4314 καὶ

304 4348 438 4404 κατὰ
483 4353 646 4424 χεῖρα
700 4346 985 4423 γενναίων,
1043 4341 1339 4403 ἐπεϐάλετό
1397 4347 1490 4421 μὲν
1520 4347 1611 4402 τὸν
1642 4346 1840 4403 οἰκεῖον
1874 4347 1957 4402 οἶ-

305 4459 395 4493 κον
464 4435 834 4514 διακρατύνειν
888 4435 979 4492 καὶ
1045 4438 1459 4506 κατασκευάζειν
1532 4433 1952 4513 ἐπιτειχίσματα

2064 3383 2242 3423 uxore
2265 3366 2324 3423 in
2347 3381 2550 3423 navem
2575 3366 2891 3439 impositis,
2915 3367 2986 3423 ad
3008 3365 3409 3424 Andronicum
3426 3367 3567 3425 abit.
3601 3367 3710 3433 Qui

2063 3470 2130 3513 eo
2159 3455 2283 3512 viso
2314 3455 2532 3512 dixisse
2572 3454 2805 3513 fertur:
2856 3478 2884 3507 ‹ι
2932 3455 3072 3511 Ecce
3130 3454 3359 3512 mittam
3422 3454 3705 3529 Angelum

2064 3560 2257 3601 meum
2288 3549 2422 3601 ante
2452 3545 2655 3603 faciem
2686 3549 2872 3615 tuam,
2900 3546 3001 3618 qui
3021 3546 3174 3601 viam
3206 3544 3312 3601 tibi
3344 3549 3645 3617 praeparet.
3671 3566 3702 3597 »

2064 3634 2384 3706 Resumpta
2410 3634 2593 3706 igitur
2630 3650 2700 3691 ex
2730 3634 3039 3707 praesentia
3077 3634 3413 3691 consobrini
3468 3633 3708 3704 fiducia,

2064 3727 2122 3782 et
2151 3740 2428 3781 successu
2456 3722 2687 3781 consilii
2718 3724 2812 3780 sui
2872 3723 3275 3794 conﬁrmatus,
3306 3721 3533 3778 itineris
3586 3737 3712 3778 am-

2066 3813 2311 3885 bagibus
2338 3813 2573 3869 omissis
2615 3820 2669 3868 et
2722 3812 2967 3868 urbibus
3017 3811 3204 3870 Nicaea
3260 3816 3318 3868 et
3374 3811 3715 3869 Nicomedia

2065 3902 2431 3974 contemptis,
2464 3908 2623 3956 recta
2647 3899 2868 3973 Cpolim
2904 3899 3111 3973 pergit.
3142 3902 3211 3956 Et
3267 3899 3490 3956 Peuciis
3520 3899 3715 3956 diver-

2066 3994 2227 4048 satus
2257 3989 2445 4063 (locus
2475 3989 2527 4046 is
2556 3994 2642 4046 est
2669 4006 2843 4061 supra
2873 3988 3347 4061 Chalcedonem),
3397 3992 3456 4046 et
3511 3985 3715 4045 multis

2067 4078 2227 4152 pyris
2255 4078 2532 4146 incensis,
2561 4095 2676 4135 non
2703 4094 2808 4151 pro
2848 4078 3259 4151 magnitudine
3288 4076 3712 4146 exercitus,sed

2067 4173 2133 4226 ut
2162 4168 2413 4242 majores
2444 4167 2643 4241 copias
2672 4167 2888 4225 habere
2904 4168 3221 4238 videretur,
3249 4183 3452 4224 omnes
3500 4171 3718 4241 Byzan-

2066 4258 2222 4315 tinos
2252 4274 2563 4330 suspensos
2586 4257 2860 4326 reddidit,
2893 4262 2958 4314 ut
2987 4258 3114 4315 suis
3160 4257 3434 4331 operibus
3478 4256 3717 4315 omissis

2065 4346 2232 4405 littus
2254 4347 2590 4421 oppositum
2649 4348 3041 4415 intuerentur,
3097 4350 3157 4404 et
3212 4345 3460 4404 collibus
3510 4362 3577 4403 ac
3629 4348 3718 4402 tu-

2063 4437 2243 4495 mulis
2281 4435 2615 4493 conscensis
2674 4435 3074 4493 Andronicum
3134 4436 3326 4493 adhuc
3380 4435 3581 4508 procul
3641 4436 3713 4491 ab

306 4529 436 4584 κατὰ
468 4527 529 4584 τὸ
559 4525 663 4602 ἔξω
691 4525 912 4585 Κιόνιον
970 4523 1336 4601 διακείμενον,
1403 4526 1495 4580 καὶ
1564 4531 1672 4582 τῶν
1739 4524 1799 4581 ἐκ
1848 4531 1949 4582 τοῦ

2068 4528 2205 4584 urbe
2232 4530 2520 4583 remotum
2549 4526 2794 4583 nutibus
2851 4525 3030 4582 veluti
3091 4525 3470 4583 attraherent.
3504 4525 3591 4583 Ita
3620 4539 3714 4582 res

304 4615 483 4691 δήμου
511 4601 662 4679 τινας
711 4615 1047 4672 ἐπεσπάσατο
1094 4616 1230 4690 πρὸς
1291 4613 1499 4670 ἔαυτόν·
1559 4615 1701 4689 ὁρῶν
1760 4611 1818 4670 δὲ
1870 4616 1944 4677 ὡς

2068 4615 2385 4674 'ecalvastri
2416 4619 2472 4672 et
2502 4616 2631 4672 cani
2666 4615 2983 4672 Andronici
3011 4615 3425 4689 procedebant.

304 4710 402 4763 οὐκ
446 4707 684 4782 ἆκμαῖός
732 4705 844 4762 ἐστι
889 4706 1026 4782 πρὸς
1077 4704 1356 4780 βασίλειον
1402 4701 1827 4762 πλεονεκτοῦσαν
1878 4703 2202 4761 ἀνθόπλισιν
2250 4704 2338 4759 γαὶ
2388 4704 2461 4767 ὡς
2510 4703 2610 4760 ούκ
2656 4701 2715 4759 ἂν
2766 4705 2938 4780 σχοίη
2997 4705 3366 4779 περιγενέσθαι
3414 4708 3522 4761 τῶν
3595 4701 3714 4759 δια-

304 4796 504 4875 φόρων,
554 4797 691 4872 πρὸς
745 4798 921 4876 φυγὴν
968 4795 1386 4871 μεθαρμόζεται,
1434 4795 1525 4851 καὶ
1572 4794 1701 4861 τοὺς
1740 4792 1794 4867 ἕξ
1840 4796 1991 4857 υἱοὺς
2037 4789 2396 4870 παραλαϐὼν,
2437 4796 2538 4866 τὴν
2587 4791 2633 4849 δ’
2685 4792 3025 4870 ὁμόλεκτρον
3058 4798 3156 4850 τοῦ
3189 4790 3364 4869 δόμου
3391 4792 3709 4868 ἀπαγαγὼν,

301 4889 428 4957 νηὸς
462 4881 664 4949 ’ἐπιϐάς
689 4892 790 4956 τῆς
821 4883 876 4948 ἐς
908 4881 1261 4960 Ἀνδρόνικον
1294 4885 1537 4942 ἅπτεται.
1593 4885 1654 4942 Ὁ
1721 4883 1779 4941 δὶ
1842 4882 1976 4941 ἰδὼν
2031 4885 2329 4961 προσιόντα
2378 4887 2469 4941 τὸν
2513 4881 2782 4961 ’Ἄγγελον
2834 4883 3054 4959 λέγεται
3085 4883 3281 4939 εἰπεῖν·
3317 4906 3345 4934 ‹‹
3378 4880 3541 4952 Ἰδου,
3575 4879 3714 4933 ἀπο-

306 4978 476 5035 στελῶ
526 4975 619 5031 τόν
688 4972 922 5050 ἄγγελόν
970 4994 1077 5048 μου
1132 4974 1239 5048 πρὸ
1286 4975 1582 5049 προσώπου
1627 4995 1746 5045 σου,
1796 4976 1855 5038 ’ὸς
1912 4974 2293 5031 κατασκευάσει
2357 4976 2457 5044 τήν
2508 4970 2636 5029 ὁδόν
2703 4994 2798 5028 σου
2849 4966 3152 5049 ἔμπροσθέν
3224 4990 3340 5025 σου.
3393 4992 3424 5023 ››
3501 4968 3711 5043 Θάρσος

306 5070 391 5123 οὖν
443 5065 532 5121 ἐπὶ
586 5068 654 5139 τῇ
700 5067 799 5119 τοῦ
840 5060 1135 5142 ἐξαδέ).φου
1184 5062 1454 5139 παρουσίᾳ
1504 5058 1686 5119 λαϐὼν
1743 5061 2093 5140 Ἀνδρόνικος
2141 5063 2231 5120 καὶ
2278 5063 2346 5120 τὰ
2392 5064 2510 5119 κατ’
2564 5057 2743 5142 ἔφεσιν
2795 5063 2937 5137 ὁρῶν
2988 5054 3375 5135 προϐαίνοντα,
3424 5058 3533 5110 τῶν
3591 5054 3713 5109 ἐνοι-

300 5155 422 5213 δίων
498 5156 776 5230 ἐκτροπῶν
848 5141 1115 5230 ἀφέμενος
1181 5152 1270 5208 καὶ
1338 5153 1550 5229 χαίρειν
1611 5153 1769 5218 ἐάσας
1833 5155 1930 5216 τὰς
1996 5153 2189 5217 πόλεις
2257 5152 2485 5211 Νίκαιάν
2539 5141 2741 5207 τεκαί
2801 5147 3175 5223 Νικομήδειαν
3234 5147 3323 5201 καὶ
3388 5146 3450 5199 τὸ
3491 5141 3623 5219 τῇδε
3672 5144 3707 5213 ἢ

302 5247 470 5305 ἐκεῖσε
541 5244 1019 5324 μεταστρέφεσθαι,
1094 5243 1229 5317 πρὸς
1296 5245 1396 5314 τὴν
1468 5249 1870 5299 Κωνσταντινου
1925 5245 2016 5299 τὸν
2076 5244 2281 5319 δρόμον
2336 5240 2547 5297 ἀκλινεῖ
2608 5242 2871 5295 συνέτεινε
2935 5239 3183 5311 νεύματι,
3244 5235 3317 5298 ὠς
3366 5232 3500 5290 ὀδοῦ
3542 5233 3714 5289 Φιλιο

302 5339 480 5413 πιείμ
534 5339 634 5406 τῆς
693 5335 744 5399 ἐς
798 5323 968 5405 αὐτὴν
1012 5331 1282 5413 φερούσης
1338 5330 1621 5408 ἐχόμενος.
1690 5332 1795 5389 Καὶ
1852 5329 1920 5402 δὴ
1976 5333 2114 5389 κατὰ
2167 5334 2235 5388 τὰ
2275 5330 2475 5389 ΙΙευκία
2523 5330 2947 5404 ἐναυλισάμενος
2993 5328 3181 5401 (τόπος
3215 5323 3271 5381 δέ
3296 5325 3407 5381 ἐστι
3460 5328 3625 5380 ταῦτα
3656 5323 3710 5380 ἐν

298 5433 411 5491 τοῖς
471 5427 583 5482 ἅνω
633 5421 992 5496 Χαλκηδόνος
1043 5420 1382 5496 διακείμενος
1429 5422 1612 5497 μέρεσι
1651 5421 1742 5477 καὶ
1791 5423 1965 5485 οὕτως
2012 5421 2438 5496 ὀνομαζόμενος)
2487 5423 2572 5495 [Ρ.
2626 5422 2750 5493 160]
2804 5420 2893 5474 καὶ
2940 5416 3083 5492 πυρᾶ
3130 5416 3318 5473 πολλὰ
3365 5416 3564 5479 καύσας
3612 5417 3712 5487 τὴν

299 5517 464 5573 νύκτα
516 5515 653 5585 ὅλην
710 5513 941 5585 ἐκείνην,
994 5515 1069 5587 μὴ
1117 5513 1252 5569 κατᾶ
1318 5511 1486 5589 λόγον
1532 5519 1633 5583 τῆς
1677 5511 1940 5584 συνούσης
1988 5513 2139 5585 αύτῷ
2188 5516 2459 5587 στρατιᾶς,
2510 5509 2636 5567 ἀλλ’
2690 5508 2743 5572 ἐς
2792 5508 3017 5581 δόκησιν
3069 5509 3468 5585 στρατεύματος
3506 5507 3705 5564 πλείο-

307 5627 415 5681 νος,
462 5605 743 5680 ἐκκρεμεῖς
797 5606 988 5661 ἐαυτοῦ
1032 5603 1159 5666 τοὺς
1206 5599 1536 5672 Βυζαντίους
1584 5598 1733 5666 ἔθετο
1782 5602 1857 5666 ὡς
1904 5603 1969 5658 τὰ
2016 5601 2117 5659 ἀνὰ
2163 5606 2353 5677 χεῖρας
2405 5600 2739 5676 προεμένους
2797 5597 2927 5677 ἔργα
2976 5600 3050 5663 εἷς
3098 5606 3198 5670 τῆν
3245 5598 3467 5677 περαίαν
3511 5598 3703 5656 τείνειν
