4066 6214
385 375 503 437 599

1705 369 2016 434 ΝΙΟΕΤᾹΞ
2057 367 2478 434 CHONIAT/E

3683 368 3798 430 σου

374 507 442 564 τὸ
471 502 650 582 ὅμμα,
685 507 869 568 ἀκταῖς
899 524 956 558 τε
985 503 1076 557 καὶ
1114 497 1390 579 γηλόφοις
1421 499 1748 576 προσιόντας
1788 507 1892 573 τῆς
1931 500 2168 574 πόλεως,
2200 505 2290 560 καὶ
2321 503 2602 582 πόρῥωθεν
2635 497 2766 562 ὄντα
2793 501 3141 582 Ἀνδρόνικον
3173 503 3499 560 ἰπισπᾶσθαι
3533 502 3660 559 οἷον
3690 507 3811 567 τοῖς

375 596 666 671 νεύμασιν.
695 591 824 650 Ὧδε
859 593 954 666 μὲν
987 593 1079 647 οῦν
1113 591 1315 667 ἐχώρει
1343 591 1413 647 τὰ
1439 595 1577 647 κατὰ
1603 593 1694 648 τὸν
1729 590 2121 672 ἀναφαλαντὶαν
2151 594 2242 649 καὶ
2271 592 2646 672 πολιοκόρσην
2679 591 3049 670 Ἀνδρόνικον.

462 689 547 742 10.
581 686 816 744 Alexius
847 700 979 740 vero
1009 683 1456 755 protosebastus
1479 701 1613 740 cum
1663 683 2028 756 ingruentem

2225 683 2276 739 ι’.
2309 683 2550 757 Ἀλὲξιος
2593 683 2650 741 δὲ
2706 686 2736 741 ὁ
2794 677 3247 760 πρωτοσεϐαστὸς
3299 682 3378 756 μὴ
3407 676 3555 758 ἔχων
3588 679 3685 738 διὰ
3714 701 3812 738 πε-

377 779 607 834 hostem
637 773 1007 848 pedestribus
1039 772 1226 846 copiis
1280 772 1628 846 propulsare
1684 791 1799 830 non
1837 777 2038 846 posset

380 867 523 938 (jam
554 863 711 920 enim
735 861 834 916 alii
867 861 1081 918 animis
1113 860 1262 917 clam
1297 861 1368 916 ad
1392 861 1798 918 Andronicum
1851 860 2032 918 incli-

374 955 615 1020 nabant,
649 951 857 1024 quibus
889 951 962 1006 ad
1005 967 1140 1006 eum
1175 949 1421 1006 transire
1453 951 1700 1023 pedibus
1755 955 1884 1007 tuto
1918 967 2034 1007 non

373 1045 620 1109 licebat;
649 1041 746 1097 alii
770 1057 831 1098 se
854 1040 1026 1096 ﬁdem
1043 1057 1212 1096 suam
1229 1039 1567 1112 imperatori
1591 1040 1736 1097 satis
1752 1041 2032 1113 probasse

376 1135 685 1207 putabant,
729 1133 777 1188 si
810 1131 966 1187 domi
1000 1132 1291 1200 sederent,
1327 1131 1521 1187 neutri
1555 1131 1708 1203 parti
1761 1131 1980 1187 addicti
2014 1149 2028 1189 :

375 1227 458 1282 sic
483 1226 640 1281 enim
673 1223 854 1279 animi
889 1221 1204 1289 calliditas,
1236 1226 1294 1278 et
1326 1223 1476 1279 321
1517 1225 1882 1278 consuetudo
1930 1221 2033 1278 illa

373 1321 439 1372 ut
473 1315 732 1388 plerique
755 1313 1010 1370 caedibus
1045 1318 1102 1368 et
1131 1312 1419 1384 sanguine
1439 1312 1685 1384 imperio
1709 1313 2031 1384 potiantur,

371 1405 583 1476 vulgus
614 1408 669 1460 et
701 1405 914 1459 sentire
949 1407 1005 1458 et
1063 1401 1224 1474 loqui
1285 1401 1529 1472 docuit),
1591 1401 1782 1458 navali
1835 1418 2034 1474 pugna

374 1496 694 1550 imminens
721 1493 1038 1548 discrimen
1075 1498 1330 1547 avertere
1387 1495 1654 1548 conatur.
1688 1491 1870 1562 Igitur
1929 1491 2030 1547 tri-

378 1583 640 1639 remibus
672 1584 954 1652 occupata
975 1584 1066 1636 est
1095 1580 1431 1652 Propontis,
1461 1579 1524 1636 in
1555 1581 1776 1652 quibus
1817 1579 2028 1652 partim

377 1671 628 1728 Romani
681 1670 1044 1741 remigabant
1099 1673 1158 1725 et
1213 1685 1282 1725 ex
1333 1669 1614 1726 tabulatis
1663 1669 2028 1742 pugnabant,

379 1760 595 1832 partim
627 1759 872 1816 diversae
903 1759 1172 1814 nationes
1200 1759 1394 1815 Latini
1420 1759 1698 1827 nominis,
1729 1776 1866 1832 pars
1915 1759 2030 1816 tor-

376 1849 610 1906 tissima
641 1855 698 1906 et
735 1848 1175 1922 pugnacissima
1234 1848 1556 1922 c0piarum,
1614 1851 1851 1922 quibus,
1893 1850 2032 1923 quia

377 1942 514 2013 plus
541 1956 713 2013 quam
743 1939 1025 1996 Romanis
1055 1940 1240 1996 fretus
1273 1943 1417 2008 erat,
1455 1941 1763 2013 pecuniam
1816 1940 2028 2012 ingen-

378 2034 496 2085 tem
529 2029 898 2086 numerabat.
930 2029 1074 2085 Cum
1109 2032 1304 2084 autem
1345 2027 1458 2086 sibi
1488 2027 1896 2086 ﬁdississimos
1922 2027 2028 2084 tri-

375 2117 648 2175 erarcbas
677 2118 932 2190 deligere
959 2121 1015 2174 et
1043 2122 1322 2188 cognatos
1351 2135 1490 2175 suos
1521 2116 1696 2175 classi
1738 2118 2030 2191 pristicere

373 2206 436 2261 in
472 2205 668 2261 animo
698 2203 960 2272 haberet,
994 2204 1465 2278 Contostephano
1495 2220 1707 2277 magno
1745 2204 1891 2262 duce
1923 2205 2028 2260 ad-

376 2299 647 2353 versante
677 2298 733 2350 et
762 2295 1170 2366 praefecturam
1197 2293 1411 2352 classis
1441 2293 1554 2351 sibi
1603 2293 1810 2366 quovis
1856 2291 2029 2348 modo

377 2385 744 2454 vendicaute,
775 2388 1008 2442 coactus
1037 2384 1350 2441 consilium
1382 2387 1575 2441 mutat
1613 2389 1670 2440 et
1727 2386 2030 2441 Contoste-

382 2475 642 2548 phanum
675 2473 960 2530 universae
989 2473 1165 2531 classi
1196 2473 1458 2546 praeficit,
1509 2473 1805 2545 adjunctis
1851 2471 2028 2528 etiam

383 2567 646 2638 cognatis
678 2568 736 2620 et
765 2563 1107 2620 domesticis
1137 2563 1284 2620 suis.
1347 2565 1434 2620 Ita
1486 2561 1882 2619 Orientalibus
1921 2577 2029 2617 na-

381 2654 549 2710 vibus
583 2653 741 2710 aditu
776 2652 1118 2720 intercluso,
1151 2651 1325 2725 paulo
1357 2660 1487 2724 post
1545 2651 1787 2722 quidam
1845 2667 1915 2706 ex
1942 2666 2030 2706 or.

382 2745 518 2800 dine
549 2741 1236 2814 sacerdotum,Georgius
1256 2740 1614 2813 Xiphilinus,
1647 2741 1718 2796 ab
1778 2740 2030 2812 impera~

379 2838 504 2890 tore
535 2833 610 2890 ad
637 2831 1039 2888 Andronicum
1070 2831 1348 2888 mittitur.
1382 2830 1489 2896 Qui
1520 2847 1655 2886 cum
1702 2829 1763 2886 in
1795 2828 2029 2900 tyranni

375 2927 754 2996 conspectum
785 2922 1060 2987 venisset,
1091 2919 1318 2977 litteras
1376 2919 1651 2988 reddidit,
1683 2923 1742 2976 et
1801 2935 1928 2992 qua:
1968 2919 2029 2975 in

378 3015 530 3071 822
564 3011 856 3068 mandatis
887 3014 1191 3084 acceperat
1215 3010 1507 3084 exposuit.
1565 3009 1642 3065 Ea
1698 3015 1866 3066 erant
1897 3026 2028 3081 pro-

375 3104 580 3160 missio
613 3117 965 3174 magnorum
999 3116 1308 3157 munerum
1341 3109 1395 3155 et
1424 3097 1724 3172 amplioris
1773 3097 2029 3168 dignita-

371 3193 453 3249 tis
483 3197 540 3247 et
571 3191 767 3264 gratiae
799 3191 899 3246 Dei
933 3207 1134 3262 pacem
1167 3187 1558 3262 procurantis,
1583 3187 1634 3243 si
1665 3204 1700 3243 a
1728 3185 2028 3260 proposito

377 3281 705 3349 desisteret,
740 3280 895 3336 unde
919 3278 1073 3335 bella
1095 3277 1287 3334 civilia
1337 3277 1560 3334 oritura
1604 3280 1826 3346 essent,
1868 3280 1926 3331 et
1955 3275 2026 3331 ad

378 3370 698 3445 pristinum
729 3368 858 3425 vitae
891 3385 1076 3442 genus
1111 3371 1514 3424 reverteretur.
1545 3366 1912 3424 Andronicus
1938 3381 2029 3423 ve-

378 3477 466 3530 ro,
500 3473 634 3515 cum
667 3459 895 3530 legatus
951 3455 1308 3528 Xipbilinus,
1365 3458 1432 3512 ut
1486 3455 1674 3523 aiunt,
1708 3453 1860 3511 mala
1913 3454 2028 3512 ﬁde

384 3564 601 3605 munus
631 3564 806 3604 suum
865 3545 1104 3602 obiisset
1156 3559 1404 3616 eumque
1461 3543 1788 3601 monuisset
1839 3559 1912 3600 ne
1936 3543 2028 3600 vel

382 3638 694 3695 minimum
724 3635 972 3705 cederet,
1005 3632 1462 3707 postulationem
1503 3633 1667 3689 illam
1717 3632 1928 3704 rejicit.
1961 3633 2030 3688 Et

381 3727 604 3800 legatos
635 3727 886 3798 superbe
916 3722 1195 3780 dimissos
1226 3721 1485 3779 vicissim
1532 3722 1804 3778 nuntiare
1839 3721 2029 3794 impe-

379 3817 557 3873 ratori
583 3817 780 3888 jussit,
816 3815 864 3870 si
900 3812 1303 3869 Andronicum
1335 3827 1401 3868 eo
1431 3810 1642 3868 reverti
1663 3810 1844 3868 velint
1874 3811 2030 3868 unde

377 3906 736 3972 discesserit,
797 3903 1271 3976 protosebastum
1323 3901 1386 3958 in
1440 3900 1648 3975 primis
1690 3899 2026 3973 pellendum

375 4014 504 4054 esse
533 4001 591 4053 et
620 3995 692 4050 ad
727 3992 1054 4049 reddendas
1087 3993 1412 4048 facinorum
1472 4007 1717 4048 suorum
1773 3990 2028 4047 rationes

377 4085 757 4160 adigendum,
792 4083 1169 4152 imperatoris
1209 4085 1456 4137 matrem
1515 4081 1576 4136 in
1635 4080 1899 4136 ordinem
1929 4095 2028 4138 co-

377 4176 625 4248 gendam
659 4181 712 4228 et
745 4178 912 4228 tonso
945 4169 1158 4243 capillo
1215 4171 1276 4226 in
1335 4169 1756 4226 monasterium
1815 4169 2030 4226 abden-

380 4271 536 4338 dam,
569 4263 908 4338 imperatori
941 4279 1009 4321 ex
1035 4267 1388 4320 testamento
1415 4268 1657 4336 paterno
1716 4277 2026 4334 capessen-

383 4360 520 4413 dum
551 4355 862 4428 imperium
897 4371 911 4424 ;
946 4369 1135 4425 neque
1165 4352 1656 4410 committendum
1689 4355 1752 4408 ut
1780 4351 2028 4409 aliorum

382 4446 644 4519 potentia
672 4451 954 4516 tanquam
1025 4443 1186 4516 spica
1239 4442 1378 4499 lolio
1436 4443 1772 4500 suti‘ocetur.
1817 4441 2027 4500 Verum

383 4535 591 4607 paucis
623 4533 828 4587 diebus
861 4537 988 4602 post
1020 4548 1272 4603 magnus
1305 4533 1421 4588 dux
1471 4531 1841 4588 Andronicus
1897 4548 2028 4589 cum

385 4621 661 4682 omnibus
682 4619 870 4690 longis
901 4620 1326 4690 navibus,quas
1353 4625 1750 4678 Romanorum
1808 4621 2028 4680 catalo-

382 4728 495 4788 gus
527 4708 884 4778 continebat,
917 4710 990 4764 ad
1022 4708 1421 4764 Andronicum
1480 4709 1708 4766 defecit.
1768 4711 1902 4777 Qua
1937 4727 2029 4768 res

2145 780 2245 846 ζῆς
2305 773 2592 854 φάλαγγος
2648 771 2993 846 ἀποσοϐῆσαι
3048 777 3140 832 τὸν
3195 773 3414 831 ἐπιόντα
3444 775 3496 830 οἱ
3525 773 3808 848 πολέμιον

2148 861 2279 939 (ἤδη
2313 867 2420 942 γὰρ
2453 868 2506 922 οἱ
2551 867 2645 941 μὲν
2681 861 2996 941 μετέϐαινον
3029 870 3148 928 ταῖς
3199 865 3447 941 γνώμαις
3476 860 3819 940 κρυφιωδῶς

2144 955 2282 1030 πρὸς
2315 952 2687 1031 Ἀνδρόνικον,
2721 957 2946 1018 ὁπόσοις
3007 953 3106 1010 οὐκ
3161 955 3196 1024 ἦ
3258 953 3407 1018 ’ὀλως
3449 950 3749 1016 ἀκίνδυνος
3777 955 3812 1023 ἢ

2147 1046 2282 1120 πρὸς
2317 1045 2525 1101 ἐκεῖνον
2578 1045 2782 1114 τοπικὴ
2845 1039 3162 1120 μετάϐασις,
3212 1049 3331 1107 τοῖς
3388 1041 3446 1100 δὲ
3495 1043 3728 1120 ἀρκετὸν
3759 1042 3813 1106 ἐς

2141 1135 2239 1203 τήν
2285 1136 2422 1211 πρὸς
2461 1135 2552 1190 τὸν
2594 1139 2892 1209 κρατοῦντα
2937 1132 3118 1191 πίστιν
3180 1132 3476 1210 λελόγιστο
3504 1133 3576 1188 τὸ
3607 1133 3695 1188 ἐπ’
3727 1131 3811 1188 οἴ-

2141 1245 2238 1279 κου
2286 1226 2552 1295 καθῆσθαι
2601 1223 2692 1281 καὶ
2743 1221 2940 1298 μηδενὶ
2992 1225 3380 1299 προστίθεσθαι
3425 1226 3536 1278 τῶν
3601 1224 3805 1297 μερῶν

2143 1309 2286 1369 οὕτω
2335 1315 2440 1390 γὰρ
2489 1319 2706 1393 φρονεῖν
2756 1334 2814 1370 τε
2861 1315 2948 1369 καὶ
2998 1311 3174 1390 λέγειν
3217 1313 3348 1377 τοὺς
3395 1309 3656 1376 πολλοὺς
3689 1311 3806 1384 ἐξε-

2139 1400 2395 1458 παίδευσε
2447 1403 2512 1458 τὸ
2568 1409 2666 1474 τῆς
2720 1404 2952 1481 γνώμης
3005 1399 3409 1480 κερδαλεόφρον
3463 1401 3560 1458 καὶ
3613 1403 3678 1457 τὸ
3721 1399 3808 1457 διὰ

2141 1491 2316 1572 φόνων
2361 1490 2446 1548 ἀεὶ
2487 1492 2580 1546 καὶ
2629 1491 2954 1571 προχόσεως
3003 1490 3234 1564 αἳματος
3273 1489 3404 1556 τοὺς
3431 1489 3668 1554 πλείους
3698 1495 3806 1548 τῶν

2143 1580 2410 1657 βασιλέων
2455 1588 2556 1652 τῆς
2592 1583 2910 1656 Ῥωμαϊκῆς
2959 1575 3254 1637 ἐπιϐαίνειν
3313 1581 3520 1660 αρχῆς)
3550 1579 3646 1636 διὰ
3673 1601 3810 1637 ναυ-

2142 1668 2348 1749 μαχίας
2413 1666 2663 1733 ἔπειρᾶτο
2729 1670 2820 1727 τὸν
2901 1669 3274 1748 προσέρποντα
3333 1666 3582 1726 κίνδυνον
3670 1671 3808 1726 ἁπο-

2137 1759 2488 1834 κρούσασθαι.
2546 1760 2805 1836 Τριήρεις
2859 1779 3042 1816 τοινυν
3097 1761 3197 1830 τήν
3266 1755 3630 1836 Προποντίδα
3682 1757 3804 1814 ἑκά-

2139 1845 2364 1918 λυπτον,
2409 1848 2464 1903 αἱ
2517 1847 2612 1922 μὶν
2659 1849 2975 1924 Ῥωμαίους
3024 1843 3254 1924 ἔχουσαι
3305 1849 3434 1910 τοὺς
3481 1846 3805 1923 ἐρέσσοντας

2135 1936 2226 1992 καὶ
2297 1936 2426 2000 τοὺς
2501 1935 2562 1993 ἐκ
2630 1941 2741 1994 τῶν
2815 1938 3299 2014 καταστρωμάτων
3356 1935 3802 2013 διαμαχέσασθαι

2059 2061 2107 2128 Β
2141 2025 2468 2128 μέλλοντας,
2537 2029 2589 2084 αἱ
2658 2026 2717 2084 δὲ
2779 2033 2888 2128 τῶν
2959 2029 3097 2085 κατὰ
3161 2026 3327 2128 πόλιν
3393 2025 3802 2128 θιαφορογενῶν

2135 2115 2376 2172 Λατίνων
2435 2114 2466 2172 ὅ
2519 2137 2575 2172 τι
2627 2136 2728 2192 περ
2787 2119 3072 2194 κράτιστον
3133 2118 3299 2194 μέρος
3335 2119 3425 2174 καὶ
3457 2120 3806 2196 μαχιμώτα-

2132 2225 2250 2276 τον,
2283 2205 2366 2268 οἷς
2393 2205 2484 2260 καὶ
2534 2205 2601 2260 τὰ
2655 2207 2920 2281 χρήματα
2971 2205 3295 2282 ποταμηδὸν
3331 2205 3638 2284 ἐπεχέοντο,
3674 2207 3799 2264 ἐπεὶ

2135 2295 2227 2348 καὶ
2256 2293 2476 2358 τούτοις
2503 2291 2776 2351 ἒπεποίθει
2831 2293 3046 2370 μᾶλλον
3095 2297 3124 2352 ὁ
3169 2295 3455 2372 χρώμενος
3500 2317 3797 2374 πρωτοσε-

2137 2378 2340 2446 ϐαστὸς
2395 2380 2538 2460 ἤπερ
2595 2387 2715 2448 τοῖς
2764 2384 3066 2460 Ῥωμαίοις
3121 2384 3312 2450 αὐτοῖς
3361 2387 3438 2450 ὡς
3484 2388 3807 2463 ἆρήξουσιν.

2135 2474 2388 2548 ’Ὠρμησε
2422 2475 2516 2547 μὲν
2563 2472 2658 2529 οὖν
2711 2472 2838 2537 τοὺς
2891 2476 3251 2538 πιστοτάτους
3299 2476 3474 2550 ἑαυτῷ
3504 2475 3808 2542 ἐπιστῆσαι

2135 2563 2478 2638 τριηράρχοις
2525 2561 2616 2618 καὶ
2670 2560 3006 2639 παραδοῦναι
3052 2565 3146 2622 τὸν
3197 2563 3396 2622 στόλον
3441 2570 3560 2628 τοῖς
3614 2563 3809 2640 ἐκείνῳ

2135 2651 2272 2706 κατὰ
2326 2651 2481 2728 γένος
2534 2649 2833 2728 ἐγγίζουσι.
2881 2657 2986 2708 Τοῦ
3044 2650 3102 2709 δὲ
3159 2654 3400 2729 μεγάλου
3458 2654 3664 2718 δουκὸς
3708 2659 3810 2711 τοῦ

2137 2740 2578 2818 Κοντοστειράνου
2643 2741 3097 2806 ἀντιπνεύσαντος
3151 2743 3239 2799 καὶ
3300 2746 3400 2813 τῆς
3459 2742 3807 2820 στολαρχίας

2135 2831 2298 2886 παντὶ
2329 2831 2525 2905 τρόπῳ
2555 2829 2886 2906 ἐξεχομένου
2925 2832 3000 2895 ὡς
3049 2830 3198 2904 αὐτῷ
3225 2832 3317 2889 καὶ
3348 2831 3458 2910 οὐχ
3487 2834 3662 2908 ἒτέρῲ
3703 2831 3806 2904 δή·

2134 2930 2334 2984 πουθεν
2409 2920 2818 2994 προσηκούσης,
2895 2922 3246 2996 ἀναγκαστῶς
3323 2923 3427 2992 τήν
3525 2921 3802 2998 βούλησιν

2136 3011 2474 3086 μετατίθησι.
2525 3012 2631 3070 Καὶ
2686 3009 2752 3084 δὴ
2802 3015 2830 3069 ὁ
2897 3014 2991 3088 μὲν
3043 3015 3477 3094 Κοντοστέφανος
3507 3013 3803 3090 ’Δνδρόνι-

2130 3121 2227 3164 κος
2271 3100 2460 3178 κύριος
2510 3103 2854 3174 καθειστήκει
2903 3107 3002 3159 τοῦ
3051 3103 3250 3161 στόλου
3303 3105 3529 3174 παντὸς,
3577 3103 3671 3160 καὶ
3700 3126 3803 3161 κα-

2131 3188 2376 3253 τάπλους
2431 3191 2570 3254 ἅπας
2614 3195 2732 3254 τοῖς
2779 3192 2885 3248 ἀπὸ
2928 3198 3026 3263 τῆς
3075 3189 3150 3248 ἕω
3199 3190 3628 3270 περαιουμένοις
3657 3194 3804 3250 ἀπο·

2129 3278 2456 3355 τετείχιστο·
2519 3287 2683 3350 συνῆν
2741 3279 2800 3336 δὲ
2847 3285 2928 3353 τῷ
2980 3283 3406 3362 Κοντοστεφάνῳ
3457 3285 3549 3339 καί
3601 3305 3656 3340 τι
3703 3289 3803 3341 τοῦ

2133 3363 2588 3444 πρωτοσεϐαστοῦ
2619 3369 2940 3446 συγγενικὸν
2973 3371 3061 3426 καὶ
3110 3369 3371 3428 οίκίδιον.
3420 3371 3573 3429 Μετὰ
3613 3371 3801 3448 βραχῦ

2054 3435 2097 3503 C
2137 3435 2194 3514 si
2245 3458 2336 3513 καὶ
2386 3453 2611 3533 πρέσϐις
2667 3435 2776 3515 ἀπὸ
2830 3463 2928 3515 τοῦ
3001 3459 3271 3535 βασιλέως
3331 3458 3387 3524 ἒς
3445 3435 3802 3538 Ἀνδρόνικόν

2139 3543 2420 3602 στέλλεταί
2479 3567 2563 3609 τις
2612 3551 2719 3604 τῶν
2765 3547 3038 3627 ἐντρόιρων
3083 3553 3181 3605 τοῦ
3229 3550 3506 3626 βήματος.
3537 3551 3596 3605 Ὀ
3627 3553 3806 3630 Ξιιρι-

2138 3635 2290 3700 λῖνος
2321 3637 2388 3706 ἦν
2421 3637 2579 3700 οὗτος
2610 3637 2908 3712 Γεώργιος,
2941 3636 3000 3700 ὅς
3045 3637 3135 3694 καὶ
3167 3637 3246 3704 εἲς
3274 3641 3401 3714 ὅψιν
3430 3644 3512 3712 τῷ
3545 3660 3804 3716 τυραννῳ

2135 3723 2426 3798 ἐληλυθὼς
2484 3727 2552 3782 τά
2608 3747 2668 3783 τε
2723 3728 3026 3802 γράμματα
3076 3727 3376 3805 ἐνεχείρισε
3421 3728 3512 3785 καὶ
3567 3731 3639 3786 τὰ
3670 3728 3802 3787 δια-

2139 3815 2438 3891 μηνυθέντα
2503 3816 2557 3872 οἱ
2624 3812 2975 3892 ἀπήγγειλεν.
3041 3821 3143 3874 Ἦν
3209 3816 3268 3874 δὲ
3329 3822 3498 3874 ταῦτα
3565 3817 3797 3895 δωρεῶν

2136 3904 2462 3983 ἐπαγγελίαι
2522 3903 2784 3980 μειζόνων
2844 3905 2932 3961 καὶ
2980 3906 3305 3981 ἄξιωμάτων
3357 3903 3666 3982 ἂναϐαθμοὶ
3696 3910 3799 3966 καὶ

2137 3995 2298 4072 χάρις
2357 3995 2464 4052 ἀπὸ
2518 3998 2616 4052 τοῦ
2687 3995 3113 4072 πρυτανεύοντος
3181 3997 3408 4074 εἰρήνην
3468 4001 3596 4053 θεοῦ
3654 3997 3798 4053 ἀπο-

2135 4085 2316 4143 στάντι
2376 4086 2470 4160 μὶν
2539 4088 2637 4141 τοῦ
2692 4084 3060 4160 προκειμένου
3113 4088 3453 4160 σκέμματος,
3511 4085 3562 4158 ἒξ
3617 4087 3797 4166 οὗπερ

2137 4171 2399 4255 ἐμφύλιοι
2444 4168 2819 4248 συμϐήσονται
2867 4173 3131 4250 πόλεμοι,
3161 4175 3301 4251 πρὸς
3330 4173 3389 4231 δὲ
3417 4174 3527 4248 ἤθη
3557 4176 3626 4232 τὰ
3654 4179 3804 4253 πρό-

2135 4283 2289 4340 τερον
2349 4263 2693 4336 ἐπανήκοντι.
2747 4264 2808 4322 Ὀ
2865 4260 2923 4319 δὲ
2977 4267 3076 4320 τοῦ
3131 4259 3485 4341 πρεσϐευτοῦ,
3533 4263 3612 4330 ὥς
3642 4289 3804 4347 φασι,

2135 4352 2428 4434 Ξιφιλίνου
2494 4353 2594 4424 τὴν
2663 4348 2951 4430 πρεσϐείαν
3022 4354 3506 4425 ὑπονοθεύσαντος,
3565 4356 3660 4412 καὶ
3714 4360 3800 4432 μή

2132 4440 2387 4499 ἓνδοῦναι
2417 4439 2562 4504 ὅλως
2591 4440 2627 4511 ἢ
2685 4440 2867 4517 βραχύ
2921 4463 2976 4498 τι
3025 4445 3154 4517 γοῦν
3207 4444 3526 4524 καθυφεῖναι
3555 4463 3808 4519 παρακε-

2136 4527 2468 4606 λευσαμίνου
2541 4535 2622 4604 τῷ
2697 4528 3048 4606 Ἀνδρονίκῳ,
3105 4533 3207 4604 τήν
3263 4554 3321 4590 τε
3372 4531 3594 4604 αἴτησιν
3655 4535 3804 4592 ἄπο·-

2136 4621 2406 4696 πέμπεται
2437 4621 2528 4677 καὶ
2557 4621 2657 4691 τὴν
2714 4618 3056 4696 προσλαλιᾶν
3114 4626 3351 4678 ποιεῖται
3403 4628 3520 4686 τοῖς
3563 4620 3797 4698 διαπρε-

2137 4706 2520 4785 σϐευσαμένοις
2567 4708 2892 4788 ὑπέρογκον,
2942 4710 3161 4786 φάσκων
3210 4711 3349 4788 πρὸς
3383 4711 3552 4790 ὀργήν
3583 4713 3685 4784 ὡς,
3718 4715 3792 4771 Εἰ

381 4799 727 4862 seditiosum
758 4796 1153 4854 Andronicum
1179 4811 1357 4868 super
1395 4796 1595 4854 omnia
1618 4799 1843 4871 extulit,
1876 4800 2028 4858 828

2137 4797 2476 4876 Ἀνδρόνικον
2547 4799 2836 4876 βούλοιντο
2911 4798 3242 4877 παλίνορσον
3318 4801 3591 4872 ἀναζεῦξαι
3657 4801 3786 4859 ὃθεν

379 4901 436 4952 et
466 4890 933 4968 protosebastum
965 4887 1109 4944 adeo
1140 4885 1450 4958 depressit,
1487 4890 1551 4944 ut
1597 4887 1772 4946 rebus
1816 4889 2026 4961 despe-

373 4986 518 5043 ratis
550 4996 784 5041 omnem
815 4977 997 5036 animi
1042 4975 1401 5034 alacritatem
1457 4977 1767 5035 amitteret.
1828 4978 2028 5049 Neque

371 5078 526 5134 enim
541 5073 795 5146 amplius
811 5066 2026 5126 dissimulanterconcursabantAndronici

371 5164 644 5232 studiosi,
679 5163 778 5219 sed
803 5161 1272 5232 protosebastum
1298 5156 1674 5229 impudenter
1691 5153 2021 5226 irridentes,

370 5254 468 5328 qui
501 5253 664 5311 novis
695 5251 870 5307 rebus
891 5246 1250 5322 gaudebant,
1291 5244 1716 5302 Chalcedonam
1770 5242 2024 5314 trajicie-

374 5344 534 5410 baut,
567 5347 623 5398 et
646 5338 945 5396 turmatim
975 5334 1380 5391 Andronicum
1412 5333 1695 5390 adeuntes
1739 5335 2022 5390 staturam

373 5430 499 5496 ejus
531 5439 586 5483 et
617 5429 863 5483 formam
898 5423 1359 5497 pulcherrimam
1389 5427 1449 5479 et
1494 5419 1886 5479 venerabilem
1931 5437 2024 5480 se-

378 5521 668 5570 nectutem
704 5517 1092 5570 mirabantur.
1125 5517 1196 5570 Et
1227 5514 1512 5572 suavitate
1565 5513 1844 5572 orationis
1898 5514 2022 5586 ejus

382 5602 815 5672 magniﬁcentia
845 5601 1172 5674 pollicentis
1204 5604 1355 5676 capti
1390 5602 1612 5661 alacres
1652 5608 1709 5662 et
1757 5603 1873 5662 laeti
1917 5604 2023 5659 do-

380 5705 544 5750 mum
576 5689 964 5761 redeunt,non
987 5703 1154 5748 secus
1177 5707 1244 5750 ac
1276 5691 1325 5750 si
1355 5691 1414 5748 in
1446 5693 1757 5752 fortunatis
1810 5692 2020 5754 insulis

2133 4887 2420 4960 ἐλήλυθεν,
2451 4889 2972 4967 ἀποσκορακισθήτω
3034 4891 3129 4964 μὲν
3187 4888 3247 4946 ἐκ
3303 4889 3471 4963 μέσου
3501 4890 3530 4946 ὁ
3559 4910 3790 4966 πρωτο-

2134 4973 2392 5042 σεϐαστὸς
2450 4981 2536 5054 [Ρ.
2589 4981 2712 5053 161]
2768 4979 2860 5035 καὶ
2913 4975 3055 5034 δότω
3103 4977 3304 5056 λόγους
3351 4981 3426 5035 ὧν
3455 4982 3792 5056 πεπαρῴνη-

2131 5089 2241 5141 κεν,
2271 5071 2308 5140 ἡ
2342 5065 2400 5124 δὲ
2427 5073 2524 5126 τοῦ
2576 5066 2849 5146 βασιλέως
2898 5069 3086 5144 μήτηρ
3141 5071 3256 5124 καθ’
3315 5069 3515 5141 ἑαυτὴν
3569 5073 3794 5146 βιοτευ-

2131 5157 2256 5228 ἑτω,
2304 5157 2406 5228 τὴν
2453 5157 2624 5236 τρίχα
2671 5157 2965 5232 κειραμένη
3009 5156 3253 5228 καθάπαξ
3283 5159 3386 5226 τήν
3425 5161 3724 5234 κοσμικὴν,
3761 5163 3792 5216 ὁ

2131 5243 2189 5303 ὃὶ
2251 5245 2509 5324 βασιλεὺς
2564 5246 2698 5302 κατὰ
2753 5248 2853 5317 τήν
2912 5247 3170 5322 πατρῴαν
3232 5243 3504 5320 διαθήκην
3544 5250 3793 5326 ἀρχέτω,

2133 5339 2209 5410 μὴ
2266 5338 2341 5400 ὡς
2401 5337 2605 5412 στάχυς
2665 5333 2843 5411 α’ἰραις
2897 5340 3020 5399 τοῖς
3069 5332 3600 5411 παραδυναστεόουσι
3648 5361 3790 5414 συμ-

2129 5424 2480 5503 πνιγόμενος.
2537 5421 2696 5482 Ἀλλ’
2753 5419 2907 5479 οὔπω
2963 5421 3167 5499 ἡμέραι
3237 5423 3435 5500 συχναὶ
3493 5427 3793 5500 παρήλθο-

2131 5534 2248 5584 σαν,
2317 5512 2406 5568 καὶ
2477 5517 2792 5589 μεταχωρεῖ
2855 5509 2910 5574 ἐς
2975 5507 3319 5588 ’Λνδρόνικον
3382 5514 3474 5569 καὶ
3533 5515 3562 5570 ὃ
3613 5515 3791 5592 μέγας

2131 5601 2254 5674 δοὺξ
2311 5599 2684 5678 Ἀνδρόνικος,
2740 5601 2838 5666 τὰς
2908 5601 3117 5676 μακρὰς
3184 5607 3319 5673 νῆας
3395 5603 3785 5678 παρειληφὼς,

2130 5689 2333 5756 ὁπόσας
2387 5692 2415 5748 ὁ
2466 5691 2754 5766 Ῥωμαίων
2797 5687 3041 5765 ἐπλήρου
3097 5692 3427 5770 κατὸίλογος.
3476 5691 3586 5752 Καὶ
3615 5697 3778 5750 τοῦτο
