4066 6214
229 422 351 486 601
1400 418 1737 483 ALEXIUS
1780 417 2195 484 MANNELIS
2238 420 2524 483 FILIUS.
3533 418 3657 483 603

228 560 297 616 τὸ
326 553 487 634 ἔργον
549 553 721 632 ἐπῆρε
748 554 842 630 μὶν
875 555 1009 631 ὓπὲρ
1068 555 1206 611 ἅπαν
1269 552 1411 613 ἄλλο
1440 555 1531 612 τὸν
1586 557 1863 629 ἀποστάτη

2006 557 2167 615 omni
2200 556 2542 614 deliciarum
2574 569 2783 629 genere
2814 554 3031 628 expleti
3089 554 3359 615 fuissent.
3400 557 3658 622 Fuerunt

226 645 614 724 Ἀνδρόνικον,
674 644 766 701 τὸν
795 642 853 700 δὲ
908 641 1655 721 πρωτοσεϐαστὸνήφάντωσε
1683 646 1866 702 τέλεον

2001 649 2179 705 etiam
2211 647 2311 720 qui
2345 648 2456 704 sub
2489 646 2638 718 pelle
2669 645 2840 702 ovina
2861 645 3295 701 delitescentem
3328 645 3532 719 lupum
3588 665 3657 705 ex

228 738 410 799 πάσας
472 736 570 797 τὰς
627 730 856 797 ἐλπίδας
902 734 1257 810 ἀπεγνωκότα
1300 735 1390 790 καὶ
1455 735 1866 801 κατακλασθέντέ

2001 736 2190 808 primo
2222 752 2541 809 congressu
2576 739 3020 807 perspexerant,
3045 739 3102 791 et
3149 740 3481 806 serpentem
3531 741 3653 794 sta-

230 828 294 883 τὸ
327 824 646 901 πρόθυμον.
704 822 899 882 Οὐκέτι
957 825 1060 902 γὰρ
1092 821 1347 900 λαθραῖαι
1382 822 1594 880 σύνοδοι
1624 830 1731 880 τῶν
1767 826 1860 883 Ἀν

2002 829 2105 885 tim
2138 829 2609 885 arefocillatione
2663 831 3068 899 grassaturum
3126 827 3187 883 in
3241 844 3340 884 eos
3396 844 3648 900 quorum

227 915 478 993 δρονίκῳ
555 912 966 989 προεκκειμένων
1047 912 1310 989 ἐγίνοντο,
1366 912 1495 971 ἀλλ’
1553 911 1747 986 ἀνέδην
1798 916 1866 970 τὸ

2001 918 2134 974 sinu
2167 918 2474 974 foveretur.

225 1002 688 1084 πρωτοσεϐαστδν
762 1004 1176 1081 ἐρεσχελοῦντες
1236 1006 1285 1060 o't
1343 1011 1461 1067 ταῖς
1531 1010 1638 1060 τῶν
1717 1006 2055 1083 πραγμάτων
2116 1002 2451 1079 μεταϐολαῖς
2529 1005 2819 1082 χαίροντες
2879 1005 2933 1068 ἐς
3005 1003 3335 1077 Χαλκηδόνα
3394 1002 3655 1061 διεπλωί-

228 1107 416 1171 ςοντο,
450 1097 652 1167 καὶτῷ
727 1093 1057 1169 Ἀνδρονίκῳ
1114 1094 1251 1151 κατᾶ
1281 1094 1509 1173 φατρίας
1568 1095 1947 1170 συγγινόμενοι
2022 1098 2163 1174 φυὴν
2240 1097 2447 1152 ἐκείνου
2497 1096 2583 1151 καὶ
2632 1094 2779 1158 εἶδος
2856 1095 3055 1171 ἀγητὸν
3113 1096 3204 1150 καὶ
3236 1103 3412 1171 γῆρας
3453 1096 3647 1168 σεμνὸν

224 1185 645 1258 ἀπεθαύμαζον,
683 1185 858 1239 καὶτὸ
930 1190 1030 1253 τῆς
1079 1182 1282 1239 ἐκείνου
1356 1183 1610 1258 γλώττης
1664 1189 1969 1261 τρυγῶντες
2003 1183 2329 1261 μελίκηρον,
2406 1185 2495 1240 καὶ
2555 1186 2629 1249 ὡς
2673 1184 2939 1261 ἄγρωστις
2981 1178 3194 1257 ὄμϐρον
3225 1186 3300 1259 (9)
3376 1185 3412 1256 ἢ
3455 1181 3647 1258 δρόσον

220 1281 559 1353 Ἐρμωνῖτιν
597 1279 665 1331 τᾶ
703 1270 806 1349 ὅρη
867 1275 1037 1342 Σιὼν,
1114 1273 1149 1327 ’ὰ
1205 1273 1271 1342 ἦν
1303 1274 1598 1349 ὑψηγορῶν
1672 1272 2042 1349 προσιέμενοι,
2101 1276 2236 1349 μετὰ
2300 1272 2566 1345 πλείστης
2626 1274 3014 1351 ἐπανέστρεερω
3074 1281 3386 1350 χαρμονῆς,
3445 1274 3519 1336 ώς
3579 1274 3649 1329 εἷ-

223 1386 325 1443 περ
358 1366 457 1427 τὰς
496 1362 768 1439 ᾀδομένας
802 1369 1008 1439 χρυσᾶς
1039 1361 1185 1425 ἒννας
1217 1362 1306 1417 καὶ
1331 1364 1429 1433 τὴν
1453 1361 1839 1437 ἀληλεσμένην
1890 1368 1987 1418 τοῦ
2040 1362 2229 1438 μήλου
2287 1361 2496 1420 δίαιταν
2554 1362 2592 1433 ἤ
2643 1366 2741 1433 τήν
2802 1363 3107 1439 λεγομένην
3158 1362 3322 1432 ἡλίου
3378 1362 3644 1438 τράπεζαν

220 1455 635 1530 παρακειμένην
693 1454 923 1529 εὕραντο
971 1453 1061 1508 καὶ
1129 1458 1449 1527 κατακορεῖς
1506 1452 1675 1523 αὐτῆς
1728 1452 2084 1530 ἐγεγόνεισαν.
2133 1455 2301 1509 Ἦσαν
2362 1452 2416 1508 ο’ί
2468 1454 2571 1508 κάκ
2635 1455 2860 1527 πρώτης
2916 1448 3091 1527 ὅψεως
3171 1451 3326 1517 εὐθὺς
3408 1454 3501 1508 τὸν
3586 1453 3636 1508 ἐν

228 1543 463 1620 δέρματι
517 1538 797 1619 προϐάτου
853 1541 1232 1618 κεκρυμμένον
1298 1542 1463 1599 λύκον
1518 1541 1833 1619 ἐγνώρισαν,
1893 1543 1984 1598 καὶ
2038 1543 2131 1599 τὸν
2191 1545 2315 1599 ὅσον
2370 1544 2522 1599 οὔπω
2583 1545 2717 1618 μετὰ
2775 1542 2974 1618 θάλψιν
3034 1541 3429 1617 ἐπιθησόμενον
3509 1543 3639 1624 ’ὄφιν

223 1637 315 1693 καὶ
350 1640 534 1699 κακῶς
562 1636 691 1698 τοὺς
724 1636 827 1692 ὑπὸ
856 1636 1068 1691 κόλπον
1100 1636 1357 1713 φέροντας
1398 1632 1681 1710 δράσοντα.

304 1727 393 1787 ιά’.
436 1726 565 1784 Ἐπὶ
592 1725 809 1787 τούτοις
834 1724 1062 1780 ἀνίενται
1094 1726 1189 1799 μὲν
1216 1732 1317 1794 τῆς
1349 1725 1569 1801 εἱρκτῆς
1609 1722 1774 1779 αὐτοῦ
1831 1745 1866 1779 τς

2070 1725 2153 1783 tl.
2189 1727 2329 1783 Post
2386 1727 2509 1783 haec
2558 1726 2674 1782 duo
2732 1725 3048 1782 Andronici
3109 1724 3236 1793 ﬁlii,
3293 1725 3552 1782 Joannes
3594 1729 3650 1782 et

225 1821 324 1872 τοῦ
352 1813 701 1892 Ἀνδρονίκου
722 1816 774 1870 οἱ
804 1812 992 1877 παῖδες
1025 1817 1052 1870 ὁ
1081 1816 1334 1886 Ἰωάννης
1391 1815 1477 1869 καὶ
1540 1815 1567 1868 6
1626 1813 1866 1882 Μανουὴ]

1994 1815 2248 1886 Munuel,
2282 1818 2591 1891 casterique
2624 1834 2772 1888 quos
2804 1818 3244 1888 protosebastus
3301 1816 3361 1872 in
3414 1816 3649 1872 vincula

227 1906 325 1961 καὶ
380 1906 435 1960 οἱ
515 1902 706 1960 λοιποὶ
786 1903 879 1967 οὕς
953 1905 1227 1978 καθεῖρξεν
1301 1905 1329 1959 6
1412 1898 1863 1978 πρωτοσεϐαστὸς

1996 1905 2345 1976 conjecerat,
2377 1922 2608 1962 carcere
2638 1908 3031 1976 emittuntur;
3093 1909 3150 1961 et
3208 1905 3308 1961 alii
3350 1922 3416 1961 eo
3459 1905 3652 1976 conji-

228 1992 579 2070 ἐγκλείονται
608 1991 657 2048 δ’
678 1990 882 2068 ἕτεροι,
912 1995 998 2054 οἷς
1032 1992 1188 2056 οὗτος
1241 1988 1613 2070 προσέϐλεπεν
1652 1994 1861 2067 ἣμερον

1994 1995 2248 2063 ciuntur,
2283 1996 2501 2068 quibus
2530 1995 2684 2052 idem
2716 1995 2966 2061 favebat,
3030 1999 3202 2065 atque
3262 1996 3405 2050 adeo
3453 1994 3646 2050 omnis

218 2084 314 2139 καί
375 2082 503 2138 ὅσον
558 2090 659 2153 τῆς
714 2083 887 2138 αὐτοῦ
940 2079 1161 2158 μερίδος
1214 2081 1306 2137 καὶ
1386 2074 1720 2159 συγγενείας.
1781 2085 1862 2139 Κα

1992 2084 2123 2155 ejus
2156 2085 2330 2141 factio
2361 2092 2537 2158 atque
2570 2085 2862 2156 cognatio,
2910 2088 2969 2139 et
3025 2084 3150 2156 ipse
3208 2084 3649 2155 protosebastus

223 2172 388 2235 αὐτὸς
414 2170 473 2227 δὲ
502 2172 640 2228 κατά
680 2171 747 2228 τὶ
796 2173 1065 2245 ἀνάκτορα
1122 2170 1458 2251 συλληφθεὶς
1517 2172 1546 2227 6
1602 2191 1866 2247 πρωτοσε-

1992 2173 2052 2229 in
2076 2173 2293 2245 palatio
2325 2172 2783 2245 comprehensus
2818 2190 2851 2228 a
2900 2172 3168 2228 custodia
3219 2171 3648 2227 Germanorum

225 2258 425 2324 ϐαστός
457 2263 548 2317 καὶ
582 2266 794 2341 φρουρᾷ
834 2259 1158 2340 διαληφθεὶς
1208 2265 1525 2334 Γερμανῶν,
1586 2258 1646 2314 ο⁹ί
1703 2280 1866 2315 κατω-

1990 2262 2273 2335 ancipites
2330 2279 2562 2319 secures
2617 2261 2673 2317 in
2739 2261 2995 2317 humeris
3052 2261 3411 2333 gestantium
3492 2260 3648 2315 exitu

227 2349 397 2427 μαδὸν
448 2350 580 2413 τοὺς
641 2349 1034 2428 ἐτεροστόμους
1092 2349 1344 2411 πελέκεις
1393 2350 1680 2429 ἀνέχουσιν
1740 2352 1866 2423 (10)

1987 2352 2143 2409 324
2172 2351 2531 2424 prohibetur.
2566 2351 2677 2407 Sed
2735 2352 2845 2407 sub
2908 2349 3157 2405 mediam
3211 2353 3440 2405 noctem
3492 2348 3644 2405 clam

221 2439 519 2518 ἀπρόσιτος
575 2437 785 2513 ἔμενεν.
837 2439 999 2504 Αὖθις
1050 2436 1106 2494 δὲ
1159 2440 1266 2494 τῶν
1301 2440 1393 2514 μὶν
1450 2437 1740 2515 βασιλείων
1776 2438 1880 2495 λα-

220 2531 424 2604 θραίως
477 2530 569 2584 καὶ
629 2529 751 2603 περῖ
822 2529 988 2602 μέσας
1050 2527 1243 2589 νῦκτας
1303 2527 1569 2606 ἐξάγεται,
1636 2532 1753 2590 τοῖς
1822 2525 1879 2583 δὲ

216 2620 353 2673 κατὰ
390 2620 457 2674 τὸ
489 2619 638 2693 ἱερὸν
672 2618 962 2693 ἀνάκτορον
997 2617 1266 2690 οἰκήμασι
1325 2614 1552 2690 δίδοται,
1580 2618 1652 2672 ὧν
1707 2616 1880 2691 δομή-

219 2727 330 2783 τωρ
360 2710 390 2764 6
421 2707 778 2788 πατριάρχης
808 2706 996 2786 γέγονε
1051 2707 1309 2784 Μιχαὴλ,
1374 2709 1509 2781 μετά
1562 2715 1663 2778 τῆς
1707 2707 1875 2779 αὐτῆς

215 2799 306 2852 καὶ
348 2795 522 2853 πάλιν
563 2799 653 2853 καὶ
709 2795 968 2862 πλείονος
1042 2795 1441 2873 ἀσφαλεστέρας
1491 2803 1747 2876 φρουρᾶς.
1806 2799 1875 2854 ’Ὢ

212 2888 558 2964 πραγμάτων
617 2886 1027 2963 παλινστρόφου
1086 2892 1281 2964 φορᾶς,
1337 2887 1426 2942 καί
1458 2887 1649 2942 Θᾶττον
1704 2888 1739 2958 ἢ
1773 2884 1872 2943 λό-

216 2997 318 3053 γος
354 2975 828 3052 μετακλινομένης
858 2975 1030 3032 ἐνίοτε
1063 2978 1076 3034 ί
1109 2977 1170 3034 Ὀ
1210 2977 1347 3032 κατά
1376 2983 1476 3047 τῆς
1542 2976 1873 3049 Ἐκκλησίας

1986 2442 2202 2515 palatio
2233 2441 2480 2497 eductus
2511 2440 2569 2497 in
2599 2443 2746 2497 aedes
2779 2457 2959 2496 sacrze
2990 2440 3187 2505 curize,
3221 2456 3363 2509 quas
3394 2438 3639 2509 patriar-

1984 2531 2096 2587 cha
2126 2531 2371 2587 Michael
2431 2534 2660 2601 struxit,
2722 2530 3082 2602 perducitur,
3143 2545 3275 2583 cum
3336 2528 3537 2584 eadem
3579 2535 3632 2584 et

1983 2623 2206 2694 majore
2238 2638 2303 2678 ac
2337 2621 2592 2677 firmiore
2621 2621 2907 2677 custodia.
2942 2620 2985 2675 Ο
3033 2618 3499 2676 vicissitudinem
3543 2634 3630 2674 re-

1980 2728 2113 2766 rum
2173 2710 2487 2782 aliquando
2546 2710 2701 2766 dicto
2758 2709 2926 2765 citius
2989 2710 3378 2781 ingruentem.
3438 2708 3493 2765 Is
3532 2708 3631 2778 qui

1982 2800 2168 2872 pridie
2225 2799 2448 2856 bellum
2507 2799 2941 2855 atrocissimum
3001 2797 3269 2855 Ecclesiae
3325 2796 3628 2867 intulerat,

1980 2890 2348 2963 amplissima
2378 2888 2598 2945 familia
2629 2894 2812 2957 ortus,
2846 2888 2907 2944 in
2938 2904 3173 2944 summo
3232 2888 3466 2960 fastigio
3510 2886 3631 2943 col-

1977 2979 2334 3052 locatus,qui
2357 2984 2564 3036 contra
2587 2979 2849 3035 ofﬁcium
2899 2979 3197 3050 snppiices
3239 2978 3375 3034 inde
3409 2978 3632 3035 abstra-

212 3065 351 3145 χθὲς
401 3066 719 3142 εἰσενεγκὼν
780 3067 1083 3142 ἀκήρυκτον
1137 3064 1383 3140 πόλεμον
1439 3066 1513 3128 ὡς
1569 3065 1744 3129 πολὺς
1808 3066 1866 3121 τὸ

1982 3070 2120 3127 here
2143 3072 2655 3143 studuerat,quem
2673 3070 2857 3125 multa
2887 3069 3073 3125 millia
3094 3069 3629 3141 circumsonabant,

209 3155 377 3229 γένος
404 3155 494 3211 καὶ
523 3157 625 3226 τήν
665 3154 843 3231 τόχην
900 3153 1232 3231 ὑπέραυχος,
1289 3155 1380 3210 καὶ
1435 3157 1563 3219 τοὺς
1624 3154 1869 3235 φυγάδας

212 3243 421 3311 ἐκεῖθεν
450 3247 712 3301 ἀποσπῶν
747 3246 821 3307 ὡς
881 3246 982 3301 οὐκ
1045 3239 1175 3316 ἔδει,
1213 3245 1305 3301 καὶ
1364 3242 1614 3322 μυριάσιν
1674 3245 1862 3323 ὄχλων

211 3332 753 3413 περιϐομϐούμενος,
786 3338 1023 3413 σήμερον
1058 3336 1279 3411 δέσμιος
1308 3339 1396 3393 καὶ
1432 3337 1695 3410 ἀνέστιος,
1755 3360 1864 3411 μη-

202 3421 325 3480 δένο
393 3423 540 3502 ἔχων
600 3422 813 3482 ἀπαδὸν
874 3424 964 3481 καὶ
1025 3422 1389 3501 συλλήπτορα
1434 3428 1469 3497 ἢ
1505 3427 1592 3482 τὸν
1626 3427 1866 3496 σώζοντα

207 3514 303 3569 καὶ
360 3512 754 3590 λυτρούμενον.
811 3515 874 3571 Ὀ
932 3512 990 3570 δέ
1046 3512 1392 3591 ἐδυσχέραινε
1434 3516 1528 3590 μὲν
1564 3516 1696 3572 κάπί
1734 3516 1866 3572 τού-

202 3622 345 3673 τοις,
377 3602 696 3668 ἐπαθαίνετο
730 3601 787 3659 δὲ
821 3604 1083 3676 μειζόνως
1134 3602 1219 3660 ὅτι
1265 3606 1339 3678 μὴ
1375 3609 1509 3677 εῷτο
1568 3606 1867 3661 ὕπνώττειν

210 3691 322 3749 ὖπὸ
348 3697 456 3749 τῶν
490 3692 749 3772 φυλάκων
774 3693 855 3748 ἀεὶ
900 3691 1305 3749 ἐπιπιπτόντων
1346 3694 1492 3767 αὐτῷ
1514 3695 1653 3770 πρὸς
1698 3695 1861 3751 ὕπνον

211 3785 538 3863 τρεπομένῳ
593 3784 682 3839 καὶ
739 3783 1039 3858 βιαζόντων
1106 3783 1255 3855 ἱστᾷν
1327 3783 1456 3847 τοὺς
1542 3783 1863 3862 ὀφθαλμοὺς

214 3874 397 3949 ὣσπερ
422 3870 584 3948 κέρας
616 3872 651 3944 ἣ
687 3870 929 3948 σίδηρον.
958 3873 1021 3931 Ὀ
1067 3869 1125 3928 δὲ
1181 3873 1530 3953 πατριάρχης
1594 3875 1669 3947 μὴ
1733 3895 1866 3948 μνη-

216 3970 450 4023 σικακῶν
483 3963 613 4020 ἀλλ’
635 3962 920 4039 οἴκτείρων
946 3970 1046 4034 τῆς
1095 3959 1406 4039 μεταϐολῆς
1449 3967 1534 4039 [Ρ.
1586 3967 1713 4040 162]
1769 3966 1861 4020 τὸν

217 4051 500 4128 ἄνθρωπον
564 4052 855 4126 θεραπείας
901 4073 960 4108 τε
1007 4053 1196 4123 ἱκανῆς
1233 4050 1513 4127 μετεδίδου
1561 4054 1651 4110 καὶ
1738 4076 1861 4131 συγ-

216 4143 501 4221 γινόμενες
577 4142 642 4198 τὸ
700 4140 838 4218 ἄχος
896 4140 1170 4221 ἐκούφιζε,
1227 4142 1316 4198 καὶ
1380 4144 1616 4219 μετρίως
1676 4143 1863 4218 ἐκείνῳ

217 4231 612 4313 προσφέρεσθαι
696 4231 925 4306 παρῄνει
1000 4237 1116 4294 τοῖς
1172 4230 1367 4306 φύλαξι
1435 4230 1577 4308 μηδὲ
1629 4233 1863 4309 γίνεσθαι

221 4324 551 4400 βαρυτέρους
576 4322 756 4396 τόγης
811 4328 912 4391 τῆς
943 4321 1264 4392 ἐνεστώσης.
1299 4321 1374 4380 Οὖ
1413 4323 1521 4395 μήν
1551 4321 1678 4378 ἀλλ’
1724 4326 1864 4397 ἡμε-

219 4417 327 4490 ρῶν
350 4433 510 4468 τινων
546 4408 919 4466 διαλιπουσῶν
952 4412 1087 4485 ἑῷος
1110 4410 1369 4485 ἀπάγεται
1397 4408 1494 4466 τοῦ
1550 4410 1654 4466 νεὼ
1708 4411 1863 4486 ἳππῳ

222 4499 551 4577 βραχυτάτῳ
633 4497 1034 4573 ἐπικαθήμενος
1091 4500 1183 4554 καὶ
1253 4497 1651 4574 προοδεόουσαν
1720 4495 1865 4575 ἔχων
1900 4480 1945 4545 D

222 4590 458 4664 σημαίαν
483 4588 573 4645 ἐπὶ
622 4586 860 4664 καλάμῳ
916 4590 1299 4662 ἠνεμωμένην,
1354 4587 1443 4643 καὶ
1500 4591 1866 4663 παροινούμε-

221 4702 311 4744 νος
365 4680 510 4737 οὕτω
568 4681 757 4751 κατήει
788 4678 926 4756 πρὸς
978 4677 1272 4738 θάλασσαν.
1308 4679 1566 4743 Κάκεῖθεν
1596 4679 1866 4755 παραῤῥι-

225 4770 341 4849 psic
372 4767 557 4825 ἀλιάδι
588 4768 642 4832 ἐς
673 4769 735 4825 τὸ
765 4768 928 4843 πέραν
978 4767 1230 4846 ἀνάγεται
1287 4769 1424 4842 πρὸς
1490 4765 1862 4842 Ἀνδρόνικον,

224 4858 403 4917 ἔπειτα
423 4857 663 4922 καὶτοὺς
694 4857 1012 4935 ὀφθαλμοὺς
1045 4854 1402 4933 ἐξορύττεται,
1443 4861 1642 4923 κοινῶς
1694 4858 1862 4914 ἁπάν-

1982 3160 2033 3217 is
2066 3160 2340 3234 perendie
2370 3160 2905 3228 vinctus,extorris,
2928 3158 3160 3214 nullum
3192 3159 3631 3232 pedissequum,

1985 3248 2213 3306 nullum
2255 3250 2608 3321 adjutorem,
2643 3248 2869 3304 nullum
2903 3248 3194 3305 vindicem
3235 3247 3463 3305 habuit.
3496 3250 3631 3315 Qum

1982 3354 2115 3394 cum
2148 3353 2297 3409 aegre
2328 3338 2523 3408 ferret,
2557 3336 2701 3393 illud
2735 3337 2925 3410 magis
2984 3337 3358 3410 querebatur,
3393 3337 3550 3408 quod
3601 3354 3635 3392 a

1981 3428 2327 3484 custodibus
2360 3427 2611 3484 dormire
2643 3426 3071 3500 prohiberetur,
3102 3426 3353 3483 subinde
3411 3426 3634 3483 irruen-

1981 3517 2142 3573 tibus
2172 3521 2228 3573 et
2249 3517 2513 3574 immotis
2544 3518 2729 3574 oculis
2760 3521 2951 3574 astare
3007 3516 3369 3591 cogentibus.
3425 3520 3498 3572 At
3527 3533 3633 3588 pa-

1981 3606 2237 3663 triarcha
2268 3606 2485 3663 oblitus
2550 3606 2925 3679 injuriarum,
2985 3610 3041 3662 et
3093 3609 3334 3662 mutatae
3386 3604 3633 3661 fortunis

1981 3696 2278 3765 misertus,
2311 3713 2426 3753 non
2458 3713 2696 3769 parvam
2727 3696 2855 3768 ejus
2888 3711 3086 3751 curam
3139 3694 3339 3764 gessit,
3372 3695 3429 3748 et
3476 3708 3627 3748 onus

1978 3786 2127 3842 illud
2157 3802 2262 3843 suo
2295 3784 2579 3856 colloquio
2637 3785 2866 3852 levavit,
2924 3784 3167 3840 hortans
3227 3785 3291 3837 ut
3329 3781 3626 3837 moderate

1978 3891 2112 3931 cum
2141 3874 2485 3931 custodibus
2515 3878 2729 3943 ageret,
2790 3890 2977 3944 neque
3036 3870 3407 3943 arrogantius
3447 3885 3623 3941 quam

1976 3982 2082 4038 pro
2110 3965 2342 4020 fortuna
2363 3963 2717 4034 loqueretur.
2741 3961 3195 4033 Aliquotdiebus
3227 3959 3458 4032 elapsis,
3494 3975 3627 4015 ma-

1978 4056 2166 4112 tutino
2197 4059 2456 4127 tempore
2486 4070 2554 4108 ex
2586 4052 2802 4125 templo
2850 4052 3180 4118 abducitur,
3229 4054 3285 4106 et
3343 4040 3623 4107 minutis-

1977 4146 2127 4203 simo
2176 4143 2388 4216 equulo
2441 4143 2778 4215 impositus,
2811 4140 3039 4211 vexillo,
3073 4141 3227 4212 quod
3284 4139 3344 4195 in
3394 4138 3620 4196 calamo

1975 4235 2384 4303 ventilahatur,
2417 4237 2732 4307 praeeunte,
2792 4250 2892 4306 per
2948 4231 3272 4287 ludibrium
3332 4231 3403 4287 ad
3463 4245 3623 4286 mare

1978 4326 2265 4382 deductus
2292 4328 2349 4379 et
2377 4325 2436 4379 in
2467 4323 2703 4379 lintrem
2762 4323 3058 4394 conjectus
3117 4322 3184 4375 ad
3218 4319 3619 4377 Andronicum

1980 4415 2255 4470 defertur.
2290 4414 2425 4470 Post
2455 4414 2625 4468 etiam
2679 4414 2827 4471 325
2890 4412 2961 4467 de
3017 4411 3306 4467 sententia
3352 4410 3619 4467 omnium

1976 4519 2302 4576 procerum,
2327 4504 2501 4573 jussu
2532 4502 2847 4559 Andronici
2879 4506 3218 4558 exerceatur.
3268 4500 3375 4558 Hic
3434 4501 3622 4557 exitus

1977 4592 2085 4648 fuit
2115 4590 2383 4664 potentia:
2436 4609 2502 4648 ac
2559 4591 2756 4665 potius
2815 4592 3077 4648 nondum
3139 4592 3379 4648 firmatae
3435 4593 3628 4664 tyran-

1976 4681 2129 4738 nidis
2160 4685 2219 4737 et
2249 4681 2781 4738 administrationis
2813 4682 3243 4755 protosebasti;
3302 4682 3404 4754 qui
3456 4680 3527 4747 si,
3565 4684 3627 4737 ut

1977 4775 2099 4828 erat
2131 4771 2306 4828 homo
2339 4772 2420 4828 rei
2451 4771 2666 4828 bellicaa
2707 4772 2929 4844 peritus
2980 4775 3038 4828 et
3082 4789 3198 4829 non
3256 4770 3626 4845 ignavus,ita

1978 4860 2233 4933 majores
2264 4862 2462 4935 copias
2495 4865 2894 4935 comparasset
2947 4864 3002 4918 et
3050 4860 3271 4932 majore
3325 4858 3624 4932 vigilantia

1590 5018 1777 5087 Hier.
1813 5018 2053 5088 Wolﬁi
2080 5026 2284 5089 notas.

306 5163 370 5233 (9)
417 5162 486 5216 T6
517 5168 641 5236 τῆς
706 5158 914 5236 ἐκείνου
981 5157 1235 5236 γλώττης
1312 5180 1618 5236 τρυγώντες
1650 5160 1868 5236 μμελί-

222 5225 391 5315 κ-ηρον
442 5233 534 5291 καὶ
586 5225 661 5294 ὧς
707 5225 1007 5315 ἅγρωστιί
1040 5225 1271 5306 ὄμϐρον.
1345 5225 1565 5315 Favum
1650 5225 1864 5315 lingua)

224 5304 401 5371 illius.
432 5312 495 5363 ut
523 5304 1058 5380 gramen'imbrem
1083 5304 1185 5380 aut
1230 5321 1425 5380 rorem
1477 5304 1863 5380 Harmoniam

224 5385 451 5434 montes
471 5376 1252 5449 Sionii,magniloqucntiam
1276 5378 1405 5448 ejus
1435 5376 1868 5449 amplecteban-

227 5456 340 5518 tur,
369 5451 622 5507 maxima
659 5448 803 5505 cum
822 5448 1028 5503 laetitia.
1058 5448 1524 5516 redeuntes,non
1544 5464 1713 5502 secus
1734 5464 1799 5503 ac
1814 5448 1863 5501 si

228 5538 461 5578 aureum
474 5522 762 5579 saeculum
786 5525 845 5575 et
865 5518 1140 5575 molitum
1165 5520 1338 5576 molae
1357 5521 1576 5576 victum
1594 5524 1697 5574 aut
1718 5518 1862 5574 solis

228 5609 499 5665 mensam,
531 5594 863 5665 appositam
922 5591 1300 5665 reperissent.
1354 5597 1465 5646 etc.
1528 5591 1716 5665 verba
1760 5590 1859 5656 τὴν

231 5657 940 5748 ἀληλεσμένηῖίωῦ’μύλου
960 5657 1167 5716 δίαιταν
1199 5668 1483 5748 “suspecta.
1508 5664 1653 5717 mihi
1703 5669 1860 5748 sunt,

227 5733 336 5793 nisi
366 5733 444 5796 sit
462 5733 672 5796 recens
702 5733 943 5808 aliquod
985 5733 1385 5809 proverbium.
1420 5737 1730 5805 Utcunque
1762 5734 1858 5802 sit,

1980 5180 2084 5237 ego
2115 5164 2480 5237 sententiain
2504 5163 2864 5235 expressisse
2887 5165 3202 5237 contentus
3224 5159 3330 5237 fui.

2243 5233 2385 5314 Τοὺς
2469 5228 2857 5314 έτερόστόμους
2962 5228 3205 5314 πελέκεις
3308 5228 3614 5314 ἀνέχουσιν.

1974 5302 2283 5378 Τό’ίέτερον,
2315 5312 2381 5361 ut
2409 5302 2585 5378 supra
2618 5302 2795 5378 etiam
2824 5305 3050 5378 monui,
3094 5304 3154 5357 in
3186 5302 3614 5378 compositione

1973 5379 2097 5431 iere
2138 5371 2759 5462 alterutris-duobus.
2804 5374 3115 5462 significat,
3173 5379 3260 5462 ut‘
3288 5371 3621 5462 ἐτερόιρθαλ-

1978 5467 2080 5522 μσς
2111 5448 2325 5522 cocles.
2357 5448 2460 5503 His
2490 5463 2595 5517 pro
2629 5445 2877 5522 ancipiti
2908 5446 3074 5513 verti,
3106 5445 3265 5522 quod
3286 5445 3615 5522 intelligere

1971 5516 2625 5589 videturhellempartas.
2661 5517 2717 5572 Si
2752 5516 2883 5587 quis
2905 5534 3049 5589 vero
3072 5518 3408 5589 partisonas
3437 5516 3618 5579 intel-

1971 5591 2153 5672 ligere
2186 5588 2550 5672 mavult,non
2584 5588 2860 5672 impedio.
2915 5587 2989 5643 Τὸ
3040 5587 3396 5672 ἑτερόστομον
3458 5599 3616 5650 certe

1970 5658 2210 5718 nonnisi
2241 5677 2347 5734 per
2363 5658 2929 5733 ambagesmolestas
2942 5658 3178 5734 proprie
3202 5658 3613 5736 explicabitur.
