4118 6200
443 359 565 420 603

1757 348 2070 411 ΝΙΟΕΤᾹΞ
2111 349 2540 414 ΟΗΟΝΙΑΤᾸΞ

3729 354 3849 417 604

443 510 569 554 rem
599 492 902 568 gessisset,
959 493 1083 545 tam
1136 484 1532 544 Andronicum
1600 484 1766 542 urbis
1821 485 2094 559 ingressu

2214 506 2318 542 των
2345 490 2454 542 τῶν
2473 485 2526 542 ἐν
2561 487 2812 566 ὑπεροχῇ
2843 485 3211 555 συνελθόντων
3252 492 3348 544 καῖ
3407 487 3524 563 μετ’
3579 484 3857 562 Ἀνδρονί-

448 585 757 661 prohibere
787 595 966 653 quam
999 578 1124 650 ipse
1153 576 1254 632 illa
1313 575 1468 633 mala
1525 575 1743 632 evitare
1791 575 2099 650 potuisset.

449 682 596 734 Nam
651 673 722 729 de
779 667 1174 742 imperatoriis
1221 665 1516 724 thesauris
1563 681 1798 722 sumere
1840 664 2104 722 licuisset

452 769 738 838 quantum
768 757 1043 816 libuisset
1081 775 1093 814 :
1127 761 1185 813 et
1217 757 1554 814 triremibus
1585 755 1657 812 ad
1689 754 2102 812 debellandum

450 849 850 910 adversarium
883 847 968 904 uti
1025 845 1336 919 potuisset,
1369 845 1428 900 in
1481 845 1696 919 quibus
1747 844 1933 901 Latini
1992 843 2106 900 mi—

444 943 580 1001 lites
606 946 792 1008 erant,
823 942 944 994 tota
976 937 1240 992 Romana
1278 934 1468 991 classe
1522 934 1798 1006 potiores,
1829 935 1931 990 toti
1991 933 2104 990 fer-

447 1031 531 1090 rei
562 1033 622 1088 et
649 1026 902 1085 cruenti.
935 1025 1234 1082 Enimvero
1261 1039 1420 1090 eum,
1449 1025 1565 1080 fato
1611 1023 1979 1090 adversante,
2011 1038 2104 1078 se-

446 1121 709 1197 gniorem
729 1115 1098 1174 Andronicus
1127 1114 1317 1171 factus
1341 1112 1588 1168 alacrior
1627 1113 1854 1184 evertit,
1888 1111 2106 1169 illustri

451 1209 694 1267 victoria
723 1207 984 1281 potitus;
1015 1204 1277 1278 quidum
1309 1202 1465 1258 ultra
1491 1203 1708 1258 fretum
1737 1201 1929 1258 adhuc
1975 1217 2104 1258 ver-

456 1303 705 1366 saretur,
739 1297 938 1353 missis
973 1293 1314 1353 triremibus
1371 1309 1500 1364 qua
1558 1307 1840 1364 magnum
1893 1292 2103 1348 ducem

457 1389 856 1460 sequebantur
876 1389 933 1442 et
949 1383 1192 1441 delectis
1222 1400 1291 1440 ex
1313 1399 1416 1438 suo
1455 1381 1692 1438 exerciti
1741 1381 2102 1452 cohortibus,

455 1479 676 1538 bellum
707 1475 930 1533 Latinis
976 1475 1036 1529 in
1089 1473 1234 1529 urbe
1286 1471 1662 1528 versantibus
1719 1469 1915 1526 infert.
1958 1470 2103 1526 Cum

451 1573 650 1624 autem
672 1565 899 1621 urbana
921 1577 1155 1635 quoque
1177 1559 1490 1616 multitudo
1517 1559 1746 1616 animos
1775 1565 1976 1615 contra
2005 1574 2104 1615 eos

448 1655 806 1727 sumpsisset
835 1656 892 1708 et
922 1650 1167 1708 invicem
1202 1651 1272 1706 ad
1289 1653 1526 1706 strenue
1549 1649 1702 1706 326
1721 1649 2104 1720 pugnandum

446 1743 734 1804 cohortati
770 1745 989 1808 essent,
1020 1743 1178 1796 terra
1235 1739 1501 1810 marique
1558 1737 1732 1794 simul
1775 1741 2101 1810 pugnatum

2206 597 2305 632 κου
2335 577 2434 646 τὴν
2465 577 2726 650 τοιαύτην
2757 579 2948 654 πρᾶξιν
3007 581 3434 654 κυρωσαμένων.
3491 580 3598 638 Καὶ
3637 580 3856 636 τοιοῦτο

2211 665 2306 739 μὶν
2363 665 2430 720 τά
2482 673 2584 737 τῆς
2639 671 2738 722 τοῦ
2785 664 3244 744 πρωτοσεϐαστοῦ
3302 668 3771 741 παραδυναστείας
3819 672 3856 740 ἢ

2212 753 2426 829 μᾶλλον
2457 753 2612 812 οὔπω
2640 757 2908 834 παγείσης
2956 755 3198 835 ἀκριϐῶς
3232 757 3542 833 τυραννίδος
3599 758 3692 816 καὶ
3757 765 3857 830 τῆς

2207 845 2316 896 τῶν
2346 846 2564 914 ξκοινῶν
2622 845 2960 921 πραγμάτων
3033 843 3356 916 διοικήσεως
3410 847 3576 922 πέρας
3629 845 3860 924 εἷ’λήφε-

2208 951 2322 991 σαν.
2355 934 2498 1008 Εἶχε
2529 933 2625 1008 μὲν
2659 931 2751 990 οὖν
2790 935 2886 998 τὰς
2917 939 3110 1011 χεῖρας
3177 936 3254 998 εἰς
3314 937 3608 1012 παράταξιν
3669 935 3858 998 ἱκανάς

2206 1021 2451 1085 καὶτοὺς
2511 1020 2812 1088 δακτύλους
2845 1025 2982 1100 πρὸς
3039 1023 3290 1100 πόλεμον
3337 1022 3670 1097 ἐδεδίδακτο,
3731 1024 3862 1081 ἴσως

2209 1107 2256 1165 δ’
2287 1109 2346 1166 ἂν
2379 1111 2469 1167 καὶ
2509 1111 2726 1168 πλείονι
2757 1111 3008 1188 πολέμου
3040 1118 3351 1189 παρασκευῇ
3382 1113 3471 1170 καὶ
3518 1115 3669 1190 ὁρμῇ
3727 1115 3862 1184 ὀξυ-

2205 1202 2336 1277 τὲρᾳ
2363 1203 2708 1278 χρησάμενος
2739 1209 2820 1275 τῷ
2848 1225 2908 1260 τε
2945 1201 3286 1279 Ἀνδρονίκῳ
3313 1205 3414 1274 τήν
3458 1203 3536 1268 είς
3566 1205 3668 1274 τὴν
3693 1203 3863 1261 πόλιν

2207 1289 2446 1366 πάροδον
2475 1293 2792 1372 ἀπετείχισε
2819 1293 2906 1349 καὶ
2975 1291 3160 1349 ἐαυτὸν
3223 1294 3512 1369 ἀπείρατον
3571 1291 3866 1373 διεφύλαξε

2205 1385 2304 1436 τοῦ
2333 1379 2632 1458 ἐφεστῶτος
2662 1387 2852 1438 κακοῦ·
2885 1388 3060 1438 ποιεῖν
3091 1383 3192 1458 γὰρ
3229 1383 3317 1439 ἐπὶ
3369 1388 3490 1446 τοῖς
3552 1383 3866 1460 βασιλείοις

2209 1466 2446 1540 ἠδύνατο
2479 1474 2770 1547 θησαυροῖς
2806 1473 2981 1528 ὁπόσα
3026 1467 3328 1545 ἠϐούλετο,
3385 1472 3479 1528 καὶ
3524 1479 3647 1536 ταῖς
3705 1475 3869 1548 τριή-

2212 1579 2356 1636 ρεσιν
2413 1559 2536 1632 ἐνῆν
2595 1563 2906 1637 χρήσασθαι
2970 1563 3107 1639 πρὸς
3174 1563 3274 1633 τὴν
3333 1565 3430 1619 τοῦ
3473 1562 3870 1637 ἀνθισταμέγου

2209 1649 2654 1726 καταπολέμησιν
2707 1650 2769 1707 αἶ’
2810 1652 2874 1708 τὸ
2931 1651 2992 1708 ἐκ
3037 1651 3278 1708 Λατίνων
3339 1653 3491 1728 ε’ίχον
3553 1654 3870 1722 ὁπλιτικὸν,

2211 1741 2354 1798 οὕτω
2397 1744 2490 1815 μὶν
2521 1741 2962 1818 ἐπικρατέστερον
3018 1738 3074 1798 ὅν
3135 1747 3230 1798 τοῦ
3287 1743 3605 1816 Ῥωμαϊκοῦ
3663 1745 3871 1800 πάντά·

449 1839 540 1894 est
571 1854 586 1905 ;
619 1837 677 1890 et
707 1831 898 1888 Latini
929 1847 963 1886 a
991 1829 1223 1886 duobus
1283 1827 1638 1884 exercitibus
1697 1827 2100 1895 circumventi,

2214 1853 2338 1888 πασι
2369 1835 2645 1901 ναυτικοῦ,
2677 1831 2825 1886 οὕτω
2883 1829 2941 1886 δὶ
2981 1829 3307 1907 πάγχαλκον
3364 1831 3455 1887 καὶ
3512 1830 3647 1888 ὅλον
3703 1833 3872 1905 αἱμο-

455 1926 597 1996 quia
612 1939 674 1978 se
695 1921 1006 1978 defendere
1032 1935 1146 1974 non
1171 1921 1462 1989 poterant,
1493 1919 1559 1972 ut
1605 1915 1856 1988 quisque
1891 1918 2102 1989 potuit,

449 2012 702 2071 salutem
729 2009 1144 2083 quasiverunt,
1177 2007 1394 2080 apertis
1425 2007 1497 2062 ad
1522 2005 1916 2078 diripiendum
1961 2006 2100 2062 aedi-

446 2101 583 2172 bus,
613 2116 738 2170 quas
770 2097 954 2172 plenae
990 2097 1327 2152 divitiarum
1373 2095 1565 2152 omnis
1611 2093 1844 2168 generis
1865 2111 2098 2152 eorum-

444 2209 555 2265 que
575 2191 864 2247 bonorum
887 2188 1125 2244 fuerunt
1146 2204 1273 2260 quae
1299 2185 1574 2243 mortales
1595 2189 1863 2259 expetere
1882 2188 2096 2245 solent.

441 2282 641 2354 Neque
669 2278 826 2336 enim
863 2277 1207 2345 consistere,
1241 2291 1432 2348 neque
1479 2280 1776 2333 Romanos
1803 2277 2101 2344 invadere,

449 2388 642 2445 neque
671 2385 873 2428 eorum
897 2369 1184 2441 impetum
1216 2367 1506 2424 sustinere
1549 2368 1864 2424 audebant.
1899 2369 2103 2440 Itaque

449 2461 573 2530 alii,
606 2475 719 2532 quo
737 2474 868 2516 sors
899 2456 1053 2523 tulit,
1077 2457 1135 2512 in
1169 2457 1313 2512 urbe
1369 2463 1507 2512 sunt
1563 2456 1853 2528 dispersi;
1886 2457 1986 2514 alii
2039 2459 2099 2514 in

451 2555 795 2623 magnatum
840 2547 992 2604 cedes
1039 2549 1390 2616 evaserunt;
1449 2545 1549 2602 alii
1603 2544 1796 2618 longis
1855 2546 2102 2605 navibus

453 2654 696 2698 suorum
729 2635 1099 2710 popularium
1133 2633 1471 2692 conscensis
1501 2633 1718 2690 ferrum
1751 2635 1845 2691 vix
1902 2652 2102 2693 evase-

448 2727 724 2793 runt.Qui
747 2725 1157 2798 comprehensi
1179 2724 1358 2796 fuere,
1385 2723 1593 2798 capitis
1616 2728 1754 2780 sunt
1790 2725 2052 2782 damnati
2084 2746 2100 2796 ;

448 2833 656 2876 omnes
687 2817 769 2873 rei
803 2813 1112 2871 familiaris
1139 2814 1432 2886 jacturam
1487 2813 1768 2870 fecerunt.
1811 2813 2104 2872 Triremes

445 2923 582 2965 vero
615 2905 876 2979 fugitivis
907 2903 1118 2978 plenae,
1149 2907 1208 2960 et
1262 2901 1550 2976 portubus
1594 2902 1758 2960 urbis
1790 2902 1848 2960 in
1880 2903 2102 2962 Helles-

454 3002 700 3072 pontum
733 2998 1035 3068 provectm,
1067 3009 1133 3050 eo
1193 2991 1286 3049 die
1343 2992 1414 3048 ad
1473 2991 1700 3050 insulas
1731 2992 2020 3066 Principis
2050 2997 2108 3051 et

459 3092 695 3144 Protam
713 3088 1068 3156 ceterasque
1092 3082 1222 3138 urbi
1249 3082 1493 3152 vicinas,
1525 3099 1640 3140 non
1688 3083 1748 3139 in
1794 3083 1908 3140 alto
1939 3085 2103 3154 sitas,

463 3175 836 3248 appulerunt.
853 3171 1155 3239 Postridie,
1187 3170 1489 3228 nonnullis
1511 3187 1708 3229 earum
1735 3175 2106 3232 monasteriis

461 3263 741 3329 incensis,
771 3262 915 3319 velis
945 3261 1238 3334 remisque
1261 3261 1674 3320 discesserunt.
1699 3264 1944 3321 Nemine
1999 3282 2103 3322 au-

456 3359 574 3413 tem
597 3351 1108 3428 persequente,ubi
1130 3350 1348 3425 placuit
1368 3351 1654 3412 descensu
1685 3355 1858 3426 iacto,
1892 3356 2104 3413 Roma-

453 3444 546 3502 nis
569 3441 858 3516 q'iidquid
888 3446 1126 3514 potuere
1159 3447 1506 3500 nocuerunt.

457 3552 574 3603 σαν,
675 3532 711 3602 ἢ
812 3529 948 3586 κατὰ
973 3528 1264 3604 Ῥωμαίων
1363 3529 1670 3602 ἐπήλθοσαν
1703 3527 1885 3604 αὸτοὶ,

2143 3219 2190 3286 C

2214 1920 2400 1998 χαρές.
2431 1920 2613 1977 Ἀλλὰ
2641 1917 2738 1976 τοῦ
2781 1921 3084 1996 μορσίμου,
3110 1920 3185 1984 ὡς
3233 1917 3430 1990 ἔοικεν,
3490 1921 3876 1996 αντικροὺσαν·

2209 2031 2302 2072 τος
2335 2011 2363 2066 ὁ
2398 2011 2492 2084 μὲν
2529 2010 2592 2066 τὸ
2643 2009 2927 2086 πρόθυμον
2987 2008 3352 2086 ὑπεχάλασεν,
3411 2009 3768 2086 Ἀνδρόνικος
3827 2008 3872 2065 δ’

2211 2099 2474 2163 ἐπιτείνας
2547 2098 2864 2155 ὑπεσκέλισε
2917 2099 3137 2155 τουτονί
3193 2099 3284 2154 καὶ
3343 2097 3650 2176 ὑπέδραμεν
3719 2101 3877 2158 ἀντι-

2211 2188 2504 2264 τρὲχοντα,
2535 2188 2627 2243 καὶ
2683 2189 2782 2258 τήν
2821 2187 2977 2259 νίκην
3029 2185 3288 2262 λαμπρὰν
3340 2189 3702 2264 ἀπηνέγκατο.
3766 2191 3875 2254 Ὃς

2209 2275 2468 2333 καὶκατὰ
2503 2277 2600 2346 τὴν
2655 2275 2878 2352 περαίαν
2929 2271 3010 2332 ἔτι
3067 2271 3384 2354 διατρίϐων,
3431 2275 3643 2342 στείλας
3698 2281 3878 2355 τριή·

2211 2385 2324 2441 ρεις
2355 2365 2478 2422 ὅσάι
2547 2365 2725 2422 ὀπίσω
2783 2365 2880 2422 τοῦ
2937 2365 3178 2442 μεγάλου
3239 2363 3432 2429 δουκὸς
3477 2366 3872 2438 ὴολοὺθησαν

2209 2455 2315 2512 κάκ
2366 2456 2473 2511 τῶν
2534 2455 3124 2528 συνακολουθησάντων
3190 2455 3341 2530 αὖτῷ
3409 2457 3546 2513 κατᾶ
3621 2455 3874 2534 πάροδον

2213 2550 2618 2622 στρατιωτικῶν
2659 2545 2982 2621 καταλόγων
3045 2545 3184 2601 ἃπαν
3243 2544 3553 2618 ἐπίλεκτον,
3609 2545 3872 2624 πόλεμον

2213 2641 2497 2710 συγκροτεῖ
2545 2637 2680 2692 κατᾶ
2743 2639 2850 2692 τῶν
2910 2635 2962 2691 ἐν
3015 2639 3084 2710 τῇ
3143 2635 3304 2692 πόλει
3354 2637 3623 2696 Λατίνων,
3657 2639 3768 2695 Καὶ
3808 2636 3876 2708 δὴ

2211 2725 2300 2780 καὶ
2331 2729 2430 2780 τοῦ
2463 2723 2646 2798 δήμου
2675 2731 2774 2795 τῆς
2803 2724 3021 2790 πόλεως
3063 2723 3542 2800 ἀνεθαρῥήσαντος
3593 2730 3710 2782 κατ’
3772 2729 3878 2784 αὖ-

2210 2818 2318 2870 τῶν
2377 2815 2471 2869 καὶ
2527 2812 2816 2886 ἀλλήλους
2875 2813 2928 2877 ἐς
3004 2816 3372 2891 συνασπισμὸν
3458 2818 3879 2892 παραθήξαντος

2214 2901 2501 2968 θαλάττιος
2559 2905 2698 2976 ὁμοῦ
2753 2903 2844 2958 καὶ
2895 2902 3130 2978 ἐπίγειος
3189 2900 3302 2981 ἔρις
3335 2903 3546 2985 φύεται.
3593 2907 3698 2962 Καὶ
3733 2909 3877 2983 πρὸς

2215 2989 2371 3067 ἄμφα
2403 2993 2470 3048 τά
2516 2992 2706 3064 πλήθη
2767 2990 3163 3068 κυκλωσάμενᾶ
3217 3013 3274 3048 τε
3338 2995 3430 3050 καὶ
3489 2995 3881 3070 περιζώσαντα

2218 3082 2296 3156 μή
2363 3081 2736 3138 ἀντιπαλαίειν
2793 3082 3070 3146 σθένοντες
3137 3082 3188 3138 οἱ
3247 3087 3494 3155 Λατῖνοι,
3557 3084 3632 3146 ὡς
3690 3085 3877 3161 εἶχον,

2217 3170 2443 3238 ἕκαστος
2473 3173 2664 3244 σώζειν
2693 3171 2917 3236 ἑαυτοὺς
2948 3167 3310 3243 ἐπεϐάλοντο,
3339 3174 3436 3238 τὰς
3484 3174 3662 3238 οἰκίας
3717 3175 3880 3232 ἀνέν-

2217 3285 2306 3326 τες
2334 3263 2570 3339 πλήρεις
2593 3262 2839 3320 πλούτου
2869 3265 3071 3326 παντὸς
3126 3263 3216 3320 καὶ
3257 3263 3566 3321 πολυειδῶν
3635 3266 3878 3343 ἀγαθῶν,

2214 3351 2390 3410 ὁπόσα
2467 3351 2892 3426 μεταδιώκουσιν
2977 3353 3278 3429 ἄνθρωποι,
3325 3359 3445 3419 τοῖς
3501 3353 3878 3432 βουλομένοις

2211 3445 2590 3520 προνὸμευμα.
2623 3441 2750 3500 οὐδὲ
2777 3444 2878 3522 γὰρ
2941 3443 3112 3519 μένειν
3166 3445 3304 3500 κατὰ
3364 3446 3552 3522 χώραν
3611 3445 3876 3520 ἐτόλμη-

1989 3533 2024 3603 ἤ
2065 3532 2213 3598 ὅλως
2246 3533 2496 3598 ἐπιόντας
2599 3533 2922 3606 ὑπέστησαν,
2951 3533 3226 3598 Ἐντεῦθεν
3257 3534 3310 3588 οἱ
3389 3535 3484 3610 μὶν
3523 3537 3663 3590 κατὰ
3701 3535 3874 3591 πόλιν

452 3618 832 3695 διασπαρέντες
889 3620 964 3682 ὡς
1022 3616 1234 3694 ἔτυχεν,
1268 3617 1434 3675 ἄλλοι
1491 3621 1846 3696 προσρυέντες
1903 3619 2080 3686 οἷ’κοις
2148 3623 2534 3701 ὑπερηφάνοις,
2602 3625 2654 3678 οἱ
2708 3619 2767 3678 δὲ
2821 3623 2912 3677 καὶ
2969 3626 3077 3678 τῶν
3136 3626 3361 3698 μακρῶν
3405 3619 3693 3688 ἐπιϐάντες
3722 3631 3876 3696 νηῶν

451 3712 512 3774 ἅς
542 3709 812 3784 ἐκλήρουν
871 3710 925 3764 ot
955 3707 1232 3787 ὁμόφυλοί
1290 3729 1491 3788 σφισιν,
1550 3708 1803 3788 ἐξέφυγον
1865 3709 2031 3785 μόλις
2091 3711 2155 3769 τὸ
2218 3711 2464 3788 μαχαίρᾳ
2513 3717 2839 3788 περιπεσεῖν.
2907 3711 3128 3768 Ὀπόσοι
3159 3709 3215 3768 δὲ
3272 3711 3712 3792 συνελήφθησαν,
3779 3716 3873 3770 θα-

451 3799 600 3873 νάτῳ
663 3796 1111 3870 ὑπεδικάσθησαν.
1173 3797 1374 3860 Πάντες
1416 3797 1602 3873 μέντοι
1648 3799 1743 3862 τὰς
1796 3801 1984 3865 οὐσίας
2056 3795 2422 3858 ἀπεϐάλυντο.
2479 3802 2551 3859 Αἱ
2592 3799 2648 3856 δὲ
2702 3798 2937 3876 πλήρεις
2995 3806 3102 3857 τῶν
3174 3799 3645 3878 δραπετευσάντων
3704 3805 3874 3878 τριή-

459 3911 572 3968 ρεις
599 3895 708 3945 τῶν
735 3896 836 3960 τῆς
866 3887 1083 3950 πόλεως
1151 3887 1468 3964 ἀναχθεῖσαι
1527 3886 1769 3964 λιμὲνῶν
1827 3888 1918 3944 καὶ
1981 3889 2249 3966 βλέψασαι
2308 3891 2444 3966 πρὸς
2497 3887 2909 3961 Ἑλλήσποντον
2968 3891 3032 3946 τὸ
3088 3891 3184 3964 μὶν
3239 3888 3434 3946 λεῖπον
3493 3898 3597 3963 τῆς
3654 3894 3877 3969 ἡμέρας

448 3981 656 4053 ἐκείνης
711 3983 830 4042 ταῖς
884 3980 1076 4050 νήσοις
1141 3982 1606 4053 προσωρμηκυῖαι
1657 3976 1997 4055 ἐξεπέραναν,
2071 3979 2266 4055 ρπόσαι
2357 3979 2552 4055 μικρὸν
2631 3976 2827 4043 ἄποθεν
2906 3985 3008 4049 τῆς
3088 3977 3375 4054 βασιλίδος
3466 3979 3869 4058 ἀμφιρῥέονται

446 4068 664 4134 πόλεως
707 4072 784 4145 μὴ
816 4067 954 4126 πάνυ
983 4067 1264 4145 πελάγιαι,
1297 4069 1443 4147 φημὶ
1475 4065 1542 4138 δὴ
1573 4069 1674 4139 τήν
1725 4067 2028 4146 Πρίγκιπον
2085 4069 2176 4126 καὶ
2224 4071 2324 4140 τὴν
2386 4071 2473 4144 [Ρ.
2536 4071 2660 4143 163]
2717 4070 2950 4144 Πρώτην
3010 4069 3100 4124 καὶ
3158 4068 3282 4124 ἆσαι
3341 4069 3468 4144 περὶ
3522 4069 3684 4130 αὑτὰς
3745 4069 3876 4125 ἀνίη

449 4181 646 4238 σχουσι
704 4163 802 4215 τοῦ
873 4160 1061 4236 βυθοῦ·
1128 4159 1228 4228 τήν
1290 4154 1336 4212 δ“
1405 4156 1662 4212 ἐπιοῦσάν
1719 4177 1837 4212 τινα
1891 4161 1997 4212 τῶν
2067 4157 2120 4214 ἐν
2181 4159 2368 4224 αὐταῖς
2413 4161 2572 4235 ἱερῶν
2651 4177 3078 4238 φροντιστηριων
3162 4157 3587 4235 πυρπολήσασαι
3671 4157 3872 4236 ἐξῆραν

451 4250 650 4308 ἐκεῖθεν
676 4251 889 4316 κώπαις
930 4250 1160 4312 ἀπάσαις
1215 4249 1308 4304 καὶ
1367 4244 1766 4304 διαπετασθεῖσι
1824 4245 2064 4324 λαίφεσιο
2123 4247 2367 4323 Μηδενὸς
2435 4247 2482 4304 δ’
2544 4245 2957 4321 ἐπιδιώκοντος,
3012 4246 3138 4304 ἔνθα
3189 4249 3254 4318 ἦν
3312 4249 3452 4324 πρὸς
3509 4247 3726 4324 βουλῆς
3783 4271 3877 4306 κα·

451 4342 755 4420 ταίρουσαι.
787 4337 957 4420 ἔδρων
989 4343 1020 4398 ὅ
1046 4363 1098 4398 τι
1123 4339 1214 4397 καὶ
1246 4340 1400 4416 εἶχον
1428 4339 1592 4395 κακὸν
1614 4341 1742 4403 τοὺς
1775 4337 1946 4395 ἒκεῖσε
1976 4339 2310 4414 Ῥωμαίους.

526 4435 612 4490 12.
649 4433 863 4491 Diebus
893 4433 1014 4490 illis
1041 4437 1270 4490 cometa
1297 4432 1359 4488 in
1392 4431 1537 4489 ccslo
1588 4435 1937 4504 conspectus
1991 4435 2105 4502 est,
2134 4435 2183 4501 D

459 4521 562 4594 qui
591 4522 970 4591 gravissimas
999 4523 1150 4580 827
1187 4521 1400 4591 clades,
1427 4538 1554 4595 quas
1586 4525 1911 4579 consecuta
1943 4525 2105 4591 sunt,

455 4611 952 4688 portendit,atque
980 4611 1176 4685 ipsum
1196 4611 1340 4668 adeo
1367 4611 1765 4668 Andronicum
1798 4611 2103 4685 expressit.

454 4705 600 4756 Nam
623 4703 952 4772 serpentem
985 4700 1292 4758 sinuosum
1325 4708 1749 4771 repraesentans
1792 4718 1950 4758 nunc
1973 4717 2106 4774 por-

458 4787 936 4861 rigebatur,nunc
965 4789 1024 4846 in
1065 4789 1256 4861 spiras
1286 4805 1349 4844 se
1379 4787 1708 4861 colligebat,
1761 4806 1916 4846 nunc
1973 4805 2109 4848 cum

453 4879 694 4936 horrore
720 4877 1103 4947 intuentium,
1127 4876 1295 4950 quasi
1318 4876 1633 4949 inferiores
1683 4893 1753 4933 ex
1783 4877 1900 4934 alto
1931 4880 2107 4936 devo-

457 4973 695 5028 raturus
723 4972 880 5026 esset
934 4967 1181 5025 humani
1239 4966 1547 5040 sanguinis
1606 4967 1831 5039 avidus,
1874 4973 2108 5025 vastum

453 5060 665 5117 rictum
697 5057 1010 5130 aperiebat.
1070 5054 1185 5112 Sed
1241 5070 1374 5112 cum
1436 5069 1553 5110 non
1611 5054 1768 5111 ultra
1802 5055 1914 5112 diei
1949 5056 2109 5112 illius

452 5147 746 5220 reliquum
769 5151 828 5203 et
854 5149 1120 5203 secutam
1142 5147 1373 5201 noctem
1399 5143 1956 5213 durasset,evanuit.
1995 5145 2109 5202 Λο-

455 5240 666 5313 cipiter
693 5253 928 5313 quoque
960 5235 1210 5310 aucupio
1243 5233 1612 5304 exercitatus,
1642 5233 1836 5304 albus,
1877 5233 2112 5292 vincula

458 5329 704 5401 pedibus
734 5332 997 5400 gestans,
1029 5327 1130 5400 qui
1163 5324 1384 5398 plumis
1424 5323 1484 5381 in
1519 5323 1656 5382 nido
1689 5339 1841 5398 saepe
1881 5323 2114 5383 amissis

457 5419 836 5490 repubuerat,
869 5419 942 5475 ab
974 5417 1196 5475 oriente
1255 5417 1316 5474 in
1377 5415 1550 5474 Verbi
1602 5417 1928 5474 maximum
1959 5421 2110 5475 tem-

457 5507 623 5575 plum
661 5505 910 5564 tetendit
967 5523 1035 5563 ac
1089 5505 1516 5564 Thomaiticam
1564 5506 1747 5563 adem
1805 5507 2145 5580 ingressus.

457 5591 672 5648 multos
702 5595 774 5650 ad
805 5593 896 5651 sui
926 5595 1329 5667 spectaculum
1365 5595 1621 5653 attraxit.
1685 5595 1870 5652 Erant
1929 5596 2110 5654 etiam

461 5679 562 5754 qui
593 5695 728 5738 eum
783 5682 1274 5754 comprehendere
1332 5684 1672 5742 studerent:
1724 5700 1928 5742 verum
1988 5685 2115 5758 ipse

2287 4429 2380 4506 ιβ’.
2439 4428 2574 4484 Κατ’
2628 4427 2836 4492 ἐκείνας
2895 4423 2954 4482 δὲ
3017 4425 3112 4488 τὰς
3169 4425 3381 4502 ἡμέρας
3445 4425 3538 4484 καὶ
3607 4429 3878 4502 κομήτης

2215 4519 2384 4598 ἐφάνη
2417 4521 2537 4575 κατ⁹
2565 4518 2814 4595 οὐρανὸν,
2877 4517 3273 4591 ὑποσημαίνων
3339 4519 3406 4574 τὰ
3460 4517 3700 4592 ἐσόμενά
3736 4519 3876 4594 χεί-

2217 4631 2376 4686 ριστα
2429 4608 2520 4666 καὶ
2576 4607 2737 4664 αὑτὸν
2775 4606 3019 4684 ἀτεχνῶς
3075 4605 3458 4684 διαχαράττων
3481 4605 3875 4684 ,Ἃνδρόνικοψ

2216 4695 2398 4778 ὄφεως
2435 4697 2538 4775 γὰρ
2569 4704 2763 4772 σχῆμα
2792 4697 2881 4751 καὶ
2914 4693 3122 4772 ’ἑλιγμα
3151 4699 3186 4768 ἡ
3233 4701 3330 4752 τοῦ
3389 4695 3637 4775 φανέντος
3692 4697 3879 4771 civil).-

2221 4809 2390 4866 ματος
2444 4786 2572 4863 ὅψις
2631 4783 2966 4842 διατυποῦσα
3013 4783 3099 4842 νῦν
3161 4787 3256 4860 μὲν
3351 4783 3636 4856 διετέτατο,
3723 4787 3880 4859 μετᾶ

2222 4877 2400 4956 βραχὺ
2431 4875 2477 4932 δ’
2541 4873 3057 4954 ἀμφιπεριελίσσετο
3115 4874 3192 4939 εἷς
3249 4873 3473 4944 ὁλκοὺς,
3525 4874 3727 4932 ἄλλοτε
3789 4878 3878 4944 εἰς

2217 4969 2412 5047 χάσμα
2467 4965 2794 5042 ἀνοιγομένη
2846 4965 3121 5040 στόματος
3179 4960 3352 5046 φόϐον
3427 4965 3656 5022 ἐνεποίει
3747 4974 3880 5032 τοῖς

2219 5055 2516 5130 θεωμένοις
2546 5055 2713 5112 οἱονεὶ
2743 5055 3166 5129 καταγάσκουσα
3210 5054 3258 5125 ἐξ
3292 5054 3466 5129 ὕψους
3523 5059 3634 5111 τῶν
3686 5057 3882 5111 κάτω-

2221 5157 2306 5211 θεν
2340 5145 2431 5202 καὶ
2490 5142 2792 5220 ἀνδρομέου
2849 5143 3168 5220 γλιχομένη
3217 5145 3471 5218 αἳματος·
3503 5145 3738 5220 Ἡμέρας
3775 5147 3884 5201 οὗν

2221 5235 2435 5306 ἐκείνης
2465 5235 2527 5290 τὸ
2563 5236 2730 5309 μήπω
2782 5231 3112 5310 ἐκμετρηθὲν
3168 5231 3260 5288 καὶ
3315 5234 3418 5302 τήν
3469 5231 3720 5290 ἐπιοῦσαν
3775 5235 3884 5289 v5-

2219 5346 2320 5382 κτα
2351 5321 2636 5400 διαρκέσας
2666 5323 3006 5398 ἠφάντωται.
3049 5319 3227 5378 ’Δλλὰ
3283 5322 3375 5377 καὶ
3419 5321 3566 5396 ἰἑραξ
3617 5327 3716 5378 τοῦ
3775 5325 3883 5392 θη-

2221 5414 2392 5490 ρεύειν
2450 5414 2594 5484 ἐθὰς,
2653 5411 2848 5476 λευκὸς
2898 5413 3002 5484 τήν
3031 5409 3323 5477 πτίλωσιν,
3377 5410 3506 5474 τοὺς
3553 5409 3724 5473 πόδας
3757 5410 3884 5466 λω-

2223 5501 2646 5580 ροπεδούμενος.
2678 5503 2811 5560 κάπὶ
2868 5501 3066 5564 καλιᾶς
3125 5500 3536 5578 πτερορρυήσας
3595 5498 3882 5558 πολλάκις

2220 5594 2311 5650 καὶ
2343 5593 2409 5648 αὗ
2442 5592 2606 5649 πάλιν
2635 5587 2958 5666 ἀνηϐηκὼς,
2997 5587 3257 5666 ὥρμησεν
3289 5587 3350 5646 ἐκ
3379 5596 3478 5660 τῆς
3506 5586 3581 5646 ’ἔω
3614 5589 3754 5665 πρὸς
3811 5591 3881 5647 τὸ

2219 5686 2317 5741 τοῦ
2347 5681 2527 5761 Λόγου
2555 5677 2806 5758 μέγιστον
2835 5681 3082 5758 τέμενος,
3121 5679 3212 5736 καὶ
3265 5679 3356 5738 τὸν
3409 5668 3701 5758 Θωμαΐτην
3751 5679 3887 5734 εἰσ-
