4118 6200
292 382 418 447 603

1463 378 1803 444 ALEXIUS
1844 377 2260 443 MANUELIS
2306 378 2593 442 FILIUS.

3597 390 3713 452 606

296 516 404 573 ιὼν
448 512 618 587 δόμον
668 509 920 575 πολλοὺς
976 509 1116 568 κατά
1171 513 1364 590 φήμην
1439 514 1628 576 θεατάς
1714 511 1935 591 ἐφειλκῦ

2074 511 2289 568 indein
2323 525 2603 585 magnum
2633 512 2915 585 palatium
2946 511 3282 587 pervolavit,
3327 523 3381 575 el
3438 533 3616 591 super
3652 536 3721 578 eo

295 625 454 662 σατο.
486 604 657 660 Ἦσαν
691 599 739 657 δ’
771 599 826 657 οἳ
858 601 949 657 καὶ
1004 598 1358 677 διετεχνῶντο
1423 598 1714 659 συλλαϐεῖν
1773 601 1957 659 αὐτὸν.

292 695 366 753 Ὀ
432 690 479 749 δ’
537 692 738 757 ἐκεῖθεν
795 689 977 765 ἀρθεὶς
1032 692 1271 762 κατέπτη
1331 692 1468 767 πρὸς
1526 693 1588 748 τὸ
1637 691 1771 766 μέγα
1805 689 1959 765 βασί-

294 782 478 853 λειον,
507 782 734 837 καίἅνω
751 783 850 836 τοῦ
882 781 1184 854 οἰκήματος
1236 783 1581 846 καταπαύσας
1637 781 1689 836 ἐν
1739 782 1785 854 ᾧ
1828 780 1956 844 τοὺς

298 872 587 949 ὑπογυίως
615 872 742 932 τοὺς
796 866 985 945 ἃρχειν
1040 868 1482 944 ἐπειλημμένους
1543 869 1768 926 εἴθισται
1820 870 1956 945 πρὸς

292 966 401 1016 τοῦ
462 959 650 1034 δίμου
716 961 917 1021 παντὸς
985 959 1411 1035 ἀνευφημεῖσθαι
1492 960 1954 1039 στεφανηφόρους,

303 1052 429 1125 μετ’
487 1049 551 1105 οὗ
602 1048 749 1105 πολὺ
808 1047 1043 1103 ἐπάνεισι
1099 1048 1267 1105 πάλιν
1323 1052 1460 1126 πρὸς
1508 1051 1598 1106 τὸν
1642 1052 1794 1106 νεών.
1855 1051 1955 1104 Καὶ

287 1142 400 1209 τὴν
454 1139 722 1209 τοιαύτην
777 1135 1086 1213 περιοδείαν
1136 1144 1370 1214 τρια-σῶς
1432 1137 1743 1202 σταδιεῦσας
1796 1137 1952 1194 ὕστε-

288 1250 392 1305 ρον
424 1230 587 1303 παρά
623 1250 721 1283 του
775 1228 1059 1304 θηρεύεται
1120 1230 1206 1284 καὶ
1265 1228 1539 1305 εἰσάγεται
1583 1235 1662 1302 τῷ
1716 1229 1951 1305 βασιλεῖ.

284 1324 405 1375 τῶν
445 1321 540 1392 μὲν
577 1317 669 1373 οῦν
714 1314 995 1380 πλείστοις
1059 1317 1281 1391 μέλλειν
1351 1318 1543 1374 αὐτίκα
1600 1316 1949 1391 ’Δνδρόνικον

315 1408 509 1487 συληφ
559 1415 678 1478 ἤναι
747 1406 1031 1477 οίωνίζετο
1091 1404 1300 1462 ἐνθένδε
1348 1407 1439 1463 καὶ
1506 1405 1659 1472 δίκας
1707 1408 1949 1485 γενναίας

293 1497 532 1576 ὖφέεειν,
599 1495 711 1552 ἐπεῖ
760 1497 848 1551 καὶ
883 1495 936 1559 ἐς
983 1495 1143 1552 αὐτὸν
1178 1493 1410 1571 ἔφασκον
1444 1498 1683 1573 ἀτεχνῶς
1714 1499 1776 1553 τό
1808 1497 1949 1552 οίώ-

284 1605 466 1662 νισμα
510 1586 739 1668 ἀφορᾷν,
799 1584 1120 1649 πλειστάκις
1176 1585 1518 1662 ἐνειρχθέντα
1584 1585 1950 1663 δεσμωτηρίῳ

2069 603 2328 658 canclavi
2359 603 2625 658 consedit
2656 603 2715 658 in
2772 621 2888 676 quo
2949 621 3151 662 recens
3201 606 3446 678 imperio
3479 610 3715 680 potitos,

2069 692 2401 748 diademate
2460 693 2787 762 redimitos,
2843 694 2914 749 ab
2963 693 3123 750 omni
3181 696 3397 767 populo
3441 697 3725 755 celebrari

2070 783 2249 839 moris
2280 787 2388 839 est.
2424 782 2604 838 Paulo
2627 787 2759 854 post
2789 783 2859 839 ad
2920 782 3202 855 templum
3262 786 3604 856 revertitur;
3658 794 3719 846 et

2065 872 2175 927 hoc
2204 873 2451 928 circuitu
2488 877 2573 928 ter
2603 879 2834 944 peracto
2865 874 3101 929 tandem
3133 891 3166 929 a
3195 875 3450 945 quodam
3508 883 3714 949 captus

2064 962 2134 1017 ad
2169 962 2583 1032 imperatorem
2643 962 2903 1018 affertur.
2964 964 3025 1018 Id
3086 966 3414 1036 auspicium
3475 967 3714 1037 quidam

2065 1048 2233 1121 plane
2247 1050 2318 1104 ad
2336 1043 2729 1105 Andronicum
2746 1051 3196 1124 referentes,qui
3210 1058 3266 1108 et
3285 1053 3609 1124 saepissime
3653 1055 3710 1110 in

2063 1150 2355 1196 carcerem
2377 1140 2677 1210 conjectus
2695 1146 2748 1195 et
2764 1156 2945 1195 canus
2958 1145 3270 1210 esset,cum
3287 1143 3487 1198 statim
3504 1160 3704 1216 poenas

2062 1230 2214 1287 828
2246 1229 2627 1302 gravissimas
2681 1230 2957 1285 daturum
3012 1231 3565 1303 interpretabantur.
3598 1234 3707 1288 Sed

2063 1320 2470 1391 prudentiores
2528 1324 2585 1374 et
2634 1318 3078 1375 sublimioribus
3146 1322 3370 1393 praediti
3431 1322 3704 1395 ingeniis,

2058 1408 2316 1464 volatum
2350 1407 2515 1462 illum
2550 1410 2637 1461 ter
2674 1410 2985 1479 repetitum
3025 1409 3345 1464 triennium
3379 1409 3706 1479 signiﬁcare

2058 1497 2418 1564 asserebant,
2479 1513 2591 1565 quo
2639 1497 2696 1550 in
2750 1498 2990 1568 imperio
3074 1504 3276 1555 exacto
3334 1500 3706 1557 Andronicus

2060 1602 2269 1642 rursus
2299 1585 2359 1640 in
2393 1584 2654 1641 custodia
2683 1589 2741 1641 et
2772 1586 3152 1658 compedibus
3186 1588 3419 1643 futurus
3450 1593 3624 1644 esset.

289 1677 389 1733 καὶ
443 1698 509 1731 το
563 1676 664 1745 τῆς
718 1673 964 1753 κεφαλῆς
1013 1675 1278 1752 τρίχωμα
1335 1676 1711 1752 χιονοόμενονο
1773 1678 1825 1731 oi
1875 1674 1931 1731 δδ
1986 1696 2047 1751 γε
2104 1675 2414 1752 σοφώτερόν
2467 1694 2520 1728 τι
2578 1668 2981 1748 προϐλέποντες
3038 1675 3128 1729 καὶ
3175 1677 3238 1730 τὸ
3270 1680 3482 1755 φρονεῖν
3516 1670 3706 1749 ὑψιϐά·

292 1787 462 1842 μονες
491 1766 702 1841 τριετὲς
730 1762 937 1840 ἕλιγμα
964 1767 1225 1841 χρονικὸν
1252 1767 1351 1836 τήν
1378 1767 1598 1843 τριττήν
1631 1766 1706 1829 είς
1732 1766 1793 1821 τὸ
1824 1766 1954 1821 αὖτό
1982 1766 2300 1837 κατάντημα
2329 1770 2525 1833 πτῆσιν
2556 1763 2900 1839 ἰσχυρίζοντο
2930 1764 3347 1838 προσημαίνειν¹
3381 1764 3471 1820 καὶ
3520 1763 3704 1820 τελευ-

290 1862 454 1913 ταῖον
473 1854 625 1918 αὖθις
659 1852 1011 1929 Ἀνδρόνικον
1044 1856 1282 1930 φρουράν
1314 1855 1403 1911 καὶ
1428 1853 1738 1920 ποδοκάκας
1764 1852 2229 1929 καθυποδέχεσθαι
2261 1852 2548 1925 Ῥωμαίων
2577 1853 2924 1928 κατάρξαντα.

377 1947 597 2002 Πάντων
678 1942 724 1999 δ’
812 1943 865 2007 ές

292 2033 523 2097 λοῖσθος
552 2033 604 2097 ἐς
633 2032 795 2089 αὐτὸν
816 2038 1131 2110 περαιοῦται
1172 2036 1201 2090 ὁ
1253 2035 1600 2111 πατριάρχης
1657 2032 1943 2098 Θεοδόσιος

289 2127 439 2200 μετά
494 2128 601 2180 τῶν
660 2124 914 2203 λογίμων
960 2125 1056 2180 τοῦ
1106 2126 1375 2199 βήματος.
1405 2126 1464 2184 Ὀ
1493 2126 1586 2199 μὲν
1616 2126 1711 2181 οὖν
1746 2126 1823 2190 είς
1848 2127 1947 2195 τὴν

282 2216 487 2270 ἑαυτοῦ
516 2213 752 2292 ἐγγίζειν
810 2215 1014 2284 σκηνὴν
1073 2214 1165 2269 τὸν
1221 2213 1381 2288 μέγαν
1436 2214 1697 2291 ἀρχιερέα
1752 2212 1947 2270 ἑνωτι-

286 2304 529 2378 σάμενος
592 2302 785 2374 ἔξεισιν
842 2303 999 2370 εὓθίις
1031 2304 1167 2380 πρὸς
1222 2304 1537 2379 ὑπάντησιν,
1597 2305 1799 2375 στολήν
1839 2308 1949 2380 ἠμ-

287 2396 585 2469 φιεσμένος
648 2395 880 2471 σχιστήν
937 2389 1214 2471 ίοϐάφινον
1279 2395 1421 2470 ὓφῆς
1485 2400 1585 2464 τῆς
1645 2391 1944 2471 Ἰϐηρικῆς,

287 2482 373 2545 εἷς
418 2482 624 2558 γόνατα
680 2484 771 2538 καὶ
831 2482 1099 2559 γλουτοὺς
1153 2486 1267 2558 (ti)
1343 2479 1767 2540 καταϐαίνουσαν
1853 2487 1944 2540 καὶ

284 2574 638 2643 πυκάζουσαν
667 2573 736 2627 τὰ
772 2569 877 2633 ἓως
935 2573 1254 2648 βραχίονος,
1311 2573 1400 2628 καὶ
1459 2571 1941 2649 πυραμιδουμένην

284 2661 611 2737 καλύπτραν
671 2664 734 2736 τῇ
791 2660 1001 2741 κεφαλῇ
1071 2662 1469 2737 περικείμενος,
1517 2664 1792 2738 καπνηράν
1840 2665 1941 2733 τήν

286 2752 516 2828 χροιάνο
551 2750 644 2806 καῖ
672 2752 809 2827 πρὸς
838 2755 947 2806 τῶν
979 2751 1211 2807 ἱππείων
1258 2751 1455 2831 χηλῶν
1513 2747 1698 2809 ϐαλὼν
1753 2754 1940 2809 ἑαυτὸν

287 2841 471 2896 ἔκειτο
498 2839 887 2914 τετανυσμένος
921 2839 1085 2915 μέγας
1138 2840 1473 2919 μεγαλωστί.
1532 2844 1679 2897 Μετά
1747 2845 1939 2917 μικρὸν

289 2926 345 2985 δ’
384 2930 689 3000 ἀνίσταται,
719 2930 811 2985 καὶ
842 2934 949 2986 τῶν
976 2934 1073 2985 τοῦ
1138 2931 1483 3007 πατριάρχοο
1543 2930 1727 2989 ποδῶν
1786 2953 1941 3009 περι-

285 3020 574 3099 λιχμᾶται
602 3021 671 3075 τά
694 3017 969 3093 πέλματα,
1000 3027 1222 3095 σωτῆρα
1248 3026 1345 3077 τοῦ
1407 3020 1678 3097 βασιλέως
1731 3023 1940 3078 ἀποκαο

282 3108 429 3180 λῶν,
465 3108 726 3181 ζηλωτὴν
757 3114 855 3166 τοῦ
883 3109 1082 3182 καλοῦ,
1122 3114 1221 3180 τῆς
1272 3111 1532 3183 ἀληθείας
1597 3112 1937 3189 ὑπέρμαχον,

283 3204 371 3271 τῷ
422 3203 614 3277 χρυσῷ
660 3200 762 3268 τὴν
817 3198 1068 3276 γλῶτταν
1128 3202 1347 3275 Ἰωάννῃ
1424 3201 1789 3275 άνθάμιλλον,
1846 3203 1937 3258 καὶ

954 1942 1291 2020 ’Λνδρόνικον
1374 1942 1937 2021 διαπορθμευομένωνἸ

2127 1943 2633 2000 Omnibusautem
2692 1945 2762 1998 ad
2820 1945 3213 2001 Andronicum
3262 1946 3700 2017 navigantibus,

2052 2040 2385 2107 postremus
2414 2033 2682 2089 omnium
2721 2033 2896 2088 etiam
2951 2033 3283 2105 patriarcha
3334 2035 3699 2092 Theodosius

2054 2139 2186 2179 cum
2212 2121 2510 2195 primariis
2533 2122 2939 2178 sacerdotibus
2961 2122 3315 2191 trajicit.Qui
3341 2139 3475 2178 cum
3508 2125 3702 2195 ponti-

2053 2211 2219 2267 ﬁcem
2280 2212 2351 2267 ad
2408 2227 2587 2267 suum
2665 2210 2977 2266 tentorium
3030 2211 3301 2267 accedere
3354 2211 3699 2281 audivisset,

2054 2302 2251 2359 statim
2310 2303 2365 2359 ei
2411 2302 2641 2358 obviam
2701 2301 2984 2375 procedit,
3044 2306 3202 2358 veste
3261 2302 3502 2358 indutus
3560 2303 3703 2359 fissa

2053 2391 2293 2449 violacei
2324 2391 2557 2460 coloris,
2587 2390 2712 2447 telis
2764 2390 3016 2460 Ibericae,
3078 2406 3265 2462 usque
3320 2393 3388 2447 ad
3428 2407 3620 2465 genua
3648 2396 3705 2448 et

2054 2482 2284 2539 cubitos
2336 2482 2684 2555 pertinente,
2746 2482 2962 2553 pileum
3024 2482 3084 2537 in
3142 2482 3332 2554 capite
3375 2498 3608 2555 gerens,
3639 2485 3699 2541 in

2053 2577 2287 2628 acutam
2320 2570 2642 2644 pyramidis
2671 2570 2862 2627 instar
2890 2570 3432 2643 desinentem,pulli
3454 2572 3698 2643 coloris;

2050 2666 2108 2718 et
2137 2666 2389 2733 quantus
2445 2664 2590 2728 erat,
2624 2676 2686 2715 se
2742 2661 2812 2715 ad
2865 2660 2996 2729 equi
3057 2659 3307 2732 ungulas
3362 2662 3695 2732 prosternit.

2051 2749 2233 2805 Paulo
2264 2753 2394 2821 post
2415 2748 2691 2820 assurgit,
2723 2752 2781 2805 et
2813 2748 3156 2821 patriarchae
3188 2748 3413 2821 plantas
3455 2751 3701 2806 deoscu-

2050 2838 2181 2895 lans
2208 2854 2339 2897 eum
2372 2838 2736 2911 imperatoris
2766 2842 3146 2907 servatorem,
3176 2838 3502 2895 honestatis
3532 2857 3699 2896 ama-

2051 2937 2257 3001 torem,
2287 2930 2551 2986 veritatis
2610 2934 3104 3002 propugnatorem
3153 2938 3317 2985 vocat
3371 2936 3430 2986 et
3482 2931 3699 2987 Joanni

2049 3020 2463 3091 Chrysostomo
2495 3020 2982 3092 comparandum,
3002 3018 3165 3075 nullo
3186 3019 3508 3077 honorifico
3531 3020 3701 3078 titulo

2051 3109 2469 3184 praetermisso.
2529 3108 2866 3166 Patriarcha
2922 3124 3079 3179 vero,
3119 3108 3221 3181 qui
3278 3112 3407 3165 tum
3442 3110 3697 3181 primum

2047 3199 2448 3256 Andronicum
2499 3199 2754 3267 videbat,
2813 3199 3143 3256 accuratius
3190 3214 3257 3255 eo
3323 3198 3694 3271 perlustrato,

280 3293 462 3345 πᾶσαν
493 3289 644 3360 αὐτῷ
660 3288 1031 3364 προσηγορίαν
1074 3292 1157 3364 [Ρ.
1190 3291 1315 3363 404]
1355 3291 1650 3366 περιτιθεὶς
1706 3293 1935 3368 ἀγαθήν.

2051 3288 2898 3360 animadversoquevisutruoi,
2930 3289 3158 3345 occulto
3181 3288 3433 3359 ingenio,
3467 3288 3697 3347 callidis

277 3380 355 3435 Ὀ
395 3375 453 3433 δὲ
498 3378 625 3434 τότε
681 3378 916 3454 πρώτως
993 3376 1340 3455 Ἀνδρόνικον
1407 3380 1756 3455 θεασάμενος,
1826 3382 1940 3439 ἐπεὶ

291 3469 633 3542 κατηθρήκει
674 3468 1081 3544 περιεργότερόν
1154 3467 1380 3545 βλέμμα
1446 3470 1672 3547 γοργὸν,
1736 3473 1941 3528 ὑποκα-

297 3558 554 3630 θειμένον
606 3556 883 3635 φρόνημα,
939 3556 1247 3636 σοφιστικὸν
1301 3557 1390 3612 καὶ
1448 3559 1728 3635 περίεργον
1785 3563 1938 3631 ἦθος,

290 3643 516 3715 ἡλικίας
544 3643 858 3721 ἀναδρομὴν
889 3644 942 3709 ἐς
986 3643 1127 3701 πόδα
1184 3643 1409 3703 δέκατον
1475 3653 1672 3723 μικροῦ
1728 3649 1940 3706 ἀνατεί-

283 3755 513 3804 νουσαν,
568 3736 855 3811 ἀγέρωχον
935 3732 1197 3811 βάδισμα,
1258 3736 1423 3814 ὀφρὺν
1480 3736 1934 3795 ἐπιλλώπτουσαν

292 3826 619 3900 ὑπεροψίαν,
691 3826 1069 3904 φροντιστικόν
1137 3845 1195 3881 τε
1249 3827 1335 3881 καὶ
1398 3826 1484 3882 ἐπὶ
1552 3829 1797 3891 συννοίας
1854 3830 1934 3885 ἀεὶ

283 3912 603 3990 ἄνθρωπον,
631 3911 926 3976 ταλανίσας
963 3915 1092 3979 τοὺς
1157 3915 1405 3992 ἀφρόνως
1465 3914 1632 3992 ἄνδρα
1684 3924 1933 3974 τοιοῦτον

283 4002 758 4077 εἷσοικισαμένους
826 4002 908 4058 ἐπ’
966 4004 1283 4074 ἀνηκέστοις
1341 4005 1544 4061 ἑαυτῶν
1604 4013 1931 4086 συμφοραῖς,

284 4112 314 4145 α
346 4092 520 4166 ’Δκοῇ
556 4092 672 4165 μὲν,
705 4092 891 4169 φησὶν,
924 4091 1124 4162 ἤκουόν
1156 4113 1252 4148 σου
1276 4092 1338 4148 τό
1382 4096 1669 4170 πρότερον,
1726 4101 1817 4151 νῦν
1875 4095 1933 4152 δὲ

274 4181 370 4235 καὶ
427 4181 688 4253 ἑωράκειν
732 4182 822 4237 καὶ
882 4182 1137 4259 ἐγνώκειν
1190 4188 1459 4262 σαφῶς.»
1510 4186 1608 4240 Καὶ
1640 4186 1704 4240 αὗ
1761 4185 1929 4243 πάλιν

274 4271 344 4325 τὸ
370 4274 470 4325 τοῦ
493 4268 664 4345 Δαβὶδ
696 4270 1023 4333 ἀποκναίσας
1056 4273 1193 4326 εἷπε’
1230 4295 1258 4323 ‹‹
1290 4273 1544 4347 Καθάπερ
1594 4274 1928 4349 ἠκούσαμεν,

276 4359 429 4415 οὕτω
457 4360 545 4415 καὶ
592 4358 830 4435 είδομεν,
867 4384 894 4412 ››
951 4358 1206 4435 αἱμύλως
1257 4362 1664 4436 καθαπτόμενος
1705 4362 1930 4440 Ἀνδρο-

269 4449 433 4504 νίκὸυ
489 4450 572 4510 οἷς
627 4450 693 4504 τὰ
762 4457 864 4519 τῆς
916 4449 1265 4520 ὑπαντήσεως
1313 4449 1502 4524 ἐκείνῳ
1555 4450 1635 4524 τῷ
1688 4458 1926 4527 σκηνικῷ

273 4539 513 4613 ὁπεξῆρε
533 4546 637 4609 τῆς
668 4540 920 4615 γνώμης,
980 4539 1166 4594 ἑαυτὸν
1224 4537 1491 4619 ἐδαφίζων
1544 4542 1636 4596 καὶ
1692 4540 1927 4615 κυνηδὸν

269 4630 776 4703 προσκνυζόμενος,
854 4628 1133 4706 ἀναφέρων
1206 4627 1318 4701 ἃμα
1373 4628 1440 4684 τά
1504 4629 1731 4709 ὀφθέντα
1784 4633 1922 4708 πρὸς

268 4718 412 4791 ἅπερ
442 4717 594 4789 αὐτῷ
625 4715 955 4791 ἀπήγγειλεν
980 4718 1008 4771 ὁ
1061 4716 1316 4792 βασιλεὺς
1374 4719 1664 4791 Μανουήλ,
1722 4718 1923 4792 διαζω-

263 4809 495 4883 γραφῶν
554 4804 635 4877 τῷ
695 4803 845 4880 λόγῳ
900 4801 1246 4878 Ἀνδρόνικον
1299 4805 1390 4860 καὶ
1449 4808 1566 4862 οἷον
1631 4808 1920 4884 ἀγνοοῦντι

259 4894 433 4956 τιθεὶς
464 4894 721 4969 ὑπόψιον.
775 4891 931 4949 Ἀλλ’
991 4894 1094 4949 οὐκ
1149 4889 1310 4960 ἔλαθε
1362 4896 1428 4951 τὸ
1493 4901 1603 4952 τῶν
1655 4896 1916 4973 ῥημάτων

260 4983 633 5063 ἄμφοτερίζον
661 4983 753 5039 τὸν
802 4980 1143 5057 πολύμητιν
1209 4981 1583 5061 Ἀνδρόνικονο
1652 4987 1771 5044 ὅθεν
1829 4990 1920 5045 καὶ

259 5080 335 5150 τῇ
387 5080 496 5130 τῶν
553 5073 857 5151 λεχθέντων
914 5072 1117 5150 διπλόῃ
1178 5075 1252 5138 ὡς
1305 5077 1391 5131 οἷα
1457 5075 1707 5152 διπάλτῳ
1782 5080 1920 5161 ξίφει

252 5166 493 5239 τρωθεὶς
542 5165 645 5233 τήν
712 5165 924 5240 ψυχὴν,
984 5163 1072 5219 καὶ
1127 5166 1231 5234 τὴν
1289 5168 1630 5240 σκυζομένην
1669 5171 1789 5224 οἷον
1827 5188 1917 5241 καὶ

257 5260 540 5331 συνηρεφῆ
601 5258 707 5308 τῶν
762 5253 978 5334 ὀφρύων
1043 5259 1138 5309 τοῦ
1225 5255 1569 5333 πατριάρχου
1651 5262 1915 5335 γραμμήν

249 5347 365 5399 τῶν
426 5337 582 5397 ἔιδον
643 5341 733 5397 καὶ
788 5343 914 5419 περὶ
976 5343 1161 5420 ψυχὴν
1219 5344 1539 5420 κινημάτων
1573 5345 1744 5420 εὐρὼν
1777 5366 1917 5421 προ-

2051 3387 2101 3436 ει
2120 3378 2403 3435 affectetis
2433 3378 2718 3445 moribus,
2751 3380 2977 3433 statura
3006 3380 3074 3433 ad
3118 3378 3317 3434 decem
3373 3380 3491 3437 fere
3519 3380 3696 3451 pedes

2049 3472 2416 3541 assurgente,
2450 3467 2700 3539 superbo
2758 3467 3017 3536 incessu,
3058 3468 3299 3525 arrectis
3348 3468 3697 3541 superciliis,

2048 3559 2201 3616 829
2234 3558 2544 3614 severitate
2573 3557 2883 3615 ettristitia
2906 3563 3208 3630 perpetua,
3237 3559 3550 3615 miseratus
3596 3575 3697 3615 eos

2047 3648 2150 3721 qui
2170 3648 2343 3705 talem
2365 3647 2551 3703 virum
2575 3647 2634 3702 in
2654 3647 2969 3718 perniciem
2996 3664 3164 3703 suam
3201 3647 3641 3703 accersivissent
3673 3663 3688 3704 :

2052 3760 2073 3788 α
2100 3737 2412 3805 Hactenus,
2441 3737 2653 3808 inquit,
2686 3736 2902 3805 audivi,
2937 3752 3095 3792 nunc
3123 3735 3298 3792 etiam
3337 3735 3458 3789 vidi
3487 3740 3545 3792 et
3582 3752 3693 3808 pa-

2044 3827 2161 3883 lam
2186 3826 2487 3899 cognovi.»
2510 3829 2586 3881 Ac
2617 3826 2956 3883 Davidicum
2998 3825 3139 3880 illud
3173 3842 3288 3881 non
3322 3826 3449 3880 sine
3493 3824 3688 3882 dolore

2043 3915 2281 3988 adjicit:
2316 3915 2435 3972 «Ut
2466 3914 2906 3983 audivimus,ita
2922 3931 3157 3986 quoque
3186 3914 3464 3971 vidimus.
3490 3937 3518 3965 »
3549 3915 3686 3979 Qui-

2043 4006 2153 4061 bus
2181 4004 2374 4060 verbis
2401 4003 2553 4059 salse
2590 4003 3016 4076 perstringebat
3073 4002 3412 4059 simulatum
3463 4005 3687 4060 Andro-

2043 4095 2157 4150 nici
2190 4109 2500 4151 occursum
2533 4098 2590 4150 et
2619 4093 3098 4150 submissionem.
3129 4094 3315 4149 Simul
3361 4093 3535 4150 etiam
3568 4110 3686 4151 me-

2041 4182 2224 4240 moria
2254 4182 2550 4254 repetebat
2587 4182 2761 4237 verba
2812 4181 3100 4238 Manuelis
3157 4183 3544 4255 imperatoris,
3585 4184 3688 4256 qui

2041 4274 2440 4329 Andronicum
2499 4273 2770 4330 Oratione
2817 4274 3157 4346 depinxerat
3227 4278 3285 4330 et
3363 4274 3687 4346 ignorantis

2039 4364 2383 4437 patriarchae
2406 4362 2581 4418 veluti
2603 4362 2787 4419 oculis
2814 4363 3160 4435 subjecerat.
3191 4364 3300 4420 Sed
3336 4363 3447 4420 illa:
3476 4365 3682 4422 verbo-

2037 4470 2167 4509 rum
2192 4454 2469 4525 ambages
2491 4452 2806 4509 Andronici
2824 4453 3199 4526 sagacitatem
3225 4470 3339 4510 non
3362 4452 3681 4523 latuerunt,

2036 4544 2136 4616 qui
2159 4542 2453 4615 ambiguis
2486 4541 2601 4599 illis
2626 4542 2819 4600 verbis
2851 4551 3130 4616 tauquam
3188 4543 3428 4615 ancipiti
3485 4544 3679 4616 gladio

2036 4634 2392 4703 vulneratus,
2424 4633 2549 4690 visa
2565 4633 3009 4706 superciliorum
3034 4633 3377 4705 patriarchae
3411 4633 3680 4691 subtristi

2032 4727 2090 4780 et
2118 4723 2303 4780 densa
2332 4724 2481 4781 serie
2514 4725 2584 4780 ad
2617 4724 2819 4781 oculos
2847 4727 3279 4796 vergente,quae
3307 4724 3683 4781 afi‘ectionum

2032 4813 2213 4870 animi
2243 4814 2415 4871 index
2440 4818 2629 4871 esset:
2654 4835 2681 4864 ιι
2708 4815 2869 4884 Ecce,
2901 4813 3115 4886 inquit,
3143 4813 3438 4870 occultum
3489 4816 3685 4870 Arme-

2032 4905 2252 4960 nium.»
2288 4904 2436 4960 Nam
2468 4908 2634 4976 patre
2664 4903 2935 4961 Armenio
2963 4907 3137 4959 natus
3178 4919 3307 4960 esse
3366 4902 3681 4958 ferebatur.

2032 4993 2244 5049 Eodem
2275 4993 2520 5050 dicteria
2550 5009 2678 5050 eum
2708 4993 2852 5049 alias
2875 5009 3109 5064 quoque
3139 4990 3497 5064 perstringit,
3542 5003 3679 5044 cum

2029 5082 2089 5137 in
2120 5082 2411 5155 colloquio
2442 5083 2661 5139 dolenti
2695 5082 2909 5138 similis
2939 5082 3156 5137 diceret
3186 5096 3248 5136 se
3282 5095 3461 5134 unum
3493 5078 3679 5149 impc-

2030 5172 2241 5228 ratoris
2266 5172 2451 5227 Alexii
2482 5177 2817 5228 curatorem
2872 5183 3201 5243 superesse,
3232 5168 3359 5223 sine
3387 5166 3504 5223 ullo
3552 5181 3684 5222 mo-

2029 5260 2333 5317 lestiarum
2366 5265 2422 5316 et
2486 5261 2750 5317 laborum
2812 5260 2994 5327 socio,
3053 5273 3125 5313 ne
3184 5256 3496 5312 sanctitate
3553 5257 3678 5327 qui-

2028 5350 2157 5405 dem
2189 5350 2317 5419 ejus
2372 5349 2529 5404 880
2586 5349 2925 5419 adjuvante,
2983 5361 3324 5418 quanquam
3354 5345 3405 5402 ei
3447 5344 3678 5403 Manuel

1596 5490 1782 5559 Hier.
1825 5491 2065 5562 Wolﬁi
2104 5498 2304 5560 notae.

326 5632 444 5706 ίΗ)
476 5631 568 5691 Ἐς
614 5628 818 5716 γρνατα
873 5630 959 5685 καὶ
1018 5627 1301 5705 γλουτούς.
1351 5632 1625 5693 Γλουτούς
1682 5635 1914 5692 videtur

2048 5652 2062 5693 ι
2118 5651 2338 5710 ponere
2387 5652 2508 5693 non
2561 5652 2668 5710 pro
2717 5635 3014 5711 clunibus,
3058 5641 3160 5699 sed
3204 5657 3311 5716 pro
3342 5644 3520 5714 suris,
3551 5642 3672 5700 ἀντὶ

243 5698 561 5783 γαατροκνη
572 5698 666 5776 μίδ
672 5722 744 5756 ων
756 5743 769 5757 .
