4118 6200
451 340 567 401 607

1765 339 2072 402 ΝΙΟΕΤλΕ
2110 339 2543 404 ΕΗΟΝΙΑΤᾸΞ

3741 344 3859 407 608

455 474 642 533 Alexii
674 475 777 531 ﬁlii
810 490 1010 531 curam
1063 473 1423 544 mandasset,
1478 477 1536 532 et
1590 474 1821 547 imperii
1851 474 2098 531 admini-

2215 475 2538 551 μνήστριαν,
2576 494 2602 529 ε
2641 470 2770 543 Ἴδε,
2811 472 2967 551 φησὶ,
3004 471 3168 549 βαθὺς
3207 472 3520 547 Ἀρμένιος,
3555 496 3584 527 »
3626 474 3745 531 ἐπεὶ
3771 477 3861 532 καὶ

461 566 807 625 strationem
840 563 1012 619 etiam
1064 580 1181 636 praa
1229 563 1495 636 cognatis
1529 563 1944 621 commisisset.
2003 563 2107 620 Cui

461 653 795 732 patriarcha
825 653 1128 725 respondit
1160 670 1222 710 se
1245 654 1370 725 jam
1404 653 1541 710 olim
1566 652 2021 711 sollicitudinem
2037 654 2108 710 de

458 745 807 817 imperatore
835 742 1194 814 deposuisse,
1223 741 1334 799 hoc
1365 747 1454 800 est
1483 744 1637 800 inter
1679 746 1940 800 mortuos
1970 759 2106 800 eum

456 851 791 906 numerare,
822 839 1207 909 posteaquam
1238 836 1610 894 Andronicus
1640 837 1846 894 urbem
1880 837 2106 910 ingres-

459 943 560 983 sus
589 942 782 982 rerum
818 925 1392 982 administrationem
1427 927 1770 999 susceperit.
1818 927 1941 992 Quo
1981 942 2107 983 res-

455 1032 640 1089 ponso
664 1015 943 1071 confusus
973 1015 1361 1082 Andronicus,
1395 1020 1452 1072 et
1491 1032 1554 1072 se
1604 1015 1956 1072 intellexisse
1986 1016 2108 1072 dis-

452 1105 767 1173 simulans,
802 1105 1025 1177 rogavit
1051 1103 1191 1175 quid
1222 1104 1332 1160 sibi
1365 1104 1538 1162 vellet
1567 1122 1636 1161 ea
1660 1105 1867 1175 oratio,
1898 1121 2108 1177 Quam-

456 1196 544 1253 vis
576 1195 719 1252 satis
744 1194 917 1251 sciret
946 1193 1216 1249 divinum
1272 1194 1466 1250 virum
1520 1194 1687 1266 pueri
1738 1193 2109 1267 imperatoris

462 1289 707 1343 mortem
768 1284 1127 1356 designasse.
1190 1287 1263 1340 At
1323 1282 1443 1353 ille,
1497 1299 1573 1339 ne
1626 1284 1809 1341 feram
1886 1274 2109 1356 alioqui

456 1380 657 1434 contra
687 1391 749 1431 se
781 1374 1111 1446 rugientem
1148 1373 1336 1444 magis
1369 1374 1647 1440 irritaret,
1681 1378 1778 1430 aut
1822 1373 2109 1431 camelum

452 1467 525 1524 ad
557 1465 798 1522 solitum
820 1464 1108 1521 vomitum
1139 1467 1498 1534 provocarat,
1540 1462 1763 1519 dictum
1812 1463 1959 1519 illud
1995 1463 2110 1520 alio

454 1555 719 1623 detorsit,
753 1571 819 1610 ac
854 1570 915 1610 se
940 1554 1065 1625 jam
1098 1554 1262 1621 olim,
1295 1558 1351 1608 et
1376 1552 1703 1609 canonibus
1735 1556 1791 1608 et
1833 1553 1996 1609 senio
2029 1569 2114 1609 re-

457 1657 591 1697 rum
621 1640 1132 1697 administratione
1169 1639 1683 1707 interdicentibus,
1700 1640 2111 1713 imperatorem

457 1747 665 1786 curare
694 1729 962 1797 desiisse,
998 1745 1185 1801 neque
1216 1728 1392 1786 licere
1423 1728 1533 1785 sibi
1569 1729 1885 1786 mundanis
1939 1730 2110 1786 rebus

458 1819 750 1891 implicari
780 1836 795 1888 ;
827 1826 1101 1891 praeterea
1130 1820 1323 1889 ipsum
1354 1818 1756 1874 Andronicum
1780 1818 1871 1875 vel
1916 1817 2106 1876 solum

456 1923 659 1981 parem
691 1924 821 1964 esse
851 1908 1191 1980 imperatori
1223 1908 1544 1964 educando.

2210 564 2276 619 τὸ
2339 568 2594 639 πατρῷον
2678 562 2834 640 γένος
2915 561 2965 637 ἐξ
3026 562 3327 638 Ἀρμενίων
3389 560 3566 619 ἕλκειν
3624 562 3862 642 ἐλέγετο.

2213 656 2387 710 Τοῦτο
2419 651 2477 708 δὲ
2506 651 2594 709 καὶ
2627 651 2833 709 ἄλλοτέ
2861 672 2996 709 ποτε
3040 651 3347 727 ἐπέσκωψεν
3411 651 3465 716 ἐς
3522 652 3686 709 αύτὸν
3750 655 3869 712 Ἀν-

2216 740 2488 819 δρόνικος,
2529 743 2617 798 ὅτε
2648 743 2675 797 ὁ
2712 742 2807 817 μὶν
2837 741 2974 817 πρὸς
2999 742 3092 797 τὸν
3132 742 3485 818 πατριάρχην
3542 745 3636 799 τὸν
3702 741 3865 820 λόγον

2213 830 2542 905 ποιούμενος
2574 830 2870 908 ἀχθομένῳ
2901 830 3059 905 ἐῴκει
3114 832 3206 887 καὶ
3250 830 3417 907 μόνος
3475 830 3871 913 ὕπολελεῖφθαι

2212 925 2310 977 τοῦ
2344 919 2615 997 βασιλέως
2645 920 2891 992 Ἀλεξίου
2920 917 3180 996 κηδεμὼν
3226 918 3407 997 ἔλεγε,
3451 918 3660 996 μηδένα
3725 921 3871 998 ἔχων

2215 1011 2307 1067 τὸν
2375 1011 2758 1084 συμπονοῦντά
2804 1032 2863 1066 τε
2916 1010 3008 1066 καὶ
3064 1010 3462 1087 συγκάμνοντα,
3523 1009 3659 1086 μηδ’
3700 1012 3869 1082 αὐτὴν

2212 1103 2315 1171 τήν
2349 1100 2554 1156 ἐκείνου
2588 1100 2875 1177 άγιότητα,
2906 1099 3104 1177 καίπερ
3141 1105 3239 1156 τοῦ
3262 1100 3532 1177 βασιλέως
3593 1101 3872 1173 Μανουὴλ

2214 1193 2306 1246 καὶ
2344 1190 2645 1265 πατρὸςτῷ
2681 1189 2897 1266 βασιλεῖ
2938 1189 3165 1264 Ἀλεξίῳ
3205 1190 3257 1254 ές
3317 1191 3479 1248 αὐτὸν
3535 1192 3870 1267 ἀναθεμένου

2214 1284 2306 1339 τὸν
2370 1284 2715 1360 πατριάρχην
2742 1284 2844 1353 τὴν
2899 1285 2996 1338 τοῦ
3022 1284 3143 1338 υἱοῦ
3185 1283 3577 1361 τημελούχησι
3599 1309 3625 1340 ν
3654 1286 3747 1340 καὶ
3777 1287 3879 1355 τὴν

2216 1377 2314 1429 τοῦ
2383 1374 2614 1449 κράτους
2691 1374 2840 1445 αὐτῷ
2922 1368 3249 1448 κυϐέρνησιν
3314 1375 3447 1452 ὑπὲρ
3507 1374 3637 1438 τοὺς
3692 1376 3876 1450 τούτῳ

2214 1462 2352 1519 κατά
2374 1464 2525 1538 γένος
2568 1465 2967 1538 προσήκοντας·
3037 1464 3066 1517 ὁ
3129 1460 3177 1519 δ’
3225 1460 3420 1541 ἔφησεν
3475 1466 3875 1545 ἀποφροντίσαι

2217 1552 2389 1608 πάλαι
2445 1553 2537 1607 τὸν
2600 1550 2847 1628 βασιλέα,
2903 1550 3002 1608 εἴτ’
3054 1552 3146 1608 οὗν
3204 1559 3322 1616 τοῖς
3386 1556 3672 1611 τεθνεῶσιν
3720 1553 3876 1631 ἔχειν

2218 1640 2532 1716 ἐνάριθμον,
2590 1639 2639 1712 ἒξ
2700 1642 2827 1697 ὅτου
2884 1661 2984 1714 περ
3034 1640 3196 1705 αὐτὸς
3250 1640 3600 1715 Ἀνδρόνικος
3628 1648 3734 1715 τήν
3774 1647 3879 1720 βαι

2219 1727 2402 1786 σιλίδα
2459 1730 2622 1787 πόλιν
2684 1727 3026 1801 εἷ’σεληλύθει
3083 1731 3175 1786 καὶ
3229 1732 3297 1797 τά
3328 1732 3483 1788 κοινά
3540 1731 3882 1813 διαχειρίζει

2139 1819 2534 1908 Βπράγματα.
2610 1819 2755 1908 Πρὸς
2836 1820 2897 1888 ἣν
2980 1818 3267 1908 ἀπόκρισιν
3304 1907 3309 1908 7
3353 1825 3451 1876 τοῦ
3527 1823 3884 1901 πατριάρχου

2217 1909 2532 1985 ἐρυθριάσας
2564 1905 2911 1983 Ἀνδρόνικος
2963 1906 3127 1983 ἤρετο
3187 1908 3239 1964 τί
3296 1907 3407 1966 έστι
3463 1913 3527 1967 τὸ
3592 1912 3880 1990 ἀποφρον-

454 1995 707 2050 τίσαικαὶ
738 1996 874 2070 πρὸς
906 1994 936 2049 ὅ
963 1996 1362 2068 σημαινόμενον
1398 1995 1782 2068 έκτετόξευται,
1813 1998 1905 2053 τὸν
1941 1998 2017 2072 μή
2062 1999 2303 2055 συνιέντα
2346 1997 2742 2072 πλαττόμενος,
2797 1998 2978 2052 καίτοι
3039 1995 3292 2073 ἐγνωκὼς
3348 1998 3575 2071 ἀληθῶς
3628 2002 3704 2064 ὡς
3761 2004 3861 2058 τὸν

455 2089 552 2140 τοῦ
581 2082 774 2146 παιδὸς
805 2083 895 2139 καὶ
924 2084 1193 2158 βασιλέως
1224 2084 1444 2149 θάνατον
1468 2084 1680 2155 ἀνίξατο
1712 2083 1780 2140 δι’
1822 2088 1893 2140 ὧν
1927 2088 1955 2141 ὁ
1985 2088 2127 2150 θεῖος
2159 2085 2317 2150 οὗτος
2346 2086 2484 2162 ἀνὴρ
2529 2085 2836 2166 ἐφθέγξατο.
2868 2086 2929 2143 Ὀ
2998 2084 3055 2141 δὶ
3105 2087 3195 2142 τὸν
3253 2095 3395 2163 θῆρα
3464 2091 3539 2163 μὴ
3591 2089 3875 2165 έκμαίνειν

458 2172 661 2239 ἐθέλων
688 2175 777 2228 καὶ
812 2171 1000 2236 ἄλλως
1030 2176 1147 2230 κατ’
1177 2173 1343 2228 αὐτοῦ
1363 2174 1701 2250 ὠρυόμενον,
1735 2174 1769 2245 ἢ
1799 2177 1900 2246 τήν
1930 2176 2186 2250 κάμηλον
2213 2178 2552 2250 ἀναστομοῦν
2588 2176 2665 2241 εἷς
2693 2174 2924 2250 ἐξέραμα
2960 2175 3098 2252 πρὸς
3130 2174 3260 2252 ὅπερ
3321 2176 3544 2252 εἲθιστο,
3604 2180 3668 2235 ού
3725 2181 3878 2237 κατὰ

457 2274 557 2343 τήν
632 2269 812 2343 ἀληθῆ
873 2273 964 2328 καὶ
1023 2274 1158 2349 πρὸς
1232 2273 1299 2342 ἢν
1359 2272 1549 2350 ἐρρέθη
1613 2274 1865 2347 ἐξήγησιν
1934 2274 2027 2330 τὸν
2074 2279 2171 2330 τοῦ
2245 2275 2494 2352 ῥήματος
2542 2277 2670 2330 νοῦν
2750 2275 3111 2348 ῥῆμήνευσεν,
3169 2272 3339 2344 ἀλλὰ,
3419 2277 3608 2351 μηκέτι
3683 2273 3873 2353 ἔφησε

455 2363 758 2441 φροντίζειν
790 2366 886 2416 τοῦ
922 2356 1191 2438 βασιλέως
1221 2362 1311 2417 καὶ
1340 2363 1401 2417 τὸ
1432 2362 1627 2419 τούτου
1657 2360 1828 2418 πάλαι
1860 2360 2105 2438 παριδεῖν
2135 2363 2375 2439 τημελὲς
2404 2364 2492 2420 καὶ
2525 2361 2616 2419 διὰ
2641 2364 2703 2418 τὸ
2730 2364 2855 2425 τοὺς
2883 2363 3108 2426 κανόνας
3185 2363 3280 2437 μὲν
3340 2369 3428 2421 καί
3458 2366 3517 2421 τὸ
3550 2369 3725 2443 γῆρας
3797 2369 3879 2441 μὴ

450 2452 729 2530 ἐγχωρεῖν
759 2451 906 2525 αύτῷ
935 2456 1052 2514 τοῖς
1081 2453 1217 2507 κατὰ
1244 2453 1451 2525 κόσμον
1482 2450 1881 2526 συμαλέκετθαι
1914 2453 2223 2528 πράγμασι,
2266 2454 2329 2510 τὸ
2357 2452 2417 2509 τὶ
2482 2450 2649 2509 πλέον
2709 2452 2869 2508 αὐτὸν
2922 2451 3015 2507 τὸν
3064 2448 3415 2529 Ἀνδρόνικον
3477 2454 3718 2530 αὐτάρκη
3785 2456 3880 2512 καὶ

457 2543 769 2617 μονώτατον
800 2544 932 2597 εἶναι
961 2542 1053 2597 τὸν
1081 2540 1307 2617 βασιλέα
1336 2539 1716 2616 παιδοκομεῖν.

530 2635 617 2689 13.
647 2637 929 2690 Caeterum
963 2633 1161 2706 palatii
1194 2634 1369 2689 rebus
1393 2651 1462 2691 ex
1492 2633 1809 2691 Andronici
1861 2637 2097 2692 senten-
2131 2643 2175 2708 α

451 2725 532 2780 tia
562 2740 665 2796 per
694 2722 846 2779 ﬁlios
874 2726 932 2779 et
963 2723 1182 2780 amicos
1214 2724 1342 2795 ejus
1373 2739 1550 2795 quam
1593 2724 1921 2781 rectissime
1969 2742 2103 2783 con-

452 2812 759 2881 stitutis,et
790 2812 1163 2885 imperatoris
1185 2812 1360 2868 etiam
1384 2812 1590 2870 amicis
1619 2814 1766 2870 831
1796 2815 1923 2885 ejus
1936 2831 2097 2873 acce-

451 2903 629 2960 dendi
656 2906 715 2959 et
753 2903 883 2974 ejus
911 2902 1197 2958 voluntati
1227 2917 1290 2959 se
1313 2904 1794 2960 accommodandi
1819 2908 2103 2977 potestate

448 2993 603 3063 data,
664 2993 900 3049 tandem
962 2992 1088 3065 ipse
1148 3008 1385 3065 quoque
1440 2992 1815 3050 Andronicus
1875 2994 2101 3051 Damali

447 3086 717 3143 discedit.
748 3087 829 3142 Ac
860 3085 1081 3141 triremi
1111 3101 1454 3153 conscensa,
1485 3086 1625 3143 dum
1657 3102 1761 3159 per
1791 3086 2007 3145 fretum
2039 3087 2099 3143 in

449 3177 653 3232 urbem
681 3175 917 3246 trajicit,
948 3173 1453 3231 Davidicumillud
1477 3173 1742 3231 hilariter
1755 3174 2049 3231 succinuit
2081 3192 2095 3233 :

449 3288 477 3318 α
504 3265 826 3330 Revertere,
852 3264 1050 3321 anima
1081 3263 1297 3331 mea,in
1327 3264 1590 3335 requiem
1620 3264 2094 3336 tuam,quoniam

446 3353 736 3412 Dominus
764 3353 870 3410 tibi
900 3354 1206 3426 benefecit,
1239 3357 1436 3425 erepta
1466 3353 1584 3412 vita
1614 3370 1742 3410 mea
1775 3369 1845 3411 ex
1888 3358 2097 3422 morte,

448 3444 636 3502 oculis
675 3442 824 3500 meis
876 3460 909 3500 a
974 3442 1273 3517 lacrymis,
1331 3443 1583 3515 pedibus
1633 3443 1781 3501 meis
1837 3461 1871 3500 a
1927 3442 2099 3516 lapsu

445 3534 811 3592 vindicatis.»
838 3536 1193 3605 Imperotere
1223 3533 1422 3590 Alexio
1447 3537 1505 3588 et
1534 3537 1718 3589 matre
1764 3534 1894 3605 ejus
1937 3536 2101 3592 Xene

445 3642 479 3683 e
507 3624 747 3698 palatio,
780 3627 845 3680 ut
883 3624 1147 3680 voluerat
1175 3622 1567 3691 Andronicus,
1608 3621 1668 3678 in
1719 3622 2099 3695 Manganicas

445 3714 674 3787 regales
703 3715 858 3772 mdes
888 3714 961 3770 ad
988 3711 1385 3785 Pbilopatium
1416 3711 1724 3784 digressis,
1755 3728 1821 3769 eo
1865 3729 1925 3769 se
1957 3728 2099 3769 con-

448 3807 558 3863 fert
588 3821 602 3873 ;
636 3822 724 3873 ac,
748 3806 1101 3877 imperatore
1132 3801 1429 3858 submisse
1458 3800 1716 3869 adorato,
1750 3802 1927 3874 pedes
1970 3803 2099 3874 ejus

448 3894 823 3968 amplectitur
851 3908 985 3950 cum
1016 3890 1188 3948 solito
1220 3892 1461 3964 planctu
1492 3894 1549 3947 et
1573 3890 1733 3948 ﬂetu.
1756 3893 1933 3948 Matre
1962 3906 2096 3948 vero

447 3987 577 4058 ejus
600 3983 788 4041 obiter
807 3982 1276 4053 et,contemptim
1307 3980 1581 4047 salutata,
1614 3981 1738 4037 sine
1757 3979 2096 4037 dissimula-

452 4075 610 4133 tione
633 4072 844 4130 veteris
875 4071 935 4128 in
967 4087 1092 4129 eam
1124 4069 1262 4139 odii,
1308 4070 1455 4127 citra
1513 4086 1736 4127 moram
1778 4069 2098 4143 longiorem

452 4167 515 4223 in
540 4162 856 4222 tentorium
876 4179 992 4220 non
1016 4161 1217 4234 procul
1234 4160 1371 4217 inde
1410 4163 1677 4233 paratum
1702 4159 1970 4231 discedit,
1998 4158 2099 4216 ubi

450 4271 656 4313 omnes
688 4253 796 4311 viri
820 4252 1047 4310 nobiles
1078 4254 1138 4308 et
1166 4249 1435 4308 honorati
1478 4266 1588 4306 sua
1629 4264 1862 4322 quoque
1906 4247 2099 4305 taber-

452 4346 664 4404 nacula
692 4348 1018 4413 erexerunt,
1052 4341 1554 4416 quemadmodum
1588 4339 1729 4412 pulli
1760 4339 1872 4396 sub
1918 4337 2097 4412 galli-

451 4454 541 4494 nae
591 4435 711 4491 alas
742 4434 1115 4506 confugiunt.
1148 4434 1297 4490 Tum
1328 4430 1503 4487 homo
1536 4428 2098 4502 quidam,alterlrus

449 4522 813 4591 Homericus,
841 4526 1007 4591 teter,
1040 4519 1166 4577 sine
1196 4521 1392 4588 domo,
1417 4519 1569 4575 882
1607 4517 1856 4574 divitum
1887 4515 2098 4572 limina

449 4616 649 4669 terens
680 4615 745 4667 ut
776 4611 981 4667 frustis
1011 4610 1182 4683 panis
1212 4610 1425 4666 famem
1457 4609 1709 4675 sedaret,
1742 4611 1949 4679 captus
1979 4611 2089 4676 est,

451 4715 584 4758 cum
617 4700 966 4770 intempesta
997 4702 1165 4753 nocte
1189 4698 1362 4768 juxta
1389 4696 1704 4752 Andronici
1747 4698 2097 4757 tabernacu-

450 4792 577 4851 lum
607 4789 824 4846 victum
853 4786 1228 4855 mendicaret,
1260 4786 1350 4842 vir
1405 4801 1680 4857 procerus
1733 4788 1790 4842 et
1836 4786 2093 4845 strabus.

449 4888 534 4941 Ac
564 4882 822 4955 primum
856 4879 928 4935 ab
958 4875 1275 4934 Andronici
1305 4874 1594 4932 ministris
1633 4891 1737 4947 pro
1777 4891 1947 4947 mago
2003 4876 2093 4931 in-

447 4972 783 5041 simulatur,
827 4968 1038 5025 deinde
1068 4964 1303 5022 urbana
1336 4963 1490 5037 plebi
1521 4967 1728 5035 printer
1758 4963 2095 5037 opinionem

448 5064 699 5122 deditur.
728 5061 809 5117 Ea
834 5074 970 5116 vero
1000 5056 1320 5131 spectando
1375 5053 1722 5125 Andronico,
1781 5057 1847 5110 ut
1901 5052 2095 5111 divino

446 5153 636 5213 vultui
685 5154 934 5217 intenta,
991 5163 1126 5205 cum
1174 5145 1392 5204 indicta
1434 5161 1632 5217 causa,
1692 5143 1979 5217 congestis
2037 5145 2093 5201 in

447 5246 674 5302 theatro
708 5241 886 5313 lignis
915 5237 1099 5296 aridis
1156 5241 1216 5295 et
1271 5235 1608 5304 sarmentis,
1665 5233 1728 5292 in
1785 5233 2096 5291 Andronici

448 5335 695 5407 gratiam
728 5331 938 5389 exurit.

2292 2634 2378 2708 ιγ’.
2413 2636 2535 2691 Τῶν
2558 2630 2760 2707 ’μέντοι
2815 2632 2952 2689 κατὰ
3006 2634 3073 2689 τὰ
3132 2633 3331 2709 ἀρχεῖα
3375 2634 3719 2711 πραγμάτων
3784 2633 3881 2691 ού-

2208 2724 2346 2778 τωσὶ
2369 2720 2728 2797 διῳκημένων
2758 2723 2832 2785 ὡς
2865 2720 3213 2796 Ἀνδρόνικος
3246 2721 3473 2779 ὑπέθετο
3532 2730 3652 2787 τοῖς
3713 2726 3881 2781 utsii-

2208 2834 2289 2869 σιν
2344 2814 2512 2868 αύτοῦ
2559 2812 2650 2867 καὶ
2705 2817 2822 2876 τοῖς
2873 2812 3060 2889 φίλοις
3117 2814 3205 2869 καὶ
3271 2811 3330 2868 οἷ’
3382 2818 3490 2870 τῶν
3543 2815 3664 2871 καθ’
3721 2816 3878 2890 αἷμα

2209 2902 2571 2976 ᾠκειωμένων
2604 2906 2684 2974 τῷ
2727 2900 2947 2977 βασιλεῖ
2976 2900 3259 2958 ἀνεύθυνον
3320 2902 3381 2958 ἐκ
3441 2902 3713 2979 βασιλέως
3782 2905 3875 2960 καὶ

2204 2991 2270 3047 τὸ
2301 2990 2432 3047 ὃλον
2464 2990 2801 3069 ἀνάγκλητον
2859 2991 3012 3067 εἶχον
3066 2992 3129 3048 τὸ
3178 2992 3462 3068 προσιέναι
3525 2990 3877 3069 Ἀνδρονίκῳ

2206 3082 2299 3136 καὶ
2331 3085 2448 3144 τοῖς
2481 3080 2688 3137 ἐκείνου
2717 3082 3079 3156 προσανέχειν
3117 3079 3511 3157 βουλεύμασιν,
3562 3082 3665 3157 ὀψέ
3729 3104 3876 3140 ποτε

2205 3172 2294 3226 καὶ
2326 3169 2488 3235 αὐτὸς
2520 3168 2863 3245 Ἀνδρόνικος
2903 3171 3189 3247 ὑποχωρεῖ
3225 3177 3327 3240 τῆς
3382 3170 3689 3244 Δαμάλεως
3754 3172 3876 3227 εἰσι

2210 3258 2304 3315 ιὼν
2361 3263 2563 3336 τριήρη
2630 3261 2720 3315 καὶ
2781 3258 3073 3334 ὑποψήλας
3130 3259 3193 3315 τὸ
3234 3263 3331 3315 τοῦ
3363 3256 3532 3316 Δαϐὶδ
3564 3260 3618 3316 έν
3657 3265 3744 3334 τῷ
3778 3264 3873 3317 τὸν

2205 3349 2451 3425 πορθμὸν
2511 3350 2597 3423 [Ρ.
2633 3352 2757 3422 165]
2817 3343 3109 3404 διαϐαίνειν
3154 3355 3253 3419 τῆς
3298 3346 3587 3424 βασιλίδος
3626 3354 3737 3405 τῶν
3776 3350 3881 3406 πό-

2208 3436 2347 3495 λεων
2410 3437 2500 3492 καὶ
2559 3438 3031 3515 ύποφθεγξάμενος
3093 3439 3226 3511 μετὰ
3276 3435 3605 3514 διαχύσεως,
3645 3441 3877 3497 ιἘπὶ-

2208 3530 2458 3603 στρεψον,
2481 3528 2634 3602 ψυχή
2672 3548 2800 3603 μου,
2823 3526 2900 3590 εἷς
2930 3528 3028 3596 τὴν
3060 3527 3355 3583 ἀνάπαυσίν
3389 3549 3507 3597 σου,
3538 3528 3626 3585 ὅτι
3655 3528 3873 3606 Κύριος

2205 3616 2537 3694 εὐηργέτησέ
2595 3638 2673 3685 σε,
2737 3618 2821 3671 ὅτι
2852 3615 3089 3690 ἐξείλετο
3152 3617 3251 3686 τήν
3301 3620 3488 3693 ψυχήν
3514 3639 3620 3692 μου
3654 3618 3715 3674 ἐκ
3771 3622 3873 3674 ϐαε-

2202 3705 2543 3777 νάτου,τοὺς
2575 3705 2892 3784 ὀφθαλμούς
2944 3727 3049 3781 μου
3102 3706 3208 3763 ἀπὸ
3263 3703 3509 3781 δακρύων
3578 3707 3671 3763 καὶ
3728 3708 3869 3772 τοὺς

2204 3793 2375 3858 πόδας
2410 3816 2514 3870 μου
2546 3796 2651 3850 ὰπὸ
2682 3792 3080 3869 ὀλισθήματος.
3116 3819 3145 3848 ››
3166 3799 3272 3854 Τοῦ
3304 3793 3363 3851 δὲ
3395 3794 3666 3872 βασιλέως
3693 3798 3873 3854 Ἀλε-

2203 3886 2320 3957 ξίου
2375 3886 2466 3941 καὶ
2516 3892 2615 3955 τῆς
2681 3883 2888 3940 ἐκείνου
2949 3886 3159 3961 μητρὸς
3225 3884 3402 3957 Ξένης
3449 3885 3698 3957 ἐξιόντων
3751 3890 3857 3963 μὲν

2205 3975 2266 4032 ἐκ
2320 3979 2430 4031 τῶν
2494 3972 2783 4051 βασιλείων
2840 3974 2978 4030 κατὰ
3021 3975 3120 4044 τὴν
3179 3972 3527 4051 Ἀνδρονίκου
3557 3975 3864 4052 βούλησιν,

2207 4066 2283 4128 είς
2321 4061 2378 4120 δὲ
2414 4065 2509 4127 τὰς
2562 4064 2613 4119 ἐν
2671 4068 2750 4137 τῷ
2803 4062 3129 4138 Φιλοπατίῳ
3179 4059 3468 4131 ϐασιλικὰς
3501 4086 3859 4141 μετασκηνη-

2207 4154 2455 4229 σαμένων
2488 4150 2785 4228 οἰκοδομὰς
2816 4155 2873 4209 αἳ
2903 4158 3001 4210 τοῦ
3032 4154 3292 4231 Μαγγάνη
3345 4154 3622 4233 ἐλέγοντο,
3680 4159 3871 4233 πρόσ-

2208 4264 2339 4301 εισιν
2390 4241 2561 4299 ἐκεῖσε
2604 4240 2981 4319 Ἀνδρόνικος,
3040 4244 3132 4298 καὶ
3185 4248 3268 4318 τῷ
3315 4245 3413 4319 μὲν
3473 4243 3699 4323 βασιλεῖ
3762 4249 3868 4324 βα-

2207 4338 2352 4399 θεῖαν
2412 4330 2671 4407 ἀπονέμει
2739 4332 3105 4409 προσκύνησιν
3166 4332 3253 4389 ἐπὶ
3310 4335 3443 4410 γόνυ
3499 4337 3711 4409 πεσὼν,
3769 4339 3865 4394 καὶ

2204 4420 2331 4485 τοὺς
2385 4419 2590 4476 ἐκείνου
2646 4418 2817 4486 πόδας
2873 4422 3326 4498 προσπτύσσεται,
3386 4424 3463 4488 ὡς
3510 4421 3724 4499 εἷῴθει,
3764 4448 3868 4484 κο-

2206 4514 2448 4587 ψάμενος
2509 4510 2600 4568 καὶ
2660 4509 2866 4588 δάκρυα
2923 4512 3219 4591 χεάμενος,
3266 4516 3336 4587 τῇ
3367 4509 3642 4570 δὶτούτου
3687 4518 3870 4594 μητρὶ

2204 4604 2350 4679 Ξένῃ
2384 4601 2482 4658 ὅσα
2516 4601 2607 4658 καὶ
2640 4601 2854 4674 ἀπούσῃ
2893 4603 2992 4670 τὴν
3034 4602 3205 4675 τιμὴν
3262 4600 3714 4677 ἀφοσιωσάμενος
3765 4608 3865 4662 καὶ

2203 4699 2304 4763 τῆς
2360 4692 2530 4747 ἐκεῖσε
2567 4689 2866 4764 παρουσίας
2895 4690 3162 4767 πάρεργον
3213 4690 3507 4766 ἀπονείμας
3536 4694 3637 4762 τήν
3680 4714 3869 4769 προσ-

2203 4782 2508 4858 αγόρευσιν,
2576 4779 2668 4836 καὶ
2723 4777 2923 4851 ταύτην
2982 4779 3216 4855 ὑποψίας
3287 4781 3491 4854 μεστὴν
3573 4782 3662 4836 καὶ
3747 4790 3869 4840 τοῦ

2207 4871 2402 4946 μίσους
2459 4868 2788 4939 ἐνδεικτικὴν
2838 4866 2973 4945 ὅπερ
3027 4870 3144 4925 κατ’
3202 4868 3372 4939 αὐτῆς
3428 4868 3488 4925 ἐκ
3537 4868 3747 4947 μακροῦ
3784 4877 3871 4950 τῇ

2202 4962 2360 5036 ψυχῇ
2401 4957 2707 5029 ἐναπέθετο,
2773 4957 2954 5035 βραχύ
3003 4979 3058 5014 τι
3113 4955 3542 5036 προσδιατρίψας
3603 4980 3874 5038 μεταχω-

2205 5055 2310 5125 ρεῖ.
2370 5051 2472 5108 Καὶ
2528 5048 2664 5105 κατά
2716 5049 2815 5118 τήν
2874 5047 3420 5125 προηυτρεπισμένην
3504 5050 3656 5124 αύτῷ
3742 5051 3873 5109 ἐκεῖ

2205 5161 2310 5196 που
2339 5140 2540 5210 σκηνὴν
2560 5139 2892 5217 ἀφικόμενος
2917 5140 3041 5214 εἶχε
3086 5136 3210 5214 περὶ
3259 5139 3421 5195 αὐτὸν
3474 5141 3570 5203 τὰς
3621 5138 3870 5207 αὐλαίας

2204 5230 2573 5304 πηξαμένους,
2618 5229 2675 5284 δν
2732 5229 2933 5304 τρόπον
2990 5228 3045 5284 αἱ
3095 5224 3272 5305 ὄρνεις
3336 5229 3441 5285 ὑπὸ
3494 5234 3592 5294 τᾶς
3644 5230 3866 5289 ἑαυτῶν

2205 5321 2593 5399 ἐπισυνάγουσι
2650 5319 2920 5396 πτέρυγας
2971 5319 3040 5374 τὰ
3123 5317 3358 5392 νεόττια,
3432 5319 3607 5376 πάντα
3684 5320 3876 5401 ἄνδρα

452 5404 643 5497 ξῦγενῆ
700 5419 789 5474 καὶ
846 5415 1148 5493 περίδοξον,
1215 5416 1305 5470 ’ὀτε
1359 5414 1448 5468 καὶ
1504 5434 1587 5477 τις
1653 5412 1791 5490 ἀνὴρ
1834 5415 1973 5489 Ἰρος
1996 5404 2168 5473 ἄλλ’ος
2201 5410 2526 5486 Ὁμηρικὸς,
2570 5404 2855 5484 μολοϐρὸς
2886 5407 2978 5464 καὶ
3011 5407 3278 5478 ἀνέστιος,
3308 5407 3404 5469 τὰς
3432 5413 3542 5464 τῶν
3572 5407 3869 5497 πλουσίων

454 5492 615 5583 θύρας
674 5492 933 5583 ἐκτρίϐων
989 5506 1078 5562 καὶ
1149 5502 1454 5580 θεραπεύων
1512 5504 1611 5574 τὴν
1669 5502 1902 5580 γαστέρα
1956 5507 2073 5564 τοῖς
2125 5504 2233 5556 τῶν
2294 5499 2473 5575 ἄρτων
2520 5497 2836 5578 τεμάχεσιν,
2895 5496 3042 5554 έάλω
3098 5496 3166 5553 τά
3225 5498 3470 5572 βιώσιμα
3516 5497 3682 5555 αἰτῶν
3710 5492 3868 5577 ἄωρῖ

452 5603 559 5654 τῶν
579 5603 782 5653 νυκτῶν
813 5597 934 5671 περὶ
962 5598 1063 5666 τὴν
1093 5593 1445 5669 Ἀνδρονίκου
1478 5595 1680 5665 σκηνὴν
1713 5592 2051 5668 εἱλούμενος,
2076 5589 2308 5665 ἐξωμίας
2353 5588 2636 5665 ἅνθρωπος
2689 5588 2780 5644 καὶ
2837 5583 3173 5664 παραὸλὼψ,
3229 5588 3320 5643 καὶ
3386 5589 3454 5643 τὰ
3510 5588 3608 5662 μὲν
3660 5594 3870 5665 πρῶτα

454 5689 559 5749 ὑπὸ
611 5692 712 5756 τῆς
758 5686 1042 5760 θεραπείας
1121 5680 1470 5761 ’Δνδρονίκου
1551 5683 1626 5749 ὡς
1681 5682 1961 5761 γοητείαις
2020 5679 2292 5747 εὐθύνεται
2358 5680 2669 5757 χρώμενος,
2734 5674 2918 5736 ἔπειτα
2972 5677 3063 5734 καὶ
3111 5681 3193 5751 τῷ
3249 5673 3417 5753 δήμῳ
3472 5684 3574 5751 τῆς
3630 5676 3869 5747 πόλεως
