4066 6214
234 423 355 485 609

1402 421 1740 486 ALEXIUS
1780 418 2178 486 MANUELIS
2222 424 2507 490 FILIUS.

3532 436 3654 497 610

241 552 523 611 ἐκδίδοται
553 551 910 629 παραλόγως,
946 553 1014 611 Οἱ
1047 550 1103 609 δὲ
1133 552 1233 609 ὅσα
1262 555 1351 610 καὶ
1385 555 1530 619 θείας
1561 551 1741 631 ὅψεως
1771 562 1871 627 τῆς
1898 554 2248 632 Ἀνδρονίκου
2305 562 2428 625 θέας
2481 560 2764 641 ἐχόμενοι,
2827 562 3214 641 ἇνεξελέγκτως
3269 568 3427 623 αὐτὸν
3483 569 3558 632 εἷς
3587 572 3651 627 τὸ

240 645 467 721 θέατρον
500 643 873 719 ἀπαγαγόντες
912 641 1003 698 καὶ
1042 646 1251 721 κραῦρα
1280 643 1416 715 ξύλα
1444 645 1533 700 καὶ
1566 643 1863 721 φακιόλους
1921 653 2167 723 φορυτῶν
2228 650 2627 727 ξυναγείραντες
2664 652 3042 709 κατακαίουσιν
3072 651 3398 729 Ἀνδρονίκῳ
3428 661 3654 736 χαριζό..

239 756 418 811 μενοι.

301 827 525 902 Συχνᾶς
557 823 603 882 δ’
637 825 976 902 ἐκμετρήσας
1024 827 1236 902 ἡμέρας
1290 827 1639 904 Ἀνδρόνικος
1672 828 1764 885 σὺν
1814 832 1891 901 τῷ

2076 832 2182 898 Qui
2216 833 2339 890 dies
2371 834 2702 907 complures
2728 852 2861 893 cum
2892 839 3243 908 imperatore
3286 838 3345 893 in
3377 838 3653 913 Philopao

230 915 459 994 βασιλεῖ
519 915 660 972 κατᾶ
686 916 750 971 τὸ
782 914 1148 991 Φιλοπάτιον,
1180 914 1337 992 ἔσχεν
1366 914 1486 995 ἔρον
1521 916 1600 983 εἷς
1634 919 1733 987 τήν
1793 939 1892 991 με-

227 1005 543 1084 γαλόπολιν
601 1004 824 1061 είσιὲναι
876 1006 967 1061 καὶ
1025 1006 1116 1061 τὸν
1159 1010 1255 1063 τοῦ
1289 1006 1562 1082 βασιλέως
1596 1004 1890 1086 ἑξαδὲλιρου

228 1096 503 1165 Μανουήλ
533 1095 702 1173 τάφον
735 1093 890 1152 ἰδεῖν.
921 1098 1080 1153 ’Ὀϐεν
1114 1096 1250 1151 κατᾶ
1281 1097 1378 1166 τήν
1426 1100 1525 1152 τοῦ
1578 1097 1889 1169 Παντοκρά-

226 1206 391 1263 τορος
437 1186 613 1261 μονήν
674 1186 934 1262 γεγονὼς,
992 1184 1083 1241 καὶ
1142 1190 1248 1241 ποῦ
1304 1184 1561 1241 τέθαπται
1624 1186 1652 1240 ὁ
1705 1186 1892 1261 νεκρὸς

230 1275 535 1351 ἐρωτήσας,
580 1272 669 1329 καὶ
729 1271 947 1336 ἔπιστάς
999 1278 1081 1348 τῷ
1130 1274 1689 1353 σωματοφυλακοῦντι
1751 1276 1890 1346 μνή-

230 1385 361 1439 ματι
394 1367 606 1440 πικρῶς
634 1361 963 1438 ἐπεδάκρυσε
1019 1365 1107 1419 καὶ
1174 1368 1489 1441 περιπαθῶς
1549 1361 1889 1443 ὠλοφύρετο,

229 1456 305 1516 ὡς
335 1455 430 1510 καὶ
460 1452 710 1519 πολλοὺς
744 1458 855 1510 τῶν
913 1453 1274 1529 παρεστώτων
1337 1455 1445 1528 μὴν
1474 1453 1564 1508 τὸν
1594 1454 1890 1529 κρυψίνουν

227 1544 377 1608 ’ὀλως
412 1542 600 1620 διορᾷν
634 1541 985 1619 Ἀνδρόνικον
1025 1540 1257 1619 ἔχοντας
1295 1544 1568 1618 θαυμάσαι
1624 1540 1769 1616 λίαν,
1800 1542 1890 1597 καὶ

228 1633 424 1691 εἰπεῖν·
463 1656 491 1685 ‹‹
522 1640 589 1688 Ὠ
618 1636 716 1689 τοῦ
747 1631 1045 1707 θαύματος,
1077 1634 1196 1695 πῶς
1255 1631 1433 1710 ἐφίλει
1492 1633 1582 1688 τὸν
1616 1637 1887 1708 προσγενῆ

228 1725 457 1794 ἄνακτα,
488 1722 683 1796 καίπερ
716 1720 954 1794 διώκτην
1008 1718 1137 1777 ὄντα
1190 1721 1391 1797 θερμὸν
1448 1721 1538 1777 καὶ
1579 1720 1892 1800 φιλανθρώ-

226 1834 345 1877 πως
376 1810 531 1886 αἶ)τῷ
565 1812 641 1886 μὴ
676 1811 1050 1888 χρησάμενον.
1084 1834 1113 1866 »
1175 1815 1350 1870 Τινῶν
1412 1808 1471 1867 δὲ
1523 1815 1631 1867 τῶν
1673 1811 1733 1866 ὲκ
1794 1814 1891 1866 τοῦ

230 1904 424 1980 γένους
459 1900 834 1958 ἀποσπώντων
864 1901 1028 1957 αὐτὸν
1089 1907 1190 1971 τῆς
1219 1900 1384 1976 σοροῦ
1434 1901 1524 1956 καί
1573 1900 1892 1978 ἀρκούντως

231 1990 674 2069 ὁποφωνούντων
754 1991 1164 2066 τεθρηνηκὲναι,
1226 1987 1342 2046 οὐδ’
1396 1989 1544 2053 ὅλως
1602 1990 1890 2059 καθυπεῖξε

227 2087 344 2146 ταῖς
412 2082 831 2159 παραιφάσεσιν,
895 2080 1020 2137 ἀλλ’
1081 2079 1310 2152 αἰτήσας
1362 2080 1455 2135 καὶ
1532 2074 1610 2134 ἔτι
1695 2079 1890 2154 μικρὸν

227 2169 515 2243 ἑνδοθῆναί
545 2172 596 2226 οἱ
627 2178 1100 2248 προσκαρτερῆσαι
1158 2174 1239 2244 τῷ
1267 2170 1441 2249 τάφῳ,
1483 2167 1629 2244 ἔχειν
1679 2169 1779 2246 γάρ
1835 2189 1889 2224 τι
1920 2193 1969 2261 Β

224 2266 304 2335 τῷ
334 2259 582 2335 κειμένῳ
611 2262 747 2316 κατὰ
780 2262 950 2334 μόνας
981 2257 1364 2336 διαλεχθῆναι,
1419 2259 1517 2322 τὰς
1566 2265 1758 2339 χεῖρας
1817 2259 1893 2322 ὡς

226 2350 364 2428 πρὸς
392 2349 606 2406 ἱκεσίαν
664 2348 1018 2413 διασκευάσας
1072 2351 1159 2405 καὶ
1206 2347 1528 2412 διαπετάσας
1578 2349 1673 2412 τὰς
1714 2346 1896 2405 παλά-

231 2462 334 2516 μας
402 2441 495 2496 καὶ
547 2437 737 2517 διαρας
816 2438 943 2503 τοὺς
1005 2439 1324 2519 ὀφθαλμοὺς
1410 2440 1547 2515 πρὸς
1606 2437 1758 2503 λίθον
1803 2440 1895 2495 τὸν

223 2529 657 2609 νεκροδέγμονα,
727 2529 817 2586 καὶ
874 2531 942 2586 τὰ
1000 2529 1166 2606 χείλῃ
1209 2531 1304 2604 μὲν
1363 2535 1551 2601 κινῶν,
1605 2531 1790 2610 φωνὴν
1846 2526 1892 2584 δ’

223 2618 490 2696 οὐδαμῶς
550 2619 929 2694 ἐξικνουμένην
1017 2619 1097 2683 εἰς
1177 2620 1291 2676 ὦτα
1365 2624 1472 2675 τῶν
1529 2619 1889 2692 παρεστώτων

226 2712 498 2784 ούμενοῦν
531 2708 732 2787 ἆιριεῖς,
767 2706 1006 2780 διάλεξιν
1065 2730 1187 2765 τινα
1243 2707 1508 2785 λαθραίαν
1566 2707 1889 2780 ἐπεποίητο.

219 2802 352 2863 Τοῖς
384 2803 473 2871 [Ρ.
512 2801 638 2872 166]
676 2798 771 2870 μὲν
828 2796 921 2853 οὗν
963 2797 1250 2863 πλείστοις
1295 2794 1483 2871 ἐπῳδή
1544 2817 1629 2857 τις
1684 2792 1891 2873 βαρϐα·

219 2890 347 2966 ρικῆ
382 2886 685 2963 λελόγιστο
713 2888 780 2943 τὰ
837 2886 1296 2962 ὑποψαλλόμενα·
1352 2886 1488 2956 ἦσαν
1559 2883 1604 2940 δ’
1666 2884 1748 2956 b'l,
1801 2886 1891 2941 καὶ

227 2980 441 3037 τούτων
504 2978 743 3053 μάλιστα
800 2979 853 3034 οἱ
907 2980 1009 3050 τήν
1042 2976 1402 3055 εὐτραπελίαν
1438 2974 1890 3052 μεταδιώκοντες,

227 3072 617 3146 ἐπικερτομεῖν
677 3068 1031 3146 Ἀνδρόνικον
1083 3067 1312 3148 ἔφασκον
1364 3072 1447 3141 τῷ
1503 3067 1718 3145 βασιλεῖ
1773 3070 1891 3126 Μα-

223 3159 429 3231 νουήλ,
477 3161 571 3216 καὶ
625 3159 875 3236 ἀτεχνῶς
932 3160 1168 3233 κειμένῳ
1237 3153 1640 3233 ἐπεμϐαίνοντα
1691 3155 1890 3233 λέγειν,

228 3276 257 3303 ι(
290 3252 452 3325 Ἔχω
484 3269 544 3305 σε
573 3250 664 3304 τὸν
696 3245 935 3319 διώκτην
967 3250 1058 3303 καὶ
1089 3245 1307 3310 πολλὰς
1339 3246 1462 3321 ἐμοὶ
1484 3244 1694 3309 πλάνας
1720 3247 1893 3322 πρου-

230 3340 518 3412 ξενηκότα,
553 3339 645 3394 καὶ
682 3339 768 3416 ὑφ’
834 3335 896 3393 οὗ
949 3336 1294 3416 παγκόσμιον
1358 3340 1555 3412 μικροῦ
1593 3334 1891 3413 γεγένημαι

233 3425 622 3504 περιλάλημα,
665 3432 840 3482 πᾶσαν
899 3423 1185 3503 δυστυχῶς
1241 3426 1406 3481 ἐπιὼν
1463 3424 1670 3497 ὁπόσην
1726 3423 1891 3496 ἣλιος

2005 918 2079 975 tio
2111 927 2529 994 commoratus,
2558 940 2832 996 magnam
2864 926 3067 982 urbem
3107 925 3325 982 intrare
3356 927 3653 984 desidera-

2000 1007 2084 1064 vit
2117 1013 2173 1064 et
2204 1009 2494 1067 Manuelis
2526 1012 2809 1084 patruelis
2835 1014 3169 1086 sepulcrum
3204 1016 3649 1087 spectare.Cum

2003 1096 2060 1151 in
2095 1097 2523 1156 Pantocratoris
2584 1106 3001 1158 monasterium
3051 1105 3325 1172 venisset,
3385 1107 3653 1177 quasivit

2004 1186 2101 1241 ubi
2129 1187 2275 1244 situs
2306 1194 2462 1245 esset
2507 1190 2874 1263 imperator;
2935 1194 3181 1265 ejusque
3238 1195 3506 1267 sepulcro
3565 1213 3653 1252 as-

2005 1277 2133 1331 tans
2164 1277 2370 1333 acerbe
2404 1277 2580 1346 ﬂevit,
2642 1281 3056 1337 miserabiliter
3111 1282 3362 1354 ejulans,
3408 1289 3475 1339 ut
3530 1284 3653 1356 qui-

2003 1364 2139 1420 dam
2170 1382 2240 1421 ex
2269 1368 2600 1424 astantibus
2650 1373 2862 1426 artium
2916 1372 3231 1427 Andronici
3280 1373 3490 1445 ignari,
3534 1390 3649 1445 prae

2004 1454 2386 1513 admiratione
2416 1457 2712 1514 dicerent:
2739 1480 2767 1508 «
2794 1459 2837 1514 Ο
2872 1475 2992 1516 rem
3019 1460 3224 1516 miram
3254 1462 3266 1517 ι
3294 1468 3355 1517 ut
3395 1462 3649 1534 impera-

2002 1544 2188 1599 torem
2216 1550 2551 1618 cognatum,
2586 1547 2853 1618 quamvis
2894 1564 3086 1604 acrem
3146 1554 3204 1604 et
3260 1550 3649 1606 inhumanum

2003 1643 2450 1706 persecutorem,
2509 1636 2701 1692 dixit:
2767 1659 2797 1687 «
2857 1638 2999 1693 Cum
3055 1641 3252 1694 autem
3313 1640 3551 1710 quidam
3583 1656 3652 1697 ex

2001 1723 2266 1794 cognatis
2295 1740 2426 1779 eum
2461 1741 2494 1779 a
2524 1723 2751 1782 tumulo
2784 1724 3122 1797 avellerent,
3155 1730 3213 1783 et
3268 1727 3453 1783 luctui
3510 1727 3652 1784 satis

2001 1826 2128 1867 esse
2153 1813 2355 1869 datum
2388 1814 2671 1882 dicerent,
2722 1814 2962 1872 monitis
3019 1832 3221 1873 eorum
3280 1833 3651 1891 nequaquam

2001 1899 2307 1971 acquievit,
2335 1903 2433 1958 sed
2460 1903 2625 1974 petiit
2671 1908 2732 1959 ut
2755 1906 2908 1960 333
2934 1921 2991 1961 se
3016 1906 3315 1980 paulisper
3336 1907 3528 1964 adhuc
3559 1924 3650 1964 se-

2001 1988 2245 2062 pulchro
2294 1991 2577 2049 inhaerere
2626 1999 2999 2066 paterentur;
3035 1995 3249 2052 habere
3305 1996 3461 2053 enim
3489 1998 3646 2068 quod

1999 2095 2134 2135 cum
2165 2081 2439 2138 defuncto
2468 2083 2714 2139 seorsim
2736 2083 3122 2156 colloquatur.
3149 2089 3350 2158 Itaque
3374 2087 3648 2144 manibus

2000 2172 2059 2225 et
2086 2168 2298 2241 palmis
2328 2169 2613 2243 supplicis
2643 2171 2703 2227 in
2737 2173 2977 2229 modum
3002 2175 3438 2246 compositis,et
3457 2174 3647 2232 oculis

2001 2261 2060 2315 in
2092 2259 2347 2332 sepulcri
2376 2277 2585 2317 saxum
2630 2261 2871 2319 intentis
2927 2262 3084 2320 labia
3132 2265 3333 2336 movit,
3375 2265 3649 2337 editaque

2001 2365 2158 2417 voce,
2191 2366 2313 2422 quae
2340 2367 2373 2406 a
2403 2349 2638 2407 nemine
2675 2352 3069 2420 exaudiretur,
3124 2352 3421 2410 occultum
3469 2354 3646 2411 collo-

2002 2438 2208 2509 quium
2243 2439 2466 2496 habuit.
2498 2441 2572 2495 At
2601 2438 2864 2512 plerique
2892 2456 3162 2496 murmur
3190 2440 3336 2497 illud
3381 2442 3648 2499 incanta-

2002 2526 2220 2582 tionem
2245 2526 2612 2584 barbaricam
2639 2544 2789 2595 esse,
2832 2529 3131 2585 facetiores
3181 2534 3377 2585 autem
3425 2532 3649 2588 Andro-

2000 2616 2189 2672 nicum
2220 2616 2473 2673 Manueli
2505 2616 2789 2674 insultare
2819 2622 2876 2674 et
2933 2636 3138 2676 manes
3194 2620 3323 2691 ejus
3355 2622 3651 2694 exagitare

1998 2705 2269 2761 dicebant
2298 2706 2393 2763 his
2449 2706 2641 2763 verbis
2674 2724 2689 2764 :
2726 2729 2755 2759 «
2813 2708 3007 2764 Habeo
3068 2714 3144 2781 te,
3213 2717 3573 2781 persecutor,
3616 2728 3651 2766 a

1999 2811 2114 2867 quo
2147 2794 2351 2852 multis
2383 2801 2549 2854 actus
2606 2815 2738 2854 sum
2796 2798 3095 2855 erroribus
3152 2807 3207 2855 et
3267 2801 3445 2858 totius
3504 2816 3651 2873 pene

2000 2885 2206 2940 mundi
2238 2885 2426 2942 factus
2457 2886 2676 2955 fabula,
2709 2886 2981 2943 universo
3012 2887 3150 2944 orbe
3181 2893 3472 2960 pererrato
3509 2906 3525 2955 ξ
3583 2905 3651 2945 ac

1999 2981 2051 3031 te
2082 2974 2316 3047 quidem
2351 2975 2729 3048 sepulchrum
2794 2975 2954 3032 istud
3010 2976 3068 3031 in
3128 2982 3349 3049 septem
3407 2978 3652 3035 vertices

2000 3080 2318 3136 assurgens
2370 3068 2426 3119 et
2485 3062 2841 3120 inevitabilis
2899 3080 3095 3121 carcer
3125 3068 3414 3136 profundo
3448 3084 3652 3126 somno

1998 3168 2346 3224 Oppressum
2407 3156 2589 3224 tenet,
2647 3168 2716 3208 ex
2765 3170 2880 3225 quo
2940 3154 3177 3211 nonnisi
3235 3154 3453 3212 ultimae
3500 3157 3655 3212 tuba:

1997 3242 2273 3315 clangore
2294 3241 2642 3299 excitaberis
2669 3259 2691 3306 ,'
2714 3259 2820 3314 ego
2843 3260 2977 3299 vero
2997 3248 3158 3300 tuum
3176 3260 3360 3317 genus
3384 3245 3655 3316 ulciscar,

2001 3336 2067 3387 ut
2085 3332 2174 3390 leo
2196 3333 2453 3404 praedam
2477 3332 2734 3405 opimam
2760 3337 2990 3401 nactus,
3014 3337 3070 3390 et
3086 3334 3652 3407 pmnasiojuriarum

2001 3428 2234 3480 tuarum
2263 3439 2468 3497 graves
2488 3425 2739 3497 exigam,
2770 3429 3081 3497 postquam
3104 3426 3255 3482 hanc
3284 3426 3654 3499 splendidam

234 3512 437 3572 ἔπεισιν
468 3512 689 3591 ἅρματι.
724 3515 830 3571 Καὶ
862 3515 919 3570 σὲ
989 3514 1086 3587 μὲν
1146 3516 1174 3569 ὁ
1232 3509 1646 3590 ὲπτακόρυμϐος
1705 3514 1890 3570 οὑτοσὶ

2007 3514 2209 3571 urbem
2242 3531 2373 3570 sum
2405 3514 2730 3587 ingressus,
2765 3532 2891 3588 quas
2922 3521 3146 3590 septem
3179 3534 3297 3573 una
3326 3517 3441 3575 sibi
3487 3532 3654 3573 muro

234 3605 434 3675 συνέξει
466 3603 619 3667 λίθος
658 3604 758 3659 ’ὅσα
812 3603 902 3659 καὶ
961 3603 1195 3682 ἃιρυκτον
1235 3601 1639 3679 δεσμωτήριον,
1695 3605 1895 3680 νῆγερο

2007 3604 2393 3660 circumdedit
2422 3621 2604 3661 arces.
2638 3627 2668 3658 κ

237 3716 334 3751 τον
365 3691 697 3760 καθεύδοντα
727 3692 889 3749 ὕπνον
923 3693 1011 3748 καὶ
1038 3700 1138 3763 τῆς
1166 3693 1478 3756 τελευταίας
1518 3691 1819 3770 σάλπιγγος
1851 3689 2062 3748 ἐπιδεᾶ’
2105 3689 2212 3769 ἒγὼ
2244 3688 2301 3746 δὲ
2354 3692 2416 3747 τὸ
2475 3692 2566 3747 σὸν
2635 3691 3030 3767 μετελεύσομαι
3072 3694 3227 3769 γένος
3262 3696 3351 3749 οἷα
3388 3694 3477 3748 καί
3512 3692 3651 3749 λέων

249 3785 475 3861 μεγάλῳ
506 3782 845 3861 ἐπεγκύρσας
876 3783 1175 3859 θηράματι,
1203 3783 1293 3839 καὶ
1335 3780 1488 3847 δίκας
1516 3782 1591 3839 ὧν
1624 3781 1728 3837 ὑπὸ
1758 3785 1856 3837 σοῦ
1910 3786 2093 3845 κακῶς
2149 3778 2461 3845 ἐπεπόνθειν
2519 3783 2767 3857 γενναίας
2801 3781 3160 3858 εἶσπράξομαι
3215 3782 3312 3851 τὴν
3347 3779 3654 3857 ἑπτάλοφον

236 3875 460 3946 ταυτηνὶ
494 3874 584 3931 καὶ
616 3871 875 3948 λαμπρὲιν
904 3873 1085 3928 εἰσιὼν
1128 3871 1528 3949 μεγαλόπολιν.
1558 3897 1588 3927 »

310 3961 395 4021 ιδ’,
438 3965 537 4021 Ἐκ
593 3960 652 4018 δὲ
706 3963 902 4019 τούτου
961 3964 1135 4019 πάντα
1183 3963 1333 4020 οἶκον
1398 3961 1565 4018 ἐπιὼν
1626 3967 1892 4039 περιφανῆ

229 4053 318 4108 καὶ
402 4053 688 4129 λαμπρὸν,
762 4054 851 4108 καὶ
934 4054 1210 4128 σταθμοὺς
1259 4052 1310 4109 ἐν
1367 4052 1550 4114 αὐτοῖς
1606 4052 1893 4124 τιθέμενος

232 4140 413 4216 ὥσπερ
499 4144 552 4198 οἱ
609 4140 1034 4218 παροδεύοντες,
1094 4142 1301 4219 ἐχρῆτο
1378 4146 1494 4205 τοῖς
1552 4147 1763 4204 κοινοῖς
1821 4141 1896 4204 ὡς

233 4234 419 4309 ᾑρεῖτο
449 4234 752 4309 πράγμασι,
810 4237 893 4306 τῷ
953 4235 1049 4308 μὲν
1108 4230 1326 4309 βασιλεῖ
1373 4232 1607 4306 Ἀλεξίῳ
1664 4251 1896 4307 κυνηγε-

234 4320 370 4383 σίοις
401 4320 571 4400 ἐφιεὶς
602 4321 961 4396 προσανέχειν
1008 4320 1099 4376 καὶ
1156 4316 1389 4395 κούφοις
1445 4323 1524 4391 τῷ
1574 4316 1713 4380 τὲως
1766 4316 1894 4390 τρέ-

235 4413 424 4486 φεσθαι
455 4409 725 4485 πνεύμασι
761 4411 896 4484 μετᾶ
949 4414 1057 4465 τῶν
1118 4408 1375 4488 φυλάκων
1437 4405 1531 4471 οὕς
1570 4406 1718 4479 αύτῷ
1769 4406 1892 4462 ἐπέ-

237 4521 446 4571 στησεν,
490 4500 554 4556 ού
589 4500 756 4574 μόνον
781 4501 883 4570 τήν
943 4496 1153 4555 ε’ἓσοδον
1212 4497 1377 4554 αὐτοῦ
1434 4498 1525 4553 καὶ
1581 4499 1679 4566 τὴν
1709 4490 1890 4567 ἔξοδον

236 4591 546 4667 ἐφορῶντας
572 4594 671 4646 τοῦ
712 4593 947 4664 μυθικοῦ
978 4586 1382 4663 πολυομμάτου
1413 4590 1622 4661 ’Ἀργου
1676 4605 1895 4662 περιερ-

238 4681 485 4756 γότερον,
516 4677 666 4736 ἀλλᾶ
694 4679 785 4734 καὶ
846 4676 1055 4753 μηδένα
1109 4683 1216 4733 τῶν
1278 4677 1523 4732 ἁπάντων
1583 4680 1896 4750 παρεῶντας

245 4769 391 4841 μόνῳ
443 4767 794 4845 ἐντυγχάνειν
853 4768 1001 4841 αὖτῷ
1059 4766 1189 4842 ὑπὲρ
1236 4787 1295 4822 τε
1354 4765 1666 4822 οὑτινοσοῦν
1706 4763 1895 4839 διομι-

240 4854 445 4914 λεῖσθαι
503 4861 852 4935 πράγματος,
913 4858 1100 4913 ἑαυτὸν
1176 4854 1233 4912 δὶ
1289 4855 1419 4912 ’ὀλον
1489 4851 1710 4918 ἐπιδοὺς
1776 4859 1897 4920 ταῖς

249 4948 544 5022 κρίμναις,
600 4946 707 5004 οὐχ
764 4948 914 5009 ’ὁπως
974 4947 1031 5002 εὗ
1114 4947 1400 5023 πράττοιεν
1463 4946 1530 5001 τὰ
1581 4945 1892 5018 Ῥωμαίων,

2081 3964 2167 4019 14.
2200 3962 2486 4034 Deinceps
2508 3978 2712 4018 omnes
2727 3960 3271 4019 domesillustreset
3308 3962 3653 4036 splendidas

2005 4051 2397 4124 pervagando,
2431 4055 2488 4106 et
2519 4050 2807 4107 viatorum
2838 4050 3027 4106 instar
3054 4050 3113 4106 in
3145 4050 3229 4107 eis
3277 4052 3655 4124 diversando,

2005 4157 2127 4197 rem
2144 4140 2441 4214 publicam
2459 4155 2565 4197 suo
2580 4140 2863 4196 arbitratu
2887 4139 3359 4197 administrabat.
3394 4141 3656 4213 Impera-

2004 4228 2115 4285 tori
2130 4228 2327 4286 Alexio
2343 4228 2747 4285 venationeset
2784 4227 2899 4284 alia
2937 4227 3167 4284 ludicra
3198 4227 3469 4299 indulsit,
3500 4231 3656 4287 334

2005 4318 2349 4375 custodibus
2363 4316 2773 4390 adbibitis,qui
2791 4334 2904 4373 non
2924 4318 3095 4373 modo
3114 4317 3445 4390 ingressum
3471 4323 3529 4375 et
3558 4335 3656 4392 eg-

2005 4424 2230 4464 ressum
2247 4407 2374 4480 ejus
2388 4406 2682 4479 diligentis
2692 4406 2737 4462 si
2749 4422 2837 4463 me
2851 4408 3357 4476 observarent,sed
3373 4407 3546 4465 etiam
3561 4424 3660 4465 ne-

2008 4498 2227 4555 minem
2244 4497 2483 4554 omnino
2501 4496 2620 4554 ulla
2637 4498 2707 4553 de
2722 4513 2781 4554 re
2795 4513 2929 4555 cum
2945 4512 3010 4553 eo
3026 4495 3280 4571 colloqui
3293 4502 3652 4571 paterentur:

2006 4588 2119 4645 sibi
2142 4605 2341 4645 curam
2364 4604 2558 4644 rerum
2593 4588 2938 4657 vendicavit,
2969 4605 3084 4645 non
3106 4587 3167 4645 in
3189 4588 3246 4645 id
3274 4588 3559 4660 intentus,
3593 4596 3657 4646 ut

2008 4677 2270 4733 Romana
2290 4694 2381 4734 res
2405 4676 2654 4746 ﬂoreret,
2669 4678 2766 4733 sed
2784 4680 3062 4734 utomnes
3076 4681 3193 4735 tam
3209 4679 3452 4737 consilio
3475 4696 3653 4751 quam

2010 4784 2186 4823 manu
2200 4766 2480 4840 pollentes
2498 4770 2555 4822 et
2582 4765 2828 4839 imperio
2851 4767 3066 4836 idonei,
3091 4768 3329 4826 diversae
3362 4769 3655 4838 factionis,

2006 4855 2219 4929 palatio
2242 4856 2631 4930 exigerentur.
2665 4856 3066 4929 Paphlagones
3085 4861 3435 4929 creterosque
3449 4872 3656 4914 omnes

2006 4962 2255 5018 quorum
2284 4962 2461 5018 opera
2517 4953 2574 5003 et
2628 4946 2843 5002 studiis
2896 4962 3143 5018 regnum
3202 4950 3536 5017 occuparat,
3597 4948 3656 4998 et

243 5033 361 5091 ἀλλ’
416 5036 571 5101 ὅπως
621 5034 813 5115 ἁιιελεῖ
866 5035 927 5092 ἐκ
981 5041 1088 5092 τῶν
1126 5033 1419 5111 βασιλείων
1450 5033 1541 5088 καὶ
1573 5028 1890 5106 σύμϐουλον

2004 5035 2324 5093 honoribus
2349 5039 2405 5092 et
2433 5034 2844 5107 largitionibus
2877 5039 2967 5090 est
2988 5039 3415 5091 remuneratus.
3452 5030 3654 5101 Digni-

243 5123 427 5201 ἀγαθὸν
488 5125 581 5181 καὶ
639 5127 776 5182 κατὰ
844 5132 1005 5203 χεῖρα
1042 5130 1283 5201 γενναῖον
1313 5121 1481 5199 ἂνδρα
1512 5124 1603 5179 καὶ
1665 5124 1893 5199 ἀρειμά-

246 5234 349 5269 νιον
375 5217 467 5273 καὶ
499 5216 741 5272 ὕποπτον
775 5214 965 5288 ἐκείνῳ
997 5216 1084 5270 καὶ
1141 5214 1278 5291 πρὸς
1324 5211 1503 5289 ἀρχὴν
1556 5210 1889 5283 ἐπιτήδειον.

252 5300 636 5381 ’Δμειϐόμενος
668 5303 727 5360 δὲ
782 5311 883 5375 τῆς
941 5304 1076 5379 πρὸς
1127 5302 1286 5358 αὐτὸν
1348 5300 1557 5363 εὐνοίας
1600 5299 1725 5361 τοὺς
1784 5303 1891 5356 Πα-

247 5392 510 5469 φλαγόνας
575 5391 667 5448 καὶ
726 5392 903 5447 πάντα
960 5387 1131 5445 ἄλλον
1217 5388 1661 5467 συνεφαψάμενον
1746 5385 1893 5458 αὐτῷ

247 5484 332 5548 τῆς
362 5481 717 5553 ἆποστασίας,
748 5480 1019 5554 ἀξιώμασι
1068 5478 1298 5542 τούτους
1354 5477 1579 5550 ἐτίμησε
1632 5475 1722 5531 καὶ
1786 5472 1894 5529 δω-

248 5575 380 5642 ρεαῖς
406 5570 730 5650 φιλοτίμοις
759 5567 1100 5641 ἐδεξιώσατο.
1134 5569 1234 5623 Καὶ
1263 5569 1331 5623 τὰ
1387 5563 1618 5641 λαμπρᾶ
1675 5560 1732 5619 δὲ
1783 5567 1890 5619 τῶν

246 5657 557 5736 ἀξιωμάτων
584 5659 677 5717 καὶ
731 5660 800 5715 τὰ
845 5664 952 5714 τῶν
1005 5658 1273 5740 όφφικίων
1338 5653 1755 5732 μεγαλοπρεπῆ,
1820 5655 1894 5718 ὡς

247 5746 427 5830 ἱκείνῳ
457 5751 656 5827 ἐδόκει,
693 5750 997 5829 μετατιθεὶς
1056 5748 1145 5806 ἐπί
1210 5769 1374 5808 τινων
1421 5747 1515 5823 μὲν
1576 5747 1702 5809 τοὺς
1760 5745 1891 5802 ἑαυ-

2002 5129 2151 5182 tates
2183 5129 2240 5182 et
2262 5125 2448 5183 ofﬁcia
2480 5124 2791 5196 magnifica
2822 5139 2924 5195 pro
2956 5122 3120 5179 libito
3151 5122 3363 5193 partim
3405 5120 3465 5175 in
3498 5118 3650 5176 filios

2005 5214 2382 5285 suos,partim
2409 5214 2467 5269 in
2488 5211 2633 5269 alios
2654 5211 3076 5277 transtulit,cos
3103 5210 3305 5280 utique
3326 5210 3418 5279 qui
3452 5210 3648 5280 ipsum

2002 5302 2188 5358 secuti
2244 5305 2433 5371 erant,
2493 5303 2557 5354 ut
2614 5299 2755 5356 olim
2816 5298 2854 5352 ii
2915 5298 3013 5369 qui
3072 5315 3103 5353 a
3161 5298 3277 5354 Deo
3309 5297 3535 5355 vivente
3575 5299 3648 5355 ad

2002 5389 2237 5446 Baalem
2273 5391 2628 5455 defecerunt,
2656 5388 2876 5461 quique
2935 5387 3123 5459 ipsius
3176 5387 3419 5461 gloriam
3474 5390 3654 5463 priori

2003 5476 2282 5534 laudabili
2316 5476 2584 5547 dignitati
2616 5492 2749 5533 cum
2782 5478 3018 5549 justitia
3040 5479 3374 5552 cunjunctae
3397 5479 3658 5553 praetule-

2004 5571 2159 5622 runt.
2194 5566 2442 5622 Proinde
2501 5564 2642 5620 clari
2693 5566 2801 5622 viri
2859 5567 3072 5640 partim
3123 5569 3295 5626 domo
3358 5574 3416 5626 et
3468 5570 3658 5643 patria

2000 5655 2427 5731 pellebantur,a
2443 5654 2803 5713 charissimis
2823 5656 2949 5713 suis
2984 5657 3186 5730 avulsi,
3220 5660 3431 5732 partim
3467 5660 3653 5718 oculis

2003 5744 2403 5819 privabantur,
2434 5743 2648 5819 partim
2690 5745 2752 5804 in
2778 5762 3071 5807 carcerem
3089 5752 3146 5807 et
3162 5750 3380 5809 ferreas
3395 5749 3651 5809 manicas
