4066 6214
408 367 524 427 611

1723 355 2032 420 ΝῙΟΕΤᾸὲ
2075 350 2501 418 CHONIATIE

3703 356 3824 418 612

413 497 895 571 conﬁciebantur,
965 491 1184 549 nullius
1244 490 1358 548 sibi
1414 489 1652 548 sceleris
1681 490 1923 564 conscii,
1956 491 2053 548 sed

2167 493 2264 543 τοῦ
2295 483 2495 548 παῖδας
2521 477 2888 560 προύϐάλετο,
2929 481 3126 546 ἄλλοις
3176 479 3224 538 δ’
3283 481 3539 562 ὗπεξῆρεν
3583 485 3832 563 ἑτέρους,

411 589 574 646 illius
606 583 870 644 criminis
901 581 1072 638 tacite
1129 582 1279 639 335
1342 581 1734 649 condemnati,
1794 582 1950 654 quod
1994 598 2063 638 ex

413 677 712 735 nobilitate
735 677 930 730 essent
946 676 1004 728 et
1026 671 1174 728 bello
1205 689 1358 744 saepe
1385 672 1614 728 fortiter
1635 687 1698 727 se
1720 671 2062 742 gessissent,

413 771 515 824 aut
543 764 885 838 proceritate
948 762 1206 834 corporis
1263 767 1320 817 et
1379 760 1670 834 elegantia
1709 761 1929 830 formas,
1963 765 2063 817 aut

411 853 525 911 alia
583 851 858 925 quapiam
916 867 976 906 re
1036 866 1162 922 quas
1219 849 1504 905 morderet
1557 848 1948 905 Andronicum
2005 851 2064 904 et

410 958 513 1013 spe
543 941 698 997 haud
739 939 890 994 bona
915 937 1115 1006 aleret,
1158 935 1609 1006 antecellerent;
1670 941 1772 992 aut
1819 935 1892 992 ob
1923 935 2061 991 resi-

411 1032 562 1087 duas
594 1035 852 1086 veterum
886 1028 1239 1083 offensarum
1274 1025 1582 1094 scintillas,
1617 1043 1744 1097 quas
1775 1025 2059 1082 hactenus

411 1119 568 1176 velut
621 1118 776 1189 ignis
847 1116 958 1172 sub
1027 1116 1218 1172 cinere
1277 1115 1586 1181 latuerant,
1660 1115 2058 1184 resuscitatus,

417 1208 843 1265 multabantur.
865 1206 1064 1278 Itaque
1096 1204 1408 1278 peracerba
1436 1203 1795 1259 fuitillorum
1841 1207 2060 1276 tempo-

416 1317 546 1358 rum
579 1298 856 1370 conditio,
889 1302 946 1354 et
975 1295 1602 1369 conjunctissimorum
1634 1293 1788 1350 inter
1817 1311 1880 1351 se
1924 1311 2058 1366 per-

416 1389 554 1446 fidia
583 1390 805 1446 malum
838 1385 1223 1444 intolerabile.
1257 1386 1371 1442 Nec
1401 1384 1555 1441 enim
1613 1385 1791 1442 frater
1847 1385 2056 1441 dunta-

413 1484 511 1536 xat
543 1480 804 1548 fratrem,
836 1480 1000 1550 pater
1021 1476 1208 1532 [illum
1232 1473 1584 1547 negligebat,
1625 1474 1674 1531 si
1723 1473 2057 1532 Andronico

411 1569 494 1625 ita
515 1569 706 1625 visum
734 1565 1033 1623 esset:sed
1051 1565 1373 1635 proditores
1387 1580 1587 1621 eorum
1641 1563 2057 1622 infestissimos

414 1660 484 1714 ad
507 1658 964 1715 internecionem
995 1655 1226 1712 familiis
1257 1655 1620 1727 adjutabant.
1656 1657 1830 1713 Erant
1879 1655 2054 1712 etiam

413 1747 516 1819 qui
540 1747 653 1820 ipsi
685 1763 822 1804 suos
854 1746 1170 1813 deferrent,
1204 1749 1268 1802 ut
1289 1750 1388 1802 aut
1417 1745 1733 1803 Andronici
1764 1754 1892 1802 acta
1922 1746 2058 1802 irri-

2165 580 2402 643 ἐκείνους
2465 577 2734 651 δήπουθεν
2778 579 2830 634 οἳ
2870 579 3047 635 ὀπίσω
3101 579 3272 636 αὐτοῦ
3325 581 3696 658 ἐπορεύθησαν
3753 583 3834 646 ὡς

2165 677 2261 728 τοῦ
2295 667 2445 728 Βάαλ
2475 669 2739 744 πρότερον
2774 669 2826 724 οἱ
2854 668 3185 732 ἀποστάντες
3245 675 3448 741 ζῶντος
3505 669 3673 742 Θεοῦ,
3737 671 3833 727 καὶ

2167 759 2222 818 οἳ
2273 761 2373 830 τήν
2418 761 2544 834 παρ’
2603 757 2793 832 ἐκείνῳ
2833 757 2987 830 δόξαν
3035 759 3326 836 προέθεντο
3377 764 3476 828 τῆς
3535 761 3836 832 ἐπαινετῆς

2163 852 2254 906 καὶ
2296 850 2559 927 προτέρας
2586 856 2756 922 τιμῆς
2813 850 2902 905 καὶ
2957 855 3034 924 τῷ
3093 847 3289 925 δικαιῳ
3350 849 3546 926 μερίδα
3577 872 3836 928 παρεχο-

2169 940 2347 1014 μένης.
2379 939 2446 996 Οἱ
2475 939 2569 1012 μὲν
2613 939 2794 994 τοίνυν
2836 943 2942 994 τῶν
2976 938 3293 1013 ἐπιστήμων
3326 939 3536 1016 ἀνδρῶν
3567 939 3832 1013 ἀπηλαύ-

2161 1049 2317 1085 νοντο
2347 1025 2500 1082 οἵκου
2529 1027 2620 1082 καὶ
2659 1024 2918 1102 πατρίδος
2952 1027 3044 1084 καὶ
3108 1032 3218 1084 τῶν
3259 1027 3539 1106 φιλτάτων
3599 1028 3831 1086 ἆποδιί-

2165 1139 2378 1189 σταντο,
2414 1119 2466 1172 οἱ
2499 1114 2554 1172 δὲ
2585 1117 2826 1194 είρκταῖς
2881 1118 2973 1174 καὶ
3035 1116 3384 1194 χειροπέδαις
3415 1117 3670 1194 σιδηραῖς
3723 1141 3830 1175 πα-

2163 1205 2460 1280 ρεδίδοντο,
2502 1205 2670 1263 ἄλλοι
2709 1205 2839 1271 τοὺς
2873 1205 3198 1286 ὀφθαλμοὺς
3228 1206 3606 1280 ἐξεκόπτοντο,
3649 1208 3828 1265 αἰτίαν

2164 1294 2426 1372 οὐδεμίαν
2467 1295 2751 1374 πρόδηλον
2821 1296 3164 1374 ἐπαγομένην
3221 1300 3401 1378 σφίσιν
3462 1299 3830 1374 εὕρίσκοντες,

2162 1387 2226 1444 τὸ
2257 1385 2304 1442 δ’
2345 1387 2483 1442 εἶναι
2520 1392 2630 1444 τῶν
2661 1384 3002 1464 εὐπατριδῶν
3041 1386 3344 1460 σιωπηλῶς
3401 1386 3830 1466 ἐγκαλούμενοι,

2163 1477 2254 1533 καὶ
2303 1478 2442 1533 κατά
2505 1477 2756 1551 πόλεμον
2812 1475 3088 1540 πολλάκις
3147 1475 3536 1552 εὐδοκιμῆσαι,
3592 1479 3630 1550 ἢ
3687 1485 3833 1558 φυῆς

2163 1570 2418 1641 σώματος
2475 1567 2864 1645 γενναιοτάτης
2923 1564 2960 1638 ἤ
3017 1566 3164 1643 ὥρας
3215 1567 3554 1640 ἱκανωτάτης
3585 1567 3834 1642 μεταλα-

2161 1662 2304 1732 χεῖν,
2335 1655 2372 1726 ἢ
2431 1677 2485 1712 τι
2551 1653 2735 1734 ἕτερον
2789 1655 2969 1735 φέρειν
3011 1657 3312 1727 ἐπαινετὸν,
3345 1657 3639 1728 ὑποκνίζον
3701 1659 3834 1717 ’Λν-

2163 1743 2410 1820 δρόνικον
2446 1744 2569 1802 οὐδ’
2608 1746 2810 1823 ἀγαθὰς
2863 1745 3049 1820 ἐκείνῳ
3093 1747 3188 1810 τὰς
3219 1745 3447 1811 ἐλπίδας
3481 1743 3826 1821 ὑποϐάλλον,

413 1839 956 1908 dentes,autspreto
988 1835 1320 1892 Andronico
1377 1838 1688 1906 paternum
1739 1835 2050 1908 imperium

2161 1833 2272 1906 ε’ἰτε
2330 1835 2436 1908 μήν
2492 1833 2730 1896 παλαιᾶς
2765 1831 3134 1910 μικρολυπίας
3187 1835 3469 1916 ὑποτῦφυν
3500 1833 3830 1910 ἐμπύρευμα

409 1925 636 1998 gerenti
667 1924 859 1981 Alexio
889 1924 1170 1981 addictos.
1204 1922 1369 1979 Multi
1417 1941 1648 1996 quoque
1699 1925 1851 1981 inter
1888 1941 2054 1981 accu-

412 2015 662 2071 sandum
697 2020 838 2071 sunt
867 2014 1120 2070 accusati
1151 2029 1166 2081 ;
1217 2018 1274 2069 et
1331 2014 1470 2070 dum
1525 2015 1669 2072 alios
1709 2020 1964 2088 arguunt
1993 2019 2058 2071 ut

415 2104 732 2160 Andronici
766 2104 1162 2171 insidiatores,
1195 2103 1268 2159 ab
1296 2103 1443 2175 ipsis
1503 2104 1617 2162 reis
1667 2114 1764 2162 aut
1802 2106 2058 2162 cireum-

415 2192 706 2249 stantibus
752 2195 893 2248 sunt
950 2189 1146 2257 delati,
1179 2196 1235 2246 et
1296 2191 1354 2247 in
1413 2193 1672 2250 eamdem
1730 2195 2057 2250 custodiam

417 2281 644 2354 utrique
668 2279 926 2337 abducti.
954 2278 1288 2337 Orationem
1334 2297 1522 2338 meam
1572 2282 2062 2338 confirmatJoan-

411 2387 516 2428 ues
546 2372 1114 2442 Cantacuzenus,qui
1147 2371 1357 2446 pugnis
1388 2371 1447 2426 in
1505 2371 1824 2442 spadonem
1873 2371 2057 2428 Zitam

411 2461 497 2518 ita
521 2460 722 2531 saeviit,
764 2463 830 2516 ut
857 2461 1062 2518 dentes
1092 2461 1144 2518 ci
1176 2463 1467 2518 excuteret
1494 2464 1551 2516 et
1581 2459 1734 2516 labia
1763 2459 2057 2516 discinde‘

408 2553 520 2619 ret,
553 2551 708 2622 quod
740 2566 873 2606 eum
902 2551 1256 2624 imperatore
1283 2550 1480 2606 Alexio
1529 2550 1602 2606 de
1643 2549 2058 2606 communibus

413 2640 670 2697 miseriis
692 2645 848 2698 esset
864 2639 1392 2708 collocutus;336
1417 2641 1690 2712 idemque
1727 2657 1858 2697 mox
1905 2657 2060 2698 com-

406 2729 732 2804 prehensus
761 2735 818 2786 et
848 2729 1034 2787 oculis
1065 2733 1244 2787 erutis
1302 2731 1361 2786 in
1394 2731 1714 2787 obscurum
1763 2746 2056 2788 carcerem

405 2821 835 2892 estcoujectus,
869 2821 1019 2891 quod
1052 2837 1154 2893 per
1195 2821 1507 2893 quemdam
1560 2819 1811 2877 careeris
1868 2824 2055 2876 custo-

411 2910 544 2965 dem
577 2909 739 2965 fratri
763 2912 961 2967 uxoris
975 2927 1094 2966 suae
1117 2909 1336 2983 Angelo
1367 2910 1748 2966 Constantino
1805 2910 2057 2966 salutem

410 2997 647 3056 dixerat.
685 2999 1064 3072 Nemoigitur
1117 3016 1508 3055 mrumnarum
1550 3005 1676 3056 erat
1724 3016 1970 3072 expers;
2001 3002 2060 3056 et

407 3088 458 3143 si
490 3105 793 3161 nunquam
826 3088 992 3154 alias,
1033 3093 1160 3145 tum
1215 3094 1370 3145 certe
1428 3088 1621 3162 reipsa
1665 3092 1928 3145 monstra
1958 3087 2060 3145 illa

405 3179 784 3250 apparebant,
820 3194 944 3251 quae
967 3179 1341 3252 Empedocles
1371 3178 1442 3236 de
1499 3179 1869 3236 contentione
1896 3179 2060 3234 fabu-

401 3265 577 3322 latur.
611 3267 806 3338 Neque
861 3268 1018 3324 enim
1076 3284 1344 3340 proceres
1401 3269 1687 3324 duntaxat
1733 3267 2054 3325 Andronici

403 3355 744 3425 adversarii,
776 3357 876 3414 sed
907 3357 1038 3428 ejus
1096 3357 1271 3413 etiam
1332 3356 1588 3414 cultores
1641 3355 2052 3414 crudelissime

406 3447 826 3503 tractabantur.
856 3446 1004 3503 Nam
1036 3461 1183 3518 quos
1215 3446 1341 3502 heri
1370 3446 1798 3504 humanissime
1818 3461 2052 3518 excepe-

405 3539 497 3592 rat
531 3539 588 3592 et
614 3535 772 3592 inter
799 3534 1038 3590 intimos
1069 3535 1374 3604 habuerat,
1407 3535 1464 3590 in
1497 3551 1596 3591 eos
1626 3535 1796 3591 hodie
1837 3535 2048 3592 atroci-

401 3629 494 3681 ter
523 3625 814 3682 sasviebat.
849 3625 934 3681 Ita
962 3624 1154 3682 videre
1185 3627 1310 3680 erat
1349 3624 1619 3680 eumdem
1668 3624 1871 3680 eodem
1931 3622 2046 3694 die,

404 3720 467 3774 ut
498 3717 570 3773 de
601 3715 890 3774 navarebo
923 3715 1121 3774 Xerxis
1151 3720 1241 3772 est
1281 3715 1574 3771 memoriis
1633 3714 1954 3786 proditum,
1993 3719 2052 3772 et

407 3806 664 3864 coronati
721 3811 780 3863 et
835 3805 1027 3863 securi
1084 3804 1328 3876 percuti,
1383 3804 1606 3860 laudari
1660 3812 1714 3860 el
1771 3804 2048 3860 conviciis

403 3895 930 3968 proscindi.ltaque
957 3894 1361 3968 prudentiores
1393 3893 1702 3950 Andronici
1759 3892 2051 3949 laudatio-

404 4001 536 4044 nem
600 3986 826 4058 injuriae
887 3983 1264 4057 principium,
1318 3987 1376 4040 et.
1430 3982 1860 4038 beniﬁcentiam
1925 3983 2050 4053 ejus

404 4074 748 4133 facultatum
783 4074 1066 4146 rapinam,
1100 4071 1516 4143 benignitatem
1574 4072 1702 4142 ejus
1746 4070 2045 4128 interitum

400 4161 763 4234 judicabant.
796 4161 995 4234 Neque
1026 4177 1158 4218 vero
1223 4158 1549 4228 constabat,
1607 4175 1740 4216 cum
1799 4175 2046 4232 regnum

402 4252 720 4320 alfactaret,
752 4267 887 4308 eum
937 4249 1258 4307 veneficum
1310 4263 1441 4305 esse
1508 4247 1941 4304 atrocissimum
1991 4250 2049 4303 et

401 4340 623 4396 Iehalia
653 4339 862 4414 pocula
896 4339 1438 4411 miscendiperitum
1467 4354 1480 4392 :
1506 4338 1605 4394 sed
1642 4338 1789 4394 387
1828 4335 2048 4408 aliquot

399 4427 604 4485 diebus
638 4433 768 4500 post
800 4429 856 4484 id
889 4429 1165 4485 omnibus
1205 4429 1261 4483 in
1296 4443 1394 4483 ore
1450 4432 1593 4495 erat,
1651 4442 1784 4482 vere
1843 4441 2044 4494 necne,

395 4515 553 4572 haud
589 4519 708 4573 scio
743 4537 758 4587 ;
795 4533 861 4572 ac
900 4519 1033 4588 ejus
1091 4518 1327 4574 nefariae
1383 4518 1527 4573 artis
1583 4516 1773 4590 prima
1839 4516 2046 4572 fecisse

2169 1923 2584 2002 καὶφρυκτεῦον
2644 1924 2783 1980 κατὰ
2837 1923 3019 2000 βραχὺ
3086 1925 3150 1980 τὸ
3180 1923 3373 2000 πρώην
3421 1920 3668 1996 λεληθὸς
3738 1926 3826 1981 καὶ

2169 2009 2561 2086 σποδιούμενον
2591 2016 2692 2069 τοῦ
2749 2015 2947 2086 θυμοῦ.
3004 2016 3106 2071 Ἦν
3163 2013 3344 2070 τοίνυν
3402 2013 3733 2078 ἀνύποιστος
3790 2017 3827 2084 ἠ

2166 2105 2264 2156 τοῦ
2292 2101 2416 2157 τότε
2442 2105 2635 2177 καιροῦ
2665 2101 2828 2180 φορά,
2858 2102 2950 2157 καὶ
2997 2104 3032 2173 ἡ
3066 2101 3202 2177 πρὸς
3233 2099 3518 2174 ἀλλήλους
3566 2103 3660 2158 καὶ
3717 2106 3825 2158 τῶν

2167 2191 2304 2245 πάνυ
2359 2191 2750 2266 γνησιωτάτων
2824 2189 2924 2247 οὐκ
3006 2189 3252 2247 εὐπιστία
3333 2193 3494 2247 κακὸν
3546 2195 3628 2266 [Ρ.
3697 2192 3830 2266 167]

2168 2278 2444 2356 ἀφόρητον
2481 2282 2572 2352 ἦν.
2605 2283 2682 2339 Οὐ
2714 2281 2818 2358 γὰρ
2881 2281 3050 2356 μόνον
3095 2279 3330 2362 ἀδελφὸς
3394 2283 3649 2359 παρεώρα
3722 2303 3834 2338 κα-

2170 2369 2416 2444 σίγνητον
2474 2371 2564 2426 καὶ
2637 2373 2818 2446 πατὴρ
2903 2369 3022 2443 υίέα
3105 2374 3460 2450 παρέτρεχεν,
3515 2374 3574 2428 ἄν
3647 2371 3829 2435 οὕτως

2167 2460 2392 2535 ἤρεσκεν
2451 2456 2802 2536 ’Δνδρονίκῳ’
2862 2459 3009 2518 ἀλλὰ
3065 2462 3155 2518 καὶ
3211 2468 3327 2526 τοῖς
3364 2458 3827 2537 καταπροδιδοῦσι

2167 2545 2393 2609 τούτους
2432 2544 2791 2622 συνέπραττον
2849 2548 2917 2603 τὰ
2972 2548 3258 2619 ἀνήκεστα,
3306 2550 3399 2605 καὶ
3453 2549 3556 2618 τὴν
3583 2551 3684 2604 τοῦ
3739 2547 3831 2624 γέ-

2167 2656 2293 2698 νους
2353 2632 2714 2692 συνδιετίθουν
2773 2633 3067 2694 ἀπώλειαν.
3123 2637 3242 2694 Εἰσὶ
3275 2635 3322 2693 δ’
3361 2636 3415 2694 οἵ
3451 2641 3544 2694 καὶ
3573 2640 3830 2712 κατεμή⁸

2169 2746 2292 2782 νυον
2351 2723 2639 2781 αίρτότατοι
2694 2725 2820 2788 τοὺς
2857 2726 3090 2790 οἰκείους
3150 2728 3226 2792 ὡς
3254 2729 3289 2798 ἢ
3349 2727 3414 2784 τὰ
3444 2730 3572 2804 παρ’
3604 2725 3828 2804 Ἀνδρο-

2167 2815 2318 2870 νίκου
2379 2813 2748 2894 χλευάζοντας
2801 2813 3054 2891 δρώμενα
3083 2816 3118 2888 ἢ
3158 2821 3288 2892 γοῦν
3324 2821 3406 2891 τῷ
3435 2819 3536 2887 τήν
3566 2819 3824 2894 πατρῴαν

2168 2903 2395 2980 ἄρχοντι
2450 2905 2629 2984 ἀρχὴν
2693 2905 2922 2978 ’Δλεξίῳ
2973 2908 3424 2981 προσκειμένους,
3469 2905 3824 2984 Ἀνδρονίκου

2169 2990 2226 3048 δὲ
2255 2994 2716 3072 ἆπαυχενίζοντας
2749 2995 2994 3058 ἑαυτούς.
3028 2993 3244 3052 Πολλοὶ
3293 2994 3352 3052 δὲ
3406 2997 3502 3052 κάν
3561 3002 3643 3070 τῷ
3700 2996 3828 3074 ἄρτι

2167 3090 2492 3160 κατηγορεῖν
2550 3083 2946 3159 κατηγόρηντο,
3004 3084 3093 3140 καὶ
3168 3082 3549 3164 διελέγχοντες
3605 3087 3827 3163 ἑτέρους

2169 3171 2251 3230 ἐπ’
2310 3171 2645 3250 Ἀνδρονικῳ
2700 3175 2953 3237 τέκτονας
3010 3179 3188 3231 κακῶν
3241 3175 3328 3231 ὑπ’
3386 3175 3562 3232 αὐτῶν
3604 3177 3829 3234 ἐκείνων

2166 3265 2273 3317 τῶν
2329 3263 2820 3339 κατηγορουμένων
2906 3265 2942 3334 ἢ
3027 3265 3118 3320 καὶ
3194 3263 3380 3321 ἄλλων
3458 3269 3823 3343 παρεστώτων

2159 3351 2675 3428 προσηγγέλλοντο,
2705 3351 2796 3408 καὶ
2854 3353 2975 3428 εἶχε
3029 3353 3258 3418 τούτους
3315 3354 3596 3420 κάκείνους
3654 3377 3826 3416 συνα-

2158 3441 2504 3518 παγομένους
2537 3441 2637 3515 μία
2667 3440 2897 3517 φρόυρά.
2934 3442 3032 3497 Καὶ
3071 3442 3357 3500 πιστοῦταί
3422 3466 3518 3519 μοι
3576 3447 3675 3501 τὸν
3727 3444 3830 3503 λό-

2157 3555 2250 3611 γον
2333 3536 2362 3590 6
2437 3537 2880 3607 Καντακουζηνὸς
2965 3537 3204 3610 Ιωάννης
3315 3535 3831 3614 παλαμναιοτάταις

2159 3629 2402 3700 πυγμαῖς
2457 3625 2634 3681 παίων
2697 3625 2954 3700 ἐκτομίαν
3041 3629 3164 3684 τινὰ
3225 3630 3419 3699 Τζίταν
3473 3628 3821 3705 καλούμενον

2157 3715 2248 3769 καὶ
2275 3713 2401 3777 τοὺς
2434 3711 2659 3777 ὀδόντας
2699 3713 2925 3792 ἐκριζων
2981 3717 3070 3772 καὶ
3131 3718 3198 3773 τά
3258 3717 3427 3794 χείλη
3459 3718 3816 3798 ἀφαιματῶν,

2159 3802 2242 3858 ὅτι
2272 3807 2589 3882 πεφώραται
2641 3803 2788 3868 ὅλως
2845 3803 3076 3880 Ἀλεξίῳ
3104 3811 3184 3880 τῷ
3244 3807 3462 3882 βασιλεῖ
3517 3809 3645 3886 περὶ
3699 3816 3814 3867 τῶν

2157 3899 2349 3949 κοινῶν
2401 3891 2712 3969 διαλεχθεὶς
2771 3899 3092 3971 συμφορῶν,
3153 3905 3499 3978 παραχρῆμα
3552 3896 3611 3955 δὲ
3675 3899 3818 3956 συλ-

2159 3978 2577 4058 λαμϐανόμενος
2652 3982 2742 4039 καὶ
2801 3985 2966 4049 αὐτὸς
3047 3984 3526 4060 ἐξομματούμενός
3598 4007 3657 4042 τε
3715 3991 3819 4046 καὶ

2159 4073 2346 4148 εἱρκτῇ
2407 4068 2644 4151 ζοφώδει
2698 4073 3250 4148 παραρῥιπτούμενος
3291 4077 3379 4138 οἷς
3436 4077 3818 4154 προσηγορίαν

2158 4159 2248 4218 διὰ
2275 4165 2372 4216 τοῦ
2413 4159 2832 4240 δεσμοφύλακυς
2900 4161 3183 4238 πέπομφεν
3243 4163 3323 4220 ένὶ
3377 4171 3486 4222 τῶν
3552 4188 3824 4242 γυναικο-

2161 4250 2382 4326 μαίμων
2430 4250 2676 4328 Ἀγγέλῳ
2726 4249 2981 4328 δεσμώτῃ
3067 4252 3184 4310 ὄντι
3263 4259 3342 4328 τῷ
3397 4257 3822 4332 Κωνσταντίνῳ.

2157 4342 2370 4399 Οὐκοῦν
2413 4337 2503 4396 διὰ
2539 4345 2708 4396 ταῦτα
2745 4342 2812 4411 ἦν
2845 4341 2922 4407 είς
2975 4343 3139 4400 πόνον
3197 4343 3376 4401 ἅπασα
3432 4344 3670 4426 κεφαλὴ,
3727 4348 3822 4404 καὶ

2155 4431 2462 4508 παρρησίαν
2517 4429 2652 4506 ἦγον
2703 4431 2779 4494 ὡς
2845 4429 2908 4486 οὕ
2965 4453 3120 4503 ποτε,
3177 4439 3304 4511 τοῖς
3387 4432 3572 4511 ἔργοις
3630 4435 3823 4501 αὐτοῖς

2157 4520 2514 4595 πιστούμενα,
2571 4521 2672 4576 ’ὃσα
2726 4521 2788 4576 τὸ
2846 4507 3273 4595 Ἐμπεδόκλειοῖ
3302 4529 3479 4586 νεῖκος
3533 4527 3824 4602 τερθρεύεο

395 4603 726 4676 periculum
749 4605 932 4662 Maria
962 4606 1298 4673 Caesarissa,
1331 4605 1618 4663 Manuelis
1674 4604 2044 4678 imperatoris

2161 4633 2239 4668 ται
2295 4611 2513 4686 τέρατα.
2553 4609 2629 4670 Οὐ
2686 4609 2790 4689 γὰρ
2822 4609 3076 4676 ἐκλεκτὸς
3108 4615 3270 4688 μόνον
3327 4613 3467 4680 ἃπας
3519 4600 3610 4670 καί
3670 4600 3824 4692 inh-

403 4693 545 4762 ﬁlia,
579 4695 892 4759 ferebatur,
953 4711 1080 4766 qum
1137 4699 1194 4750 et
1246 4695 1518 4766 princeps
1549 4699 1606 4750 et
1671 4711 1788 4766 pra:
1823 4694 2046 4750 casteria

407 4783 684 4841 omnibus
763 4783 1082 4838 Andronici
1153 4783 1398 4839 reditum
1465 4782 1838 4854 expetiverat.
1898 4789 2045 4840 Nam

400 4873 916 4948 pollicitationibus
949 4873 1020 4928 ab
1051 4888 1116 4928 eo
1150 4875 1488 4944 corruptum
1549 4876 1858 4943 paternum
1919 4873 2048 4943 ejus

393 4963 740 5040 spadonem,
773 4967 1156 5034 cognomento
1190 4959 1668 5033 Pterygionitem,
1703 4959 1925 5017 lentum
1961 4961 2047 5016 illi

391 5071 681 5114 venenum
717 5053 1044 5112 miscuisse.
1077 5051 1193 5108 Nec
1225 5051 1410 5108 multo
1436 5057 1560 5122 post
1618 5049 1810 5106 Caesar
1853 5051 2046 5107 uxoris

389 5146 616 5202 obitum
646 5149 737 5202 est
767 5147 1138 5211 consecutus,
1173 5141 1273 5214 qui
1304 5157 1408 5197 nec
1428 5141 1552 5213 ipse
1573 5139 1824 5196 naturali
1858 5145 2045 5197 morte

391 5234 736 5302 decessisse,
769 5235 870 5292 sed
903 5250 1056 5290 unus
1085 5232 1234 5290 calix
1263 5231 1412 5288 duos
1455 5234 1800 5304 praestantes
1853 5231 2044 5288 homi-

393 5340 518 5395 nes,
551 5325 869 5383 Andronici
910 5324 1165 5390 insidiis,
1198 5321 1522 5380 confecisse
1543 5321 1880 5394 putabatur.

2155 4701 2254 4766 λὸς
2281 4708 2380 4772 τῆς
2414 4699 2654 4764 ἐναντίας
2697 4698 2772 4755 ὢν
2828 4699 3158 4776 Ἀνδρονίκῳ
3220 4701 3444 4780 μερίδος
3481 4702 3687 4780 ἔπασχε
3746 4707 3823 4762 τὰ

2156 4790 2499 4866 οἰκτρότατα,
2555 4789 2702 4846 ἀλλὰ
2757 4791 2846 4846 καὶ
2904 4791 3028 4866 περὶ
3057 4793 3186 4853 τοὺς
3217 4793 3452 4857 οἰκείους
3481 4797 3821 4870 θεραπευτῆ-

2156 4895 2249 4950 ρας
2276 4876 2636 4938 ἀπιστότατος
2671 4872 2770 4945 ὢν,
2825 4871 2918 4940 οὕς
2980 4878 3110 4952 χθὲς
3141 4876 3387 4954 ἐψώμιζε
3419 4880 3573 4955 στέαρ
3627 4882 3824 4954 πυροῦ

2153 4965 2243 5022 καὶ
2301 4967 2383 5029 οἷς
2420 4965 2514 5021 τὸν
2551 4965 2764 5041 μόσχον
2793 4965 3070 5042 παρετίθει
3126 4967 3222 5024 τὸν
3284 4970 3524 5025 σιτευτὸν
3587 4968 3681 5025 καὶ
3719 4969 3824 5027 τὸν

2153 5054 2446 5130 ἀνθοσμίαν
2530 5053 2709 5126 ἐκίρνα
2777 5056 3078 5132 ζωρότερον
3138 5057 3228 5112 καὶ
3309 5062 3390 5131 τῷ
3456 5055 3649 5132 κύκλῳ
3705 5063 3823 5118 τῶν

2153 5144 2276 5221 περῖ
2329 5143 2530 5200 ἐκεῖνον
2587 5141 2866 5219 ἐνέγραφε,
2939 5144 3170 5211 τούτους
3233 5143 3454 5212 διετίθει
3519 5147 3823 5224 χειρίστως

2152 5237 2414 5310 σήμερον.
2447 5236 2544 5290 Ἠν
2579 5229 2636 5286 δὲ
2665 5232 2754 5288 καὶ
2787 5234 2878 5289 τὸν
2924 5234 3086 5292 αὐτὸν
3121 5234 3209 5292 ἐπὶ
3239 5243 3339 5307 τῆς
3369 5237 3537 5308 αὐτῆς
3597 5237 3824 5314 ἡμέρας

2153 5321 2426 5384 πολλάκις
2457 5322 2588 5396 ὁρᾷν
2631 5321 3060 5401 στεφανούμενόν
3110 5345 3169 5381 τε
3200 5322 3315 5399 ἅμα
3369 5327 3508 5382 κατὰ
3560 5327 3653 5382 τὸν
3715 5333 3822 5386 τοῦ

399 5411 602 5487 Ξέρξου
632 5413 910 5489 ναύαρχον
951 5413 1041 5468 καὶ
1083 5409 1600 5488 δειροτομούμενον,
1644 5409 1982 5486 ὑμνούμενόν
2037 5433 2096 5468 τε
2161 5412 2252 5468 καὶ
2321 5409 2844 5488 βλασφημούμενον.
2897 5415 3056 5470 Ὥστε
3107 5415 3198 5470 καὶ
3256 5413 3463 5472 πολλοὶ
3516 5421 3627 5472 τῶν
3685 5414 3820 5475 ἐπι-

402 5503 761 5574 γραφομένων
789 5499 1152 5576 ’Δνδρόνικον,
1185 5501 1236 5556 o't
1269 5499 1415 5562 ὅλως
1445 5498 1502 5564 ἐς
1540 5503 1666 5555 νοῦν
1716 5499 2033 5576 βάπτοντες,
2089 5502 2184 5559 τὸν
2234 5500 2284 5574 ἐξ
2344 5499 2549 5556 ἐκείνου
2609 5493 2826 5555 ἔπαινον
2889 5497 3202 5573 καταϐολὴν
3258 5500 3506 5579 ἐνόμιζον
3575 5499 3818 5583 ὕϐρεως,

397 5585 488 5640 καὶ
544 5590 644 5656 τὴν
703 5591 913 5667 ἀγαθοῦ
968 5613 1116 5658 τινος
1171 5592 1521 5669 ἀνθρωπικοῦ
1577 5595 1835 5670 παροχήν
1906 5592 2090 5669 ἔμεσιν
2146 5597 2257 5650 τῶν
2308 5589 2624 5668 προσόντων
2685 5589 2864 5664 ᾣοντο
2922 5591 3055 5649 εἶναι
3107 5593 3198 5650 καὶ
3254 5597 3643 5678 καταστροφὴν
3719 5597 3822 5670 τὴν

395 5672 751 5755 ἐπιστροφήν.
835 5679 892 5732 '0
976 5675 1022 5736 δ’
1110 5680 1268 5743 αὐτὸς

1369 5681 1656 5761 φαρμακὸς
1725 5680 1796 5740 ὢν
1875 5681 2189 5752 ὀλοώτατος
2244 5679 2497 5757 ἐλελήθει
2551 5679 2852 5761 πρότερον,
2898 5681 3062 5757 ἠνίκα
3113 5689 3388 5764 τυραννεῖν
3449 5681 3823 5745 ἐπεϐάλλετο·
