4066 6214
239 384 360 446 613
1392 388 1728 453 ALEXIUS
1774 390 1885 454 MA

2002 391 2171 453 ELIS
2216 390 2495 454 FILIUS.
3535 404 3655 465 614

242 518 470 611 ᾔμερῶν
504 512 565 572 δέ
592 536 758 611 τινων
793 513 1194 574 διαλειπουσῶν
1224 516 1389 594 ⁸ᾔδετο
1421 520 1565 595 παρὰ
1603 526 1763 578 πᾶσιν
1806 523 1877 599 (εἰ
1910 521 1966 580 δὲ
1996 524 2084 579 καὶ
2119 514 2365 595 ἀληθῶς,
2400 524 2499 580 ούκ
2524 522 2640 600 ἔχω
2671 523 2979 603 λέγειν)καὶ
2996 506 3328 603 θανασίμους
3357 534 3665 611 κεραννύειν

244 604 573 670 ἐπίστασθαι
634 603 891 678 κύλικας,
951 608 1042 662 καὶ
1101 615 1202 678 τῆς
1263 607 1515 686 ὀλεθριας
1574 611 1776 682 ταύτης
1816 610 1868 675 ἐς
1940 611 2072 683 ᾃδου
2130 621 2457 689 καταγωγῆς
2515 616 2740 690 πρώτην
2799 622 2907 671 τῶν
2965 614 3150 674 ἄλλων
3188 603 3509 695 πειραθῆναι
3565 627 3664 695 τήν

239 697 605 771 Καισάρισσαν
665 697 880 773 Μαρίαν
936 699 1036 769 τήν
1098 698 1358 775 θυγατέρα
1413 705 1510 755 τοῦ
1581 701 1851 776 βασιλέως
1911 702 2199 775 Μανουὴλ,
2257 706 2357 774 τὴν
2410 705 2502 759 καὶ
2561 705 2798 780 πρώτως
2853 708 2942 761 καὶ
3000 708 3144 782 παρὰ
3174 710 3378 773 πάντας
3429 711 3663 784 μάλιστα

244 790 346 859 τῆν
379 785 740 864 Ἀνδρονίκου
764 787 992 865 κάθοδον
1022 789 1076 853 ἐς
1104 791 1201 860 τὴν
1230 789 1467 867 πατρίδα
1496 791 1838 868 γλιχομένην
1874 791 2027 850 ἰδεῖν*
2065 795 2439 873 ὑποφθαρῆναι
2495 798 2600 873 γὰρ
2657 803 2927 878 χρησταῖς
2996 800 3351 876 ὑποσχέσεσιν
3407 802 3661 876 ἐκτομίαν

241 878 370 934 τινὰ
393 882 652 952 πατρῷον
689 879 972 954 ὑπηρέτην
1002 883 1070 955 τῇ
1100 901 1335 956 γυναικι,
1366 880 1671 951 τούπίκλην
1706 883 2149 960 ΙΙτερυγιονίτην,
2180 886 2270 939 καὶ
2332 884 2530 960 λυγρὸν
2586 886 2889 967 ἐγχυθῆναι
2926 892 2993 962 τῇ
3038 888 3304 965 ἂνθρώπῳ
3338 888 3426 946 διὰ
3461 892 3658 947 τούτου

239 966 553 1046 φάρμακον,
616 967 754 1023 εἶναι
816 965 872 1023 δὲ
927 970 1001 1042 μή
1061 973 1167 1024 τῶν
1229 970 1419 1025 αὐτίκα
1476 972 1841 1027 θανατούντων
1909 975 1971 1028 τὸ
2037 975 2199 1038 ποθὲν
2259 971 2620 1051 δηλητήριον,
2675 965 2819 1032 ἀλλὰ
2873 982 2982 1033 τῶν
3038 978 3175 1033 κατὰ
3210 979 3389 1055 βραχὺ
3418 1000 3658 1055 παρακα-

234 1055 606 1130 τατιθεμένων
664 1060 877 1132 θανάτῳ
908 1060 999 1114 καὶ
1058 1060 1425 1135 ὑπεξαγόντων
1482 1061 1579 1117 τοῦ
1643 1066 1737 1136 ζῇν
1794 1062 2174 1138 σχολαίτερον.
2235 1066 2315 1123 Οὐ
2375 1064 2552 1129 πολὺς
2630 1067 2657 1121 6
2726 1067 2780 1121 έν
2837 1068 2985 1141 μέσῳ
3032 1068 3241 1142 καιρὸς,
3274 1068 3362 1123 καί
3420 1074 3499 1141 τῷ
3561 1076 3661 1139 τῆς

241 1146 500 1235 γυναικὸς
573 1148 730 1223 μόρῳ
786 1148 875 1203 καὶ
929 1149 957 1203 6
1016 1148 1185 1226 ταύτῃ
1244 1152 1491 1227 συζυγεὶς
1552 1154 1759 1226 Καῖσαρ
1818 1150 2257 1224 ἐπηκολούθησε.
2314 1154 2472 1225 ΙΙλὴν
2536 1153 2648 1210 οὐδ’
2679 1157 2837 1220 οὗτος
2868 1162 3110 1234 φυσικῶς
3138 1156 3353 1235 ἐλέγετο
3384 1158 3662 1230 τελευτᾷν,

238 1235 365 1291 ἀλλ’
398 1233 647 1299 ὕποπτος
679 1240 769 1311 [Ρ.
805 1240 929 1311 168]
960 1240 1023 1308 ἦν
1057 1238 1153 1295 κάν
1184 1239 1363 1313 τούτῳ
1395 1237 1761 1316 Ἀνδρόνικος,
1796 1241 1887 1296 καὶ
1917 1240 2074 1316 κύλιξ
2105 1244 2457 1320 ἓτεκμαίρετὸ
2491 1244 2589 1318 μία
2621 1249 2769 1321 ζωῇς
2798 1250 3181 1323 κατευνάστρια
3212 1233 3307 1303 δύο
3338 1248 3662 1323 ἀμαυρῶσαι

233 1326 396 1381 τέκνα
422 1326 709 1397 πιότητος.

308 1415 385 1471 ιε’.
444 1413 747 1485 Βουληθεὶς
804 1412 863 1470 δὲ
944 1416 1006 1471 τὸ
1064 1416 1125 1472 ἐκ
1178 1424 1281 1487 τῆς
1321 1417 1543 1492 ἀνεψιᾶς
1600 1416 1882 1495 Θεοδώρας
1918 1441 1965 1507 Α

233 1499 534 1576 ἂποτεχθὶν
577 1501 725 1575 αύτῷ
781 1504 1066 1580 θυγάτριον
1116 1506 1215 1576 τήν
1264 1504 1504 1580 Εἰρήνην
1576 1506 1654 1569 εἷ¹ς
1711 1507 1890 1584 γάμον

232 1592 472 1666 ἁρμόσαι
537 1597 618 1664 τῷ
686 1592 939 1667 Ἀλεξίῳ,
999 1595 1057 1649 ’ὀν
1104 1597 1138 1664 ἡ
1198 1597 1452 1668 Κομνηνή
1504 1593 1761 1672 Θεοδώρα
1814 1601 1893 1670 τῷ

236 1678 456 1743 Βασιλεῖ
483 1680 728 1756 ἐγείνατο
758 1683 1047 1755 Μανουήλ,
1111 1678 1331 1759 βιϐλίον
1388 1684 1690 1755 λακωνίζον
1723 1685 1892 1757 ξυντί-

231 1772 355 1841 θησι
387 1772 528 1846 πρὸς
558 1773 659 1843 τήν
703 1773 852 1845 ἱερὰν
883 1770 1132 1842 σύνοδον,
1163 1774 1252 1829 καὶ
1305 1779 1469 1830 τοῦτο
1525 1774 1891 1849 ὑποσημηνά-

235 1882 398 1935 μενος
421 1860 657 1926 κάτωθεν
718 1859 806 1917 διὰ
875 1861 1110 1936 μέλανος
1142 1868 1221 1937 τῷ
1263 1865 1450 1938 οἲκείῳ
1510 1866 1740 1940 ὀνόματι
1803 1864 1891 1921 ἐπὶ

230 1957 422 2021 κοινῆς
453 1950 761 2026 ἆκροάσεώς
794 1973 850 2007 τε
891 1953 979 2007 καὶ
1012 1950 1253 2028 σκέψεως
1292 1952 1641 2013 ἂναδίδωσιν.
1698 1957 1799 2013 Ἦν
1834 1952 1892 2011 δὲ

225 2046 333 2095 τῶν
360 2042 725 2117 γραφομένων
760 2043 788 2096 6
825 2047 971 2113 νοῦς,
1006 2042 1051 2098 εἰ
1086 2046 1582 2121 συγχωρηθήσεται
1614 2040 1887 2122 προϐῆναι

225 2130 596 2208 συνάλλαγμα
630 2133 864 2208 γαμικὸν
898 2132 1080 2212 βραχὺ
1145 2135 1238 2207 μὲν
1294 2136 1328 2207 ἢ
1388 2133 1542 2191 οὐδὲν
1600 2157 1888 2212 παρυπεμ-

225 2228 413 2301 φαῖνον
444 2224 506 2277 τὸ
538 2221 790 2296 ἄσεμνον,
820 2224 1184 2300 γενησόμενον
1220 2222 1268 2280 δ’
1300 2224 1454 2300 ὅμως
1510 2226 1585 2288 εἰς
1630 2226 1888 2301 ἁρμογὴν

225 2319 321 2381 τῆς
349 2313 531 2384 Ἐῲας
555 2313 643 2368 καὶ
674 2314 964 2389 Ἑσπερίου
996 2312 1208 2385 λήξεως
1274 2316 1363 2370 καὶ
1423 2315 1711 2392 ἀνάρρυσιν
1761 2315 1891 2391 αἰχ-

229 2400 505 2474 μαλώτων
540 2402 626 2456 καὶ
670 2403 916 2481 χορηγὸν
946 2401 1220 2460 πλείστων
1277 2403 1418 2460 ὅσων
1463 2401 1660 2479 ἑτέρων
1719 2425 1891 2460 συνοι-

226 2492 433 2546 σόντων
464 2494 642 2567 κοινῇ.
713 2492 810 2546 Καὶ
871 2493 933 2548 τὸ
991 2488 1453 2569 βραχυσύλλαϐον
1490 2497 1651 2550 τοῦτο
1709 2515 1887 2570 γραμ-

227 2581 447 2654 μέἰτιον,
478 2581 618 2637 καθά
644 2603 729 2645 τις
751 2581 1095 2657 εὖρυχανδής
1130 2585 1450 2660 ζωμήρυσις
1472 2583 1507 2653 ἥ
1524 2580 1887 2646 Ηοσειδώνιος

220 2670 440 2745 τρίαινα
467 2669 505 2741 ἤ
542 2669 670 2746 γοῦν
693 2671 755 2726 τὸ
783 2670 971 2751 εὐφυὲς
1000 2678 1102 2743 τῆς
1132 2670 1355 2748 Ἔριδος
1419 2671 1628 2747 μῆλον,
1681 2675 1780 2744 τήν
1830 2693 1889 2728 τε

222 2757 455 2815 σύνοδον
485 2757 774 2833 διεκύκησε
830 2761 923 2818 καὶ
975 2769 1076 2832 τῆς
1126 2762 1437 2841 συγκλήτου
1484 2762 1648 2840 μέρος
1681 2764 1884 2818 ὁπόσον

218 2850 345 2923 περί
414 2849 478 2904 τὸ
534 2851 737 2924 κρίνειν
793 2848 1091 2923 διέστησεν,
1179 2849 1216 2922 ἤ
1294 2851 1655 2928 ἀληθέστερον
1716 2852 1885 2908 εἰπεῖν

218 2940 343 2993 κατ’
401 2936 674 3011 ἀλλήλων
732 2938 1015 3018 ἐφώπλισε
1068 2940 1159 2996 καὶ
1231 2942 1307 3004 εἷς
1368 2941 1561 3017 μοίρας
1649 2939 1890 3006 ἐναντίας

220 3026 504 3105 ἀπέκρινε.
554 3030 814 3104 Χρήμασι
874 3030 982 3106 γὰρ
1034 3031 1086 3084 o't
1142 3028 1393 3087 πλεῖστοι
1457 3031 1664 3086 τούτων
1723 3033 1886 3086 καθυ-

218 3118 527 3192 παχθέντες
578 3118 669 3174 καὶ
725 3123 902 3192 τιμῶν
959 3115 1247 3175 ἀναϐάσεσι
1315 3119 1687 3196 μαλαχθέντες
1728 3119 1888 3176 ἐπευ-

220 3203 443 3277 δόκουν,
480 3208 555 3270 ὡς
632 3208 735 3264 οὐκ
788 3204 1024 3286 ὤφελον,
1103 3210 1195 3265 οἷα
1247 3211 1321 3283 μή
1391 3209 1754 3284 κεκωλυμὲνῳ
1810 3213 1889 3283 τῷ

217 3296 412 3372 γάμῳ.
445 3298 513 3355 Οἱ
539 3294 597 3353 δὲ
629 3298 950 3374 θρασύτεροι
1002 3302 1107 3354 τῶν
1169 3296 1434 3355 δικαστῶν
1495 3299 1585 3355 καὶ
1626 3302 1887 3377 ψηφοφα-

220 3391 348 3462 γεῖν
380 3386 630 3450 εἰωθότες
678 3388 768 3443 καὶ
824 3388 959 3445 κατὰ
1014 3388 1142 3451 τοὺς
1197 3395 1510 3469 περιφανεῖς
1566 3388 1886 3466 ἀγυρτεύον-

216 3497 312 3539 τες
343 3474 549 3547 οἷ’κους,
582 3477 671 3533 καὶ
704 3478 756 3532 οἱ
813 3477 1146 3556 φιλόχρυσοι
1203 3484 1310 3534 τῶν
1368 3481 1431 3534 ἒκ
1494 3486 1600 3548 τῆς
1642 3476 1888 3535 συνόδου

225 3567 320 3622 καὶ
383 3564 746 3638 θεοκάπηλοι,
803 3565 946 3640 μηδὲ
1007 3568 1311 3645 συγγένειαν
1371 3567 1717 3643 ἐπισύρεσθαι
1777 3566 1893 3624 διε-

225 3655 474 3712 τείνοντο
530 3658 599 3712 τὰ
659 3656 1116 3735 συναφθησόμενα
1191 3658 1461 3734 πρόσωπα
1549 3655 1641 3714 διὰ
1720 3658 1782 3713 τὸ
1839 3657 1890 3730 ἒξ

219 3744 501 3819 ἀθεμίτων
559 3746 804 3801 ὲνώσεων
888 3746 1172 3826 ἀμφότερα
1226 3751 1551 3823 γεγενῆσθαι
1625 3747 1715 3803 καὶ
1776 3753 1891 3811 τοῖς

218 3836 425 3909 νόμοις
464 3836 534 3891 τὰ
559 3834 746 3891 τοιάδε
775 3839 1033 3910 κυήματα
1068 3837 1543 3910 ἀνεπικοινώνητα
1584 3838 1895 3916 συγγενείας

220 3927 313 3980 καὶ
344 3925 408 3981 ἐκ
446 3923 743 4003 διαμέτρου
787 3927 1072 4002 ἀφεστῶτα
1130 3927 1466 4003 λογίζεσθαν
1527 3928 1617 3984 καὶ
1684 3928 1891 4002 ἀμαθὲς

221 4012 284 4070 δὲ
315 4011 509 4092 ἔλεγον
540 4017 670 4071 εἶναι
701 4016 790 4073 καὶ
821 4016 883 4072 τὸ
928 4016 1136 4080 οἴεσθαι
1190 4015 1337 4080 ὅλως
1367 4015 1475 4073 δεῖν
1508 4018 1595 4073 ὑπ’
1650 4016 1893 4088 ἐξέτασιν

216 4103 441 4161 πίπτειν
474 4103 838 4181 ἐκδηλοτέραν
873 4104 1039 4176 ἡλίου
1075 4106 1350 4171 ὑπόθεσιν.
1375 4107 1443 4164 Οἱ
1472 4104 1518 4162 δ’
1546 4100 1662 4162 οὐδ’
1693 4104 1881 4182 ἄκροις

2072 1422 2158 1478 15.
2192 1423 2337 1480 Cum
2399 1429 2592 1481 autem
2653 1425 2833 1481 tiliam
2895 1428 3123 1497 Irenen,
3183 1442 3253 1482 ex
3303 1426 3657 1483 consobrina

2003 1512 2303 1569 Theodore
2333 1514 2625 1571 Comnena
2655 1518 2859 1572 contra
2883 1515 3042 1587 leges
3062 1515 3653 1587 susceptam,Alexio,

2002 1602 2285 1658 Manuelis
2316 1620 2384 1660 ex
2415 1606 2633 1660 incesto
2660 1604 2974 1661 concubitu
3005 1603 3321 1660 Theodoree
3350 1604 3493 1672 tilio,
3516 1604 3652 1660 des-

2003 1693 2256 1763 pondere
2285 1693 2478 1765 vellet,
2509 1694 2679 1751 breve
2710 1695 2996 1767 scriptum
3029 1695 3100 1751 ad
3158 1700 3425 1750 sanctum
3473 1691 3662 1749 conci-

2003 1779 2142 1839 lium
2176 1784 2496 1856 componit,
2525 1783 2701 1856 idque
2734 1800 2839 1840 suo
2871 1783 3109 1840 nomine
3141 1786 3465 1839 atramento
3515 1781 3658 1838 sub-

2004 1871 2283 1943 scriptum
2343 1872 2579 1944 publice
2635 1873 3000 1928 recitandum
3071 1876 3128 1927 et
3214 1870 3657 1928 deliberandum

2003 1962 2293 2034 proponit.
2326 1963 2505 2034 Cujus
2537 1961 2659 2018 hac
2692 1966 2817 2018 erat
2847 1962 3156 2030 sententia,
3218 1964 3417 2016 utrum
3463 1961 3653 2016 feren-

2002 2051 2143 2106 dum
2177 2055 2334 2107 esset
2364 2051 2834 2118 matrimonium,
2894 2050 3048 2120 quod
3107 2066 3239 2105 cum
3300 2065 3505 2120 parum
3550 2050 3655 2104 aut

2001 2138 2147 2193 nihil
2179 2139 2376 2210 potius
2434 2138 2791 2195 incommodi
2848 2155 2961 2208 pra:
3020 2153 3080 2193 se
3136 2138 3304 2203 ferat,
3337 2141 3532 2192 tamen
3574 2135 3649 2192 ad

2000 2226 2252 2284 Orientis
2273 2234 2325 2284 et
2350 2227 2681 2284 Occidentis
2698 2226 3170 2297 conjunctionem
3193 2226 3247 2281 et
3287 2226 3651 2297 captivorum

2002 2316 2456 2390 redemptionem
2490 2319 2828 2390 pertineret,
2861 2333 2927 2372 ac
2959 2315 3130 2388 plura
3169 2315 3285 2371 alia
3343 2315 3654 2372 commoda

2000 2405 2082 2462 rei
2112 2406 2353 2478 publicae
2385 2407 2699 2464 allaturum
2731 2407 2977 2464 esset.ld
3012 2405 3184 2462 breve
3237 2405 3522 2477 scrlptum
3554 2419 3656 2461 ve-

2000 2493 2108 2551 luti
2140 2496 2393 2552 ahenum
2428 2496 2580 2553 838
2605 2496 2895 2553 ebulliens
2918 2501 3020 2554 aut
3047 2495 3375 2568 Neptunius
3406 2495 3653 2567 tridens,

2000 2589 2101 2640 aut
2125 2585 2424 2659 ingeniose
2452 2587 2766 2643 conﬁctam
2790 2586 2933 2642 illud
2962 2585 3355 2643 contentionis
3390 2600 3650 2658 pomum,

1998 2674 2312 2731 concilium
2342 2675 2687 2748 permiscuit
2719 2694 2733 2745 ;
2767 2679 2823 2731 et
2856 2675 3010 2731 inter
3059 2674 3381 2731 senatorios
3420 2673 3650 2745 judices

1999 2779 2203 2820 omnes
2229 2764 2539 2820 dissidium
2573 2765 2887 2830 etl‘ecit,aut
2917 2771 2980 2819 ut
3010 2764 3200 2819 verius
3258 2763 3471 2831 dicam,
3504 2761 3650 2818 alios

1998 2853 2057 2909 in
2089 2853 2234 2910 alios
2264 2853 2512 2910 armavit
2567 2857 2625 2910 et:
2675 2853 2733 2909 in
2788 2853 3109 2909 contrarias
3161 2852 3319 2907 velut
3347 2852 3501 2908 acies
3530 2852 3651 2908 dis-

1996 2944 2191 3000 traxit.
2214 2943 2361 3000 Nam
2394 2960 2594 3000 eorum
2623 2943 2877 2999 maxima
2908 2960 3042 3015 pars
3076 2945 3351 3013 corrupta
3391 2940 3654 3014 largitio-

1996 3030 2170 3086 nibus
2210 3037 2259 3086 et
2294 3029 2721 3102 ampliﬁcandae
2765 3028 3071 3101 dignitatis
3132 3027 3646 3100 promissionibus,

1994 3118 2053 3175 id
2077 3118 2418 3192 conjugium
2452 3123 2516 3174 ut
2548 3117 2768 3175 licitum
2790 3117 2968 3189 (quod
3020 3116 3240 3173 utinam
3281 3118 3500 3171 factum
3532 3131 3650 3172 non

1996 3210 2168 3282 esset)
2212 3208 2577 3281 approbavit.
2634 3208 2872 3264 Judices
2928 3223 3063 3263 vero
3123 3206 3486 3271 audaciores,
3549 3203 3654 3276 qui

1997 3316 2301 3373 procerum
2356 3300 2509 3356 aedes
2571 3298 2942 3370 frequentare
2996 3313 3063 3353 ac
3122 3294 3402 3367 suffragia
3453 3292 3653 3351 convi-

1994 3392 2105 3448 viis
2130 3406 2333 3446 eorum
2362 3391 2694 3446 condonare
2726 3387 2935 3456 solent,
2968 3391 3025 3442 et
3058 3382 3329 3442 homines
3386 3383 3546 3440 avari
3601 3387 3657 3439 et

1997 3496 2089 3537 res
2110 3480 2337 3538 divinas
2362 3477 2682 3551 cauponari
2709 3476 2888 3547 soliti,
2922 3492 3018 3532 eas
3049 3491 3331 3549 personas
3385 3476 3539 3529 inter
3591 3487 3656 3529 se

1996 3573 2273 3642 cognatas
2304 3586 2432 3626 esse
2463 3568 2777 3639 negabant,
2809 3570 3116 3638 propterea
3138 3565 3293 3637 quod
3317 3580 3385 3619 ex
3430 3561 3652 3617 illicitis

1998 3659 2219 3731 nuptiis
2250 3663 2565 3732 procreatae
2595 3656 2741 3713 nihil
2772 3672 2909 3712 cum
2938 3655 3070 3724 jure
3091 3651 3457 3725 cognationis
3488 3666 3648 3706 com-

1999 3765 2176 3805 mune
2206 3749 2487 3805 haberent
2536 3763 2603 3803 ac
2660 3743 3031 3802 alienissimae
3082 3745 3445 3813 putarentur.
3503 3740 3647 3795 Esse

1999 3846 2194 3896 autem
2212 3838 2478 3905 inscitiae,
2494 3851 2734 3893 causam
2757 3833 2877 3890 sole
2900 3831 3279 3889 illustriorem
3295 3829 3354 3884 in
3372 3829 3644 3901 quaestio-

2000 3945 2128 3985 nem
2155 3927 2370 3985 vocari.
2399 3925 2511 3980 Alii
2542 3940 2675 3981 vero
2707 3922 3071 3995 argumentis
3100 3920 3234 3976 istis
3263 3918 3434 3990 plane
3473 3934 3641 3990 repu-

1998 4018 2171 4073 diatis
2203 4016 2429 4073 fortiter
2458 4014 2940 4082 adversabantur,
2973 4014 3031 4067 et
3061 4007 3295 4081 nuptias
3315 4007 3477 4072 istas,
3511 4023 3641 4078 quae

1998 4107 2231 4163 incestae
2253 4108 2464 4176 essent,
2498 4101 2805 4176 procedere
2837 4114 3212 4173 nequaquam
3246 4095 3638 4170 patiebantur.

214 4195 323 4251 ὠσὶ
356 4170 800 4272 παραδεχόμενοι
854 4170 919 4251 rei
978 4197 1347 4276 φθεγγόμενα,
1411 4198 1502 4252 καὶ
1570 4197 1645 4262 ὡς
1700 4170 1884 4274 ἄγ’χω-

1996 4197 2135 4270 Ejus
2165 4170 2573 4267 pulcherrimae
2619 4192 2772 4248 389
2813 4170 3115 4247 sententia
3165 4191 3431 4243 auctores
3478 4192 3644 4242 erant

217 4285 428 4360 μάλοις
485 4283 683 4348 ὅπλοις
742 4291 862 4346 τοῖς
925 4287 1119 4360 νόμοις
1177 4288 1274 4349 τᾶς
1330 4282 1642 4362 προσϐολὰς
1700 4287 1878 4343 αὐτῶν

212 4375 646 4451 ἀπρατοῦντες,
719 4373 859 4448 μηδὲ
946 4381 1360 4456 συγχωροῦντες
1416 4380 1486 4452 τῇ
1562 4377 1748 4451 πράξει
1804 4378 1878 4440 ὡς

212 4465 657 4542 ἂθεμιτογαμίας
763 4470 932 4541 μεστῇ
1062 4467 1383 4522 ἀντέπιπτον
1485 4465 1877 4542 γενναιότερον.

210 4556 391 4612 Ἦσαν
425 4551 471 4609 δ’
504 4556 557 4609 oi.
586 4555 685 4623 τήν
739 4553 1047 4627 καλλίστην
1076 4556 1278 4627 ταύτην
1322 4555 1699 4632 εἰσηγούμενοι
1731 4556 1876 4632 γνώ-

214 4666 360 4718 μην,
389 4643 480 4698 καὶ
511 4650 614 4713 τῆς
644 4643 827 4714 πάλης
852 4652 951 4715 τῆς
996 4644 1327 4720 κρείττονος,
1363 4645 1589 4720 βραχεῖς
1650 4642 1712 4699 ἐκ
1766 4649 1873 4700 τῶν

212 4734 528 4809 ἀρχιερέων
558 4733 652 4789 καὶ
706 4737 817 4789 τῶν
848 4732 1123 4811 ἐντρόφων
1181 4737 1277 4789 τοῦ
1314 4735 1562 4810 βήματος
1590 4733 1680 4788 καὶ
1734 4754 1876 4799 τινες

214 4823 544 4878 εύώνοπτει
571 4826 681 4878 τῶν
710 4829 809 4893 τῆς
859 4822 1175 4901 συγκλήτου
1213 4823 1442 4897 βουλῆς.
1504 4823 1607 4880 Καὶ
1677 4820 1875 4886 αὖτοὺς

215 4909 273 4967 δὲ
295 4914 327 4967 6
359 4916 456 4968 τοῦ
484 4913 831 4987 πατριάρχου
865 4912 1035 4983 ζῆλος
1084 4912 1394 4983 ἐπισυνίστη
1428 4934 1486 4968 τε
1516 4915 1608 4968 καί
1648 4912 1875 4985 ἐπήλει-

210 5026 338 5082 φεν,
393 5001 493 5058 οὐκ
549 5003 651 5058 ἐῶν
718 5004 1053 5079 ἑτεροζυγεῖν
1096 5002 1185 5058 καὶ
1243 5001 1448 5057 εἷ’κοθεν
1492 5000 1681 5065 ἄλλως
1711 5003 1872 5059 σπεύ-

208 5090 434 5154 δοντας.
485 5089 624 5149 Οὔτε
679 5092 785 5167 γὰρ
876 5095 910 5162 ἡ
993 5089 1337 5167 Ἀνδρονίκου
1411 5097 1600 5148 τοῦτον
1662 5091 1875 5164 ἐξέλυσε

210 5179 587 5257 μεγαλειότης
636 5181 749 5236 οὔθ’
815 5185 850 5250 ἡ
917 5185 1023 5236 τῶν
1092 5180 1256 5236 αὐτοῦ
1323 5180 1503 5258 λόγων
1563 5181 1875 5258 ἐστυφέλιξε

207 5268 470 5344 δύναμις,
512 5269 628 5335 οὔθ’
657 5272 713 5326 αἱ
744 5271 963 5327 ἀπειλαὶ
996 5268 1332 5346 διετάραξαν,
1374 5270 1501 5327 ἀλλ’
1557 5273 1623 5341 ἦν
1684 5272 1871 5328 ἆτίνα-

202 5380 345 5422 κτος
374 5360 452 5424 ὠς
481 5361 687 5421 ἐκεῖνος
718 5360 746 5414 ὁ
795 5354 1074 5436 πρόϐολος
1105 5359 1226 5432 περὶ
1302 5360 1357 5414 ὅν
1419 5359 1501 5413 ἀεὶ
1532 5363 1680 5433 κῦμα
1710 5360 1869 5436 ὀρθὸν

197 5449 429 5506 ’ἵσταται
457 5450 550 5505 καὶ
582 5451 736 5524 ἅλμη
797 5448 1305 5525 περιμορμύρουσα·
1369 5449 1396 5502 ὁ
1455 5446 1512 5503 δὲ
1565 5448 1639 5511 εἷς
1705 5450 1871 5527 ἀφρὸν

1992 4284 2163 4359 pauci
2191 4301 2260 4341 ex
2290 4282 2492 4340 ordine
2545 4280 2889 4354 pontiﬁcum
2947 4282 3005 4333 et
3064 4276 3456 4346 sacerdotum,
3485 4278 3543 4330 et
3572 4290 3641 4331 ex

1989 4374 2257 4447 patribus
2288 4371 2635 4443 conscriptis
2664 4367 2906 4440 aliquot,
2953 4367 3053 4439 qui
3110 4370 3167 4422 et
3222 4364 3335 4437 ipsi
3394 4363 3641 4437 patriar-

1990 4466 2111 4523 chae
2156 4464 2351 4522 studio
2411 4461 2636 4519 incitati
2696 4464 2755 4517 et
2807 4458 3150 4515 auctoritate
3205 4455 3532 4513 conﬁrmati
3577 4455 3637 4511 in

1987 4561 2146 4613 recta
2175 4551 2764 4625 sententia,quamvis
2783 4565 2911 4607 eam
2936 4550 3110 4605 domo
3127 4564 3242 4604 non
3286 4545 3642 4616 attulissent,

1987 4645 2430 4717 permanebant.
2460 4647 2630 4699 Hunc
2660 4640 2817 4697 enim
2851 4655 3041 4710 neque
3083 4635 3401 4694 Andronici
3459 4635 3640 4707 maje-

1987 4739 2106 4792 stas
2127 4733 2470 4800 debilitavit,
2502 4748 2692 4805 neque
2710 4730 2798 4787 vis
2819 4727 3165 4801 eloquentiae
3189 4726 3414 4797 evertit,
3457 4740 3644 4797 neque

1988 4827 2163 4883 minae
2194 4824 2634 4898 perturbarunt,
2662 4819 2980 4894 quominus
2999 4817 3187 4874 instar
3208 4815 3445 4872 marinae
3465 4816 3642 4884 petras

1984 4918 2375 4975 inconcussus
2404 4916 2689 4970 maneret.
2721 4909 2830 4975 Qui
2863 4925 2999 4966 cum
3048 4923 3111 4963 se
3170 4904 3316 4960 nihil
3363 4901 3638 4971 proficere

1985 5012 2043 5064 et
2075 5007 2232 5063 mala
2262 5004 2575 5061 manifeste
2604 5002 2877 5073 ingruere
2906 5002 2963 5054 et
2994 4999 3217 5069 partem
3276 4989 3571 5047 meliorem
3601 5003 3636 5043 θ.

1987 5100 2206 5170 majore
2235 5094 2388 5152 vinci
2420 5095 2704 5156 cerneret,
2736 5106 2767 5145 e
2832 5103 2997 5143 sacro
3048 5081 3258 5155 palatio
3289 5080 3347 5133 in
3374 5073 3632 5170 insulam

1983 5162 2423 5249 Terebinthum,
2453 5182 2551 5237 ubi
2610 5178 2723 5236 sibi
2780 5172 3158 5231 diversorium
3193 5175 3248 5223 et
3294 5162 3632 5237 sepulcrum

1984 5279 2301 5341 struxerat,
2334 5270 2600 5327 discedit.
2628 5265 2998 5323 Andronicus
3036 5275 3191 5323 vero,
3225 5259 3290 5311 ut
3337 5251 3633 5309 desidera-

1982 5368 2134 5434 tum,
2167 5364 2248 5417 ita
2274 5360 2646 5431 inopinatum
2678 5355 2808 5425 ejus
2841 5353 3172 5407 discessum
3232 5342 3502 5434 instituto
3528 5356 3636 5396 suo

1980 5430 2527 5508 commodissimum
2562 5448 2747 5510 ratus,
2779 5438 3015 5510 nuptias
3070 5433 3317 5508 perﬁcit,
3364 5430 3637 5501 Bulgaro-

205 5537 456 5596 διαλύων
497 5540 585 5595 καὶ
627 5540 807 5614 μακρᾶ
834 5538 1020 5595 κλάειν
1051 5537 1152 5594 ἐῶν
1181 5540 1282 5609 τὴν
1332 5538 1614 5614 ἠχήεσσαν
1681 5525 1877 5594 θάλασ-

1996 5555 2114 5595 rum
2146 5537 2438 5610 episcopo,
2471 5531 2571 5604 qui
2597 5534 2722 5587 tum
2756 5529 2901 5584 forte
2931 5527 2987 5582 in
3008 5525 3152 5581 urbe
3193 5525 3339 5589 erat,
3367 5534 3639 5578 caeremo-

206 5648 311 5685 σαν
340 5629 431 5685 iani
483 5637 586 5699 τῆς
618 5629 790 5699 αὐτῆς
838 5625 1152 5705 ἐστήρικται
1202 5627 1430 5703 βάσεως.
1498 5625 1719 5701 Ἀμέλει
1786 5648 1871 5683 τοι

204 5720 307 5776 καὶ
344 5718 479 5777 ἰδὼν
513 5720 587 5784 ὡς
620 5716 776 5776 οὐδὲν
807 5716 1032 5800 ὠφελεῖ,
1093 5715 1220 5775 ἀλλ’
1276 5717 1672 5784 ἀνακαλύτπως
1697 5712 1872 5775 ἔπεισι

1984 5630 2112 5685 nias
2135 5625 2497 5684 matrimonii
2515 5624 2848 5695 peragente.
2881 5618 3026 5675 Cum
3048 5617 3120 5673 de
3136 5628 3478 5672 successore
3512 5627 3632 5669 sua:

1985 5719 2257 5778 factionis
2287 5712 2619 5791 patriarcha
2655 5711 2850 5771 dando
2909 5707 3280 5766 deliberaret.
3330 5705 3635 5762 Camatero
