4066 6214
489 351 608 414 615

1809 328 2119 392 meum
2160 301 2599 392 CHONIATIE.

3755 323 3868 388 616

496 485 714 546 Basilio
781 477 1202 538 cecumenicum
1261 470 1661 547 pontificatum
1747 467 1979 535 defert;
2039 467 2128 522 aut

2248 462 2314 516 τὰ
2346 457 2491 515 δεινᾶ
2519 456 2608 514 καὶ
2637 459 2761 528 νικᾷ
2788 453 2856 512 τὰ
2912 454 3160 530 χείρονα,
3216 457 3324 512 τῶν
3382 453 3538 531 ἱερῶν
3600 453 3872 513 ἀπανίστα-

493 577 687 649 potius
718 573 877 628 illius
909 562 1242 639 syngrapha
1295 557 1589 633 impulsus
1645 555 1864 622 vendit,
1926 569 2042 624 qua.
2088 553 2137 608 is

491 646 840 741 promiserat
893 675 956 716 se
1011 653 1296 729 quidquid
1354 650 1514 708 cordi
1577 652 1734 705 esset
1784 646 2136 715 Andronico,

492 733 868 828 quantumvis
899 747 1194 812 illicitum,
1229 744 1543 810 facturum,
1575 741 1633 794 et
1687 752 1755 794 ea
1808 733 2138 791 declinatu-

489 860 620 901 rum
652 857 780 914 quae
812 839 896 894 illi
926 836 1322 910 displicerent.

2241 571 2331 606 ται
2391 548 2629 625 ἀρχείων
2665 544 2756 602 καὶ
2803 545 2940 620 πρὸς
2995 544 3096 615 τὴν
3141 551 3306 616 νῆσον
3374 545 3673 622 ἀφικνεῖται
3723 547 3874 621 Τερέ-

2249 634 2458 707 6ινθον,
2510 637 2629 692 καθ’
2677 632 2746 705 ἤν
2799 633 2947 708 αὖτῷ
3001 636 3102 705 τήν
3133 634 3456 710 καταγωγὴν
3494 633 3584 690 καὶ
3638 635 3737 705 τὴν
3787 639 3871 689 τοῦ

2249 730 2478 800 σκήνους
2545 725 2861 802 ηὐτρεπίκει
2953 726 3260 790 κατάθεσιν.
3318 725 3382 782 Ὀ
3439 721 3496 780 δὲ
3550 720 3872 798 Ἀνδρόνικος

2245 819 2346 888 τήν
2395 819 2492 872 τοῦ
2551 813 2842 872 Θεοδοσίου
2903 814 3264 904 ὑποχώρησιν
3321 811 3559 886 δεξίωμα
3617 815 3704 888 [Ρ.
3766 818 3873 904 169]

491 901 682 1007 τύχηςδ
698 925 998 985 κάλλιστον
1025 901 1382 1000 ηγησάμενος
1415 919 1491 980 ὡς
1521 914 1667 991 ποιρᾶ
1696 911 1852 986 δόξαν
1874 907 1988 986 ἅμα
2015 908 2106 966 καί
2137 909 2274 964 κατὰ
2297 907 2525 984 γνώμην
2558 905 2746 978 ἐκείνῳ
2801 903 3188 981 γεγενημένην,
3217 903 3282 960 τό
3311 925 3369 960 τε
3399 901 3758 977 συνάλλαγμα
3784 901 3878 974 ἐξεξ

491 1023 692 1098 πέρανε
720 1024 828 1076 τῶν
861 1017 1080 1093 γάμων,
1113 1012 1422 1088 εὐλογητήν
1455 1006 1730 1078 ἀναδείξας
1750 1005 1842 1060 τὸν
1903 1001 2278 1078 ἆρχιποίμενα
2331 1003 2438 1055 τῶν
2499 995 2825 1072 Βουλγάρων
2882 997 3126 1071 παρόντα
3162 999 3459 1066 τηνικαῦτα
3497 997 3567 1069 τῇ
3598 992 3773 1068 πόλει,
3802 993 3878 1048 καὶ

1718 1097 1721 1098 ,
1832 1095 1840 1098 _
2051 1093 2061 1098 -
2139 1089 2152 1098 .
2204 1095 2229 1098 μ
2315 1088 2332 1098 .
2452 1089 2463 1098 .
2742 1087 2754 1098 .
2890 1083 2958 1098 ,ν
3145 1083 3170 1098 ..
3311 1085 3322 1098 .
3568 1090 3612 1098 --
3657 1085 3670 1098 .
3701 1084 3716 1098 .
3851 1081 3864 1098 .

567 1081 576 1098 ι
876 1081 887 1093 ι
941 1081 951 1091 1
1065 1081 1077 1088 -
1261 1081 1272 1088 ν
1310 1081 1316 1082 ί

490 1115 615 1190 περὶ
646 1116 744 1168 τοῦ
775 1109 867 1164 τὸν
899 1103 1300 1181 πατριαρχικὸν
1331 1100 1527 1176 Θρόνον
1559 1094 1944 1168 διαδεξομένου
1975 1093 2066 1146 καὶ
2096 1089 2242 1162 αὐτῷ
2273 1088 2669 1164 πληρώσοντος
2698 1087 2766 1142 τά
2783 1087 2904 1142 κατ’
2931 1083 3106 1166 ἔφεσιν
3141 1083 3536 1141 διασκέπτεται.
3567 1085 3672 1140 Καὶ
3699 1081 3883 1157 ἐπικρίο

1600 1187 1610 1190 -
1821 1181 1842 1190 ιι
1893 1182 1903 1190 .
2043 1181 2057 1190 .
2124 1181 2166 1190 --
2404 1177 2417 1190 ι
2508 1179 2546 1190 κ
2631 1176 2666 1190 1‘
2882 1175 2908 1190 «Α
3009 1175 3022 1190 η
3075 1167 3099 1190 Ἰ
3223 1171 3243 1190 π
3383 1174 3397 1190 ι
3477 1171 3522 1190 9‘
3552 1171 3565 1190 Ι
3781 1172 3794 1190 9
3835 1175 3848 1188 ε

497 1167 574 1190 ηε.
664 1167 667 1168 ν
1015 1167 1024 1181 .
1108 1167 1116 1180 .
1145 1167 1183 1180 ,η
1366 1167 1376 1176 .
1786 1167 1789 1168 ν

486 1221 629 1258 νεται
661 1195 995 1272 Ἀνδρονίκῳ
1027 1195 1102 1256 εἰς
1132 1195 1232 1263 τήν
1257 1187 1654 1262 οῗκουμενικήν
1678 1181 1968 1260 προεδρίαν
2037 1181 2064 1235 ὁ
2124 1177 2457 1253 Καματηρὸς
2508 1176 2814 1246 Βασίλειος,
2873 1175 2908 1245 ἢ
2968 1175 3032 1230 τὸ
3073 1167 3336 1248 ἔμπαλιν,
3367 1174 3443 1237 ὡς
3474 1171 3712 1250 ἐλέγετο,
3742 1172 3881 1235 αὐτὸς

488 1288 832 1366 Ἀνδρόνικον
865 1283 1224 1364 ἐφειλκύσατο
1263 1278 1401 1356 πρὸς
1431 1279 1528 1346 τήν
1555 1275 1815 1346 τοιαύτην
1859 1270 2128 1346 ἐπιλογὴν
2153 1268 2240 1331 οἷς
2276 1264 2588 1341 μονώτατος
2621 1263 2670 1335 ἐξ
2703 1264 2954 1320 ἁπάντων
2983 1260 3315 1338 Ἀνδρονίκῳ
3345 1261 3631 1341 ἐγγράφως
3661 1263 3881 1318 συνέθετο

488 1381 665 1437 ἐκεῖνα
693 1377 744 1435 ἐν
777 1377 857 1451 τῷ
885 1371 1298 1452 ἀρχιερατεόειν
1322 1364 1740 1444 διαπράττεσθαι
1761 1365 1861 1420 ’ὀσα
1893 1360 2102 1442 φιλητᾶ
2131 1354 2483 1434 Ἀνδρονίκῳ,
2513 1353 2609 1414 κᾶν
2638 1353 2824 1427 εἷήσαν
2871 1354 3232 1429 παναθὲμιτα,
3262 1352 3486 1410 κάκεῖνα
3515 1351 3684 1409 πάλιν
3731 1351 3879 1408 ἀποσ-

483 1476 666 1546 τυτεῖν
708 1469 884 1524 ὁπόσα
917 1465 1026 1544 οὐχ
1055 1461 1243 1534 ἡδύνει
1274 1457 1645 1534 Ἀνδρόνικον.

557 1558 980 1618 34016.Hoc
1029 1561 1151 1612 tam
1209 1553 1423 1608 afﬂicto
1475 1547 1730 1606 civitatis
1789 1548 1946 1602 statu
1991 1558 2134 1617 pro-

482 1651 685 1708 vincias
709 1650 874 1721 pejus
898 1647 1077 1702 etiam
1104 1642 1420 1710 habebant,
1450 1637 1645 1694 nescio
1697 1651 1812 1708 quo
1857 1635 1975 1690 fato
2023 1631 2134 1688 Ro-

486 1755 726 1796 manum
755 1734 1066 1808 imperium
1092 1724 1844 1788 labefactante.NamIconii
1865 1723 2136 1779 sultanus

487 1828 686 1886 audito
714 1824 1001 1884 Manuelis
1031 1821 1399 1896 imperatoris
1451 1816 1634 1881 obitu,
1668 1829 1842 1886 quem
1894 1815 1960 1867 ut
1986 1810 2134 1866 Tan-

2320 1537 2403 1600 ις’.
2435 1533 2514 1594 Οὔ
2541 1535 2706 1609 μόνον
2769 1529 2828 1590 δὲ
2881 1531 2948 1590 τὰ
3001 1531 3140 1590 κατὰ
3193 1533 3294 1605 τήν
3335 1531 3500 1590 πόλιν
3550 1531 3722 1596 οὕτως
3779 1530 3881 1588 ἐνό-

2244 1645 2393 1695 σουν,
2426 1621 2571 1680 ἀλλὰ
2621 1622 2714 1678 καὶ
2770 1623 2836 1678 τὰ
2894 1617 2995 1696 ἔξω
3047 1621 3320 1699 χειρόνως
3360 1616 3632 1700 ἓμασχον,
3685 1622 3885 1677 ἀντιπε-

2243 1716 2548 1792 ριάγοντος,
2582 1713 2886 1786 οἷμαι,τοῦ
2943 1709 3226 1786 δαιμονίου
3281 1713 3381 1783 τὴν
3437 1712 3544 1768 ὑπὸ
3599 1711 3886 1786 Ῥωμαίους

2243 1805 2318 1866 εἰς
2349 1807 2451 1859 πᾶν
2505 1802 2841 1882 ἀξύμφορον.
2872 1803 2934 1860 Ὁ
2989 1801 3093 1878 γὰρ
3141 1807 3238 1857 τοῦ
3297 1803 3534 1859 Ἰκονίου
3589 1801 3882 1872 σουλτάνος,

482 1917 640 1974 talus
665 1932 870 1973 saxum
895 1914 1142 1984 jamjam
1175 1910 1350 1982 capiti
1395 1905 1713 1963 imminens
1767 1901 2128 1964 formidarat.

2241 1893 2299 1984 δν
2331 1891 2604 1968 ἐδείμαινε
2642 1893 2837 1968 πέτρον
2891 1891 2972 1948 ἀεὶ
3028 1891 3167 1948 κατὰ
3218 1891 3500 1950 Τάνταλον
3549 1893 3684 1968 ὑπὲρ
3734 1909 3883 1973 κειρα-

483 2004 813 2078 Sozopolim
845 2003 983 2060 belli
1009 2004 1143 2074 jure
1170 2001 1346 2071 capit,
1393 1996 1610 2070 oppida
1667 1989 2137 2062 circumjecentia

483 2095 714 2167 direpta
742 2110 862 2150 suae
895 2089 1134 2147 ditionis
1159 2089 1321 2155 facit,
1353 2090 1410 2142 et
1439 2081 1977 2157 splendidissimum
2039 2078 2138 2133 At-

483 2185 588 2242 tali
635 2184 841 2241 urbem
899 2182 1076 2254 longa
1132 2178 1436 2236 obsidione
1493 2173 1748 2246 afﬂigit;
1807 2168 2134 2242 Cotyalium

483 2279 695 2341 vastat,
735 2277 791 2330 et
816 2272 960 2328 alias
991 2269 1318 2342 complures
1339 2263 1668 2340 provincias
1695 2263 1753 2320 in
1775 2259 2133 2316 deditionem

483 2365 710 2437 accipit.
745 2363 828 2418 Ad
859 2362 981 2418 haec
1013 2375 1267 2431 magnus
1294 2354 1653 2413 domesticus
1681 2351 1934 2408 Joannes
1963 2348 2134 2404 Com-

485 2471 701 2522 nenue,
731 2456 1119 2525 cognomento
1152 2449 1439 2510 Batatzes,
1470 2443 1557 2499 vir
1605 2441 1687 2497 rei
1736 2437 1960 2496 bellica)
2015 2454 2133 2493 non

480 2544 746 2615 ignarus,
780 2540 978 2597 multis
1018 2537 1272 2594 victoriis
1329 2538 1534 2591 contra
1591 2535 1801 2586 Persas
1859 2525 2132 2598 insignis,

481 2614 608 2688 tum
641 2629 1058 2703 Pbiladelpbizn
1115 2629 1357 2698 degens,
1411 2623 1621 2680 acriter
1670 2616 2000 2674 Andronico
2031 2614 2134 2670 ad-

480 2726 768 2786 versatur,
800 2720 928 2790 ejus
959 2718 1148 2774 edicta
1179 2713 1441 2786 negligit,
1487 2709 1677 2766 minas
1734 2707 1863 2778 ejus
1911 2703 2135 2776 gravio-

481 2812 644 2868 ribus
698 2809 878 2866 minis
936 2806 1141 2864 eludit.
1200 2805 1270 2860 Et
1319 2817 1450 2858 cum
1499 2799 1571 2855 ob
1637 2795 1888 2853 affectati
1968 2796 2134 2865 regni

485 2901 703 2960 crimen
733 2901 888 2955 male
942 2897 1191 2962 audiret,
1260 2908 1393 2949 eum
1427 2890 1526 2962 qui
1586 2889 1644 2944 id
1672 2887 1798 2958 jam
1840 2885 2135 2941 invaserat

489 2992 781 3063 objurgat,
806 2992 862 3044 et
892 2992 954 3043 ut
1000 2985 1222 3041 malum
1283 2981 1542 3054 genium,
1584 2993 1770 3050 genus
1823 2974 2135 3046 imperato-

490 3076 1093 3148 riumexstirpantem,
1128 3075 1484 3128 exsecratur.
1511 3067 1677 3123 Unde
1707 3064 1935 3120 Asianus
1962 3063 2135 3117 urbe:

490 3165 883 3224 seditionibus
912 3172 968 3218 et
998 3159 1293 3217 intestinis
1349 3157 1518 3212 bellis
1575 3155 1812 3228 gravius
1870 3167 2046 3224 quam
2097 3165 2132 3205 a

2247 1983 2352 2054 λῆς
2384 1981 2772 2051 ἂνατέλλοντα,
2805 1981 2950 2063 φημὶ
2983 1979 3039 2037 δὲ
3084 1983 3177 2038 τὸν
3235 1979 3436 2038 ἄνακτα
3475 1982 3765 2053 Μανουὴλ,
3819 1982 3886 2046 εἷς

2247 2069 2377 2144 ᾅδου
2441 2069 2952 2148 μετακεχωρηκέναι
3027 2069 3215 2145 μαθὼν
3270 2073 3372 2140 τὴν
3452 2093 3512 2128 τε
3572 2071 3885 2142 Σωζὸπολιν

2245 2159 2498 2236 πολέμου
2555 2161 2710 2234 νόμῳ
2765 2161 3025 2235 κατέσχε,
3083 2159 3173 2216 καὶ
3229 2160 3328 2223 τὰς
3358 2160 3508 2235 πέριξ
3537 2161 3886 2234 κωμοπόλεις

2246 2249 2574 2325 ληϊσάμενος
2609 2250 2697 2325 ὑφ’
2727 2250 2914 2306 ἑαυτὸν
2978 2248 3293 2320 ἐποιήσατο,
3351 2249 3438 2304 καί
3489 2250 3589 2318 τήν
3621 2249 3887 2304 ’Δττάλου

2246 2337 2303 2394 δὲ
2333 2338 2725 2416 λαμπροτάτην
2785 2337 2949 2395 πόλιν
3005 2337 3302 2415 πολιορκίᾳ
3365 2339 3563 2414 γρονίᾳ
3618 2339 3886 2410 ἓπάκωσε,

2243 2427 2335 2483 καὶ
2390 2429 2452 2484 τὸ
2509 2429 2802 2486 Κοτυάειον
2854 2427 3198 2504 ἐξεπόρθησε,
3278 2429 3368 2483 καὶ
3449 2428 3633 2499 ἑτέρας
3692 2429 3889 2504 συχνὰς

2245 2519 2436 2594 χώρας
2519 2519 2916 2592 παρεστήσατο.
2978 2517 3083 2574 Καὶ
3136 2518 3164 2572 ὁ
3225 2517 3398 2593 μέγας
3455 2514 3513 2572 δὲ
3572 2514 3886 2590 δομὲστικος

2244 2608 2496 2678 Ἰωάννης
2529 2607 2557 2662 ὁ
2588 2605 2648 2662 ἒκ
2677 2610 3006 2682 Κομνηνῶν,
3038 2606 3083 2678 ᾧ
3137 2606 3201 2661 τὸ
3257 2605 3544 2680 ἐπώνυμον
3599 2606 3885 2678 Βατάτζης,

2244 2698 2378 2772 ἆνήρ
2408 2700 2474 2752 οὐ
2506 2696 2711 2774 φαῦλος
2754 2697 2823 2752 τά
2872 2697 3120 2766 τακτικὰ,
3175 2694 3391 2760 πολλὰς
3450 2695 3508 2753 δὲ
3545 2697 3702 2762 νίκας
3750 2697 3885 2754 πολ-

2245 2784 2402 2849 λάκις
2453 2784 2860 2861 ἐπανῃρημένος
2903 2787 3040 2840 κατὰ
3095 2790 3340 2859 Περσῶν,
3397 2789 3466 2861 τῇ
3523 2783 3888 2866 Φιλαδελφείᾳ

2243 2870 2596 2952 ἐνδιατρίϐων
2670 2875 2994 2946 ἀντεκάθητο
3087 2875 3336 2950 γενναίως
3394 2880 3474 2946 τῷ
3563 2875 3886 2952 Ἀνδρονίκῳ

2241 2965 2332 3020 καὶ
2364 2964 2656 3041 ὀλιγώρως
2691 2969 2798 3020 τῶν
2828 2964 3024 3021 τούτου
3081 2966 3228 3042 εἶχεν
3287 2964 3588 3043 ἐπιταγῶν,
3627 2967 3716 3023 καὶ
3744 2967 3886 3024 ἀπει-

2243 3052 2429 3110 λοῦντι
2498 3051 2645 3108 δεινὰ
2697 3049 3115 3130 ὰντενεϐριμᾶτο
3185 3051 3480 3132 δεινότερα,
3537 3055 3641 3112 καί
3719 3061 3885 3118 κακῶς

2240 3143 2452 3200 ἀκούων
2485 3143 2558 3204 ὡς
2597 3141 2871 3217 τυραννίδι
2927 3141 3223 3220 ἐπιχειρῶν
3275 3149 3355 3219 τῷ
3402 3141 3512 3217 ἤδη
3577 3167 3888 3222 τετυραννη-

491 3253 758 3310 ﬁnitimis
779 3250 1046 3308 hostibus
1074 3247 1500 3320 atﬂigebantur.
1521 3249 1666 3313 imo,
1697 3259 1872 3316 quem
1895 3237 2128 3296 barbari

2243 3234 2362 3328 κότι
2434 3233 2707 3328 λαμπρῶς
2789 3233 3018 3308 ἐπετίμα
3095 3255 3152 3290 τε
3223 3235 3314 3290 καὶ
3398 3232 3738 3307 ἐπέπληττεν
3816 3238 3886 3299 ὡς

483 3359 602 3400 non
633 3341 940 3412 violarant,
972 3355 1104 3396 eum
1131 3339 1285 3394 cives
1307 3333 1712 3402 trucidabant;
1758 3335 1816 3388 et
1857 3325 2130 3386 concitati

483 3441 680 3489 contra
713 3447 840 3488 sese
866 3429 1199 3504 p0pulares,
1244 3425 1410 3483 obliti
1469 3420 1946 3490 necessitudinis,
1997 3419 2130 3474 bar-

479 3522 678 3580 barico
705 3522 849 3578 341
915 3535 1075 3576 more
1132 3516 1230 3573 alii
1289 3517 1346 3572 in
1376 3514 1522 3572 alios
1571 3512 2016 3586 grassabantur.
2051 3512 2129 3564 Ac

477 3611 846 3670 Andronicus
877 3610 937 3666 in
969 3609 1166 3665 animo
1196 3605 1404 3663 habuit
1461 3601 1859 3659 Andronicum
1909 3599 2124 3670 Lapar-

479 3703 813 3774 damjustis
846 3701 1027 3772 copiis
1059 3697 1212 3755 datis
1270 3712 1402 3753 cum
1452 3695 1684 3750 Batatze
1738 3687 2125 3758 committere,

473 3792 668 3850 virum
701 3807 946 3864 parvum
977 3789 1146 3844 illum
1168 3786 1430 3859 quidem,
1491 3781 1593 3840 sed
1652 3777 2020 3835 bellicosum.
2052 3779 2126 3831 At

469 3883 729 3939 Joannes
761 3882 1094 3938 Comnenus
1121 3890 1440 3950 oppressus
1471 3870 1695 3938 morbo,
1729 3867 1885 3924 circa
1935 3864 2122 3922 Phila-

476 3971 774 4046 delphiam
795 3964 1424 4033 castrametatus,filios
1443 3959 1768 4020 Manualem
1792 3955 2119 4014 etAlexium

473 4067 680 4121 contra
705 4059 1031 4133 Lapardam
1065 4055 1262 4112 mittit.
1295 4058 1434 4110 Cum
1482 4055 1676 4107 autem
1723 4047 1884 4104 vario
1914 4047 2122 4102 eventu

477 4156 838 4226 pugnaretur
867 4159 921 4206 et
953 4147 1122 4205 multi
1164 4145 1442 4216 utrinque
1499 4141 1769 4198 civilibus
1820 4137 2000 4193 armis
2031 4152 2123 4191 ca-

473 4243 698 4312 derent,
730 4241 790 4297 in
823 4255 1038 4313 magno
1066 4239 1226 4294 luctu
1250 4237 1375 4291 erat
1405 4233 1692 4299 Batatzcs,
1754 4245 1820 4284 ac
1860 4227 2123 4284 fortunas

474 4349 614 4390 suas
646 4329 1058 4395 miserebatur,
1117 4325 1270 4398 quod
1331 4327 1460 4379 tum
1517 4317 1826 4376 infeliciter
1883 4315 1938 4370 in
1974 4313 2124 4370 lecto

471 4422 1014 4490 decumberet,cum
1049 4419 1106 4474 in
1149 4413 1383 4489 publico
1413 4419 1470 4468 et
1499 4412 1557 4468 in
1591 4409 1714 4467 acie
1771 4404 2122 4463 versandum

468 4515 526 4567 et
546 4510 752 4566 bellica
775 4511 961 4566 virtus
986 4507 1334 4565 declaranda
1355 4521 1421 4562 ac
1447 4499 1833 4559 Orientalium
1886 4496 2122 4553 urbium

469 4614 638 4656 voces
668 4599 741 4655 ob
771 4599 1075 4655 victoriam
1135 4596 1440 4654 audiendas
1498 4596 1714 4658 essent,
1777 4593 1841 4644 ut
1897 4603 1953 4643 re
1995 4586 2124 4659 ipsa

472 4687 822 4760 intelligeret
850 4701 1024 4744 senex
1052 4684 1442 4751 Andronicus,
1502 4698 1638 4739 cum
1691 4678 1846 4752 quali
1881 4677 1990 4734 sibi
2023 4676 2123 4732 ad-

476 4778 731 4836 versario
763 4792 856 4834 res
885 4780 1059 4833 esset.
1092 4775 1202 4831 Sed
1235 4773 1376 4846 quid
1423 4789 1538 4830 non
1599 4771 1738 4827 iacit
1766 4768 2039 4826 alacritas
2068 4769 2126 4822 et

475 4869 714 4927 animus
751 4867 812 4923 in
845 4881 906 4922 ro
938 4863 1092 4920 mala
1122 4864 1310 4920 bonus
1341 4862 1368 4917 ‘I
1394 4863 1572 4918 Jubet
1602 4877 1664 4917 se
1696 4860 1754 4915 in
1796 4855 2120 4922 tumulum,

477 4959 632 5017 unde
661 4973 858 5030 pugna
887 4955 1147 5027 conspici
1178 4957 1392 5026 posset,
1427 4951 1485 5006 in
1543 4947 1758 5006 lectulo
1804 4943 2036 5012 deferri,
2067 4949 2124 4998 et

471 5049 610 5107 filiis
642 5054 709 5106 ut
738 5044 1083 5104 instruenda
1110 5043 1186 5101 sit
1215 5042 1368 5099 acies
1401 5039 1682 5114 praecipit.
1727 5037 1821 5093 Sic
1879 5032 2123 5090 victoria

463 5139 680 5198 illustri
715 5138 934 5212 potitur
974 5137 1101 5208 ejus
1127 5131 1437 5200 exercitus,
1471 5135 1526 5186 et
1551 5127 1924 5199 Lapurdanos
1950 5122 2122 5193 longe

465 5229 841 5301 persequitur
869 5243 937 5284 ac
995 5223 1180 5282 credit.
1235 5222 1390 5276 342
1449 5217 1655 5274 Paucis
1723 5213 1933 5270 diebus
1994 5216 2122 5281 post

466 5299 715 5373 hatatzis
745 5316 1020 5374 interitus
1052 5326 1338 5384 magnum
1385 5300 1998 5376 Philadelphiensibus
2032 5299 2124 5354 lu-

468 5411 626 5462 ctum
657 5405 870 5469 attulit,
906 5409 964 5461 et
992 5405 1226 5461 animos
1257 5414 1460 5456 eorum
1493 5393 1759 5454 omnium
1790 5391 1872 5449 ita
1903 5391 2119 5447 immu-

469 5494 613 5549 tavit
640 5499 705 5551 ut
733 5512 867 5552 cum
897 5493 1231 5552 Andronico
1261 5506 1324 5548 se
1365 5489 1718 5561 conjungere
1777 5486 2118 5552 statuerent,

471 5583 525 5634 et
559 5581 758 5638 missis
785 5583 1011 5655 Cpolim
1043 5581 1276 5657 legatis,
1308 5581 1377 5638 ad
1409 5578 1757 5654 captandam
1799 5572 2121 5633 Andronici

467 5667 956 5742 benevolentiam,
1015 5675 1312 5730 Batatzem
1363 5672 1420 5727 et
1477 5669 1629 5726 filios
1685 5667 1813 5742 ejus
1883 5680 2122 5722 summa

2243 3325 2464 3400 ἐνστάτῃ
2555 3320 2796 3398 δαίμονι,
2852 3321 2916 3379 τὸ
3008 3321 3286 3399 βασίλειον
3345 3322 3498 3400 γένος
3580 3321 3886 3401 ἐκτρίϐοντι.

2238 3416 2397 3472 Ὅθεν
2430 3411 2712 3490 ἐμφυλίων
2747 3411 2982 3468 στάσεων
3013 3412 3104 3467 καὶ
3149 3410 3408 3487 πολέμων
3471 3415 3528 3470 αἱ
3605 3413 3886 3476 ’Λσιάτιδες

2238 3502 2438 3581 ἔγεμον
2469 3501 2687 3565 πόλεις.
2728 3502 2832 3559 Καὶ
2879 3502 2946 3571 ἦν
3003 3502 3072 3557 τὰ
3116 3501 3353 3567 ἐντεῦθεν
3383 3500 3650 3578 δρώμενα
3705 3503 3888 3578 πολλῷ

2238 3589 2638 3668 δυσαχθέστερα
2667 3595 2776 3646 τῶν
2828 3589 2877 3661 ἐξ
2935 3592 3156 3668 ὁμόρων
3224 3587 3647 3665 συμϐαινόντων
3715 3595 3886 3665 ἐθνῶν,

2235 3680 2271 3750 ἤ
2303 3682 2392 3736 καὶ
2438 3679 2615 3742 οὕτως
2671 3679 2864 3749 εἷ’πεῖν,
3027 3681 3151 3757 χεὶρ
3211 3681 3309 3736 οὐκ
3364 3679 3672 3753 ἐπεξῆλθεν
3727 3683 3888 3741 ἀλλό-

2233 3769 2502 3844 γλωττος,
2541 3773 2702 3824 τοῦτο
2729 3772 2764 3839 ἡ
2797 3769 3074 3846 ἐγχώριος
3131 3767 3335 3844 ἐθέριζε
3394 3767 3566 3844 δεξιά,
3612 3774 3701 3830 καί
3781 3775 3889 3828 κατ’

2237 3857 2502 3931 ἀλλήλων
2563 3857 3116 3933 ἐκπεπολέμωτο’τὸ
3171 3860 3458 3940 ὁμόφυλον
3536 3859 3884 3940 βαρϐαρωίέὶν

2233 3949 2371 4004 ’ἁπαν
2403 3948 2650 4014 καὶτοὺς
2675 3955 2775 4019 τῆς
2816 3947 3124 4026 συγγενείας
3177 3949 3380 4024 νόμους
3439 3951 3738 4027 ἡγνοηκός,
3793 3957 3890 4013 Καὶ

2233 4037 2576 4112 Ἀνδρόνικος
2636 4041 2732 4113 μὶν
2797 4037 3041 4108 ὁπλίζειν
3100 4034 3239 4114 ἔγνω
3290 4041 3430 4096 κατᾶ
3483 4046 3582 4097 τοῦ
3639 4041 3886 4112 Βατάτζη

2231 4130 2320 4186 τὸν
2379 4125 2670 4202 Λαπαρδᾶν
2738 4124 3110 4201 Ἀνδρόνικον,
3169 4124 3338 4204 ἄνδρα
3391 4129 3610 4206 βραχὺν
3683 4131 3774 4206 μὶν
3829 4129 3888 4186 τὸ

2233 4217 2421 4292 δέμας,
2455 4214 2779 4292 δραστήριον
2837 4213 2894 4270 δὲ
2947 4218 3016 4272 τὰ
3046 4215 3310 4291 πολέμια,
3341 4217 3441 4272 οὐκ
3497 4219 3693 4297 ὀλίγον
3749 4219 3888 4292 αὖτῷ

2235 4304 2678 4382 στρατολογήσας
2718 4303 3028 4362 ὁπλιτικόν.
3084 4305 3145 4363 Ὀ
3177 4302 3236 4361 δὲ
3291 4308 3582 4382 Κομνηνὸς
3643 4309 3891 4380 Ἰωάννης

2232 4398 2375 4470 νόσῳ
2402 4394 2524 4451 τότε
2583 4394 2985 4469 συνισχημένος
3013 4393 3102 4448 καὶ
3151 4396 3277 4472 περί
3328 4417 3434 4452 που
3465 4399 3569 4468 τὴν
3616 4395 3892 4454 Φιλαδελ-

2236 4482 2378 4564 φέων
2461 4482 2622 4539 πόλιν
2683 4482 3058 4557 ἔσκηνημένος
3147 4483 3418 4560 ἀντεξάγει
3488 4491 3574 4560 τῷ
3637 4483 3898 4563 Λαπαρδᾷ

2233 4577 2360 4641 τοὺς
2393 4577 2552 4650 υἱεῖς,
2602 4575 2694 4630 τὸν
2752 4595 2810 4630 τε
2867 4573 3132 4644 Μανουήλ
3165 4577 3254 4631 καί
3304 4577 3399 4634 τὸν
3455 4577 3732 4652 Ἀλέξων.
3789 4579 3896 4635 Τοῖ’»

2237 4666 2294 4724 δὲ
2367 4665 2616 4740 πολέμου
2675 4664 2879 4740 συχνὰς
2947 4659 3356 4737 μεταλαϐόντος
3439 4667 3648 4744 τροπὰς
3705 4666 3898 4729 ὁποίας

2235 4757 2397 4818 αὒτὸς
2455 4753 2664 4826 ἵστησι,
2702 4753 2793 4808 καὶ
2849 4751 3076 4809 πολλῶν
3125 4755 3508 4833 ἒξεκατὲρωθεν
3557 4755 3895 4831 ἀναιρουμέ-

2235 4867 2340 4904 νων
2389 4849 2506 4907 ταῖς
2563 4842 2856 4923 ἐμφυλίοις
2912 4850 3282 4918 συμπλοκαῖς,
3345 4846 3685 4921 βαρυπενθὴς
3735 4845 3803 4915 ἦν
3863 4845 3894 4902 ὁ

2234 4935 2514 5005 Βατάτζης
2601 4935 2668 5006 τῇ
2755 4931 3063 5008 ἐνσκηψάσῃ
3151 4934 3380 5012 καχέξιᾳ
3491 4934 3894 5012 ἐπιστυγνάζων

2234 5027 2307 5090 ὡς
2361 5023 2694 5104 ἀμφοτέραις
2791 5022 2952 5078 αὐτὸν
3014 5025 3292 5100 συσχοῦσῃ
3349 5025 3436 5080 καὶ
3501 5021 3894 5100 καταϐαλοόσῃ

2235 5114 2518 5189 δυστυχῶς
2575 5112 2662 5166 ἐπὶ
2729 5111 2942 5182 κλίνης,
3023 5114 3105 5168 ὅτι
3165 5111 3511 5188 δημοσιεύειν
3593 5113 3707 5172 ἔδει
3801 5115 3894 5171 καί

2234 5199 2766 5282 παριστᾷνὸτρέφει
2807 5205 2893 5274 [Ρ.
2951 5207 3073 5278 170]
3133 5205 3255 5281 περὶ
3313 5205 3381 5262 τὰ
3435 5205 3716 5281 πολεμικά
3775 5225 3898 5284 γεν-

2233 5301 2409 5366 ναῖον,
2440 5293 2530 5349 καὶ
2583 5292 2678 5352 τὰς
2738 5291 2824 5346 ἐπὶ
2882 5292 3004 5368 νίκῃ
3065 5293 3459 5370 νενομισμένας
3508 5295 3691 5376 φωνὰς
3760 5296 3898 5372 πρὸς

2230 5391 2338 5443 τῶν
2367 5385 2518 5459 ἒῲων
2576 5377 2790 5437 πόλεων
2849 5379 3128 5458 δέχεσθαι,
3160 5380 3238 5440 ἔτι
3291 5383 3346 5441 δὲ
3402 5390 3728 5443 πιστοῦσθαι
3781 5392 3896 5450 τοῖς

2229 5475 2408 5558 ’ἔργοις
2463 5475 2602 5551 πρὸς
2661 5475 2774 5529 οἷον
2865 5473 3204 5555 ἀντιφέρεται
3263 5477 3516 5554 ἄρχηγὸν
3567 5477 3592 5532 ὁ
3657 5477 3900 5557 βαρυτέ-

2233 5588 2339 5646 ρων
2401 5561 2775 5640 ’Δνδρόνικος.
2860 5565 3155 5644 Ηράγμασι
3216 5561 3278 5620 δὶ
3332 5563 3765 5632 καθυποδεικνὺς
3821 5567 3896 5632 ὡς

2229 5653 2510 5736 προθυμία
2591 5652 2685 5710 καὶ
2769 5654 2992 5732 νεκροὺς
3068 5653 3318 5730 ἀνίστησι
3405 5655 3497 5713 καὶ
3585 5655 3669 5724 ὡς
3739 5653 3864 5713 οὐδὲ
