4066 6214
248 427 363 490 6H
1393 432 1737 498 ALEXIUS
1782 434 1896 495 MA

2005 430 2196 494 lELIS
2239 431 2522 495 FILIUS.
3546 441 3664 506 618

249 561 474 640 καρδίας
528 563 855 636 αἰσθητικῆς
914 563 1298 642 ἴσχυρότερον,
1355 566 1527 643 α’ἰρειν
1591 567 1758 623 αὐτὸν
1810 564 1896 620 ἐπὶ

2012 564 2196 623 animi
2226 564 2458 622 levitate
2503 566 2971 628 criminarentur.
3024 568 3271 627 Proinde
3319 575 3521 647 magal
3549 577 3660 635 do-

248 651 526 710 κλινιδίου
611 655 935 711 αὖτοσκεῦου
1039 655 1424 733 προτρέπεται,
1525 657 1617 712 καὶ
1710 660 1903 725 στῆσαι

249 743 511 821 φέροντας
534 743 590 799 ἐν
632 743 886 825 γηλόφῳ,
921 746 1040 810 ὅθεν
1091 745 1258 820 ὁρατά
1289 746 1341 801 oi
1371 746 1439 802 τὰ
1468 745 1605 801 κατὰ
1653 743 1902 817 πόλεμον

251 832 453 892 ἔσοιτο.
486 835 567 892 Οὖ
598 831 666 903 δή
708 855 1012 911 γεγονρτος,
1065 836 1157 890 καὶ
1208 835 1337 901 τοὺς
1394 837 1529 898 υἱεῖς
1581 836 1751 891 αὐτοῦ
1804 836 1904 903 τὴν

252 924 512 1001 στρατιὰν
584 924 724 980 κατὰ
793 926 885 981 τὸν
960 923 1224 981 δοκοῦντά
1297 927 1349 981 οἱ
1420 928 1626 1001 τρόπον
1692 925 1903 995 ἐκτάξαι

250 1013 635 1086 κελεύσαντος,
697 1016 733 1084 ἡ
799 1014 922 1085 νίκη
990 1019 1295 1093 περιφανῶς
1363 1018 1501 1091 πρὸς
1571 1018 1634 1072 τὸ
1700 1016 1905 1072 ἐκείνου

256 1099 460 1178 μετέϐη
518 1104 844 1179 στράτευμαο
914 1104 977 1160 τὸ
1030 1101 1089 1160 δὲ
1145 1109 1244 1160 τοῦ
1309 1103 1571 1181 Λαπαρδᾶ
1639 1106 1706 1161 τὰ
1764 1109 1907 1161 νῶτα

255 1189 569 1267 μεταϐαλὸν
612 1191 700 1247 ἐπὶ
757 1191 1016 1248 πλεῖστον
1061 1195 1127 1263 ἦν
1166 1193 1367 1270 χρόνον
1429 1192 1763 1268 διωκόμενον
1815 1195 1907 1250 καὶ

248 1280 626 1354 κτεινόμενον,
695 1280 850 1337 Μετὰ
911 1281 1178 1354 βραχείας
1265 1277 1311 1335 δ’
1369 1282 1582 1356 ἡμέρας
1635 1281 1727 1335 τὸν
1786 1280 1906 1355 βίον

248 1369 720 1444 καταστρέψαντος
778 1372 876 1424 τοῦ
933 1367 1213 1440 Βατάτζη,
1264 1369 1315 1424 οἱ
1394 1366 1762 1448 Φιλαδελφεῇ
1814 1390 1905 1424 πι-

247 1465 396 1537 κρῶς
426 1458 515 1514 ἐπ’
572 1458 721 1530 αὗτῴ
784 1457 872 1513 καὶ
918 1457 1102 1533 βύθιον
1149 1456 1507 1529 ὁλολύξαντες
1558 1464 1905 1533 προσχωρεῖν

248 1549 583 1626 ἐγνώκεισαν
614 1544 970 1620 Ἀνδρονίκῳ,
1013 1548 1088 1610 ὥς
1125 1550 1202 1621 μή
1237 1548 1370 1602 εἶναι
1421 1548 1569 1610 ὅστις
1619 1549 1752 1623 οὐχὶ
1799 1551 1907 1602 τῶν

250 1638 521 1694 ἁπάντων.
558 1637 624 1694 Οἱ
654 1633 712 1692 δὲ
739 1636 830 1690 καὶ
863 1634 912 1697 ἐς
944 1635 1113 1704 αὐτὴν
1170 1637 1270 1704 τήν
1322 1635 1710 1711 βασιλεύουσαν
1743 1632 1907 1691 πόλιν

246 1730 309 1784 τὸ
366 1731 473 1793 τῆς
528 1726 837 1801 προθυμίας
893 1725 1090 1799 πτερὸν
1167 1720 1346 1795 ἔλυον,
1406 1725 1495 1780 καὶ
1564 1722 1901 1801 Ἀνδρόνικον

245 1816 634 1892 θεραπεύοντες
698 1814 836 1870 κατὰ
889 1819 988 1871 τοῦ
1048 1812 1294 1876 ἀετιδοῦς
1350 1813 1565 1889 ὄρνιθος
1632 1819 1731 1871 τοῦ
1790 1822 1899 1870 Βα-

2015 656 2241 713 mestici
2270 655 2397 726 ﬁlii,
2427 661 2755 715 metuentes
2778 676 2848 714 ne
2879 661 3287 732 comprehensi
3325 665 3661 725 Andronico

2010 746 2413 819 proderentur,
2434 747 2505 802 ad
2540 746 2913 804 Iconiensem
2944 748 3247 807 sultanum
3273 753 3653 826 confugiunt;

2010 852 2258 908 quorum
2290 835 2625 892 calamitate
2657 837 3017 895 declaratum
3040 844 3128 896 est
3154 839 3393 912 laqueos
3425 848 3481 898 et
3512 846 3660 903 retia

2009 924 2220 982 divina
2270 925 2659 982 Providentiae
2694 927 2991 985 neminem
3023 945 3194 1000 posse
3216 931 3476 988 evadere.
3508 936 3660 991 Nam

2008 1030 2144 1070 cum
2164 1012 2385 1069 sultani
2405 1015 2793 1070 cessationem
2825 1014 2885 1071 in
2918 1016 3172 1073 ferendis
3203 1021 3405 1075 contra
3430 1019 3655 1079 hostem

2011 1102 2245 1159 auxiliis
2284 1102 2529 1159 moleste
2573 1103 2811 1171 ferrent,
2855 1105 3017 1160 abire
3054 1106 3115 1161 in
3166 1107 3426 1165 Siciliam
3460 1111 3660 1167 decre-

2010 1197 2218 1248 verunt
2247 1211 2261 1260 ;
2294 1196 2351 1248 et
2374 1192 2501 1249 navi
2527 1208 2867 1264 conscensa,
2901 1194 3190 1266 principio
3213 1213 3491 1269 prospero
3515 1198 3656 1255 ﬂatu

2012 1280 2221 1336 Cretici
2270 1281 2462 1354 pelagi
2492 1298 2651 1338 oram
2683 1282 2904 1354 legunt.
2940 1284 3023 1339 Ibi
3055 1301 3188 1342 vero
3220 1286 3460 1343 adverso
3486 1296 3657 1345 vento

2011 1373 2208 1426 coorto
2267 1371 2339 1426 ad
2372 1369 2601 1426 Cretam
2660 1371 2950 1443 appellere
2990 1375 3195 1443 coacti,
3230 1380 3288 1431 et
3314 1376 3358 1445 ζα
3399 1378 3655 1448 quodam

2012 1459 2373 1531 prmeidiario
2424 1459 2611 1528 Gallo,
2643 1476 2710 1516 ex
2759 1478 2961 1517 eorum
3020 1462 3222 1521 ordine
3253 1467 3357 1536 qui
3409 1483 3650 1523 secures

2013 1552 2266 1619 gestant,
2297 1548 2516 1620 cogniti
2557 1551 3153 1622 comprehenduntur,
3197 1558 3254 1609 et
3279 1557 3434 1625 apud
3475 1556 3654 1612 Cretas

2012 1645 2361 1710 quaestorem
2400 1638 2757 1695 deferuntur.
2791 1640 2899 1704 Qui
2932 1657 3067 1697 cum
3111 1658 3210 1698 eos
3243 1642 3567 1701 incolumes
3599 1651 3660 1702 et

2011 1735 2341 1783 commeatu
2390 1729 2712 1785 instructos
2741 1746 2809 1785 ex
2840 1730 2993 1787 843
3039 1732 3236 1788 insula
3265 1733 3561 1789 dimittere
3593 1735 3654 1789 in

2013 1817 2208 1872 animo
2231 1817 2491 1886 haberet,
2526 1833 2634 1874 nec
2654 1825 2847 1876 tamen
2862 1836 3035 1876 suum
3068 1823 3307 1895 exsequi
3341 1822 3654 1879 consilium

246 1907 423 1975 τεὶτζη
451 1905 536 1959 καὶ
570 1907 679 1959 τῶν
735 1900 942 1958 ἐκείνου
990 1909 1220 1958 νεοττῶν
1261 1900 1498 1977 ἔκρωζον
1537 1903 1612 1966 ὡς
1665 1908 1896 1978 κορῶναι

2014 1905 2130 1961 illis
2153 1907 2274 1977 jam
2323 1907 2538 1978 agnitis
2592 1914 2810 1979 posset.
2866 1925 2987 1965 rem
3044 1912 3381 1968 Andronico
3414 1912 3656 1968 indicat.

246 1993 565 2069 λακέρυζαι,
666 1993 702 2063 ἢ
805 1995 935 2067 γοῦν
1009 1993 1084 2054 ὡς
1158 1999 1400 2071 κηφῆνες
1494 1987 1900 2067 περιεϐόμϐουν

240 2084 437 2158 ἀγυιὰς
466 2080 558 2137 καὶ
588 2081 881 2156 ἀνάκτορα,
922 2083 1114 2137 ὁποῖον
1157 2078 1223 2151 δὴ
1282 2086 1388 2137 τῶν
1435 2080 1801 2156 κακοσχόλων
1837 2080 1901 2135 τὸ

2011 1994 2121 2061 Qui
2152 2000 2218 2050 ut
2247 1995 2394 2050 lucis
2414 1994 2693 2051 inimicus
2717 2002 2771 2052 et
2800 1996 2985 2053 oculis
3006 1997 3457 2067 infestissimus,
3482 2000 3658 2056 mise-

2011 2099 2106 2139 ros
2136 2082 2269 2139 illos
2295 2083 2625 2140 Comnenos
2656 2091 2925 2141 excmcal.

240 2171 589 2248 ἐπιτήδευμα
625 2172 716 2228 καὶ
781 2175 891 2227 τῶν
931 2168 1150 2247 δικρόαν
1198 2172 1502 2249 τρεφόντων
1552 2175 1801 2248 γλῶτταν
1851 2169 1938 2226 ἐπὶ
1987 2174 2084 2225 τοῦ
2128 2170 2421 2245 στόματος,
2473 2172 2540 2228 Οἱ
2590 2169 2649 2226 δὲ
2690 2176 2785 2227 τοῦ
2832 2171 3070 2246 μεγάλου
3124 2171 3447 2246 δομεστίκου
3512 2178 3650 2251 μιοὶ,

245 2262 519 2327 δείσαντες
556 2266 631 2337 μὴ
692 2267 1000 2338 συσχεθεῖεν
1058 2261 1150 2317 καὶ
1207 2259 1680 2336 καταπροδοθεῖεν.
1742 2259 2095 2336 Ἀνδρονίκῳ,
2157 2262 2503 2336 μεθίστανται
2563 2263 2759 2319 ἐκεῖθεν
2818 2265 2906 2319 καὶ
2966 2268 3045 2336 τῷ
3100 2266 3319 2321 Ἰκονιεῖ
3375 2267 3653 2342 σουλτάνῳ

245 2354 634 2429 προσρῦονται·
704 2349 757 2407 ο’ί
811 2352 900 2406 καὶ
956 2349 1194 2426 ὕστερον,
1262 2349 1315 2421 ἐξ
1372 2352 1446 2405 ὧν
1501 2346 1717 2419 ἔπαθον,
1775 2347 2075 2425 προδήλως
2132 2348 2407 2423 ὑπέδειξαν
2470 2353 2544 2425 μὴ
2606 2350 2796 2425 ἐξεῖναί
2864 2373 2967 2408 τινι
3040 2353 3135 2414 τὰς
3211 2355 3388 2429 πάγας
3444 2356 3651 2430 ὑπερα-

236 2443 429 2507 λέσθαι
598 2441 660 2498 τὸ
726 2435 1147 2521 ἀμφίϐληστρον
1232 2436 1503 2495 διεκδῦναι
1561 2441 1591 2495 ὅ
1645 2443 1681 2510 ἡ
1740 2437 1913 2504 ἃνωθν
1994 2438 2210 2513 ἐξέτεινε
2278 2441 2535 2516 Πρόνοια.
2611 2441 3041 2517 Δυσχεράναντες
3091 2443 3195 2518 γὰρ
3248 2442 3337 2499 ἐπὶ
3388 2449 3456 2519 τῇ
3520 2448 3653 2520 μετὰ

233 2537 340 2589 τοῦ
373 2530 678 2587 σουλτένου
711 2529 908 2605 χρονίᾳ
938 2525 1215 2604 διατριϐῇ,
1264 2530 1340 2593 ὼς
1398 2528 1496 2584 οὐκ
1552 2527 1775 2601 ἀμύνειν
1832 2528 1961 2591 τοὺς
2020 2530 2250 2604 ἐχθροὺς
2316 2529 2543 2591 ἐκείνοις
2598 2530 2896 2600 ἐθέλοντος,
2957 2531 3032 2595 είς
3094 2532 3345 2589 Σικελίαν
3401 2533 3648 2610 ἀπαίρειν

231 2624 544 2698 κεκρίκασι,
598 2623 692 2676 καὶ
768 2618 835 2692 δή
902 2622 1032 2691 νηὸς
1085 2615 1366 2682 ἐπιϐάντες
1421 2619 1512 2675 καὶ
1571 2618 1742 2695 οὐρίῳ
1797 2620 1864 2674 τὰ
1920 2624 2109 2695 πρῶτα
2164 2621 2426 2694 πνεύματι
2487 2622 2765 2696 χρώμενοι
2823 2624 2884 2677 τὸ
2944 2624 3216 2698 Κρητικὸν
3278 2621 3649 2696 διαπλωίζον-

228 2735 319 2769 ται
390 2712 658 2787 πέλαγος.
720 2709 866 2767 Κατᾶ
918 2708 975 2766 δὲ
1029 2714 1191 2766 τοῦτο
1243 2714 1342 2765 τοῦ
1427 2708 1738 2783 πνεύματος
1810 2710 2158 2773 ἀντιστάντος
2227 2710 2579 2785 ἀναγκαστῶς
2652 2714 2721 2785 τῇ
2806 2714 2998 2787 Κρήτῃ
3086 2713 3477 2788 προσίσχουσι,
3558 2718 3647 2771 καὶ

223 2802 558 2879 γνωσθέντες
594 2802 743 2876 παρά
805 2820 953 2863 τινος
1011 2800 1181 2856 ἐκεῖσε
1239 2797 1610 2876 φυλάσσυντος
1671 2797 1877 2873 (γένους
1937 2797 2095 2861 οὗτος
2152 2803 2249 2855 τοῦ
2306 2798 2683 2879 πελεκυφόρου
2739 2801 2830 2856 καὶ
2887 2800 3177 2875 Κελτικοῦ)
3236 2799 3650 2876 συλλαμϐάνον-

224 2901 317 2949 ται
350 2892 443 2946 καὶ
472 2895 554 2963 τῷ
581 2897 681 2959 τῆς
706 2891 931 2965 Κρήτης
974 2886 1312 2965 δασμολόγῳ
1358 2889 1817 2960 καταμηνὺονται.
1876 2889 1937 2945 ’0
1986 2889 2046 2943 as
2101 2886 2289 2962 ᾑρεῖτο
2341 2890 2435 2961 μὶν
2478 2888 2606 2951 τοὺς
2646 2887 2843 2963 ἄνδρας
2882 2887 3117 2946 ἐκσῶσαι
3166 2892 3256 2947 καὶ
3312 2895 3413 2957 τῆς
3481 2896 3653 2964 νήσου

223 2981 501 3055 ἆρτεμέας
556 2979 852 3054 ἐκπέμψαι,
883 2970 1109 3057 ¹(Ξίλιλιδιτα
1146 2978 1331 3041 αὐτοῖς
1380 2976 1815 3052 ἐπισιτισάμενος
1869 2976 1959 3032 καὶ
2003 2978 2151 3032 οἶνον
2201 2974 2592 3053 ὑδρευσάμενος
2638 2979 2729 3033 καὶ
2772 2976 2954 3035 τᾶλλα
2996 2981 3062 3035 τὰ
3112 2982 3249 3052 πρὸς
3305 2983 3397 3037 τὸν
3475 2988 3651 3037 πλοῦν

228 3068 525 3141 ἐπιτήδεια
556 3070 899 3145 χορηγήσας,
931 3068 1035 3124 οὐκ
1083 3061 1230 3147 ἔχων
1281 3064 1327 3122 δ’
1380 3065 1530 3130 ὅπως
1574 3072 1790 3141 περανεῖ
1836 3067 1907 3122 τὰ
1960 3067 2098 3122 κατὰ
2153 3067 2352 3122 σκοπὸν
2403 3070 2746 3145 (καταφανεῖς
2790 3068 2895 3143 γὰρ
2940 3066 3051 3139 ἤδη
3102 3075 3219 3133 τοῖς
3279 3069 3475 3125 ’ἅπασιν
3545 3070 3657 3148 ἐγε-

225 3160 502 3236 γόνεισαν)
536 3157 681 3229 δῆλα
729 3159 944 3228 τίθησιν
1004 3154 1336 3234 Ἀνδρονίκῳ
1391 3159 1461 3212 τὰ.
1517 3157 1655 3212 κατὰ
1708 3156 1937 3219 τούτους
1989 3158 2116 3219 τοὺς
2168 3157 2401 3220 τάλανας
2460 3157 2803 3230 Κομνηνοός.
2866 3159 2965 3216 Καὶ
3020 3160 3179 3222 οὗτος
3236 3164 3517 3241 μισοφαής
3578 3161 3654 3217 ὢν

227 3250 324 3305 καὶ
362 3255 482 3314 ταῖς
513 3254 622 3304 τῶν
658 3246 867 3325 ἀνδρὼν
899 3248 1088 3323 κόραις
1118 3247 1423 3321 ἀκορέστως
1464 3247 1892 3321 ἀντικαθήμενος
1913 3251 2011 3303 τοῦ
2042 3249 2224 3326 φωτὸς
2251 3247 2479 3312 τούτους
2508 3249 2819 3324 ἀποστερεῖ.

310 3399 394 3466 ιζ’.
433 3395 572 3453 Τότε
613 3391 659 3448 δ’
717 3392 810 3448 οῦν
880 3389 1219 3468 Ἀνδρόνικος
1269 3392 1413 3456 θείαν
1456 3392 1761 3462 ἐπισκοπὴν
1796 3391 1887 3448 τᾶν
1918 3396 1960 3463 C

226 3491 335 3541 τοῦ
391 3484 640 3555 Βατάτζη
700 3484 930 3548 θάνατον
988 3483 1354 3558 ἡγησάμενος,
1412 3483 1502 3538 καὶ
1581 3482 1894 3557 προστιθεὶς

223 3582 351 3638 ταῖς
393 3575 623 3637 λοιπαῖς
662 3574 858 3630 ἑαυτοῦ
916 3570 1353 3652 δολοφροσύναις
1401 3572 1492 3627 καὶ
1554 3571 1736 3647 ἓτερον
1790 3574 1893 3627 τοῦ

223 3665 444 3739 τρόπου
502 3662 906 3739 προκάλυμμα,
977 3663 1264 3740 στεφθῆναι
1344 3658 1718 3734 αὐτοκράτορα
1780 3659 1890 3714 εἴσ-

228 3759 458 3828 ηγεῖται
488 3753 584 3809 τὸν
620 3749 847 3828 βασιλέα
887 3749 1149 3821 Ἀλέξιον.
1186 3748 1383 3818 Καὶδὴ
1424 3747 1513 3804 ἰπὶ
1554 3753 1664 3804 τῶν
1719 3746 1888 3822 ὢμων

222 3844 365 3919 ἄρας
395 3843 561 3897 αὑτὸν
619 3840 713 3896 καὶ
775 3840 910 3914 μετᾶ
968 3838 1216 3913 δακρύων
1264 3840 1478 3914 θερμῶν
1526 3839 1602 3901 εἱς
1649 3839 1742 3895 τὸν
1788 3845 1889 3908 τῆς

222 3931 497 4009 Μεγάλης
532 3929 829 4001 ἰκκλησίας
858 3929 1187 4003 ἀνακομίσας
1242 3928 1580 4002 ἀνάσταθμον
1610 3928 1698 3985 ἐπὶ
1749 3929 1890 4004 μάρ-

221 4043 357 4078 τυσι
385 4020 613 4095 μυριάσι
644 4018 885 4081 πολλαῖς
912 4017 1163 4095 πλήθους
1208 4017 1443 4073 ἀστυκοῦ
1494 4016 1583 4073 καὶ
1632 4015 1889 4086 ἀλλοίου,

224 4110 327 4166 καὶ
384 4109 554 4165 πάλιν
615 4109 829 4183 ὁμοίως
874 4106 1074 4171 ἐκεῖθεν
1125 4092 1487 4183 κατενεγκὼν,
1537 4103 1687 4177 ἔδοξε
1726 4106 1889 4183 φιλο-

223 4201 599 4275 στοργότερος
632 4199 775 4253 εἶναι
832 4198 1034 4271 πατρὸς
1073 4197 1164 4251 καὶ
1217 4196 1341 4271 χεὶρ
1393 4193 1538 4266 δεξιὰ
1585 4194 1888 4265 ἐπιστῆναι,

221 4296 319 4364 τῷ
345 4293 528 4365 νεαρῷ
556 4293 659 4357 τῆς
694 4285 977 4363 βασιλείας
1012 4285 1235 4362 ὅρπηκι.
1271 4286 1331 4344 Ὀ
1382 4282 1441 4339 δὲ
1481 4286 1544 4339 τὸ
1586 4288 1683 4340 τοῦ
1724 4279 1889 4339 Δαϐίδ

220 4382 487 4455 ἷωτικρυς
521 4374 708 4439 διδοὺς
737 4374 951 4451 πέρατι,
993 4375 1023 4430 ὅ
1054 4396 1236 4453 φησιν,
1270 4399 1299 4426 ‹‹
1333 4374 1569 4445 Ἐπάρας
1601 4372 1891 4449 κατέρῥαξέ

224 4493 313 4543 με,
355 4497 377 4521 ι
419 4466 682 4523 διενοείτο
712 4469 880 4520 ταῦτα
909 4466 993 4540 [Ρ.
1033 4467 1158 4537 171]
1213 4463 1304 4517 καὶ
1353 4460 1617 4518 ἐπετὲλει.
1668 4465 1759 4533 Τῷ
1803 4482 1889 4517 τοι

214 4560 310 4615 καὶ
374 4556 587 4619 πάντας
649 4552 896 4611 ἐκποδὼν
967 4553 1147 4610 θέσθαι
1199 4550 1576 4628 προθυμηθεὶς
1642 4547 1886 4627 διεξῆγεν

215 4652 294 4712 ὡς
323 4650 525 4725 ᾑρεῖτο
573 4646 644 4701 τὰ
698 4645 838 4700 κατά
890 4645 989 4715 τὴν
1059 4640 1337 4720 βασιλείαν
1407 4640 1727 4716 πράγματα,
1781 4644 1889 4695 τῶν

2072 3394 2161 3450 47.
2193 3396 2274 3452 Ac
2304 3395 2560 3453 Batatzis
2599 3395 2826 3452 obitum
2875 3395 3143 3453 divinum
3173 3396 3532 3455 beneficium
3554 3398 3656 3455 in-

2001 3481 2378 3556 terpretatus,
2434 3483 2668 3557 caeteris
2688 3483 2839 3541 dolis
2887 3483 3067 3541 etiam
3114 3485 3265 3543 hunc
3321 3488 3534 3558 adjecit
3563 3487 3653 3543 in-

1999 3568 2156 3640 genii
2185 3570 2277 3626 sui
2301 3569 2719 3627 dissimulandi
2742 3587 2939 3627 causa.
2962 3573 3179 3627 Auctor
3206 3576 3295 3628 est
3324 3572 3647 3630 coronandi

1997 3659 2204 3727 Alexii,
2236 3675 2489 3732 eumque
2543 3658 2602 3715 in
2637 3660 2914 3716 humeros
2963 3659 3183 3715 elatum
3222 3659 3551 3733 lacrymans
3583 3660 3644 3714 in

1999 3747 2222 3820 Magna:
2277 3749 2531 3805 ecclesias
2590 3748 2904 3804 ambonem
2963 3746 3236 3819 pertulit;
3288 3752 3470 3819 atque
3503 3747 3642 3803 inde

1997 3836 2211 3906 retulit,
2264 3842 2330 3893 ut
2367 3842 2591 3909 patrem
2639 3837 2848 3910 pietate
2906 3851 3183 3908 superare
3239 3836 3539 3893 videretur
3585 3841 3643 3894 et

1997 3926 2384 3982 adolescentis
2404 3926 2770 3997 imperatoris
2800 3925 3143 3997 praesidium
3165 3925 3644 3993 haberetur,cum

1996 4016 2120 4089 ipse
2148 4015 2310 4072 aliud
2351 4016 2412 4069 in
2451 4012 2646 4070 animo
2704 4013 2966 4081 haberet,
3025 4030 3094 4070 ac
3125 4013 3467 4072 Davidicum
3499 4014 3645 4069 illud

1996 4105 2257 4178 agitaret,
2288 4126 2316 4155 α
2354 4102 2578 4160 Elatum
2608 4119 2697 4159 me
2719 4101 2920 4159 allisit.
2952 4125 2975 4155 ι
3000 4105 3185 4170 Quare
3215 4103 3649 4159 omnibusaule

1998 4193 2335 4267 proceribus
2375 4192 2611 4261 amotis,
2652 4207 3004 4264 summaque
3043 4208 3240 4248 rerum
3270 4192 3331 4248 in
3365 4208 3425 4248 se
3456 4199 3647 4248 trans-

1996 4287 2131 4357 lata,
2163 4287 2475 4360 imperium
2497 4303 2601 4342 suo
2635 4286 2919 4342 arbitratu
2945 4287 3183 4357 gerebat
3212 4307 3227 4356 ;
3262 4302 3329 4345 ac
3355 4287 3641 4361 principio

1999 4383 2247 4433 matrem
2279 4374 2671 4448 imperatoris,
2731 4378 2796 4429 ut
2825 4379 3023 4447 aperte
3053 4374 3162 4430 sibi
3186 4382 3242 4431 et
3278 4375 3650 4446 imperatoris

1995 4483 2062 4523 ac
2093 4466 2174 4522 rei
2206 4464 2452 4537 publica:
2501 4463 2826 4520 commodis
2869 4464 3299 4534 adversantem,
3348 4464 3652 4521 criminari

1995 4572 2111 4613 non
2143 4554 2382 4622 destitit,
2416 4568 2590 4625 seque
2620 4552 3020 4610 discessurum
3049 4553 3272 4624 iterum
3308 4554 3652 4626 simulavit;

1994 4649 2052 4702 et
2083 4642 2296 4717 populo
2327 4643 2399 4698 ad
2428 4658 2555 4699 eam
2587 4641 2862 4699 conviciis
2909 4640 3285 4699 lacerandam
3317 4644 3641 4713 concitato,

218 4740 375 4798 ὅλων
434 4738 628 4811 κύριος
675 4735 974 4799 καθεστώς.
1044 4732 1143 4788 Καὶ
1209 4735 1402 4806 πρῶτα
1472 4731 1569 4805 μὶν
1633 4733 1731 4801 τὴν
1791 4734 1886 4785 τοῦ

229 4830 249 4835 -
359 4824 421 4835 -.
671 4824 682 4835 .
855 4825 881 4835 ..
967 4822 980 4835 .
1023 4826 1050 4835 ..
1189 4824 1199 4835 .
1265 4822 1293 4835 Α
1395 4818 1451 4835 ς,
1594 4819 1607 4835 ,
1765 4823 1793 4835 -

2005 4733 2122 4791 suis
2151 4733 2379 4789 artibus
2423 4732 2612 4788 ell‘ecit
2642 4739 2706 4787 ut
2733 4731 2795 4787 in
2826 4747 2989 4788 sacro
3041 4731 3256 4804 palatio
3287 4733 3645 4801 conveniret,

222 4824 514 4905 βασιλέως
547 4824 762 4899 μητέρα
787 4825 885 4877 τοῦ
932 4822 1055 4876 υἱοῦ
1112 4824 1202 4876 καί
1264 4818 1536 4897 βασιλέως
1581 4819 1886 4890 ἀποστῆσαι

223 4918 606 4995 βουλόμενος,
640 4914 741 4971 οὐκ
768 4911 966 4988 ἔληγεν
993 4910 1165 4982 αῦτῆς
1196 4907 1617 4984 καταϐοώμενος
1657 4910 1748 4966 καὶ
1794 4911 1886 4966 τὸν

221 5007 639 5063 ἆπονοστούντα
713 5002 1109 5075 πλαττόμενος,
1187 5002 1405 5079 φάσκων
1512 5002 1888 5068 ἀντικαθίστα-

220 5103 350 5156 σθαι
385 5099 441 5153 οἱ
478 5095 711 5166 ταυτηνὶ
750 5091 1138 5164 πθοδηλότατα
1168 5095 1254 5149 καὶ
1308 5093 1443 5168 πρὸς
1471 5099 1644 5149 πᾶσαν
1698 5095 1887 5170 πρᾶξιν

222 5188 315 5243 καὶ
356 5187 624 5263 μηχανήν
661 5188 740 5256 τῷ
767 5187 936 5257 κοινῷ
960 5186 1061 5249 τῆς
1092 5180 1376 5245 πολιτείας
1415 5185 1502 5238 καὶ
1545 5188 1626 5256 τῷ
1678 5183 1893 5258 βασιλεῖ

223 5296 583 5334 συνοισουσαν
609 5271 1134 5344 ἆντιπολιτεὺεσθαι,
1190 5272 1281 5328 καὶ
1328 5272 1420 5327 τὸν
1467 5270 1644 5345 δῆμον
1691 5272 1771 5336 εἷς
1799 5272 1892 5334 τὰς

216 5370 340 5425 κατ’
373 5367 549 5435 αὐτῆς
607 5364 953 5438 ἐξεκόμαινεν
995 5359 1204 5440 ὕϐρεις,
1253 5363 1326 5425 ὡς
1381 5361 1656 5426 πολλάκις
1709 5361 1785 5425 εἰς
1829 5362 1893 5417 τὸ

212 5459 373 5534 ἱερὸν
476 5456 705 5532 ἀρχεῖον
807 5450 1344 5529 ἐκδημαγωγηθέντα
1418 5453 1891 5526 συναθροισθῆναι,

211 5548 307 5603 καὶ
385 5547 527 5623 πρὸς
584 5547 686 5617 τήν
735 5544 872 5601 κατὰ
935 5546 1035 5613 τῆς
1098 5539 1388 5612 δεσποίνης
1446 5542 1633 5615 σκέψιν
1696 5559 1756 5595 τε
1800 5538 1893 5595 καὶ

212 5633 635 5711 προὸοόλευσιν
679 5632 978 5711 ἐξαρπάσαι
1005 5632 1098 5687 καὶ
1131 5632 1208 5705 μὴ
1248 5631 1440 5688 ἑκόντα
1490 5630 1580 5686 τὸν
1628 5628 1893 5703 πατριάρ-

211 5747 339 5805 χην
407 5727 502 5783 τὸν
574 5724 711 5781 πάνυ
778 5722 871 5779 τὸν
935 5718 1243 5791 Θεοδόσιον,
1308 5722 1399 5778 καὶ
1455 5714 1891 5797 παραϐιάσασθαι

555 5846 816 5907 ΡΔΤΒΟῙ..
865 5843 973 5905 Ga.
1020 5839 1337 5904 CXXXIX.

1997 4826 2055 4879 et
2083 4821 2478 4895 patriarcham
2510 4822 2667 4877 344
2687 4819 3459 4894 Theodosiumimportunis
3477 4821 3646 4892 flagi-

2003 4912 2324 4971 tationibus
2381 4915 2441 4968 et
2488 4911 2710 4968 crebris
2764 4911 3035 4969 conviciis
3083 4911 3427 4983 perpelleret
3477 4914 3543 4963 ut
3584 4909 3644 4963 in

2003 5001 2393 5075 imperatricis
2449 5000 2789 5071 eiectionem
2884 5017 2914 5056 e
3000 4999 3213 5072 palatio
3270 4995 3646 5054 consentiret.

2003 5094 2193 5150 Tanta
2231 5091 2388 5148 enim
2436 5089 2907 5146 circumforaneae
2965 5089 3151 5143 turbae
3197 5085 3465 5142 vecordia
3495 5089 3641 5151 erat,

2004 5186 2066 5238 ut
2094 5182 2423 5238 timendum
2454 5183 2611 5236 esset
2657 5195 2729 5235 ne
2762 5177 2822 5233 in
2866 5177 3107 5232 barbam
3139 5174 3268 5244 ejus
3298 5172 3644 5239 involarent,

2003 5270 2151 5326 nihil
2205 5270 2531 5325 elucentem
2576 5267 2639 5324 in
2687 5282 2754 5323 eo
2806 5262 3255 5321 sanctimoniam
3310 5261 3648 5331 reveriti,ni

2003 5359 2316 5415 Andronici
2368 5357 2705 5431 postulatis,
2767 5358 2832 5410 ut
2860 5356 2934 5411 ab
2991 5352 3207 5423 injuria
3246 5356 3397 5409 esset
3447 5354 3646 5429 tutior,

2002 5448 2322 5504 annuisset.
2358 5445 2475 5501 Beli
2506 5460 2738 5517 quoque
2759 5443 3016 5515 judices,
3038 5441 3482 5498 Monasteriotcs
3513 5446 3649 5499 Leo.

2001 5535 2308 5595 Tornicius
2360 5535 2689 5591 Demetrius
2755 5536 2813 5587 et
2868 5530 3279 5588 Constantinus
3335 5535 3644 5603 Patrenus,

2002 5624 2263 5683 nondum
2293 5624 2351 5679 in
2378 5623 2578 5679 album
2619 5637 2822 5678 eorum
2877 5620 3142 5693 inscripti
3183 5620 3284 5693 qui
3315 5622 3644 5681 Andronico

2002 5716 2336 5789 studebant,
2398 5729 2501 5771 nec
2579 5711 2946 5786 apertissime
3001 5710 3166 5769 illius
3224 5712 3645 5784 cupiditatibus

3242 5827 3320 5887 20
