  <div class='ocr_page' id='page_1' title='image "/cluster/home/n/w/nwhite01/storage/ocr_20150623/139/hvd.32044023361710/315.png"; bbox 0 0 4066 6214; ppageno 0'>
   <div class='ocr_carea' id='block_1_1' title="bbox 440 411 562 471">
    <p class='ocr_par' dir='ltr' id='par_1_1' title="bbox 440 411 562 471">
     <span class='ocr_line' id='line_1_1' title="bbox 440 411 562 471; baseline 0.016 -3"><span class='ocrx_word' id='word_1_1' title='bbox 440 411 562 471; x_wconf 73' lang='grc'><strong>619</strong></span> 
     </span>
    </p>
   </div>
   <div class='ocr_carea' id='block_1_2' title="bbox 1771 402 2548 469">
    <p class='ocr_par' dir='ltr' id='par_1_2' title="bbox 1771 402 2548 469">
     <span class='ocr_line' id='line_1_2' title="bbox 1771 402 2548 469; baseline -0.003 0"><span class='ocrx_word' id='word_1_2' title='bbox 1771 404 2082 469; x_wconf 67' lang='lat' dir='ltr'><strong>NICETE</strong></span> <span class='ocrx_word' id='word_1_3' title='bbox 2124 402 2548 468; x_wconf 66' lang='grc' dir='ltr'><strong>ΕΗΟΝΙΑΤΕ</strong></span> 
     </span>
    </p>
   </div>
   <div class='ocr_carea' id='block_1_3' title="bbox 3744 413 3868 472">
    <p class='ocr_par' dir='ltr' id='par_1_3' title="bbox 3744 413 3868 472">
     <span class='ocr_line' id='line_1_3' title="bbox 3744 413 3868 472; baseline 0 0"><span class='ocrx_word' id='word_1_4' title='bbox 3744 413 3868 472; x_wconf 79' lang='grc'><strong>620</strong></span> 
     </span>
    </p>
   </div>
   <div class='ocr_carea' id='block_1_4' title="bbox 437 535 2079 616">
    <p class='ocr_par' dir='ltr' id='par_1_4' title="bbox 437 539 2079 616">
     <span class='ocr_line' id='line_1_4' title="bbox 437 539 2079 616; baseline -0.005 -15"><span class='ocrx_word' id='word_1_5' title='bbox 437 543 930 616; x_wconf 70' lang='lat' dir='ltr'><strong>mancipati,vitaa</strong></span> <span class='ocrx_word' id='word_1_6' title='bbox 975 541 1299 614; x_wconf 89' lang='lat' dir='ltr'><strong>periculum</strong></span> <span class='ocrx_word' id='word_1_7' title='bbox 1356 544 1647 600; x_wconf 86' lang='lat' dir='ltr'><strong>adierunt.</strong></span> <span class='ocrx_word' id='word_1_8' title='bbox 1702 543 1844 598; x_wconf 82' lang='lat' dir='ltr'><strong>Nam</strong></span> <span class='ocrx_word' id='word_1_9' title='bbox 1879 542 1950 596; x_wconf 88' lang='lat' dir='ltr'><strong>de</strong></span> <span class='ocrx_word' id='word_1_10' title='bbox 1979 539 2079 594; x_wconf 89' lang='lat' dir='ltr'><strong>im-</strong></span> 
     </span>
    </p>
   </div>
   <div class='ocr_carea' id='block_1_5' title="bbox 2187 535 3863 616">
    <p class='ocr_par' dir='ltr' id='par_1_5' title="bbox 2199 535 3863 613">
     <span class='ocr_line' id='line_1_5' title="bbox 2199 535 3863 613; baseline 0.004 -23"><span class='ocrx_word' id='word_1_11' title='bbox 2199 536 2445 593; x_wconf 82' lang='grc' dir='ltr'>κὰκεῖνὸν</span> <span class='ocrx_word' id='word_1_12' title='bbox 2497 535 2792 607; x_wconf 77' lang='grc' dir='ltr'>εύδοκῆσαι</span> <span class='ocrx_word' id='word_1_13' title='bbox 2851 535 2923 592; x_wconf 81' lang='grc' dir='ltr'><strong>δι’</strong></span> <span class='ocrx_word' id='word_1_14' title='bbox 2973 539 3369 612; x_wconf 77' lang='grc' dir='ltr'>ὑπομνήματος</span> <span class='ocrx_word' id='word_1_15' title='bbox 3419 542 3519 610; x_wconf 80' lang='grc' dir='ltr'><strong>τήν</strong></span> <span class='ocrx_word' id='word_1_16' title='bbox 3571 541 3634 596; x_wconf 81' lang='grc' dir='ltr'><strong>ἐκ</strong></span> <span class='ocrx_word' id='word_1_17' title='bbox 3696 542 3863 613; x_wconf 82' lang='grc' dir='ltr'>μέσου</span> 
     </span>
    </p>
   </div>
   <div class='ocr_carea' id='block_1_6' title="bbox 438 629 2098 706">
    <p class='ocr_par' dir='ltr' id='par_1_6' title="bbox 438 629 2098 706">
     <span class='ocr_line' id='line_1_6' title="bbox 438 629 2098 706; baseline -0.004 -17"><span class='ocrx_word' id='word_1_18' title='bbox 438 636 720 706; x_wconf 89' lang='lat' dir='ltr'><strong>peratrice</strong></span> <span class='ocrx_word' id='word_1_19' title='bbox 769 630 1089 686; x_wconf 78' lang='lat' dir='ltr'><strong>sententias</strong></span> <span class='ocrx_word' id='word_1_20' title='bbox 1140 633 1328 700; x_wconf 78' lang='lat' dir='ltr'><strong>rogati</strong></span> <span class='ocrx_word' id='word_1_21' title='bbox 1378 632 1804 704; x_wconf 88' lang='lat' dir='ltr'><strong>responderunt</strong></span> <span class='ocrx_word' id='word_1_22' title='bbox 1842 647 1902 686; x_wconf 90' lang='lat' dir='ltr'><strong>se</strong></span> <span class='ocrx_word' id='word_1_23' title='bbox 1933 629 2098 702; x_wconf 88' lang='lat' dir='ltr'><strong>prius</strong></span> 
     </span>
    </p>
   </div>
   <div class='ocr_carea' id='block_1_7' title="bbox 440 719 2095 792">
    <p class='ocr_par' dir='ltr' id='par_1_7' title="bbox 440 719 2095 792">
     <span class='ocr_line' id='line_1_7' title="bbox 440 719 2095 792; baseline -0.002 -15"><span class='ocrx_word' id='word_1_24' title='bbox 440 722 596 778; x_wconf 91' lang='lat' dir='ltr'><strong>velle</strong></span> <span class='ocrx_word' id='word_1_25' title='bbox 634 734 1004 792; x_wconf 84' lang='lat' dir='ltr'><strong>cognoscere,</strong></span> <span class='ocrx_word' id='word_1_26' title='bbox 1050 736 1121 774; x_wconf 91' lang='lat' dir='ltr'><strong>an</strong></span> <span class='ocrx_word' id='word_1_27' title='bbox 1152 719 1210 774; x_wconf 90' lang='lat' dir='ltr'>id</span> <span class='ocrx_word' id='word_1_28' title='bbox 1261 721 1574 777; x_wconf 88' lang='lat' dir='ltr'><strong>concilium</strong></span> <span class='ocrx_word' id='word_1_29' title='bbox 1621 722 1694 777; x_wconf 89' lang='lat' dir='ltr'><strong>de</strong></span> <span class='ocrx_word' id='word_1_30' title='bbox 1723 719 2095 790; x_wconf 85' lang='lat' dir='ltr'><strong>imperatoris</strong></span> 
     </span>
    </p>
   </div>
   <div class='ocr_carea' id='block_1_8' title="bbox 447 810 2090 878">
    <p class='ocr_par' dir='ltr' id='par_1_8' title="bbox 447 810 2090 878">
     <span class='ocr_line' id='line_1_8' title="bbox 447 810 2090 878; baseline -0.003 -11"><span class='ocrx_word' id='word_1_31' title='bbox 447 810 739 868; x_wconf 87' lang='lat' dir='ltr'><strong>sententia</strong></span> <span class='ocrx_word' id='word_1_32' title='bbox 796 813 1062 864; x_wconf 85' lang='lat' dir='ltr'><strong>coactum</strong></span> <span class='ocrx_word' id='word_1_33' title='bbox 1131 813 1303 865; x_wconf 81' lang='lat' dir='ltr'><strong>esset.</strong></span> <span class='ocrx_word' id='word_1_34' title='bbox 1357 812 1481 875; x_wconf 88' lang='lat' dir='ltr'><strong>Oua</strong></span> <span class='ocrx_word' id='word_1_35' title='bbox 1512 811 1772 866; x_wconf 88' lang='lat' dir='ltr'><strong>oratione</strong></span> <span class='ocrx_word' id='word_1_36' title='bbox 1816 817 2090 878; x_wconf 87' lang='lat' dir='ltr'><strong>tanquam</strong></span> 
     </span>
    </p>
   </div>
   <div class='ocr_carea' id='block_1_9' title="bbox 449 895 2098 967">
    <p class='ocr_par' dir='ltr' id='par_1_9' title="bbox 449 895 2098 967">
     <span class='ocr_line' id='line_1_9' title="bbox 449 895 2098 967; baseline -0.002 -14"><span class='ocrx_word' id='word_1_37' title='bbox 449 899 689 954; x_wconf 90' lang='lat' dir='ltr'><strong>stimulo</strong></span> <span class='ocrx_word' id='word_1_38' title='bbox 718 896 1065 952; x_wconf 84' lang='lat' dir='ltr'><strong>vulneratus</strong></span> <span class='ocrx_word' id='word_1_39' title='bbox 1096 897 1476 952; x_wconf 81' lang='lat' dir='ltr'><strong>Andronicus</strong></span> <span class='ocrx_word' id='word_1_40' title='bbox 1505 915 1518 952; x_wconf 91' lang='lat'><strong>:</strong></span> <span class='ocrx_word' id='word_1_41' title='bbox 1550 918 1576 950; x_wconf 73' lang='grc' dir='ltr'>ι</span> <span class='ocrx_word' id='word_1_42' title='bbox 1611 898 1712 952; x_wconf 85' lang='lat' dir='ltr'><strong>Isti</strong></span> <span class='ocrx_word' id='word_1_43' title='bbox 1745 895 2098 967; x_wconf 88' lang='lat' dir='ltr'><strong>sunt,inquit</strong></span> 
     </span>
    </p>
   </div>
   <div class='ocr_carea' id='block_1_10' title="bbox 440 984 2093 1060">
    <p class='ocr_par' dir='ltr' id='par_1_10' title="bbox 440 984 2093 1060">
     <span class='ocr_line' id='line_1_10' title="bbox 440 984 2093 1060; baseline -0.001 -18"><span class='ocrx_word' id='word_1_44' title='bbox 440 988 542 1060; x_wconf 88' lang='lat' dir='ltr'><strong>qui</strong></span> <span class='ocrx_word' id='word_1_45' title='bbox 601 987 1071 1057; x_wconf 84' lang='lat' dir='ltr'><strong>protosebastum</strong></span> <span class='ocrx_word' id='word_1_46' title='bbox 1131 987 1198 1040; x_wconf 88' lang='lat' dir='ltr'><strong>ad</strong></span> <span class='ocrx_word' id='word_1_47' title='bbox 1255 985 1355 1040; x_wconf 87' lang='lat' dir='ltr'><strong>illa</strong></span> <span class='ocrx_word' id='word_1_48' title='bbox 1411 986 1674 1041; x_wconf 80' lang='lat' dir='ltr'><strong>facinora</strong></span> <span class='ocrx_word' id='word_1_49' title='bbox 1737 984 2093 1057; x_wconf 88' lang='lat' dir='ltr'><strong>impellunt:,</strong></span> 
     </span>
    </p>
   </div>
   <div class='ocr_carea' id='block_1_11' title="bbox 447 1073 2092 1147">
    <p class='ocr_par' dir='ltr' id='par_1_11' title="bbox 447 1073 2092 1147">
     <span class='ocr_line' id='line_1_11' title="bbox 447 1073 2092 1147; baseline -0.003 -15"><span class='ocrx_word' id='word_1_50' title='bbox 447 1075 911 1147; x_wconf 84' lang='lat' dir='ltr'><strong>comprehendite</strong></span> <span class='ocrx_word' id='word_1_51' title='bbox 949 1091 1069 1130; x_wconf 90' lang='lat' dir='ltr'><strong>eos.</strong></span> <span class='ocrx_word' id='word_1_52' title='bbox 1108 1096 1128 1122; x_wconf 77' lang='grc' dir='ltr'>ι</span> <span class='ocrx_word' id='word_1_53' title='bbox 1167 1076 1375 1130; x_wconf 78' lang='lat' dir='ltr'><strong>Statim</strong></span> <span class='ocrx_word' id='word_1_54' title='bbox 1422 1075 1603 1146; x_wconf 85' lang='lat' dir='ltr'><strong>igitur</strong></span> <span class='ocrx_word' id='word_1_55' title='bbox 1651 1074 1930 1130; x_wconf 81' lang='lat' dir='ltr'><strong>satellites</strong></span> <span class='ocrx_word' id='word_1_56' title='bbox 1971 1073 2092 1142; x_wconf 75' lang='lat' dir='ltr'><strong>gla-</strong></span> 
     </span>
    </p>
   </div>
   <div class='ocr_carea' id='block_1_12' title="bbox 441 1162 2094 1236">
    <p class='ocr_par' dir='ltr' id='par_1_12' title="bbox 441 1162 2094 1236">
     <span class='ocr_line' id='line_1_12' title="bbox 441 1162 2094 1236; baseline -0.004 -14"><span class='ocrx_word' id='word_1_57' title='bbox 441 1167 569 1222; x_wconf 90' lang='lat' dir='ltr'><strong>dios</strong></span> <span class='ocrx_word' id='word_1_58' title='bbox 597 1181 748 1236; x_wconf 90' lang='lat' dir='ltr'><strong>quos</strong></span> <span class='ocrx_word' id='word_1_59' title='bbox 798 1165 948 1220; x_wconf 71' lang='lat'><strong>845</strong></span> <span class='ocrx_word' id='word_1_60' title='bbox 1007 1164 1270 1219; x_wconf 89' lang='lat' dir='ltr'><strong>humeris</strong></span> <span class='ocrx_word' id='word_1_61' title='bbox 1329 1164 1702 1220; x_wconf 86' lang='lat' dir='ltr'><strong>sustinebant</strong></span> <span class='ocrx_word' id='word_1_62' title='bbox 1741 1163 1799 1217; x_wconf 90' lang='lat' dir='ltr'><strong>in</strong></span> <span class='ocrx_word' id='word_1_63' title='bbox 1846 1162 1978 1217; x_wconf 87' lang='lat' dir='ltr'><strong>illos</strong></span> <span class='ocrx_word' id='word_1_64' title='bbox 2008 1162 2094 1216; x_wconf 85' lang='lat' dir='ltr'><strong>vi-</strong></span> 
     </span>
    </p>
   </div>
   <div class='ocr_carea' id='block_1_13' title="bbox 442 1251 2093 1324">
    <p class='ocr_par' dir='ltr' id='par_1_13' title="bbox 442 1251 2093 1324">
     <span class='ocr_line' id='line_1_13' title="bbox 442 1251 2093 1324; baseline -0.004 -13"><span class='ocrx_word' id='word_1_65' title='bbox 442 1258 721 1321; x_wconf 89' lang='lat' dir='ltr'><strong>brarunt;</strong></span> <span class='ocrx_word' id='word_1_66' title='bbox 746 1258 803 1309; x_wconf 90' lang='lat' dir='ltr'><strong>et</strong></span> <span class='ocrx_word' id='word_1_67' title='bbox 826 1252 1078 1324; x_wconf 89' lang='lat' dir='ltr'><strong>populus</strong></span> <span class='ocrx_word' id='word_1_68' title='bbox 1098 1252 1506 1324; x_wconf 81' lang='lat' dir='ltr'><strong>chlamydibus</strong></span> <span class='ocrx_word' id='word_1_69' title='bbox 1538 1267 1739 1308; x_wconf 91' lang='lat' dir='ltr'><strong>eorum</strong></span> <span class='ocrx_word' id='word_1_70' title='bbox 1769 1251 2093 1323; x_wconf 88' lang='lat' dir='ltr'><strong>apprehen-</strong></span> 
     </span>
    </p>
   </div>
   <div class='ocr_carea' id='block_1_14' title="bbox 440 1340 2096 1416">
    <p class='ocr_par' dir='ltr' id='par_1_14' title="bbox 440 1340 2096 1416">
     <span class='ocr_line' id='line_1_14' title="bbox 440 1340 2096 1416; baseline -0.004 -15"><span class='ocrx_word' id='word_1_71' title='bbox 440 1347 522 1402; x_wconf 85' lang='lat' dir='ltr'><strong>sis</strong></span> <span class='ocrx_word' id='word_1_72' title='bbox 553 1347 707 1400; x_wconf 90' lang='lat' dir='ltr'><strong>viros</strong></span> <span class='ocrx_word' id='word_1_73' title='bbox 759 1360 862 1416; x_wconf 90' lang='lat' dir='ltr'><strong>per</strong></span> <span class='ocrx_word' id='word_1_74' title='bbox 899 1342 1318 1398; x_wconf 84' lang='lat' dir='ltr'><strong>contumeliam</strong></span> <span class='ocrx_word' id='word_1_75' title='bbox 1380 1341 1494 1396; x_wconf 86' lang='lat' dir='ltr'><strong>huc</strong></span> <span class='ocrx_word' id='word_1_76' title='bbox 1536 1348 1593 1396; x_wconf 92' lang='lat' dir='ltr'><strong>et</strong></span> <span class='ocrx_word' id='word_1_77' title='bbox 1621 1340 1762 1396; x_wconf 91' lang='lat' dir='ltr'><strong>illuc</strong></span> <span class='ocrx_word' id='word_1_78' title='bbox 1804 1341 1999 1410; x_wconf 80' lang='lat' dir='ltr'><strong>traxit,</strong></span> <span class='ocrx_word' id='word_1_79' title='bbox 2031 1344 2096 1395; x_wconf 90' lang='lat' dir='ltr'><strong>ut</strong></span> 
     </span>
    </p>
   </div>
   <div class='ocr_carea' id='block_1_15' title="bbox 441 1430 2094 1504">
    <p class='ocr_par' dir='ltr' id='par_1_15' title="bbox 441 1430 2094 1504">
     <span class='ocr_line' id='line_1_15' title="bbox 441 1430 2094 1504; baseline -0.003 -14"><span class='ocrx_word' id='word_1_80' title='bbox 441 1439 686 1491; x_wconf 89' lang='lat' dir='ltr'><strong>mortem</strong></span> <span class='ocrx_word' id='word_1_81' title='bbox 720 1449 869 1504; x_wconf 71' lang='lat' dir='ltr'><strong>aegre</strong></span> <span class='ocrx_word' id='word_1_82' title='bbox 899 1433 1246 1503; x_wconf 67' lang='lat' dir='ltr'><strong>eﬂugerent.</strong></span> <span class='ocrx_word' id='word_1_83' title='bbox 1285 1431 1390 1487; x_wconf 84' lang='lat' dir='ltr'><strong>His</strong></span> <span class='ocrx_word' id='word_1_84' title='bbox 1441 1431 1698 1502; x_wconf 88' lang='lat' dir='ltr'><strong>peractis</strong></span> <span class='ocrx_word' id='word_1_85' title='bbox 1728 1430 2094 1485; x_wconf 86' lang='lat' dir='ltr'><strong>Andronicus</strong></span> 
     </span>
    </p>
   </div>
   <div class='ocr_carea' id='block_1_16' title="bbox 441 1518 2090 1596">
    <p class='ocr_par' dir='ltr' id='par_1_16' title="bbox 441 1518 2090 1596">
     <span class='ocr_line' id='line_1_16' title="bbox 441 1518 2090 1596; baseline -0.005 -17"><span class='ocrx_word' id='word_1_86' title='bbox 441 1539 708 1596; x_wconf 88' lang='lat' dir='ltr'><strong>proceres</strong></span> <span class='ocrx_word' id='word_1_87' title='bbox 741 1520 957 1575; x_wconf 81' lang='lat' dir='ltr'><strong>invasit</strong></span> <span class='ocrx_word' id='word_1_88' title='bbox 984 1536 998 1584; x_wconf 91' lang='lat'><strong>;</strong></span> <span class='ocrx_word' id='word_1_89' title='bbox 1034 1519 1132 1590; x_wconf 90' lang='lat' dir='ltr'><strong>qui</strong></span> <span class='ocrx_word' id='word_1_90' title='bbox 1165 1535 1298 1573; x_wconf 90' lang='lat' dir='ltr'><strong>cum</strong></span> <span class='ocrx_word' id='word_1_91' title='bbox 1331 1535 1399 1574; x_wconf 91' lang='lat' dir='ltr'><strong>ea</strong></span> <span class='ocrx_word' id='word_1_92' title='bbox 1420 1518 1678 1574; x_wconf 85' lang='lat' dir='ltr'><strong>facinora</strong></span> <span class='ocrx_word' id='word_1_93' title='bbox 1710 1519 1947 1572; x_wconf 84' lang='lat' dir='ltr'><strong>ferenda</strong></span> <span class='ocrx_word' id='word_1_94' title='bbox 1978 1534 2090 1572; x_wconf 91' lang='lat' dir='ltr'><strong>non</strong></span> 
     </span>
    </p>
   </div>
   <div class='ocr_carea' id='block_1_17' title="bbox 443 1605 2094 1680">
    <p class='ocr_par' dir='ltr' id='par_1_17' title="bbox 443 1605 2094 1680">
     <span class='ocr_line' id='line_1_17' title="bbox 443 1605 2094 1680; baseline -0.003 -13"><span class='ocrx_word' id='word_1_95' title='bbox 443 1614 744 1677; x_wconf 84' lang='lat' dir='ltr'><strong>ducerent,</strong></span> <span class='ocrx_word' id='word_1_96' title='bbox 769 1615 827 1665; x_wconf 87' lang='lat' dir='ltr'><strong>et</strong></span> <span class='ocrx_word' id='word_1_97' title='bbox 881 1607 1217 1680; x_wconf 83' lang='lat' dir='ltr'><strong>Cyclopiam</strong></span> <span class='ocrx_word' id='word_1_98' title='bbox 1266 1623 1489 1663; x_wconf 75' lang='lat' dir='ltr'><strong>omnem</strong></span> <span class='ocrx_word' id='word_1_99' title='bbox 1525 1612 1658 1662; x_wconf 90' lang='lat' dir='ltr'><strong>ante</strong></span> <span class='ocrx_word' id='word_1_100' title='bbox 1694 1605 1893 1662; x_wconf 90' lang='lat' dir='ltr'><strong>oculos</strong></span> <span class='ocrx_word' id='word_1_101' title='bbox 1923 1607 2094 1662; x_wconf 89' lang='lat' dir='ltr'><strong>habe-</strong></span> 
     </span>
    </p>
   </div>
   <div class='ocr_carea' id='block_1_18' title="bbox 444 1697 2094 1769">
    <p class='ocr_par' dir='ltr' id='par_1_18' title="bbox 444 1697 2094 1769">
     <span class='ocr_line' id='line_1_18' title="bbox 444 1697 2094 1769; baseline -0.003 -15"><span class='ocrx_word' id='word_1_102' title='bbox 444 1705 593 1769; x_wconf 87' lang='lat' dir='ltr'><strong>rent,</strong></span> <span class='ocrx_word' id='word_1_103' title='bbox 623 1699 799 1753; x_wconf 83' lang='lat' dir='ltr'><strong>ﬂdem</strong></span> <span class='ocrx_word' id='word_1_104' title='bbox 861 1697 1012 1751; x_wconf 90' lang='lat' dir='ltr'><strong>inter</strong></span> <span class='ocrx_word' id='word_1_105' title='bbox 1047 1712 1175 1751; x_wconf 87' lang='lat' dir='ltr'><strong>sese</strong></span> <span class='ocrx_word' id='word_1_106' title='bbox 1225 1697 1512 1752; x_wconf 88' lang='lat' dir='ltr'><strong>dederunt</strong></span> <span class='ocrx_word' id='word_1_107' title='bbox 1550 1706 1606 1752; x_wconf 90' lang='lat' dir='ltr'><strong>et</strong></span> <span class='ocrx_word' id='word_1_108' title='bbox 1635 1699 2002 1767; x_wconf 87' lang='lat' dir='ltr'><strong>acceperunt,</strong></span> <span class='ocrx_word' id='word_1_109' title='bbox 2037 1699 2094 1750; x_wconf 84' lang='lat' dir='ltr'><strong>et</strong></span> 
     </span>
    </p>
   </div>
   <div class='ocr_carea' id='block_1_19' title="bbox 442 1781 2090 1852">
    <p class='ocr_par' dir='ltr' id='par_1_19' title="bbox 442 1781 2090 1852">
     <span class='ocr_line' id='line_1_19' title="bbox 442 1781 2090 1852; baseline -0.003 -12"><span class='ocrx_word' id='word_1_110' title='bbox 442 1783 816 1841; x_wconf 91' lang='lat' dir='ltr'><strong>concordiam</strong></span> <span class='ocrx_word' id='word_1_111' title='bbox 869 1781 1241 1837; x_wconf 86' lang='lat' dir='ltr'><strong>sanctissimo</strong></span> <span class='ocrx_word' id='word_1_112' title='bbox 1279 1781 1664 1852; x_wconf 80' lang='lat' dir='ltr'><strong>jurejurando</strong></span> <span class='ocrx_word' id='word_1_113' title='bbox 1694 1781 2090 1850; x_wconf 83' lang='lat' dir='ltr'><strong>ﬁrmaverunt,</strong></span> 
     </span>
    </p>
   </div>
   <div class='ocr_carea' id='block_1_20' title="bbox 2200 626 3866 704">
    <p class='ocr_par' dir='ltr' id='par_1_20' title="bbox 2200 626 3866 704">
     <span class='ocr_line' id='line_1_20' title="bbox 2200 626 3866 704; baseline 0.003 -24"><span class='ocrx_word' id='word_1_114' title='bbox 2200 626 2402 696; x_wconf 89' lang='grc' dir='ltr'>ταύτης</span> <span class='ocrx_word' id='word_1_115' title='bbox 2443 628 2763 699; x_wconf 78' lang='grc' dir='ltr'>μετάστασιν</span> <span class='ocrx_word' id='word_1_116' title='bbox 2792 628 2881 681; x_wconf 84' lang='grc' dir='ltr'><strong>καὶ</strong></span> <span class='ocrx_word' id='word_1_117' title='bbox 2911 629 3009 696; x_wconf 75' lang='grc' dir='ltr'><strong>τήν</strong></span> <span class='ocrx_word' id='word_1_118' title='bbox 3050 627 3109 681; x_wconf 83' lang='grc' dir='ltr'><strong>ἐκ</strong></span> <span class='ocrx_word' id='word_1_119' title='bbox 3165 633 3271 683; x_wconf 81' lang='grc' dir='ltr'>τῶν</span> <span class='ocrx_word' id='word_1_120' title='bbox 3327 629 3621 702; x_wconf 85' lang='grc' dir='ltr'>βασιλείων</span> <span class='ocrx_word' id='word_1_121' title='bbox 3683 631 3866 704; x_wconf 78' lang='grc' dir='ltr'>ἄπαρ-</span> 
     </span>
    </p>
   </div>
   <div class='ocr_carea' id='block_1_21' title="bbox 2203 713 3863 792">
    <p class='ocr_par' dir='ltr' id='par_1_21' title="bbox 2203 713 3863 792">
     <span class='ocr_line' id='line_1_21' title="bbox 2203 713 3863 792; baseline 0.004 -24"><span class='ocrx_word' id='word_1_122' title='bbox 2203 735 2303 770; x_wconf 87' lang='grc' dir='ltr'><strong>σιν.</strong></span> <span class='ocrx_word' id='word_1_123' title='bbox 2334 715 2488 790; x_wconf 81' lang='grc' dir='ltr'><strong>Τάχα</strong></span> <span class='ocrx_word' id='word_1_124' title='bbox 2520 713 2565 770; x_wconf 86' lang='grc' dir='ltr'>δ’</span> <span class='ocrx_word' id='word_1_125' title='bbox 2616 715 2676 770; x_wconf 82' lang='grc' dir='ltr'><strong>ἀν</strong></span> <span class='ocrx_word' id='word_1_126' title='bbox 2715 715 2806 770; x_wconf 81' lang='grc' dir='ltr'><strong>καὶ</strong></span> <span class='ocrx_word' id='word_1_127' title='bbox 2868 723 2977 773; x_wconf 81' lang='grc' dir='ltr'>τῶν</span> <span class='ocrx_word' id='word_1_128' title='bbox 3027 716 3245 792; x_wconf 81' lang='grc' dir='ltr'>γενείων</span> <span class='ocrx_word' id='word_1_129' title='bbox 3301 717 3464 772; x_wconf 70' lang='grc' dir='ltr'>αὐτοῦ</span> <span class='ocrx_word' id='word_1_130' title='bbox 3518 717 3863 775; x_wconf 72' lang='grc' dir='ltr'>ἐπελάϐοντο</span> 
     </span>
    </p>
   </div>
   <div class='ocr_carea' id='block_1_22' title="bbox 2198 803 3859 883">
    <p class='ocr_par' dir='ltr' id='par_1_22' title="bbox 2198 803 3859 883">
     <span class='ocr_line' id='line_1_22' title="bbox 2198 803 3859 883; baseline 0.004 -26"><span class='ocrx_word' id='word_1_131' title='bbox 2198 809 2306 858; x_wconf 81' lang='grc' dir='ltr'>’τῶν</span> <span class='ocrx_word' id='word_1_132' title='bbox 2384 803 2657 878; x_wconf 74' lang='grc' dir='ltr'><strong>ἀγοραίων</strong></span> <span class='ocrx_word' id='word_1_133' title='bbox 2732 807 2783 860; x_wconf 72' lang='grc' dir='ltr'>οἱ</span> <span class='ocrx_word' id='word_1_134' title='bbox 2857 807 3295 878; x_wconf 79' lang='grc' dir='ltr'>κυνογνώμονες,</span> <span class='ocrx_word' id='word_1_135' title='bbox 3371 809 3495 883; x_wconf 68' lang='grc' dir='ltr'>παρ⁸</span> <span class='ocrx_word' id='word_1_136' title='bbox 3553 807 3716 864; x_wconf 73' lang='grc' dir='ltr'>οὐδὲν</span> <span class='ocrx_word' id='word_1_137' title='bbox 3759 813 3859 879; x_wconf 77' lang='grc' dir='ltr'><strong>τήν</strong></span> 
     </span>
    </p>
   </div>
   <div class='ocr_carea' id='block_1_23' title="bbox 2200 891 3864 971">
    <p class='ocr_par' dir='ltr' id='par_1_23' title="bbox 2200 891 3864 971">
     <span class='ocr_line' id='line_1_23' title="bbox 2200 891 3864 971; baseline 0.004 -24"><span class='ocrx_word' id='word_1_138' title='bbox 2200 891 2580 967; x_wconf 80' lang='grc' dir='ltr'><strong>ἐμπρέπουσαν</strong></span> <span class='ocrx_word' id='word_1_139' title='bbox 2627 894 2815 966; x_wconf 83' lang='grc' dir='ltr'>ἐκείνῳ</span> <span class='ocrx_word' id='word_1_140' title='bbox 2871 895 3087 967; x_wconf 79' lang='grc' dir='ltr'>θέμενοι</span> <span class='ocrx_word' id='word_1_141' title='bbox 3141 895 3420 966; x_wconf 87' lang='grc' dir='ltr'>όσιότηνα,</span> <span class='ocrx_word' id='word_1_142' title='bbox 3467 897 3512 952; x_wconf 87' lang='grc' dir='ltr'><strong>εἰ</strong></span> <span class='ocrx_word' id='word_1_143' title='bbox 3573 900 3648 971; x_wconf 81' lang='grc' dir='ltr'>μή</span> <span class='ocrx_word' id='word_1_144' title='bbox 3705 898 3864 954; x_wconf 79' lang='grc' dir='ltr'>κατέ-</span> 
     </span>
    </p>
   </div>
   <div class='ocr_carea' id='block_1_24' title="bbox 2199 982 3863 1058">
    <p class='ocr_par' dir='ltr' id='par_1_24' title="bbox 2199 982 3863 1058">
     <span class='ocr_line' id='line_1_24' title="bbox 2199 982 3863 1058; baseline 0.004 -21"><span class='ocrx_word' id='word_1_145' title='bbox 2199 1003 2352 1037; x_wconf 86' lang='grc' dir='ltr'>νευσε</span> <span class='ocrx_word' id='word_1_146' title='bbox 2380 985 2516 1057; x_wconf 84' lang='grc' dir='ltr'>πρὸς</span> <span class='ocrx_word' id='word_1_147' title='bbox 2568 984 2634 1038; x_wconf 85' lang='grc' dir='ltr'>τὰ</span> <span class='ocrx_word' id='word_1_148' title='bbox 2682 985 2806 1058; x_wconf 80' lang='grc' dir='ltr'>παρ’</span> <span class='ocrx_word' id='word_1_149' title='bbox 2868 982 3213 1056; x_wconf 79' lang='grc' dir='ltr'>Ἀνδρονίκου</span> <span class='ocrx_word' id='word_1_150' title='bbox 3273 984 3588 1058; x_wconf 85' lang='grc' dir='ltr'>αἰτούμενα,</span> <span class='ocrx_word' id='word_1_151' title='bbox 3649 987 3741 1042; x_wconf 79' lang='grc' dir='ltr'><strong>ἐπὶ</strong></span> <span class='ocrx_word' id='word_1_152' title='bbox 3801 991 3863 1043; x_wconf 84' lang='grc' dir='ltr'>τὸ</span> 
     </span>
    </p>
   </div>
   <div class='ocr_carea' id='block_1_25' title="bbox 2199 1069 3858 1152">
    <p class='ocr_par' dir='ltr' id='par_1_25' title="bbox 2199 1069 3858 1152">
     <span class='ocr_line' id='line_1_25' title="bbox 2199 1069 3858 1152; baseline 0.004 -26"><span class='ocrx_word' id='word_1_153' title='bbox 2199 1074 2254 1126; x_wconf 78' lang='grc' dir='ltr'>εὖ</span> <span class='ocrx_word' id='word_1_154' title='bbox 2279 1069 2538 1134; x_wconf 77' lang='grc' dir='ltr'>διατιθεὶς</span> <span class='ocrx_word' id='word_1_155' title='bbox 2592 1074 2690 1142; x_wconf 75' lang='grc' dir='ltr'>’τήν</span> <span class='ocrx_word' id='word_1_156' title='bbox 2735 1078 2832 1128; x_wconf 78' lang='grc' dir='ltr'><strong>τοῦ</strong></span> <span class='ocrx_word' id='word_1_157' title='bbox 2889 1071 3138 1128; x_wconf 74' lang='grc' dir='ltr'>κινδύνου</span> <span class='ocrx_word' id='word_1_158' title='bbox 3210 1072 3581 1152; x_wconf 74' lang='grc' dir='ltr'><strong>σφοδρότητα.</strong></span> <span class='ocrx_word' id='word_1_159' title='bbox 3637 1079 3858 1151; x_wconf 77' lang='grc' dir='ltr'>Μικροῦ</span> 
     </span>
    </p>
   </div>
   <div class='ocr_carea' id='block_1_26' title="bbox 2201 1157 3856 1236">
    <p class='ocr_par' dir='ltr' id='par_1_26' title="bbox 2201 1157 3856 1236">
     <span class='ocr_line' id='line_1_26' title="bbox 2201 1157 3856 1236; baseline 0.004 -22"><span class='ocrx_word' id='word_1_160' title='bbox 2201 1157 2258 1215; x_wconf 69' lang='grc' dir='ltr'><strong>δί</strong></span> <span class='ocrx_word' id='word_1_161' title='bbox 2317 1159 2502 1230; x_wconf 82' lang='grc' dir='ltr'>ἐδέησε</span> <span class='ocrx_word' id='word_1_162' title='bbox 2566 1159 2902 1217; x_wconf 74' lang='grc' dir='ltr'>κινδυνεῦσαι</span> <span class='ocrx_word' id='word_1_163' title='bbox 2959 1163 3080 1236; x_wconf 82' lang='grc' dir='ltr'>περὶ</span> <span class='ocrx_word' id='word_1_164' title='bbox 3139 1165 3200 1217; x_wconf 88' lang='grc' dir='ltr'>τὸ</span> <span class='ocrx_word' id='word_1_165' title='bbox 3262 1167 3357 1236; x_wconf 81' lang='grc' dir='ltr'>ζῇν</span> <span class='ocrx_word' id='word_1_166' title='bbox 3414 1164 3517 1219; x_wconf 89' lang='grc' dir='ltr'><strong>κάκ</strong></span> <span class='ocrx_word' id='word_1_167' title='bbox 3593 1171 3700 1221; x_wconf 77' lang='grc' dir='ltr'>τῶν</span> <span class='ocrx_word' id='word_1_168' title='bbox 3755 1171 3856 1220; x_wconf 72' lang='grc' dir='ltr'>τοῦ</span> 
     </span>
    </p>
   </div>
   <div class='ocr_carea' id='block_1_27' title="bbox 2198 1247 3865 1325">
    <p class='ocr_par' dir='ltr' id='par_1_27' title="bbox 2198 1247 3865 1325">
     <span class='ocr_line' id='line_1_27' title="bbox 2198 1247 3865 1325; baseline 0.001 -20"><span class='ocrx_word' id='word_1_169' title='bbox 2198 1247 2390 1319; x_wconf 74' lang='grc' dir='ltr'>Βήλου</span> <span class='ocrx_word' id='word_1_170' title='bbox 2420 1255 2620 1325; x_wconf 82' lang='grc' dir='ltr'>κριτῶν</span> <span class='ocrx_word' id='word_1_171' title='bbox 2650 1252 2740 1306; x_wconf 85' lang='grc' dir='ltr'>τὸν</span> <span class='ocrx_word' id='word_1_172' title='bbox 2797 1251 3062 1325; x_wconf 86' lang='grc' dir='ltr'>Τορνίκην</span> <span class='ocrx_word' id='word_1_173' title='bbox 3118 1254 3458 1325; x_wconf 70' lang='grc' dir='ltr'>Δημήτριον,</span> <span class='ocrx_word' id='word_1_174' title='bbox 3518 1255 3610 1308; x_wconf 86' lang='grc' dir='ltr'><strong>τὸν</strong></span> <span class='ocrx_word' id='word_1_175' title='bbox 3685 1256 3865 1311; x_wconf 81' lang='grc' dir='ltr'>Μονα-</span> 
     </span>
    </p>
   </div>
   <div class='ocr_carea' id='block_1_28' title="bbox 2199 1339 3858 1415">
    <p class='ocr_par' dir='ltr' id='par_1_28' title="bbox 2199 1339 3858 1415">
     <span class='ocr_line' id='line_1_28' title="bbox 2199 1339 3858 1415; baseline 0.003 -25"><span class='ocrx_word' id='word_1_176' title='bbox 2199 1339 2510 1411; x_wconf 82' lang='grc' dir='ltr'>στηριώτην</span> <span class='ocrx_word' id='word_1_177' title='bbox 2565 1339 2768 1394; x_wconf 84' lang='grc' dir='ltr'>Λέοντα</span> <span class='ocrx_word' id='word_1_178' title='bbox 2818 1339 2907 1393; x_wconf 84' lang='grc' dir='ltr'><strong>καὶ</strong></span> <span class='ocrx_word' id='word_1_179' title='bbox 2965 1343 3360 1396; x_wconf 87' lang='grc' dir='ltr'>Κωνσταντῖνον</span> <span class='ocrx_word' id='word_1_180' title='bbox 3409 1342 3500 1396; x_wconf 88' lang='grc' dir='ltr'>τὸν</span> <span class='ocrx_word' id='word_1_181' title='bbox 3552 1344 3858 1415; x_wconf 74' lang='grc' dir='ltr'>Πατρηνόν,</span> 
     </span>
    </p>
   </div>
   <div class='ocr_carea' id='block_1_29' title="bbox 2198 1425 3855 1505">
    <p class='ocr_par' dir='ltr' id='par_1_29' title="bbox 2198 1425 3855 1505">
     <span class='ocr_line' id='line_1_29' title="bbox 2198 1425 3855 1505; baseline 0.002 -25"><span class='ocrx_word' id='word_1_182' title='bbox 2198 1426 2353 1480; x_wconf 70' lang='grc' dir='ltr'>ούπω</span> <span class='ocrx_word' id='word_1_183' title='bbox 2381 1431 2460 1498; x_wconf 83' lang='grc' dir='ltr'>τῷ</span> <span class='ocrx_word' id='word_1_184' title='bbox 2490 1426 2678 1500; x_wconf 87' lang='grc' dir='ltr'>κύκλῳ</span> <span class='ocrx_word' id='word_1_185' title='bbox 2735 1425 3096 1504; x_wconf 66' lang='grc' dir='ltr'><strong>ἐγγραφέντας</strong></span> <span class='ocrx_word' id='word_1_186' title='bbox 3163 1433 3269 1483; x_wconf 81' lang='grc' dir='ltr'><strong>τῶν</strong></span> <span class='ocrx_word' id='word_1_187' title='bbox 3321 1427 3657 1502; x_wconf 73' lang='grc' dir='ltr'>Ἀνδρονίκῳ</span> <span class='ocrx_word' id='word_1_188' title='bbox 3689 1451 3855 1505; x_wconf 86' lang='grc' dir='ltr'>προσ-</span> 
     </span>
    </p>
   </div>
   <div class='ocr_carea' id='block_1_30' title="bbox 2198 1511 3853 1591">
    <p class='ocr_par' dir='ltr' id='par_1_30' title="bbox 2198 1511 3853 1591">
     <span class='ocr_line' id='line_1_30' title="bbox 2198 1511 3853 1591; baseline 0.004 -21"><span class='ocrx_word' id='word_1_189' title='bbox 2198 1511 2458 1586; x_wconf 77' lang='grc' dir='ltr'><strong>θεμένων,</strong></span> <span class='ocrx_word' id='word_1_190' title='bbox 2512 1513 2652 1589; x_wconf 76' lang='grc' dir='ltr'>μηδὶ</span> <span class='ocrx_word' id='word_1_191' title='bbox 2710 1519 2847 1591; x_wconf 87' lang='grc' dir='ltr'>πρὸς</span> <span class='ocrx_word' id='word_1_192' title='bbox 2907 1524 3010 1572; x_wconf 78' lang='grc' dir='ltr'>πᾶν</span> <span class='ocrx_word' id='word_1_193' title='bbox 3075 1517 3333 1591; x_wconf 75' lang='grc' dir='ltr'>ἐράσμιον</span> <span class='ocrx_word' id='word_1_194' title='bbox 3393 1519 3587 1591; x_wconf 72' lang='grc' dir='ltr'>ἐκείιῳ</span> <span class='ocrx_word' id='word_1_195' title='bbox 3648 1517 3853 1575; x_wconf 83' lang='grc' dir='ltr'>δουλο-</span> 
     </span>
    </p>
   </div>
   <div class='ocr_carea' id='block_1_31' title="bbox 2193 1605 3856 1683">
    <p class='ocr_par' dir='ltr' id='par_1_31' title="bbox 2193 1605 3856 1683">
     <span class='ocr_line' id='line_1_31' title="bbox 2193 1605 3856 1683; baseline 0.003 -25"><span class='ocrx_word' id='word_1_196' title='bbox 2193 1605 2568 1682; x_wconf 81' lang='grc' dir='ltr'>γραφηθέντας</span> <span class='ocrx_word' id='word_1_197' title='bbox 2624 1607 2944 1680; x_wconf 82' lang='grc' dir='ltr'>τρανότερον</span> <span class='ocrx_word' id='word_1_198' title='bbox 2994 1606 3084 1660; x_wconf 82' lang='grc' dir='ltr'><strong>καὶ</strong></span> <span class='ocrx_word' id='word_1_199' title='bbox 3142 1607 3202 1661; x_wconf 86' lang='grc' dir='ltr'>τὸ</span> <span class='ocrx_word' id='word_1_200' title='bbox 3261 1607 3390 1681; x_wconf 83' lang='grc' dir='ltr'>γόνυ</span> <span class='ocrx_word' id='word_1_201' title='bbox 3446 1609 3657 1683; x_wconf 81' lang='grc' dir='ltr'><strong>βαθέως</strong></span> <span class='ocrx_word' id='word_1_202' title='bbox 3717 1611 3856 1682; x_wconf 75' lang='grc' dir='ltr'>κάμ-</span> 
     </span>
    </p>
   </div>
   <div class='ocr_carea' id='block_1_32' title="bbox 2197 1693 3852 1771">
    <p class='ocr_par' dir='ltr' id='par_1_32' title="bbox 2197 1693 3852 1771">
     <span class='ocr_line' id='line_1_32' title="bbox 2197 1693 3852 1771; baseline 0.004 -26"><span class='ocrx_word' id='word_1_203' title='bbox 2197 1695 2413 1765; x_wconf 72' lang='grc' dir='ltr'>ψαντας.</span> <span class='ocrx_word' id='word_1_204' title='bbox 2445 1695 2512 1751; x_wconf 81' lang='lat' dir='ltr'><strong>O&#39;t</strong></span> <span class='ocrx_word' id='word_1_205' title='bbox 2567 1694 2659 1767; x_wconf 72' lang='grc' dir='ltr'>μὲν</span> <span class='ocrx_word' id='word_1_206' title='bbox 2720 1693 2824 1770; x_wconf 73' lang='grc' dir='ltr'><strong>γὰρ</strong></span> <span class='ocrx_word' id='word_1_207' title='bbox 2877 1693 3268 1767; x_wconf 81' lang='grc' dir='ltr'>ἀπαιτούμενοι</span> <span class='ocrx_word' id='word_1_208' title='bbox 3315 1697 3378 1750; x_wconf 88' lang='grc' dir='ltr'>τὸ</span> <span class='ocrx_word' id='word_1_209' title='bbox 3445 1699 3852 1771; x_wconf 57' lang='grc' dir='ltr'>παριστάμενον</span> 
     </span>
    </p>
   </div>
   <div class='ocr_carea' id='block_1_33' title="bbox 2197 1781 3850 1861">
    <p class='ocr_par' dir='ltr' id='par_1_33' title="bbox 2197 1781 3850 1861">
     <span class='ocr_line' id='line_1_33' title="bbox 2197 1781 3850 1861; baseline 0.004 -26"><span class='ocrx_word' id='word_1_210' title='bbox 2197 1781 2366 1836; x_wconf 81' lang='grc' dir='ltr'>εἰπεῖν</span> <span class='ocrx_word' id='word_1_211' title='bbox 2434 1783 2569 1857; x_wconf 89' lang='grc' dir='ltr'>πρὸς</span> <span class='ocrx_word' id='word_1_212' title='bbox 2625 1785 2690 1838; x_wconf 77' lang='grc' dir='ltr'>τὰ</span> <span class='ocrx_word' id='word_1_213' title='bbox 2742 1783 2878 1838; x_wconf 77' lang='grc' dir='ltr'>κατὰ</span> <span class='ocrx_word' id='word_1_214' title='bbox 2958 1791 3057 1853; x_wconf 80' lang='grc' dir='ltr'>τῆς</span> <span class='ocrx_word' id='word_1_215' title='bbox 3150 1781 3441 1855; x_wconf 78' lang='grc' dir='ltr'>δεσποίνης</span> <span class='ocrx_word' id='word_1_216' title='bbox 3517 1787 3850 1861; x_wconf 79' lang='grc' dir='ltr'>εἰσαγόμενα</span> 
     </span>
    </p>
   </div>
   <div class='ocr_carea' id='block_1_34' title="bbox 443 1869 2079 1976">
    <p class='ocr_par' dir='ltr' id='par_1_34' title="bbox 443 1870 2079 1946">
     <span class='ocr_line' id='line_1_34' title="bbox 443 1870 2079 1946; baseline -0.002 -18"><span class='ocrx_word' id='word_1_217' title='bbox 443 1873 595 1946; x_wconf 83' lang='lat' dir='ltr'><strong>pacti</strong></span> <span class='ocrx_word' id='word_1_218' title='bbox 617 1889 678 1928; x_wconf 89' lang='lat' dir='ltr'><strong>se</strong></span> <span class='ocrx_word' id='word_1_219' title='bbox 709 1888 814 1926; x_wconf 89' lang='lat' dir='ltr'><strong>nec</strong></span> <span class='ocrx_word' id='word_1_220' title='bbox 845 1870 1035 1926; x_wconf 91' lang='lat' dir='ltr'><strong>oculis</strong></span> <span class='ocrx_word' id='word_1_221' title='bbox 1079 1886 1351 1926; x_wconf 88' lang='lat' dir='ltr'><strong>somnum</strong></span> <span class='ocrx_word' id='word_1_222' title='bbox 1381 1871 1612 1925; x_wconf 88' lang='lat' dir='ltr'><strong>visuros</strong></span> <span class='ocrx_word' id='word_1_223' title='bbox 1662 1885 1766 1925; x_wconf 90' lang='lat' dir='ltr'><strong>nec</strong></span> <span class='ocrx_word' id='word_1_224' title='bbox 1798 1871 2079 1942; x_wconf 73' lang='lat' dir='ltr'><strong>capitibus</strong></span> 
     </span>
    </p>
   </div>
   <div class='ocr_carea' id='block_1_35' title="bbox 2187 1869 3850 1976">
    <p class='ocr_par' dir='ltr' id='par_1_35' title="bbox 2199 1869 3850 1951">
     <span class='ocr_line' id='line_1_35' title="bbox 2199 1869 3850 1951; baseline 0.003 -25"><span class='ocrx_word' id='word_1_225' title='bbox 2199 1869 2405 1926; x_wconf 80' lang='grc' dir='ltr'>ἐθέλειν</span> <span class='ocrx_word' id='word_1_226' title='bbox 2431 1873 2664 1946; x_wconf 82' lang='grc' dir='ltr'>πρώτως</span> <span class='ocrx_word' id='word_1_227' title='bbox 2695 1870 2889 1951; x_wconf 79' lang='grc' dir='ltr'>ἔφασαν</span> <span class='ocrx_word' id='word_1_228' title='bbox 2927 1876 3112 1945; x_wconf 81' lang='grc' dir='ltr'>μαθεῖν</span> <span class='ocrx_word' id='word_1_229' title='bbox 3152 1873 3196 1928; x_wconf 79' lang='grc' dir='ltr'>εἶ</span> <span class='ocrx_word' id='word_1_230' title='bbox 3239 1875 3267 1928; x_wconf 88' lang='grc' dir='ltr'>ὁ</span> <span class='ocrx_word' id='word_1_231' title='bbox 3314 1873 3590 1950; x_wconf 84' lang='grc' dir='ltr'>σύλλογος</span> <span class='ocrx_word' id='word_1_232' title='bbox 3645 1876 3850 1938; x_wconf 82' lang='grc' dir='ltr'>ἐκεῖνος</span> 
     </span>
    </p>
   </div>
   <div class='ocr_carea' id='block_1_36' title="bbox 453 1959 2092 2032">
    <p class='ocr_par' dir='ltr' id='par_1_36' title="bbox 453 1959 2092 2032">
     <span class='ocr_line' id='line_1_36' title="bbox 453 1959 2092 2032; baseline -0.003 -15"><span class='ocrx_word' id='word_1_233' title='bbox 453 1963 707 2032; x_wconf 85' lang='lat' dir='ltr'><strong>quietem</strong></span> <span class='ocrx_word' id='word_1_234' title='bbox 754 1962 1018 2027; x_wconf 88' lang='lat' dir='ltr'><strong>daturos,</strong></span> <span class='ocrx_word' id='word_1_235' title='bbox 1065 1959 1123 2014; x_wconf 91' lang='lat' dir='ltr'><strong>ni</strong></span> <span class='ocrx_word' id='word_1_236' title='bbox 1171 1959 1333 2029; x_wconf 88' lang='lat' dir='ltr'><strong>prius</strong></span> <span class='ocrx_word' id='word_1_237' title='bbox 1394 1959 1818 2028; x_wconf 84' lang='lat' dir='ltr'><strong>Andronicum,</strong></span> <span class='ocrx_word' id='word_1_238' title='bbox 1878 1959 1926 2014; x_wconf 89' lang='lat' dir='ltr'><strong>si</strong></span> <span class='ocrx_word' id='word_1_239' title='bbox 1968 1959 2092 2013; x_wconf 87' lang='lat' dir='ltr'><strong>ﬁeri</strong></span> 
     </span>
    </p>
   </div>
   <div class='ocr_carea' id='block_1_37' title="bbox 442 2049 2094 2126">
    <p class='ocr_par' dir='ltr' id='par_1_37' title="bbox 442 2049 2094 2126">
     <span class='ocr_line' id='line_1_37' title="bbox 442 2049 2094 2126; baseline -0.002 -18"><span class='ocrx_word' id='word_1_240' title='bbox 442 2059 654 2126; x_wconf 82' lang='lat' dir='ltr'><strong>posset,</strong></span> <span class='ocrx_word' id='word_1_241' title='bbox 690 2051 1093 2118; x_wconf 88' lang='lat' dir='ltr'><strong>sustulissent,</strong></span> <span class='ocrx_word' id='word_1_242' title='bbox 1126 2055 1191 2104; x_wconf 89' lang='lat' dir='ltr'><strong>ut</strong></span> <span class='ocrx_word' id='word_1_243' title='bbox 1215 2054 1422 2120; x_wconf 89' lang='lat' dir='ltr'><strong>suopte</strong></span> <span class='ocrx_word' id='word_1_244' title='bbox 1445 2051 1637 2120; x_wconf 90' lang='lat' dir='ltr'><strong>potius</strong></span> <span class='ocrx_word' id='word_1_245' title='bbox 1669 2065 1841 2121; x_wconf 86' lang='lat' dir='ltr'><strong>quam</strong></span> <span class='ocrx_word' id='word_1_246' title='bbox 1861 2049 2094 2104; x_wconf 66' lang='lat' dir='ltr'><strong>concha;</strong></span> 
     </span>
    </p>
   </div>
   <div class='ocr_carea' id='block_1_38' title="bbox 450 2141 2096 2214">
    <p class='ocr_par' dir='ltr' id='par_1_38' title="bbox 450 2141 2096 2214">
     <span class='ocr_line' id='line_1_38' title="bbox 450 2141 2096 2214; baseline -0.003 -15"><span class='ocrx_word' id='word_1_247' title='bbox 450 2143 738 2214; x_wconf 83' lang='lat' dir='ltr'><strong>sanguine</strong></span> <span class='ocrx_word' id='word_1_248' title='bbox 792 2143 934 2214; x_wconf 88' lang='lat' dir='ltr'><strong>(qua</strong></span> <span class='ocrx_word' id='word_1_249' title='bbox 973 2148 1183 2197; x_wconf 87' lang='lat' dir='ltr'><strong>vestem</strong></span> <span class='ocrx_word' id='word_1_250' title='bbox 1209 2155 1370 2195; x_wconf 83' lang='lat' dir='ltr'><strong>suam</strong></span> <span class='ocrx_word' id='word_1_251' title='bbox 1420 2141 1643 2210; x_wconf 73' lang='lat' dir='ltr'><strong>tingere</strong></span> <span class='ocrx_word' id='word_1_252' title='bbox 1681 2141 1946 2211; x_wconf 90' lang='lat' dir='ltr'><strong>cupiens,</strong></span> <span class='ocrx_word' id='word_1_253' title='bbox 1977 2157 2096 2194; x_wconf 91' lang='lat' dir='ltr'><strong>om-</strong></span> 
     </span>
    </p>
   </div>
   <div class='ocr_carea' id='block_1_39' title="bbox 442 2228 2091 2303">
    <p class='ocr_par' dir='ltr' id='par_1_39' title="bbox 442 2228 2091 2303">
     <span class='ocr_line' id='line_1_39' title="bbox 442 2228 2091 2303; baseline -0.002 -15"><span class='ocrx_word' id='word_1_254' title='bbox 442 2249 575 2288; x_wconf 90' lang='lat' dir='ltr'><strong>nem</strong></span> <span class='ocrx_word' id='word_1_255' title='bbox 631 2229 1065 2303; x_wconf 88' lang='lat' dir='ltr'><strong>imperatoriam</strong></span> <span class='ocrx_word' id='word_1_256' title='bbox 1125 2228 1366 2300; x_wconf 89' lang='lat' dir='ltr'><strong>stirpem</strong></span> <span class='ocrx_word' id='word_1_257' title='bbox 1421 2229 1663 2284; x_wconf 89' lang='lat' dir='ltr'><strong>evellere</strong></span> <span class='ocrx_word' id='word_1_258' title='bbox 1713 2234 1772 2284; x_wconf 90' lang='lat' dir='ltr'><strong>et</strong></span> <span class='ocrx_word' id='word_1_259' title='bbox 1815 2236 2091 2300; x_wconf 88' lang='lat' dir='ltr'><strong>tanquam</strong></span> 
     </span>
    </p>
   </div>
   <div class='ocr_carea' id='block_1_40' title="bbox 443 2317 2087 2388">
    <p class='ocr_par' dir='ltr' id='par_1_40' title="bbox 443 2317 2087 2388">
     <span class='ocr_line' id='line_1_40' title="bbox 443 2317 2087 2388; baseline -0.002 -12"><span class='ocrx_word' id='word_1_260' title='bbox 443 2319 718 2376; x_wconf 83' lang='lat' dir='ltr'><strong>immanis</strong></span> <span class='ocrx_word' id='word_1_261' title='bbox 763 2318 961 2374; x_wconf 88' lang='lat' dir='ltr'><strong>bellua</strong></span> <span class='ocrx_word' id='word_1_262' title='bbox 999 2317 1272 2373; x_wconf 83' lang='lat' dir='ltr'><strong>devorare</strong></span> <span class='ocrx_word' id='word_1_263' title='bbox 1319 2320 1651 2385; x_wconf 88' lang='lat' dir='ltr'><strong>conaretur)</strong></span> <span class='ocrx_word' id='word_1_264' title='bbox 1699 2333 2087 2388; x_wconf 76' lang='lat' dir='ltr'><strong>purpurasce-</strong></span> 
     </span>
    </p>
   </div>
   <div class='ocr_carea' id='block_1_41' title="bbox 450 2404 2091 2479">
    <p class='ocr_par' dir='ltr' id='par_1_41' title="bbox 450 2404 2091 2479">
     <span class='ocr_line' id='line_1_41' title="bbox 450 2404 2091 2479; baseline -0.002 -15"><span class='ocrx_word' id='word_1_265' title='bbox 450 2413 558 2464; x_wconf 91' lang='lat' dir='ltr'><strong>ret.</strong></span> <span class='ocrx_word' id='word_1_266' title='bbox 594 2407 888 2479; x_wconf 88' lang='lat' dir='ltr'><strong>Conjurati</strong></span> <span class='ocrx_word' id='word_1_267' title='bbox 910 2410 1078 2462; x_wconf 89' lang='lat' dir='ltr'><strong>erant</strong></span> <span class='ocrx_word' id='word_1_268' title='bbox 1108 2406 1474 2462; x_wconf 81' lang='lat' dir='ltr'><strong>Andronicus</strong></span> <span class='ocrx_word' id='word_1_269' title='bbox 1501 2404 2091 2476; x_wconf 71' lang='lat' dir='ltr'><strong>AngeliConstantini</strong></span> 
     </span>
    </p>
   </div>
   <div class='ocr_carea' id='block_1_42' title="bbox 449 2494 2088 2566">
    <p class='ocr_par' dir='ltr' id='par_1_42' title="bbox 449 2494 2088 2566">
     <span class='ocr_line' id='line_1_42' title="bbox 449 2494 2088 2566; baseline -0.002 -14"><span class='ocrx_word' id='word_1_270' title='bbox 449 2496 628 2563; x_wconf 81' lang='lat' dir='ltr'><strong>ﬁlius,</strong></span> <span class='ocrx_word' id='word_1_271' title='bbox 677 2512 925 2566; x_wconf 81' lang='lat' dir='ltr'><strong>magnus</strong></span> <span class='ocrx_word' id='word_1_272' title='bbox 981 2495 1098 2550; x_wconf 89' lang='lat' dir='ltr'><strong>dux</strong></span> <span class='ocrx_word' id='word_1_273' title='bbox 1145 2494 1512 2549; x_wconf 87' lang='lat' dir='ltr'><strong>Andronicus</strong></span> <span class='ocrx_word' id='word_1_274' title='bbox 1558 2494 2088 2565; x_wconf 88' lang='lat' dir='ltr'><strong>Contostephanus,</strong></span> 
     </span>
    </p>
   </div>
   <div class='ocr_carea' id='block_1_43' title="bbox 443 2583 2086 2650">
    <p class='ocr_par' dir='ltr' id='par_1_43' title="bbox 443 2583 2086 2650">
     <span class='ocr_line' id='line_1_43' title="bbox 443 2583 2086 2650; baseline -0.003 -7"><span class='ocrx_word' id='word_1_275' title='bbox 443 2592 500 2643; x_wconf 89' lang='lat' dir='ltr'><strong>et</strong></span> <span class='ocrx_word' id='word_1_276' title='bbox 533 2588 739 2642; x_wconf 92' lang='lat' dir='ltr'><strong>horum</strong></span> <span class='ocrx_word' id='word_1_277' title='bbox 768 2585 869 2640; x_wconf 87' lang='lat' dir='ltr'><strong>lilii</strong></span> <span class='ocrx_word' id='word_1_278' title='bbox 905 2584 1181 2650; x_wconf 76' lang='lat' dir='ltr'><strong>sedecim,</strong></span> <span class='ocrx_word' id='word_1_279' title='bbox 1231 2599 1436 2639; x_wconf 89' lang='lat' dir='ltr'><strong>omnes</strong></span> <span class='ocrx_word' id='word_1_280' title='bbox 1472 2583 1578 2638; x_wconf 89' lang='lat' dir='ltr'><strong>viri</strong></span> <span class='ocrx_word' id='word_1_281' title='bbox 1624 2583 1845 2638; x_wconf 91' lang='lat' dir='ltr'><strong>robusti</strong></span> <span class='ocrx_word' id='word_1_282' title='bbox 1878 2589 1936 2640; x_wconf 88' lang='lat' dir='ltr'><strong>et</strong></span> <span class='ocrx_word' id='word_1_283' title='bbox 1963 2583 2086 2638; x_wconf 62' lang='lat' dir='ltr'><strong>bel.</strong></span> 
     </span>
    </p>
   </div>
   <div class='ocr_carea' id='block_1_44' title="bbox 440 2670 2090 2745">
    <p class='ocr_par' dir='ltr' id='par_1_44' title="bbox 440 2670 2090 2745">
     <span class='ocr_line' id='line_1_44' title="bbox 440 2670 2090 2745; baseline -0.001 -16"><span class='ocrx_word' id='word_1_284' title='bbox 440 2675 645 2741; x_wconf 87' lang='lat' dir='ltr'><strong>licosi;</strong></span> <span class='ocrx_word' id='word_1_285' title='bbox 698 2673 1015 2745; x_wconf 85' lang='lat' dir='ltr'><strong>Logotheta</strong></span> <span class='ocrx_word' id='word_1_286' title='bbox 1073 2672 1260 2728; x_wconf 89' lang='lat' dir='ltr'><strong>dromi</strong></span> <span class='ocrx_word' id='word_1_287' title='bbox 1317 2676 1654 2727; x_wconf 85' lang='lat' dir='ltr'><strong>Camaterus</strong></span> <span class='ocrx_word' id='word_1_288' title='bbox 1703 2670 1972 2738; x_wconf 83' lang='lat' dir='ltr'><strong>Basilius,</strong></span> <span class='ocrx_word' id='word_1_289' title='bbox 2031 2676 2090 2727; x_wconf 91' lang='lat' dir='ltr'><strong>et</strong></span> 
     </span>
    </p>
   </div>
   <div class='ocr_carea' id='block_1_45' title="bbox 444 2768 2084 2844">
    <p class='ocr_par' dir='ltr' id='par_1_45' title="bbox 444 2768 2084 2844">
     <span class='ocr_line' id='line_1_45' title="bbox 444 2768 2084 2844; baseline -0.005 -12"><span class='ocrx_word' id='word_1_290' title='bbox 444 2775 541 2832; x_wconf 87' lang='lat' dir='ltr'><strong>alii</strong></span> <span class='ocrx_word' id='word_1_291' title='bbox 591 2773 924 2844; x_wconf 85' lang='lat' dir='ltr'><strong>complures</strong></span> <span class='ocrx_word' id='word_1_292' title='bbox 976 2770 1166 2841; x_wconf 89' lang='lat' dir='ltr'><strong>juncti</strong></span> <span class='ocrx_word' id='word_1_293' title='bbox 1228 2785 1438 2840; x_wconf 85' lang='lat' dir='ltr'><strong>genere</strong></span> <span class='ocrx_word' id='word_1_294' title='bbox 1490 2769 1596 2839; x_wconf 89' lang='lat' dir='ltr'><strong>eis,</strong></span> <span class='ocrx_word' id='word_1_295' title='bbox 1655 2769 1764 2825; x_wconf 89' lang='lat' dir='ltr'><strong>viri</strong></span> <span class='ocrx_word' id='word_1_296' title='bbox 1804 2768 2084 2826; x_wconf 87' lang='lat' dir='ltr'><strong>illustres.</strong></span> 
     </span>
    </p>
   </div>
   <div class='ocr_carea' id='block_1_46' title="bbox 437 2857 2082 2933">
    <p class='ocr_par' dir='ltr' id='par_1_46' title="bbox 437 2857 2082 2933">
     <span class='ocr_line' id='line_1_46' title="bbox 437 2857 2082 2933; baseline -0.004 -15"><span class='ocrx_word' id='word_1_297' title='bbox 437 2865 545 2920; x_wconf 88' lang='lat' dir='ltr'><strong>Sed</strong></span> <span class='ocrx_word' id='word_1_298' title='bbox 579 2879 647 2918; x_wconf 90' lang='lat' dir='ltr'><strong>ea</strong></span> <span class='ocrx_word' id='word_1_299' title='bbox 683 2860 1044 2933; x_wconf 87' lang='lat' dir='ltr'><strong>conspiratio</strong></span> <span class='ocrx_word' id='word_1_300' title='bbox 1091 2859 1322 2930; x_wconf 88' lang='lat' dir='ltr'><strong>prodita</strong></span> <span class='ocrx_word' id='word_1_301' title='bbox 1368 2874 1482 2913; x_wconf 90' lang='lat' dir='ltr'><strong>non</strong></span> <span class='ocrx_word' id='word_1_302' title='bbox 1539 2857 1638 2912; x_wconf 90' lang='lat' dir='ltr'><strong>diu</strong></span> <span class='ocrx_word' id='word_1_303' title='bbox 1667 2857 1834 2913; x_wconf 89' lang='lat' dir='ltr'><strong>latuit</strong></span> <span class='ocrx_word' id='word_1_304' title='bbox 1865 2860 2082 2913; x_wconf 83' lang='lat' dir='ltr'><strong>Andro-</strong></span> 
     </span>
    </p>
   </div>
   <div class='ocr_carea' id='block_1_47' title="bbox 436 2949 2082 3023">
    <p class='ocr_par' dir='ltr' id='par_1_47' title="bbox 436 2949 2082 3023">
     <span class='ocr_line' id='line_1_47' title="bbox 436 2949 2082 3023; baseline -0.004 -13"><span class='ocrx_word' id='word_1_305' title='bbox 436 2956 674 3022; x_wconf 88' lang='lat' dir='ltr'><strong>nicum;</strong></span> <span class='ocrx_word' id='word_1_306' title='bbox 728 2952 824 3023; x_wconf 90' lang='lat' dir='ltr'><strong>qui</strong></span> <span class='ocrx_word' id='word_1_307' title='bbox 858 2954 1078 3022; x_wconf 89' lang='lat' dir='ltr'><strong>impetu</strong></span> <span class='ocrx_word' id='word_1_308' title='bbox 1131 2950 1279 3004; x_wconf 82' lang='lat' dir='ltr'><strong>facto</strong></span> <span class='ocrx_word' id='word_1_309' title='bbox 1329 2949 1390 3004; x_wconf 90' lang='lat' dir='ltr'><strong>in</strong></span> <span class='ocrx_word' id='word_1_310' title='bbox 1439 2949 1838 3004; x_wconf 86' lang='lat' dir='ltr'><strong>Andronicum</strong></span> <span class='ocrx_word' id='word_1_311' title='bbox 1884 2949 2082 3021; x_wconf 87' lang='lat' dir='ltr'><strong>Angeli</strong></span> 
     </span>
    </p>
   </div>
   <div class='ocr_carea' id='block_1_48' title="bbox 440 3035 2085 3107">
    <p class='ocr_par' dir='ltr' id='par_1_48' title="bbox 440 3035 2085 3107">
     <span class='ocr_line' id='line_1_48' title="bbox 440 3035 2085 3107; baseline -0.002 -12"><span class='ocrx_word' id='word_1_312' title='bbox 440 3040 648 3106; x_wconf 84' lang='lat' dir='ltr'><strong>filium,</strong></span> <span class='ocrx_word' id='word_1_313' title='bbox 684 3044 805 3094; x_wconf 92' lang='lat' dir='ltr'><strong>tum</strong></span> <span class='ocrx_word' id='word_1_314' title='bbox 868 3039 1020 3092; x_wconf 76' lang='lat'><strong>846</strong></span> <span class='ocrx_word' id='word_1_315' title='bbox 1056 3051 1172 3091; x_wconf 88' lang='lat' dir='ltr'><strong>non</strong></span> <span class='ocrx_word' id='word_1_316' title='bbox 1216 3035 1416 3107; x_wconf 92' lang='lat' dir='ltr'><strong>procul</strong></span> <span class='ocrx_word' id='word_1_317' title='bbox 1465 3052 1498 3090; x_wconf 78' lang='grc' dir='ltr'><strong>α</strong></span> <span class='ocrx_word' id='word_1_318' title='bbox 1529 3036 1904 3091; x_wconf 83' lang='lat' dir='ltr'><strong>terrestribus</strong></span> <span class='ocrx_word' id='word_1_319' title='bbox 1947 3052 2085 3092; x_wconf 76' lang='lat' dir='ltr'><strong>mm-</strong></span> 
     </span>
    </p>
   </div>
   <div class='ocr_carea' id='block_1_49' title="bbox 437 3123 2080 3194">
    <p class='ocr_par' dir='ltr' id='par_1_49' title="bbox 437 3123 2080 3194">
     <span class='ocr_line' id='line_1_49' title="bbox 437 3123 2080 3194; baseline -0.003 -11"><span class='ocrx_word' id='word_1_320' title='bbox 437 3130 611 3183; x_wconf 89' lang='lat' dir='ltr'><strong>nibus</strong></span> <span class='ocrx_word' id='word_1_321' title='bbox 641 3127 1024 3192; x_wconf 86' lang='lat' dir='ltr'><strong>habitantem,</strong></span> <span class='ocrx_word' id='word_1_322' title='bbox 1059 3123 1224 3178; x_wconf 91' lang='lat' dir='ltr'><strong>illum</strong></span> <span class='ocrx_word' id='word_1_323' title='bbox 1267 3140 1398 3179; x_wconf 93' lang='lat' dir='ltr'><strong>cum</strong></span> <span class='ocrx_word' id='word_1_324' title='bbox 1429 3130 1685 3194; x_wconf 85' lang='lat' dir='ltr'><strong>quatuor</strong></span> <span class='ocrx_word' id='word_1_325' title='bbox 1721 3124 1858 3179; x_wconf 79' lang='lat' dir='ltr'><strong>filiis</strong></span> <span class='ocrx_word' id='word_1_326' title='bbox 1889 3123 1948 3180; x_wconf 91' lang='lat' dir='ltr'><strong>in</strong></span> <span class='ocrx_word' id='word_1_327' title='bbox 1981 3140 2080 3180; x_wconf 86' lang='lat' dir='ltr'><strong>ex-</strong></span> 
     </span>
    </p>
   </div>
   <div class='ocr_carea' id='block_1_50' title="bbox 432 3213 2076 3286">
    <p class='ocr_par' dir='ltr' id='par_1_50' title="bbox 432 3213 2076 3286">
     <span class='ocr_line' id='line_1_50' title="bbox 432 3213 2076 3286; baseline -0.002 -14"><span class='ocrx_word' id='word_1_328' title='bbox 432 3218 630 3272; x_wconf 88' lang='lat' dir='ltr'><strong>silium</strong></span> <span class='ocrx_word' id='word_1_329' title='bbox 689 3216 846 3286; x_wconf 80' lang='lat' dir='ltr'><strong>egit:</strong></span> <span class='ocrx_word' id='word_1_330' title='bbox 909 3229 1040 3268; x_wconf 87' lang='lat' dir='ltr'><strong>nam</strong></span> <span class='ocrx_word' id='word_1_331' title='bbox 1101 3227 1313 3283; x_wconf 84' lang='lat' dir='ltr'><strong>sagena</strong></span> <span class='ocrx_word' id='word_1_332' title='bbox 1385 3213 1700 3269; x_wconf 87' lang='lat' dir='ltr'><strong>satellitum</strong></span> <span class='ocrx_word' id='word_1_333' title='bbox 1762 3215 2076 3270; x_wconf 81' lang='lat' dir='ltr'><strong>Andronici</strong></span> 
     </span>
    </p>
   </div>
   <div class='ocr_carea' id='block_1_51' title="bbox 432 3276 2079 3376">
    <p class='ocr_par' dir='ltr' id='par_1_51' title="bbox 432 3301 2078 3376">
     <span class='ocr_line' id='line_1_51' title="bbox 432 3301 2078 3376; baseline -0.001 -16"><span class='ocrx_word' id='word_1_334' title='bbox 432 3303 810 3376; x_wconf 89' lang='lat' dir='ltr'><strong>cupidissime</strong></span> <span class='ocrx_word' id='word_1_335' title='bbox 849 3301 1082 3368; x_wconf 81' lang='lat' dir='ltr'><strong>evitata,</strong></span> <span class='ocrx_word' id='word_1_336' title='bbox 1121 3317 1554 3371; x_wconf 87' lang='lat' dir='ltr'><strong>conscensaque</strong></span> <span class='ocrx_word' id='word_1_337' title='bbox 1585 3319 1716 3358; x_wconf 89' lang='lat' dir='ltr'><strong>cum</strong></span> <span class='ocrx_word' id='word_1_338' title='bbox 1748 3303 1882 3358; x_wconf 75' lang='lat' dir='ltr'><strong>filiis</strong></span> <span class='ocrx_word' id='word_1_339' title='bbox 1916 3305 2078 3358; x_wconf 87' lang='lat' dir='ltr'><strong>navi-</strong></span> 
     </span>
    </p>
   </div>
   <div class='ocr_carea' id='block_1_52' title="bbox 2187 3276 2757 3376">
    <p class='ocr_par' dir='ltr' id='par_1_52' title="bbox 2189 3295 2757 3372">
     <span class='ocr_line' id='line_1_52' title="bbox 2189 3295 2757 3372; baseline 0.007 -25"><span class='ocrx_word' id='word_1_340' title='bbox 2189 3316 2343 3349; x_wconf 84' lang='grc' dir='ltr'>τνουν</span> <span class='ocrx_word' id='word_1_341' title='bbox 2432 3295 2757 3372; x_wconf 83' lang='grc' dir='ltr'>φρικώδεσιν</span> 
     </span>
    </p>
   </div>
   <div class='ocr_carea' id='block_1_53' title="bbox 429 3387 2076 3461">
    <p class='ocr_par' dir='ltr' id='par_1_53' title="bbox 429 3387 2076 3461">
     <span class='ocr_line' id='line_1_53' title="bbox 429 3387 2076 3461; baseline -0.002 -15"><span class='ocrx_word' id='word_1_342' title='bbox 429 3391 582 3457; x_wconf 82' lang='lat' dir='ltr'><strong>cula,</strong></span> <span class='ocrx_word' id='word_1_343' title='bbox 635 3389 828 3444; x_wconf 86' lang='lat' dir='ltr'><strong>vacuis</strong></span> <span class='ocrx_word' id='word_1_344' title='bbox 877 3387 1178 3458; x_wconf 88' lang='lat' dir='ltr'><strong>amphoris</strong></span> <span class='ocrx_word' id='word_1_345' title='bbox 1237 3403 1364 3457; x_wconf 66' lang='lat' dir='ltr'><strong>quas</strong></span> <span class='ocrx_word' id='word_1_346' title='bbox 1417 3388 1475 3442; x_wconf 91' lang='lat' dir='ltr'><strong>in</strong></span> <span class='ocrx_word' id='word_1_347' title='bbox 1534 3405 1601 3443; x_wconf 90' lang='lat' dir='ltr'><strong>ea</strong></span> <span class='ocrx_word' id='word_1_348' title='bbox 1649 3394 1816 3444; x_wconf 89' lang='lat' dir='ltr'><strong>erant</strong></span> <span class='ocrx_word' id='word_1_349' title='bbox 1856 3389 2076 3461; x_wconf 87' lang='lat' dir='ltr'><strong>ejectis,</strong></span> 
     </span>
    </p>
   </div>
   <div class='ocr_carea' id='block_1_54' title="bbox 432 3476 2079 3554">
    <p class='ocr_par' dir='ltr' id='par_1_54' title="bbox 432 3476 2079 3554">
     <span class='ocr_line' id='line_1_54' title="bbox 432 3476 2079 3554; baseline -0.002 -16"><span class='ocrx_word' id='word_1_350' title='bbox 432 3479 754 3554; x_wconf 89' lang='lat' dir='ltr'><strong>periculum</strong></span> <span class='ocrx_word' id='word_1_351' title='bbox 781 3479 873 3534; x_wconf 91' lang='lat' dir='ltr'><strong>vix</strong></span> <span class='ocrx_word' id='word_1_352' title='bbox 914 3477 1170 3534; x_wconf 84' lang='lat' dir='ltr'><strong>evitavit.</strong></span> <span class='ocrx_word' id='word_1_353' title='bbox 1221 3476 1722 3550; x_wconf 86' lang='lat' dir='ltr'><strong>Contostephanus</strong></span> <span class='ocrx_word' id='word_1_354' title='bbox 1768 3495 1898 3534; x_wconf 91' lang='lat' dir='ltr'><strong>cum</strong></span> <span class='ocrx_word' id='word_1_355' title='bbox 1933 3497 2079 3551; x_wconf 88' lang='lat' dir='ltr'><strong>qua-</strong></span> 
     </span>
    </p>
   </div>
   <div class='ocr_carea' id='block_1_55' title="bbox 432 3565 2076 3638">
    <p class='ocr_par' dir='ltr' id='par_1_55' title="bbox 432 3565 2076 3638">
     <span class='ocr_line' id='line_1_55' title="bbox 432 3565 2076 3638; baseline -0.004 -12"><span class='ocrx_word' id='word_1_356' title='bbox 432 3577 562 3627; x_wconf 88' lang='lat' dir='ltr'><strong>tuor</strong></span> <span class='ocrx_word' id='word_1_357' title='bbox 613 3569 749 3626; x_wconf 84' lang='lat' dir='ltr'><strong>liliis</strong></span> <span class='ocrx_word' id='word_1_358' title='bbox 819 3574 876 3624; x_wconf 89' lang='lat' dir='ltr'><strong>et</strong></span> <span class='ocrx_word' id='word_1_359' title='bbox 961 3567 1299 3622; x_wconf 82' lang='lat' dir='ltr'><strong>Camaterus</strong></span> <span class='ocrx_word' id='word_1_360' title='bbox 1357 3565 1608 3622; x_wconf 85' lang='lat' dir='ltr'><strong>Basilius</strong></span> <span class='ocrx_word' id='word_1_361' title='bbox 1667 3565 2076 3638; x_wconf 81' lang='lat' dir='ltr'><strong>comprehensi</strong></span> 
     </span>
    </p>
   </div>
   <div class='ocr_carea' id='block_1_56' title="bbox 429 3657 2078 3725">
    <p class='ocr_par' dir='ltr' id='par_1_56' title="bbox 429 3657 2078 3725">
     <span class='ocr_line' id='line_1_56' title="bbox 429 3657 2078 3725; baseline -0.001 -8"><span class='ocrx_word' id='word_1_362' title='bbox 429 3677 637 3718; x_wconf 91' lang='lat' dir='ltr'><strong>omnes</strong></span> <span class='ocrx_word' id='word_1_363' title='bbox 669 3665 1044 3717; x_wconf 73' lang='lat' dir='ltr'><strong>exczecantur.</strong></span> <span class='ocrx_word' id='word_1_364' title='bbox 1080 3658 1216 3714; x_wconf 88' lang='lat' dir='ltr'><strong>Item</strong></span> <span class='ocrx_word' id='word_1_365' title='bbox 1243 3657 1339 3713; x_wconf 83' lang='lat' dir='ltr'><strong>alii</strong></span> <span class='ocrx_word' id='word_1_366' title='bbox 1373 3675 1486 3713; x_wconf 91' lang='lat' dir='ltr'><strong>non</strong></span> <span class='ocrx_word' id='word_1_367' title='bbox 1520 3659 1790 3725; x_wconf 87' lang='lat' dir='ltr'><strong>convicti,</strong></span> <span class='ocrx_word' id='word_1_368' title='bbox 1823 3674 1892 3713; x_wconf 91' lang='lat' dir='ltr'><strong>ex</strong></span> <span class='ocrx_word' id='word_1_369' title='bbox 1923 3661 2078 3716; x_wconf 83' lang='lat' dir='ltr'><strong>fama</strong></span> 
     </span>
    </p>
   </div>
   <div class='ocr_carea' id='block_1_57' title="bbox 430 3747 2074 3821">
    <p class='ocr_par' dir='ltr' id='par_1_57' title="bbox 430 3747 2074 3821">
     <span class='ocr_line' id='line_1_57' title="bbox 430 3747 2074 3821; baseline -0.002 -14"><span class='ocrx_word' id='word_1_370' title='bbox 430 3753 712 3808; x_wconf 86' lang='lat' dir='ltr'><strong>duntaxat</strong></span> <span class='ocrx_word' id='word_1_371' title='bbox 767 3765 951 3821; x_wconf 89' lang='lat' dir='ltr'><strong>eaque</strong></span> <span class='ocrx_word' id='word_1_372' title='bbox 1013 3747 1288 3818; x_wconf 82' lang='lat' dir='ltr'><strong>ambigua</strong></span> <span class='ocrx_word' id='word_1_373' title='bbox 1345 3747 1786 3816; x_wconf 87' lang='lat' dir='ltr'><strong>conjurationis,</strong></span> <span class='ocrx_word' id='word_1_374' title='bbox 1839 3749 2074 3803; x_wconf 88' lang='lat' dir='ltr'><strong>easdem</strong></span> 
     </span>
    </p>
   </div>
   <div class='ocr_carea' id='block_1_58' title="bbox 424 3834 2074 3914">
    <p class='ocr_par' dir='ltr' id='par_1_58' title="bbox 424 3834 2074 3914">
     <span class='ocr_line' id='line_1_58' title="bbox 424 3834 2074 3914; baseline -0.004 -17"><span class='ocrx_word' id='word_1_375' title='bbox 424 3857 626 3914; x_wconf 78' lang='lat' dir='ltr'><strong>pmnas</strong></span> <span class='ocrx_word' id='word_1_376' title='bbox 682 3840 986 3896; x_wconf 88' lang='lat' dir='ltr'><strong>dederunt.</strong></span> <span class='ocrx_word' id='word_1_377' title='bbox 1020 3837 1104 3892; x_wconf 84' lang='lat' dir='ltr'><strong>Ad</strong></span> <span class='ocrx_word' id='word_1_378' title='bbox 1158 3837 1314 3891; x_wconf 87' lang='lat' dir='ltr'><strong>hunc</strong></span> <span class='ocrx_word' id='word_1_379' title='bbox 1351 3835 1587 3890; x_wconf 91' lang='lat' dir='ltr'><strong>modum</strong></span> <span class='ocrx_word' id='word_1_380' title='bbox 1637 3834 1710 3889; x_wconf 91' lang='lat' dir='ltr'><strong>iis</strong></span> <span class='ocrx_word' id='word_1_381' title='bbox 1743 3851 1889 3907; x_wconf 90' lang='lat' dir='ltr'><strong>quos</strong></span> <span class='ocrx_word' id='word_1_382' title='bbox 1934 3836 2074 3892; x_wconf 89' lang='lat' dir='ltr'><strong>olim</strong></span> 
     </span>
    </p>
   </div>
   <div class='ocr_carea' id='block_1_59' title="bbox 429 3923 2073 4002">
    <p class='ocr_par' dir='ltr' id='par_1_59' title="bbox 429 3923 2073 4002">
     <span class='ocr_line' id='line_1_59' title="bbox 429 3923 2073 4002; baseline -0.004 -16"><span class='ocrx_word' id='word_1_383' title='bbox 429 3929 883 4002; x_wconf 88' lang='lat' dir='ltr'><strong>comprehensos</strong></span> <span class='ocrx_word' id='word_1_384' title='bbox 933 3925 1224 3998; x_wconf 89' lang='lat' dir='ltr'><strong>cupiebat,</strong></span> <span class='ocrx_word' id='word_1_385' title='bbox 1259 3939 1358 3997; x_wconf 90' lang='lat' dir='ltr'><strong>per</strong></span> <span class='ocrx_word' id='word_1_386' title='bbox 1401 3923 1761 3979; x_wconf 87' lang='lat' dir='ltr'><strong>occasionem</strong></span> <span class='ocrx_word' id='word_1_387' title='bbox 1821 3925 1879 3980; x_wconf 93' lang='lat' dir='ltr'><strong>in</strong></span> <span class='ocrx_word' id='word_1_388' title='bbox 1915 3930 2073 3996; x_wconf 89' lang='lat' dir='ltr'><strong>pote-</strong></span> 
     </span>
    </p>
   </div>
   <div class='ocr_carea' id='block_1_60' title="bbox 418 4012 2072 4085">
    <p class='ocr_par' dir='ltr' id='par_1_60' title="bbox 418 4012 2072 4085">
     <span class='ocr_line' id='line_1_60' title="bbox 418 4012 2072 4085; baseline -0.005 -10"><span class='ocrx_word' id='word_1_389' title='bbox 418 4025 631 4078; x_wconf 87' lang='lat' dir='ltr'><strong>statem</strong></span> <span class='ocrx_word' id='word_1_390' title='bbox 691 4017 959 4085; x_wconf 82' lang='lat' dir='ltr'><strong>redactis,</strong></span> <span class='ocrx_word' id='word_1_391' title='bbox 1016 4020 1074 4071; x_wconf 90' lang='lat' dir='ltr'><strong>et</strong></span> <span class='ocrx_word' id='word_1_392' title='bbox 1127 4013 1257 4069; x_wconf 84' lang='lat' dir='ltr'><strong>aliis</strong></span> <span class='ocrx_word' id='word_1_393' title='bbox 1312 4012 1374 4069; x_wconf 90' lang='lat' dir='ltr'><strong>in</strong></span> <span class='ocrx_word' id='word_1_394' title='bbox 1425 4029 1712 4068; x_wconf 90' lang='lat' dir='ltr'><strong>carcerem</strong></span> <span class='ocrx_word' id='word_1_395' title='bbox 1774 4015 2072 4084; x_wconf 87' lang='lat' dir='ltr'><strong>conjectis,</strong></span> 
     </span>
    </p>
   </div>
   <div class='ocr_carea' id='block_1_61' title="bbox 417 4101 2071 4172">
    <p class='ocr_par' dir='ltr' id='par_1_61' title="bbox 417 4101 2071 4172">
     <span class='ocr_line' id='line_1_61' title="bbox 417 4101 2071 4172; baseline -0.005 -5"><span class='ocrx_word' id='word_1_396' title='bbox 417 4109 549 4167; x_wconf 89' lang='lat' dir='ltr'><strong>aliis</strong></span> <span class='ocrx_word' id='word_1_397' title='bbox 581 4108 639 4162; x_wconf 90' lang='lat' dir='ltr'><strong>in</strong></span> <span class='ocrx_word' id='word_1_398' title='bbox 666 4106 940 4163; x_wconf 84' lang='lat' dir='ltr'><strong>exsilium</strong></span> <span class='ocrx_word' id='word_1_399' title='bbox 1002 4105 1171 4172; x_wconf 88' lang='lat' dir='ltr'><strong>actis,</strong></span> <span class='ocrx_word' id='word_1_400' title='bbox 1223 4102 1356 4158; x_wconf 90' lang='lat' dir='ltr'><strong>aliis</strong></span> <span class='ocrx_word' id='word_1_401' title='bbox 1407 4101 1577 4157; x_wconf 89' lang='lat' dir='ltr'><strong>aliter</strong></span> <span class='ocrx_word' id='word_1_402' title='bbox 1618 4103 1904 4168; x_wconf 88' lang='lat' dir='ltr'><strong>multatis,</strong></span> <span class='ocrx_word' id='word_1_403' title='bbox 1938 4120 2071 4159; x_wconf 91' lang='lat' dir='ltr'><strong>cum</strong></span> 
     </span>
    </p>
   </div>
   <div class='ocr_carea' id='block_1_62' title="bbox 422 4191 2072 4270">
    <p class='ocr_par' dir='ltr' id='par_1_62' title="bbox 422 4191 2072 4270">
     <span class='ocr_line' id='line_1_62' title="bbox 422 4191 2072 4270; baseline -0.005 -16"><span class='ocrx_word' id='word_1_404' title='bbox 422 4214 638 4270; x_wconf 86' lang='lat' dir='ltr'><strong>paucos</strong></span> <span class='ocrx_word' id='word_1_405' title='bbox 699 4197 1014 4251; x_wconf 87' lang='lat' dir='ltr'><strong>admodum</strong></span> <span class='ocrx_word' id='word_1_406' title='bbox 1101 4191 1355 4262; x_wconf 89' lang='lat' dir='ltr'><strong>reliquos</strong></span> <span class='ocrx_word' id='word_1_407' title='bbox 1435 4207 1564 4246; x_wconf 87' lang='lat' dir='ltr'><strong>esse</strong></span> <span class='ocrx_word' id='word_1_408' title='bbox 1635 4200 1914 4258; x_wconf 80' lang='lat' dir='ltr'><strong>cerneret,</strong></span> <span class='ocrx_word' id='word_1_409' title='bbox 1972 4193 2072 4262; x_wconf 89' lang='lat' dir='ltr'><strong>qui</strong></span> 
     </span>
    </p>
   </div>
   <div class='ocr_carea' id='block_1_63' title="bbox 423 4278 2071 4357">
    <p class='ocr_par' dir='ltr' id='par_1_63' title="bbox 423 4278 2071 4357">
     <span class='ocr_line' id='line_1_63' title="bbox 423 4278 2071 4357; baseline -0.007 -14"><span class='ocrx_word' id='word_1_410' title='bbox 423 4289 643 4344; x_wconf 88' lang='lat' dir='ltr'><strong>omissa</strong></span> <span class='ocrx_word' id='word_1_411' title='bbox 717 4283 1054 4357; x_wconf 87' lang='lat' dir='ltr'><strong>pertinacia,</strong></span> <span class='ocrx_word' id='word_1_412' title='bbox 1145 4281 1459 4336; x_wconf 89' lang='lat' dir='ltr'><strong>errantium</strong></span> <span class='ocrx_word' id='word_1_413' title='bbox 1523 4278 1830 4334; x_wconf 88' lang='lat' dir='ltr'><strong>stellarum</strong></span> <span class='ocrx_word' id='word_1_414' title='bbox 1890 4296 2071 4345; x_wconf 86' lang='lat' dir='ltr'><strong>more,</strong></span> 
     </span>
    </p>
   </div>
   <div class='ocr_carea' id='block_1_64' title="bbox 419 4368 2071 4434">
    <p class='ocr_par' dir='ltr' id='par_1_64' title="bbox 419 4368 2071 4434">
     <span class='ocr_line' id='line_1_64' title="bbox 419 4368 2071 4434; baseline -0.005 -4"><span class='ocrx_word' id='word_1_415' title='bbox 419 4393 596 4432; x_wconf 87' lang='lat' dir='ltr'><strong>cursu</strong></span> <span class='ocrx_word' id='word_1_416' title='bbox 645 4377 703 4430; x_wconf 88' lang='lat' dir='ltr'><strong>in</strong></span> <span class='ocrx_word' id='word_1_417' title='bbox 766 4373 1124 4429; x_wconf 88' lang='lat' dir='ltr'><strong>contrarium</strong></span> <span class='ocrx_word' id='word_1_418' title='bbox 1176 4372 1400 4425; x_wconf 88' lang='lat' dir='ltr'><strong>mutato</strong></span> <span class='ocrx_word' id='word_1_419' title='bbox 1451 4368 1563 4424; x_wconf 88' lang='lat' dir='ltr'><strong>sibi</strong></span> <span class='ocrx_word' id='word_1_420' title='bbox 1607 4368 1931 4434; x_wconf 85' lang='lat' dir='ltr'><strong>studerent,</strong></span> <span class='ocrx_word' id='word_1_421' title='bbox 1970 4369 2071 4422; x_wconf 88' lang='lat' dir='ltr'><strong>do-</strong></span> 
     </span>
    </p>
   </div>
   <div class='ocr_carea' id='block_1_65' title="bbox 423 4458 2072 4532">
    <p class='ocr_par' dir='ltr' id='par_1_65' title="bbox 423 4458 2072 4532">
     <span class='ocr_line' id='line_1_65' title="bbox 423 4458 2072 4532; baseline -0.004 -14"><span class='ocrx_word' id='word_1_422' title='bbox 423 4466 590 4518; x_wconf 66' lang='lat' dir='ltr'><strong>minae</strong></span> <span class='ocrx_word' id='word_1_423' title='bbox 625 4462 932 4532; x_wconf 88' lang='lat' dir='ltr'><strong>perniciem</strong></span> <span class='ocrx_word' id='word_1_424' title='bbox 991 4459 1271 4524; x_wconf 81' lang='lat' dir='ltr'><strong>molitur;</strong></span> <span class='ocrx_word' id='word_1_425' title='bbox 1302 4474 1367 4514; x_wconf 86' lang='lat' dir='ltr'><strong>ac</strong></span> <span class='ocrx_word' id='word_1_426' title='bbox 1399 4461 1531 4531; x_wconf 90' lang='lat' dir='ltr'><strong>post</strong></span> <span class='ocrx_word' id='word_1_427' title='bbox 1577 4458 1772 4512; x_wconf 88' lang='lat' dir='ltr'><strong>varias</strong></span> <span class='ocrx_word' id='word_1_428' title='bbox 1800 4458 2072 4512; x_wconf 89' lang='lat' dir='ltr'><strong>crimina-</strong></span> 
     </span>
    </p>
   </div>
   <div class='ocr_carea' id='block_1_66' title="bbox 427 4546 2074 4616">
    <p class='ocr_par' dir='ltr' id='par_1_66' title="bbox 427 4546 2074 4616">
     <span class='ocr_line' id='line_1_66' title="bbox 427 4546 2074 4616; baseline -0.001 -13"><span class='ocrx_word' id='word_1_429' title='bbox 427 4552 610 4606; x_wconf 87' lang='lat' dir='ltr'><strong>tiones</strong></span> <span class='ocrx_word' id='word_1_430' title='bbox 670 4551 942 4604; x_wconf 88' lang='lat' dir='ltr'><strong>miseram</strong></span> <span class='ocrx_word' id='word_1_431' title='bbox 1003 4547 1304 4603; x_wconf 83' lang='lat' dir='ltr'><strong>mulierem</strong></span> <span class='ocrx_word' id='word_1_432' title='bbox 1380 4546 1624 4602; x_wconf 92' lang='lat' dir='ltr'><strong>concilio</strong></span> <span class='ocrx_word' id='word_1_433' title='bbox 1686 4563 1950 4616; x_wconf 90' lang='lat' dir='ltr'><strong>suorum,</strong></span> <span class='ocrx_word' id='word_1_434' title='bbox 2017 4553 2074 4603; x_wconf 89' lang='lat' dir='ltr'><strong>et</strong></span> 
     </span>
    </p>
   </div>
   <div class='ocr_carea' id='block_1_67' title="bbox 2201 1960 3854 2038">
    <p class='ocr_par' dir='ltr' id='par_1_67' title="bbox 2201 1960 3854 2038">
     <span class='ocr_line' id='line_1_67' title="bbox 2201 1960 3854 2038; baseline 0.004 -24"><span class='ocrx_word' id='word_1_435' title='bbox 2201 1960 2290 2014; x_wconf 83' lang='grc' dir='ltr'>καὶ</span> <span class='ocrx_word' id='word_1_436' title='bbox 2320 1963 2354 2029; x_wconf 78' lang='grc' dir='ltr'>ἡ</span> <span class='ocrx_word' id='word_1_437' title='bbox 2389 1961 2694 2025; x_wconf 80' lang='grc' dir='ltr'>συνέλευσις</span> <span class='ocrx_word' id='word_1_438' title='bbox 2742 1963 2830 2016; x_wconf 85' lang='grc' dir='ltr'><strong>καὶ</strong></span> <span class='ocrx_word' id='word_1_439' title='bbox 2872 1965 2906 2031; x_wconf 86' lang='grc' dir='ltr'><strong>ἡ</strong></span> <span class='ocrx_word' id='word_1_440' title='bbox 2967 1963 3092 2038; x_wconf 78' lang='grc' dir='ltr'>περὶ</span> <span class='ocrx_word' id='word_1_441' title='bbox 3148 1967 3254 2016; x_wconf 83' lang='grc' dir='ltr'>τῶν</span> <span class='ocrx_word' id='word_1_442' title='bbox 3317 1964 3696 2037; x_wconf 69' lang='grc' dir='ltr'>προκειμένων</span> <span class='ocrx_word' id='word_1_443' title='bbox 3754 1965 3854 2034; x_wconf 77' lang='grc' dir='ltr'>ἐξέ-</span> 
     </span>
    </p>
   </div>
   <div class='ocr_carea' id='block_1_68' title="bbox 2199 2051 3858 2126">
    <p class='ocr_par' dir='ltr' id='par_1_68' title="bbox 2199 2051 3858 2126">
     <span class='ocr_line' id='line_1_68' title="bbox 2199 2051 3858 2126; baseline 0.004 -24"><span class='ocrx_word' id='word_1_444' title='bbox 2199 2070 2352 2111; x_wconf 86' lang='grc' dir='ltr'>τασις</span> <span class='ocrx_word' id='word_1_445' title='bbox 2413 2051 2549 2106; x_wconf 85' lang='grc' dir='ltr'><strong>κατά</strong></span> <span class='ocrx_word' id='word_1_446' title='bbox 2599 2051 2830 2126; x_wconf 80' lang='grc' dir='ltr'>γνώμην</span> <span class='ocrx_word' id='word_1_447' title='bbox 2911 2052 3122 2126; x_wconf 87' lang='grc' dir='ltr'>γίνεται</span> <span class='ocrx_word' id='word_1_448' title='bbox 3205 2057 3302 2106; x_wconf 79' lang='grc' dir='ltr'><strong>τοῦ</strong></span> <span class='ocrx_word' id='word_1_449' title='bbox 3379 2057 3714 2126; x_wconf 76' lang='grc' dir='ltr'>κρατοῦντος</span> <span class='ocrx_word' id='word_1_450' title='bbox 3773 2055 3858 2108; x_wconf 81' lang='grc' dir='ltr'>καί</span> 
     </span>
    </p>
   </div>
   <div class='ocr_carea' id='block_1_69' title="bbox 2201 2137 3853 2219">
    <p class='ocr_par' dir='ltr' id='par_1_69' title="bbox 2201 2137 3853 2219">
     <span class='ocr_line' id='line_1_69' title="bbox 2201 2137 3853 2219; baseline 0.003 -27"><span class='ocrx_word' id='word_1_451' title='bbox 2201 2139 2450 2212; x_wconf 83' lang='grc' dir='ltr'>ὁρισμόν’</span> <span class='ocrx_word' id='word_1_452' title='bbox 2485 2140 2514 2194; x_wconf 85' lang='grc' dir='ltr'><strong>ὁ</strong></span> <span class='ocrx_word' id='word_1_453' title='bbox 2564 2137 2608 2194; x_wconf 87' lang='grc' dir='ltr'>δ’</span> <span class='ocrx_word' id='word_1_454' title='bbox 2661 2137 3009 2213; x_wconf 83' lang='grc' dir='ltr'>Ἀνδρόνικος</span> <span class='ocrx_word' id='word_1_455' title='bbox 3069 2141 3144 2202; x_wconf 89' lang='grc' dir='ltr'><strong>ὡς</strong></span> <span class='ocrx_word' id='word_1_456' title='bbox 3204 2143 3510 2216; x_wconf 85' lang='grc' dir='ltr'>βουκέντρῳ</span> <span class='ocrx_word' id='word_1_457' title='bbox 3569 2147 3650 2213; x_wconf 78' lang='grc' dir='ltr'>τῷ</span> <span class='ocrx_word' id='word_1_458' title='bbox 3697 2141 3853 2219; x_wconf 75' lang='grc' dir='ltr'>λόγῳ</span> 
     </span>
    </p>
   </div>
   <div class='ocr_carea' id='block_1_70' title="bbox 2196 2228 3854 2308">
    <p class='ocr_par' dir='ltr' id='par_1_70' title="bbox 2196 2228 3854 2308">
     <span class='ocr_line' id='line_1_70' title="bbox 2196 2228 3854 2308; baseline 0.002 -26"><span class='ocrx_word' id='word_1_459' title='bbox 2196 2229 2376 2299; x_wconf 84' lang='grc' dir='ltr'>τούτῳ</span> <span class='ocrx_word' id='word_1_460' title='bbox 2406 2228 2656 2304; x_wconf 73' lang='grc' dir='ltr'>τρωθεὶς,</span> <span class='ocrx_word' id='word_1_461' title='bbox 2687 2253 2714 2281; x_wconf 84' lang='grc' dir='ltr'>ι(</span> <span class='ocrx_word' id='word_1_462' title='bbox 2748 2231 2915 2286; x_wconf 80' lang='grc' dir='ltr'>Οὗτοί</span> <span class='ocrx_word' id='word_1_463' title='bbox 2950 2230 3110 2301; x_wconf 73' lang='grc' dir='ltr'>εἰσιν,</span> <span class='ocrx_word' id='word_1_464' title='bbox 3155 2255 3182 2281; x_wconf 89' lang='grc'><strong>››</strong></span> <span class='ocrx_word' id='word_1_465' title='bbox 3215 2228 3430 2308; x_wconf 82' lang='grc' dir='ltr'>ἔφησεν,</span> <span class='ocrx_word' id='word_1_466' title='bbox 3456 2255 3483 2282; x_wconf 86' lang='grc' dir='ltr'>ι(</span> <span class='ocrx_word' id='word_1_467' title='bbox 3509 2232 3562 2285; x_wconf 72' lang='grc' dir='ltr'>οἱ</span> <span class='ocrx_word' id='word_1_468' title='bbox 3580 2233 3675 2286; x_wconf 81' lang='grc' dir='ltr'>’τὸν</span> <span class='ocrx_word' id='word_1_469' title='bbox 3701 2253 3854 2305; x_wconf 83' lang='grc' dir='ltr'>πρω-</span> 
     </span>
    </p>
   </div>
   <div class='ocr_carea' id='block_1_71' title="bbox 2197 2311 3852 2394">
    <p class='ocr_par' dir='ltr' id='par_1_71' title="bbox 2197 2311 3852 2394">
     <span class='ocr_line' id='line_1_71' title="bbox 2197 2311 3852 2394; baseline 0.003 -24"><span class='ocrx_word' id='word_1_470' title='bbox 2197 2311 2519 2372; x_wconf 81' lang='grc' dir='ltr'>τοσεϐαστὸν</span> <span class='ocrx_word' id='word_1_471' title='bbox 2565 2317 2846 2394; x_wconf 78' lang='grc' dir='ltr'>ἐνάγοντες</span> <span class='ocrx_word' id='word_1_472' title='bbox 2901 2319 2976 2380; x_wconf 85' lang='grc' dir='ltr'><strong>εἰς</strong></span> <span class='ocrx_word' id='word_1_473' title='bbox 3023 2320 3085 2374; x_wconf 84' lang='grc' dir='ltr'>τὸ</span> <span class='ocrx_word' id='word_1_474' title='bbox 3135 2319 3200 2373; x_wconf 71' lang='grc' dir='ltr'><strong>τὰ</strong></span> <span class='ocrx_word' id='word_1_475' title='bbox 3239 2319 3410 2374; x_wconf 80' lang='grc' dir='ltr'>ἃτοπα</span> <span class='ocrx_word' id='word_1_476' title='bbox 3453 2316 3604 2394; x_wconf 70' lang='grc' dir='ltr'>δρᾷΨ</span> <span class='ocrx_word' id='word_1_477' title='bbox 3639 2319 3852 2375; x_wconf 75' lang='grc' dir='ltr'>συλλά-</span> 
     </span>
    </p>
   </div>
   <div class='ocr_carea' id='block_1_72' title="bbox 2199 2402 3851 2489">
    <p class='ocr_par' dir='ltr' id='par_1_72' title="bbox 2199 2402 3851 2489">
     <span class='ocr_line' id='line_1_72' title="bbox 2199 2402 3851 2489; baseline 0.002 -28"><span class='ocrx_word' id='word_1_478' title='bbox 2199 2402 2320 2462; x_wconf 74' lang='grc' dir='ltr'>ϐετε</span> <span class='ocrx_word' id='word_1_479' title='bbox 2358 2405 2573 2470; x_wconf 72' lang='grc' dir='ltr'>αὺτούς.</span> <span class='ocrx_word' id='word_1_480' title='bbox 2607 2431 2633 2461; x_wconf 72' lang='grc' dir='ltr'>ι</span> <span class='ocrx_word' id='word_1_481' title='bbox 2680 2411 2781 2465; x_wconf 82' lang='grc' dir='ltr'>Καὶ</span> <span class='ocrx_word' id='word_1_482' title='bbox 2811 2411 2873 2464; x_wconf 86' lang='grc' dir='ltr'>τὸ</span> <span class='ocrx_word' id='word_1_483' title='bbox 2904 2410 3008 2465; x_wconf 85' lang='grc' dir='ltr'><strong>ἀπὸ</strong></span> <span class='ocrx_word' id='word_1_484' title='bbox 3040 2408 3199 2466; x_wconf 78' lang='grc' dir='ltr'>τοῦδε</span> <span class='ocrx_word' id='word_1_485' title='bbox 3230 2412 3282 2464; x_wconf 76' lang='grc' dir='ltr'>οἱ</span> <span class='ocrx_word' id='word_1_486' title='bbox 3317 2412 3413 2483; x_wconf 75' lang='grc' dir='ltr'>μὲν</span> <span class='ocrx_word' id='word_1_487' title='bbox 3446 2408 3742 2489; x_wconf 84' lang='grc' dir='ltr'>δορυφόροι</span> <span class='ocrx_word' id='word_1_488' title='bbox 3785 2415 3851 2465; x_wconf 77' lang='grc' dir='ltr'><strong>τα</strong></span> 
     </span>
    </p>
   </div>
   <div class='ocr_carea' id='block_1_73' title="bbox 2197 2492 3839 2576">
    <p class='ocr_par' dir='ltr' id='par_1_73' title="bbox 2197 2492 3839 2576">
     <span class='ocr_line' id='line_1_73' title="bbox 2197 2492 3839 2576; baseline 0.004 -28"><span class='ocrx_word' id='word_1_489' title='bbox 2197 2494 2283 2549; x_wconf 78' lang='grc' dir='ltr'><strong>ἐπὶ</strong></span> <span class='ocrx_word' id='word_1_490' title='bbox 2363 2500 2472 2550; x_wconf 80' lang='grc' dir='ltr'>τῶν</span> <span class='ocrx_word' id='word_1_491' title='bbox 2532 2492 2700 2569; x_wconf 78' lang='grc' dir='ltr'>ὤμων</span> <span class='ocrx_word' id='word_1_492' title='bbox 2761 2497 3088 2570; x_wconf 84' lang='grc' dir='ltr'>ἐτερόθηκτα</span> <span class='ocrx_word' id='word_1_493' title='bbox 3162 2498 3286 2576; x_wconf 82' lang='grc' dir='ltr'>ξίφη</span> <span class='ocrx_word' id='word_1_494' title='bbox 3347 2499 3420 2560; x_wconf 82' lang='grc' dir='ltr'>ὡς</span> <span class='ocrx_word' id='word_1_495' title='bbox 3487 2499 3839 2572; x_wconf 78' lang='grc' dir='ltr'>καθιξόμενοι</span> 
     </span>
    </p>
   </div>
   <div class='ocr_carea' id='block_1_74' title="bbox 2195 2583 3845 2667">
    <p class='ocr_par' dir='ltr' id='par_1_74' title="bbox 2195 2583 3845 2667">
     <span class='ocr_line' id='line_1_74' title="bbox 2195 2583 3845 2667; baseline 0.002 -29"><span class='ocrx_word' id='word_1_496' title='bbox 2195 2586 2550 2658; x_wconf 72' lang='grc' dir='ltr'>κατήνεγκαν·</span> <span class='ocrx_word' id='word_1_497' title='bbox 2585 2588 2612 2640; x_wconf 98' lang='lat'><strong>6</strong></span> <span class='ocrx_word' id='word_1_498' title='bbox 2646 2583 2701 2640; x_wconf 76' lang='grc' dir='ltr'>δὲ</span> <span class='ocrx_word' id='word_1_499' title='bbox 2727 2584 2902 2659; x_wconf 86' lang='grc' dir='ltr'>δῆμος</span> <span class='ocrx_word' id='word_1_500' title='bbox 2935 2585 3066 2661; x_wconf 80' lang='grc' dir='ltr'>τῇδέ</span> <span class='ocrx_word' id='word_1_501' title='bbox 3094 2608 3152 2642; x_wconf 90' lang='grc' dir='ltr'><strong>τε</strong></span> <span class='ocrx_word' id='word_1_502' title='bbox 3189 2588 3402 2643; x_wconf 86' lang='grc' dir='ltr'>κάκεῖσε</span> <span class='ocrx_word' id='word_1_503' title='bbox 3450 2593 3559 2643; x_wconf 82' lang='grc' dir='ltr'><strong>τῶν</strong></span> <span class='ocrx_word' id='word_1_504' title='bbox 3609 2589 3845 2667; x_wconf 63' lang='grc' dir='ltr'>χλαμόο</span> 
     </span>
    </p>
   </div>
   <div class='ocr_carea' id='block_1_75' title="bbox 2195 2668 3845 2752">
    <p class='ocr_par' dir='ltr' id='par_1_75' title="bbox 2195 2668 3845 2752">
     <span class='ocr_line' id='line_1_75' title="bbox 2195 2668 3845 2752; baseline 0.004 -27"><span class='ocrx_word' id='word_1_505' title='bbox 2195 2668 2300 2726; x_wconf 86' lang='grc' dir='ltr'><strong>δων</strong></span> <span class='ocrx_word' id='word_1_506' title='bbox 2333 2669 2631 2746; x_wconf 79' lang='grc' dir='ltr'>λαϐόμενοι</span> <span class='ocrx_word' id='word_1_507' title='bbox 2663 2677 2976 2752; x_wconf 73' lang='grc' dir='ltr'>περιέφερον</span> <span class='ocrx_word' id='word_1_508' title='bbox 3009 2675 3137 2738; x_wconf 82' lang='grc' dir='ltr'>τοὺς</span> <span class='ocrx_word' id='word_1_509' title='bbox 3193 2674 3389 2751; x_wconf 76' lang='grc' dir='ltr'>ἄνδρας</span> <span class='ocrx_word' id='word_1_510' title='bbox 3446 2679 3562 2750; x_wconf 84' lang='grc' dir='ltr'>μεθ’</span> <span class='ocrx_word' id='word_1_511' title='bbox 3608 2673 3845 2751; x_wconf 76' lang='grc' dir='ltr'>ὓϐρεως,</span> 
     </span>
    </p>
   </div>
   <div class='ocr_carea' id='block_1_76' title="bbox 2192 2761 3848 2840">
    <p class='ocr_par' dir='ltr' id='par_1_76' title="bbox 2192 2761 3848 2840">
     <span class='ocr_line' id='line_1_76' title="bbox 2192 2761 3848 2840; baseline 0.003 -25"><span class='ocrx_word' id='word_1_512' title='bbox 2192 2761 2266 2822; x_wconf 88' lang='grc' dir='ltr'>ὡς</span> <span class='ocrx_word' id='word_1_513' title='bbox 2299 2761 2460 2834; x_wconf 85' lang='grc' dir='ltr'>μόλις</span> <span class='ocrx_word' id='word_1_514' title='bbox 2494 2763 2743 2840; x_wconf 79' lang='grc' dir='ltr'>ἐκφυγεῖν</span> <span class='ocrx_word' id='word_1_515' title='bbox 2773 2766 2834 2819; x_wconf 85' lang='grc' dir='ltr'>τὸ</span> <span class='ocrx_word' id='word_1_516' title='bbox 2883 2771 3080 2829; x_wconf 91' lang='grc' dir='ltr'>θανεῖν.</span> <span class='ocrx_word' id='word_1_517' title='bbox 3132 2768 3307 2822; x_wconf 78' lang='grc' dir='ltr'>Τοῦτο</span> <span class='ocrx_word' id='word_1_518' title='bbox 3366 2763 3413 2820; x_wconf 85' lang='grc' dir='ltr'>δ’</span> <span class='ocrx_word' id='word_1_519' title='bbox 3465 2766 3663 2828; x_wconf 86' lang='grc' dir='ltr'>ἀνύσας</span> <span class='ocrx_word' id='word_1_520' title='bbox 3718 2770 3848 2824; x_wconf 77' lang='grc' dir='ltr'><strong>Ἀνο</strong></span> 
     </span>
    </p>
   </div>
   <div class='ocr_carea' id='block_1_77' title="bbox 2191 2847 3840 2933">
    <p class='ocr_par' dir='ltr' id='par_1_77' title="bbox 2191 2847 3840 2933">
     <span class='ocr_line' id='line_1_77' title="bbox 2191 2847 3840 2933; baseline 0.005 -29"><span class='ocrx_word' id='word_1_521' title='bbox 2191 2847 2439 2924; x_wconf 87' lang='grc' dir='ltr'>δρόνικος</span> <span class='ocrx_word' id='word_1_522' title='bbox 2496 2858 2612 2915; x_wconf 89' lang='grc' dir='ltr'>τοῖς</span> <span class='ocrx_word' id='word_1_523' title='bbox 2666 2860 2949 2928; x_wconf 86' lang='grc' dir='ltr'>μεγιστᾶσι</span> <span class='ocrx_word' id='word_1_524' title='bbox 3010 2850 3293 2927; x_wconf 83' lang='grc' dir='ltr'>μετέπεινα</span> <span class='ocrx_word' id='word_1_525' title='bbox 3350 2855 3629 2933; x_wconf 82' lang='grc' dir='ltr'>ἐπεφύετο.</span> <span class='ocrx_word' id='word_1_526' title='bbox 3673 2859 3741 2914; x_wconf 72' lang='lat' dir='ltr'><strong>Oi</strong></span> <span class='ocrx_word' id='word_1_527' title='bbox 3785 2856 3840 2912; x_wconf 75' lang='grc' dir='ltr'>δὲ</span> 
     </span>
    </p>
   </div>
   <div class='ocr_carea' id='block_1_78' title="bbox 2188 2939 3835 3018">
    <p class='ocr_par' dir='ltr' id='par_1_78' title="bbox 2188 2939 3835 3018">
     <span class='ocr_line' id='line_1_78' title="bbox 2188 2939 3835 3018; baseline 0.004 -26"><span class='ocrx_word' id='word_1_528' title='bbox 2188 2939 2262 3000; x_wconf 87' lang='grc' dir='ltr'><strong>ὡς</strong></span> <span class='ocrx_word' id='word_1_529' title='bbox 2294 2939 2392 2994; x_wconf 82' lang='grc' dir='ltr'><strong>ούκ</strong></span> <span class='ocrx_word' id='word_1_530' title='bbox 2421 2941 2614 2996; x_wconf 84' lang='grc' dir='ltr'>ἀνεκτά</span> <span class='ocrx_word' id='word_1_531' title='bbox 2642 2944 2708 2996; x_wconf 77' lang='grc' dir='ltr'><strong>τὰ</strong></span> <span class='ocrx_word' id='word_1_532' title='bbox 2755 2947 2977 2998; x_wconf 79' lang='grc' dir='ltr'>τοιαῦτα</span> <span class='ocrx_word' id='word_1_533' title='bbox 3026 2942 3154 3018; x_wconf 81' lang='grc' dir='ltr'>ἔργα</span> <span class='ocrx_word' id='word_1_534' title='bbox 3200 2942 3546 3018; x_wconf 71' lang='grc' dir='ltr'>ὑφορώμενοι</span> <span class='ocrx_word' id='word_1_535' title='bbox 3595 2946 3686 2999; x_wconf 85' lang='grc' dir='ltr'><strong>καὶ</strong></span> <span class='ocrx_word' id='word_1_536' title='bbox 3735 2947 3835 3014; x_wconf 71' lang='grc' dir='ltr'>τὴν</span> 
     </span>
    </p>
   </div>
   <div class='ocr_carea' id='block_1_79' title="bbox 2191 3027 3838 3112">
    <p class='ocr_par' dir='ltr' id='par_1_79' title="bbox 2191 3027 3838 3112">
     <span class='ocr_line' id='line_1_79' title="bbox 2191 3027 3838 3112; baseline 0.004 -31"><span class='ocrx_word' id='word_1_537' title='bbox 2191 3027 2551 3085; x_wconf 84' lang='grc' dir='ltr'>Κυκλώπειον</span> <span class='ocrx_word' id='word_1_538' title='bbox 2622 3029 2870 3105; x_wconf 76' lang='grc' dir='ltr'>ἃντικρυς</span> <span class='ocrx_word' id='word_1_539' title='bbox 2916 3033 3022 3105; x_wconf 87' lang='grc' dir='ltr'><strong>πρὸ</strong></span> <span class='ocrx_word' id='word_1_540' title='bbox 3072 3031 3369 3109; x_wconf 79' lang='grc' dir='ltr'>ὀφθαλμῶν</span> <span class='ocrx_word' id='word_1_541' title='bbox 3410 3033 3632 3112; x_wconf 81' lang='grc' dir='ltr'>ἔχοντες</span> <span class='ocrx_word' id='word_1_542' title='bbox 3671 3055 3838 3088; x_wconf 80' lang='grc' dir='ltr'>κατα-</span> 
     </span>
    </p>
   </div>
   <div class='ocr_carea' id='block_1_80' title="bbox 2189 3116 3840 3191">
    <p class='ocr_par' dir='ltr' id='par_1_80' title="bbox 2189 3116 3840 3191">
     <span class='ocr_line' id='line_1_80' title="bbox 2189 3116 3840 3191; baseline 0.005 -22"><span class='ocrx_word' id='word_1_543' title='bbox 2189 3116 2456 3188; x_wconf 84' lang='grc' dir='ltr'>θοίνησιν,</span> <span class='ocrx_word' id='word_1_544' title='bbox 2501 3117 2778 3190; x_wconf 71' lang='grc' dir='ltr'>ἀλληλοις</span> <span class='ocrx_word' id='word_1_545' title='bbox 2828 3120 3034 3182; x_wconf 75' lang='grc' dir='ltr'>πίστεις</span> <span class='ocrx_word' id='word_1_546' title='bbox 3083 3118 3261 3184; x_wconf 80' lang='grc' dir='ltr'>δόντες</span> <span class='ocrx_word' id='word_1_547' title='bbox 3305 3143 3364 3176; x_wconf 89' lang='grc' dir='ltr'><strong>τε</strong></span> <span class='ocrx_word' id='word_1_548' title='bbox 3410 3123 3500 3176; x_wconf 85' lang='grc' dir='ltr'><strong>καὶ</strong></span> <span class='ocrx_word' id='word_1_549' title='bbox 3552 3118 3840 3191; x_wconf 74' lang='grc' dir='ltr'>λαϐόντες,</span> 
     </span>
    </p>
   </div>
   <div class='ocr_carea' id='block_1_81' title="bbox 2189 3207 3840 3284">
    <p class='ocr_par' dir='ltr' id='par_1_81' title="bbox 2189 3207 3840 3284">
     <span class='ocr_line' id='line_1_81' title="bbox 2189 3207 3840 3284; baseline 0.005 -26"><span class='ocrx_word' id='word_1_550' title='bbox 2189 3207 2275 3259; x_wconf 79' lang='grc' dir='ltr'><strong>καί</strong></span> <span class='ocrx_word' id='word_1_551' title='bbox 2324 3209 2422 3275; x_wconf 78' lang='grc' dir='ltr'><strong>τήν</strong></span> <span class='ocrx_word' id='word_1_552' title='bbox 2482 3209 2742 3280; x_wconf 83' lang='grc' dir='ltr'>ὁμόνοιαν</span> <span class='ocrx_word' id='word_1_553' title='bbox 2793 3210 3185 3283; x_wconf 76' lang='grc' dir='ltr'>κρατυνάμενοι</span> <span class='ocrx_word' id='word_1_554' title='bbox 3234 3211 3325 3264; x_wconf 84' lang='grc' dir='ltr'><strong>καὶ</strong></span> <span class='ocrx_word' id='word_1_555' title='bbox 3371 3209 3556 3284; x_wconf 78' lang='grc' dir='ltr'>ὅρκοις</span> <span class='ocrx_word' id='word_1_556' title='bbox 3598 3212 3660 3265; x_wconf 85' lang='grc' dir='ltr'>τὸ</span> <span class='ocrx_word' id='word_1_557' title='bbox 3705 3214 3840 3284; x_wconf 62' lang='grc' dir='ltr'>ὁμό-</span> 
     </span>
    </p>
   </div>
   <div class='ocr_carea' id='block_1_82' title="bbox 2885 3296 3294 3372">
    <p class='ocr_par' dir='ltr' id='par_1_82' title="bbox 2885 3296 3294 3372">
     <span class='ocr_line' id='line_1_82' title="bbox 2885 3296 3294 3372; baseline 0.005 -20"><span class='ocrx_word' id='word_1_558' title='bbox 2885 3296 3294 3372; x_wconf 84' lang='grc' dir='ltr'>ἐμπεδώσαντες</span> 
     </span>
    </p>
   </div>
   <div class='ocr_carea' id='block_1_83' title="bbox 2193 3381 3845 3469">
    <p class='ocr_par' dir='ltr' id='par_1_83' title="bbox 2193 3381 3845 3469">
     <span class='ocr_line' id='line_1_83' title="bbox 2193 3381 3845 3469; baseline 0.004 -32"><span class='ocrx_word' id='word_1_559' title='bbox 2193 3381 2379 3438; x_wconf 77' lang='grc' dir='ltr'>δοῦναι</span> <span class='ocrx_word' id='word_1_560' title='bbox 2412 3387 2580 3440; x_wconf 80' lang='grc' dir='ltr'>ὕπνον</span> <span class='ocrx_word' id='word_1_561' title='bbox 2625 3394 2742 3451; x_wconf 87' lang='grc' dir='ltr'>τοῖς</span> <span class='ocrx_word' id='word_1_562' title='bbox 2793 3387 3125 3468; x_wconf 82' lang='grc' dir='ltr'>ὀφθαλμοῖς,</span> <span class='ocrx_word' id='word_1_563' title='bbox 3176 3385 3316 3460; x_wconf 74' lang='grc' dir='ltr'>μηδὲ</span> <span class='ocrx_word' id='word_1_564' title='bbox 3363 3394 3479 3450; x_wconf 89' lang='grc' dir='ltr'>τοῖς</span> <span class='ocrx_word' id='word_1_565' title='bbox 3530 3392 3845 3469; x_wconf 72' lang='grc' dir='ltr'>κροτάφοις,</span> 
     </span>
    </p>
   </div>
   <div class='ocr_carea' id='block_1_84' title="bbox 2186 3470 3843 3551">
    <p class='ocr_par' dir='ltr' id='par_1_84' title="bbox 2186 3470 3843 3551">
     <span class='ocr_line' id='line_1_84' title="bbox 2186 3470 3843 3551; baseline 0.002 -23"><span class='ocrx_word' id='word_1_566' title='bbox 2186 3473 2230 3528; x_wconf 78' lang='grc' dir='ltr'><strong>εἰ</strong></span> <span class='ocrx_word' id='word_1_567' title='bbox 2265 3470 2509 3540; x_wconf 84' lang='grc' dir='ltr'>δυνατὸν,</span> <span class='ocrx_word' id='word_1_568' title='bbox 2564 3477 2935 3551; x_wconf 72' lang='grc' dir='ltr'>παρασχέσθαι</span> <span class='ocrx_word' id='word_1_569' title='bbox 2987 3476 3302 3546; x_wconf 77' lang='grc' dir='ltr'>ἀνάπαυσιν,</span> <span class='ocrx_word' id='word_1_570' title='bbox 3343 3473 3446 3540; x_wconf 80' lang='grc' dir='ltr'>ἕως</span> <span class='ocrx_word' id='word_1_571' title='bbox 3494 3477 3557 3532; x_wconf 72' lang='grc' dir='ltr'><strong>οὗ</strong></span> <span class='ocrx_word' id='word_1_572' title='bbox 3607 3481 3843 3534; x_wconf 65' lang='lat' dir='ltr'><strong>Dave-5:2:</strong></span> 
     </span>
    </p>
   </div>
   <div class='ocr_carea' id='block_1_85' title="bbox 2186 3560 3846 3643">
    <p class='ocr_par' dir='ltr' id='par_1_85' title="bbox 2186 3560 3846 3643">
     <span class='ocr_line' id='line_1_85' title="bbox 2186 3560 3846 3643; baseline 0.004 -28"><span class='ocrx_word' id='word_1_573' title='bbox 2186 3560 2534 3636; x_wconf 79' lang='grc' dir='ltr'>Ἀνδρόνικος</span> <span class='ocrx_word' id='word_1_574' title='bbox 2567 3565 2655 3619; x_wconf 82' lang='grc' dir='ltr'><strong>καὶ</strong></span> <span class='ocrx_word' id='word_1_575' title='bbox 2686 3567 2748 3620; x_wconf 89' lang='grc' dir='ltr'>τὸ</span> <span class='ocrx_word' id='word_1_576' title='bbox 2777 3567 2983 3621; x_wconf 87' lang='grc' dir='ltr'>τούτου</span> <span class='ocrx_word' id='word_1_577' title='bbox 3014 3567 3152 3638; x_wconf 75' lang='grc' dir='ltr'>αἷμα</span> <span class='ocrx_word' id='word_1_578' title='bbox 3196 3568 3300 3638; x_wconf 81' lang='grc' dir='ltr'>πρὸ</span> <span class='ocrx_word' id='word_1_579' title='bbox 3337 3571 3434 3620; x_wconf 77' lang='grc' dir='ltr'>τοῦ</span> <span class='ocrx_word' id='word_1_580' title='bbox 3480 3575 3583 3636; x_wconf 74' lang='grc' dir='ltr'><strong>τῆς</strong></span> <span class='ocrx_word' id='word_1_581' title='bbox 3633 3569 3846 3643; x_wconf 57' lang='grc' dir='ltr'>κόγχης</span> 
     </span>
    </p>
   </div>
   <div class='ocr_carea' id='block_1_86' title="bbox 2185 3654 3846 3730">
    <p class='ocr_par' dir='ltr' id='par_1_86' title="bbox 2185 3654 3846 3730">
     <span class='ocr_line' id='line_1_86' title="bbox 2185 3654 3846 3730; baseline 0.002 -24"><span class='ocrx_word' id='word_1_582' title='bbox 2185 3654 2451 3726; x_wconf 82' lang='grc' dir='ltr'>χρώσειεν</span> <span class='ocrx_word' id='word_1_583' title='bbox 2502 3654 2693 3725; x_wconf 77' lang='grc' dir='ltr'>αὐτου,</span> <span class='ocrx_word' id='word_1_584' title='bbox 2743 3654 2794 3726; x_wconf 77' lang='grc' dir='ltr'>ἐξ</span> <span class='ocrx_word' id='word_1_585' title='bbox 2856 3656 2923 3723; x_wconf 80' lang='grc' dir='ltr'><strong>ἧς</strong></span> <span class='ocrx_word' id='word_1_586' title='bbox 2993 3654 3159 3730; x_wconf 74' lang='grc' dir='ltr'>βάψαι</span> <span class='ocrx_word' id='word_1_587' title='bbox 3217 3657 3317 3724; x_wconf 77' lang='grc' dir='ltr'><strong>τήν</strong></span> <span class='ocrx_word' id='word_1_588' title='bbox 3375 3655 3578 3710; x_wconf 73' lang='grc' dir='ltr'>οἰκείαν</span> <span class='ocrx_word' id='word_1_589' title='bbox 3638 3656 3846 3725; x_wconf 58' lang='grc' dir='ltr'>στολὴν</span> 
     </span>
    </p>
   </div>
   <div class='ocr_carea' id='block_1_87' title="bbox 2187 3742 3841 3820">
    <p class='ocr_par' dir='ltr' id='par_1_87' title="bbox 2187 3742 3841 3820">
     <span class='ocr_line' id='line_1_87' title="bbox 2187 3742 3841 3820; baseline 0.004 -27"><span class='ocrx_word' id='word_1_590' title='bbox 2187 3743 2509 3815; x_wconf 87' lang='grc' dir='ltr'>μειρόμενος</span> <span class='ocrx_word' id='word_1_591' title='bbox 2564 3749 2735 3798; x_wconf 78' lang='grc' dir='ltr'>πᾶσαν</span> <span class='ocrx_word' id='word_1_592' title='bbox 2803 3746 2900 3813; x_wconf 72' lang='grc' dir='ltr'>τὴν</span> <span class='ocrx_word' id='word_1_593' title='bbox 2971 3743 3250 3818; x_wconf 88' lang='grc' dir='ltr'>βασίλειον</span> <span class='ocrx_word' id='word_1_594' title='bbox 3305 3742 3569 3820; x_wconf 76' lang='grc' dir='ltr'>φυταλιάν</span> <span class='ocrx_word' id='word_1_595' title='bbox 3630 3744 3841 3818; x_wconf 77' lang='grc' dir='ltr'>ἐκριζοῖ</span> 
     </span>
    </p>
   </div>
   <div class='ocr_carea' id='block_1_88' title="bbox 2181 3830 3836 3908">
    <p class='ocr_par' dir='ltr' id='par_1_88' title="bbox 2181 3830 3836 3908">
     <span class='ocr_line' id='line_1_88' title="bbox 2181 3830 3836 3908; baseline -0.002 -24"><span class='ocrx_word' id='word_1_596' title='bbox 2181 3831 2271 3884; x_wconf 81' lang='grc' dir='ltr'>καὶ</span> <span class='ocrx_word' id='word_1_597' title='bbox 2303 3830 2376 3891; x_wconf 85' lang='grc' dir='ltr'>ὡς</span> <span class='ocrx_word' id='word_1_598' title='bbox 2417 3831 2610 3904; x_wconf 87' lang='grc' dir='ltr'>μονιὸς</span> <span class='ocrx_word' id='word_1_599' title='bbox 2643 3830 3054 3905; x_wconf 86' lang='grc' dir='ltr'>διαλυμαίνεται</span> <span class='ocrx_word' id='word_1_600' title='bbox 3103 3830 3310 3908; x_wconf 79' lang='grc' dir='ltr'>ἃγριος.</span> <span class='ocrx_word' id='word_1_601' title='bbox 3361 3834 3530 3888; x_wconf 83' lang='grc' dir='ltr'>Ἦσαν</span> <span class='ocrx_word' id='word_1_602' title='bbox 3582 3830 3638 3887; x_wconf 74' lang='grc' dir='ltr'>δὲ</span> <span class='ocrx_word' id='word_1_603' title='bbox 3689 3835 3836 3888; x_wconf 61' lang='grc' dir='ltr'>οὕτω</span> 
     </span>
    </p>
   </div>
   <div class='ocr_carea' id='block_1_89' title="bbox 2184 3919 3834 3996">
    <p class='ocr_par' dir='ltr' id='par_1_89' title="bbox 2184 3919 3834 3996">
     <span class='ocr_line' id='line_1_89' title="bbox 2184 3919 3834 3996; baseline 0.002 -23"><span class='ocrx_word' id='word_1_604' title='bbox 2184 3921 2614 3991; x_wconf 77' lang='grc' dir='ltr'>συνομοσάμενοι</span> <span class='ocrx_word' id='word_1_605' title='bbox 2692 3919 3035 3996; x_wconf 82' lang='grc' dir='ltr'>Ἀνδρόνικος</span> <span class='ocrx_word' id='word_1_606' title='bbox 3112 3923 3140 3976; x_wconf 92' lang='lat'><strong>6</strong></span> <span class='ocrx_word' id='word_1_607' title='bbox 3215 3923 3331 3983; x_wconf 72' lang='grc' dir='ltr'>υίὸς</span> <span class='ocrx_word' id='word_1_608' title='bbox 3406 3925 3503 3975; x_wconf 79' lang='grc' dir='ltr'><strong>τοῦ</strong></span> <span class='ocrx_word' id='word_1_609' title='bbox 3561 3922 3834 3994; x_wconf 79' lang='grc' dir='ltr'>Ἀγγέλου</span> 
     </span>
    </p>
   </div>
   <div class='ocr_carea' id='block_1_90' title="bbox 2185 4009 3829 4087">
    <p class='ocr_par' dir='ltr' id='par_1_90' title="bbox 2185 4009 3829 4087">
     <span class='ocr_line' id='line_1_90' title="bbox 2185 4009 3829 4087; baseline 0 -23"><span class='ocrx_word' id='word_1_610' title='bbox 2185 4010 2609 4078; x_wconf 87' lang='grc' dir='ltr'>Κωνσταντίνου,</span> <span class='ocrx_word' id='word_1_611' title='bbox 2680 4011 2707 4065; x_wconf 92' lang='lat'><strong>6</strong></span> <span class='ocrx_word' id='word_1_612' title='bbox 2755 4010 2924 4087; x_wconf 89' lang='grc' dir='ltr'>μέγας</span> <span class='ocrx_word' id='word_1_613' title='bbox 2975 4009 3097 4080; x_wconf 69' lang='grc' dir='ltr'>δοῦξ</span> <span class='ocrx_word' id='word_1_614' title='bbox 3147 4009 3492 4085; x_wconf 79' lang='grc' dir='ltr'>Ἀνδρόνικος</span> <span class='ocrx_word' id='word_1_615' title='bbox 3531 4011 3557 4064; x_wconf 90' lang='grc' dir='ltr'><strong>ό</strong></span> <span class='ocrx_word' id='word_1_616' title='bbox 3614 4016 3829 4064; x_wconf 84' lang='grc' dir='ltr'>Κοντο-</span> 
     </span>
    </p>
   </div>
   <div class='ocr_carea' id='block_1_91' title="bbox 2183 4096 3834 4170">
    <p class='ocr_par' dir='ltr' id='par_1_91' title="bbox 2183 4096 3834 4170">
     <span class='ocr_line' id='line_1_91' title="bbox 2183 4096 3834 4170; baseline 0.003 -20"><span class='ocrx_word' id='word_1_617' title='bbox 2183 4096 2461 4170; x_wconf 80' lang='grc' dir='ltr'>στὲφανος,</span> <span class='ocrx_word' id='word_1_618' title='bbox 2493 4099 2583 4156; x_wconf 78' lang='grc' dir='ltr'><strong>καὶ</strong></span> <span class='ocrx_word' id='word_1_619' title='bbox 2617 4100 2674 4153; x_wconf 78' lang='grc' dir='ltr'>οἶ</span> <span class='ocrx_word' id='word_1_620' title='bbox 2716 4101 2923 4154; x_wconf 84' lang='grc' dir='ltr'>τούτων</span> <span class='ocrx_word' id='word_1_621' title='bbox 2970 4102 3104 4162; x_wconf 76' lang='grc' dir='ltr'>υἱεῖς</span> <span class='ocrx_word' id='word_1_622' title='bbox 3153 4097 3436 4155; x_wconf 77' lang='grc' dir='ltr'>ἑκκαίδεκα</span> <span class='ocrx_word' id='word_1_623' title='bbox 3478 4097 3648 4169; x_wconf 79' lang='grc' dir='ltr'>ὅντες,</span> <span class='ocrx_word' id='word_1_624' title='bbox 3689 4102 3834 4155; x_wconf 74' lang='grc' dir='ltr'>παν-</span> 
     </span>
    </p>
   </div>
   <div class='ocr_carea' id='block_1_92' title="bbox 3389 3299 3843 3372">
    <p class='ocr_par' dir='ltr' id='par_1_92' title="bbox 3389 3299 3843 3372">
     <span class='ocr_line' id='line_1_92' title="bbox 3389 3299 3843 3372; baseline 0.002 -19"><span class='ocrx_word' id='word_1_625' title='bbox 3389 3299 3668 3354; x_wconf 72' lang='grc' dir='ltr'>συνέθεντο</span> <span class='ocrx_word' id='word_1_626' title='bbox 3767 3303 3843 3372; x_wconf 68' lang='grc' dir='ltr'>μὴ</span> 
     </span>
    </p>
   </div>
   <div class='ocr_carea' id='block_1_93' title="bbox 2179 4188 3834 4264">
    <p class='ocr_par' dir='ltr' id='par_1_93' title="bbox 2179 4188 3834 4264">
     <span class='ocr_line' id='line_1_93' title="bbox 2179 4188 3834 4264; baseline 0.001 -22"><span class='ocrx_word' id='word_1_627' title='bbox 2179 4211 2265 4252; x_wconf 81' lang='grc' dir='ltr'><strong>τις</strong></span> <span class='ocrx_word' id='word_1_628' title='bbox 2321 4188 2544 4260; x_wconf 76' lang='grc' dir='ltr'>ἀκμαῖοι</span> <span class='ocrx_word' id='word_1_629' title='bbox 2595 4191 2683 4243; x_wconf 70' lang='grc' dir='ltr'><strong>καὶ</strong></span> <span class='ocrx_word' id='word_1_630' title='bbox 2749 4189 3017 4264; x_wconf 76' lang='grc' dir='ltr'>ῥομφαίαν</span> <span class='ocrx_word' id='word_1_631' title='bbox 3081 4188 3403 4262; x_wconf 69' lang='grc' dir='ltr'>ἐσπασμένοι</span> <span class='ocrx_word' id='word_1_632' title='bbox 3463 4189 3598 4263; x_wconf 76' lang='grc' dir='ltr'>πρὸς</span> <span class='ocrx_word' id='word_1_633' title='bbox 3658 4188 3834 4244; x_wconf 80' lang='grc' dir='ltr'>πόλε-</span> 
     </span>
    </p>
   </div>
   <div class='ocr_carea' id='block_1_94' title="bbox 2183 4276 3836 4354">
    <p class='ocr_par' dir='ltr' id='par_1_94' title="bbox 2183 4276 3836 4354">
     <span class='ocr_line' id='line_1_94' title="bbox 2183 4276 3836 4354; baseline 0.002 -24"><span class='ocrx_word' id='word_1_634' title='bbox 2183 4298 2306 4348; x_wconf 90' lang='grc' dir='ltr'>μον,</span> <span class='ocrx_word' id='word_1_635' title='bbox 2339 4279 2366 4332; x_wconf 86' lang='grc' dir='ltr'><strong>ὁ</strong></span> <span class='ocrx_word' id='word_1_636' title='bbox 2396 4281 2493 4332; x_wconf 76' lang='grc' dir='ltr'><strong>τοῦ</strong></span> <span class='ocrx_word' id='word_1_637' title='bbox 2552 4279 2636 4351; x_wconf 84' lang='grc' dir='ltr'><strong>[Ρ.</strong></span> <span class='ocrx_word' id='word_1_638' title='bbox 2673 4281 2795 4350; x_wconf 73' lang='grc'><strong>172]</strong></span> <span class='ocrx_word' id='word_1_639' title='bbox 2849 4276 3059 4353; x_wconf 86' lang='grc' dir='ltr'>δρόμου</span> <span class='ocrx_word' id='word_1_640' title='bbox 3109 4277 3406 4354; x_wconf 83' lang='grc' dir='ltr'>λογοθέτης</span> <span class='ocrx_word' id='word_1_641' title='bbox 3441 4280 3469 4332; x_wconf 86' lang='lat'><strong>6</strong></span> <span class='ocrx_word' id='word_1_642' title='bbox 3504 4281 3836 4354; x_wconf 78' lang='grc' dir='ltr'>Καματηρὸς</span> 
     </span>
    </p>
   </div>
   <div class='ocr_carea' id='block_1_95' title="bbox 2183 4364 3837 4441">
    <p class='ocr_par' dir='ltr' id='par_1_95' title="bbox 2183 4364 3837 4441">
     <span class='ocr_line' id='line_1_95' title="bbox 2183 4364 3837 4441; baseline 0 -19"><span class='ocrx_word' id='word_1_643' title='bbox 2183 4365 2486 4435; x_wconf 85' lang='grc' dir='ltr'>Βασίλειος,</span> <span class='ocrx_word' id='word_1_644' title='bbox 2562 4367 2653 4420; x_wconf 76' lang='grc' dir='ltr'><strong>καὶ</strong></span> <span class='ocrx_word' id='word_1_645' title='bbox 2732 4367 2922 4440; x_wconf 82' lang='grc' dir='ltr'>συχνοὶ</span> <span class='ocrx_word' id='word_1_646' title='bbox 2996 4364 3171 4440; x_wconf 63' lang='grc' dir='ltr'>ἕτεροι</span> <span class='ocrx_word' id='word_1_647' title='bbox 3247 4367 3391 4422; x_wconf 85' lang='grc' dir='ltr'>κατὰ</span> <span class='ocrx_word' id='word_1_648' title='bbox 3448 4369 3607 4441; x_wconf 87' lang='grc' dir='ltr'>γένος</span> <span class='ocrx_word' id='word_1_649' title='bbox 3651 4369 3837 4432; x_wconf 78' lang='grc' dir='ltr'>αὐτοῖς</span> 
     </span>
    </p>
   </div>
   <div class='ocr_carea' id='block_1_96' title="bbox 2180 4453 3833 4529">
    <p class='ocr_par' dir='ltr' id='par_1_96' title="bbox 2180 4453 3833 4529">
     <span class='ocr_line' id='line_1_96' title="bbox 2180 4453 3833 4529; baseline 0.001 -21"><span class='ocrx_word' id='word_1_650' title='bbox 2180 4454 2574 4526; x_wconf 78' lang='grc' dir='ltr'>συναπτόμεναι</span> <span class='ocrx_word' id='word_1_651' title='bbox 2605 4455 2694 4509; x_wconf 81' lang='grc' dir='ltr'><strong>καὶ</strong></span> <span class='ocrx_word' id='word_1_652' title='bbox 2726 4454 2913 4518; x_wconf 75' lang='grc' dir='ltr'>ἂλλως</span> <span class='ocrx_word' id='word_1_653' title='bbox 2942 4455 3003 4509; x_wconf 86' lang='grc' dir='ltr'>τὸ</span> <span class='ocrx_word' id='word_1_654' title='bbox 3056 4455 3328 4529; x_wconf 78' lang='grc' dir='ltr'>ἐπίσημον</span> <span class='ocrx_word' id='word_1_655' title='bbox 3375 4453 3618 4529; x_wconf 79' lang='grc' dir='ltr'>ἔχοντες.</span> <span class='ocrx_word' id='word_1_656' title='bbox 3668 4455 3833 4513; x_wconf 76' lang='grc' dir='ltr'>Ἀλλ’</span> 
     </span>
    </p>
   </div>
   <div class='ocr_carea' id='block_1_97' title="bbox 2179 4537 3833 4618">
    <p class='ocr_par' dir='ltr' id='par_1_97' title="bbox 2179 4537 3833 4618">
     <span class='ocr_line' id='line_1_97' title="bbox 2179 4537 3833 4618; baseline 0.002 -23"><span class='ocrx_word' id='word_1_657' title='bbox 2179 4542 2277 4596; x_wconf 77' lang='grc' dir='ltr'><strong>οὐκ</strong></span> <span class='ocrx_word' id='word_1_658' title='bbox 2309 4537 2469 4597; x_wconf 79' lang='grc' dir='ltr'>ἔλαθε</span> <span class='ocrx_word' id='word_1_659' title='bbox 2520 4543 2581 4596; x_wconf 89' lang='grc' dir='ltr'>τὸ</span> <span class='ocrx_word' id='word_1_660' title='bbox 2639 4542 2958 4617; x_wconf 82' lang='grc' dir='ltr'>σύστρεμμα</span> <span class='ocrx_word' id='word_1_661' title='bbox 3014 4563 3104 4596; x_wconf 88' lang='grc' dir='ltr'><strong>τον</strong></span> <span class='ocrx_word' id='word_1_662' title='bbox 3165 4539 3536 4618; x_wconf 83' lang='grc' dir='ltr'>Ἀνδρόνικον,</span> <span class='ocrx_word' id='word_1_663' title='bbox 3603 4545 3705 4598; x_wconf 87' lang='grc' dir='ltr'><strong>ούκ</strong></span> <span class='ocrx_word' id='word_1_664' title='bbox 3759 4545 3833 4606; x_wconf 79' lang='grc' dir='ltr'><strong>εἰς</strong></span> 
     </span>
    </p>
   </div>
   <div class='ocr_carea' id='block_1_98' title="bbox 421 4629 2079 4710">
    <p class='ocr_par' dir='ltr' id='par_1_98' title="bbox 421 4634 2073 4710">
     <span class='ocr_line' id='line_1_98' title="bbox 421 4634 2073 4710; baseline -0.005 -13"><span class='ocrx_word' id='word_1_665' title='bbox 421 4656 625 4697; x_wconf 86' lang='lat' dir='ltr'><strong>eorum</strong></span> <span class='ocrx_word' id='word_1_666' title='bbox 662 4639 930 4710; x_wconf 85' lang='lat' dir='ltr'><strong>judicum</strong></span> <span class='ocrx_word' id='word_1_667' title='bbox 985 4642 1137 4692; x_wconf 76' lang='lat' dir='ltr'><strong>ccetu</strong></span> <span class='ocrx_word' id='word_1_668' title='bbox 1197 4641 1422 4704; x_wconf 86' lang='lat' dir='ltr'><strong>coacto,</strong></span> <span class='ocrx_word' id='word_1_669' title='bbox 1469 4637 1569 4708; x_wconf 86' lang='lat' dir='ltr'><strong>qui</strong></span> <span class='ocrx_word' id='word_1_670' title='bbox 1603 4653 1717 4691; x_wconf 90' lang='lat' dir='ltr'><strong>non</strong></span> <span class='ocrx_word' id='word_1_671' title='bbox 1750 4634 2073 4706; x_wconf 87' lang='lat' dir='ltr'><strong>judicaturi</strong></span> 
     </span>
    </p>
   </div>
   <div class='ocr_carea' id='block_1_99' title="bbox 2187 4629 3834 4710">
    <p class='ocr_par' dir='ltr' id='par_1_99' title="bbox 2187 4629 3834 4710">
     <span class='ocr_line' id='line_1_99' title="bbox 2187 4629 3834 4710; baseline 0 -24"><span class='ocrx_word' id='word_1_672' title='bbox 2187 4629 2338 4693; x_wconf 89' lang='grc' dir='ltr'>τέλος</span> <span class='ocrx_word' id='word_1_673' title='bbox 2399 4630 2696 4710; x_wconf 71' lang='grc' dir='ltr'>ἄφθεγκτον</span> <span class='ocrx_word' id='word_1_674' title='bbox 2755 4632 2844 4686; x_wconf 80' lang='grc' dir='ltr'><strong>καὶ</strong></span> <span class='ocrx_word' id='word_1_675' title='bbox 2910 4632 3136 4709; x_wconf 84' lang='grc' dir='ltr'>κρύφιον</span> <span class='ocrx_word' id='word_1_676' title='bbox 3217 4629 3525 4703; x_wconf 77' lang='grc' dir='ltr'>διαμεῖναν.</span> <span class='ocrx_word' id='word_1_677' title='bbox 3584 4634 3679 4686; x_wconf 89' lang='grc' dir='ltr'><strong>Διό</strong></span> <span class='ocrx_word' id='word_1_678' title='bbox 3741 4633 3834 4686; x_wconf 78' lang='grc' dir='ltr'><strong>καὶ</strong></span> 
     </span>
    </p>
   </div>
   <div class='ocr_carea' id='block_1_100' title="bbox 420 4726 2061 4796">
    <p class='ocr_par' dir='ltr' id='par_1_100' title="bbox 420 4726 2061 4796">
     <span class='ocr_line' id='line_1_100' title="bbox 420 4726 2061 4796; baseline -0.004 -8"><span class='ocrx_word' id='word_1_679' title='bbox 420 4733 567 4788; x_wconf 69' lang='grc'><strong>347</strong></span> <span class='ocrx_word' id='word_1_680' title='bbox 609 4731 710 4784; x_wconf 89' lang='lat' dir='ltr'><strong>sed</strong></span> <span class='ocrx_word' id='word_1_681' title='bbox 765 4727 1094 4782; x_wconf 86' lang='lat' dir='ltr'><strong>damnaturi</strong></span> <span class='ocrx_word' id='word_1_682' title='bbox 1146 4732 1334 4794; x_wconf 87' lang='lat' dir='ltr'><strong>erant,</strong></span> <span class='ocrx_word' id='word_1_683' title='bbox 1385 4726 1732 4796; x_wconf 88' lang='lat' dir='ltr'><strong>proditionis</strong></span> <span class='ocrx_word' id='word_1_684' title='bbox 1781 4732 2061 4783; x_wconf 86' lang='lat' dir='ltr'><strong>accusat:</strong></span> 
     </span>
    </p>
   </div>
   <div class='ocr_carea' id='block_1_101' title="bbox 416 4813 2062 4885">
    <p class='ocr_par' dir='ltr' id='par_1_101' title="bbox 416 4813 2062 4885">
     <span class='ocr_line' id='line_1_101' title="bbox 416 4813 2062 4885; baseline -0.005 -7"><span class='ocrx_word' id='word_1_685' title='bbox 416 4839 542 4878; x_wconf 83' lang='lat' dir='ltr'><strong>eam</strong></span> <span class='ocrx_word' id='word_1_686' title='bbox 570 4821 639 4876; x_wconf 85' lang='lat' dir='ltr'><strong>ad</strong></span> <span class='ocrx_word' id='word_1_687' title='bbox 671 4815 866 4874; x_wconf 87' lang='lat' dir='ltr'><strong>Belam</strong></span> <span class='ocrx_word' id='word_1_688' title='bbox 900 4814 1208 4885; x_wconf 77' lang='lat' dir='ltr'><strong>Uungarite</strong></span> <span class='ocrx_word' id='word_1_689' title='bbox 1256 4830 1472 4884; x_wconf 85' lang='lat' dir='ltr'><strong>regem,</strong></span> <span class='ocrx_word' id='word_1_690' title='bbox 1509 4813 1724 4868; x_wconf 86' lang='lat' dir='ltr'><strong>sororis</strong></span> <span class='ocrx_word' id='word_1_691' title='bbox 1760 4815 2062 4881; x_wconf 89' lang='lat' dir='ltr'><strong>maritum,</strong></span> 
     </span>
    </p>
   </div>
   <div class='ocr_carea' id='block_1_102' title="bbox 414 4902 2064 4974">
    <p class='ocr_par' dir='ltr' id='par_1_102' title="bbox 414 4902 2064 4974">
     <span class='ocr_line' id='line_1_102' title="bbox 414 4902 2064 4974; baseline -0.005 -5"><span class='ocrx_word' id='word_1_692' title='bbox 414 4913 648 4970; x_wconf 81' lang='lat' dir='ltr'><strong>crebras</strong></span> <span class='ocrx_word' id='word_1_693' title='bbox 673 4906 903 4964; x_wconf 81' lang='lat' dir='ltr'><strong>dedisse</strong></span> <span class='ocrx_word' id='word_1_694' title='bbox 936 4904 1176 4968; x_wconf 87' lang='lat' dir='ltr'><strong>litteras,</strong></span> <span class='ocrx_word' id='word_1_695' title='bbox 1203 4906 1258 4958; x_wconf 89' lang='lat' dir='ltr'><strong>et</strong></span> <span class='ocrx_word' id='word_1_696' title='bbox 1282 4903 1511 4974; x_wconf 82' lang='lat' dir='ltr'><strong>magnis</strong></span> <span class='ocrx_word' id='word_1_697' title='bbox 1543 4902 2064 4972; x_wconf 87' lang='lat' dir='ltr'><strong>pollicitationibus</strong></span> 
     </span>
    </p>
   </div>
   <div class='ocr_carea' id='block_1_103' title="bbox 409 4989 2060 5072">
    <p class='ocr_par' dir='ltr' id='par_1_103' title="bbox 409 4989 2060 5072">
     <span class='ocr_line' id='line_1_103' title="bbox 409 4989 2060 5072; baseline -0.016 -12"><span class='ocrx_word' id='word_1_698' title='bbox 409 5020 543 5060; x_wconf 88' lang='lat' dir='ltr'><strong>eum</strong></span> <span class='ocrx_word' id='word_1_699' title='bbox 573 4998 877 5072; x_wconf 85' lang='lat' dir='ltr'><strong>impulisse</strong></span> <span class='ocrx_word' id='word_1_700' title='bbox 909 4999 973 5050; x_wconf 93' lang='lat' dir='ltr'><strong>ut</strong></span> <span class='ocrx_word' id='word_1_701' title='bbox 1021 4991 1400 5049; x_wconf 86' lang='lat' dir='ltr'><strong>Branizobam</strong></span> <span class='ocrx_word' id='word_1_702' title='bbox 1438 4995 1497 5045; x_wconf 91' lang='lat' dir='ltr'><strong>et</strong></span> <span class='ocrx_word' id='word_1_703' title='bbox 1543 4989 1928 5060; x_wconf 82' lang='lat' dir='ltr'><strong>Belligradum</strong></span> <span class='ocrx_word' id='word_1_704' title='bbox 1965 5010 2060 5047; x_wconf 75' lang='lat' dir='ltr'><strong>va-</strong></span> 
     </span>
    </p>
   </div>
   <div class='ocr_carea' id='block_1_104' title="bbox 405 5080 2063 5161">
    <p class='ocr_par' dir='ltr' id='par_1_104' title="bbox 405 5080 2063 5161">
     <span class='ocr_line' id='line_1_104' title="bbox 405 5080 2063 5161; baseline -0.005 -16"><span class='ocrx_word' id='word_1_705' title='bbox 405 5097 602 5151; x_wconf 78' lang='lat' dir='ltr'><strong>staret.</strong></span> <span class='ocrx_word' id='word_1_706' title='bbox 663 5096 859 5161; x_wconf 87' lang='lat' dir='ltr'><strong>Itaque</strong></span> <span class='ocrx_word' id='word_1_707' title='bbox 918 5086 973 5140; x_wconf 90' lang='lat' dir='ltr'><strong>in</strong></span> <span class='ocrx_word' id='word_1_708' title='bbox 1027 5080 1515 5156; x_wconf 81' lang='lat' dir='ltr'><strong>augustissimum</strong></span> <span class='ocrx_word' id='word_1_709' title='bbox 1561 5095 1850 5135; x_wconf 85' lang='lat' dir='ltr'><strong>carcerem</strong></span> <span class='ocrx_word' id='word_1_710' title='bbox 1886 5098 2063 5153; x_wconf 89' lang='lat' dir='ltr'><strong>prope</strong></span> 
     </span>
    </p>
   </div>
   <div class='ocr_carea' id='block_1_105' title="bbox 405 5169 2060 5244">
    <p class='ocr_par' dir='ltr' id='par_1_105' title="bbox 405 5169 2060 5244">
     <span class='ocr_line' id='line_1_105' title="bbox 405 5169 2060 5244; baseline -0.009 -3"><span class='ocrx_word' id='word_1_711' title='bbox 405 5185 463 5241; x_wconf 91' lang='lat' dir='ltr'><strong>S.</strong></span> <span class='ocrx_word' id='word_1_712' title='bbox 501 5181 798 5240; x_wconf 86' lang='lat' dir='ltr'><strong>Diomedis</strong></span> <span class='ocrx_word' id='word_1_713' title='bbox 839 5173 1263 5233; x_wconf 88' lang='lat' dir='ltr'><strong>monasterium</strong></span> <span class='ocrx_word' id='word_1_714' title='bbox 1302 5169 1691 5244; x_wconf 83' lang='lat' dir='ltr'><strong>ignominiosa</strong></span> <span class='ocrx_word' id='word_1_715' title='bbox 1733 5169 2060 5239; x_wconf 87' lang='lat' dir='ltr'><strong>abducitur,</strong></span> 
     </span>
    </p>
   </div>
   <div class='ocr_carea' id='block_1_106' title="bbox 408 5257 2060 5328">
    <p class='ocr_par' dir='ltr' id='par_1_106' title="bbox 408 5257 2060 5328">
     <span class='ocr_line' id='line_1_106' title="bbox 408 5257 2060 5328; baseline -0.007 0"><span class='ocrx_word' id='word_1_716' title='bbox 408 5275 515 5328; x_wconf 92' lang='lat' dir='ltr'><strong>Ubi</strong></span> <span class='ocrx_word' id='word_1_717' title='bbox 549 5277 604 5327; x_wconf 88' lang='lat' dir='ltr'><strong>ct</strong></span> <span class='ocrx_word' id='word_1_718' title='bbox 637 5270 945 5328; x_wconf 88' lang='lat' dir='ltr'><strong>custodum</strong></span> <span class='ocrx_word' id='word_1_719' title='bbox 1005 5262 1277 5322; x_wconf 90' lang='lat' dir='ltr'><strong>ludibriis</strong></span> <span class='ocrx_word' id='word_1_720' title='bbox 1309 5278 1373 5317; x_wconf 90' lang='lat' dir='ltr'><strong>ac</strong></span> <span class='ocrx_word' id='word_1_721' title='bbox 1423 5257 1798 5316; x_wconf 89' lang='lat' dir='ltr'><strong>contumeliis</strong></span> <span class='ocrx_word' id='word_1_722' title='bbox 1821 5263 1877 5316; x_wconf 87' lang='lat' dir='ltr'><strong>et</strong></span> <span class='ocrx_word' id='word_1_723' title='bbox 1909 5262 2060 5317; x_wconf 85' lang='lat' dir='ltr'><strong>fama</strong></span> 
     </span>
    </p>
   </div>
   <div class='ocr_carea' id='block_1_107' title="bbox 405 5349 2058 5432">
    <p class='ocr_par' dir='ltr' id='par_1_107' title="bbox 405 5349 2058 5432">
     <span class='ocr_line' id='line_1_107' title="bbox 405 5349 2058 5432; baseline -0.007 -16"><span class='ocrx_word' id='word_1_724' title='bbox 405 5363 615 5432; x_wconf 90' lang='lat' dir='ltr'><strong>sitique</strong></span> <span class='ocrx_word' id='word_1_725' title='bbox 647 5361 885 5426; x_wconf 80' lang='lat' dir='ltr'><strong>afﬂicta,</strong></span> <span class='ocrx_word' id='word_1_726' title='bbox 919 5353 1226 5413; x_wconf 76' lang='lat' dir='ltr'><strong>saevissimi</strong></span> <span class='ocrx_word' id='word_1_727' title='bbox 1276 5349 1567 5408; x_wconf 77' lang='lat' dir='ltr'><strong>carnificis</strong></span> <span class='ocrx_word' id='word_1_728' title='bbox 1599 5365 1837 5404; x_wconf 90' lang='lat' dir='ltr'><strong>manum</strong></span> <span class='ocrx_word' id='word_1_729' title='bbox 1873 5351 2058 5405; x_wconf 84' lang='lat' dir='ltr'><strong>conti-</strong></span> 
     </span>
    </p>
   </div>
   <div class='ocr_carea' id='block_1_108' title="bbox 410 5437 2060 5520">
    <p class='ocr_par' dir='ltr' id='par_1_108' title="bbox 410 5437 2060 5520">
     <span class='ocr_line' id='line_1_108' title="bbox 410 5437 2060 5520; baseline -0.004 -18"><span class='ocrx_word' id='word_1_730' title='bbox 410 5454 613 5502; x_wconf 89' lang='lat' dir='ltr'><strong>nenter</strong></span> <span class='ocrx_word' id='word_1_731' title='bbox 651 5447 1046 5520; x_wconf 80' lang='lat' dir='ltr'><strong>exspectabat.</strong></span> <span class='ocrx_word' id='word_1_732' title='bbox 1101 5441 1470 5499; x_wconf 88' lang='lat' dir='ltr'><strong>Andronicus</strong></span> <span class='ocrx_word' id='word_1_733' title='bbox 1512 5455 1647 5494; x_wconf 92' lang='lat' dir='ltr'><strong>vero</strong></span> <span class='ocrx_word' id='word_1_734' title='bbox 1681 5437 1826 5494; x_wconf 87' lang='lat' dir='ltr'><strong>nihil</strong></span> <span class='ocrx_word' id='word_1_735' title='bbox 1860 5439 2060 5495; x_wconf 89' lang='lat' dir='ltr'><strong>immi-</strong></span> 
     </span>
    </p>
   </div>
   <div class='ocr_carea' id='block_1_109' title="bbox 410 5527 2054 5599">
    <p class='ocr_par' dir='ltr' id='par_1_109' title="bbox 410 5527 2054 5599">
     <span class='ocr_line' id='line_1_109' title="bbox 410 5527 2054 5599; baseline 0 -13"><span class='ocrx_word' id='word_1_736' title='bbox 410 5539 554 5586; x_wconf 86' lang='lat' dir='ltr'><strong>nuta</strong></span> <span class='ocrx_word' id='word_1_737' title='bbox 586 5535 827 5599; x_wconf 70' lang='lat' dir='ltr'><strong>feritate,</strong></span> <span class='ocrx_word' id='word_1_738' title='bbox 873 5533 1019 5587; x_wconf 87' lang='lat' dir='ltr'><strong>nihil</strong></span> <span class='ocrx_word' id='word_1_739' title='bbox 1068 5533 1173 5587; x_wconf 86' lang='lat' dir='ltr'><strong>nisi</strong></span> <span class='ocrx_word' id='word_1_740' title='bbox 1225 5537 1388 5586; x_wconf 81' lang='lat' dir='ltr'><strong>atrox</strong></span> <span class='ocrx_word' id='word_1_741' title='bbox 1417 5533 1474 5585; x_wconf 90' lang='lat' dir='ltr'><strong>et</strong></span> <span class='ocrx_word' id='word_1_742' title='bbox 1526 5527 1758 5584; x_wconf 87' lang='lat' dir='ltr'><strong>crudele</strong></span> <span class='ocrx_word' id='word_1_743' title='bbox 1790 5529 2054 5599; x_wconf 82' lang='lat' dir='ltr'><strong>cogitans</strong></span> 
     </span>
    </p>
   </div>
   <div class='ocr_carea' id='block_1_110' title="bbox 408 5618 2057 5690">
    <p class='ocr_par' dir='ltr' id='par_1_110' title="bbox 408 5618 2057 5690">
     <span class='ocr_line' id='line_1_110' title="bbox 408 5618 2057 5690; baseline 0 -16"><span class='ocrx_word' id='word_1_744' title='bbox 408 5625 463 5678; x_wconf 88' lang='lat' dir='ltr'><strong>et</strong></span> <span class='ocrx_word' id='word_1_745' title='bbox 514 5621 698 5673; x_wconf 88' lang='lat' dir='ltr'><strong>vivere</strong></span> <span class='ocrx_word' id='word_1_746' title='bbox 755 5621 915 5674; x_wconf 89' lang='lat' dir='ltr'><strong>illam</strong></span> <span class='ocrx_word' id='word_1_747' title='bbox 959 5621 1207 5690; x_wconf 77' lang='lat' dir='ltr'><strong>graviter</strong></span> <span class='ocrx_word' id='word_1_748' title='bbox 1261 5621 1474 5683; x_wconf 78' lang='lat' dir='ltr'><strong>ferens,</strong></span> <span class='ocrx_word' id='word_1_749' title='bbox 1527 5633 1640 5670; x_wconf 90' lang='lat' dir='ltr'><strong>non</strong></span> <span class='ocrx_word' id='word_1_750' title='bbox 1686 5618 1871 5673; x_wconf 91' lang='lat' dir='ltr'><strong>multo</strong></span> <span class='ocrx_word' id='word_1_751' title='bbox 1923 5624 2057 5688; x_wconf 84' lang='lat' dir='ltr'><strong>post</strong></span> 
     </span>
    </p>
   </div>
   <div class='ocr_carea' id='block_1_111' title="bbox 402 5708 2052 5784">
    <p class='ocr_par' dir='ltr' id='par_1_111' title="bbox 402 5708 2052 5784">
     <span class='ocr_line' id='line_1_111' title="bbox 402 5708 2052 5784; baseline 0.001 -18"><span class='ocrx_word' id='word_1_752' title='bbox 402 5708 752 5784; x_wconf 88' lang='lat' dir='ltr'><strong>injuriarum</strong></span> <span class='ocrx_word' id='word_1_753' title='bbox 803 5710 1102 5765; x_wconf 87' lang='lat' dir='ltr'><strong>ministros</strong></span> <span class='ocrx_word' id='word_1_754' title='bbox 1147 5709 1375 5778; x_wconf 77' lang='lat' dir='ltr'><strong>iudices</strong></span> <span class='ocrx_word' id='word_1_755' title='bbox 1406 5711 1707 5775; x_wconf 87' lang='lat' dir='ltr'><strong>convocat,</strong></span> <span class='ocrx_word' id='word_1_756' title='bbox 1731 5722 1862 5776; x_wconf 65' lang='lat' dir='ltr'><strong>qua</strong></span> <span class='ocrx_word' id='word_1_757' title='bbox 1884 5725 2052 5778; x_wconf 69' lang='lat' dir='ltr'><strong>pmna</strong></span> 
     </span>
    </p>
   </div>
   <div class='ocr_carea' id='block_1_112' title="bbox 2178 4719 3829 4795">
    <p class='ocr_par' dir='ltr' id='par_1_112' title="bbox 2178 4719 3829 4795">
     <span class='ocr_line' id='line_1_112' title="bbox 2178 4719 3829 4795; baseline 0.001 -22"><span class='ocrx_word' id='word_1_758' title='bbox 2178 4719 2371 4774; x_wconf 69' lang='grc' dir='ltr'>αὐτίκα</span> <span class='ocrx_word' id='word_1_759' title='bbox 2401 4720 2492 4794; x_wconf 79' lang='grc' dir='ltr'><strong>ὅγε</strong></span> <span class='ocrx_word' id='word_1_760' title='bbox 2547 4719 2682 4774; x_wconf 74' lang='grc' dir='ltr'><strong>κατά</strong></span> <span class='ocrx_word' id='word_1_761' title='bbox 2737 4724 2832 4774; x_wconf 78' lang='grc' dir='ltr'><strong>τοῦ</strong></span> <span class='ocrx_word' id='word_1_762' title='bbox 2891 4721 3010 4774; x_wconf 75' lang='grc' dir='ltr'>υἱοῦ</span> <span class='ocrx_word' id='word_1_763' title='bbox 3065 4724 3160 4775; x_wconf 83' lang='grc' dir='ltr'><strong>τοῦ</strong></span> <span class='ocrx_word' id='word_1_764' title='bbox 3221 4719 3488 4795; x_wconf 80' lang='grc' dir='ltr'>Ἀγγέλου</span> <span class='ocrx_word' id='word_1_765' title='bbox 3545 4721 3829 4792; x_wconf 68' lang='grc' dir='ltr'>ὁρμήσας,</span> 
     </span>
    </p>
   </div>
   <div class='ocr_carea' id='block_1_113' title="bbox 2180 4807 3828 4884">
    <p class='ocr_par' dir='ltr' id='par_1_113' title="bbox 2180 4807 3828 4884">
     <span class='ocr_line' id='line_1_113' title="bbox 2180 4807 3828 4884; baseline -0.001 -21"><span class='ocrx_word' id='word_1_766' title='bbox 2180 4809 2371 4882; x_wconf 83' lang='grc' dir='ltr'>μικρὸν</span> <span class='ocrx_word' id='word_1_767' title='bbox 2414 4807 2609 4872; x_wconf 72' lang='grc' dir='ltr'>ἄποθεν</span> <span class='ocrx_word' id='word_1_768' title='bbox 2639 4807 3002 4881; x_wconf 83' lang='grc' dir='ltr'>αύλιζομένου</span> <span class='ocrx_word' id='word_1_769' title='bbox 3027 4813 3134 4863; x_wconf 80' lang='grc' dir='ltr'><strong>τῶν</strong></span> <span class='ocrx_word' id='word_1_770' title='bbox 3169 4811 3439 4884; x_wconf 84' lang='grc' dir='ltr'>χερσαίων</span> <span class='ocrx_word' id='word_1_771' title='bbox 3495 4807 3681 4863; x_wconf 82' lang='grc' dir='ltr'>πυλῶν</span> <span class='ocrx_word' id='word_1_772' title='bbox 3718 4816 3828 4877; x_wconf 71' lang='grc' dir='ltr'>’τῆς</span> 
     </span>
    </p>
   </div>
   <div class='ocr_carea' id='block_1_114' title="bbox 2173 4897 3829 4977">
    <p class='ocr_par' dir='ltr' id='par_1_114' title="bbox 2173 4897 3829 4977">
     <span class='ocr_line' id='line_1_114' title="bbox 2173 4897 3829 4977; baseline 0.001 -25"><span class='ocrx_word' id='word_1_773' title='bbox 2173 4897 2390 4960; x_wconf 81' lang='grc' dir='ltr'>πόλεως</span> <span class='ocrx_word' id='word_1_774' title='bbox 2447 4903 2764 4967; x_wconf 77' lang='grc' dir='ltr'>τηνικαῦτα,</span> <span class='ocrx_word' id='word_1_775' title='bbox 2823 4897 3022 4952; x_wconf 79' lang='grc' dir='ltr'>ἐκεῖνον</span> <span class='ocrx_word' id='word_1_776' title='bbox 3085 4899 3178 4970; x_wconf 78' lang='grc' dir='ltr'>μὶν</span> <span class='ocrx_word' id='word_1_777' title='bbox 3257 4897 3466 4977; x_wconf 81' lang='grc' dir='ltr'>φυγάδα</span> <span class='ocrx_word' id='word_1_778' title='bbox 3525 4899 3658 4970; x_wconf 69' lang='grc' dir='ltr'>μετὰ</span> <span class='ocrx_word' id='word_1_779' title='bbox 3715 4904 3829 4953; x_wconf 79' lang='grc' dir='ltr'>τῶν</span> 
     </span>
    </p>
   </div>
   <div class='ocr_carea' id='block_1_115' title="bbox 2175 4983 3829 5063">
    <p class='ocr_par' dir='ltr' id='par_1_115' title="bbox 2175 4983 3829 5063">
     <span class='ocr_line' id='line_1_115' title="bbox 2175 4983 3829 5063; baseline 0 -23"><span class='ocrx_word' id='word_1_780' title='bbox 2175 4988 2333 5040; x_wconf 69' lang='grc' dir='ltr'>υἱέων</span> <span class='ocrx_word' id='word_1_781' title='bbox 2384 4987 2619 5056; x_wconf 86' lang='grc' dir='ltr'>τίθησιν,</span> <span class='ocrx_word' id='word_1_782' title='bbox 2678 4987 2960 5047; x_wconf 80' lang='grc' dir='ltr'>ἀσπασίως</span> <span class='ocrx_word' id='word_1_783' title='bbox 3019 4983 3335 5062; x_wconf 73' lang='grc' dir='ltr'>διεκδράντα</span> <span class='ocrx_word' id='word_1_784' title='bbox 3411 4989 3509 5056; x_wconf 81' lang='grc' dir='ltr'><strong>τήν</strong></span> <span class='ocrx_word' id='word_1_785' title='bbox 3577 4989 3829 5063; x_wconf 47' lang='grc' dir='ltr'>σαγήνην</span> 
     </span>
    </p>
   </div>
   <div class='ocr_carea' id='block_1_116' title="bbox 2171 5072 3834 5152">
    <p class='ocr_par' dir='ltr' id='par_1_116' title="bbox 2171 5072 3834 5152">
     <span class='ocr_line' id='line_1_116' title="bbox 2171 5072 3834 5152; baseline 0.002 -24"><span class='ocrx_word' id='word_1_786' title='bbox 2171 5074 2238 5144; x_wconf 78' lang='grc' dir='ltr'>ἤν</span> <span class='ocrx_word' id='word_1_787' title='bbox 2284 5075 2334 5129; x_wconf 74' lang='grc' dir='ltr'>οἱ</span> <span class='ocrx_word' id='word_1_788' title='bbox 2395 5075 2700 5152; x_wconf 82' lang='grc' dir='ltr'>ὁπλοφόροι</span> <span class='ocrx_word' id='word_1_789' title='bbox 2761 5073 3108 5150; x_wconf 87' lang='grc' dir='ltr'>Ἀνδρονίκου</span> <span class='ocrx_word' id='word_1_790' title='bbox 3166 5075 3313 5146; x_wconf 81' lang='grc' dir='ltr'>αὐτῷ</span> <span class='ocrx_word' id='word_1_791' title='bbox 3370 5072 3708 5144; x_wconf 78' lang='grc' dir='ltr'>διιπέτασαν,</span> <span class='ocrx_word' id='word_1_792' title='bbox 3770 5077 3834 5131; x_wconf 78' lang='grc' dir='ltr'><strong>ἐκ</strong></span> 
     </span>
    </p>
   </div>
   <div class='ocr_carea' id='block_1_117' title="bbox 2172 5164 3829 5242">
    <p class='ocr_par' dir='ltr' id='par_1_117' title="bbox 2172 5164 3829 5242">
     <span class='ocr_line' id='line_1_117' title="bbox 2172 5164 3829 5242; baseline 0.001 -22"><span class='ocrx_word' id='word_1_793' title='bbox 2172 5170 2269 5220; x_wconf 77' lang='grc' dir='ltr'><strong>τοῦ</strong></span> <span class='ocrx_word' id='word_1_794' title='bbox 2338 5165 2501 5240; x_wconf 89' lang='grc' dir='ltr'>μόλις</span> <span class='ocrx_word' id='word_1_795' title='bbox 2577 5166 2786 5238; x_wconf 84' lang='grc' dir='ltr'>ἀκατίῳ</span> <span class='ocrx_word' id='word_1_796' title='bbox 2860 5171 3172 5240; x_wconf 85' lang='grc' dir='ltr'>περιτυχεῖν</span> <span class='ocrx_word' id='word_1_797' title='bbox 3251 5165 3543 5242; x_wconf 82' lang='grc' dir='ltr'>ἀμφορέων</span> <span class='ocrx_word' id='word_1_798' title='bbox 3616 5164 3829 5236; x_wconf 56' lang='grc' dir='ltr'>πλήρει</span> 
     </span>
    </p>
   </div>
   <div class='ocr_carea' id='block_1_118' title="bbox 2169 5252 3832 5328">
    <p class='ocr_par' dir='ltr' id='par_1_118' title="bbox 2169 5252 3832 5328">
     <span class='ocr_line' id='line_1_118' title="bbox 2169 5252 3832 5328; baseline 0 -17"><span class='ocrx_word' id='word_1_799' title='bbox 2169 5260 2362 5326; x_wconf 77' lang='grc' dir='ltr'>κενῶν,</span> <span class='ocrx_word' id='word_1_800' title='bbox 2394 5255 2484 5310; x_wconf 76' lang='grc' dir='ltr'><strong>καὶ</strong></span> <span class='ocrx_word' id='word_1_801' title='bbox 2513 5255 2648 5310; x_wconf 76' lang='grc' dir='ltr'>αὐτὰ</span> <span class='ocrx_word' id='word_1_802' title='bbox 2681 5255 2773 5328; x_wconf 73' lang='grc' dir='ltr'>μὲν</span> <span class='ocrx_word' id='word_1_803' title='bbox 2825 5253 3088 5325; x_wconf 72' lang='grc' dir='ltr'>ἐκτινάξαι</span> <span class='ocrx_word' id='word_1_804' title='bbox 3145 5253 3220 5315; x_wconf 83' lang='grc' dir='ltr'><strong>είς</strong></span> <span class='ocrx_word' id='word_1_805' title='bbox 3266 5252 3539 5315; x_wconf 85' lang='grc' dir='ltr'>θάλασςαν</span> <span class='ocrx_word' id='word_1_806' title='bbox 3591 5255 3689 5308; x_wconf 81' lang='grc' dir='ltr'><strong>ὅσα</strong></span> <span class='ocrx_word' id='word_1_807' title='bbox 3736 5259 3832 5311; x_wconf 84' lang='grc' dir='ltr'><strong>καὶ</strong></span> 
     </span>
    </p>
   </div>
   <div class='ocr_carea' id='block_1_119' title="bbox 2170 5339 3831 5422">
    <p class='ocr_par' dir='ltr' id='par_1_119' title="bbox 2170 5339 3831 5422">
     <span class='ocr_line' id='line_1_119' title="bbox 2170 5339 3831 5422; baseline -0.001 -22"><span class='ocrx_word' id='word_1_808' title='bbox 2170 5340 2592 5422; x_wconf 75' lang='grc' dir='ltr'>ἀμφιϐλήστρου</span> <span class='ocrx_word' id='word_1_809' title='bbox 2637 5339 2906 5414; x_wconf 79' lang='grc' dir='ltr'>σκύϐαλα,</span> <span class='ocrx_word' id='word_1_810' title='bbox 2956 5344 3113 5397; x_wconf 78' lang='grc' dir='ltr'>αὐτὸν</span> <span class='ocrx_word' id='word_1_811' title='bbox 3149 5340 3195 5397; x_wconf 86' lang='grc' dir='ltr'>δ’</span> <span class='ocrx_word' id='word_1_812' title='bbox 3226 5341 3278 5397; x_wconf 90' lang='grc' dir='ltr'><strong>έν</strong></span> <span class='ocrx_word' id='word_1_813' title='bbox 3308 5341 3489 5416; x_wconf 85' lang='grc' dir='ltr'>τούτῳ</span> <span class='ocrx_word' id='word_1_814' title='bbox 3534 5342 3831 5400; x_wconf 57' lang='grc' dir='ltr'>διεκπλεῖν</span> 
     </span>
    </p>
   </div>
   <div class='ocr_carea' id='block_1_120' title="bbox 2169 5429 3835 5508">
    <p class='ocr_par' dir='ltr' id='par_1_120' title="bbox 2169 5429 3835 5508">
     <span class='ocr_line' id='line_1_120' title="bbox 2169 5429 3835 5508; baseline 0.001 -19"><span class='ocrx_word' id='word_1_815' title='bbox 2169 5457 2257 5490; x_wconf 91' lang='grc' dir='ltr'><strong>σαι</strong></span> <span class='ocrx_word' id='word_1_816' title='bbox 2288 5437 2421 5508; x_wconf 83' lang='grc' dir='ltr'><strong>μετά</strong></span> <span class='ocrx_word' id='word_1_817' title='bbox 2457 5439 2564 5489; x_wconf 80' lang='grc' dir='ltr'>τῶν</span> <span class='ocrx_word' id='word_1_818' title='bbox 2595 5430 2804 5487; x_wconf 87' lang='grc' dir='ltr'>παίδων</span> <span class='ocrx_word' id='word_1_819' title='bbox 2856 5431 3021 5505; x_wconf 89' lang='grc' dir='ltr'>μόλις</span> <span class='ocrx_word' id='word_1_820' title='bbox 3066 5433 3157 5487; x_wconf 84' lang='grc' dir='ltr'><strong>τὸν</strong></span> <span class='ocrx_word' id='word_1_821' title='bbox 3204 5429 3476 5488; x_wconf 87' lang='grc' dir='ltr'>κίνδυνον·</span> <span class='ocrx_word' id='word_1_822' title='bbox 3527 5433 3620 5488; x_wconf 88' lang='grc' dir='ltr'><strong>τὸν</strong></span> <span class='ocrx_word' id='word_1_823' title='bbox 3671 5431 3730 5489; x_wconf 79' lang='grc' dir='ltr'><strong>δέ</strong></span> <span class='ocrx_word' id='word_1_824' title='bbox 3773 5455 3835 5507; x_wconf 76' lang='grc' dir='ltr'>γι</span> 
     </span>
    </p>
   </div>
   <div class='ocr_carea' id='block_1_121' title="bbox 2171 5517 3832 5600">
    <p class='ocr_par' dir='ltr' id='par_1_121' title="bbox 2171 5517 3832 5600">
     <span class='ocr_line' id='line_1_121' title="bbox 2171 5517 3832 5600; baseline -0.003 -19"><span class='ocrx_word' id='word_1_825' title='bbox 2171 5525 2599 5600; x_wconf 84' lang='grc' dir='ltr'>Κοντοστέφανον</span> <span class='ocrx_word' id='word_1_826' title='bbox 2657 5521 3000 5600; x_wconf 84' lang='grc' dir='ltr'>συνειληφὼς</span> <span class='ocrx_word' id='word_1_827' title='bbox 3054 5522 3144 5578; x_wconf 79' lang='grc' dir='ltr'><strong>καὶ</strong></span> <span class='ocrx_word' id='word_1_828' title='bbox 3195 5517 3460 5598; x_wconf 80' lang='grc' dir='ltr'>τέσσαρας</span> <span class='ocrx_word' id='word_1_829' title='bbox 3539 5528 3649 5578; x_wconf 79' lang='grc' dir='ltr'>τῶν</span> <span class='ocrx_word' id='word_1_830' title='bbox 3699 5522 3832 5577; x_wconf 79' lang='grc' dir='ltr'>παί-</span> 
     </span>
    </p>
   </div>
   <div class='ocr_carea' id='block_1_122' title="bbox 2165 5611 3828 5688">
    <p class='ocr_par' dir='ltr' id='par_1_122' title="bbox 2165 5611 3828 5688">
     <span class='ocr_line' id='line_1_122' title="bbox 2165 5611 3828 5688; baseline -0.002 -19"><span class='ocrx_word' id='word_1_831' title='bbox 2165 5613 2274 5669; x_wconf 86' lang='grc' dir='ltr'><strong>δων</strong></span> <span class='ocrx_word' id='word_1_832' title='bbox 2314 5615 2399 5669; x_wconf 81' lang='grc' dir='ltr'><strong>καὶ</strong></span> <span class='ocrx_word' id='word_1_833' title='bbox 2456 5614 2548 5668; x_wconf 84' lang='grc' dir='ltr'>τὸν</span> <span class='ocrx_word' id='word_1_834' title='bbox 2598 5613 2924 5688; x_wconf 81' lang='grc' dir='ltr'>Καματηρὸν</span> <span class='ocrx_word' id='word_1_835' title='bbox 2981 5611 3266 5668; x_wconf 84' lang='grc' dir='ltr'>Βασίλειον</span> <span class='ocrx_word' id='word_1_836' title='bbox 3319 5613 3526 5675; x_wconf 78' lang='grc' dir='ltr'>πάντας</span> <span class='ocrx_word' id='word_1_837' title='bbox 3577 5611 3828 5685; x_wconf 79' lang='grc' dir='ltr'>ἐξομμα-</span> 
     </span>
    </p>
   </div>
   <div class='ocr_carea' id='block_1_123' title="bbox 2160 5700 3830 5780">
    <p class='ocr_par' dir='ltr' id='par_1_123' title="bbox 2160 5700 3830 5780">
     <span class='ocr_line' id='line_1_123' title="bbox 2160 5700 3830 5780; baseline -0.002 -20"><span class='ocrx_word' id='word_1_838' title='bbox 2160 5702 2536 5777; x_wconf 72' lang='grc' dir='ltr'>τοῖ,πρὸς-δὶ</span> <span class='ocrx_word' id='word_1_839' title='bbox 2581 5703 2672 5757; x_wconf 82' lang='grc' dir='ltr'><strong>καὶ</strong></span> <span class='ocrx_word' id='word_1_840' title='bbox 2723 5700 2951 5769; x_wconf 78' lang='grc' dir='ltr'>ἄλλους,</span> <span class='ocrx_word' id='word_1_841' title='bbox 3003 5703 3240 5764; x_wconf 80' lang='grc' dir='ltr'>ὁπόσους</span> <span class='ocrx_word' id='word_1_842' title='bbox 3291 5704 3355 5758; x_wconf 84' lang='grc' dir='ltr'><strong>ού</strong></span> <span class='ocrx_word' id='word_1_843' title='bbox 3409 5703 3528 5774; x_wconf 64' lang='grc' dir='ltr'>μετ’</span> <span class='ocrx_word' id='word_1_844' title='bbox 3586 5700 3830 5780; x_wconf 24' lang='grc' dir='ltr'>ἔλεγχον-</span> 
     </span>
    </p>
   </div>
  </div>
