4118 6200
291 442 403 504 621
1438 441 1775 507 ALEXlUS
1821 443 1917 504 MA

2088 442 2232 506 BLIS
2279 444 2556 510 FILIUS.
3598 456 3714 517 622

292 583 569 656 προφανῆ,
612 574 759 633 ἀλλᾶ
830 576 969 633 κατὰ
1041 578 1261 657 φήμην,
1339 579 1511 653 ψιλήν
1583 580 1671 633 καὶ
1748 576 1917 647 ταύτῃ

2087 579 2291 650 egibus
2322 581 2381 637 in
2415 583 2648 639 urbium
2682 588 2739 642 et
2771 586 3200 659 provinciarum
3236 590 3559 661 proditores
3592 597 3713 650 sta-

285 669 619 749 ἇμφίλογον,
650 668 882 739 ἠκηκόει
950 675 1282 739 κοινωνῆσαι
1330 674 1447 733 τοῖς
1497 667 1809 744 εἰρημένοις
1857 688 1911 721 το

2089 672 2184 725 uta
2213 669 2289 725 sit
2320 677 2505 744 rogat.
2538 674 2784 747 Accepto
2815 677 3051 746 scripto,
3083 694 3196 749 quo
3246 682 3711 752 respondebatur

299 760 635 832 σκέμματος.
699 759 860 815 Οὕτω
911 759 1096 812 τοίνυν
1142 758 1306 822 θύσας
1354 760 1440 813 καὶ
1494 757 1766 818 ἀπολέσας
1825 757 1920 812 Ἀν

2084 757 2307 829 :apitale
2335 758 2393 814 id
2418 777 2545 817 esse
2576 762 2827 833 facinus,
2860 766 3117 821 cohiberi
3176 784 3292 823 non
3352 770 3541 841 potuit
3572 773 3710 843 quin

299 846 549 921 δρόνικος
582 846 676 908 οίὶς
706 844 879 902 πάλαι
940 849 1035 922 μὶν
1085 843 1381 903 συλλαϐεῖν
1436 845 1649 916 ὢδινεν,
1701 846 1776 909 είς
1825 867 1925 901 και

2085 852 2279 920 mpetu
2313 850 2371 905 in
2404 852 2831 923 imperatricem
2873 856 3137 922 ferretur.
3189 863 3330 916 Cum
3384 866 3583 918 autem
3608 865 3711 935 ju—

302 938 389 1012 ρὸν
453 934 501 991 δ’
560 930 896 991 ἀνεϐάλλετο
949 938 1049 1007 τήν
1105 935 1361 1005 ἐπίθεσιν,
1420 937 1567 997 τινας
1621 933 1678 991 δὲ
1724 937 1814 990 καὶ
1863 932 1928 990 δε-

2081 938 2218 995 lices
2247 939 2334 994 illi
2359 940 2551 1014 iniqui
2608 943 2763 1001 clara
2815 963 2947 1001 voce
3002 948 3427 1006 exclamassent
3457 930 3707 1009 miser-rio

297 1024 638 1101 σμωτηρίοις
695 1022 992 1099 παραδοὺς,
1053 1029 1122 1099 τῇ
1165 1023 1427 1101 υπερορίᾳ
1484 1023 1541 1080 δὲ
1588 1023 1922 1080 καταδικάσα

2077 1043 2214 1084 nam
2246 1027 2405 1085 illam
2437 1031 2862 1104 imperatricem
2895 1052 2926 1091 e
2958 1038 3148 1093 medio
3197 1038 3519 1096 tollendam
3553 1059 3703 1111 esse,

295 1113 513 1190 ἑτέρους
540 1114 633 1169 καὶ
665 1111 875 1203 ἄλλους
934 1110 1509 1203 ἄλλως-διαφθείρας,
1563 1114 1704 1187 ὁρῶν
1752 1113 1809 1170 δὲ
1859 1135 1921 1169 κα

2077 1119 2255 1172 statim
2289 1119 2505 1175 chartas
2537 1122 2606 1177 ab
2639 1122 3138 1195 imperatore,filio
3170 1128 3320 1199 ejus,
3345 1130 3514 1201 quasi
3536 1110 3703 1203 gutta

294 1204 523 1278 ’ὅσοιπερ
588 1201 1020 1282 κατελείφθησαν
1091 1199 1385 1279 εὕγνωστοί
1441 1224 1499 1259 τε
1572 1203 1663 1259 καὶ
1735 1204 1919 1276 εὐαρίθ

2072 1207 2302 1261 materni
2333 1208 2489 1264 848
2523 1213 2851 1283 sanguinis,
2884 1231 3000 1285 qua
3034 1215 3137 1272 illa
3184 1218 3330 1273 mori
3356 1199 3698 1288 jubebatur,

299 1314 493 1367 μητοι,
568 1293 645 1355 εἰς
718 1289 1036 1367 τοῦμπαλιν
1114 1292 1243 1348 ἴέναι
1291 1295 1485 1368 πρώην
1539 1298 1659 1356 τοῖς
1698 1292 1925 1349 πλείοσιε

2072 1295 2467 1353 subscribitur.
2499 1299 2665 1356 Illius
2697 1303 3161 1360 crudelissimiet
3192 1306 3394 1362 nefarii
3428 1308 3698 1365 facinoris

299 1385 711 1458 ἐπιχειροῦντες
759 1383 898 1437 κατᾶ
943 1384 1071 1445 τοὺς
1120 1382 1509 1457 πλανωμένους
1551 1389 1660 1438 τῶν
1708 1382 1925 1458 ἂστέρω·

2074 1383 2313 1440 ninistri
2344 1386 2577 1444 Manuel
2610 1389 3037 1462 primogenitus
3071 1394 3403 1464 Andronici,
3446 1405 3502 1452 et
3531 1399 3700 1454 Geor-

296 1471 577 1534 κάκείνους
619 1472 1014 1545 μεταθεμένους
1052 1472 1147 1534 τὰς
1189 1474 1419 1548 γνώμας
1464 1472 1555 1527 καὶ
1601 1472 1694 1527 τὸν
1747 1470 1922 1547 αὒχένέ

2075 1471 2184 1543 gius
2222 1476 2517 1547 Augustus
2575 1479 2893 1535 Andronici
2957 1483 3175 1549 affinis,
3250 1484 3604 1556 deliguntur.
3658 1486 3701 1541 Ii

291 1560 710 1636 παρεχομένους
789 1559 1122 1636 Ἀνδρονίκῳ
1195 1566 1382 1618 πατεῖν
1444 1560 1536 1615 καὶ
1602 1564 1684 1632 τῷ
1737 1560 1912 1616 ἐκείνο

2079 1576 2187 1616 'ero
2218 1563 2290 1618 ad
2344 1565 2525 1620 solam
2582 1569 2711 1639 ejus
2769 1569 2848 1624 rei
2909 1571 3265 1627 mentionem
3322 1575 3705 1644 consternati,

292 1650 411 1723 ἅμα
459 1649 909 1729 συμφερομένους
963 1649 1132 1721 ἄξονι,
1190 1650 1282 1705 τὸν
1323 1656 1422 1719 τῆς
1474 1647 1762 1719 δεσποίνης
1821 1648 1914 1704 ἐπέ

2078 1647 2317 1720 neglecto
2350 1652 2722 1725 imperatorio
2755 1657 3055 1724 mandato,
3110 1660 3290 1716 libere
3334 1663 3610 1717 dixerunt
3643 1679 3704 1718 se

293 1735 523 1793 σπευδεν
583 1732 830 1811 ὄλεθρον,
884 1738 975 1792 καὶ
1033 1735 1327 1815 διαφόρους
1383 1737 1562 1801 αἲτίας
1638 1739 1917 1811 ξυνθέμενο

2078 1752 2158 1792 iec
2191 1744 2327 1795 ante
2355 1740 2416 1797 in
2446 1742 2838 1815 imperatricis
2870 1764 3069 1804 necem
3111 1752 3505 1819 consensisse,
3538 1755 3595 1806 et
3633 1752 3704 1806 ab

287 1827 453 1889 τέλος
483 1827 575 1881 καὶ
600 1822 900 1900 προδοσίας
930 1827 1103 1903 κρίνει
1135 1828 1236 1895 τήν
1267 1824 1575 1902 ἄνθρωπον,
1634 1827 1913 1904 συναγαγὼ

2077 1843 2119 1883 ιο
2156 1828 2383 1899 piaculo
2435 1848 2609 1901 puras
2666 1834 2881 1891 habere
2927 1853 3158 1905 manus,
3219 1844 3277 1893 et
3327 1857 3483 1895 nunc
3514 1840 3703 1895 multo

288 1919 353 1973 τὸ
431 1915 618 1989 ἐκείνῳ
692 1915 856 1992 φίλον
931 1915 1207 1989 συνέδριον
1283 1918 1373 1972 καὶ
1424 1920 1531 1972 τῶν
1583 1913 1848 1972 δικαστῶν
1893 1937 1914 1970 o

2077 1918 2251 1973 uinus
2287 1923 2712 1979 commissuros
2766 1933 2823 1978 ul
2875 1926 2933 1979 in
2979 1932 3295 1997 conspectu
3348 1944 3454 1983 suo
3490 1944 3703 2000 corpus

290 2011 661 2080 κατακρινεῖν,
700 2006 762 2063 οὐ
787 2011 991 2081 κρινεῖν
1047 2009 1148 2077 τήν
1213 2008 1268 2061 ’ἐν
1329 2005 1539 2083 γυναιξὶ
1594 2004 1915 2079 ταλαίπωρο

2079 2023 2336 2064 nnocens
2368 2009 2637 2067 lanietur.
2670 2012 2893 2076 Quibus
2918 2014 3111 2068 verbis
3138 2015 3502 2071 Andronicus
3527 2016 3698 2086 plane

293 2094 577 2168 ἤμελλον.
629 2096 731 2153 Καὶ
771 2097 807 2166 ἡ
853 2096 947 2168 μέν
1004 2096 1079 2158 ὡς
1137 2095 1228 2151 τὸν
1282 2094 1364 2151 ἐπ’
1422 2092 1633 2171 ἀδελφῇ
1696 2088 1915 2168 γαμϐρὸ

2078 2095 2372 2167 nopinatis
2398 2100 2669 2155 turbatus
2700 2100 2941 2155 barbam
2975 2100 3172 2171 digitis
3221 2102 3472 2159 subinde
3502 2103 3697 2175 impli-

284 2186 381 2241 τὸν
418 2184 559 2261 ῥῆγα
603 2184 880 2262 Οὐγγρίας
928 2184 1018 2239 τὸν
1069 2184 1241 2241 Βελᾶν
1290 2182 1611 2239 ἀνασείουσα
1660 2183 1751 2237 καὶ
1803 2201 1910 2256 πορ

2070 2187 2205 2258 :uit;
2236 2193 2293 2244 et
2321 2189 2667 2244 ardentibus
2698 2188 2883 2244 oculis
2912 2194 3088 2260 caput
3110 2190 3359 2246 subinde
3383 2191 3696 2248 altollendo

287 2280 400 2340 θεῖν
455 2276 517 2329 τά
571 2275 711 2330 κατὰ
770 2269 1136 2347 Βρανίτζοϐαν
1188 2273 1277 2328 καὶ
1338 2269 1656 2348 Βελᾶγραδα
1711 2275 1913 2350 γραφαῖ

2068 2280 2107 2332 ιι
2137 2277 2497 2333 demittendo
2546 2295 2714 2334 suam
2768 2278 3055 2334 miseriam
3102 2280 3452 2352 deploravit,
3492 2283 3694 2338 crebro

280 2365 546 2439 ἀνάγουσα
623 2362 711 2419 καὶ
788 2360 980 2437 ἁδραῖς
1056 2361 1354 2436 ἐπαίρουσα
1430 2360 1813 2435 ὑποσχέσεσιν,
1867 2361 1906 2415 ei

2074 2366 2411 2444 ndignatus,
2440 2368 2593 2439 quod
2629 2366 2975 2423 amicissimi
3026 2368 3119 2423 sui
3165 2386 3196 2423 a
3226 2370 3570 2426 crudelitate
3601 2372 3700 2426 ab-

279 2456 380 2523 τὴν
413 2459 511 2510 τοῦ
540 2454 694 2532 ἁγίου
752 2451 1065 2527 Διομήδους
1117 2456 1290 2527 μονὴν
1341 2451 1463 2527 περί
1513 2472 1630 2507 τινα
1676 2450 1790 2506 ἐκεῖ
1837 2472 1905 2506 πο

2068 2462 2352 2512 iorreutes
2383 2456 2508 2512 solo
2543 2460 2684 2512 nutu
2718 2457 2789 2511 ad
2841 2456 3065 2512 facinus
3115 2458 3546 2515 atrocissimum
3583 2477 3694 2515 non

280 2545 623 2615 στενωτάτην
683 2544 847 2599 οὖσαν
906 2544 1124 2616 εἱρκτήν
1177 2541 1388 2603 ἀκλεῶς
1469 2542 1755 2617 ἀπάγεται,
1817 2538 1905 2595 ἔνθ

2074 2544 2509 2615 mpellerentur.
2542 2547 2621 2600 Ac
2652 2551 2774 2599 tum
2827 2561 3092 2616 represso
3136 2545 3379 2616 impetu,
3417 2552 3483 2603 ut
3511 2565 3698 2620 equus

284 2630 355 2702 δὴ
386 2632 479 2687 καὶ
506 2632 587 2712 ἐφ’
618 2630 804 2687 ἱκανὸν
855 2631 1002 2705 παρὰ
1042 2636 1151 2686 τῶν
1198 2629 1456 2708 φυλάκων
1499 2627 1909 2704 ἑρεσχελούντω

2076 2650 2208 2690 erox
2249 2640 2307 2690 et
2354 2640 2689 2704 contumax,
2758 2651 3194 2708 suppressaque
3253 2639 3580 2709 iracundia,
3639 2646 3702 2695 ut

282 2719 695 2797 παροινουμένη
727 2721 819 2778 καὶ
870 2719 1023 2793 λιμῶ
1067 2719 1157 2774 καὶ
1208 2717 1353 2793 δίψει
1403 2719 1798 2793 τετρυχωμένη
1846 2718 1908 2772 τὸ

2075 2724 2204 2795 guis
2227 2725 2388 2779 fumo
2416 2724 2716 2781 involutus
2749 2724 3058 2790 occulitur,
3091 2726 3297 2797 paucis
3332 2728 3541 2783 diebus
3569 2736 3701 2800 post

282 2810 492 2887 σφαγέα
523 2808 791 2881 διηνεκῶς
821 2808 1143 2889 ἐφαντάζετο
1169 2809 1221 2863 ἦν
1263 2805 1448 2877 δεξιῶν
1499 2807 1708 2862 ἑστῶτα
1748 2807 1906 2879 τομώ

2069 2811 2325 2867 niseram
2357 2812 2628 2868 suﬂ’ocari
2651 2812 2842 2883 jubet,
2860 2814 2989 2885 ejus
3019 2813 3282 2869 mandati
3312 2815 3695 2872 Constantino

285 2921 474 2959 τατον,
549 2900 614 2956 Ὀ
690 2897 737 2954 δ’
812 2896 1163 2973 Ἀνδρόνικος
1239 2895 1363 2952 οὐδὲ
1439 2897 1622 2975 βραχὺ
1670 2900 1801 2974 γοῦν
1839 2900 1911 2952 τοῖ

2070 2900 2362 2973 l‘ripsycho
2420 2901 2798 2957 heteriarcba
2856 2907 2914 2958 et
2980 2902 3239 2972 padone
3286 2902 3696 2976 Pterygionite,

284 2988 588 3067 ἀγριαίνειν
623 2986 1067 3064 ὑποκεχάλαστο,
1099 2986 1245 3043 ἀλλᾶ
1280 2986 1343 3042 τὸ
1388 2990 1487 3041 τοῦ
1531 2980 1721 3057 Δαϐἱδ,
1771 2984 1910 3040 πόνοι

2059 2991 2215 3061 :ujus
2267 2990 2543 3046 veneficio
2601 2990 2842 3047 Mariam
2905 2990 3456 3062 Porphyrogenilam
3533 2994 3685 3049 349

285 3080 379 3133 καὶ
415 3079 586 3151 θυμὸν
618 3081 894 3132 κατανοῶν
953 3077 1043 3131 καὶ
1091 3073 1424 3152 παραδοῦναι
1469 3072 1711 3131 σπεύδων
1764 3075 1911 3147 αὕτη·

2062 3081 2389 3136 ρχεῐὶιιοιοω
2420 3095 2548 3136 esse
2578 3097 2757 3152 supra
2789 3080 2930 3150 dixi,
2961 3081 3520 3138 exsecutoribus.Sic
3544 3083 3688 3138 illud

286 3167 364 3229 εἷς
397 3167 647 3236 θάνατον,
681 3166 871 3240 καιρὸς
912 3165 1067 3220 οὕπω
1104 3162 1279 3226 πολὺς
1331 3163 1421 3219 καὶ
1471 3168 1592 3226 τοῖς
1639 3170 1802 3235 ζῶσιν
1849 3167 1909 3221 ὃτ

2056 3168 2319 3224 aximium
2348 3168 2545 3226 formae
2579 3171 2758 3225 decus
2787 3169 3235 3239 jucundissimas
3268 3169 3418 3225 lucis
3448 3175 3682 3241 aspectu

280 3255 492 3311 criku
538 3253 909 3331 δυσχεραίνων
964 3253 1204 3329 ἀθροίζει
1246 3252 1412 3309 πάλιν
1460 3253 1592 3317 τοὺς
1633 3260 1703 3329 τῇ
1748 3252 1906 3311 ἀδικίι

2053 3259 2330 3330 privatum
2365 3258 2424 3314 in
2476 3258 2669 3314 littore
2718 3275 2893 3314 arena
2941 3259 3235 3315 obruitur.
3285 3258 3408 3315 Heu
3448 3264 3679 3316 tantum

279 3306 680 3421 βραϐεύοντας
706 3306 986 3413 δικαστὰς,
1035 3306 1133 3398 Ικαὶ
1190 3341 1266 3397 ὧν
1306 3345 1342 3412 ἡ
1401 3340 1546 3416 δεξιὰ
1607 3340 1755 3415 δεξιά
1808 3343 1905 3401 ἆδι

2068 3349 2205 3405 nefas
2236 3349 2421 3405 solem
2464 3348 2728 3405 intueri?
2751 3351 2797 3404 Ο
2828 3347 2928 3403 Dei
2974 3347 3227 3404 Verbum
3285 3347 3445 3404 omni
3476 3348 3694 3420 princi-

274 3434 425 3504 κίας,
454 3436 546 3489 καὶ
579 3434 849 3509 ἐρώτησιν
898 3432 1326 3508 προτεινάμενος
1377 3431 1537 3486 ὁποία
1577 3453 1664 3494 τις
1714 3431 1773 3488 ἐκ
1820 3438 1898 3489 τῶ

2066 3437 2137 3492 rio
2170 3438 2357 3510 prius,
2396 3454 2598 3494 eamne
2639 3453 2769 3493 esse
2817 3441 2979 3494 tuam
3029 3437 3334 3494 lenitatem
3367 3436 3692 3494 incredibi-

272 3523 464 3596 νόμων
499 3521 807 3597 ἐπήρτηται
845 3523 1011 3591 ποινή
1051 3526 1169 3582 τοῖς
1217 3517 1512 3595 προδόταις
1563 3519 1782 3577 πόλεων
1839 3523 1929 3578 καὶ
2043 3526 2211 3583 lem?

279 3618 513 3692 χωρῶν,
548 3613 640 3668 καὶ
669 3612 937 3692 ἀπόφασιν
970 3607 1242 3689 ἔγγραφον
1271 3610 1482 3683 θανάτῳ
1513 3609 1943 3683 ὑποδικᾶζουσαν
2002 3614 2128 3677 τοὺς
2175 3613 2318 3671 οὕτω
2356 3613 2594 3691 δρῶντας
2652 3614 2753 3670 ἆνᾶ
2807 3619 3001 3690 χεῖρας
3050 3611 3359 3687 δεξάμενος,
3408 3616 3474 3683 ἠν
3528 3615 3590 3668 τὸ
3643 3613 3704 3668 ἐκ

271 3702 481 3757 τούτου
537 3701 673 3757 κατά
729 3708 830 3770 τῆς
888 3700 1129 3770 ἀνάσσης
1186 3696 1418 3775 ἄσχετος
1474 3701 1575 3769 τήν
1635 3700 1837 3774 ὁρμήν.
1897 3703 2094 3759 Τοίνυν
2157 3703 2244 3759 καὶ
2294 3705 2396 3775 τήν
2438 3700 2632 3781 ’φωνὴν
2697 3705 3025 3778 ὑψωσάντων
3087 3702 3179 3756 καὶ
3247 3698 3513 3775 διατόρως
3570 3701 3708 3776 βοη-

271 3792 491 3847 σάντων
521 3797 631 3847 τῶν
661 3791 993 3867 παρανόμων
1027 3787 1241 3844 ἐκείνων
1272 3788 1619 3868 ψηφηφόρων
1652 3787 1759 3845 δεῖν
1793 3790 1851 3845 ἐκ
1892 3789 1989 3847 τοῦ
2032 3793 2153 3868 βίου
2205 3795 2447 3868 γενέσθαι
2493 3795 2593 3863 τήν
2645 3790 2957 3865 δύσποτμον
2999 3789 3210 3860 ἐκείνην
3242 3788 3293 3845 έν
3330 3788 3699 3865 βασιλίσσαις,

283 3883 505 3957 χάρτης
538 3881 693 3947 εὐθὺς
723 3880 871 3955 παρᾶ
922 3882 1019 3934 τοῦ
1075 3875 1268 3941 παιδὸς
1326 3879 1417 3934 καὶ
1479 3877 1748 3954 βασιλέως
1807 3879 2264 3954 ὑποσημαίνεται,
2321 3884 2562 3958 ἀτεχνῶς
2619 3878 2809 3956 ψεκάδι
2875 3884 2973 3935 τοῦ
3035 3883 3307 3955 μητρικοῦ
3374 3877 3699 3935 διεκτυπού-

279 3992 450 4045 μενος
506 3970 759 4043 αἳματος,
816 3967 1019 4039 ταύτην
1077 3967 1383 4041 μετατιθεὶς
1437 3970 1538 4038 τῆς
1594 3973 1760 4038 ζωηῖς.
1822 3969 2168 4047 Ἐκκέγονται
2226 3970 2405 4026 τοίνυν
2462 3969 2539 4033 εἷς
2594 3970 2656 4025 τὸ
2752 3972 2838 4043 [Ρ.
2921 3971 3043 4041 173]
3119 3969 3571 4045 καθυπουργῆσαι
3627 3971 3696 4041 τῇ

283 4065 507 4136 μυσαρᾷ
535 4059 706 4135 ταύτῃ
756 4058 848 4114 καὶ
906 4058 1106 4132 ἀνοσίῳ
1163 4058 1537 4134 πράξειότοῦ
1594 4055 1947 4133 Ἀνδρονίκου
1998 4059 2349 4134 πρωτότοκος
2413 4060 2531 4122 υἱὸς
2588 4055 2818 4126 Μανοὴλ
2877 4058 2963 4112 καὶ
3025 4057 3053 4112 ὁ
3108 4052 3363 4120 σεϐαστὸς
3431 4057 3702 4134 Γεώργιος

281 4151 441 4218 ὁτῆς
492 4154 592 4204 τοῦ
649 4146 996 4222 Ἀνδρονίκου
1053 4147 1308 4224 γυναικὸς
1364 4143 1619 4225 ἀδελφός.
1678 4150 1881 4225 ’Ἄμφω
1940 4145 1997 4203 δὲ
2042 4148 2131 4204 καὶ
2187 4149 2325 4224 πρὸς
2384 4149 2555 4222 μόνην
2610 4144 2968 4218 ἀπεπήδησαν
3026 4147 3128 4216 τὴν
3181 4145 3448 4221 ἐπιλογήν
3497 4145 3698 4217 ταύτην

280 4237 740 4314 δυσχεράναντες,
801 4237 891 4292 καὶ
943 4237 1005 4292 τὸ
1058 4241 1156 4292 τοῦ
1217 4234 1484 4313 βασιλέως
1564 4234 1916 4315 έξεφαόλισαν
1995 4236 2191 4311 δόγμα,
2267 4238 2507 4299 εἰπόντες
2569 4238 2707 4311 μήτε
2771 4236 3033 4310 πρότερον
3115 4240 3185 4310 τῇ
3269 4234 3535 4311 ἀναιρέσει
3603 4242 3703 4306 τῆς

285 4323 584 4405 βασιλίδος
616 4322 1005 4395 συνευδοκῆσαι
1038 4321 1207 4394 ὅλως,
1240 4322 1385 4380 ἀλλὰ
1413 4323 1510 4387 τὰς
1539 4329 1729 4398 χεῖρας
1785 4323 1963 4402 φέρειν
2009 4325 2176 4400 ἁγνὰς
2224 4329 2319 4381 τοῦ
2381 4326 2711 4400 μιάσματος,
2763 4324 2853 4379 καὶ
2902 4327 2993 4377 νῦν
3038 4320 3096 4378 δὶ
3144 4321 3343 4397 πολλῷ
3399 4322 3565 4380 πλέον
3624 4325 3701 4397 μή

284 4417 575 4490 ἀνέξεσθαι
643 4415 817 4469 αὐτῶν
877 4414 1163 4488 θεωμένων
1222 4418 1385 4486 σῶμα
1441 4409 1789 4468 διεκσπᾶσθαι
1850 4410 2078 4483 δίκαιον,
2138 4416 2235 4469 κᾶν
2300 4412 2644 4488 Ἀνδρόνικος
2720 4413 2794 4475 ὡς
2878 4416 3107 4485 σκηπτῷ
3192 4418 3307 4474 τοῖς
3386 4410 3701 4487 λεγομένοις

282 4508 513 4568 νοότοις
572 4504 833 4580 πληγεὶς,
886 4505 1034 4579 παρά
1092 4500 1248 4576 δόξαν
1297 4504 1469 4557 πᾶσαν
1529 4501 1891 4575 ἀπηντηκόσι,
1950 4502 2042 4564 τάς
2096 4523 2155 4557 τε
2208 4503 2305 4558 τοῦ
2385 4501 2592 4578 γενείου
2648 4502 2847 4581 τρίχας
2930 4502 3105 4557 πυκνὰ
3180 4499 3512 4579 περιείλισσε
3590 4508 3708 4566 τοῖς

286 4595 618 4665 δακτῦλοις,
649 4599 756 4670 πῦρ
787 4598 894 4649 τῶν
926 4593 1190 4667 ὀμμάτων
1226 4590 1468 4667 βλέπων,
1526 4590 1614 4645 καὶ
1675 4592 1736 4646 τὸ
1795 4592 1933 4666 κάρη
1992 4591 2190 4647 κλίνων
2242 4612 2302 4647 τε
2358 4592 2448 4648 καὶ
2505 4592 2721 4668 ἀνάγων
2782 4592 2968 4648 ἑαυτὸν
3031 4593 3232 4656 ἱκανῶς
3284 4590 3567 4649 ὲταλάνισε
3617 4592 3707 4647 καὶ

289 4687 420 4762 μέγ’
478 4682 709 4761 ὤχθησε
764 4681 1041 4745 πολλάκις
1098 4683 1186 4744 οἷς
1245 4678 1344 4736 οὒκ
1393 4681 1517 4755 εἶχε
1569 4680 1632 4734 τὸ
1689 4678 1871 4754 φίλιον
1940 4681 2245 4756 αἱμοχαρὶς
2309 4681 2400 4736 καὶ
2459 4682 2593 4756 πρὸς
2675 4683 3003 4759 φονουργίαν
3093 4681 3247 4757 μόνῳ
3300 4682 3705 4758 ἒκπυρούμενον

282 4777 545 4851 νεύματι.
616 4776 756 4833 Τότε
809 4775 903 4848 μὶν
958 4773 1050 4828 οὗν
1106 4778 1206 4842 τῆς
1267 4773 1447 4845 ὁρμῆς
1503 4770 1902 4846 ἆνασειρασθεῖς
1967 4772 2093 4827 ὡσεὶ
2150 4772 2238 4827 καὶ
2293 4773 2465 4835 ἳππος
2523 4772 2722 4849 θερμὸς
2780 4772 2871 4828 καὶ
2927 4770 3307 4842 δυσκάθεκτος,
3365 4771 3403 4843 ἤ
3461 4774 3562 4828 ὃσα
3617 4773 3707 4828 καὶ

283 4867 497 4927 καπνὸς
575 4863 756 4942 φλόγα
830 4862 953 4938 περὶ
1029 4861 1198 4931 αὐτὴν
1272 4859 1535 4932 εἰληθεὶς,
1609 4860 1702 4916 τὸν
1778 4860 1977 4917 οἰκεῖον
2054 4857 2358 4926 ἀποσϐέσας
2439 4864 2516 4937 μὴ
2596 4862 2875 4937 ὑπεξιόντα
2952 4863 3142 4936 θυμὸν,
3248 4862 3535 4937 ὑπερέθετο
3610 4863 3709 4927 τήν

287 4954 588 5029 ἀναίρεσιν
654 4953 789 5026 μετᾶ
842 4949 898 5007 δὶ
958 4951 1223 5028 βραχείας
1282 4948 1461 5025 ἡμέρα
1514 4948 1594 5023 τῷ
1653 4947 1742 5006 διὰ
1796 4958 2109 5027 πνιγμονῆς
2188 4953 2409 5026 ἐλεεινῷ
2489 4953 2645 5027 μόρῳ
2731 4949 3045 5022 ὑποδικάζει
3131 4953 3230 5020 τήν
3309 4946 3704 5021 κακοδαίμονα,

280 5041 770 5113 έπιστατησάντων
863 5044 941 5113 τῷ
1034 5040 1415 5115 ὑπουργήματι
1489 5043 1585 5094 τοῦ
1660 5041 1950 5117 Τριῲύχου
2045 5043 2471 5110 Κωνσταντίνου,
2550 5042 2608 5104 ὃς
2683 5041 2781 5110 τὴν
2853 5047 2952 5110 τῆς
3027 5038 3426 5113 έταιρειαρχίας
3526 5037 3707 5106 ζώνην

280 5135 437 5208 εἶχε,
515 5132 609 5188 καὶ
682 5134 781 5186 τοῦ
854 5127 1113 5202 ἒκτομίου
1190 5128 1624 5203 Πτερυγιονίτου,
1698 5130 1757 5193 ὃς
1832 5127 2212 5205 διεθρυλλεῖτο
2286 5132 2430 5207 πορά
2503 5134 2633 5184 πᾶσι
2707 5127 2797 5184 καὶ
2871 5130 2962 5183 τὸν
3032 5134 3131 5196 τῆς
3189 5126 3707 5203 Πορφυρογεννήτου

284 5220 506 5297 Μαρίας
536 5217 630 5275 διά
672 5221 964 5295 φαρμάκου
1020 5223 1398 5293 κακουργῆσαι
1457 5216 1702 5274 θάνατον.
1767 5219 1867 5272 Καὶ
1923 5220 2023 5288 τήν
2082 5221 2202 5293 μὶν,
2253 5220 2316 5276 τὸ
2372 5221 2638 5295 γλυκερὸν
2695 5219 2830 5296 φάος
2877 5217 2969 5271 καὶ
3025 5213 3191 5271 καλὸν
3254 5212 3435 5289 ὅραμα
3500 5212 3707 5288 ἀνθρώ-

280 5332 445 5379 ποις,
495 5309 645 5385 εἶχεν
701 5311 737 5380 ἠ
796 5307 907 5364 ἐκεῖ
963 5327 1070 5363 που
1127 5306 1265 5376 ἀκτὴ
1330 5308 1400 5380 τῇ
1460 5307 1677 5381 ψάμμῳ
1737 5313 2200 5382 καταχωσθεῖσαν.
2260 5306 2397 5364 Ηλιε
2448 5310 2546 5362 τοῦ
2604 5304 2934 5380 μιάσματός,
2989 5302 3080 5360 καὶ
3161 5304 3304 5378 Λόγε
3360 5299 3494 5358 Θεοῦ
3569 5320 3704 5377 προ-

280 5403 523 5476 ἀναρχε,
554 5406 656 5469 τῆς
684 5398 817 5475 ὑπὲρ
845 5395 1154 5471 κατάληψιν
1190 5401 1289 5465 σῆς
1319 5395 1531 5476 ἀνοχῆς
1557 5396 1570 5452 ί

367 5490 464 5560 ιη’.
498 5488 557 5543 Ὀ
599 5485 646 5542 δ’
704 5484 1052 5559 Ἀνδρόνικος
1103 5483 1188 5541 ἐπὶ
1246 5484 1468 5547 τούτοις
1525 5483 1767 5558 ἐσκίρτα,
1829 5487 1993 5555 πῶς]

2130 5486 2216 5542 18.
2266 5485 2636 5542 Andronicus
2692 5500 2824 5540 vero
2872 5483 3206 5540 exsultabat
3255 5500 3320 5540 ac
3375 5482 3703 5555 laatabatur,

281 5579 354 5635 ἃν
388 5575 540 5634 εἴποι
571 5595 698 5648 τις;
731 5575 823 5632 καὶ
882 5572 1124 5656 διεχεῖτο
1165 5574 1229 5629 τὸ
1274 5580 1374 5645 τῆς
1418 5576 1605 5649 ψυχῆς
1654 5569 1907 5645 ἡδόμενο·

2086 5591 2194 5631 lum
2227 5575 2449 5631 familia
2475 5574 2764 5632 Manuelis
2792 5573 3231 5631 exseinderetur
3261 5577 3318 5629 et
3348 5572 3712 5647 imperatorii

280 5670 397 5725 τοῦ
436 5666 632 5745 γένους
681 5658 1070 5741 ἕκτριϐομένου
1097 5666 1194 5718 τοῦ
1225 5659 1492 5732 Μανουήλ
1546 5660 1637 5717 καὶ
1668 5656 1906 5736 δενδροτς

2085 5664 2213 5721 iorti
2247 5664 2485 5721 arbores
2525 5663 3026 5733 exscinderentur,
3084 5662 3253 5736 quasi
3294 5662 3454 5720 solus
3505 5664 3711 5720 Roma-

284 5756 585 5835 μουμένου
614 5756 802 5828 κήπου
854 5757 951 5809 τοῦ
1009 5750 1315 5830 βασιλείου,
1372 5751 1446 5813 ὡς
1500 5750 1664 5824 μόνος
1713 5749 1910 5823 οἰκήσιι

2084 5753 2154 5812 iis
2175 5754 2491 5827 provinciis
2521 5754 2816 5827 potiturus
2848 5757 2904 5812 et
2934 5754 3247 5829 imperium
3268 5753 3392 5811 sine
3423 5752 3541 5811 ullo
3563 5749 3710 5826 peri-
