4066 6214
407 427 526 488 62.3

1729 422 2040 484 NICETE
2079 421 2497 486 CHONIATB

3694 428 3810 488 ϐυ

409 561 540 618 culo
570 563 984 633 occupaturus.
1020 559 1204 630 Igitur
1253 558 1582 632 Septembri
1639 573 1862 628 mense,
1913 557 2047 613 indi-

2169 558 2268 627 τήν
2301 559 2404 614 ὑπὸ
2433 559 2741 633 Ῥωμαίους
2798 561 2886 616 καὶ
2939 565 3044 616 τῶν
3095 559 3296 632 ταύτης
3356 558 3648 636 σκήπτρων
3695 559 3816 616 ἐπι-

409 652 598 708 ctione
628 667 695 720 ιι,
729 664 883 705 anno
913 665 947 704 a
973 647 1178 704 mundi
1229 648 1463 704 exordio
1512 647 1701 704 sexies
1749 645 2064 703 millesimo

409 744 464 796 et
492 737 940 808 sexcentesimo,
975 737 1362 810 designationi
1387 753 1510 792 suae
1539 735 1745 808 adjicit
1773 737 2064 805 animum;

413 844 480 884 ac
513 826 818 899 improbus
847 825 944 882 ille
985 841 1124 897 grex
1154 834 1204 882 et
1232 825 1593 882 mercenaria
1623 841 1858 890 manus,
1883 840 2066 897 quan-

409 933 588 990 quam
614 915 947 972 Andronico
969 915 1330 970 voluntatem
1355 931 1525 971 suam
1550 912 2064 980 dissimulante,de

409 1005 716 1079 Bithynice
743 1004 1030 1060 seditione
1063 1005 1250 1074 deque
1283 1003 1510 1060 Isaacio
1538 1001 1758 1074 Angelo
1790 1008 1848 1058 et
1875 1001 2063 1060 Theo-

411 1097 552 1150 doro
580 1095 984 1150 Cantacuzeno
1014 1093 1218 1148 Nicaeae
1249 1109 1344 1148 rec
1364 1091 1545 1164 eptis,
1585 1097 1643 1147 et
1673 1093 1744 1146 de
1781 1090 2064 1162 improbis

404 1183 824 1240 Prusaensium
855 1182 1189 1247 conatibus,
1223 1181 1326 1252 qui
1369 1181 1741 1236 Theodorum
1774 1179 2058 1251 Angelum

410 1274 745 1330 Nicaeenses
776 1271 992 1328 imitati
1025 1271 1410 1343 recepissent,
1445 1268 1694 1325 concilio
1724 1268 1946 1324 in‘dicto
1976 1285 2064 1325 as-

408 1363 551 1418 serit
583 1360 811 1417 nullum
845 1360 968 1416 fore
998 1359 1352 1415 seditionum
1387 1360 1586 1428 tinem,
1625 1357 1739 1413 nisi
1773 1357 2058 1413 Androni-

407 1467 509 1507 cus
543 1451 982 1522 imperaret,qul
1013 1449 1086 1504 ob
1112 1447 1504 1504 venerabilem
1540 1449 1906 1503 senectutem
1929 1463 2063 1518 pru-

405 1540 604 1595 dentia
632 1542 868 1610 superet
907 1537 1328 1602 adolescentes,
1379 1539 1436 1590 et
1479 1537 1537 1592 in
1589 1535 1735 1591 solio
1766 1542 2060 1608 gemmato

405 1626 718 1681 considens
747 1628 806 1680 et
835 1623 1212 1694 imperatorio
1240 1622 1571 1679 diademate
1601 1622 1912 1679 redimitus
1935 1623 2054 1696 pari

403 1717 690 1784 potestate
717 1727 848 1767 cum
883 1712 1039 1768 350
1061 1711 1378 1766 immaturo
1400 1711 1750 1784 imperatore
1776 1716 2055 1782 uteretur,

406 1801 592 1856 oculis
624 1804 799 1872 atque
831 1799 1030 1855 animo
1063 1799 1122 1855 in
1154 1816 1351 1856 rerum
1382 1800 1647 1856 omnium
1678 1801 2054 1857 administra-

2175 644 2495 721 ληψόμενος
2558 647 2749 713 ἀδεῶς.
2806 652 3122 712 Ἐνστάντος
3173 648 3231 706 δὶ
3284 654 3381 705 τοῦ
3440 647 3818 725 Σεπτεμϐρίου

2176 739 2350 808 μηνὸς
2378 745 2479 808 τῆς
2511 735 2760 814 δευτέρας
2807 737 3143 802 ίνδικτιῶνος
3196 744 3294 794 τοῦ
3343 737 3820 816 ἓξακισχιλιοστοῦ

2174 825 2554 896 ἒξακοσιοστοῦ
2595 825 2746 892 ἔτους
2789 833 2858 904 τῇ
2906 827 3197 904 ἀναῤῥήσει
3249 824 3558 886 ἐπιϐάλλει.
3613 828 3818 884 Οὐκοῦν

2174 916 2226 970 o't
2255 914 2318 972 ἐκ
2343 924 2443 987 τῆς
2501 917 2718 995 φαύλης
2775 918 3110 994 συμμορίας,
3150 919 3287 973 κατὰ
3330 920 3560 994 γνώμην
3609 915 3822 989 δήπου-

2174 1005 2259 1059 θεν
2336 1003 2716 1081 Ἀνδρονίκου,
2789 1005 2884 1064 κᾶν
2983 1014 3341 1082 περιέκρυπτε
3428 1009 3529 1078 τὴν
3631 1008 3820 1062 ἑαυτοῦ

2177 1093 2467 1168 βούλησιν,
2500 1093 2663 1172 λόγον
2723 1095 3037 1172 εἰσήνεγκαν
3093 1101 3176 1169 τῶ
3233 1093 3492 1172 συνεδρίῳ
3543 1095 3675 1170 περὶ
3721 1103 3819 1165 τῆς

2170 1184 2588 1258 νεοχμωθείσης
2633 1191 2750 1247 τοῖς
2801 1186 3053 1247 Βιθύνοις
3111 1185 3518 1247 ἐπαναστάσεως
3575 1185 3674 1241 καὶ
3723 1193 3820 1254 τῆς

2172 1271 2322 1335 ἐντὸς
2351 1281 2452 1344 τῆς
2482 1274 2698 1339 πόλεως
2739 1275 2971 1339 Νικαίας
3018 1274 3348 1352 παραδοχῆς
3393 1275 3676 1332 Ἰσαακίου
3722 1281 3818 1332 τοῦ

2170 1359 2222 1432 ἐξ
2255 1361 2531 1438 Ἀγγὲλων
2603 1363 2694 1420 καὶ
2769 1361 3062 1441 Θεοδώρου
3151 1369 3250 1420 τοῦ
3344 1369 3817 1442 Καντακουζτμοῦ,

2170 1449 2316 1506 ἀλλὰ
2347 1449 2414 1520 δὴ
2448 1455 2533 1509 καὶ
2568 1454 2668 1510 ὅσα
2714 1460 3107 1532 κακουργοῦσιν
3165 1457 3218 1511 οἱ
3272 1461 3596 1530 Προυσαεῖς,
3654 1456 3820 1510 εἰσοι-

2167 1541 2448 1613 κισάμενοι
2509 1541 2788 1620 Θεόδωρον
2843 1545 2938 1601 τὸν
2994 1543 3261 1622 Ἄγγελον
3319 1545 3410 1600 καὶ
3467 1545 3646 1600 ταύτᾶ
3707 1551 3819 1608 τοῖς

2168 1629 2427 1686 Νικαεῦσι
2502 1635 2886 1707 φρονήσαντες.
2966 1634 3064 1688 Καὶ
3141 1635 3374 1708 φάμενοι
3455 1635 3532 1708 μὴ
3615 1634 3720 1690 οὐκ
3765 1632 3822 1689 ἄν

2168 1716 2356 1782 ἄλλως
2386 1721 2686 1796 ἠρεμήσειν
2717 1722 2843 1786 τοὺς
2871 1720 3209 1792 στασιώδεις,
3257 1723 3304 1778 εἰ
3348 1725 3424 1796 μὴ
3468 1721 3822 1798 Ἀνδρόνικος

2172 1805 2538 1882 βασιλεύσειεν
2573 1811 2601 1866 ὁ
2652 1808 2741 1868 διὰ
2793 1815 2893 1882 τήν
2955 1811 3431 1890 ὑπαργυρίζουσαν
3489 1817 3571 1886 τῷ
3627 1813 3822 1888 χρόνῳ

406 1888 624 1946 tionem
655 1893 711 1945 et
729 1888 1162 1946 exsecutionem
1183 1889 1506 1960 majoribus
1527 1889 1751 1946 viribus
1782 1894 1840 1946 et
1862 1895 2047 1946 aucto-

411 1979 576 1999 _:sx1-
627 1979 884 1999 :._n__1-__
956 1977 1170 1999 n______
1231 1994 1360 1999 _____
1417 1979 1796 1999 _!_-___.--1-__
1862 1983 1906 1999 ,Δ
1955 1981 2020 1999 Δ..

2165 1897 2334 1974 τρίχα
2407 1903 2514 1954 τῶν
2592 1901 2726 1956 νὲων
2803 1900 2948 1978 ἔχων
3020 1888 3173 1973 λέξαι
3247 1903 3554 1980 σοφώτερα,
3593 1904 3692 1958 καὶ
3734 1902 3823 1958 ἐπὶ

411 1979 582 2035 ritate
626 1979 906 2034 intentus.
954 1977 1180 2035 Corona
1231 1994 1366 2034 vero
1409 1979 1822 2048 circumstans,
1855 1983 1911 2036 et
1938 1981 2054 2036 An-

404 2067 628 2123 dronici
654 2067 724 2123 ob
749 2067 1121 2139 splendorem
1155 2067 1383 2139 generis
1405 2072 1462 2124 et
1492 2069 1845 2142 dignitatum
1867 2069 2057 2126 excel-

403 2155 645 2214 lentiam
679 2172 1157 2226 assessores,una
1187 2173 1324 2213 voce
1344 2156 1749 2214 exclamarunt
1768 2173 1898 2214 eam
1932 2175 2053 2215 rem

414 2245 526 2302 sibi
549 2245 674 2316 jam
710 2243 850 2299 olim
877 2243 937 2299 in
969 2243 1115 2300 votis
1143 2260 1291 2310 esse,
1328 2260 1433 2302 nec
1479 2247 1947 2319 tergiversationi
1979 2245 2057 2302 lo-

400 2349 536 2390 cum
568 2331 845 2404 relinqui.
874 2331 1037 2396 Quod
1069 2332 1184 2387 nisi
1239 2349 1372 2389 cum
1416 2335 1606 2404 gratia
1652 2335 2051 2406 impetrarent,

396 2423 516 2479 vim
550 2421 911 2490 minitantes,
966 2420 1453 2478 acclamationem
1502 2422 1651 2478 hanc
1701 2421 1959 2496 (Alexius
1997 2428 2053 2480 et

396 2509 766 2566 Andronicus
793 2510 1093 2579 Comneni,
1139 2510 1340 2582 magni
1386 2510 1772 2583 imperatores
1804 2517 1860 2568 et
1892 2512 2054 2584 prin-

397 2601 557 2670 cipes
605 2599 1020 2663 Romanorum,
1071 2597 1291 2654 multos
1343 2615 1530 2656 annos
1575 2599 1836 2672 vivunto)
1869 2600 2053 2657 hianti
2091 2591 2096 2598 “

399 2703 498 2745 ore
529 2691 586 2744 et
613 2687 802 2760 plenis
835 2687 1105 2744 faucibus
1131 2688 1494 2759 cecinerunt,
1531 2693 1598 2745 ut
1645 2707 1856 2762 parum
1882 2690 2054 2748 abes-

399 2785 485 2833 set
525 2776 663 2848 quin
711 2776 1068 2832 clamoribus
1111 2783 1546 2850 rumperentur.
1591 2779 1736 2834 Cum
1787 2796 1856 2836 ea
1905 2796 2045 2850 pm.

401 2865 555 2921 clara
578 2881 671 2921 res
695 2865 768 2921 ad
791 2863 1078 2936 simplicis
1109 2865 1308 2937 populi
1341 2883 1512 2922 aures
1558 2867 1914 2938 pervenisset
1944 2869 2052 2942 (sic

398 2953 556 3009 enim
587 2953 892 3026 Cpolitana
925 2953 1086 3024 plebs
1119 2954 1382 3010 vocanda
1410 2954 1540 3027 est),
1575 2955 1765 3011 omnis
1795 2957 2048 3028 generis,

399 3041 832 3114 atatisppiﬁcii
849 3042 1164 3098 multitudo
1187 3043 1346 3099 velut
1373 3059 1550 3115 apum
1578 3044 1846 3102 examina
1867 3046 2052 3103 alvea-

397 3130 562 3187 ribus
592 3131 775 3188 eﬂ'usa
807 3132 1081 3186 convenit
1109 3148 1124 3199 ;
1157 3135 1216 3186 et
1245 3130 1488 3202 quidam
1519 3132 2048 3204 Belijudex,cuius

397 3235 608 3276 nomen
649 3219 840 3276 libens
889 3224 1187 3291 praetereo,
1221 3224 1288 3276 ut
1335 3221 1896 3278 observantissimus
1928 3225 2045 3280 An-

2164 1987 2356 2060 Θρόνου
2384 1988 2608 2053 καθίσας
2635 1993 2732 2045 τοῦ
2763 1987 3016 2054 διαλίθου
3055 1989 3146 2046 καὶ
3193 1993 3264 2065 τῇ
3324 1988 3593 2066 βασιλείῳ
3637 1995 3823 2062 ταινιᾷ

2165 2072 2444 2146 διαδηθιὶς
2507 2080 3033 2154 συναυτοκρατοροίη
3081 2083 3159 2152 τῷ
3201 2077 3536 2153 παναφήλικι
3590 2079 3823 2156 βασιλεῖ

2163 2164 2254 2219 καὶ
2330 2162 2538 2242 διορῲη
2597 2168 2661 2223 τὸ
2721 2170 3086 2246 γενησόμενον
3132 2168 3223 2225 καὶ
3270 2170 3499 2244 περατοῖ
3551 2169 3615 2224 τὸ
3679 2191 3822 2246 πραο

2165 2253 2510 2328 χθησόμενον
2555 2257 2671 2329 μετ’
2703 2257 2898 2336 ἰσχύος
2930 2259 3181 2330 μείζονος
3221 2257 3309 2313 καὶ
3341 2257 3575 2328 ἐξουσίας
3629 2259 3816 2332 ἆρχε-

2159 2341 2422 2418 κωτέρας,
2456 2345 2613 2420 εἶχον
2646 2344 2800 2408 εὐθὺς
2828 2345 2957 2409 τοὺς
3004 2351 3390 2423 περιεστῶτας,
3440 2346 3530 2401 καὶ
3573 2346 3817 2421 ’ὀσοιπερ

2161 2429 2347 2504 ἐκείνῳ
2379 2433 2464 2506 [Ρ⁶
2503 2436 2628 2508 174]
2691 2431 3014 2510 συνήδρευον
3067 2433 3161 2491 διὰ
3203 2434 3392 2514 γὲνους
3442 2433 3820 2510 λαμπρότητα

2157 2520 2248 2574 καὶ
2277 2520 2605 2593 ἀξιωμάτων
2659 2525 2986 2598 σεμνότητα,
3043 2524 3354 2602 ὁμοφώνως
3399 2524 3814 2599 ἀνακραγόντας

2158 2609 2330 2665 πάλαι
2363 2611 2555 2674 αὐτοῖς
2587 2613 2722 2668 εἶναι
2749 2614 2812 2668 τὸ
2841 2607 3158 2688 προϐληθὲν
3205 2612 3256 2668 ἐν
3299 2609 3370 2668 δι’
3419 2611 3682 2692 ἐφέσεως,
3725 2615 3816 2668 καὶ

2162 2695 2568 2775 μηκέτικαιρὸν
2617 2700 2752 2754 εἶναι
2807 2705 2906 2755 τοῦ
2962 2697 3302 2765 ἀναδύεσθαι·
3362 2701 3398 2771 ἦ
3455 2700 3560 2777 γάρ
3600 2700 3666 2757 ἂν
3728 2703 3817 2758 καὶ

2160 2783 2282 2858 βίαν
2356 2786 2689 2860 συμμίξωσι,
2763 2792 3164 2868 προχωροῦσαν
3241 2789 3344 2844 οὐκ
3415 2785 3636 2866 ἔχοντες
3719 2792 3816 2860 τήν

2156 2877 2350 2940 πειθώ.
2387 2875 2613 2950 Ἀμέλει
2644 2878 2736 2933 καὶ
2791 2885 2892 2948 τῆς
2951 2879 3222 2958 εὐφημίας
3268 2881 3670 2955 κατάρχονται,
3727 2881 3814 2936 καὶ

2157 2963 2358 3019 οὑτωσί
2399 2986 2516 3029 πως
2548 2963 2842 3022 διατιθέασι
2908 2969 3006 3037 τήν
3059 2967 3374 3046 άνάρῥησιν,
3422 2967 3678 3040 Ἀλεξίου
3725 2971 3813 3025 καὶ

2159 3049 2505 3127 Ἀνδρονίκου
2569 3055 2818 3130 μεγάλων
2909 3055 3180 3130 βασιλέων
3234 3058 3326 3112 καί
3380 3057 3813 3134 αὐτοκρατόρων

2154 3142 2441 3217 Ῥωμαίων
2467 3148 2577 3198 τῶν
2619 3148 2919 3218 Κομνηνῶν
2979 3144 3168 3201 πολλᾶ
3216 3147 3284 3202 τὰ
3333 3143 3452 3218 ἔτη,
3488 3171 3517 3199 ››
3574 3146 3812 3204 πλατὲσι

2155 3233 2246 3289 καὶ
2278 3232 2570 3309 ἀνεωγόσιν
2613 3230 2833 3304 ᾅδοντες
2879 3235 3112 3308 στόμασι
3165 3235 3254 3290 καὶ
3315 3239 3515 3311 μικροῦ
3575 3234 3816 3314 διαρῥη-

395 3309 620 3365 dronici
676 3309 936 3365 famulus
998 3309 1336 3380 supplicum
1405 3308 1733 3366 libellorum
1785 3311 2040 3368 ofﬁcium

2157 3322 2419 3399 γνῦμενοι
2490 3327 2609 3385 ταῖς
2685 3329 2914 3399 φωναῖς.
2994 3321 3344 3388 Διαδοοὲντος
3391 3321 3449 3379 δὲ
3487 3328 3587 3380 τοῦ
3635 3325 3811 3382 καλοῦ

391 3399 724 3469 adeptus,et
753 3397 907 3453 alius
938 3397 1176 3468 quidam
1201 3397 1838 3468 protonotarius,homo
1861 3403 2044 3456 tumi-

394 3488 481 3542 dae
510 3485 724 3558 linguae
754 3493 810 3542 et
839 3485 1166 3558 praecipuus
1200 3486 1526 3558 tyrannidis
1568 3486 1856 3558 minister,
1891 3491 2038 3548 351

395 3591 628 3632 rumore
658 3575 759 3647 qui
791 3575 862 3630 de
889 3573 1210 3631 Andronici
1244 3575 1650 3648 designatione
1693 3577 1914 3650 passim
1945 3596 2042 3634 va-

396 3665 644 3735 gabatur
674 3664 897 3730 audito,
924 3663 1178 3735 improbi
1219 3669 1614 3720 assentatores
1669 3682 1786 3720 uno
1833 3667 2044 3739 spiritu

397 3754 457 3809 in
488 3753 850 3826 tyrannicam
883 3754 1127 3808 domum
1159 3769 1288 3824 quae
1336 3752 1673 3810 Michaelize
1703 3754 2042 3824 dicitur,ubi

400 3844 513 3899 ista
543 3843 965 3910 tractabantur,
997 3847 1382 3914 properarunt
1409 3858 1424 3910 ;
1455 3846 1511 3898 et
1548 3843 1856 3899 senatoriis
1886 3847 2042 3916 capi-

401 3939 530 3990 tum
561 3931 918 4005 tegminibus
965 3931 1261 4005 detractis,
1285 3932 1448 3989 albas
1491 3933 1768 3992 sindones
1819 3953 1888 3992 ex
1937 3937 2040 3992 hu-

398 4022 576 4079 moris
607 4023 1003 4095 dependentes
1036 4022 1096 4078 in
1133 4022 1332 4078 orbem
1364 4023 1818 4095 convolverunt;
1849 4031 1905 4082 et
1929 4044 2039 4083 co:-

395 4113 550 4168 tibus
599 4113 660 4169 in
710 4111 896 4169 triviis
947 4112 1184 4180 coactis,
1235 4116 1300 4168 ut
1367 4113 1740 4184 praesultores
1789 4116 2038 4188 choreae,

390 4206 637 4260 fractum
671 4207 728 4258 et
761 4199 935 4258 molle
981 4201 1276 4258 canticum
1332 4203 1621 4274 auspicati
1649 4205 2037 4276 exsultaruut,

388 4308 524 4349 cum
559 4291 764 4365 plausu
817 4308 1127 4358 manuum,
1159 4293 1227 4346 ad
1287 4306 1596 4348 numerum
1654 4293 1961 4352 saltantes.
1995 4297 2037 4352 0

387 4381 812 4455 impudentiam
843 4380 1204 4452 singularem
1241 4385 1298 4436 et
1336 4381 1596 4438 vecordia
1625 4382 1805 4440 animi
1835 4383 2034 4441 levita-

388 4473 544 4527 tcml
583 4486 718 4526 cum
750 4473 946 4526 autem
978 4469 1346 4526 Andronicus
1367 4484 1436 4524 ex
1468 4471 1788 4542 tyranuicis
1817 4473 2038 4530 aedibus

389 4559 449 4614 in
478 4559 883 4616 Blacbernium
915 4558 1198 4632 paiatium
1231 4559 1632 4616 descendisset
1660 4565 1718 4617 et
1770 4563 2036 4636 Polytiiui

2153 3409 2311 3467 τοῦδε
2341 3411 2664 3488 πράγματος
2690 3418 2808 3474 τοῖς
2841 3412 2892 3467 ἐν
2937 3415 3006 3486 τῇ
3055 3412 3216 3468 πόλει
3264 3409 3586 3488 ἀϐελτέρως
3641 3415 3810 3490 (οὕτω

2150 3504 2254 3578 γὰρ
2313 3505 2490 3577 χρεὼν
2542 3504 2637 3558 τὸν
2712 3504 3368 3577 Κωνσταντινουπολίτην
3441 3506 3627 3580 δῆμον
3709 3531 3809 3564 κα-

2153 3590 2266 3646 λεῖν
2297 3593 2456 3666 [12].)
2495 3593 2572 3656 ὡς
2603 3591 2876 3665 μελισσῶν
2912 3596 3098 3666 σμήνη
3138 3598 3246 3650 τῶν
3298 3589 3550 3668 σίμϐλων
3600 3597 3809 3652 ἀπανα-

2151 3680 2343 3736 στάντα
2371 3682 2439 3734 τά
2478 3678 2672 3753 πλήθη
2734 3681 3040 3738 συνείλεκτο
3098 3680 3158 3738 ἐκ
3204 3685 3404 3746 παντὸς
3463 3683 3665 3760 γένους
3714 3705 3808 3756 καί

2147 3771 2351 3845 τέχνης
2385 3769 2601 3842 ἀπάσης
2631 3771 2722 3827 καὶ
2771 3771 2948 3841 πάσης
2997 3770 3223 3842 ἡλικίας
3269 3780 3367 3842 τῆς
3414 3771 3648 3829 συνίδου
3707 3797 3808 3850 γει

2145 3859 2470 3934 γενημένης,
2501 3858 2592 3915 ὅτε
2647 3859 2736 3915 καί
2786 3881 2871 3918 τις
2913 3865 3022 3916 τῶν
3073 3865 3171 3918 τοῦ
3221 3861 3408 3933 Βήλου
3454 3864 3657 3938 κριτῶν
3715 3866 3802 3934 (τὸ

2149 3945 2206 4003 δὲ
2261 3946 2433 4020 ὄνομα
2489 3949 2595 4004 ἒκὼ
2655 3944 3060 4024 ὑπερϐήσομαι)
3117 3951 3193 4013 εἷς
3276 3951 3338 4005 τὸ
3395 3955 3493 4006 τοῦ
3545 3949 3632 4005 ἐπί
3690 3957 3796 4006 τῶν

2148 4033 2383 4108 δεήσεων
2427 4037 2680 4115 ὀφφίκιον
2743 4033 2940 4102 ἀναϐὰς
2997 4039 3072 4100 ὡς
3141 4040 3386 4115 θεράπων
3443 4037 3791 4115 Ἀνδρονίκου

2145 4127 2501 4202 θερμότατος,
2533 4127 2624 4182 καὶ
2675 4125 2846 4191 ἃλλος
2897 4125 2954 4184 δέ
3002 4151 3082 4192 τις
3141 4131 3582 4206 πρωτονοτάριος
3627 4151 3801 4205 τιμη-

2147 4214 2257 4278 θείς
2330 4213 2766 4290 γλωττογάστωρ
2840 4215 2930 4270 καὶ
3009 4213 3244 4289 μηδενὸς
3291 4215 3640 4294 ἆγενὲστερος
3697 4225 3798 4288 τῆς

2144 4303 2456 4382 τυραννίδος
2537 4303 2912 4382 ὑποδρηστὴρ,
2987 4315 3095 4378 τῆς
3151 4309 3286 4364 κατὰ
3357 4311 3456 4379 τὴν
3498 4310 3802 4388 ἀνάρρησιν

2141 4399 2239 4451 τοῦ
2273 4392 2623 4471 Ἀνδρονίκου
2654 4399 2848 4473 φήμης
2911 4397 3204 4472 ἀπανταχῆ
3252 4395 3656 4475 διατρεχούσης
3707 4401 3800 4456 καὶ

2144 4483 2323 4539 αὐτῶν
2357 4481 2414 4538 δὲ
2433 4489 2544 4539 τῶν
2568 4484 3003 4559 φαυλοκολέκων
3034 4485 3098 4541 τὰ
3128 4487 3241 4547 ὦτα
3288 4491 3798 4562 περικτυπησάσης,

2143 4571 2322 4647 ὥσπερ
2357 4571 2412 4628 ἐν
2467 4572 2546 4628 ἐνὶ
2599 4571 2869 4646 πνεύματι
2917 4575 2980 4629 τὸ
3030 4581 3342 4651 τυραννεῖον
3397 4572 3800 4638 καταλαϐόντες

333 4721 342 4729 _
388 4648 671 4706 sublimes
699 4651 852 4706 aedes
880 4649 1188 4720 ingressus
1208 4648 1568 4714 esset,etiam
1603 4650 1833 4709 Alexius
1855 4653 2030 4728 impe-

2156 4659 2505 4716 ιιαθ’δ’”λ
2712 4668 2735 4678 υ
2900 4660 2944 4681 ’κ
3475 4668 3502 4678 ·-
3625 4662 3764 4696 κδ’·

2385 4683 2467 4718 ετε
2511 4682 2799 4739 εταρχειτο
2846 4681 2974 4718 ταοε
3020 4684 3086 4718 τα
3129 4675 3339 4738 αθεσμα
3387 4669 3570 4737 (τουτο
3621 4681 3680 4720 οε
3729 4688 3794 4736 ην

387 4746 546 4795 rator
573 4739 1092 4794 acclamationibus
1121 4739 1190 4807 ξοι
1235 4737 1506 4808 euspiriis
1544 4738 1848 4798 hominum
1879 4745 2032 4800 exci-

386 4835 483 4886 tus
514 4835 724 4900 (neque
752 4829 906 4883 enim
938 4841 1143 4882 omnes
1191 4841 1270 4880 eae
1323 4826 1682 4898 intemperiae
1710 4831 2035 4906 agitabant)

390 4919 487 4976 ubi
517 4918 798 4992 palatium
830 4915 1174 4971 hominibus
1223 4913 1501 4970 refertum
1533 4920 1592 4972 et
1633 4920 2032 4978 Andronicum

385 5013 457 5068 ab
489 5007 764 5066 omnibus
798 5023 899 5078 pro
948 5005 1298 5077 imperatore
1351 5002 1630 5060 celebrari
1675 5007 1836 5080 vidit,
1884 5015 2034 5068 tem-

384 5101 511 5173 pori
540 5095 915 5155 serviendum
949 5100 1110 5150 ratus
1155 5093 1280 5149 seni
1327 5109 1462 5150 cum
1512 5095 1731 5152 caeteris
1763 5098 2033 5160 adulatus

383 5192 494 5256 est,
530 5201 788 5258 eumque
812 5187 882 5242 ad
906 5183 1137 5255 imperii
1158 5179 1496 5238 societatem
1526 5185 1846 5253 vocavit,ad
1875 5191 2031 5260 quod

379 5277 498 5347 jam
531 5274 675 5332 olim
707 5291 914 5349 magno
947 5274 1100 5333 852
1135 5273 1359 5346 impetu
1385 5272 1698 5330 ferebatur.
1721 5281 1803 5334 Ac
1827 5279 2031 5336 factio-

2145 4750 2172 4804 6
2203 4753 2298 4804 τοῦ
2327 4749 2681 4829 Μιχαηλίτζη
2716 4749 3016 4824 λεγόμενος
3049 4751 3242 4824 οἶκος),
3291 4751 3362 4808 τά
3409 4751 3793 4827 συγκλητικῶς

2143 4837 2475 4917 ἐξυφασμὲνα
2539 4845 2646 4894 τῶν
2729 4844 2977 4916 κεφαλῶν
3029 4837 3390 4917 ἐξενεγκόντες
3459 4839 3791 4914 καλύμμοτα

2141 4929 2230 4982 καὶ
2272 4932 2381 4983 τῶν
2440 4929 2576 4984 κατὰ
2629 4929 2804 4984 νώτου
2854 4929 3172 5005 κεχυμένων
3233 4929 3563 4986 λευκολίνων
3621 4928 3792 4987 λοϐὸς

2145 5035 2302 5088 μενοι
2333 5013 2572 5071 διείλουν
2641 5016 2776 5072 αὐτὰ
2853 5018 2926 5079 ὡς
3001 5018 3253 5092 σφαίρας,
3329 5025 3791 5095 χοροστατοῦντες

2139 5109 2256 5168 τοῖς
2287 5103 2348 5160 ἐκ
2379 5102 2611 5181 τριόδων
2640 5108 2854 5177 καὶτῆς
2899 5107 3024 5163 τότε
3051 5107 3275 5180 τελετῆς
3333 5111 3790 5190 προεξάρχοντες,

2139 5194 2277 5268 πρὸς
2313 5194 2480 5268 μέλος
2529 5216 2587 5251 τε
2633 5192 3004 5270 κεκλασμὲνον
3059 5196 3484 5275 μετεβρύθμιζον
3529 5201 3631 5270 τήν
3677 5221 3794 5278 φω-

2138 5285 2258 5353 νὴν,
2292 5284 2385 5340 καὶ
2424 5289 2667 5346 πανικῶς
2699 5285 3064 5360 ἐξαλλόμενοι
3105 5288 3194 5344 καὶ
3240 5288 3337 5353 τὰς
3382 5295 3576 5369 χεῖρας
3624 5289 3699 5354 ὡς
3745 5286 3795 5350 ἐς

1733 5431 1910 5502 Hier.
1965 5436 2175 5504 Woltli
2225 5447 2422 5506 notm.

459 5544 912 5654 (12“)“1Arg‘vet‘gpti
945 5569 1160 5654 codicis
1191 5571 1454 5654 margine
1483 5569 1754 5654 trochloco
1786 5578 2034 5654 menda-
2141 5580 2633 5654 tiushominibus
2671 5584 3018 5654 potentibus
3050 5591 3110 5641 et
3139 5585 3454 5644 seditionis
3477 5589 3800 5646 sintascri-

387 5639 468 5716 cii
499 5637 764 5716 arguitur
789 5639 1118 5716 Choniales,
1151 5637 1562 5716 quasi'populo
1589 5643 1910 5715 Byzantino
1932 5649 2034 5706 ﬁat

387 5711 611 5786 injuria
644 5723 656 5764 :
691 5717 763 5776 et,
799 5712 847 5763 si
880 5727 994 5780 qua
1023 5711 1326 5781 perperam
1348 5711 1815 5786 committantur,
1847 5735 1916 5776 ea
1936 5737 2032 5793 po-

2142 5651 2353 5735 benda.
2389 5651 2738 5735 Quanquam
2773 5655 2932 5710 enim
2983 5658 3280 5735 scriptura
3323 5676 3446 5716 non
3498 5661 3792 5735 satisrlegi

2142 5729 2356 5796 potest,
2389 5729 2586 5781 tamen
2617 5729 2762 5781 satis
2802 5735 3048 5801 apparet
3072 5729 3227 5786 hanc
3257 5745 3388 5788 esse
3410 5729 3794 5790 sententiam.
