4066 6214
256 314 371 376 625

1419 313 1762 376 ALEXIUS
1805 313 2206 378 MANUELIS
2249 316 2511 381 FILIUS

3548 328 3666 386 626

251 446 453 520 κρότον
494 440 907 517 ξυμϐάλλοντες
935 444 1014 498 τὼ
1043 441 1179 498 πόδε
1237 442 1592 513 ὑπεσάλευον,
1638 444 1729 499 καὶ
1776 443 1912 499 κατά

2029 447 2114 504 nis
2148 465 2283 519 pars
2313 452 2496 506 acrior
2526 451 2918 507 Andronicum
2942 453 3429 523 tergiversantem
3456 462 3512 513 et
3535 475 3665 516 con-

256 534 426 608 μέσον
451 531 709 603 ἐδίνευον,
745 533 937 607 μολπῇ
964 533 1204 609 τ’ἰῦγμῷ
1251 553 1310 588 τε
1364 534 1458 603 τὴν
1508 540 1611 608 γῆν
1654 532 1908 607 ἐκρότουν

254 625 695 703 ύπορχούμενοι.
727 629 796 678 ’Ὠ
841 626 940 694 τῆς
988 620 1258 685 ἀναιδείας
1302 625 1394 679 καὶ
1436 630 1538 694 τῆς
1599 624 1913 701 μικρογνώο

252 736 422 788 μονος
466 716 661 790 φρενὸς
714 715 803 769 καὶ
864 713 1254 793 κουφότητοςί
1308 717 1415 770 Τοῦ
1474 711 1523 768 δ’
1562 711 1910 789 Ἀνδρονίκου

247 799 591 867 καταϐἄντος
620 803 728 859 ἀπὸ
752 806 852 858 τοῦ
897 802 1207 878 τυραννείου
1257 800 1313 866 ές
1368 803 1432 858 τὸ
1478 801 1530 858 έν
1565 800 1912 878 Βλαχέρναις

254 892 568 968 βασίλειον,
644 892 736 948 καὶ
809 891 1101 969 γενομένου
1174 891 1311 947 κατά
1381 892 1473 947 τὸν
1526 892 1677 955 έντὸς
1714 893 1912 948 τούτου

249 984 513 1060 ὗὼηρεφῆ
574 980 744 1056 δόμον
807 983 866 1043 ὃς
923 979 1240 1054 Πολύτιμος
1323 981 1560 1057 Λέγεται,
1633 981 1913 1060 ἐφίσταται

248 1072 345 1127 καὶ
378 1073 409 1127 ὃ
446 1070 704 1147 βασιλεὺς
736 1069 983 1141 Ἀλέξιος
1027 1068 1090 1126 ἐκ
1123 1075 1234 1126 τῶν
1291 1065 1507 1141 ἔξωθεν,
1559 1071 1704 1145 ὁμοῦ
1749 1072 1912 1126 παιά-

251 1182 364 1215 νων
393 1161 574 1216 τεκαὶ
606 1161 992 1235 στεναγμάτων
1041 1160 1124 1234 (ού
1188 1161 1293 1237 γὰρ
1350 1159 1548 1223 πάντες
1600 1164 1682 1231 τῷ
1738 1164 1912 1236 καιρῷ

251 1248 664 1325 παρεσύρησαν)
706 1247 875 1325 εὑρὼν
921 1249 1090 1323 μεστὰ
1141 1249 1208 1303 τὰ
1265 1248 1569 1324 ἀηάκτορα,
1614 1250 1702 1304 καὶ
1755 1248 1915 1304 αὐτὸν

250 1337 605 1413 Ἀνδρόνικον
638 1339 714 1400 ὡς
774 1336 1003 1414 βασιλέα
1058 1335 1253 1414 σχεδὸν
1302 1339 1451 1414 παρὰ
1478 1339 1695 1393 πάντων
1744 1358 1911 1395 κατα-

246 1423 447 1485 λαϐὼν
523 1427 962 1506 εύφημούμενον.
1039 1428 1210 1485 Ἑκὼν
1285 1426 1466 1483 τοίνυν
1559 1426 1778 1482 ἀέκοντί
1852 1446 1915 1503 γε

247 1522 419 1592 θυμῷ
455 1522 576 1580 τοῖς
633 1515 991 1591 τελουμένοις
1044 1514 1417 1588 έπευδοκήσας
1471 1514 1762 1573 ἐκολάκευε
1815 1517 1911 1572 κά-

246 1612 441 1669 κεῖνος
472 1607 527 1662 έν
558 1611 677 1670 τοῖς
708 1608 927 1669 λοιποῖς
982 1608 1045 1662 τὸ
1098 1607 1398 1682 γερόντιον,
1445 1605 1783 1680 Ἀνδρόνικον
1838 1607 1916 1669 είς

249 1697 319 1751 τὸ
353 1690 778 1769 συμϐασιλεύειν
833 1695 1149 1773 ἐπεγείρων,
1206 1695 1297 1751 καὶ
1356 1696 1786 1772 προθυμοποιῶν
1837 1695 1914 1757 εἲς

250 1786 320 1840 τὸ
398 1784 610 1847 ἐνεοτὸς
682 1780 836 1862 ἔργον
913 1786 1005 1840 τὸν
1084 1786 1331 1859 ἀκρατῶς
1408 1784 1485 1845 είς
1530 1788 1691 1839 τοῦτο
1738 1786 1911 1838 πάλαι
1946 1810 1994 1877 Β

258 1874 589 1952 φερόμενον.
652 1876 732 1931 Τὸ
790 1871 847 1929 δὲ
900 1880 1003 1944 τῆς
1054 1871 1404 1948 ’Δνδρονίκου
1436 1875 1662 1949 φατρίας
1720 1874 1917 1948 θερμό-

257 1983 418 2039 τερον
471 1962 563 2018 καὶ
622 1962 1004 2037 ἀκκιζόμενον.
1066 1962 1410 2037 Ἀννρόνικον
1466 1962 1557 2018 καὶ
1613 1964 1714 2032 τήν
1767 1982 1915 2018 συνε-

257 2049 415 2128 δρίαν
458 2051 887 2127 εἰρωνευόμενον
942 2051 1276 2128 ἀμφοτέραις
1330 2052 1622 2128 συσχόντες
1680 2052 1760 2116 εἷς
1814 2052 1913 2120 τήν

261 2142 653 2217 χρυσόπαστον
686 2139 878 2212 κλίνην
911 2140 1113 2219 ἐφῆκαν
1168 2139 1251 2219 ἐφ’
1306 2140 1373 2210 ἧς
1436 2142 1464 2196 ὁ
1515 2139 1769 2216 βασιλεὺς
1795 2138 1916 2209 ’ίζα-

257 2250 370 2286 νεν.
406 2227 618 2286 Ἀλλοι
647 2226 706 2284 δὲ
732 2231 834 2299 τῆν
882 2229 1160 2304 καπνηράν
1218 2228 1309 2285 καὶ
1361 2226 1710 2306 πυραμοειδῆ
1767 2227 1917 2301 έρέαν

265 2329 368 2393 τῆς
427 2319 679 2401 κεφαλῆς
730 2320 1059 2401 ἀφελόμενοι
1112 2323 1327 2398 πυρσήν
1378 2320 1527 2395 αύτῷ
1582 2320 1914 2397 περιέοεντο,

262 2413 355 2467 καὶ
388 2411 598 2482 στολὴν
631 2410 926 2485 βασιλικήν
974 2408 1226 2467 ὶνέδυσαν
1270 2408 1468 2482 ἕτεροι.
1521 2413 1607 2485 Τῇ
1656 2408 1714 2466 δὶ
1763 2410 1915 2465 ὑστε-

261 2501 385 2576 pati;
412 2499 505 2556 ἰπὶ
535 2507 643 2571 τῆς
674 2500 941 2577 Μεγάλης
969 2498 1270 2571 ὶκκλησίας
1301 2499 1603 2575 ἀρξαμένης
1657 2505 1760 2569 τῆς
1809 2503 1916 2553 τῶν

261 2589 540 2665 βασιλέων
591 2589 938 2667 ἀναρρήσεως
992 2591 1236 2665 γίνεσθαι
1293 2587 1648 2664 ’Δνδρόνικος
1708 2589 1914 2664 ἀνηγο-

263 2681 450 2757 ρεύετο
482 2680 773 2755 πρότερον,
806 2680 834 2735 ὁ
866 2677 925 2735 δί
952 2678 1200 2751 Ἀλέξιος
1232 2681 1318 2753 [Ρ.
1375 2681 1499 2753 Πῦ]
1547 2673 1911 2748 ὑπεϐέϐαστο,

265 2770 677 2843 μεταπεσούσης
705 2775 808 2840 τῆς
836 2769 1061 2839 τάξεως.
1117 2768 1220 2825 Καὶ
1251 2770 1287 2839 ἡ
1319 2767 1470 2823 αῗτία
1517 2768 1593 2832 ὡς
1640 2766 1911 2837 καλλίστη

260 2864 352 2918 καὶ
386 2863 686 2938 εὐπρεπής·
718 2859 780 2917 οὔ
810 2882 937 2942 φασι
988 2858 1098 2917 δεῖν
1146 2862 1245 2917 τὸν
1298 2860 1522 2940 ἲνφαντα
1561 2860 1653 2914 καὶ
1706 2857 1758 2923 ές
1817 2859 1916 2932 μέ-

259 2972 388 3030 τρον
430 2948 588 3008 οὔπω
636 2949 860 3021 ἡλικίας
913 2950 1169 3024 ἱκόμενον
1222 2949 1543 3026 λειογένειον
1604 2969 1913 3026 προαναγο-

261 3041 512 3117 ρεύεσθαι
542 3044 641 3096 τοῦ
668 3039 1035 3119 πολιότριχος
1068 3037 1421 3115 Ἀνδρονίκου
1450 3040 1541 3095 καὶ
1588 3042 1823 3115 γεραροῦ
1850 3037 1915 3092 τὸ

260 3137 482 3211 φρονεῖν
511 3131 603 3185 καὶ
635 3132 747 3203 ἅμα
794 3131 984 3204 πρόσω
1035 3127 1124 3184 καὶ
1174 3127 1349 3184 ὁπίσω
1403 3128 1468 3184 τὸ
1520 3129 1647 3203 ὁρᾷν
1690 3122 1916 3201 ἔχοντος

257 3227 342 3290 τῷ
373 3218 560 3293 έσθλῷ
589 3226 690 3289 τῆς
720 3218 953 3299 φύσεως.
988 3219 1138 3275 Ἐπεὶ
1187 3215 1245 3273 δὲ
1292 3218 1382 3273 γαὶ
1435 3218 1599 3279 αὐτὸς
1639 3213 1914 3292 Ἀνδρόνι-

262 3328 358 3370 κος
389 3308 457 3364 τά
484 3307 606 3383 ἰερά
654 3305 937 3387 ἐσαφίκετο
985 3305 1228 3382 μέλαθρα
1284 3306 1746 3385 στεφθησόμενος,
1793 3306 1918 3361 τότε

262 3398 503 3473 πρώτως
534 3394 691 3473 ὣφθη
720 3401 838 3459 τοῖς
898 3396 1205 3471 ἀνθρώποις
1256 3392 1538 3471 διαχυθεὶς
1581 3394 1672 3449 καὶ
1713 3395 1776 3449 τὸ
1819 3398 1918 3449 τοῦ

270 3488 599 3563 βλέμματος
631 3487 659 3541 ὁ
688 3488 790 3558 θὴρ
827 3485 1187 3560 μεταθέμενος
1223 3484 1494 3562 βλοσυρὸν
1541 3484 1633 3541 καὶ
1679 3486 1778 3555 τὴν
1830 3482 1919 3539 ἐπὶ

266 3578 331 3633 τὸ
361 3581 608 3653 κρεῖττον
639 3579 746 3631 τῶν
792 3575 1126 3650 πραγμάτων
1185 3573 1487 3631 ἀλλοίωσιν
1533 3572 1771 3637 πολλοῖς
1809 3577 1916 3629 τῶν

272 3667 543 3743 δεομένων
601 3668 1108 3743 καθυποσχόμενος.
1176 3673 1279 3724 ’Ήν
1363 3664 1420 3723 δὲ
1500 3671 1668 3722 ταῦτα
1720 3666 1916 3742 φενάκη

269 3758 556 3835 πρόδηλος
584 3758 677 3813 καὶ
706 3754 908 3832 ψευδὴς
939 3755 1240 3832 ἐπαγγελία
1286 3760 1384 3811 τοῦ
1434 3755 1775 3827 ἀπατεῶνας,
1830 3755 1920 3811 καὶ

271 3853 337 3908 τὸ
366 3854 465 3907 τοῦ
494 3849 798 3924 προσώπου
849 3847 1063 3924 ἱλαρὸν,
1115 3845 1526 3926 φιλανθρωπίας
1572 3847 1923 3925 παρυφιστῶν

272 3940 597 4016 ἰσχνότατον
644 3936 888 4012 ἴνδαλμα
943 3936 1275 4012 πρόσκαιρον
1333 3937 1619 4006 συσκιάζον
1678 3937 1778 4005 τήν
1835 3930 1922 3990 ἔν-

274 4029 426 4086 δοθεν
456 4027 783 4105 ἀγριότητα.
814 4025 1097 4091 Εἰσελθὼν
1128 4025 1185 4081 δὲ
1214 4026 1278 4082 τὸ
1307 4028 1453 4101 ἱερὸν
1507 4024 1597 4081 καὶ
1655 4024 1927 4086 τελεσθεῖς

280 4121 454 4175 ὁπόσα
530 4123 647 4180 τοῖς
725 4116 1072 4194 στεφομένοις
1150 4116 1376 4180 ε’ἰθισται
1453 4112 1621 4187 ἄναξι,
1679 4115 1926 4189 πρόσεισι

282 4208 473 4280 δεῆσαν
504 4213 614 4264 τῶν
646 4206 933 4286 ἀχράντων
996 4207 1279 4279 ἁγιασμῶν
1336 4209 1651 4280 μετασχεῖν,
1697 4203 1787 4259 καὶ
1834 4204 1925 4258 τὸν

282 4300 533 4374 οὐράνιον
576 4297 735 4371 ἄρτον
783 4293 1069 4369 δεξάμενος
1116 4293 1168 4349 έν
1213 4298 1293 4366 τῷ
1340 4292 1574 4371 ἐγγίζειν
1619 4294 1698 4365 τῷ
1755 4290 1928 4347 ἐκπώο

284 4388 530 4461 ματιτάς
561 4391 753 4465 χεῖρας
802 4383 1016 4459 ἀνέσχε,
1062 4384 1153 4440 καὶ
1211 4382 1556 4458 σχηματίσας
1608 4382 1795 4437 ἑαυτὸν
1852 4379 1928 4443 εἷς

279 4476 680 4551 παθαινόμενρν
721 4475 857 4531 κατά
913 4478 1019 4529 τῶν
1057 4469 1346 4551 φρικωδῶν
1396 4471 1662 4545 ἐπόμνυσι
1724 4490 1932 4544 μυστη-

282 4567 438 4643 ρίων,
474 4564 844 4643 ἀκροωμένων
896 4560 1093 4642 σχεδὸν
1151 4561 1400 4618 ἀπάντων
1457 4560 1616 4623 ὅσους
1673 4560 1735 4615 τὸ
1786 4559 1931 4634 ἱερὸν

282 4664 536 4734 συνεῖχεν
566 4654 789 4724 ἄδυτον,
826 4657 900 4729 μὴ
944 4652 1012 4708 δι’
1049 4651 1229 4728 ἔτερόν
1272 4673 1326 4707 τι
1379 4649 1722 4726 βασιλεύσειν
1772 4650 1930 4723 αἱρε-

281 4749 532 4812 τίσασθαι
564 4744 600 4817 ἤ
631 4745 692 4800 τὸ
723 4743 949 4815 θελῆσαι
985 4743 1257 4817 βοηθῆσαι
1286 4740 1465 4813 τούτῳ
1493 4739 1584 4794 καὶ
1624 4743 1705 4812 τῷ
1734 4739 1931 4794 τούτου

284 4839 495 4910 κράτει,
542 4833 715 4905 δείξας
767 4833 859 4888 τὸν
921 4836 1222 4887 συνεστῶτα
1280 4829 1508 4907 βασιλέα
1564 4829 1654 4884 καὶ
1712 4828 1931 4903 ἀνεψιὸν

285 4926 557 4999 ,Αλέξιοῃ
613 4924 672 4978 ’ὸν
740 4924 854 4996 μεθ’
909 4921 1119 4997 ἡμέρας
1164 4918 1525 4999 ἀπηγχόνησε
1566 4920 1657 4974 καὶ
1707 4921 1786 4990 τῷ
1831 4924 1933 4987 τῆς

285 5017 566 5086 θαλάσσης
625 5013 777 5088 βυθῷ
832 5010 1204 5086 παρέπεμψεν.
1263 5009 1452 5079 Ἐξιὼν
1510 5005 1567 5063 δὲ
1618 5012 1718 5063 τοῦ
1785 5008 1934 5083 ἱεροῦ

293 5108 427 5180 μετά
459 5099 791 5181 δορυφορίας
830 5102 904 5162 ὡς
951 5099 1077 5170 ένῆν
1140 5096 1379 5174 μάλιστα
1427 5096 1813 5173 λαμπροτέρας
1843 5097 1934 5151 καὶ

286 5195 562 5252 πλείστων
625 5190 974 5247 ὑπασπιστῶν
1045 5188 1130 5263 (τὸ
1205 5187 1305 5262 γάρ
1379 5184 1673 5261 δειμαίνειν
1757 5184 1937 5261 ἄκρως

283 5282 511 5341 τοιαῦτα
570 5281 835 5359 ὑφηγεῖτο
893 5278 1106 5350 ἐκείνῳ)
1156 5276 1247 5331 καὶ
1306 5273 1538 5339 διελθὼν
1606 5277 1696 5330 τὸν
1757 5274 1810 5328 έν
1863 5276 1933 5346 τῇ

284 5374 481 5449 Χαλκῇ
519 5372 653 5428 νεὼν
686 5374 785 5426 τοῦ
816 5374 1077 5443 Σωτῆρος
1110 5371 1353 5442 Χριστοῦ
1408 5367 1508 5435 τὴν
1565 5364 1787 5449 πορείαν
1837 5360 1930 5449 tr:-

286 5446 508 5535 έτεινεν,
540 5460 606 5516 οὐ
643 5459 813 5537 βάδην
842 5452 1152 5535 προϐαίνων
1202 5456 1295 5511 καὶ
1353 5453 1494 5510 ἔστιν
1542 5454 1602 5508 οὗ
1661 5446 1936 5526 ἐμϐραδύ-

288 5575 412 5627 νων,
471 5552 548 5613 ὡς
605 5546 727 5615 ἔθος
793 5554 911 5611 τοῖς
989 5539 1407 5620 θριαμϐεύουσιν
1491 5540 1936 5616 αὐτοκράτορσιν,

263 5643 388 5701 ἀλλ’
420 5642 570 5705 ἀνεὶς
598 5639 693 5697 τὸν
721 5636 897 5695 ’ἵππον
930 5635 1202 5711 έλευθέρω
1252 5630 1382 5690 ποδὶ
1433 5632 1778 5708 πορεύεσθαι.
1829 5631 1931 5685 Ἦν

2022 553 2255 593 sessum
2316 543 2686 595 recusantem
2747 540 2990 607 scilicet,
3051 544 3339 600 ambabus
3392 548 3665 605 manibus

2021 625 2529 697 comprehensum,
2578 627 2638 682 in
2697 632 2904 684 aurata
2962 630 3107 685 sella
3160 632 3507 691 collocavit:
3570 638 3669 694 alii

2021 714 2180 786 pullo
2210 717 2266 771 et
2296 723 2462 771 acuto
2496 715 2646 788 pileo
2677 717 2956 787 detracto,
2990 720 3229 776 rubram
3269 722 3503 779 mitram
3537 726 3665 797 ejus

2021 804 2195 876 capiti
2225 805 2668 878 imposuerunt;
2701 806 2801 862 alii
2832 810 2985 865 stola
3016 808 3379 882 imperatoria
3407 829 3542 868 eum
3575 813 3665 872 in-

2020 894 2296 949 duerunt.
2332 894 2613 952 Postridie
2645 912 2777 953 cum
2808 898 2867 953 in
2900 897 3116 970 Magna
3139 899 3384 957 ecclesia
3413 901 3667 975 impera-

2020 988 2177 1040 tores
2235 983 2756 1056 proclamarentnr,
2816 986 3020 1043 ordine
3078 992 3301 1044 mutato
3352 991 3670 1049 Andronici

2024 1087 2236 1128 nomen
2271 1072 2482 1144 priore,
2509 1073 2693 1130 Alexii
2727 1075 3041 1146 posteriore
3093 1075 3220 1134 loco
3269 1082 3360 1134 est
3408 1096 3670 1151 pronun-

2022 1160 2255 1226 tiatum,
2287 1162 2361 1218 oh
2396 1178 2630 1219 causam
2664 1163 2949 1220 nimirum
2981 1164 3290 1223 honestam
3336 1172 3394 1223 et
3447 1168 3671 1240 specio-

2023 1267 2148 1306 sam
2180 1268 2194 1306 :
2230 1267 2344 1307 non
2368 1251 2571 1307 decere
2593 1252 2901 1321 infantem,
2929 1254 3259 1312 immaturae
3285 1257 3490 1326 astatis,
3517 1257 3671 1313 laevi-

2024 1340 2135 1395 bus
2190 1339 2386 1407 malis,
2446 1340 2727 1396 celebrari
2783 1346 2917 1398 ante
2986 1345 3404 1413 Andronicum,
3476 1346 3670 1401 virum

2024 1446 2257 1499 canum,
2292 1431 2606 1503 prudentia
2650 1433 3064 1504 venerabilem,
3106 1436 3410 1493 excellenti
3457 1437 3669 1506 praedi-

2023 1525 2150 1577 tum
2185 1521 2438 1592 ingenio.
2471 1522 2787 1593 Postquam
2833 1541 2966 1580 vero
3015 1525 3141 1595 ipse
3189 1526 3560 1584 Andronicus
3610 1527 3668 1583 in

2024 1625 2249 1665 sacram
2277 1610 2461 1665 eadem
2512 1610 2775 1681 pervenit
2818 1615 2880 1666 ut
2929 1619 3324 1685 coronaretur,
3374 1619 3500 1670 tum
3546 1615 3668 1688 pri-

2026 1715 2188 1755 mum
2220 1697 2464 1755 hilarior
2505 1698 2669 1755 visus
2718 1707 2806 1756 est
2837 1701 2990 1757 truci
3040 1707 3279 1774 aspectu
3333 1704 3559 1776 posito;
3613 1708 3670 1761 et

2026 1788 2226 1844 multis
2258 1786 2734 1860 supplicantibus
2765 1806 2929 1862 spem
2960 1807 3156 1847 rerum
3181 1791 3480 1848 meliorem
3514 1791 3669 1860 fecit,

2025 1877 2338 1934 manifesta
2370 1877 2573 1949 utique
2603 1879 2806 1934 fraude
2837 1883 2893 1935 et
2923 1880 3077 1936 falsa
3109 1880 3528 1952 pollicitatione
3553 1882 3666 1939 im-

2023 1966 2290 2037 postoris.
2322 1967 2467 2022 Nam
2528 1966 2629 2021 illa
2674 1968 2872 2024 vultus
2919 1968 3210 2040 hilaritas,
3262 1972 3672 2028 tenuissimam

2023 2055 2408 2112 humanitatis
2461 2056 2717 2127 speciem
2773 2058 2845 2111 ad
2905 2060 3136 2128 tempus
3184 2076 3303 2130 pra)
3346 2075 3409 2114 se
3458 2060 3669 2124 ferens,

2023 2143 2360 2201 abstrusam
2391 2144 2452 2199 in
2483 2160 2549 2200 eo
2571 2144 2997 2201 immanitatem
3017 2147 3340 2218 obtegebat.
3364 2147 3669 2220 Templum

2024 2233 2348 2305 ingressus,
2381 2234 2772 2290 coronationis
2802 2235 3166 2292 caeremoniis
3211 2238 3484 2308 peractis,
3536 2254 3669 2294 cum

2024 2327 2397 2379 sacrosancta
2428 2323 2705 2396 mysteria
2733 2324 3108 2395 percipienda
3137 2330 3355 2394 essent,
3391 2343 3521 2383 cum
3557 2343 3671 2382 cce-

2024 2410 2153 2469 lesti
2184 2429 2331 2484 pane
2362 2415 2633 2483 percepto
2660 2413 2731 2468 ad
2773 2413 3012 2469 calicem
3065 2415 3301 2486 pretiosi
3354 2419 3411 2471 et
3456 2416 3669 2473 viviﬁci

2023 2501 2331 2574 sanguinis
2361 2502 2515 2559 858
2549 2501 2871 2557 bibendum
2897 2502 3216 2574 accederet,
3240 2505 3516 2561 manibus
3538 2512 3669 2562 tan-

2024 2607 2201 2664 quam
2238 2592 2308 2647 ad
2342 2591 2614 2663 poculum
2647 2591 3130 2663 prehendendum
3154 2595 3402 2651 extentis
3423 2594 3669 2652 etvultu

2022 2680 2094 2737 ad
2129 2678 2425 2735 tristitiam
2456 2681 2803 2751 composito,
2838 2696 2943 2752 per
2988 2684 3320 2740 veneranda
3371 2685 3667 2757 mysteria,

2021 2770 2141 2825 fere
2170 2767 2444 2824 omnibus
2474 2766 2593 2824 illis
2626 2769 2921 2825 stantibus
2953 2774 3009 2826 et
3039 2771 3415 2828 audientibus
3456 2773 3557 2845 qui
3608 2774 3669 2830 in

2022 2874 2187 2915 sacro
2218 2857 2390 2930 adyto
2421 2865 2606 2925 erant,
2629 2857 2788 2929 jurat
2819 2874 2879 2914 se
2911 2875 3025 2916 non
3056 2859 3172 2916 alia
3189 2860 3258 2916 de
3280 2878 3460 2918 causa
3480 2862 3670 2935 impe-

2022 2945 2176 3002 rium
2219 2946 2513 3017 accepisse
2559 2946 2679 3002 nisi
2725 2953 2789 3001 ut
2836 2947 3098 3003 Alexium
3154 2949 3561 3021 imperatorem
3614 2956 3673 3007 et

2021 3036 2439 3092 consobrinum
2464 3035 2716 3104 juvaret,
2748 3036 2990 3107 ejusque
3019 3039 3341 3109 potentiam
3364 3040 3673 3111 stabiliret,

2030 3141 2203 3197 quem
2234 3124 2437 3196 paucis
2459 3123 2665 3180 diebus
2691 3128 2821 3195 post
2841 3124 3049 3197 laqueo
3068 3128 3442 3198 prmfocatum
3467 3129 3525 3184 in
3553 3147 3673 3187 ma-

1956 3179 1999 3246 C
2030 3179 3670 3290 ;i.'i.'.‘.a.mdem“etiamglt'a'cagggiggani;.{a‘o

2026 3304 2302 3360 comitatu
2332 3311 2389 3359 et
2415 3303 2686 3375 plurimis
2717 3304 3023 3377 armigeris
3049 3323 3323 3379 egressus
3346 3310 3493 3378 (eam
3512 3310 3667 3366 enim

2028 3394 2306 3449 rationem
2340 3392 2595 3449 dictabat
2625 3391 2708 3448 illi
2757 3397 2950 3450 metus
3002 3394 3373 3468 accerrimus)
3417 3398 3514 3452 ubi
3565 3414 3669 3470 per

2026 3481 2347 3538 Servatoris
2378 3480 2594 3538 Christi
2623 3483 2805 3538 eadem
2834 3482 2894 3538 in
2928 3482 3191 3541 Chalcem
3241 3484 3495 3556 transiit,
3546 3504 3659 3547 non

2028 3570 2385 3643 pedetentim
2407 3572 2690 3640 processit
2712 3587 2815 3628 nec
2832 3571 3051 3628 alicubi
3071 3573 3418 3630 immoratus
3443 3580 3549 3637 est,
3567 3577 3668 3647 qui

2027 3659 2516 3730 triumphantium
2549 3659 2967 3730 imperatorum
3001 3676 3127 3716 mos
3158 3668 3265 3730 est,
3308 3661 3408 3715 sed
3448 3677 3668 3733 equum

2026 3747 2210 3804 libero
2242 3748 2388 3819 pede
2417 3747 2684 3803 incedere
2714 3764 2923 3819 passus
2954 3752 3061 3803 est.
3096 3748 3158 3803 Id
3184 3748 3479 3829 factum’in
3512 3764 3672 3820 quae-

2030 3838 2219 3894 stione
2251 3836 2361 3892 fuit
2390 3840 2591 3892 utrum
2623 3853 2657 3892 a
2689 3840 2846 3892 metu
2880 3836 3364 3907 proficisceretur,
3399 3854 3472 3894 an
3497 3837 3673 3895 aliam

2030 3942 2268 3983 causam
2301 3925 2560 3980 haberet.
2592 3929 2911 3996 Postquam
2941 3925 3001 3980 in
3054 3941 3335 3995 magnum
3388 3926 3676 3998 palatium

2031 4017 2292 4089 pervenit
2321 4020 2379 4072 et
2406 4016 2812 4087 compluribus
2842 4015 3049 4072 diebus
3085 4033 3186 4088 pro
3219 4017 3450 4089 imperii
3481 4020 3679 4092 auspi-

2033 4116 2140 4171 ciis
2169 4130 2293 4170 rem
2324 4114 2584 4169 divinam
2625 4113 2785 4178 fecit,
2835 4114 2907 4168 ad
2960 4114 3077 4170 alia
3129 4114 3350 4172 scelera
3401 4118 3684 4174 convertit

2034 4204 2319 4261 animum.
2351 4203 2494 4259 Nam
2525 4218 2659 4259 cum
2690 4201 2956 4258 Alexium
2990 4203 3402 4275 imperatorem
3435 4219 3465 4260 e
3488 4206 3681 4263 medio

2035 4293 2374 4350 sublaturus
2403 4296 2574 4358 esset,
2607 4294 2870 4347 senatum
2911 4292 3067 4349 354
3098 4309 3274 4348 suum
3320 4300 3597 4350 convocat
3627 4300 3685 4351 et

2037 4380 2376 4440 sodalitium
2416 4379 2703 4437 scelerum
2749 4380 3155 4437 ministrorum
3202 4382 3376 4455 cogit.
3428 4383 3497 4439 Hi
3549 4399 3683 4440 vero

2037 4470 2408 4527 Homericum
2435 4468 2581 4524 illud
2610 4468 2808 4524 statim
2843 4486 2958 4526 uno
2990 4487 3089 4527 ore
3138 4472 3462 4528 exclamant
3495 4489 3508 4528 :
3535 4496 3563 4524 «
3588 4477 3691 4530 Est

1966 4544 2013 4607 Ι)
2042 4558 2199 4614 mala
2228 4575 2316 4614 res
2348 4556 2568 4613 multos
2598 4557 2992 4615 dominarier:
3055 4560 3267 4617 unicus
3298 4566 3421 4617 esto
3453 4561 3572 4618 Rex
3588 4564 3691 4619 do~

2044 4647 2390 4716 minusque:
2425 4668 2454 4697 »
2491 4647 2632 4703 item
2691 4646 2901 4720 aquilas
2954 4650 3187 4705 senium
3247 4666 3376 4708 esse
3434 4653 3693 4724 corydali

2036 4737 2361 4809 juventam.
2393 4737 2470 4792 Ac
2502 4736 2825 4792 decernunt
2856 4737 3137 4809 privatam
3184 4740 3364 4796 vitam
3403 4744 3689 4814 agendam

2040 4840 2169 4882 esse
2198 4824 2391 4882 Alexio
2419 4842 2434 4894 ;
2459 4841 2564 4882 nec
2584 4826 2713 4897 jam
2745 4826 3098 4900 ambagibus
3128 4827 3432 4886 involvunt
3475 4831 3689 4886 oratio-

2041 4931 2200 4985 nem,
2218 4915 2438 4972 omissa
2459 4915 2755 4972 mentione
2777 4916 3140 4973 educationis
3163 4921 3220 4973 et
3237 4917 3691 4974 conservationis

2042 5006 2294 5079 imperii,
2327 5023 2450 5078 quas
2484 5024 2598 5062 non
2652 5006 2733 5062 ita
2781 5008 3007 5080 pridem
3060 5007 3118 5061 in
3181 5008 3435 5062 maxima
3492 5005 3692 5077 populi

2043 5096 2377 5168 frequentia
2399 5096 2714 5165 jactarant,
2749 5111 2995 5167 quaeque
3027 5110 3220 5149 rerum
3256 5094 3490 5149 illarum
3520 5093 3690 5165 igna-

2042 5185 2125 5239 ris
2156 5200 2260 5256 pro
2293 5184 2632 5239 defensione
2663 5183 2988 5237 facinorum
3020 5180 3361 5252 responderi
3410 5181 3691 5239 solebant.

2043 5273 2149 5328 Vix
2174 5275 2297 5345 jam
2316 5274 2612 5329 decretum
2636 5276 2761 5326 erat
2782 5272 2841 5326 in
2868 5288 2927 5326 re
2953 5270 3186 5341 publica
3212 5270 3533 5341 cognitum,
3557 5290 3691 5330 cum

2043 5363 2364 5434 imperator
2407 5361 2639 5416 Alexius
2692 5360 2764 5415 ab
2812 5357 3078 5428 improbo
3129 5357 3227 5413 illo
3278 5365 3432 5415 cortu
3488 5363 3695 5432 capitis

2045 5449 2381 5513 damnatur,
2415 5452 2645 5504 tantum
2674 5464 2789 5502 non
2823 5444 3226 5503 Salomonium
3253 5446 3399 5504 illud
3423 5448 3649 5507 elocuto
3671 5471 3691 5506 :

2046 5560 2075 5590 α
2108 5537 2449 5594 Vinciamus
2474 5537 2703 5608 justum
2736 5553 2749 5591 :
2784 5534 2921 5607 quia
2953 5552 3069 5593 non
3102 5541 3190 5593 est
3232 5538 3399 5595 nobis
3429 5557 3691 5598 commo-

2045 5630 2195 5686 dus:
2229 5630 2575 5700 conspectus
2626 5627 2755 5699 ejus
2799 5626 2967 5685 nobis
3018 5631 3108 5686 est
3156 5629 3370 5702 gravis.
3406 5653 3434 5683 »
3488 5634 3689 5703 Itaque
