4118 6200
384 253 502 311 62.7

1723 251 1781 311 Ν
1787 248 2045 312 ΙΟΕΤΛΕ
2086 250 2505 311 ΩΗΟΝΙΑΤΜ.

3666 248 3787 311 628

455 381 786 453 Stephanus
805 379 1461 454 Hagiochrislopborila,
1475 381 1892 437 Constantinus
1909 381 2033 437 Tri-

2150 379 2331 436 οὖντὸ
2378 380 2606 457 γεγονὸς
2658 383 2822 435 τοῦτο
2889 379 2966 441 εἰς
3020 378 3355 457 ἀμφίλογον·
3418 379 3470 433 οἰ
3536 380 3632 452 μὶν
3688 379 3786 455 γὰρ

385 469 646 542 psychus
667 475 725 526 et
739 469 1077 525 Theodorus
1094 469 1335 539 quidam
1354 469 1741 540 Badibrenus,
1760 468 2032 526 lictorum

388 560 718 631 praefectus,
752 563 925 612 noctu
958 573 1090 611 eum
1124 556 1309 612 adorti
1341 572 1516 613 nervo
1546 574 1719 614 arcus
1759 574 2034 630 strangu-

390 648 535 702 lant.
568 645 937 700 Andronicus
969 645 1266 700 cadaveris
1288 644 1439 702 855
1463 644 1619 702 latus
1641 646 1785 718 pede
1807 648 2030 716 tundit;

388 740 447 790 et
476 735 781 804 parentum
803 733 934 802 ejus
955 731 1205 789 alterum
1232 739 1294 788 ut
1319 736 1620 806 perjurum
1646 740 1706 791 et
1726 735 2030 807 iniurium,

388 822 631 878 alteram
663 826 727 876 ut
759 820 973 891 vulgati
1004 822 1259 894 corporis
1290 822 1694 881 mulierculam
1727 829 2033 881 contume-

382 910 530 966 liose
560 910 895 966 insectatur.
931 909 1151 966 Deinde
1191 928 1331 967 veru
1375 912 1532 967 auris
1580 913 1631 969 ei
1682 913 2031 985 perforatur,

381 999 750 1070 traiectoque
780 1000 877 1055 {ilo
932 1015 1187 1069 appensa
1243 1016 1376 1056 sera
1442 1001 1758 1057 Andronici
1815 1003 2033 1059 annulo

383 1089 689 1157 signatur:
736 1087 1030 1158 reliquum
1076 1106 1288 1160 corpus
1337 1091 1398 1144 in
1447 1090 1806 1161 profundum
1855 1093 2034 1148 maris

383 1177 583 1249 abjici,
616 1183 792 1248 caput
819 1193 954 1232 vero
985 1193 1019 1231 a
1048 1179 1269 1234 cervice
1301 1178 1595 1235 revulsum
1630 1180 1700 1235 ad
1743 1180 2032 1236 Androni-

376 1283 513 1322 cum
549 1265 748 1321 ret‘erri
770 1265 1033 1335 jubetnr.
1068 1267 1330 1322 Peractis
1362 1269 1656 1324 mandatis
1686 1274 1863 1338 caput
1884 1269 2031 1325 clam

379 1355 435 1409 in
470 1356 787 1409 Catabaten
820 1353 955 1425 (loci
989 1369 1201 1410 nomen
1234 1354 1291 1410 id
1323 1356 1434 1427 est)
1464 1357 1762 1428 abjicitur,
1790 1364 2035 1414 truncus

385 1459 531 1498 ιιι-σω
589 1440 877 1512 plumbeae
932 1442 1226 1498 involutus
1281 1443 1342 1498 in
1418 1461 1580 1500 mare
1653 1448 2031 1518 demergitur.

386 1530 623 1600 Cymba,
657 1546 772 1603 qua
802 1529 1135 1587 miserrima
1165 1531 1267 1588 illa
1310 1534 1535 1588 sarcina
1588 1540 1756 1590 vecta
1802 1540 1951 1602 erat,
2001 1554 2036 1591 a

390 1620 624 1676 duobus
656 1619 830 1675 claris
859 1621 1001 1676 Viris
1050 1637 1185 1676 cum
1230 1623 1588 1678 carminibus
1636 1627 1695 1678 et
1739 1624 2033 1697 tripudiis,

389 1709 618 1766 Joanne
672 1707 979 1765 Camatero
1037 1708 1306 1765 Canicltei
1376 1710 1665 1782 praefecto,
1745 1714 1845 1784 qui
1904 1719 2035 1783 post

392 1798 673 1870 Bulgaria
729 1798 1062 1870 patriarcha
1116 1799 1360 1866 exstitit,
1427 1806 1485 1856 et
1556 1817 1591 1857 a
1673 1801 2037 1860 Chartulario

396 1887 700 1944 Theodoro
729 1891 820 1945 est
850 1888 1110 1944 reducta.

2146 466 2350 525 δειλίαν
2379 470 2441 524 τὸ
2472 468 2757 539 ποιητικὸν
2794 466 2967 523 αἴτιον
3009 471 3105 523 τοῦ
3153 466 3437 544 ὁρωμένου
3493 464 3793 546 άπεφοίὸα-

2148 562 2256 626 ζον,
2288 555 2431 612 οἱδὶ
2461 555 2601 613 ἄλλο
2631 578 2686 613 τι
2738 555 3016 615 ὑπενόουν.
3069 557 3375 630 Ιιενόμενος
3435 552 3494 611 δὲ
3549 556 3692 612 κατᾶ
3735 557 3800 611 τὸ

2149 646 2289 723 μέγα
2343 646 2613 702 παλάτιον
2671 644 2763 701 καὶ
2835 645 2967 715 ᾅσας
3055 646 3122 700 τὰ
3204 645 3659 721 ἀναγορευτήρια,
3720 643 3803 722 ἐφ’

2144 732 2299 810 ἕτερα
2347 733 2531 808 τρέπει
2587 735 2679 791 τὸν
2737 739 2863 790 νοῦν
2921 732 3089 809 ἐναγῆ
3144 728 3294 809 ἔργα.
3353 733 3638 791 Ἐκποδὼν
3697 735 3803 810 γὰρ

2146 823 2327 887 θέσθαι
2360 825 2450 878 τὸν
2507 822 2735 899 βασιλέα
2794 822 3090 899 βουληθεὶς
3144 822 3413 894 Ἀλέξιον,
3470 825 3570 893 τήν
3618 822 3809 901 φίλιον

2147 913 2236 968 καὶ
2267 913 2435 968 πάλιν
2495 913 2737 988 ἀθροίζει
2794 914 2966 968 πνύκα
3017 912 3108 968 καὶ
3166 914 3267 983 τὴν
3326 913 3588 988 ἑταιρείαν
3647 912 3806 990 ἀγεί-

2149 1021 2229 1075 ρει
2286 1003 2385 1071 τήν
2443 1000 2649 1057 ἐκείνου
2708 1000 3159 1076 συνοργιάζουσαν
3210 1001 3277 1056 τὰ
3330 1003 3406 1074 μὴ
3486 1002 3633 1058 ὃσια.
3694 1002 3806 1057 Καὶ

2145 1089 2330 1145 τοίνυν
2386 1091 2450 1145 τὸ
2503 1092 2794 1165 Ὁμήρειον
2854 1085 2984 1152 ἔπος
3043 1090 3270 1151 ἅπαντες
3340 1091 3711 1164 φωνήσαντες,
3776 1089 3809 1144 ὅ

2150 1175 2423 1249 διέξεισιν,
2453 1203 2482 1231 ‹‹
2514 1179 2633 1236 Ούκ
2688 1177 2889 1252 ἀγαθὸν
2946 1176 3369 1253 πολυκοιρανίη·
3421 1178 3498 1240 εἷς
3545 1177 3812 1253 κοίρανος

2147 1265 2309 1335 ἔστω,
2344 1271 2422 1331 εἷς
2468 1267 2744 1343 βασιλεὺς,
2779 1292 2808 1320 ››
2853 1268 2945 1323 καὶ
3003 1268 3078 1329 ὡς
3122 1269 3281 1322 άετοῦ
3333 1273 3508 1344 γῆρας
3563 1265 3812 1341 κορύδου

2148 1359 2363 1430 νεότης,
2402 1360 2735 1437 ψηφίζονται
2769 1358 3076 1416 ἰδιωτεῦσαι
3105 1360 3196 1414 τὸν
3249 1358 3481 1434 βασιλέα
3530 1359 3836 1432 Ἀλέξιον,ι

2148 1448 2327 1503 οὐκέτι
2362 1448 2542 1523 λόγων
2571 1448 2884 1521 οἰκονομίας
2917 1446 3139 1519 ἀδήλων
3171 1455 3289 1511 τοῖς
3318 1447 3557 1511 πολλοῖς
3582 1470 3819 1523 μεμνη-

2150 1536 2301 1610 μένοι
2374 1534 2745 1611 παιδοκομίας
2817 1558 2877 1592 τε
2950 1537 3042 1592 καὶ
3118 1535 3390 1611 διαμονῆς
3427 1536 3525 1594 τοῦ
3563 1539 3815 1612 κράτους

2146 1623 2459 1697 καλΑίονος,
2516 1630 2685 1681 ταῦτα
2743 1623 2811 1695 δὴ
2869 1627 2937 1681 τὰ
2993 1626 3122 1702 χθές
3176 1648 3235 1681 τε
3289 1628 3381 1682 καὶ
3453 1626 3649 1701 πρώην
3714 1625 3816 1682 ἐπὶ

2145 1714 2597 1791 πολυανθρώπων
2654 1715 3012 1772 συνελεύσεων
3069 1712 3503 1790 προϐαλλόμενα
3548 1719 3640 1771 καὶ
3680 1722 3814 1777 τοῖς

2146 1804 2391 1879 ἐρωτῶσι
2441 1807 2541 1875 τήν
2591 1806 2768 1861 αἲτίαν
2834 1811 2945 1861 τῶν
3001 1806 3301 1881 γινομένων
3356 1805 3432 1867 εἰς
3486 1805 3811 1883 ἀπολογίαν

2146 1894 2499 1969 προκείμενα,
2541 1893 2718 1957 εἴτις
2778 1896 2916 1958 τὲως
2973 1900 3257 1969 παροικῶν
3318 1897 3559 1974 ἀτεχνῶς
3617 1895 3670 1950 ἐν
3732 1894 3814 1969 τῇ

393 1974 755 2049 λαμπροτάτῃ
786 1972 948 2029 πόλει
988 1978 1086 2030 τοῦ
1133 1975 1531 2031 Κωνσταντίνου
1589 1978 1693 2032 οὐκ
1746 1978 1815 2047 ἦν
1870 1977 2036 2053 ρίδὼς
2093 1981 2160 2037 τὰ
2212 1981 2469 2057 γινόμενα
2526 1983 2617 2038 καὶ
2672 1984 2764 2039 τὸν
2820 1982 2988 2060 λόγον
3049 1983 3198 2045 ὅλως
3253 1972 3544 2057 ἠγνοηκὼς
3607 1983 3680 2038 δι’
3744 1984 3813 2039 δν

389 2064 754 2142 ἐπεραίνοντο.
790 2066 945 2125 Ἀλλ’
976 2064 1129 2122 οὔπω
1158 2062 1401 2141 ἀκριϐῶς
1454 2069 1516 2123 τὸ
1563 2065 1847 2145 βράϐευμα
1889 2075 2051 2127 τοῦτο
2093 2071 2161 2138 τῆ
2206 2072 2461 2144 πολιτείᾳ
2512 2076 2602 2148 [Ρ.
2655 2076 2779 2147 176]
2828 2074 3149 2151 ἰγνώριστο,
3198 2074 3288 2129 καὶ
3336 2075 3509 2148 κρίμα
3563 2074 3815 2139 θανάτου

387 2158 524 2214 κατὰ
551 2178 648 2213 του
683 2156 951 2233 βασιλέως
984 2158 1220 2232 ἐξάγεται
1271 2159 1418 2232 παρὰ
1467 2166 1568 2228 τῆς
1618 2159 1845 2235 φατρίας
1893 2161 2097 2234 ἐκείνης
2145 2170 2245 2233 τῆς
2293 2168 2559 2239 πονηρᾶς,
2602 2165 2665 2220 τὸ
2716 2169 2837 2221 τοῦ.
2887 2163 3257 2238 Σολομῶντος
3294 2164 3545 2239 ἄντικρυς
3593 2164 3822 2221 ἐπαινε-

385 2248 595 2302 σάντων
655 2250 762 2301 τῶν
824 2245 1256 2322 συνειλεγμένων
1310 2246 1433 2303 τότε
1462 2248 1548 2303 καὶ
1608 2248 1989 2327 φθεγξαμένων
2070 2249 2332 2314 ἀναιδῶς·
2400 2276 2428 2305 ι(
2471 2254 2733 2327 Δήσωμεν
2808 2254 2900 2309 τὸν
2972 2251 3203 2324 δίκαιον,
3290 2254 3373 2309 ὅτι
3455 2251 3821 2329 δύσχρηστος

384 2338 522 2408 ἡμῖν
552 2334 663 2390 ἐστι
694 2335 784 2389 καὶ
836 2334 1002 2410 βαρύς
1054 2334 1167 2390 ἐστι
1216 2334 1308 2390 καὶ
1371 2336 1545 2410 μόνον
1605 2331 1966 2410 ϐλεπόμενος.
2002 2362 2031 2390 ››
2091 2340 2194 2395 Καὶ
2247 2341 2436 2401 νυκτὸς
2493 2338 2923 2396 ἐπεισπεσόντων
2976 2341 3124 2415 αὐτῷ
3184 2346 3282 2397 τοῦ
3342 2343 3821 2418 Ἀγιοχριστοφο-

393 2424 550 2496 ρίτου
614 2424 911 2498 Στεφάνου,
973 2428 1070 2478 τοῦ
1120 2427 1408 2499 Τριψύχου
1466 2424 1867 2482 Κωνσταντίνου
1922 2426 2012 2481 καί
2066 2448 2209 2491 τινος
2269 2424 2611 2499 Δαδιόρηνοῦ
2677 2429 2985 2506 Θεοδώρου,
3036 2434 3381 2505 προεστῶτος
3435 2436 3543 2485 τῶν
3604 2427 3824 2505 ῥαϐδο-

394 2510 729 2589 φόρων,τήν
763 2508 853 2566 διὰ
881 2513 1041 2581 τόξου
1095 2516 1284 2587 νευρᾶς
1340 2511 1767 2589 καθυποδέχεται
1826 2518 2157 2591 πνιγμονήν.
2219 2518 2426 2589 Ἀρθεὶς
2472 2515 2529 2573 δὲ
2586 2520 2615 2573 ὁ
2674 2519 2860 2593 νεκρὸς
2912 2518 3006 2573 καὶ
3061 2518 3251 2597 ἀχθεὶς
3308 2518 3385 2579 εἰς
3453 2516 3817 2593 Ἀνδρόνικον

391 2599 528 2654 κατὰ
554 2604 652 2654 τοῦ
699 2600 961 2662 κενεῶνος
1020 2605 1101 2673 τῷ
1158 2600 1360 2656 ἐκείνου
1416 2601 1547 2657 ποδὶ
1603 2603 1881 2676 τύπτεται,
1940 2605 2029 2658 καὶ
2084 2610 2193 2660 τῶν
2249 2605 2452 2661 τοκέων
2506 2610 2587 2678 τῷ
2639 2607 2873 2679 κειμένῳ
2928 2608 2956 2662 ὁ
3018 2608 3114 2680 μὲν
3168 2607 3244 2668 ὡς
3301 2605 3558 2682 έπίορκος
3615 2606 3821 2680 ἐκείνῳ

401 2686 492 2741 καὶ
553 2687 892 2764 έπηρεαστὴς
954 2686 1366 2761 διατωθάζεται,
1426 2693 1461 2760 ἡ
1509 2689 1566 2746 δὲ
1622 2691 1696 2754 ὡς
1755 2691 2253 2771 περιλεσχήνευτον
2311 2694 2580 2770 ἑταιρικὸν
2638 2699 3028 2768 καταμωκᾶται
3081 2696 3320 2770 γύναιον,
3376 2691 3562 2750 ἔπειτα
3615 2701 3820 2769 τιτρᾶ-

394 2796 484 2831 ται
540 2771 809 2850 ὀϐελίσκῳ
859 2779 921 2833 τὸ
979 2778 1095 2847 οὖς,
1162 2781 1251 2833 καί
1308 2778 1513 2855 κρόκης
1571 2779 1885 2857 έξαφθείσης
1943 2782 2113 2856 κηρὸς
2169 2783 2557 2857 περιπλασθεὶς
2615 2784 2694 2856 τῷ
2752 2780 3101 2859 Ἀνδρονίκου
3174 2785 3588 2862 σφραγιστηρὶῳ
3649 2784 3821 2854 ἐνση-

402 2864 647 2939 μαίνεται
679 2862 980 2940 δακτυλίῳ.
1040 2867 1139 2922 Καὶ
1195 2867 1258 2923 τὸ
1319 2869 1412 2940 μὲν
1468 2866 1665 2924 λοιπὸν
1721 2874 1881 2944 σῶμα
1938 2869 2347 2941 καταδικάζεται
2416 2872 2640 2946 ῥιφῆναι
2702 2874 2874 2947 βυθῷ,
2927 2875 2963 2944 ἠ
3024 2870 3081 2928 δὲ
3135 2871 3350 2949 κεφαλή
3409 2874 3821 2946 ἀποτμηθῆναι

392 2954 486 3008 καὶ
544 2952 697 3018 αὖθις
755 2954 1090 3030 Ἀνδρονίκῳ
1147 2964 1605 3032 προσενεχθῆναι.
1678 2958 1775 3013 Καὶ
1832 2959 1996 3035 πέρας
2073 2959 2366 3039 εἰληφότος
2448 2966 2547 3017 τοῦ
2622 2959 2988 3036 ἐπιτάγματος
3070 2964 3105 3032 ἡ
3185 2964 3279 3037 μὶν
3351 2960 3403 3018 ἐν
3468 2958 3820 3035 παραδύστῳ

390 3043 530 3098 κατὰ
594 3045 694 3113 τὴν
756 3042 1059 3121 λεγομένην
1120 3040 1438 3114 Καταϐατὴν
1494 3043 1785 3127 διαφίεται,
1849 3050 1911 3102 τὸ
1971 3046 2028 3104 δὲ
2084 3056 2278 3120 σκῆνος
2337 3049 2561 3124 κεράμῳ
2622 3045 2928 3124 μολιϐδίνῳ
2986 3050 3258 3122 ένειληθὶν
3314 3056 3433 3114 τοῖς
3490 3050 3823 3115 θαλαττίοις

390 3130 624 3194 κόλποις
654 3130 951 3202 ἐκδίδοται,
999 3136 1100 3199 τῆς
1160 3132 1413 3205 ἁλιάδος,
1453 3133 1575 3205 ἣτις
1623 3137 1714 3191 τὸν
1774 3136 2126 3210 οἰκτρότατον
2183 3142 2376 3194 τοῦτον
2431 3140 2630 3215 φόρτον
2698 3140 2905 3218 ἀνεῖχε,
2965 3137 3115 3195 δυσὶν
3174 3139 3516 3217 ἀναγομένης
3575 3138 3819 3211 ἐνδόξοις

390 3218 614 3295 ἀνδράσι
648 3222 784 3294 μετᾶ
820 3220 1053 3296 μολπῶν
1081 3222 1173 3278 καὶ
1200 3221 1381 3295 ᾠδῶν,
1435 3221 1653 3294 δηλαδὴ
1710 3229 1791 3299 τῷ
1841 3224 1929 3281 έπὶ
1985 3231 2081 3282 τοῦ
2135 3225 2446 3283 κανικλείου
2506 3229 2726 3304 Ἰωάννῃ
2782 3233 2862 3301 τῷ
2913 3234 3260 3306 Καματηρῷ,
3315 3229 3374 3285 ὅν
3429 3230 3522 3284 καὶ
3583 3230 3820 3303 ὕστερον

392 3309 761 3398 ἀρχιποίμενα
810 3314 845 3381 ἡ
912 3317 1024 3367 τῶν
1082 3309 1414 3389 Βουλγάρων
1482 3311 1889 3391 προεδρεύουσα
1945 3313 2135 3392 ἔλαχε,
2191 3316 2280 3372 καὶ
2339 3315 2607 3393 Θεοδώρῳ
2662 3323 2743 3391 τῷ
2797 3320 3059 3393 Χούμνῳ,
3116 3319 3176 3383 δς
3230 3321 3501 3394 τετίμητο
3556 3342 3819 3398 χάρτου-

392 3396 606 3475 λάριος.

395 3562 3818 3598 .___...______.._.___.________________________

948 3747 1541 3846 ΒΑΣΙΛΕΙΑ
1618 3747 2441 3849 ΑΝΔΡΟΝΙΚΟΥ
2516 3752 3233 3853 ΚΟΜΝΗΝΟΥ

1782 3981 1872 4033 ΕΝ
1909 3977 2173 4035 ΤΟΜΟΙΣ
2214 3977 2388 4034 ΔΥΣΙ.

1098 4306 1601 4404 IMPERII
1669 4304 2371 4403 ANDRONICI
2455 4306 3031 4404 COMNENI

1910 4499 2100 4556 LIBRI
2138 4498 2280 4553 DUO

480 4824 635 4886 850
678 4827 730 4882 1.
788 4825 869 4880 Ad
930 4823 1087 4879 hunc
1143 4823 1383 4879 modum
1440 4822 1676 4881 Alexius
1736 4824 2036 4897 imperato:

2233 4826 2318 4899 [P.
2356 4826 2478 4899 178]
2510 4832 2576 4885 α’.
2610 4825 2712 4882 Καὶ
2742 4825 2885 4881 οὕτω
2919 4828 3013 4901 μὲν
3060 4826 3113 4900 ἐξ
3165 4828 3468 4906 ἀνθρώπων
3490 4832 3517 4888 ὁ
3552 4832 3808 4908 βασιλευς

404 4919 581 4976 rebus
614 4914 893 4972 humanis
925 4915 1233 4984 exemptus
1264 4917 1374 4980 est,
1406 4929 1559 4968 anno
1590 4915 1776 4970 astatis
1794 4915 2051 4970 nondum

358 5025 493 5078 ,ιν,
520 5003 752 5078 imperii
800 5006 970 5060 tertio
1017 5011 1234 5058 exacto.
1287 5001 1449 5065 Quod
1499 5007 1692 5059 tamen
1744 5020 1851 5060 suo
1898 5003 2051 5059 arbi-

2165 4912 2407 5000 ’ᾼλὲξιος
2453 4912 2759 4991 ἐγεγένητο,
2816 4917 2982 4987 ζήσας
3037 4918 3131 4973 τὸν
3193 4922 3289 4993 μὲν
3351 4918 3560 4978 ἅπαντα
3614 4927 3816 5000 χρόνον

2163 4996 2255 5074 ἔτη
2294 5005 2370 5077 μὴ
2400 5002 2715 5083 ἀκραιφνῶς
2771 5004 3168 5076 πεντεκαίδεκα,
3217 5009 3342 5083 τρία
3391 5006 3448 5066 δὲ
3495 5012 3556 5066 ἐκ
3604 4996 3813 5071 τούτων

401 5102 557 5153 tratu
609 5111 727 5152 non
785 5092 990 5165 gessit,
1049 5109 1081 5147 a
1136 5095 1323 5147 matre
1382 5091 1691 5165 principio,
1751 5092 1961 5149 deinde
2021 5110 2036 5149 ι

2164 5090 2348 5167 ἄρξας,
2383 5090 2445 5146 ού
2477 5094 2597 5157 καθ’
2644 5093 2831 5148 ἑαυτὸν
2889 5092 2945 5150 δὲ
2993 5096 3084 5150 καὶ
3142 5097 3378 5174 ἆμιγῶς,
3426 5100 3575 5157 άλλᾶ
3621 5103 3691 5158 τὰ
3727 5107 3816 5178 μὲν

404 5186 633 5243 duobus
666 5184 927 5257 tyrannis
959 5199 1019 5238 re
1045 5180 1281 5253 publica
1303 5180 1713 5239 administrata
1737 5199 1752 5251 ;
1785 5199 1886 5253 per
1906 5198 2036 5253 quo:

2162 5185 2352 5255 πρῶτα
2386 5181 2490 5237 ὑπὸ
2536 5182 2707 5258 μητρὶ
2762 5184 2862 5251 τὴν
2922 5183 3104 5260 ἀρχὴν
3163 5184 3483 5265 διεξαγόύσῃ
3543 5190 3819 5249 παιδοκο-

406 5279 473 5329 ut
501 5291 535 5329 a
564 5274 719 5329 nube
749 5274 835 5328 sol
869 5269 1359 5341 abscondebatur,
1398 5270 1669 5327 ministro
1720 5286 1894 5343 quam
1942 5270 2052 5326 im-

2167 5270 2462 5344 μούμενος,
2493 5265 2679 5327 ἔπειτα
2714 5272 2817 5327 ὑπὸ
2867 5271 3016 5329 δυοῖν
3064 5278 3333 5351 τυράννων
3392 5285 3502 5335 τῶν
3551 5284 3817 5361 πραγμά-

411 5363 662 5433 peratori
695 5360 964 5427 similior,
997 5376 1130 5415 cum
1171 5376 1238 5416 ea
1290 5361 1499 5416 faceret
1546 5364 1603 5416 et
1642 5360 1878 5431 juberet
1926 5376 2036 5433 qua

2160 5381 2269 5414 των
2299 5366 2399 5429 τῆς
2433 5358 2718 5435 βασιλείας
2748 5359 3172 5437 ἐπειλημμένων
3205 5364 3306 5422 ὅσα
3352 5367 3444 5424 καὶ
3491 5367 3658 5441 ἥλιος
3686 5358 3811 5427 ’ὑπὸ

415 5454 798 5520 praeceptores
848 5447 1157 5517 jubebant,
1215 5449 1397 5505 donec
1452 5448 1661 5521 laqueo
1712 5450 2036 5521 praefocatu:

2163 5448 2353 5526 νέφους
2394 5451 2838 5521 συσκιαζόμενος,
2893 5452 3031 5508 ὥστε
3085 5455 3175 5510 καὶ
3237 5455 3652 5533 βασιλευομένῳ
3702 5459 3806 5534 ξῷ-

421 5540 533 5595 est.
564 5536 681 5594 isto
713 5535 1028 5595 miserabili
1059 5536 1208 5596 857
1261 5538 1514 5598 facinore
1560 5542 1888 5612 perpetrato
1935 5538 2047 5600 An-

2163 5559 2244 5594 κει
2303 5536 2517 5612 μᾶλλον
2585 5538 2620 5612 ἢ
2683 5539 3049 5618 βασιλεύοντι,
3107 5544 3281 5603 ἐκεῖνα
3346 5545 3651 5606 ἐπιτάσσων
3717 5547 3808 5609 καὶ
