4118 6200
271 284 400 352 629

1328 293 1428 354 DE
1470 291 1930 355 AN'DRONICO
1974 293 2342 357 COMNENO
2388 296 2538 358 LIB.
2585 296 2634 356 Ι.

3573 299 3694 360 630

257 423 402 498 δρῶν
437 420 539 476 ὅσα
574 419 904 495 εἴσηγοῦντο
942 421 996 475 oi.
1029 420 1332 491 ἐπιστάται,
1378 422 1544 498 μέχρι
1600 428 1697 478 τοῦ
1738 421 1807 478 δι’
1840 424 1932 501 ἀγ-

2047 429 2322 486 dronicus
2352 430 2572 484 Annam
2602 429 2976 501 imperatoris
3003 427 3189 484 Aloxii
3211 445 3512 500 sponsam,
3537 431 3691 503 regis

266 514 446 590 χάνης
475 511 538 565 τὸ
568 509 736 583 πέρας
779 507 1028 582 δέξασθαι
1059 519 1160 581 τῆς
1195 517 1366 581 ζωῆς.
1399 515 1511 581 Τῆς
1571 510 1628 566 δὲ
1685 513 1928 588 πράξεως

261 606 469 674 ταύτης
511 602 657 658 οὕτω
712 603 1107 676 τετελεσμένης
1159 604 1424 679 οίκτρῶς,
1487 605 1781 681 ἁρμόζεται
1812 608 1930 662 Ἀν-

264 691 510 768 δρονίκῳ
583 692 722 766 πρὸς
790 690 1096 766 συμϐίωσιν
1157 695 1333 752 Ἀννα
1389 697 1424 763 ἡ
1499 699 1596 750 τοῦ
1660 695 1930 770 βασιλέως

261 783 516 855 Ἀλεξίου
602 785 838 854 μνηστή,
898 783 1137 858 Θυγάτηρ
1217 781 1351 837 οὖσα
1408 787 1506 837 τοῦ
1589 784 1688 852 τήν
1751 784 1930 858 ἀρχὴν

2039 518 2393 574 Francorum
2453 517 2636 573 ﬁliam
2697 517 3071 574 matrimonio
3122 518 3234 573 sibi
3278 519 3496 590 jungit,
3544 518 3686 574 nihil

2037 609 2465 663 verecundatus
2543 609 2751 664 effetus
2825 613 2883 664 et
2953 608 3142 662 vietus
3220 624 3397 664 senex
3468 608 3691 664 sobrini

2041 713 2279 752 uxorem
2352 696 2869 764 adolescentulam,
2945 713 3174 752 roseam
3251 703 3309 751 et
3386 697 3690 766 tenellam,

2041 785 2302 840 nondum
2335 802 2518 840 annos
2544 803 2602 840 x1
2635 791 2856 850 natam,
2885 801 2988 856 per
3015 786 3178 840 uetas
3219 784 3512 856 amplecti.

261 877 377 926 τῶν
413 873 682 946 Φράγγων
717 868 1012 932 διέποντος.
1047 872 1153 926 Καὶ
1184 871 1283 926 οὐκ
1311 872 1582 946 ᾐσχύνετο
1613 871 1865 943 Κρονίων
1921 871 2137 940 ἀπόζων
2195 871 2416 945 ἀνεψιοῦ
2472 871 2687 945 γυναικὶ
2750 871 3120 945 μιλτοπαρήῳ
3175 872 3267 926 καὶ
3325 876 3562 951 τρυφερᾷ
3593 873 3684 928 καὶ

277 965 452 1035 μήπω
482 962 546 1016 τὸ
578 957 856 1014 ἓνδᾶκατον
881 958 1004 1021 ἔτος
1033 959 1318 1031 ἐξηνυκυίᾳ
1346 961 1833 1036 συγκατακείμενος
1870 959 2164 1034 ἀθεμίτως,
2196 961 2841 1036 καὶπαραγκαλιζόμενος
2874 960 3098 1016 ὁπὲπων
3130 963 3228 1030 τήν
3264 962 3692 1039 ὁμφακίζουσαν,

261 1053 296 1105 ὁ
334 1051 629 1126 ύπέρωρος
667 1050 767 1118 τὴν
805 1046 1026 1119 ἡλικίαν
1055 1051 1154 1119 τὴν
1189 1049 1500 1124 ὀρθότιτθον
1533 1047 1774 1121 νεάνιδα,
1801 1050 1892 1104 καὶ
1920 1051 1947 1104 6
1980 1049 2156 1126 ῥικνὸς
2189 1053 2268 1121 τῷ
2298 1050 2486 1126 χρόνῳ
2518 1050 2608 1105 καὶ
2636 1050 2881 1126 χαλαρὸς
2907 1052 3007 1120 τὴν
3042 1047 3443 1126 ῥοδοδάκτυλον
3465 1052 3690 1126 κορίσκη

270 1141 366 1194 καὶ
401 1137 598 1213 δρόσον
627 1135 835 1212 ἔρωτος
867 1137 1182 1206 στάζουσαν.

337 1228 682 1291 Βασιλεύσας
737 1224 785 1281 δ’
837 1225 1188 1302 ’Δνδρόνικος
1247 1229 1474 1284 αἰτεῖται
1527 1229 1619 1284 τὸν
1671 1229 1940 1302 πατριάρ-

265 1339 382 1393 χην
437 1315 720 1374 Βασίλειον
791 1317 882 1370 καὶ
931 1318 1031 1386 τήν
1090 1317 1213 1372 τότε
1270 1314 1495 1373 σύνοδον
1552 1316 1779 1387 λυθῆναι
1837 1320 1936 1372 τοῦ

265 1410 440 1480 ὅρκου
473 1407 532 1461 δν
565 1406 710 1480 εἶχεν
745 1406 907 1470 αὐτὸς
937 1408 1252 1480 ὀμωμοκὼς
1278 1413 1358 1479 τῷ
1404 1407 1621 1483 βασιλεῖ
1675 1405 1934 1474 Μανουήλ

348 1499 364 1520 ‘
436 1497 528 1550 ’ἐ
596 1494 624 1538 ίη
830 1495 862 1551 λ
991 1497 1002 1516 ’
1263 1495 1308 1514 ““
1463 1498 1479 1520 ‘
1549 1497 1566 1550 l
1639 1495 1652 1515 ‘
1872 1496 1884 1532 i

266 1519 364 1551 και
393 1518 472 1569 τῳ
531 1517 706 1550 κενου
757 1516 824 1550 τα
868 1516 1100 1568 αιπωρῳ
1156 1513 1334 1565 παιοι,
1391 1517 1480 1552 και
1515 1518 1542 1551 ο
1624 1495 1789 1551 ἄλλοι
1839 1515 1931 1549 σον

264 1587 449 1658 τούτῳ
509 1585 710 1646 πάντες
758 1586 895 1656 (13),
954 1584 1073 1640 ὅσοι
1132 1581 1440 1661 παραϐάται
1499 1581 1757 1661 ὤφθησαν
1824 1588 1934 1641 τῶν

277 1674 723 1746 ὀμωμοσμένων.
757 1672 859 1727 Καὶ
891 1672 941 1726 οἱ
977 1673 1099 1744 μὲν,
1130 1673 1204 1734 ὡς
1259 1672 1305 1727 εἷ
1360 1670 1578 1745 δεσμεῖν
1629 1669 1942 1748 ἀδιαφόρως

274 1764 361 1817 καὶ
399 1762 556 1818 λύειν
585 1763 650 1816 τὰ
681 1764 856 1816 πάντα
885 1761 1146 1839 εἰλήφασι
1184 1763 1320 1836 πρὸς
1379 1767 1537 1830 Θεοῦ,
1596 1764 1801 1834 τόμους
1833 1760 1941 1830 ἐξέ-

270 1856 420 1908 θεντο
454 1851 649 1906 αὐτίκα
683 1848 754 1906 δι’
788 1853 861 1906 ὧν
894 1851 1198 1925 ἀμνηστίαν
1256 1857 1364 1907 τῶν
1414 1852 1786 1925 ήνομημένων
1824 1855 1941 1911 τοῖς

280 1943 358 2015 μὴ
390 1941 642 2016 εύόρκοις
698 1938 944 1995 ἐδίδοσαν
1003 1943 1362 2014 ἁπαξάπασιν.
1413 1941 1474 1997 Ὁ
1525 1937 1581 1994 δὲ
1612 1940 1686 2002 ὡς
1721 1951 1940 2013 θαυμα-

278 2033 406 2101 στήν
440 2051 562 2086 τινα
603 2029 836 2104 παρέχει
894 2031 995 2099 τὴν
1055 2025 1298 2101 ἀμοιϐὴν
1350 2034 1468 2093 τοῖς
1495 2033 1605 2084 τῶν
1639 2027 1941 2102 ἐπιταγμά-

266 2142 380 2175 των
437 2119 607 2175 αύτοῦ
661 2117 1009 2194 πληρωταῖς.
1056 2119 1120 2173 Ἦ
1153 2116 1211 2172 δὶ
1267 2118 1335 2186 ἧν
1366 2118 1594 2172 καὶτῶν
1650 2117 1776 2172 τότε
1845 2116 1940 2188 μὲν

263 2208 600 2276 αἰτηθέντων
665 2205 828 2284 ῥᾳδία
908 2207 1273 2281 τερμάτωσις,
1331 2204 1366 2260 ἅ
1427 2206 1597 2282 μικρὰ
1670 2203 1939 2275 δήπουθεν

270 2303 406 2368 ἦσαν
446 2299 541 2352 καὶ
602 2297 726 2371 περὶ
790 2301 998 2372 μικρῶν
1063 2294 1440 2370 ὑφηγούμενα·
1491 2298 1526 2364 ἠ
1587 2292 1644 2349 δὲ
1705 2296 1938 2372 μεγίστη

269 2391 331 2442 τὸ
374 2385 718 2461 συνεδρεύειν
767 2384 1002 2447 ἐκείνους
1060 2385 1206 2458 αὐτῷ
1266 2382 1678 2458 σκιμποδίσκων
1709 2405 1942 2458 παρατι-

267 2476 508 2549 θεμένων
560 2475 651 2529 καὶ
683 2472 1195 2549 παρεισφερομὲνων
1252 2478 1333 2545 τῷ
1418 2471 1682 2548 βασιλείῳ
1741 2473 1941 2546 θρόνῳ,

265 2566 292 2620 6'
323 2567 418 2620 καὶ
455 2565 569 2639 οὐχ
599 2567 765 2632 ἧττον
799 2564 876 2627 εἷς
906 2565 1124 2638 γὲλωτα
1153 2568 1264 2618 τῶν
1297 2560 1577 2635 ἑλομένων
1635 2561 1727 2616 καὶ
1775 2581 1942 2615 κατα-

263 2648 578 2728 δεξαμένων
611 2653 916 2727 ἀρχιερέων
949 2652 1050 2707 οὐκ
1107 2651 1193 2707 ἐπὶ
1251 2657 1477 2726 συχναῖς
1535 2649 1769 2725 ἡμέραις
1802 2670 1942 2719 συμ-

265 2738 365 2796 ϐὰν
426 2742 572 2816 ἥπερ
635 2740 922 2820 φαντασίαν
978 2747 1151 2812 τιμῆς
1199 2738 1290 2794 καὶ
1349 2735 1512 2808 δόξης
1560 2735 1818 2808 ῗνδαλμα,
1853 2734 1942 2790 ἐπὶ

266 2837 371 2904 τήν
411 2835 684 2908 προτέραν
744 2831 1014 2901 ἐπανῆλθε
1072 2833 1385 2901 συνήθειαν,
1444 2830 1582 2884 καθὰ
1636 2829 1728 2884 καὶ
1782 2828 1943 2899 ξύλον

2121 1232 2259 1302 Ejus
2290 1231 2495 1286 nefarii
2551 1233 2667 1287 voti
2726 1248 2966 1303 compos
3024 1233 3216 1289 factus
3268 1251 3303 1290 a
3361 1233 3698 1305 patriarcha

2048 1337 2154 1376 suo
2184 1327 2241 1376 et
2270 1321 2517 1376 concilio
2549 1321 2723 1376 aliam
2756 1321 3004 1393 gratiam
3024 1323 3184 1393 petit,
3204 1323 3694 1393 utjurejurando,

2047 1411 2202 1481 quod
2227 1409 2566 1481 imperatori
2597 1409 2852 1465 Manueli
2885 1415 2942 1465 et
2969 1410 3190 1466 infelici
3221 1412 3350 1482 ejus
3373 1411 3492 1468 ﬁlio
3523 1412 3693 1468 dede-

2047 1503 2155 1565 rat,
2215 1499 2496 1564 solvatur,
2555 1515 2622 1554 ac
2679 1499 2870 1554 ceteri
2928 1516 3046 1554 una
3113 1516 3264 1571 quos
3338 1501 3693 1557 sacramenti

2044 1591 2276 1659 ceperat
2330 1587 2566 1643 oblivio.
2639 1587 2728 1642 llli
2798 1602 2952 1654 vero,
3029 1589 3196 1658 quasi
3272 1589 3493 1658 absque
3573 1588 3690 1645 ullo

2045 1677 2386 1732 discrimine
2441 1682 2499 1732 et
2551 1675 2841 1732 vinciendi
2899 1686 2955 1732 et
3031 1676 3291 1732 solvendi
3372 1676 3694 1748 quemlibet

2046 1770 2390 1837 potestatem
2447 1765 2729 1820 divinitus
2791 1765 3156 1836 accepissent
3204 1765 3404 1821 statim
3482 1764 3697 1822 litteris

2045 1854 2278 1926 publice
2307 1854 2499 1910 afﬁxis
2528 1853 2945 1924 impunitatem
2979 1853 3261 1910 scelerum
3297 1854 3536 1924 perfidis
3565 1871 3698 1911 con-

2046 1946 2369 2000 cesserunt.
2391 1942 2761 1998 Andronicus
2783 1956 2914 1996 vero
2942 1941 3315 2012 pontificibus
3341 1942 3700 2013 illiusjuris-

2047 2032 2286 2104 iurandi
2315 2030 2676 2087 solutoribus
2708 2045 2880 2099 quam
2914 2030 3205 2101 egregiam
3240 2029 3490 2100 gratiam
3541 2031 3695 2088 858

2047 2119 2288 2177 retulit?
2318 2120 2398 2175 Ea
2425 2119 2536 2174 fuit
2566 2123 2631 2172 ut
2661 2118 2926 2188 quasdam
2955 2116 3197 2173 levicula
3243 2134 3446 2173 eorum
3497 2125 3696 2188 postu-

2047 2211 2168 2266 lata
2198 2209 2448 2275 ﬁerent;
2479 2207 2770 2263 maximus
2797 2221 2933 2261 vero
2963 2205 3014 2261 is
3054 2205 3241 2262 honos
3285 2206 3394 2261 fuit
3452 2211 3514 2262 ut
3556 2208 3698 2264 sub-

2048 2297 2235 2356 selliis
2265 2298 2338 2354 ad
2369 2296 2581 2352 solium
2616 2294 2989 2367 imperatoris
3027 2293 3322 2350 collocatis
3381 2295 3433 2351 ei
3472 2295 3698 2352 asside-

2047 2397 2212 2445 rent:
2275 2387 2377 2459 qui
2435 2403 2572 2442 oum
2639 2401 2856 2458 paucos
2923 2385 3049 2440 dies
3123 2385 3414 2453 durasset,
3487 2387 3699 2442 umbra

2051 2477 2248 2550 potius
2281 2475 2521 2531 honoris
2553 2491 2729 2546 quam
2760 2490 2932 2530 verus
2983 2473 3192 2541 honos,
3242 2475 3544 2530 materiam
3593 2491 3696 2530 eos

2048 2565 2279 2621 ridendi
2329 2565 2580 2636 praebuit
2631 2563 2882 2634 pristina
2932 2564 3358 2618 consuetudine
3405 2569 3694 2632 revocata,

2045 2655 2234 2709 instar
2263 2653 2316 2708 vi
2373 2652 2596 2707 curvati
2629 2651 2796 2723 ligni,
2857 2651 3018 2722 quod
3080 2651 3343 2707 laxatum
3403 2653 3476 2708 ad
3525 2669 3694 2709 suam

2048 2747 2318 2799 naturam
2354 2742 2678 2798 revertitur.
2712 2745 2836 2795 Imo
2868 2757 2933 2798 ea
2966 2757 3058 2797 res
3099 2742 3444 2814 dignitatem
3494 2759 3696 2798 eorum

2050 2834 2305 2888 multum
2337 2830 2653 2888 imminuit.
2685 2830 2834 2885 Nam
2884 2829 3253 2886 Andronicus
3303 2847 3374 2886 ne
3429 2832 3695 2888 omnium

252 2923 538 2986 ἐπικλινὶς
608 2922 698 2997 βίᾳ
753 2923 889 2996 πρὸς
967 2923 1068 2990 τήν
1153 2919 1422 2994 προτέραν
1486 2917 1594 2988 ἴξιν
1661 2917 1929 2974 ἐπάνεισιν

2052 2921 2391 2977 mortalium
2423 2919 2762 2975 levissimus
2793 2923 2852 2974 et
2878 2918 2938 2973 in
2968 2919 3113 2974 actis
3144 2919 3271 2975 suis
3302 2936 3511 2991 parum
3557 2937 3695 2976 con-

256 3012 457 3069 ἆνεθὲν.
498 3008 729 3070 Μᾶλλον
758 3011 852 3084 μὲν
887 3007 978 3064 οὗν
1031 3011 1122 3064 καὶ
1190 3007 1396 3078 ταύτης
1453 3005 1598 3062 πολὺ
1637 3008 1929 3082 παρεσπά-

262 3121 413 3158 σατο’
445 3099 536 3156 ἵνα
566 3102 671 3176 γὰρ
713 3101 788 3173 μή
824 3097 962 3173 δοκῇ
1025 3094 1378 3168 Ἀνδρόνικος
1426 3092 1932 3168 παλιμϐολώτατος

263 3194 570 3267 ἀνθρώπων
656 3190 749 3244 καὶ
846 3188 1102 3242 ἀστασίαν
1161 3186 1331 3255 ἤθους
1409 3184 1497 3239 ἐπὶ
1566 3189 1686 3245 ταῖς
1744 3185 1938 3238 ἑαυτοῦ

271 3283 495 3356 πράξεσι
527 3279 723 3346 νοσῶν,
752 3279 814 3333 τὸ
870 3276 946 3338 εἷς
994 3275 1116 3350 ὄψιν
1169 3273 1358 3347 ἐκείνῳ
1425 3273 1600 3329 ὲλθεῖν
1635 3273 1688 3327 οἳ
1743 3273 1936 3350 ἀρχιε-

2052 3018 2208 3067 stare
2239 3010 2350 3064 sibi
2383 3008 2696 3076 videretur,
2748 3007 3054 3078 pontifices
3105 3008 3238 3064 illos
3287 3007 3347 3063 in
3395 3007 3702 3080 splendido

2053 3100 2197 3156 solio
2229 3099 2439 3155 sedens
2468 3112 2583 3152 non
2618 3095 2785 3152 facile
2815 3097 3185 3152 admittebat.
3238 3096 3325 3152 Ita
3375 3097 3475 3168 qui
3527 3099 3698 3168 paulo

2047 3193 2180 3245 ante
2226 3187 2598 3258 imperatorio
2657 3202 2939 3242 consessu
3014 3184 3443 3257 gloriabantur,
3517 3187 3695 3260 idque

2045 3277 2154 3333 sibi
2188 3275 2494 3346 praemium
2528 3279 2592 3328 ut
2623 3273 2897 3329 fidelibus
2930 3273 3217 3328 ministris
3263 3275 3466 3329 datum
3498 3275 3691 3331 verbis

277 3377 382 3444 ρεῖς
411 3371 564 3424 οὗτοι
599 3367 706 3441 ούχ
746 3365 990 3440 εὕρισκον
1027 3364 1248 3442 εὐχερὲς
1307 3361 1393 3417 ἐπὶ
1453 3363 1701 3436 βήματος
1758 3372 1934 3432 καθη-

2047 3361 2330 3419 Davidicis
2351 3361 2666 3432 jactarent,
2699 3367 2822 3415 tum
2867 3359 3146 3416 involutis
3192 3360 3483 3431 capitibus
3533 3377 3688 3417 rece-

281 3461 422 3532 μένῳ
458 3457 750 3532 μετέπειτα
781 3453 1062 3530 λαμπροῦ.
1096 3452 1194 3507 Καὶ
1226 3453 1278 3506 οἱ
1311 3454 1397 3524 [Ρ.
1435 3452 1556 3524 179]
1599 3451 1706 3525 πρὸ
1729 3455 1926 3524 μικροῦ

2037 3454 2242 3508 dentes
2269 3467 2394 3507 sese
2452 3450 2902 3518 miserabantur,
2957 3450 3109 3520 quod
3166 3449 3240 3504 iis
3299 3449 3508 3506 solutis
3559 3467 3686 3521 qua

267 3551 329 3620 τῇ
364 3546 630 3622 βασιλικῇ
683 3543 935 3615 συνεδρίῳ
989 3540 1400 3614 σεμνυνόμενοι,
1430 3541 1520 3595 καὶ
1552 3539 1714 3615 γέρας
1763 3537 1923 3610 εἰλη-

2047 3541 2305 3598 Iolvenda
2335 3557 2448 3596 non
2482 3543 2700 3606 essent,
2734 3557 2766 3594 a
2803 3540 2912 3595 Deo
2952 3539 3298 3596 defecissent
3343 3544 3401 3594 et
3449 3539 3669 3595 deriso-

267 3639 414 3711 φέναι
451 3640 618 3690 τοῦτο
651 3629 954 3691 Δαυῖδικῶς
997 3631 1071 3692 ὡς
1103 3627 1287 3684 πιστοὶ
1344 3635 1446 3697 τῆς
1502 3635 1605 3703 γῆς
1659 3628 1917 3703 βρενθυό-

2030 3646 2150 3686 rem
2184 3629 2574 3686 Andronicum
2609 3629 2826 3683 frustra
2855 3627 3194 3684 coluissent.

267 3747 436 3798 μενοι,
467 3726 592 3779 τότε
623 3722 946 3778 ὁπενόστουν
976 3713 1404 3794 ἐγκαλυτόμενοι
1439 3716 1530 3772 καὶ
1562 3715 1938 3786 ταλανίζοντες
1969 3717 2212 3789 ἑαυτοὺς,
2248 3719 2330 3780 οἷς
2359 3720 2497 3772 Θεοῦ
2528 3715 2835 3786 ἀπέστησαν
2892 3717 2959 3769 τὰ
2997 3714 3169 3769 ἄλυτα
3201 3712 3419 3776 λύοντες
3457 3717 3546 3768 καὶ
3577 3716 3671 3769 τὸν

265 3817 569 3888 ἐμπαίκτην
610 3810 865 3878 διακενῆς
891 3806 1236 3879 Ἀνδρόνικον
1271 3805 1675 3882 θεραπεύοντες.

329 3907 414 3967 Ὡς
476 3901 534 3958 δὲ
591 3904 659 3958 τὰ
714 3900 851 3956 κατὰ
900 3900 1001 3966 τήν
1051 3897 1350 3973 ἀνάῤῥησιν
1405 3901 1508 3952 τοῦ
1569 3893 1922 3970 1ΔνδρονῖκΟυ

267 3995 350 4050 καὶ
375 3996 475 4063 τήν
504 3991 772 4066 ἀναίρεσιν
805 3987 1057 4058 Ἀλεξίου
1111 3992 1208 4041 τοῦ
1273 3984 1542 4060 βασιλέως
1580 3982 1726 4055 δῆλα
1782 3985 1918 4053 ἦσαν

270 4070 492 4155 Ἀλεξίῳ
517 4103 579 4136 τε
631 4085 710 4152 τῷ
751 4082 932 4148 Βρανᾷ
985 4077 1075 4130 καὶ
1133 4072 1467 4150 Ἀνδρονίκῳ
1519 4079 1598 4147 τῷ
1659 4072 1921 4150 Λαπαρδᾷ

270 4179 381 4235 τοῖς
436 4176 546 4226 τῶν
607 4169 903 4243 ταγμάτων
973 4170 1296 4240 στρατηγοῖς
1383 4165 1519 4238 ἅπερ
1605 4163 1918 4242 ἆντεφέρετο

271 4263 399 4316 κατὰ
428 4262 522 4315 τὸν
573 4259 740 4315 Νίσον
795 4255 885 4310 καὶ
915 4257 1016 4322 τὴν
1067 4250 1428 4328 Βρανίτζοϐαν
1481 4256 1563 4324 τῷ
1617 4259 1717 4321 τῆς
1778 4254 1918 4329 Ούγ·

272 4352 424 4426 γρίας
457 4348 591 4424 ῥηγὶ
648 4351 728 4419 τῷ
763 4344 928 4415 Βελᾷ,
981 4348 1275 4418 πορθοῦντι
1327 4341 1394 4397 τὰ
1451 4341 1565 4397 ἐκεῖ
1593 4343 1769 4396 πάντα
1827 4343 1914 4396 καὶ

272 4445 520 4496 ποιοῦντι
577 4443 759 4499 κακῶς
817 4442 934 4496 τοῖς
977 4435 1199 4514 ξίφεσιν,
1270 4433 1463 4507 ἅτερος
1529 4435 1622 4506 μὶν
1663 4437 1771 4489 τῶν
1826 4433 1922 4505 ἆρ-

274 4536 466 4606 χηγῶν
498 4531 527 4583 6
558 4524 850 4600 Λαπαρδᾶς
879 4521 1202 4600 ἀπειρητέαν
1256 4523 1472 4597 κέκρικε
1515 4524 1614 4592 τὴν
1670 4523 1814 4591 ζωὴν
1844 4521 1933 4576 καὶ

273 4622 368 4687 τὴν
426 4614 734 4693 εὖρυχανδῆ
796 4614 946 4688 γένυν
1011 4610 1360 4686 Ἀνδρονίκου
1445 4609 1534 4666 διὰ
1589 4610 1783 4672 παντὸς
1841 4609 1936 4665 ὕπ-

279 4706 540 4765 εϐλέπετο
572 4705 938 4781 καταχάσκειν
995 4701 1180 4758 ἔκτοτε
1233 4699 1542 4774 μέλλουσαν
1602 4701 1692 4755 καὶ
1746 4700 1932 4755 αὐτοῦ·

276 4801 303 4854 6
336 4798 394 4855 δέ
417 4819 480 4874 γε
508 4800 710 4872 Βρανᾶς
743 4793 992 4867 ἀσμένως
1031 4792 1130 4860 τὴν
1167 4791 1448 4864 μετάθεσιν
1508 4797 1604 4860 τῆς
1656 4789 1940 4864 βασιλείας

281 4888 562 4966 ὑπέφερεν,
595 4883 704 4954 ἢδη
752 4887 831 4955 τῷ
889 4885 1044 4956 χορῷ
1096 4879 1386 4958 ἐγγραφεὶς
1445 4881 1531 4940 οἷς
1591 4876 1938 4966 Ἀνδρόνικος

280 4965 652 5054 προσέϐλεπεν
684 4975 907 5046 ἥμερον.
970 4967 1191 5029 Πολλὰς
1252 4969 1342 5022 οὗν
1400 4969 1427 5022 6
1487 4965 1776 5044 Λαπαρδᾶς
1820 4970 1940 5025 Ἀν-

281 5069 530 5144 δρόνικος
588 5063 748 5125 ὁδοὺς
803 5060 1138 5136 τραπόμενος
1196 5059 1573 5132 ἐνθυμήσεων,
1657 5061 1747 5116 καὶ
1806 5061 1943 5116 κατὰ

277 5162 411 5216 κύνα
442 5158 716 5216 Λάκαιναν
771 5151 838 5223 ἥν
899 5155 1164 5216 θευσεῖται
1205 5148 1606 5225 ἴχνηλατήσας,
1672 5153 1796 5225 μίαν
1851 5151 1943 5205 alio

282 5273 434 5328 ρισκε
465 5251 742 5318 σώζουσαν
775 5242 1013 5319 ἀτραπὸν
1053 5243 1116 5298 τὸ
1168 5247 1270 5310 τῆς
1329 5237 1505 5314 ὄψεως
1553 5242 1644 5297 καὶ
1701 5239 1942 5312 ἐξουσίας

284 5327 1096 5408 ἆποπλάζεσθαιᾌνδρονίκου.
1132 5329 1235 5386 Καὶ
1296 5329 1439 5403 εἶχεν
1499 5330 1557 5384 ἃν
1621 5329 1812 5384 ὶαυτὸν
1871 5327 1943 5381 ἂ-

2103 3901 2257 3956 259
2292 3899 2364 3954 Ut
2409 3901 2606 3954 autem
2654 3895 2971 3951 Andronici
3019 3896 3348 3968 designatio
3393 3901 3449 3952 et
3489 3895 3676 3952 Alexii

2029 3989 2402 4060 imperatoris
2432 3987 2737 4042 sufi‘ocatio
2765 3985 2964 4042 Alexio
2997 3986 3197 4042 Branm
3243 3991 3302 4044 et
3343 3988 3676 4044 Andronico

2032 4079 2302 4149 Lapardaa
2356 4076 2654 4148 legionum
2709 4076 2978 4144 ducibus,
3035 4076 3137 4148 qui
3214 4077 3287 4133 ad
3357 4077 3560 4132 Nisum
3621 4081 3674 4134 et

2031 4165 2410 4222 Branizobam
2445 4164 2750 4234 Hungariae
2783 4162 2902 4234 regi
2953 4164 3101 4219 Betae
3151 4165 3503 4221 resistebant
3548 4164 3680 4221 loca

2028 4256 2128 4312 illa
2157 4254 2357 4310 omnia
2386 4255 2538 4309 ferro
2585 4258 2640 4309 et
2690 4252 2810 4324 igni
2863 4252 3138 4321 vastanti,
3190 4253 3518 4325 signiﬁcata
3566 4261 3678 4321 est,

2030 4345 2326 4416 Lapardas
2409 4344 2542 4398 vita)
2619 4358 2722 4414 spe
2795 4342 3024 4412 abjecta
3097 4346 3293 4400 vastas
3361 4343 3680 4399 Andronici

2036 4432 2302 4490 maxillas
2333 4440 2612 4503 perpetuo
2645 4430 3020 4500 formidabat,
3072 4435 3135 4486 ut
3177 4431 3423 4502 jamjam
3475 4433 3548 4488 ab
3609 4433 3682 4488 iis

2042 4521 2430 4589 devorandas,
2464 4525 2684 4576 Branas
2712 4536 2847 4575 vero
2887 4521 3010 4590 jam
3065 4524 3122 4575 in
3173 4537 3484 4576 numerum
3534 4523 3683 4577 ami-

2043 4626 2244 4666 corum
2278 4608 2588 4664 Andronici
2622 4613 2961 4680 assumptus
3005 4609 3232 4682 imperii
3283 4610 3686 4668 multationem

2045 4698 2217 4755 alacri
2252 4697 2448 4752 animo
2482 4698 2719 4752 ferebat.
2753 4697 2906 4752 Alter
2951 4713 3084 4752 vero
3131 4697 3312 4753 variis
3362 4700 3687 4756 rationibus

2045 4788 2198 4860 apud
2232 4787 2494 4842 animum
2529 4803 2705 4842 suum
2737 4785 2920 4854 initis,
2953 4793 3009 4842 et
3044 4803 3202 4842 more
3234 4788 3500 4843 Laconici
3523 4787 3686 4844 canis

2045 4877 2328 4950 vestigata
2382 4876 2475 4932 via
2531 4893 2709 4947 Quam
2768 4876 3084 4947 insisteret,
3161 4877 3220 4930 in
3297 4893 3362 4931 eo
3438 4876 3685 4930 salutem

2048 4984 2214 5023 suam
2247 4983 2378 5023 esse
2408 4965 2656 5037 positam
2706 4965 3138 5033 animadvertit,
3186 4969 3247 5018 ut
3294 4981 3324 5019 e
3373 4966 3686 5032 conspectu

2049 5066 2103 5114 et
2141 5061 2425 5130 potestate
2482 5055 2797 5112 Andronici
2857 5071 3032 5124 quam
3093 5052 3431 5124 longissimo
3481 5050 3685 5105 abiret.

2050 5147 2211 5212 Quod
2246 5145 2556 5202 consilium
2591 5145 2637 5197 si
2671 5146 3014 5214 persecutus
3047 5145 3202 5195 esset
3232 5155 3336 5194 nec
3368 5138 3497 5193 aliis
3518 5137 3690 5194 rebus

2051 5236 2315 5291 animum
2361 5233 2692 5304 adjecisset,
2750 5231 3028 5286 evasisset
3081 5229 3415 5285 incolumis.
3475 5227 3690 5283 Verum

2051 5341 2184 5380 cum
2245 5338 2450 5380 nocere
2507 5324 2745 5393 cuperet
2798 5319 3126 5375 Andronico
3192 5323 3249 5374 et
3323 5317 3693 5391 imperatoris

1696 5456 1841 5519 Hier
1869 5453 2086 5517 Wolfii
2115 5455 2305 5512 nota.

359 5605 473 5678 (t3)
496 5603 656 5662 Alter
681 5601 850 5674 plura
878 5596 1136 5672 periuria
1163 5594 1372 5654 tribuit
1399 5593 1748 5663 Andronico,
1781 5591 1930 5649 alter
1955 5586 2267 5647 factionem
2293 5585 2416 5657 ejus
2446 5585 2648 5644 eodem
2680 5582 2924 5642 crimine
2954 5582 3213 5642 involvit.
