  <div class='ocr_page' id='page_1' title='image "/cluster/home/n/w/nwhite01/storage/ocr_20150623/139/hvd.32044023361710/321.png"; bbox 0 0 4112 6218; ppageno 0'>
   <div class='ocr_carea' id='block_1_1' title="bbox 408 274 3816 344">
    <p class='ocr_par' dir='ltr' id='par_1_1' title="bbox 408 274 3816 344">
     <span class='ocr_line' id='line_1_1' title="bbox 408 274 3816 344; baseline 0 -3"><span class='ocrx_word' id='word_1_1' title='bbox 408 282 519 343; x_wconf 73' lang='lat' dir='ltr'><strong>63f</strong></span> <span class='ocrx_word' id='word_1_2' title='bbox 1726 280 2051 344; x_wconf 65' lang='lat' dir='ltr'><strong>NICETE</strong></span> <span class='ocrx_word' id='word_1_3' title='bbox 2090 274 2535 340; x_wconf 58' lang='lat' dir='ltr'><strong>CHONIATE.</strong></span> <span class='ocrx_word' id='word_1_4' title='bbox 3694 278 3816 343; x_wconf 71' lang='lat' dir='ltr'><strong>O32</strong></span> 
     </span>
    </p>
   </div>
   <div class='ocr_carea' id='block_1_2' title="bbox 405 401 2029 488">
    <p class='ocr_par' dir='ltr' id='par_1_2' title="bbox 405 413 2029 488">
     <span class='ocr_line' id='line_1_2' title="bbox 405 413 2029 488; baseline -0.001 -18"><span class='ocrx_word' id='word_1_5' title='bbox 405 413 785 486; x_wconf 81' lang='lat' dir='ltr'><strong>parricidium</strong></span> <span class='ocrx_word' id='word_1_6' title='bbox 844 415 1068 481; x_wconf 88' lang='lat' dir='ltr'><strong>ulcisci,</strong></span> <span class='ocrx_word' id='word_1_7' title='bbox 1124 416 1337 472; x_wconf 84' lang='lat' dir='ltr'><strong>deﬁcit.</strong></span> <span class='ocrx_word' id='word_1_8' title='bbox 1396 420 1470 475; x_wconf 81' lang='lat' dir='ltr'><strong>Rt</strong></span> <span class='ocrx_word' id='word_1_9' title='bbox 1525 415 1663 488; x_wconf 86' lang='lat' dir='ltr'><strong>quia</strong></span> <span class='ocrx_word' id='word_1_10' title='bbox 1714 415 1943 472; x_wconf 92' lang='lat' dir='ltr'><strong>videbat</strong></span> <span class='ocrx_word' id='word_1_11' title='bbox 1986 414 2029 469; x_wconf 77' lang='lat' dir='ltr'><strong>ir</strong></span> 
     </span>
    </p>
   </div>
   <div class='ocr_carea' id='block_1_3' title="bbox 2184 401 3808 488">
    <p class='ocr_par' dir='ltr' id='par_1_3' title="bbox 2184 401 3808 481">
     <span class='ocr_line' id='line_1_3' title="bbox 2184 401 3808 481; baseline -0.001 -19"><span class='ocrx_word' id='word_1_12' title='bbox 2184 412 2309 479; x_wconf 80' lang='grc' dir='ltr'>ταθῆ</span> <span class='ocrx_word' id='word_1_13' title='bbox 2340 409 2522 462; x_wconf 83' lang='grc' dir='ltr'>κακῶν</span> <span class='ocrx_word' id='word_1_14' title='bbox 2578 401 2940 479; x_wconf 73' lang='grc' dir='ltr'><strong>διατηρήσας,</strong></span> <span class='ocrx_word' id='word_1_15' title='bbox 2969 403 3017 460; x_wconf 83' lang='grc' dir='ltr'><strong>εί</strong></span> <span class='ocrx_word' id='word_1_16' title='bbox 3053 408 3123 479; x_wconf 79' lang='grc' dir='ltr'><strong>τῇ</strong></span> <span class='ocrx_word' id='word_1_17' title='bbox 3154 403 3335 481; x_wconf 79' lang='grc' dir='ltr'>βουλῇ</span> <span class='ocrx_word' id='word_1_18' title='bbox 3374 406 3543 481; x_wconf 74' lang='grc' dir='ltr'>ταύτῃ</span> <span class='ocrx_word' id='word_1_19' title='bbox 3587 406 3808 480; x_wconf 73' lang='grc' dir='ltr'>ἐπέμενε</span> 
     </span>
    </p>
   </div>
   <div class='ocr_carea' id='block_1_4' title="bbox 411 489 2035 576">
    <p class='ocr_par' dir='ltr' id='par_1_4' title="bbox 411 501 2035 576">
     <span class='ocr_line' id='line_1_4' title="bbox 411 501 2035 576; baseline 0 -18"><span class='ocrx_word' id='word_1_20' title='bbox 411 501 724 560; x_wconf 89' lang='lat' dir='ltr'><strong>Occidente</strong></span> <span class='ocrx_word' id='word_1_21' title='bbox 761 503 955 560; x_wconf 83' lang='lat' dir='ltr'><strong>locum</strong></span> <span class='ocrx_word' id='word_1_22' title='bbox 988 504 1097 558; x_wconf 83' lang='lat' dir='ltr'><strong>sibi</strong></span> <span class='ocrx_word' id='word_1_23' title='bbox 1131 521 1247 560; x_wconf 92' lang='lat' dir='ltr'><strong>non</strong></span> <span class='ocrx_word' id='word_1_24' title='bbox 1279 505 1570 573; x_wconf 85' lang='lat' dir='ltr'><strong>futurum,</strong></span> <span class='ocrx_word' id='word_1_25' title='bbox 1619 520 1725 561; x_wconf 94' lang='lat' dir='ltr'><strong>nec</strong></span> <span class='ocrx_word' id='word_1_26' title='bbox 1773 503 2035 576; x_wconf 85' lang='lat' dir='ltr'><strong>collegan</strong></span> 
     </span>
    </p>
   </div>
   <div class='ocr_carea' id='block_1_5' title="bbox 2192 489 3816 576">
    <p class='ocr_par' dir='ltr' id='par_1_5' title="bbox 2196 489 3816 570">
     <span class='ocr_line' id='line_1_5' title="bbox 2196 489 3816 570; baseline 0 -19"><span class='ocrx_word' id='word_1_27' title='bbox 2196 497 2249 552; x_wconf 88' lang='grc' dir='ltr'><strong>αὶ</strong></span> <span class='ocrx_word' id='word_1_28' title='bbox 2302 496 2381 567; x_wconf 78' lang='grc' dir='ltr'>μή</span> <span class='ocrx_word' id='word_1_29' title='bbox 2442 493 2578 568; x_wconf 81' lang='grc' dir='ltr'>πρὸς</span> <span class='ocrx_word' id='word_1_30' title='bbox 2629 494 2820 570; x_wconf 75' lang='grc' dir='ltr'>πρᾶξιν</span> <span class='ocrx_word' id='word_1_31' title='bbox 2882 494 3062 568; x_wconf 66' lang='grc' dir='ltr'>ἑτέραν</span> <span class='ocrx_word' id='word_1_32' title='bbox 3124 489 3583 567; x_wconf 78' lang='grc' dir='ltr'>μετακεκῦϐευτο.</span> <span class='ocrx_word' id='word_1_33' title='bbox 3650 496 3816 569; x_wconf 84' lang='grc' dir='ltr'>Ἐρα-</span> 
     </span>
    </p>
   </div>
   <div class='ocr_carea' id='block_1_6' title="bbox 412 580 2036 665">
    <p class='ocr_par' dir='ltr' id='par_1_6' title="bbox 412 592 2036 665">
     <span class='ocr_line' id='line_1_6' title="bbox 412 592 2036 665; baseline -0.002 -16"><span class='ocrx_word' id='word_1_34' title='bbox 412 592 671 649; x_wconf 79' lang='lat' dir='ltr'><strong>Alexium</strong></span> <span class='ocrx_word' id='word_1_35' title='bbox 703 598 952 648; x_wconf 87' lang='lat' dir='ltr'><strong>Branam</strong></span> <span class='ocrx_word' id='word_1_36' title='bbox 997 609 1314 664; x_wconf 87' lang='lat' dir='ltr'><strong>passurum</strong></span> <span class='ocrx_word' id='word_1_37' title='bbox 1367 595 1583 652; x_wconf 81' lang='lat' dir='ltr'><strong>moveri</strong></span> <span class='ocrx_word' id='word_1_38' title='bbox 1630 595 1786 652; x_wconf 76' lang='lat'><strong>860</strong></span> <span class='ocrx_word' id='word_1_39' title='bbox 1833 592 2036 665; x_wconf 65' lang='lat' dir='ltr'><strong>aliquit</strong></span> 
     </span>
    </p>
   </div>
   <div class='ocr_carea' id='block_1_7' title="bbox 2194 580 3818 665">
    <p class='ocr_par' dir='ltr' id='par_1_7' title="bbox 2195 580 3818 658">
     <span class='ocr_line' id='line_1_7' title="bbox 2195 580 3818 658; baseline 0 -18"><span class='ocrx_word' id='word_1_40' title='bbox 2195 584 2307 650; x_wconf 70' lang='grc' dir='ltr'>θεῖς</span> <span class='ocrx_word' id='word_1_41' title='bbox 2358 580 2417 639; x_wconf 77' lang='grc' dir='ltr'>δὶ</span> <span class='ocrx_word' id='word_1_42' title='bbox 2444 586 2626 645; x_wconf 81' lang='grc' dir='ltr'>κακῶς</span> <span class='ocrx_word' id='word_1_43' title='bbox 2686 580 2900 657; x_wconf 77' lang='grc' dir='ltr'>δράσειν</span> <span class='ocrx_word' id='word_1_44' title='bbox 2969 581 3315 658; x_wconf 82' lang='grc' dir='ltr'>Ἀνδρόνικον</span> <span class='ocrx_word' id='word_1_45' title='bbox 3343 584 3561 654; x_wconf 76' lang='grc' dir='ltr'>καὶτῆς</span> <span class='ocrx_word' id='word_1_46' title='bbox 3594 584 3672 648; x_wconf 82' lang='grc' dir='ltr'>εἷς</span> <span class='ocrx_word' id='word_1_47' title='bbox 3723 585 3818 640; x_wconf 85' lang='grc' dir='ltr'><strong>τὸν</strong></span> 
     </span>
    </p>
   </div>
   <div class='ocr_carea' id='block_1_8' title="bbox 414 671 2038 756">
    <p class='ocr_par' dir='ltr' id='par_1_8' title="bbox 414 680 2038 756">
     <span class='ocr_line' id='line_1_8' title="bbox 414 680 2038 756; baseline 0.001 -21"><span class='ocrx_word' id='word_1_48' title='bbox 414 686 615 736; x_wconf 83' lang='lat' dir='ltr'><strong>contra</strong></span> <span class='ocrx_word' id='word_1_49' title='bbox 645 680 1066 751; x_wconf 82' lang='lat' dir='ltr'><strong>Andronicum,</strong></span> <span class='ocrx_word' id='word_1_50' title='bbox 1122 683 1180 738; x_wconf 91' lang='lat' dir='ltr'><strong>in</strong></span> <span class='ocrx_word' id='word_1_51' title='bbox 1230 683 1521 741; x_wconf 76' lang='lat' dir='ltr'><strong>Orientem</strong></span> <span class='ocrx_word' id='word_1_52' title='bbox 1572 683 1760 756; x_wconf 87' lang='lat' dir='ltr'><strong>magis</strong></span> <span class='ocrx_word' id='word_1_53' title='bbox 1808 682 1921 738; x_wconf 91' lang='lat' dir='ltr'><strong>sibi</strong></span> <span class='ocrx_word' id='word_1_54' title='bbox 1969 682 2038 736; x_wconf 26' lang='lat' dir='ltr'><strong>fat</strong></span> 
     </span>
    </p>
   </div>
   <div class='ocr_carea' id='block_1_9' title="bbox 2197 671 3821 756">
    <p class='ocr_par' dir='ltr' id='par_1_9' title="bbox 2197 671 3821 750">
     <span class='ocr_line' id='line_1_9' title="bbox 2197 671 3821 750; baseline 0 -22"><span class='ocrx_word' id='word_1_55' title='bbox 2197 674 2349 748; x_wconf 76' lang='grc' dir='ltr'>όριον</span> <span class='ocrx_word' id='word_1_56' title='bbox 2407 672 2497 727; x_wconf 84' lang='grc' dir='ltr'><strong>καὶ</strong></span> <span class='ocrx_word' id='word_1_57' title='bbox 2554 671 2787 747; x_wconf 80' lang='grc' dir='ltr'>βασιλέα</span> <span class='ocrx_word' id='word_1_58' title='bbox 2836 671 3182 747; x_wconf 75' lang='grc' dir='ltr'>παρανομίας</span> <span class='ocrx_word' id='word_1_59' title='bbox 3235 672 3562 748; x_wconf 78' lang='grc' dir='ltr'>ἀμύνασθαι,</span> <span class='ocrx_word' id='word_1_60' title='bbox 3631 672 3821 750; x_wconf 63' lang='grc' dir='ltr'>θαρρεῖ</span> 
     </span>
    </p>
   </div>
   <div class='ocr_carea' id='block_1_10' title="bbox 415 758 2039 845">
    <p class='ocr_par' dir='ltr' id='par_1_10' title="bbox 415 768 2039 845">
     <span class='ocr_line' id='line_1_10' title="bbox 415 768 2039 845; baseline 0.001 -22"><span class='ocrx_word' id='word_1_61' title='bbox 415 768 705 825; x_wconf 87' lang='lat' dir='ltr'><strong>miliarem</strong></span> <span class='ocrx_word' id='word_1_62' title='bbox 760 769 1013 827; x_wconf 83' lang='lat' dir='ltr'><strong>intendit</strong></span> <span class='ocrx_word' id='word_1_63' title='bbox 1071 772 1359 843; x_wconf 88' lang='lat' dir='ltr'><strong>animum,</strong></span> <span class='ocrx_word' id='word_1_64' title='bbox 1433 774 1650 845; x_wconf 85' lang='lat' dir='ltr'><strong>quippe</strong></span> <span class='ocrx_word' id='word_1_65' title='bbox 1723 771 1823 828; x_wconf 89' lang='lat' dir='ltr'><strong>ubi</strong></span> <span class='ocrx_word' id='word_1_66' title='bbox 1906 786 2039 842; x_wconf 58' lang='lat' dir='ltr'><strong>saepe</strong></span> 
     </span>
    </p>
   </div>
   <div class='ocr_carea' id='block_1_11' title="bbox 2196 758 3820 845">
    <p class='ocr_par' dir='ltr' id='par_1_11' title="bbox 2198 758 3820 838">
     <span class='ocr_line' id='line_1_11' title="bbox 2198 758 3820 838; baseline 0.001 -21"><span class='ocrx_word' id='word_1_67' title='bbox 2198 765 2263 833; x_wconf 76' lang='grc' dir='ltr'>ἢν</span> <span class='ocrx_word' id='word_1_68' title='bbox 2293 761 2613 831; x_wconf 84' lang='grc' dir='ltr'>ἀπόστασιν,</span> <span class='ocrx_word' id='word_1_69' title='bbox 2645 760 2736 815; x_wconf 77' lang='grc' dir='ltr'><strong>καὶ</strong></span> <span class='ocrx_word' id='word_1_70' title='bbox 2758 761 2858 830; x_wconf 72' lang='grc' dir='ltr'>τὴν</span> <span class='ocrx_word' id='word_1_71' title='bbox 2900 758 3114 836; x_wconf 72' lang='grc' dir='ltr'>δυσμήν</span> <span class='ocrx_word' id='word_1_72' title='bbox 3147 763 3292 838; x_wconf 81' lang='grc' dir='ltr'>δρῶν</span> <span class='ocrx_word' id='word_1_73' title='bbox 3327 763 3392 819; x_wconf 80' lang='grc' dir='ltr'>οὗ</span> <span class='ocrx_word' id='word_1_74' title='bbox 3454 766 3820 837; x_wconf 66' lang='grc' dir='ltr'>χωρήσουσαν</span> 
     </span>
    </p>
   </div>
   <div class='ocr_carea' id='block_1_12' title="bbox 409 848 2033 933">
    <p class='ocr_par' dir='ltr' id='par_1_12' title="bbox 409 857 2033 933">
     <span class='ocr_line' id='line_1_12' title="bbox 409 857 2033 933; baseline -0.001 -16"><span class='ocrx_word' id='word_1_75' title='bbox 409 857 667 917; x_wconf 81' lang='lat' dir='ltr'><strong>maxima</strong></span> <span class='ocrx_word' id='word_1_76' title='bbox 708 859 950 930; x_wconf 87' lang='lat' dir='ltr'><strong>imperia</strong></span> <span class='ocrx_word' id='word_1_77' title='bbox 1008 862 1309 933; x_wconf 84' lang='lat' dir='ltr'><strong>gessisset,</strong></span> <span class='ocrx_word' id='word_1_78' title='bbox 1356 868 1414 917; x_wconf 88' lang='lat' dir='ltr'><strong>et</strong></span> <span class='ocrx_word' id='word_1_79' title='bbox 1459 862 1727 918; x_wconf 85' lang='lat' dir='ltr'><strong>homines</strong></span> <span class='ocrx_word' id='word_1_80' title='bbox 1778 861 1849 916; x_wconf 92' lang='lat' dir='ltr'><strong>ad</strong></span> <span class='ocrx_word' id='word_1_81' title='bbox 1901 859 2033 915; x_wconf 14' lang='lat' dir='ltr'><strong>defer</strong></span> 
     </span>
    </p>
   </div>
   <div class='ocr_carea' id='block_1_13' title="bbox 2195 848 3819 933">
    <p class='ocr_par' dir='ltr' id='par_1_13' title="bbox 2195 848 3819 928">
     <span class='ocr_line' id='line_1_13' title="bbox 2195 848 3819 928; baseline 0.002 -24"><span class='ocrx_word' id='word_1_82' title='bbox 2195 852 2326 908; x_wconf 57' lang='lat' dir='ltr'><strong>616w</strong></span> <span class='ocrx_word' id='word_1_83' title='bbox 2362 854 2508 926; x_wconf 71' lang='grc' dir='ltr'>μήτε</span> <span class='ocrx_word' id='word_1_84' title='bbox 2537 851 2645 924; x_wconf 69' lang='grc' dir='ltr'>μὴν</span> <span class='ocrx_word' id='word_1_85' title='bbox 2678 848 3120 928; x_wconf 73' lang='grc' dir='ltr'>παραδεξαμένην</span> <span class='ocrx_word' id='word_1_86' title='bbox 3175 852 3275 920; x_wconf 82' lang='grc' dir='ltr'><strong>τήν</strong></span> <span class='ocrx_word' id='word_1_87' title='bbox 3305 854 3421 908; x_wconf 88' lang='grc' dir='ltr'>κατ’</span> <span class='ocrx_word' id='word_1_88' title='bbox 3462 850 3819 927; x_wconf 65' lang='grc' dir='ltr'>Ἀνδρονίκου</span> 
     </span>
    </p>
   </div>
   <div class='ocr_carea' id='block_1_14' title="bbox 402 938 2026 1022">
    <p class='ocr_par' dir='ltr' id='par_1_14' title="bbox 402 946 2026 1022">
     <span class='ocr_line' id='line_1_14' title="bbox 402 946 2026 1022; baseline 0 -20"><span class='ocrx_word' id='word_1_89' title='bbox 402 946 659 1003; x_wconf 89' lang='lat' dir='ltr'><strong>ctionem</strong></span> <span class='ocrx_word' id='word_1_90' title='bbox 692 965 856 1020; x_wconf 66' lang='lat' dir='ltr'><strong>asque</strong></span> <span class='ocrx_word' id='word_1_91' title='bbox 887 967 1210 1022; x_wconf 86' lang='lat' dir='ltr'><strong>propensos</strong></span> <span class='ocrx_word' id='word_1_92' title='bbox 1241 967 1369 1007; x_wconf 87' lang='lat' dir='ltr'><strong>esse</strong></span> <span class='ocrx_word' id='word_1_93' title='bbox 1398 950 1599 1008; x_wconf 88' lang='lat' dir='ltr'><strong>sciret.</strong></span> <span class='ocrx_word' id='word_1_94' title='bbox 1632 954 1836 1021; x_wconf 80' lang='lat' dir='ltr'><strong>Itaque</strong></span> <span class='ocrx_word' id='word_1_95' title='bbox 1861 949 2026 1004; x_wconf 69' lang='lat' dir='ltr'><strong>Brant</strong></span> 
     </span>
    </p>
   </div>
   <div class='ocr_carea' id='block_1_15' title="bbox 2196 938 3820 1022">
    <p class='ocr_par' dir='ltr' id='par_1_15' title="bbox 2200 938 3820 1017">
     <span class='ocr_line' id='line_1_15' title="bbox 2200 938 3820 1017; baseline 0 -22"><span class='ocrx_word' id='word_1_96' title='bbox 2200 944 2344 1017; x_wconf 81' lang='grc' dir='ltr'><strong>ρμήν</strong></span> <span class='ocrx_word' id='word_1_97' title='bbox 2379 938 2469 996; x_wconf 77' lang='grc' dir='ltr'><strong>διὰ</strong></span> <span class='ocrx_word' id='word_1_98' title='bbox 2494 941 2585 995; x_wconf 78' lang='grc' dir='ltr'><strong>τὸν</strong></span> <span class='ocrx_word' id='word_1_99' title='bbox 2617 940 2862 1014; x_wconf 87' lang='grc' dir='ltr'>παρόντα</span> <span class='ocrx_word' id='word_1_100' title='bbox 2905 941 3000 996; x_wconf 78' lang='grc' dir='ltr'><strong>καὶ</strong></span> <span class='ocrx_word' id='word_1_101' title='bbox 3051 945 3529 1016; x_wconf 76' lang='grc' dir='ltr'>συπρατηγοῦντα</span> <span class='ocrx_word' id='word_1_102' title='bbox 3580 944 3820 1015; x_wconf 80' lang='grc' dir='ltr'>Βρανᾶν,</span> 
     </span>
    </p>
   </div>
   <div class='ocr_carea' id='block_1_16' title="bbox 411 1027 2035 1112">
    <p class='ocr_par' dir='ltr' id='par_1_16' title="bbox 411 1034 2035 1112">
     <span class='ocr_line' id='line_1_16' title="bbox 411 1034 2035 1112; baseline 0.001 -22"><span class='ocrx_word' id='word_1_103' title='bbox 411 1034 647 1109; x_wconf 63' lang='lat' dir='ltr'><strong>collegae</strong></span> <span class='ocrx_word' id='word_1_104' title='bbox 679 1040 994 1109; x_wconf 83' lang='lat' dir='ltr'><strong>persuadet</strong></span> <span class='ocrx_word' id='word_1_105' title='bbox 1022 1045 1088 1095; x_wconf 90' lang='lat' dir='ltr'><strong>ut</strong></span> <span class='ocrx_word' id='word_1_106' title='bbox 1126 1040 1341 1096; x_wconf 89' lang='lat' dir='ltr'><strong>ibidem</strong></span> <span class='ocrx_word' id='word_1_107' title='bbox 1390 1043 1741 1112; x_wconf 82' lang='lat' dir='ltr'><strong>perseveret,</strong></span> <span class='ocrx_word' id='word_1_108' title='bbox 1790 1040 1933 1094; x_wconf 89' lang='lat' dir='ltr'><strong>dum</strong></span> <span class='ocrx_word' id='word_1_109' title='bbox 1985 1054 2035 1093; x_wconf 69' lang='lat' dir='ltr'><strong>ai</strong></span> 
     </span>
    </p>
   </div>
   <div class='ocr_carea' id='block_1_17' title="bbox 2196 1027 3820 1112">
    <p class='ocr_par' dir='ltr' id='par_1_17' title="bbox 2196 1027 3820 1107">
     <span class='ocr_line' id='line_1_17' title="bbox 2196 1027 3820 1107; baseline 0.001 -22"><span class='ocrx_word' id='word_1_110' title='bbox 2196 1032 2259 1099; x_wconf 81' lang='grc' dir='ltr'><strong>ἠν</strong></span> <span class='ocrx_word' id='word_1_111' title='bbox 2297 1027 2373 1084; x_wconf 75' lang='grc' dir='ltr'>ἕω</span> <span class='ocrx_word' id='word_1_112' title='bbox 2426 1030 2746 1107; x_wconf 74' lang='grc' dir='ltr'>φαντάζεται</span> <span class='ocrx_word' id='word_1_113' title='bbox 2798 1030 2886 1085; x_wconf 82' lang='grc' dir='ltr'><strong>καὶ</strong></span> <span class='ocrx_word' id='word_1_114' title='bbox 2943 1030 3079 1105; x_wconf 84' lang='grc' dir='ltr'>πρὸς</span> <span class='ocrx_word' id='word_1_115' title='bbox 3148 1030 3359 1100; x_wconf 85' lang='grc' dir='ltr'>ἐκείνην</span> <span class='ocrx_word' id='word_1_116' title='bbox 3413 1030 3633 1086; x_wconf 88' lang='grc' dir='ltr'>ἐκτείνει</span> <span class='ocrx_word' id='word_1_117' title='bbox 3687 1032 3820 1095; x_wconf 69' lang='grc' dir='ltr'>τοὺς</span> 
     </span>
    </p>
   </div>
   <div class='ocr_carea' id='block_1_18' title="bbox 410 1118 2034 1201">
    <p class='ocr_par' dir='ltr' id='par_1_18' title="bbox 410 1127 2028 1201">
     <span class='ocr_line' id='line_1_18' title="bbox 410 1127 2028 1201; baseline 0.001 -21"><span class='ocrx_word' id='word_1_118' title='bbox 410 1130 702 1181; x_wconf 85' lang='lat' dir='ltr'><strong>recentem</strong></span> <span class='ocrx_word' id='word_1_119' title='bbox 762 1127 1178 1200; x_wconf 87' lang='lat' dir='ltr'><strong>imperatorem</strong></span> <span class='ocrx_word' id='word_1_120' title='bbox 1239 1129 1686 1201; x_wconf 82' lang='lat' dir='ltr'><strong>proﬁsccretur:</strong></span> <span class='ocrx_word' id='word_1_121' title='bbox 1745 1127 1874 1201; x_wconf 86' lang='lat' dir='ltr'><strong>ipse</strong></span> <span class='ocrx_word' id='word_1_122' title='bbox 1937 1130 2028 1182; x_wconf 90' lang='lat' dir='ltr'><strong>sta</strong></span> 
     </span>
    </p>
   </div>
   <div class='ocr_carea' id='block_1_19' title="bbox 2196 1118 3820 1201">
    <p class='ocr_par' dir='ltr' id='par_1_19' title="bbox 2197 1118 3820 1199">
     <span class='ocr_line' id='line_1_19' title="bbox 2197 1118 3820 1199; baseline 0.002 -25"><span class='ocrx_word' id='word_1_123' title='bbox 2197 1118 2508 1199; x_wconf 64' lang='grc' dir='ltr'>φθλλμοὺς,</span> <span class='ocrx_word' id='word_1_124' title='bbox 2540 1121 2629 1175; x_wconf 80' lang='grc' dir='ltr'><strong>καὶ</strong></span> <span class='ocrx_word' id='word_1_125' title='bbox 2664 1120 2738 1182; x_wconf 86' lang='grc' dir='ltr'>ὡς</span> <span class='ocrx_word' id='word_1_126' title='bbox 2788 1119 3181 1195; x_wconf 75' lang='grc' dir='ltr'>συνηθεστέραν</span> <span class='ocrx_word' id='word_1_127' title='bbox 3241 1123 3335 1194; x_wconf 75' lang='grc' dir='ltr'>μὶν</span> <span class='ocrx_word' id='word_1_128' title='bbox 3394 1121 3567 1194; x_wconf 77' lang='grc' dir='ltr'>ἐαυτῷ</span> <span class='ocrx_word' id='word_1_129' title='bbox 3597 1120 3820 1196; x_wconf 75' lang='grc' dir='ltr'>ἄρξαντι</span> 
     </span>
    </p>
   </div>
   <div class='ocr_carea' id='block_1_20' title="bbox 412 1206 2036 1291">
    <p class='ocr_par' dir='ltr' id='par_1_20' title="bbox 412 1213 2036 1291">
     <span class='ocr_line' id='line_1_20' title="bbox 412 1213 2036 1291; baseline 0.001 -23"><span class='ocrx_word' id='word_1_130' title='bbox 412 1213 521 1269; x_wconf 90' lang='lat' dir='ltr'><strong>tim</strong></span> <span class='ocrx_word' id='word_1_131' title='bbox 552 1214 663 1270; x_wconf 86' lang='lat' dir='ltr'><strong>iter</strong></span> <span class='ocrx_word' id='word_1_132' title='bbox 691 1216 1018 1289; x_wconf 88' lang='lat' dir='ltr'><strong>ingressus,</strong></span> <span class='ocrx_word' id='word_1_133' title='bbox 1078 1220 1296 1275; x_wconf 82' lang='lat' dir='ltr'><strong>famam</strong></span> <span class='ocrx_word' id='word_1_134' title='bbox 1355 1235 1422 1274; x_wconf 87' lang='lat' dir='ltr'><strong>ea</strong></span> <span class='ocrx_word' id='word_1_135' title='bbox 1478 1234 1711 1291; x_wconf 90' lang='lat' dir='ltr'><strong>quoque</strong></span> <span class='ocrx_word' id='word_1_136' title='bbox 1762 1234 1890 1289; x_wconf 65' lang='lat' dir='ltr'><strong>qua</strong></span> <span class='ocrx_word' id='word_1_137' title='bbox 1947 1215 2036 1272; x_wconf 90' lang='lat' dir='ltr'><strong>sul</strong></span> 
     </span>
    </p>
   </div>
   <div class='ocr_carea' id='block_1_21' title="bbox 2194 1206 3818 1291">
    <p class='ocr_par' dir='ltr' id='par_1_21' title="bbox 2194 1206 3818 1286">
     <span class='ocr_line' id='line_1_21' title="bbox 2194 1206 3818 1286; baseline 0.002 -24"><span class='ocrx_word' id='word_1_138' title='bbox 2194 1210 2479 1278; x_wconf 77' lang='grc' dir='ltr'>,ατάὐτήν</span> <span class='ocrx_word' id='word_1_139' title='bbox 2519 1206 2792 1271; x_wconf 76' lang='grc' dir='ltr'><strong>πολλάκις</strong></span> <span class='ocrx_word' id='word_1_140' title='bbox 2848 1211 2945 1272; x_wconf 76' lang='grc' dir='ltr'><strong>τὰς</strong></span> <span class='ocrx_word' id='word_1_141' title='bbox 3014 1210 3270 1286; x_wconf 75' lang='grc' dir='ltr'>μεγίστας</span> <span class='ocrx_word' id='word_1_142' title='bbox 3328 1209 3527 1286; x_wconf 72' lang='grc' dir='ltr'>ἀρχάς,</span> <span class='ocrx_word' id='word_1_143' title='bbox 3584 1210 3677 1266; x_wconf 84' lang='grc' dir='ltr'><strong>καὶ</strong></span> <span class='ocrx_word' id='word_1_144' title='bbox 3738 1212 3818 1274; x_wconf 80' lang='grc' dir='ltr'><strong>ὡς</strong></span> 
     </span>
    </p>
   </div>
   <div class='ocr_carea' id='block_1_22' title="bbox 411 1295 2035 1380">
    <p class='ocr_par' dir='ltr' id='par_1_22' title="bbox 411 1305 2035 1380">
     <span class='ocr_line' id='line_1_22' title="bbox 411 1305 2035 1380; baseline 0 -21"><span class='ocrx_word' id='word_1_145' title='bbox 411 1308 572 1361; x_wconf 88' lang='lat' dir='ltr'><strong>terra</strong></span> <span class='ocrx_word' id='word_1_146' title='bbox 600 1305 783 1363; x_wconf 86' lang='lat' dir='ltr'><strong>latent</strong></span> <span class='ocrx_word' id='word_1_147' title='bbox 824 1307 1173 1379; x_wconf 88' lang='lat' dir='ltr'><strong>perspicere,</strong></span> <span class='ocrx_word' id='word_1_148' title='bbox 1205 1312 1265 1364; x_wconf 90' lang='lat' dir='ltr'><strong>et</strong></span> <span class='ocrx_word' id='word_1_149' title='bbox 1321 1308 1519 1364; x_wconf 88' lang='lat' dir='ltr'><strong>futura</strong></span> <span class='ocrx_word' id='word_1_150' title='bbox 1570 1322 1720 1380; x_wconf 66' lang='lat' dir='ltr'><strong>saepe</strong></span> <span class='ocrx_word' id='word_1_151' title='bbox 1776 1311 2035 1376; x_wconf 88' lang='lat' dir='ltr'><strong>tanquau</strong></span> 
     </span>
    </p>
   </div>
   <div class='ocr_carea' id='block_1_23' title="bbox 2196 1295 3820 1380">
    <p class='ocr_par' dir='ltr' id='par_1_23' title="bbox 2200 1295 3820 1379">
     <span class='ocr_line' id='line_1_23' title="bbox 2200 1295 3820 1379; baseline 0.002 -26"><span class='ocrx_word' id='word_1_152' title='bbox 2200 1298 2342 1374; x_wconf 79' lang='grc' dir='ltr'>ερμᾶ</span> <span class='ocrx_word' id='word_1_153' title='bbox 2407 1295 2467 1354; x_wconf 64' lang='grc' dir='ltr'>δε</span> <span class='ocrx_word' id='word_1_154' title='bbox 2515 1298 2649 1373; x_wconf 86' lang='grc' dir='ltr'>πρὸς</span> <span class='ocrx_word' id='word_1_155' title='bbox 2704 1298 3046 1354; x_wconf 84' lang='grc' dir='ltr'>ἀντιστασίαν</span> <span class='ocrx_word' id='word_1_156' title='bbox 3102 1299 3210 1378; x_wconf 77' lang='grc' dir='ltr'><strong>οὐχ</strong></span> <span class='ocrx_word' id='word_1_157' title='bbox 3264 1301 3429 1369; x_wconf 75' lang='grc' dir='ltr'>ἦττον</span> <span class='ocrx_word' id='word_1_158' title='bbox 3515 1300 3820 1379; x_wconf 69' lang='grc' dir='ltr'>τρέφουσαν</span> 
     </span>
    </p>
   </div>
   <div class='ocr_carea' id='block_1_24' title="bbox 411 1386 2035 1471">
    <p class='ocr_par' dir='ltr' id='par_1_24' title="bbox 411 1396 2035 1471">
     <span class='ocr_line' id='line_1_24' title="bbox 411 1396 2035 1471; baseline -0.003 -15"><span class='ocrx_word' id='word_1_159' title='bbox 411 1401 569 1456; x_wconf 79' lang='lat' dir='ltr'><strong>facta</strong></span> <span class='ocrx_word' id='word_1_160' title='bbox 594 1398 968 1471; x_wconf 80' lang='lat' dir='ltr'><strong>promulgare</strong></span> <span class='ocrx_word' id='word_1_161' title='bbox 1006 1399 1256 1468; x_wconf 84' lang='lat' dir='ltr'><strong>solitam,</strong></span> <span class='ocrx_word' id='word_1_162' title='bbox 1289 1399 1615 1455; x_wconf 88' lang='lat' dir='ltr'><strong>antevertit.</strong></span> <span class='ocrx_word' id='word_1_163' title='bbox 1651 1397 1759 1454; x_wconf 86' lang='lat' dir='ltr'><strong>Ubi</strong></span> <span class='ocrx_word' id='word_1_164' title='bbox 1806 1396 2035 1453; x_wconf 24' lang='lat' dir='ltr'><strong>Orestia‘</strong></span> 
     </span>
    </p>
   </div>
   <div class='ocr_carea' id='block_1_25' title="bbox 2198 1386 3822 1471">
    <p class='ocr_par' dir='ltr' id='par_1_25' title="bbox 2198 1386 3822 1463">
     <span class='ocr_line' id='line_1_25' title="bbox 2198 1386 3822 1463; baseline 0.001 -20"><span class='ocrx_word' id='word_1_165' title='bbox 2198 1388 2408 1461; x_wconf 80' lang='grc' dir='ltr'>ώματα.</span> <span class='ocrx_word' id='word_1_166' title='bbox 2439 1386 2664 1461; x_wconf 81' lang='grc' dir='ltr'>Ἀμέλει</span> <span class='ocrx_word' id='word_1_167' title='bbox 2718 1388 2808 1443; x_wconf 86' lang='grc' dir='ltr'><strong>καὶ</strong></span> <span class='ocrx_word' id='word_1_168' title='bbox 2863 1392 2944 1457; x_wconf 84' lang='grc' dir='ltr'>τῷ</span> <span class='ocrx_word' id='word_1_169' title='bbox 2983 1390 3304 1463; x_wconf 83' lang='grc' dir='ltr'>συνηγεμόνι</span> <span class='ocrx_word' id='word_1_170' title='bbox 3338 1392 3518 1462; x_wconf 85' lang='grc' dir='ltr'>Βρανᾷ</span> <span class='ocrx_word' id='word_1_171' title='bbox 3562 1388 3822 1446; x_wconf 84' lang='grc' dir='ltr'>κοινολο-</span> 
     </span>
    </p>
   </div>
   <div class='ocr_carea' id='block_1_26' title="bbox 415 1477 2039 1560">
    <p class='ocr_par' dir='ltr' id='par_1_26' title="bbox 415 1486 2039 1560">
     <span class='ocr_line' id='line_1_26' title="bbox 415 1486 2039 1560; baseline -0.003 -14"><span class='ocrx_word' id='word_1_172' title='bbox 415 1490 573 1559; x_wconf 89' lang='lat' dir='ltr'><strong>dem,</strong></span> <span class='ocrx_word' id='word_1_173' title='bbox 604 1504 732 1559; x_wconf 72' lang='lat' dir='ltr'><strong>quas</strong></span> <span class='ocrx_word' id='word_1_174' title='bbox 775 1503 933 1543; x_wconf 90' lang='lat' dir='ltr'><strong>nunc</strong></span> <span class='ocrx_word' id='word_1_175' title='bbox 980 1486 1394 1560; x_wconf 76' lang='lat' dir='ltr'><strong>Adrianopolis</strong></span> <span class='ocrx_word' id='word_1_176' title='bbox 1442 1486 1785 1560; x_wconf 86' lang='lat' dir='ltr'><strong>appellatur,</strong></span> <span class='ocrx_word' id='word_1_177' title='bbox 1842 1486 1903 1541; x_wconf 91' lang='lat' dir='ltr'><strong>in</strong></span> <span class='ocrx_word' id='word_1_178' title='bbox 1954 1502 2039 1556; x_wconf 37' lang='lat' dir='ltr'><strong>pa‘</strong></span> 
     </span>
    </p>
   </div>
   <div class='ocr_carea' id='block_1_27' title="bbox 2199 1477 3823 1560">
    <p class='ocr_par' dir='ltr' id='par_1_27' title="bbox 2205 1477 3823 1555">
     <span class='ocr_line' id='line_1_27' title="bbox 2205 1477 3823 1555; baseline 0.002 -22"><span class='ocrx_word' id='word_1_179' title='bbox 2205 1480 2496 1553; x_wconf 58' lang='grc' dir='ltr'>τισάμενος,</span> <span class='ocrx_word' id='word_1_180' title='bbox 2536 1479 2624 1534; x_wconf 82' lang='grc' dir='ltr'>καὶ</span> <span class='ocrx_word' id='word_1_181' title='bbox 2659 1477 2844 1541; x_wconf 87' lang='grc' dir='ltr'>πείσας</span> <span class='ocrx_word' id='word_1_182' title='bbox 2877 1480 3015 1534; x_wconf 81' lang='grc' dir='ltr'>κατὰ</span> <span class='ocrx_word' id='word_1_183' title='bbox 3043 1480 3234 1555; x_wconf 85' lang='grc' dir='ltr'>χώραν</span> <span class='ocrx_word' id='word_1_184' title='bbox 3290 1478 3466 1552; x_wconf 89' lang='grc' dir='ltr'>μένειν</span> <span class='ocrx_word' id='word_1_185' title='bbox 3510 1477 3615 1542; x_wconf 70' lang='grc' dir='ltr'>ἕως</span> <span class='ocrx_word' id='word_1_186' title='bbox 3645 1480 3823 1544; x_wconf 73' lang='grc' dir='ltr'>αὐτὸς</span> 
     </span>
    </p>
   </div>
   <div class='ocr_carea' id='block_1_28' title="bbox 414 1561 2038 1648">
    <p class='ocr_par' dir='ltr' id='par_1_28' title="bbox 414 1575 2038 1648">
     <span class='ocr_line' id='line_1_28' title="bbox 414 1575 2038 1648; baseline -0.002 -16"><span class='ocrx_word' id='word_1_187' title='bbox 414 1578 583 1633; x_wconf 85' lang='lat' dir='ltr'><strong>triam</strong></span> <span class='ocrx_word' id='word_1_188' title='bbox 616 1592 785 1632; x_wconf 88' lang='lat' dir='ltr'><strong>suam</strong></span> <span class='ocrx_word' id='word_1_189' title='bbox 838 1576 1121 1648; x_wconf 89' lang='lat' dir='ltr'><strong>pervenit,</strong></span> <span class='ocrx_word' id='word_1_190' title='bbox 1182 1577 1477 1648; x_wconf 81' lang='lat' dir='ltr'><strong>paulisper</strong></span> <span class='ocrx_word' id='word_1_191' title='bbox 1533 1575 1614 1632; x_wconf 88' lang='lat' dir='ltr'><strong>ibi</strong></span> <span class='ocrx_word' id='word_1_192' title='bbox 1669 1581 2038 1632; x_wconf 68' lang='lat' dir='ltr'><strong>commorata:</strong></span> 
     </span>
    </p>
   </div>
   <div class='ocr_carea' id='block_1_29' title="bbox 2197 1561 3821 1648">
    <p class='ocr_par' dir='ltr' id='par_1_29' title="bbox 2197 1561 3821 1645">
     <span class='ocr_line' id='line_1_29' title="bbox 2197 1561 3821 1645; baseline 0.001 -21"><span class='ocrx_word' id='word_1_193' title='bbox 2197 1569 2299 1644; x_wconf 77' lang='grc' dir='ltr'>ερὸς</span> <span class='ocrx_word' id='word_1_194' title='bbox 2340 1569 2432 1624; x_wconf 73' lang='grc' dir='ltr'><strong>τὸν</strong></span> <span class='ocrx_word' id='word_1_195' title='bbox 2486 1561 2797 1644; x_wconf 75' lang='grc' dir='ltr'>πρεσϐύτην</span> <span class='ocrx_word' id='word_1_196' title='bbox 2860 1568 2974 1640; x_wconf 76' lang='grc' dir='ltr'>ἅμα</span> <span class='ocrx_word' id='word_1_197' title='bbox 3026 1569 3117 1624; x_wconf 81' lang='grc' dir='ltr'><strong>καὶ</strong></span> <span class='ocrx_word' id='word_1_198' title='bbox 3172 1569 3483 1645; x_wconf 77' lang='grc' dir='ltr'>πρόσφατον</span> <span class='ocrx_word' id='word_1_199' title='bbox 3541 1569 3821 1645; x_wconf 76' lang='grc' dir='ltr'>αὐτοκρά-</span> 
     </span>
    </p>
   </div>
   <div class='ocr_carea' id='block_1_30' title="bbox 416 1657 2040 1739">
    <p class='ocr_par' dir='ltr' id='par_1_30' title="bbox 416 1667 2034 1739">
     <span class='ocr_line' id='line_1_30' title="bbox 416 1667 2034 1739; baseline 0 -16"><span class='ocrx_word' id='word_1_200' title='bbox 416 1669 558 1724; x_wconf 91' lang='lat' dir='ltr'><strong>dum</strong></span> <span class='ocrx_word' id='word_1_201' title='bbox 590 1684 820 1724; x_wconf 90' lang='lat' dir='ltr'><strong>sorores</strong></span> <span class='ocrx_word' id='word_1_202' title='bbox 848 1669 1149 1739; x_wconf 85' lang='lat' dir='ltr'><strong>salutaret,</strong></span> <span class='ocrx_word' id='word_1_203' title='bbox 1181 1685 1297 1725; x_wconf 91' lang='lat' dir='ltr'><strong>non</strong></span> <span class='ocrx_word' id='word_1_204' title='bbox 1341 1667 1587 1724; x_wconf 87' lang='lat' dir='ltr'><strong>ulterius</strong></span> <span class='ocrx_word' id='word_1_205' title='bbox 1636 1669 2034 1725; x_wconf 89' lang='lat' dir='ltr'><strong>cunctandum</strong></span> 
     </span>
    </p>
   </div>
   <div class='ocr_carea' id='block_1_31' title="bbox 2198 1657 3822 1739">
    <p class='ocr_par' dir='ltr' id='par_1_31' title="bbox 2198 1657 3822 1735">
     <span class='ocr_line' id='line_1_31' title="bbox 2198 1657 3822 1735; baseline 0 -21"><span class='ocrx_word' id='word_1_206' title='bbox 2198 1680 2297 1735; x_wconf 88' lang='grc' dir='ltr'><strong>ορα</strong></span> <span class='ocrx_word' id='word_1_207' title='bbox 2353 1658 2731 1734; x_wconf 72' lang='grc' dir='ltr'>παραγένοιτο,</span> <span class='ocrx_word' id='word_1_208' title='bbox 2789 1658 2864 1721; x_wconf 80' lang='grc' dir='ltr'>ὡς</span> <span class='ocrx_word' id='word_1_209' title='bbox 2923 1658 3072 1733; x_wconf 86' lang='grc' dir='ltr'>εἶχεν</span> <span class='ocrx_word' id='word_1_210' title='bbox 3127 1657 3283 1720; x_wconf 75' lang='grc' dir='ltr'>εὐθὺς</span> <span class='ocrx_word' id='word_1_211' title='bbox 3348 1657 3653 1734; x_wconf 78' lang='grc' dir='ltr'>ἐξώρμησε,</span> <span class='ocrx_word' id='word_1_212' title='bbox 3710 1663 3822 1731; x_wconf 70' lang='grc' dir='ltr'>τήν</span> 
     </span>
    </p>
   </div>
   <div class='ocr_carea' id='block_1_32' title="bbox 415 1747 2039 1831">
    <p class='ocr_par' dir='ltr' id='par_1_32' title="bbox 415 1756 2039 1829">
     <span class='ocr_line' id='line_1_32' title="bbox 415 1756 2039 1829; baseline 0 -16"><span class='ocrx_word' id='word_1_213' title='bbox 415 1758 522 1813; x_wconf 86' lang='lat' dir='ltr'><strong>sed</strong></span> <span class='ocrx_word' id='word_1_214' title='bbox 554 1761 766 1826; x_wconf 87' lang='lat' dir='ltr'><strong>quanta</strong></span> <span class='ocrx_word' id='word_1_215' title='bbox 802 1756 1171 1814; x_wconf 82' lang='lat' dir='ltr'><strong>festinatione</strong></span> <span class='ocrx_word' id='word_1_216' title='bbox 1210 1762 1428 1829; x_wconf 82' lang='lat' dir='ltr'><strong>posset,</strong></span> <span class='ocrx_word' id='word_1_217' title='bbox 1475 1757 1537 1813; x_wconf 89' lang='lat' dir='ltr'><strong>in</strong></span> <span class='ocrx_word' id='word_1_218' title='bbox 1588 1757 1881 1815; x_wconf 87' lang='lat' dir='ltr'><strong>Orientem</strong></span> <span class='ocrx_word' id='word_1_219' title='bbox 1920 1774 2039 1813; x_wconf 80' lang='lat' dir='ltr'><strong>con</strong></span> 
     </span>
    </p>
   </div>
   <div class='ocr_carea' id='block_1_33' title="bbox 2197 1747 3821 1831">
    <p class='ocr_par' dir='ltr' id='par_1_33' title="bbox 2197 1747 3821 1827">
     <span class='ocr_line' id='line_1_33' title="bbox 2197 1747 3821 1827; baseline 0.004 -28"><span class='ocrx_word' id='word_1_220' title='bbox 2197 1750 2357 1822; x_wconf 62' lang='grc' dir='ltr'>,ήμην</span> <span class='ocrx_word' id='word_1_221' title='bbox 2408 1747 2755 1827; x_wconf 64' lang='grc' dir='ltr'>προφθάνων,</span> <span class='ocrx_word' id='word_1_222' title='bbox 2796 1748 2831 1817; x_wconf 76' lang='grc' dir='ltr'>ἢ</span> <span class='ocrx_word' id='word_1_223' title='bbox 2889 1749 2980 1803; x_wconf 80' lang='grc' dir='ltr'><strong>καὶ</strong></span> <span class='ocrx_word' id='word_1_224' title='bbox 3029 1748 3096 1803; x_wconf 78' lang='grc' dir='ltr'><strong>τὰ</strong></span> <span class='ocrx_word' id='word_1_225' title='bbox 3144 1749 3250 1804; x_wconf 80' lang='grc' dir='ltr'>ὑπὸ</span> <span class='ocrx_word' id='word_1_226' title='bbox 3304 1755 3407 1824; x_wconf 77' lang='grc' dir='ltr'>γῆν</span> <span class='ocrx_word' id='word_1_227' title='bbox 3461 1751 3821 1825; x_wconf 82' lang='grc' dir='ltr'>κρυπτόμενα</span> 
     </span>
    </p>
   </div>
   <div class='ocr_carea' id='block_1_34' title="bbox 417 1835 2041 1918">
    <p class='ocr_par' dir='ltr' id='par_1_34' title="bbox 417 1845 2035 1918">
     <span class='ocr_line' id='line_1_34' title="bbox 417 1845 2035 1918; baseline 0 -17"><span class='ocrx_word' id='word_1_228' title='bbox 417 1845 773 1902; x_wconf 67' lang='lat' dir='ltr'><strong>tzndendum</strong></span> <span class='ocrx_word' id='word_1_229' title='bbox 804 1849 1048 1902; x_wconf 87' lang='lat' dir='ltr'><strong>censuit.</strong></span> <span class='ocrx_word' id='word_1_230' title='bbox 1078 1846 1211 1903; x_wconf 86' lang='lat' dir='ltr'><strong>Jam</strong></span> <span class='ocrx_word' id='word_1_231' title='bbox 1242 1847 1398 1903; x_wconf 89' lang='lat' dir='ltr'><strong>enim</strong></span> <span class='ocrx_word' id='word_1_232' title='bbox 1433 1847 1611 1913; x_wconf 83' lang='lat' dir='ltr'><strong>fama,</strong></span> <span class='ocrx_word' id='word_1_233' title='bbox 1636 1854 1701 1903; x_wconf 78' lang='lat' dir='ltr'><strong>ut</strong></span> <span class='ocrx_word' id='word_1_234' title='bbox 1720 1846 1930 1918; x_wconf 82' lang='lat' dir='ltr'><strong>loquax</strong></span> <span class='ocrx_word' id='word_1_235' title='bbox 1948 1852 2035 1903; x_wconf 91' lang='lat' dir='ltr'><strong>est</strong></span> 
     </span>
    </p>
   </div>
   <div class='ocr_carea' id='block_1_35' title="bbox 2200 1835 3824 1918">
    <p class='ocr_par' dir='ltr' id='par_1_35' title="bbox 2204 1836 3824 1917">
     <span class='ocr_line' id='line_1_35' title="bbox 2204 1836 3824 1917; baseline -0.001 -24"><span class='ocrx_word' id='word_1_236' title='bbox 2204 1843 2325 1915; x_wconf 81' lang='grc' dir='ltr'>ιορᾷ</span> <span class='ocrx_word' id='word_1_237' title='bbox 2362 1838 2452 1894; x_wconf 88' lang='grc' dir='ltr'><strong>καὶ</strong></span> <span class='ocrx_word' id='word_1_238' title='bbox 2508 1838 2575 1895; x_wconf 63' lang='grc' dir='ltr'>τὰ</span> <span class='ocrx_word' id='word_1_239' title='bbox 2629 1838 2963 1915; x_wconf 81' lang='grc' dir='ltr'>γενησόμενα</span> <span class='ocrx_word' id='word_1_240' title='bbox 3016 1837 3289 1901; x_wconf 73' lang='grc' dir='ltr'>πολλάκις</span> <span class='ocrx_word' id='word_1_241' title='bbox 3345 1838 3419 1901; x_wconf 85' lang='grc' dir='ltr'>ὡς</span> <span class='ocrx_word' id='word_1_242' title='bbox 3474 1836 3586 1909; x_wconf 74' lang='grc' dir='ltr'>ἤδη</span> <span class='ocrx_word' id='word_1_243' title='bbox 3644 1861 3824 1917; x_wconf 75' lang='grc' dir='ltr'>γεγε.</span> 
     </span>
    </p>
   </div>
   <div class='ocr_carea' id='block_1_36' title="bbox 418 1924 2042 2007">
    <p class='ocr_par' dir='ltr' id='par_1_36' title="bbox 418 1934 2042 2007">
     <span class='ocr_line' id='line_1_36' title="bbox 418 1934 2042 2007; baseline -0.001 -14"><span class='ocrx_word' id='word_1_244' title='bbox 418 1938 478 1993; x_wconf 79' lang='lat' dir='ltr'><strong>in</strong></span> <span class='ocrx_word' id='word_1_245' title='bbox 512 1935 700 1992; x_wconf 85' lang='lat' dir='ltr'><strong>triviis</strong></span> <span class='ocrx_word' id='word_1_246' title='bbox 731 1939 789 1991; x_wconf 88' lang='lat' dir='ltr'><strong>et</strong></span> <span class='ocrx_word' id='word_1_247' title='bbox 819 1934 1055 2007; x_wconf 86' lang='lat' dir='ltr'><strong>plateis,</strong></span> <span class='ocrx_word' id='word_1_248' title='bbox 1084 1935 1143 1990; x_wconf 93' lang='lat' dir='ltr'><strong>in</strong></span> <span class='ocrx_word' id='word_1_249' title='bbox 1176 1935 1429 1993; x_wconf 87' lang='lat' dir='ltr'><strong>summis</strong></span> <span class='ocrx_word' id='word_1_250' title='bbox 1456 1937 1747 1993; x_wconf 65' lang='lat' dir='ltr'><strong>manibus</strong></span> <span class='ocrx_word' id='word_1_251' title='bbox 1794 1941 1853 1993; x_wconf 88' lang='lat' dir='ltr'><strong>et</strong></span> <span class='ocrx_word' id='word_1_252' title='bbox 1902 1953 2042 1992; x_wconf 85' lang='lat' dir='ltr'><strong>cam-</strong></span> 
     </span>
    </p>
   </div>
   <div class='ocr_carea' id='block_1_37' title="bbox 2199 1924 3823 2007">
    <p class='ocr_par' dir='ltr' id='par_1_37' title="bbox 2199 1924 3823 2004">
     <span class='ocr_line' id='line_1_37' title="bbox 2199 1924 3823 2004; baseline 0.001 -21"><span class='ocrx_word' id='word_1_253' title='bbox 2199 1927 2370 2001; x_wconf 82' lang='grc' dir='ltr'>ημένα</span> <span class='ocrx_word' id='word_1_254' title='bbox 2394 1924 2689 2001; x_wconf 86' lang='grc' dir='ltr'>διατρανοῖ.</span> <span class='ocrx_word' id='word_1_255' title='bbox 2726 1928 2829 1986; x_wconf 83' lang='grc' dir='ltr'>Καὶ</span> <span class='ocrx_word' id='word_1_256' title='bbox 2860 1926 3095 2004; x_wconf 89' lang='grc' dir='ltr'>γεγονὼς</span> <span class='ocrx_word' id='word_1_257' title='bbox 3132 1928 3267 1982; x_wconf 83' lang='grc' dir='ltr'>κατὰ</span> <span class='ocrx_word' id='word_1_258' title='bbox 3305 1928 3406 1997; x_wconf 82' lang='grc' dir='ltr'>τὴν</span> <span class='ocrx_word' id='word_1_259' title='bbox 3467 1928 3823 2004; x_wconf 81' lang='grc' dir='ltr'>Ὀρεστιάδα,</span> 
     </span>
    </p>
   </div>
   <div class='ocr_carea' id='block_1_38' title="bbox 417 2012 2041 2097">
    <p class='ocr_par' dir='ltr' id='par_1_38' title="bbox 417 2024 2041 2097">
     <span class='ocr_line' id='line_1_38' title="bbox 417 2024 2041 2097; baseline 0.001 -17"><span class='ocrx_word' id='word_1_260' title='bbox 417 2026 531 2097; x_wconf 86' lang='lat' dir='ltr'><strong>pis,</strong></span> <span class='ocrx_word' id='word_1_261' title='bbox 574 2024 681 2081; x_wconf 88' lang='lat' dir='ltr'><strong>viri</strong></span> <span class='ocrx_word' id='word_1_262' title='bbox 728 2024 925 2097; x_wconf 81' lang='lat' dir='ltr'><strong>fugam</strong></span> <span class='ocrx_word' id='word_1_263' title='bbox 984 2024 1310 2082; x_wconf 85' lang='lat' dir='ltr'><strong>celebrabat</strong></span> <span class='ocrx_word' id='word_1_264' title='bbox 1366 2032 1422 2082; x_wconf 89' lang='lat' dir='ltr'><strong>et</strong></span> <span class='ocrx_word' id='word_1_265' title='bbox 1474 2042 1707 2083; x_wconf 85' lang='lat' dir='ltr'><strong>summa</strong></span> <span class='ocrx_word' id='word_1_266' title='bbox 1761 2025 2041 2085; x_wconf 67' lang='lat' dir='ltr'><strong>velocitati</strong></span> 
     </span>
    </p>
   </div>
   <div class='ocr_carea' id='block_1_39' title="bbox 2202 2012 3826 2097">
    <p class='ocr_par' dir='ltr' id='par_1_39' title="bbox 2202 2012 3826 2095">
     <span class='ocr_line' id='line_1_39' title="bbox 2202 2012 3826 2095; baseline 0 -23"><span class='ocrx_word' id='word_1_267' title='bbox 2202 2015 2314 2072; x_wconf 72' lang='grc' dir='ltr'>ίποι</span> <span class='ocrx_word' id='word_1_268' title='bbox 2339 2013 2386 2071; x_wconf 88' lang='grc' dir='ltr'>δ’</span> <span class='ocrx_word' id='word_1_269' title='bbox 2414 2015 2477 2072; x_wconf 79' lang='grc' dir='ltr'><strong>ἄν</strong></span> <span class='ocrx_word' id='word_1_270' title='bbox 2506 2036 2588 2078; x_wconf 90' lang='grc' dir='ltr'><strong>τις</strong></span> <span class='ocrx_word' id='word_1_271' title='bbox 2619 2013 2791 2077; x_wconf 80' lang='grc' dir='ltr'>ἃλλος</span> <span class='ocrx_word' id='word_1_272' title='bbox 2833 2012 3309 2089; x_wconf 72' lang='grc' dir='ltr'>Ἀδριανούπολιν,</span> <span class='ocrx_word' id='word_1_273' title='bbox 3339 2016 3429 2095; x_wconf 78' lang='grc' dir='ltr'><strong>ἀφ’</strong></span> <span class='ocrx_word' id='word_1_274' title='bbox 3458 2019 3524 2086; x_wconf 75' lang='grc' dir='ltr'><strong>ἧς</strong></span> <span class='ocrx_word' id='word_1_275' title='bbox 3555 2014 3826 2091; x_wconf 84' lang='grc' dir='ltr'>ὥρμητο,</span> 
     </span>
    </p>
   </div>
   <div class='ocr_carea' id='block_1_40' title="bbox 415 2102 2039 2188">
    <p class='ocr_par' dir='ltr' id='par_1_40' title="bbox 415 2113 2039 2188">
     <span class='ocr_line' id='line_1_40' title="bbox 415 2113 2039 2188; baseline 0.002 -19"><span class='ocrx_word' id='word_1_276' title='bbox 415 2113 638 2187; x_wconf 85' lang='lat' dir='ltr'><strong>passim</strong></span> <span class='ocrx_word' id='word_1_277' title='bbox 674 2113 1009 2185; x_wconf 88' lang='lat' dir='ltr'><strong>spargebat.</strong></span> <span class='ocrx_word' id='word_1_278' title='bbox 1042 2117 1248 2188; x_wconf 88' lang='lat' dir='ltr'><strong>Itaque</strong></span> <span class='ocrx_word' id='word_1_279' title='bbox 1278 2118 1446 2171; x_wconf 88' lang='lat' dir='ltr'><strong>nocte</strong></span> <span class='ocrx_word' id='word_1_280' title='bbox 1477 2130 1593 2172; x_wconf 87' lang='lat' dir='ltr'><strong>una</strong></span> <span class='ocrx_word' id='word_1_281' title='bbox 1623 2117 1695 2172; x_wconf 91' lang='lat' dir='ltr'><strong>ad</strong></span> <span class='ocrx_word' id='word_1_282' title='bbox 1751 2132 1911 2173; x_wconf 81' lang='lat' dir='ltr'><strong>mare</strong></span> <span class='ocrx_word' id='word_1_283' title='bbox 1958 2117 2039 2172; x_wconf 78' lang='lat' dir='ltr'><strong>de</strong></span> 
     </span>
    </p>
   </div>
   <div class='ocr_carea' id='block_1_41' title="bbox 2205 2102 3829 2188">
    <p class='ocr_par' dir='ltr' id='par_1_41' title="bbox 2205 2102 3829 2183">
     <span class='ocr_line' id='line_1_41' title="bbox 2205 2102 3829 2183; baseline 0.002 -24"><span class='ocrx_word' id='word_1_284' title='bbox 2205 2105 2255 2159; x_wconf 82' lang='grc' dir='ltr'>αὶ</span> <span class='ocrx_word' id='word_1_285' title='bbox 2289 2103 2469 2183; x_wconf 82' lang='grc' dir='ltr'>βραχύ</span> <span class='ocrx_word' id='word_1_286' title='bbox 2498 2125 2550 2160; x_wconf 89' lang='grc' dir='ltr'><strong>τι</strong></span> <span class='ocrx_word' id='word_1_287' title='bbox 2591 2102 2992 2179; x_wconf 70' lang='grc' dir='ltr'>ἐγκαρτερήσας</span> <span class='ocrx_word' id='word_1_288' title='bbox 3048 2104 3138 2160; x_wconf 83' lang='grc' dir='ltr'><strong>καὶ</strong></span> <span class='ocrx_word' id='word_1_289' title='bbox 3192 2105 3319 2161; x_wconf 81' lang='grc' dir='ltr'>ὅσον</span> <span class='ocrx_word' id='word_1_290' title='bbox 3349 2111 3469 2167; x_wconf 85' lang='grc' dir='ltr'>ταῖς</span> <span class='ocrx_word' id='word_1_291' title='bbox 3517 2105 3628 2162; x_wconf 83' lang='grc' dir='ltr'>ἐκεῖ</span> <span class='ocrx_word' id='word_1_292' title='bbox 3682 2128 3829 2162; x_wconf 82' lang='grc' dir='ltr'>κατ-</span> 
     </span>
    </p>
   </div>
   <div class='ocr_carea' id='block_1_42' title="bbox 410 2190 2034 2279">
    <p class='ocr_par' dir='ltr' id='par_1_42' title="bbox 410 2201 2026 2279">
     <span class='ocr_line' id='line_1_42' title="bbox 410 2201 2026 2279; baseline 0.001 -20"><span class='ocrx_word' id='word_1_293' title='bbox 410 2201 658 2271; x_wconf 85' lang='lat' dir='ltr'><strong>scendit,</strong></span> <span class='ocrx_word' id='word_1_294' title='bbox 718 2204 1174 2276; x_wconf 88' lang='lat' dir='ltr'><strong>consoensisque</strong></span> <span class='ocrx_word' id='word_1_295' title='bbox 1231 2206 1481 2262; x_wconf 85' lang='lat' dir='ltr'><strong>navibus</strong></span> <span class='ocrx_word' id='word_1_296' title='bbox 1535 2206 1607 2261; x_wconf 89' lang='lat' dir='ltr'><strong>ad</strong></span> <span class='ocrx_word' id='word_1_297' title='bbox 1665 2204 2026 2279; x_wconf 82' lang='lat' dir='ltr'><strong>Hyelocastel</strong></span> 
     </span>
    </p>
   </div>
   <div class='ocr_carea' id='block_1_43' title="bbox 2211 2190 3835 2279">
    <p class='ocr_par' dir='ltr' id='par_1_43' title="bbox 2211 2190 3835 2271">
     <span class='ocr_line' id='line_1_43' title="bbox 2211 2190 3835 2271; baseline 0.002 -22"><span class='ocrx_word' id='word_1_298' title='bbox 2211 2193 2440 2256; x_wconf 68' lang='grc' dir='ltr'>ικούσαις</span> <span class='ocrx_word' id='word_1_299' title='bbox 2468 2190 2728 2271; x_wconf 74' lang='grc' dir='ltr'>ἀδελφαῖς</span> <span class='ocrx_word' id='word_1_300' title='bbox 2761 2194 3020 2267; x_wconf 79' lang='grc' dir='ltr'>ὁραθῆναί</span> <span class='ocrx_word' id='word_1_301' title='bbox 3080 2214 3140 2249; x_wconf 87' lang='grc' dir='ltr'><strong>τε</strong></span> <span class='ocrx_word' id='word_1_302' title='bbox 3190 2194 3283 2249; x_wconf 85' lang='grc' dir='ltr'><strong>καὶ</strong></span> <span class='ocrx_word' id='word_1_303' title='bbox 3352 2196 3689 2265; x_wconf 78' lang='grc' dir='ltr'>συντάξασθαι</span> <span class='ocrx_word' id='word_1_304' title='bbox 3747 2198 3835 2252; x_wconf 73' lang='grc' dir='ltr'><strong>τὰ</strong></span> 
     </span>
    </p>
   </div>
   <div class='ocr_carea' id='block_1_44' title="bbox 414 2278 2038 2367">
    <p class='ocr_par' dir='ltr' id='par_1_44' title="bbox 414 2292 2038 2367">
     <span class='ocr_line' id='line_1_44' title="bbox 414 2292 2038 2367; baseline 0.002 -20"><span class='ocrx_word' id='word_1_305' title='bbox 414 2292 561 2348; x_wconf 87' lang='lat' dir='ltr'><strong>lium</strong></span> <span class='ocrx_word' id='word_1_306' title='bbox 593 2309 659 2349; x_wconf 90' lang='lat' dir='ltr'><strong>ea</strong></span> <span class='ocrx_word' id='word_1_307' title='bbox 689 2293 761 2349; x_wconf 93' lang='lat' dir='ltr'><strong>de</strong></span> <span class='ocrx_word' id='word_1_308' title='bbox 789 2310 971 2351; x_wconf 85' lang='lat' dir='ltr'><strong>causa</strong></span> <span class='ocrx_word' id='word_1_309' title='bbox 996 2296 1216 2367; x_wconf 87' lang='lat' dir='ltr'><strong>paratis</strong></span> <span class='ocrx_word' id='word_1_310' title='bbox 1245 2295 1482 2367; x_wconf 86' lang='lat' dir='ltr'><strong>trajicit.</strong></span> <span class='ocrx_word' id='word_1_311' title='bbox 1512 2295 1620 2351; x_wconf 92' lang='lat' dir='ltr'><strong>Ubi</strong></span> <span class='ocrx_word' id='word_1_312' title='bbox 1651 2311 1785 2352; x_wconf 90' lang='lat' dir='ltr'><strong>cum</strong></span> <span class='ocrx_word' id='word_1_313' title='bbox 1819 2293 2038 2367; x_wconf 86' lang='lat' dir='ltr'><strong>paulun</strong></span> 
     </span>
    </p>
   </div>
   <div class='ocr_carea' id='block_1_45' title="bbox 2209 2278 3833 2367">
    <p class='ocr_par' dir='ltr' id='par_1_45' title="bbox 2209 2278 3833 2357">
     <span class='ocr_line' id='line_1_45' title="bbox 2209 2278 3833 2357; baseline 0.002 -21"><span class='ocrx_word' id='word_1_314' title='bbox 2209 2279 2447 2355; x_wconf 81' lang='grc' dir='ltr'>πόδημα,</span> <span class='ocrx_word' id='word_1_315' title='bbox 2480 2278 2623 2357; x_wconf 61' lang='grc' dir='ltr'>ἔγνω</span> <span class='ocrx_word' id='word_1_316' title='bbox 2658 2282 2733 2354; x_wconf 76' lang='grc' dir='ltr'>μὴ</span> <span class='ocrx_word' id='word_1_317' title='bbox 2766 2282 3071 2356; x_wconf 82' lang='grc' dir='ltr'>περαιτέρω</span> <span class='ocrx_word' id='word_1_318' title='bbox 3102 2280 3359 2355; x_wconf 80' lang='grc' dir='ltr'>ἐλινύειν,</span> <span class='ocrx_word' id='word_1_319' title='bbox 3392 2281 3513 2339; x_wconf 76' lang='grc' dir='ltr'>ἀλλ’</span> <span class='ocrx_word' id='word_1_320' title='bbox 3568 2284 3641 2344; x_wconf 81' lang='grc' dir='ltr'>ὡς</span> <span class='ocrx_word' id='word_1_321' title='bbox 3696 2282 3833 2339; x_wconf 81' lang='grc' dir='ltr'>ἐνὸν</span> 
     </span>
    </p>
   </div>
   <div class='ocr_carea' id='block_1_46' title="bbox 414 2367 2038 2455">
    <p class='ocr_par' dir='ltr' id='par_1_46' title="bbox 414 2382 2036 2455">
     <span class='ocr_line' id='line_1_46' title="bbox 414 2382 2036 2455; baseline 0.001 -18"><span class='ocrx_word' id='word_1_322' title='bbox 414 2382 782 2455; x_wconf 85' lang='lat' dir='ltr'><strong>respirasset,</strong></span> <span class='ocrx_word' id='word_1_323' title='bbox 814 2398 877 2439; x_wconf 87' lang='lat' dir='ltr'><strong>se</strong></span> <span class='ocrx_word' id='word_1_324' title='bbox 933 2383 1234 2441; x_wconf 84' lang='lat' dir='ltr'><strong>interitum</strong></span> <span class='ocrx_word' id='word_1_325' title='bbox 1293 2388 1349 2440; x_wconf 89' lang='lat' dir='ltr'><strong>et</strong></span> <span class='ocrx_word' id='word_1_326' title='bbox 1411 2387 1687 2441; x_wconf 89' lang='lat' dir='ltr'><strong>cruentas</strong></span> <span class='ocrx_word' id='word_1_327' title='bbox 1745 2383 2036 2441; x_wconf 77' lang='lat' dir='ltr'><strong>Andronic</strong></span> 
     </span>
    </p>
   </div>
   <div class='ocr_carea' id='block_1_47' title="bbox 2218 2367 3842 2455">
    <p class='ocr_par' dir='ltr' id='par_1_47' title="bbox 2218 2367 3842 2449">
     <span class='ocr_line' id='line_1_47' title="bbox 2218 2367 3842 2449; baseline 0.002 -24"><span class='ocrx_word' id='word_1_328' title='bbox 2218 2370 2515 2449; x_wconf 83' lang='grc' dir='ltr'>ιισπέρχειν</span> <span class='ocrx_word' id='word_1_329' title='bbox 2571 2372 2671 2440; x_wconf 73' lang='grc' dir='ltr'><strong>τήν</strong></span> <span class='ocrx_word' id='word_1_330' title='bbox 2732 2369 2787 2433; x_wconf 84' lang='grc' dir='ltr'><strong>ἐς</strong></span> <span class='ocrx_word' id='word_1_331' title='bbox 2842 2367 2918 2426; x_wconf 75' lang='grc' dir='ltr'>ἓω</span> <span class='ocrx_word' id='word_1_332' title='bbox 2974 2371 3268 2445; x_wconf 84' lang='grc' dir='ltr'>περαίωσιν</span> <span class='ocrx_word' id='word_1_333' title='bbox 3325 2370 3432 2444; x_wconf 71' lang='grc' dir='ltr'>ἤδη</span> <span class='ocrx_word' id='word_1_334' title='bbox 3484 2372 3585 2448; x_wconf 77' lang='grc' dir='ltr'><strong>γὰρ</strong></span> <span class='ocrx_word' id='word_1_335' title='bbox 3626 2373 3842 2448; x_wconf 73' lang='grc' dir='ltr'>ἀθυρό-</span> 
     </span>
    </p>
   </div>
   <div class='ocr_carea' id='block_1_48' title="bbox 421 2457 2045 2545">
    <p class='ocr_par' dir='ltr' id='par_1_48' title="bbox 421 2472 2045 2545">
     <span class='ocr_line' id='line_1_48' title="bbox 421 2472 2045 2545; baseline 0 -18"><span class='ocrx_word' id='word_1_336' title='bbox 421 2472 618 2528; x_wconf 84' lang='lat' dir='ltr'><strong>fauces</strong></span> <span class='ocrx_word' id='word_1_337' title='bbox 649 2473 924 2545; x_wconf 74' lang='lat' dir='ltr'><strong>effugisse</strong></span> <span class='ocrx_word' id='word_1_338' title='bbox 973 2474 1229 2531; x_wconf 87' lang='lat' dir='ltr'><strong>rebatur.</strong></span> <span class='ocrx_word' id='word_1_339' title='bbox 1279 2474 1561 2530; x_wconf 60' lang='lat' dir='ltr'><strong>Craterum</strong></span> <span class='ocrx_word' id='word_1_340' title='bbox 1611 2477 1851 2544; x_wconf 89' lang='lat' dir='ltr'><strong>apparet</strong></span> <span class='ocrx_word' id='word_1_341' title='bbox 1904 2472 2045 2528; x_wconf 87' lang='lat' dir='ltr'><strong>hum</strong></span> 
     </span>
    </p>
   </div>
   <div class='ocr_carea' id='block_1_49' title="bbox 2215 2457 3839 2545">
    <p class='ocr_par' dir='ltr' id='par_1_49' title="bbox 2215 2458 3839 2536">
     <span class='ocr_line' id='line_1_49' title="bbox 2215 2458 3839 2536; baseline 0.003 -22"><span class='ocrx_word' id='word_1_342' title='bbox 2215 2459 2415 2522; x_wconf 74' lang='grc' dir='ltr'>λωττος</span> <span class='ocrx_word' id='word_1_343' title='bbox 2444 2460 2511 2530; x_wconf 81' lang='grc' dir='ltr'>ἦν</span> <span class='ocrx_word' id='word_1_344' title='bbox 2536 2462 2573 2529; x_wconf 75' lang='grc' dir='ltr'>ὴ</span> <span class='ocrx_word' id='word_1_345' title='bbox 2606 2461 2791 2536; x_wconf 78' lang='grc' dir='ltr'>φήμη,</span> <span class='ocrx_word' id='word_1_346' title='bbox 2821 2461 2912 2516; x_wconf 81' lang='grc' dir='ltr'><strong>καὶ</strong></span> <span class='ocrx_word' id='word_1_347' title='bbox 2979 2458 3067 2517; x_wconf 76' lang='grc' dir='ltr'><strong>ἐπὶ</strong></span> <span class='ocrx_word' id='word_1_348' title='bbox 3132 2459 3366 2536; x_wconf 82' lang='grc' dir='ltr'>τριόδων</span> <span class='ocrx_word' id='word_1_349' title='bbox 3396 2461 3486 2518; x_wconf 75' lang='grc' dir='ltr'><strong>καὶ</strong></span> <span class='ocrx_word' id='word_1_350' title='bbox 3541 2467 3839 2519; x_wconf 78' lang='grc' dir='ltr'>πλατειῶν</span> 
     </span>
    </p>
   </div>
   <div class='ocr_carea' id='block_1_50' title="bbox 419 2546 2043 2635">
    <p class='ocr_par' dir='ltr' id='par_1_50' title="bbox 419 2560 2043 2635">
     <span class='ocr_line' id='line_1_50' title="bbox 419 2560 2043 2635; baseline 0.001 -20"><span class='ocrx_word' id='word_1_351' title='bbox 419 2576 652 2633; x_wconf 89' lang='lat' dir='ltr'><strong>quoque</strong></span> <span class='ocrx_word' id='word_1_352' title='bbox 679 2560 947 2619; x_wconf 84' lang='lat' dir='ltr'><strong>lancibus</strong></span> <span class='ocrx_word' id='word_1_353' title='bbox 998 2564 1068 2619; x_wconf 92' lang='lat' dir='ltr'><strong>ad</strong></span> <span class='ocrx_word' id='word_1_354' title='bbox 1123 2561 1336 2618; x_wconf 89' lang='lat' dir='ltr'><strong>Orcum</strong></span> <span class='ocrx_word' id='word_1_355' title='bbox 1385 2562 1732 2635; x_wconf 85' lang='lat' dir='ltr'><strong>urgentibus</strong></span> <span class='ocrx_word' id='word_1_356' title='bbox 1779 2580 1812 2617; x_wconf 89' lang='lat' dir='ltr'><strong>a</strong></span> <span class='ocrx_word' id='word_1_357' title='bbox 1863 2561 2043 2617; x_wconf 86' lang='lat' dir='ltr'><strong>Provi-</strong></span> 
     </span>
    </p>
   </div>
   <div class='ocr_carea' id='block_1_51' title="bbox 2210 2546 3834 2635">
    <p class='ocr_par' dir='ltr' id='par_1_51' title="bbox 2210 2546 3834 2628">
     <span class='ocr_line' id='line_1_51' title="bbox 2210 2546 3834 2628; baseline 0.002 -25"><span class='ocrx_word' id='word_1_358' title='bbox 2210 2569 2355 2625; x_wconf 87' lang='grc' dir='ltr'>κρων</span> <span class='ocrx_word' id='word_1_359' title='bbox 2384 2571 2445 2606; x_wconf 88' lang='grc' dir='ltr'><strong>τε</strong></span> <span class='ocrx_word' id='word_1_360' title='bbox 2470 2547 2699 2627; x_wconf 78' lang='grc' dir='ltr'>τειχέων</span> <span class='ocrx_word' id='word_1_361' title='bbox 2741 2548 2831 2605; x_wconf 81' lang='grc' dir='ltr'><strong>καὶ</strong></span> <span class='ocrx_word' id='word_1_362' title='bbox 2862 2546 3050 2624; x_wconf 80' lang='grc' dir='ltr'>δόμων</span> <span class='ocrx_word' id='word_1_363' title='bbox 3082 2551 3335 2626; x_wconf 82' lang='grc' dir='ltr'>εὐστόμει</span> <span class='ocrx_word' id='word_1_364' title='bbox 3385 2554 3486 2623; x_wconf 79' lang='grc' dir='ltr'>τήν</span> <span class='ocrx_word' id='word_1_365' title='bbox 3519 2550 3834 2628; x_wconf 77' lang='grc' dir='ltr'>ἀπόδρασιν</span> 
     </span>
    </p>
   </div>
   <div class='ocr_carea' id='block_1_52' title="bbox 413 2639 2037 2720">
    <p class='ocr_par' dir='ltr' id='par_1_52' title="bbox 413 2650 2037 2708">
     <span class='ocr_line' id='line_1_52' title="bbox 413 2650 2037 2708; baseline 0.001 -3"><span class='ocrx_word' id='word_1_366' title='bbox 413 2650 614 2707; x_wconf 89' lang='lat' dir='ltr'><strong>dentia</strong></span> <span class='ocrx_word' id='word_1_367' title='bbox 642 2665 711 2706; x_wconf 83' lang='lat' dir='ltr'><strong>ex</strong></span> <span class='ocrx_word' id='word_1_368' title='bbox 742 2651 890 2707; x_wconf 88' lang='lat' dir='ltr'><strong>libro</strong></span> <span class='ocrx_word' id='word_1_369' title='bbox 918 2651 1047 2708; x_wconf 67' lang='lat' dir='ltr'><strong>vita:</strong></span> <span class='ocrx_word' id='word_1_370' title='bbox 1078 2652 1333 2708; x_wconf 90' lang='lat' dir='ltr'><strong>deletum</strong></span> <span class='ocrx_word' id='word_1_371' title='bbox 1385 2656 1442 2707; x_wconf 90' lang='lat' dir='ltr'><strong>et</strong></span> <span class='ocrx_word' id='word_1_372' title='bbox 1490 2650 1807 2708; x_wconf 80' lang='lat' dir='ltr'><strong>Andronici</strong></span> <span class='ocrx_word' id='word_1_373' title='bbox 1852 2650 2037 2707; x_wconf 90' lang='lat' dir='ltr'><strong>crude</strong></span> 
     </span>
    </p>
   </div>
   <div class='ocr_carea' id='block_1_53' title="bbox 2211 2639 3835 2720">
    <p class='ocr_par' dir='ltr' id='par_1_53' title="bbox 2211 2639 3835 2720">
     <span class='ocr_line' id='line_1_53' title="bbox 2211 2639 3835 2720; baseline 0.003 -22"><span class='ocrx_word' id='word_1_374' title='bbox 2211 2647 2260 2698; x_wconf 66' lang='grc' dir='ltr'>δῦ</span> <span class='ocrx_word' id='word_1_375' title='bbox 2301 2640 2518 2720; x_wconf 80' lang='grc' dir='ltr'>ἀνδρὸς,</span> <span class='ocrx_word' id='word_1_376' title='bbox 2549 2643 2642 2698; x_wconf 84' lang='grc' dir='ltr'><strong>καὶ</strong></span> <span class='ocrx_word' id='word_1_377' title='bbox 2688 2639 2957 2720; x_wconf 85' lang='grc' dir='ltr'>πολλαχῆ</span> <span class='ocrx_word' id='word_1_378' title='bbox 3012 2643 3175 2700; x_wconf 88' lang='grc' dir='ltr'>ἐτίθει</span> <span class='ocrx_word' id='word_1_379' title='bbox 3206 2641 3635 2719; x_wconf 72' lang='grc' dir='ltr'>διατοξεύσιμον.</span> <span class='ocrx_word' id='word_1_380' title='bbox 3700 2647 3835 2717; x_wconf 52' lang='lat' dir='ltr'><strong>ML?</strong></span> 
     </span>
    </p>
   </div>
   <div class='ocr_carea' id='block_1_54' title="bbox 410 2731 2034 2810">
    <p class='ocr_par' dir='ltr' id='par_1_54' title="bbox 410 2738 2028 2797">
     <span class='ocr_line' id='line_1_54' title="bbox 410 2738 2028 2797; baseline 0.001 -4"><span class='ocrx_word' id='word_1_381' title='bbox 410 2738 561 2796; x_wconf 89' lang='lat' dir='ltr'><strong>litati</strong></span> <span class='ocrx_word' id='word_1_382' title='bbox 587 2742 982 2797; x_wconf 88' lang='lat' dir='ltr'><strong>condonatum</strong></span> <span class='ocrx_word' id='word_1_383' title='bbox 1020 2740 1221 2797; x_wconf 87' lang='lat' dir='ltr'><strong>fuisse.</strong></span> <span class='ocrx_word' id='word_1_384' title='bbox 1253 2742 1400 2797; x_wconf 90' lang='lat' dir='ltr'><strong>Nam</strong></span> <span class='ocrx_word' id='word_1_385' title='bbox 1442 2742 1589 2797; x_wconf 74' lang='lat'><strong>86]</strong></span> <span class='ocrx_word' id='word_1_386' title='bbox 1647 2742 1890 2797; x_wconf 84' lang='lat' dir='ltr'><strong>reflante</strong></span> <span class='ocrx_word' id='word_1_387' title='bbox 1936 2745 2028 2795; x_wconf 89' lang='lat' dir='ltr'><strong>Nu</strong></span> 
     </span>
    </p>
   </div>
   <div class='ocr_carea' id='block_1_55' title="bbox 2208 2731 3832 2810">
    <p class='ocr_par' dir='ltr' id='par_1_55' title="bbox 2208 2731 3832 2810">
     <span class='ocr_line' id='line_1_55' title="bbox 2208 2731 3832 2810; baseline 0.002 -23"><span class='ocrx_word' id='word_1_388' title='bbox 2208 2731 2343 2788; x_wconf 67' lang='lat' dir='ltr'><strong>aivuv</strong></span> <span class='ocrx_word' id='word_1_389' title='bbox 2383 2733 2534 2789; x_wconf 85' lang='grc' dir='ltr'>νυκτῖ</span> <span class='ocrx_word' id='word_1_390' title='bbox 2563 2734 2702 2809; x_wconf 89' lang='grc' dir='ltr'>πρὸς</span> <span class='ocrx_word' id='word_1_391' title='bbox 2733 2732 3006 2790; x_wconf 77' lang='grc' dir='ltr'>Θάλασσαν</span> <span class='ocrx_word' id='word_1_392' title='bbox 3043 2737 3274 2805; x_wconf 83' lang='grc' dir='ltr'>κάτεισι,</span> <span class='ocrx_word' id='word_1_393' title='bbox 3330 2736 3421 2791; x_wconf 82' lang='grc' dir='ltr'><strong>καὶ</strong></span> <span class='ocrx_word' id='word_1_394' title='bbox 3479 2737 3661 2791; x_wconf 76' lang='grc' dir='ltr'>ναυσὶν</span> <span class='ocrx_word' id='word_1_395' title='bbox 3717 2735 3832 2810; x_wconf 80' lang='grc' dir='ltr'><strong>ἐμο</strong></span> 
     </span>
    </p>
   </div>
   <div class='ocr_carea' id='block_1_56' title="bbox 408 2816 2032 2903">
    <p class='ocr_par' dir='ltr' id='par_1_56' title="bbox 408 2828 2023 2903">
     <span class='ocr_line' id='line_1_56' title="bbox 408 2828 2023 2903; baseline 0 -18"><span class='ocrx_word' id='word_1_396' title='bbox 408 2829 568 2885; x_wconf 89' lang='lat' dir='ltr'><strong>mine</strong></span> <span class='ocrx_word' id='word_1_397' title='bbox 599 2828 831 2887; x_wconf 89' lang='lat' dir='ltr'><strong>illorum</strong></span> <span class='ocrx_word' id='word_1_398' title='bbox 867 2829 1142 2886; x_wconf 83' lang='lat' dir='ltr'><strong>manibus</strong></span> <span class='ocrx_word' id='word_1_399' title='bbox 1174 2830 1690 2903; x_wconf 83' lang='lat' dir='ltr'><strong>comprehenditur</strong></span> <span class='ocrx_word' id='word_1_400' title='bbox 1711 2834 1770 2886; x_wconf 90' lang='lat' dir='ltr'><strong>et</strong></span> <span class='ocrx_word' id='word_1_401' title='bbox 1816 2831 1888 2886; x_wconf 90' lang='lat' dir='ltr'><strong>ad</strong></span> <span class='ocrx_word' id='word_1_402' title='bbox 1935 2834 2023 2885; x_wconf 83' lang='lat' dir='ltr'><strong>An</strong></span> 
     </span>
    </p>
   </div>
   <div class='ocr_carea' id='block_1_57' title="bbox 2210 2816 3834 2903">
    <p class='ocr_par' dir='ltr' id='par_1_57' title="bbox 2210 2822 3834 2897">
     <span class='ocr_line' id='line_1_57' title="bbox 2210 2822 3834 2897; baseline 0.003 -21"><span class='ocrx_word' id='word_1_403' title='bbox 2210 2822 2265 2886; x_wconf 73' lang='lat' dir='ltr'><strong>‘xc</strong></span> <span class='ocrx_word' id='word_1_404' title='bbox 2302 2822 2467 2888; x_wconf 80' lang='grc' dir='ltr'>αὐτός</span> <span class='ocrx_word' id='word_1_405' title='bbox 2495 2844 2552 2879; x_wconf 81' lang='grc' dir='ltr'><strong>τε</strong></span> <span class='ocrx_word' id='word_1_406' title='bbox 2577 2822 2669 2879; x_wconf 83' lang='grc' dir='ltr'><strong>καὶ</strong></span> <span class='ocrx_word' id='word_1_407' title='bbox 2701 2824 2754 2878; x_wconf 73' lang='grc' dir='ltr'>οἱ</span> <span class='ocrx_word' id='word_1_408' title='bbox 2806 2824 2899 2879; x_wconf 81' lang='grc' dir='ltr'><strong>σὺν</strong></span> <span class='ocrx_word' id='word_1_409' title='bbox 2930 2822 3100 2897; x_wconf 79' lang='grc' dir='ltr'>αὐτῷ,</span> <span class='ocrx_word' id='word_1_410' title='bbox 3155 2825 3212 2880; x_wconf 86' lang='grc' dir='ltr'>αἳ</span> <span class='ocrx_word' id='word_1_411' title='bbox 3240 2825 3377 2880; x_wconf 83' lang='grc' dir='ltr'>κατὰ</span> <span class='ocrx_word' id='word_1_412' title='bbox 3415 2828 3477 2881; x_wconf 84' lang='grc' dir='ltr'>τὸ</span> <span class='ocrx_word' id='word_1_413' title='bbox 3523 2824 3834 2881; x_wconf 81' lang='grc' dir='ltr'>Ὑελλοκα-</span> 
     </span>
    </p>
   </div>
   <div class='ocr_carea' id='block_1_58' title="bbox 414 2908 2038 2993">
    <p class='ocr_par' dir='ltr' id='par_1_58' title="bbox 414 2919 2038 2993">
     <span class='ocr_line' id='line_1_58' title="bbox 414 2919 2038 2993; baseline 0 -18"><span class='ocrx_word' id='word_1_414' title='bbox 414 2919 721 2976; x_wconf 90' lang='lat' dir='ltr'><strong>dronicum</strong></span> <span class='ocrx_word' id='word_1_415' title='bbox 752 2920 1023 2988; x_wconf 85' lang='lat' dir='ltr'><strong>mittitur,</strong></span> <span class='ocrx_word' id='word_1_416' title='bbox 1050 2936 1302 2992; x_wconf 89' lang='lat' dir='ltr'><strong>quorum</strong></span> <span class='ocrx_word' id='word_1_417' title='bbox 1334 2937 1441 2993; x_wconf 90' lang='lat' dir='ltr'><strong>ope</strong></span> <span class='ocrx_word' id='word_1_418' title='bbox 1471 2936 1533 2976; x_wconf 92' lang='lat' dir='ltr'><strong>se</strong></span> <span class='ocrx_word' id='word_1_419' title='bbox 1565 2936 1680 2976; x_wconf 91' lang='lat' dir='ltr'><strong>non</strong></span> <span class='ocrx_word' id='word_1_420' title='bbox 1721 2919 1892 2976; x_wconf 91' lang='lat' dir='ltr'><strong>modo</strong></span> <span class='ocrx_word' id='word_1_421' title='bbox 1941 2919 2038 2975; x_wconf 24' lang='lat' dir='ltr'><strong>salt</strong></span> 
     </span>
    </p>
   </div>
   <div class='ocr_carea' id='block_1_59' title="bbox 2209 2908 3833 2993">
    <p class='ocr_par' dir='ltr' id='par_1_59' title="bbox 2209 2908 3833 2989">
     <span class='ocr_line' id='line_1_59' title="bbox 2209 2908 3833 2989; baseline 0.001 -22"><span class='ocrx_word' id='word_1_422' title='bbox 2209 2909 2413 2967; x_wconf 75' lang='grc' dir='ltr'>τέλλιον</span> <span class='ocrx_word' id='word_1_423' title='bbox 2442 2912 2638 2968; x_wconf 82' lang='grc' dir='ltr'>τούτου</span> <span class='ocrx_word' id='word_1_424' title='bbox 2667 2908 2818 2969; x_wconf 69' lang='grc' dir='ltr'>’ἕνεκα</span> <span class='ocrx_word' id='word_1_425' title='bbox 2848 2915 3289 2986; x_wconf 80' lang='grc' dir='ltr'>ἡτοιμάσθησαν,</span> <span class='ocrx_word' id='word_1_426' title='bbox 3331 2913 3386 2978; x_wconf 86' lang='grc' dir='ltr'><strong>ἐς</strong></span> <span class='ocrx_word' id='word_1_427' title='bbox 3444 2916 3545 2984; x_wconf 71' lang='grc' dir='ltr'>τήν</span> <span class='ocrx_word' id='word_1_428' title='bbox 3584 2915 3833 2989; x_wconf 64' lang='grc' dir='ltr'>περαίαν</span> 
     </span>
    </p>
   </div>
   <div class='ocr_carea' id='block_1_60' title="bbox 416 3003 2040 3084">
    <p class='ocr_par' dir='ltr' id='par_1_60' title="bbox 416 3009 2040 3081">
     <span class='ocr_line' id='line_1_60' title="bbox 416 3009 2040 3081; baseline -0.001 -17"><span class='ocrx_word' id='word_1_429' title='bbox 416 3023 551 3064; x_wconf 87' lang='lat' dir='ltr'><strong>vum</strong></span> <span class='ocrx_word' id='word_1_430' title='bbox 583 3012 641 3065; x_wconf 94' lang='lat' dir='ltr'><strong>et</strong></span> <span class='ocrx_word' id='word_1_431' title='bbox 671 3009 928 3081; x_wconf 84' lang='lat' dir='ltr'><strong>beatum,</strong></span> <span class='ocrx_word' id='word_1_432' title='bbox 960 3010 1059 3065; x_wconf 90' lang='lat' dir='ltr'><strong>sed</strong></span> <span class='ocrx_word' id='word_1_433' title='bbox 1095 3010 1347 3067; x_wconf 90' lang='lat' dir='ltr'><strong>summis</strong></span> <span class='ocrx_word' id='word_1_434' title='bbox 1377 3010 1550 3066; x_wconf 89' lang='lat' dir='ltr'><strong>etiam</strong></span> <span class='ocrx_word' id='word_1_435' title='bbox 1584 3009 1795 3066; x_wconf 87' lang='lat' dir='ltr'><strong>studiis</strong></span> <span class='ocrx_word' id='word_1_436' title='bbox 1828 3009 2040 3065; x_wconf 80' lang='lat' dir='ltr'><strong>Andro-</strong></span> 
     </span>
    </p>
   </div>
   <div class='ocr_carea' id='block_1_61' title="bbox 2210 3003 3834 3084">
    <p class='ocr_par' dir='ltr' id='par_1_61' title="bbox 2210 3003 3834 3084">
     <span class='ocr_line' id='line_1_61' title="bbox 2210 3003 3834 3084; baseline 0.004 -26"><span class='ocrx_word' id='word_1_437' title='bbox 2210 3003 2388 3061; x_wconf 88' lang='grc' dir='ltr'>ίνεται.</span> <span class='ocrx_word' id='word_1_438' title='bbox 2442 3003 2732 3069; x_wconf 69' lang='grc' dir='ltr'><strong>Κἆντεῖὶθεν</strong></span> <span class='ocrx_word' id='word_1_439' title='bbox 2804 3004 3137 3068; x_wconf 81' lang='grc' dir='ltr'>ἆναπνεύσας</span> <span class='ocrx_word' id='word_1_440' title='bbox 3197 3007 3380 3083; x_wconf 76' lang='grc' dir='ltr'>βραχὺ</span> <span class='ocrx_word' id='word_1_441' title='bbox 3438 3005 3691 3084; x_wconf 79' lang='grc' dir='ltr'>ἐκφυγεῖν</span> <span class='ocrx_word' id='word_1_442' title='bbox 3757 3008 3834 3064; x_wconf 78' lang='grc' dir='ltr'><strong>τὸ</strong></span> 
     </span>
    </p>
   </div>
   <div class='ocr_carea' id='block_1_62' title="bbox 420 3092 2044 3173">
    <p class='ocr_par' dir='ltr' id='par_1_62' title="bbox 420 3098 2044 3173">
     <span class='ocr_line' id='line_1_62' title="bbox 420 3098 2044 3173; baseline -0.002 -16"><span class='ocrx_word' id='word_1_443' title='bbox 420 3098 536 3157; x_wconf 87' lang='lat' dir='ltr'><strong>nici</strong></span> <span class='ocrx_word' id='word_1_444' title='bbox 567 3100 843 3156; x_wconf 87' lang='lat' dir='ltr'><strong>victorem</strong></span> <span class='ocrx_word' id='word_1_445' title='bbox 873 3100 994 3157; x_wconf 90' lang='lat' dir='ltr'><strong>fore</strong></span> <span class='ocrx_word' id='word_1_446' title='bbox 1023 3103 1308 3173; x_wconf 89' lang='lat' dir='ltr'><strong>sperarat.</strong></span> <span class='ocrx_word' id='word_1_447' title='bbox 1338 3101 1546 3158; x_wconf 89' lang='lat' dir='ltr'><strong>Verum</strong></span> <span class='ocrx_word' id='word_1_448' title='bbox 1577 3103 1743 3157; x_wconf 90' lang='lat' dir='ltr'><strong>erant</strong></span> <span class='ocrx_word' id='word_1_449' title='bbox 1790 3098 1892 3156; x_wconf 90' lang='lat' dir='ltr'><strong>illa</strong></span> <span class='ocrx_word' id='word_1_450' title='bbox 1941 3100 2044 3154; x_wconf 87' lang='lat' dir='ltr'><strong>uli-</strong></span> 
     </span>
    </p>
   </div>
   <div class='ocr_carea' id='block_1_63' title="bbox 2206 3092 3830 3173">
    <p class='ocr_par' dir='ltr' id='par_1_63' title="bbox 2206 3092 3830 3171">
     <span class='ocr_line' id='line_1_63' title="bbox 2206 3092 3830 3171; baseline 0.003 -23"><span class='ocrx_word' id='word_1_451' title='bbox 2206 3093 2437 3151; x_wconf 76' lang='grc' dir='ltr'>ιολέσθαι</span> <span class='ocrx_word' id='word_1_452' title='bbox 2468 3095 2605 3168; x_wconf 81' lang='grc' dir='ltr'>ᾣετο</span> <span class='ocrx_word' id='word_1_453' title='bbox 2635 3097 2727 3151; x_wconf 90' lang='grc' dir='ltr'><strong>καὶ</strong></span> <span class='ocrx_word' id='word_1_454' title='bbox 2754 3096 2816 3151; x_wconf 85' lang='grc' dir='ltr'><strong>τὸ</strong></span> <span class='ocrx_word' id='word_1_455' title='bbox 2836 3092 3248 3171; x_wconf 75' lang='grc' dir='ltr'>προϐεϐλῆσθαι</span> <span class='ocrx_word' id='word_1_456' title='bbox 3272 3097 3426 3168; x_wconf 85' lang='grc' dir='ltr'>θοίνη</span> <span class='ocrx_word' id='word_1_457' title='bbox 3446 3119 3528 3160; x_wconf 91' lang='grc' dir='ltr'><strong>τις</strong></span> <span class='ocrx_word' id='word_1_458' title='bbox 3556 3097 3755 3171; x_wconf 69' lang='grc' dir='ltr'>ἱτοίμη</span> <span class='ocrx_word' id='word_1_459' title='bbox 3790 3100 3830 3170; x_wconf 77' lang='grc' dir='ltr'>ἧ</span> 
     </span>
    </p>
   </div>
   <div class='ocr_carea' id='block_1_64' title="bbox 418 3173 2042 3265">
    <p class='ocr_par' dir='ltr' id='par_1_64' title="bbox 418 3188 2042 3262">
     <span class='ocr_line' id='line_1_64' title="bbox 418 3188 2042 3262; baseline 0.001 -19"><span class='ocrx_word' id='word_1_460' title='bbox 418 3204 532 3259; x_wconf 91' lang='lat' dir='ltr'><strong>que</strong></span> <span class='ocrx_word' id='word_1_461' title='bbox 585 3188 836 3245; x_wconf 83' lang='lat' dir='ltr'><strong>infelicis</strong></span> <span class='ocrx_word' id='word_1_462' title='bbox 886 3189 1066 3246; x_wconf 89' lang='lat' dir='ltr'><strong>animi</strong></span> <span class='ocrx_word' id='word_1_463' title='bbox 1126 3190 1409 3261; x_wconf 85' lang='lat' dir='ltr'><strong>ﬁgmenta</strong></span> <span class='ocrx_word' id='word_1_464' title='bbox 1462 3193 1519 3245; x_wconf 89' lang='lat' dir='ltr'><strong>et</strong></span> <span class='ocrx_word' id='word_1_465' title='bbox 1574 3193 1805 3262; x_wconf 90' lang='lat' dir='ltr'><strong>spectra</strong></span> <span class='ocrx_word' id='word_1_466' title='bbox 1859 3188 2042 3245; x_wconf 70' lang='lat' dir='ltr'><strong>inani:</strong></span> 
     </span>
    </p>
   </div>
   <div class='ocr_carea' id='block_1_65' title="bbox 2206 3173 3830 3265">
    <p class='ocr_par' dir='ltr' id='par_1_65' title="bbox 2206 3184 3830 3265">
     <span class='ocr_line' id='line_1_65' title="bbox 2206 3184 3830 3265; baseline 0.005 -26"><span class='ocrx_word' id='word_1_467' title='bbox 2206 3184 2513 3259; x_wconf 78' lang='grc' dir='ltr'>πιτράγημα</span> <span class='ocrx_word' id='word_1_468' title='bbox 2550 3185 2847 3262; x_wconf 82' lang='grc' dir='ltr'>πρόχειρον</span> <span class='ocrx_word' id='word_1_469' title='bbox 2885 3192 3006 3248; x_wconf 83' lang='grc' dir='ltr'>ταῖς</span> <span class='ocrx_word' id='word_1_470' title='bbox 3036 3190 3254 3265; x_wconf 76' lang='grc' dir='ltr'>γνάθοις</span> <span class='ocrx_word' id='word_1_471' title='bbox 3284 3191 3384 3243; x_wconf 76' lang='grc' dir='ltr'><strong>τοῦ</strong></span> <span class='ocrx_word' id='word_1_472' title='bbox 3436 3185 3830 3262; x_wconf 82' lang='grc' dir='ltr'>Ἀνδρονίκου.</span> 
     </span>
    </p>
   </div>
   <div class='ocr_carea' id='block_1_66' title="bbox 416 3270 2040 3352">
    <p class='ocr_par' dir='ltr' id='par_1_66' title="bbox 416 3277 2039 3351">
     <span class='ocr_line' id='line_1_66' title="bbox 416 3277 2039 3351; baseline 0.001 -18"><span class='ocrx_word' id='word_1_473' title='bbox 416 3277 803 3334; x_wconf 86' lang='lat' dir='ltr'><strong>somniorum.</strong></span> <span class='ocrx_word' id='word_1_474' title='bbox 835 3278 980 3334; x_wconf 85' lang='lat' dir='ltr'><strong>Nam</strong></span> <span class='ocrx_word' id='word_1_475' title='bbox 1016 3295 1150 3334; x_wconf 91' lang='lat' dir='ltr'><strong>cum</strong></span> <span class='ocrx_word' id='word_1_476' title='bbox 1182 3279 1639 3351; x_wconf 81' lang='lat' dir='ltr'><strong>Adramytttium</strong></span> <span class='ocrx_word' id='word_1_477' title='bbox 1681 3279 2039 3350; x_wconf 89' lang='lat' dir='ltr'><strong>pervenisset</strong></span> 
     </span>
    </p>
   </div>
   <div class='ocr_carea' id='block_1_67' title="bbox 2210 3270 3834 3352">
    <p class='ocr_par' dir='ltr' id='par_1_67' title="bbox 2210 3270 3834 3352">
     <span class='ocr_line' id='line_1_67' title="bbox 2210 3270 3834 3352; baseline 0.003 -22"><span class='ocrx_word' id='word_1_478' title='bbox 2210 3280 2268 3330; x_wconf 72' lang='grc' dir='ltr'>Ξν</span> <span class='ocrx_word' id='word_1_479' title='bbox 2298 3271 2365 3341; x_wconf 87' lang='grc' dir='ltr'><strong>δ’,</strong></span> <span class='ocrx_word' id='word_1_480' title='bbox 2399 3277 2481 3347; x_wconf 77' lang='grc' dir='ltr'><strong>[Ρ.</strong></span> <span class='ocrx_word' id='word_1_481' title='bbox 2528 3276 2650 3347; x_wconf 76' lang='grc'><strong>180]</strong></span> <span class='ocrx_word' id='word_1_482' title='bbox 2681 3275 2756 3338; x_wconf 84' lang='grc' dir='ltr'>ὡς</span> <span class='ocrx_word' id='word_1_483' title='bbox 2802 3270 2964 3346; x_wconf 81' lang='grc' dir='ltr'>ἔοικε,</span> <span class='ocrx_word' id='word_1_484' title='bbox 2995 3278 3087 3331; x_wconf 84' lang='grc' dir='ltr'><strong>καὶ</strong></span> <span class='ocrx_word' id='word_1_485' title='bbox 3120 3275 3277 3339; x_wconf 77' lang='grc' dir='ltr'>οὗτος</span> <span class='ocrx_word' id='word_1_486' title='bbox 3335 3282 3403 3351; x_wconf 79' lang='grc' dir='ltr'><strong>τῇ</strong></span> <span class='ocrx_word' id='word_1_487' title='bbox 3463 3277 3700 3352; x_wconf 82' lang='grc' dir='ltr'>Προνοίᾳ</span> <span class='ocrx_word' id='word_1_488' title='bbox 3766 3279 3834 3335; x_wconf 74' lang='grc' dir='ltr'><strong>ἐκ</strong></span> 
     </span>
    </p>
   </div>
   <div class='ocr_carea' id='block_1_68' title="bbox 415 3359 2039 3440">
    <p class='ocr_par' dir='ltr' id='par_1_68' title="bbox 415 3366 2034 3440">
     <span class='ocr_line' id='line_1_68' title="bbox 415 3366 2034 3440; baseline 0 -18"><span class='ocrx_word' id='word_1_489' title='bbox 415 3383 448 3422; x_wconf 92' lang='lat' dir='ltr'><strong>a</strong></span> <span class='ocrx_word' id='word_1_490' title='bbox 478 3368 734 3438; x_wconf 86' lang='lat' dir='ltr'><strong>quodam</strong></span> <span class='ocrx_word' id='word_1_491' title='bbox 767 3367 1041 3439; x_wconf 78' lang='lat' dir='ltr'><strong>Cepheia,</strong></span> <span class='ocrx_word' id='word_1_492' title='bbox 1093 3367 1218 3424; x_wconf 88' lang='lat' dir='ltr'><strong>viro</strong></span> <span class='ocrx_word' id='word_1_493' title='bbox 1271 3369 1330 3424; x_wconf 89' lang='lat' dir='ltr'><strong>in</strong></span> <span class='ocrx_word' id='word_1_494' title='bbox 1385 3366 1502 3423; x_wconf 90' lang='lat' dir='ltr'><strong>illis</strong></span> <span class='ocrx_word' id='word_1_495' title='bbox 1550 3367 1693 3424; x_wconf 90' lang='lat' dir='ltr'><strong>locis</strong></span> <span class='ocrx_word' id='word_1_496' title='bbox 1737 3368 1956 3440; x_wconf 88' lang='lat' dir='ltr'><strong>potenti</strong></span> <span class='ocrx_word' id='word_1_497' title='bbox 2006 3382 2034 3423; x_wconf 90' lang='lat' dir='ltr'><strong>e</strong></span> 
     </span>
    </p>
   </div>
   <div class='ocr_carea' id='block_1_69' title="bbox 2207 3359 3831 3440">
    <p class='ocr_par' dir='ltr' id='par_1_69' title="bbox 2207 3359 3831 3440">
     <span class='ocr_line' id='line_1_69' title="bbox 2207 3359 3831 3440; baseline 0.003 -23"><span class='ocrx_word' id='word_1_498' title='bbox 2207 3369 2264 3432; x_wconf 80' lang='grc' dir='ltr'>ῆς</span> <span class='ocrx_word' id='word_1_499' title='bbox 2293 3367 2401 3418; x_wconf 82' lang='grc' dir='ltr'><strong>τῶν</strong></span> <span class='ocrx_word' id='word_1_500' title='bbox 2432 3364 2645 3433; x_wconf 83' lang='grc' dir='ltr'>ζώντων</span> <span class='ocrx_word' id='word_1_501' title='bbox 2682 3359 2882 3439; x_wconf 87' lang='grc' dir='ltr'>βίϐλου</span> <span class='ocrx_word' id='word_1_502' title='bbox 2924 3364 3337 3440; x_wconf 80' lang='grc' dir='ltr'>ἀπηλειμμένος</span> <span class='ocrx_word' id='word_1_503' title='bbox 3373 3365 3463 3421; x_wconf 77' lang='grc' dir='ltr'><strong>καὶ</strong></span> <span class='ocrx_word' id='word_1_504' title='bbox 3518 3366 3595 3429; x_wconf 81' lang='grc' dir='ltr'><strong>είς</strong></span> <span class='ocrx_word' id='word_1_505' title='bbox 3626 3366 3831 3437; x_wconf 73' lang='grc' dir='ltr'>θοίνην</span> 
     </span>
    </p>
   </div>
   <div class='ocr_carea' id='block_1_70' title="bbox 416 3450 2040 3530">
    <p class='ocr_par' dir='ltr' id='par_1_70' title="bbox 416 3456 2032 3530">
     <span class='ocr_line' id='line_1_70' title="bbox 416 3456 2032 3530; baseline 0.001 -19"><span class='ocrx_word' id='word_1_506' title='bbox 416 3456 715 3527; x_wconf 83' lang='lat' dir='ltr'><strong>primario,</strong></span> <span class='ocrx_word' id='word_1_507' title='bbox 751 3461 815 3512; x_wconf 87' lang='lat' dir='ltr'><strong>ut</strong></span> <span class='ocrx_word' id='word_1_508' title='bbox 846 3457 1016 3513; x_wconf 77' lang='lat' dir='ltr'><strong>ﬁdem</strong></span> <span class='ocrx_word' id='word_1_509' title='bbox 1051 3474 1217 3513; x_wconf 77' lang='lat' dir='ltr'><strong>suam</strong></span> <span class='ocrx_word' id='word_1_510' title='bbox 1259 3473 1393 3530; x_wconf 88' lang='lat' dir='ltr'><strong>erga</strong></span> <span class='ocrx_word' id='word_1_511' title='bbox 1439 3463 1752 3530; x_wconf 79' lang='lat' dir='ltr'><strong>tyrannum</strong></span> <span class='ocrx_word' id='word_1_512' title='bbox 1804 3457 2032 3513; x_wconf 85' lang='lat' dir='ltr'><strong>declara</strong></span> 
     </span>
    </p>
   </div>
   <div class='ocr_carea' id='block_1_71' title="bbox 2209 3450 3833 3530">
    <p class='ocr_par' dir='ltr' id='par_1_71' title="bbox 2209 3450 3833 3527">
     <span class='ocr_line' id='line_1_71' title="bbox 2209 3450 3833 3527; baseline 0.003 -20"><span class='ocrx_word' id='word_1_513' title='bbox 2209 3450 2502 3527; x_wconf 73' lang='grc' dir='ltr'>ινδρονίκῳ</span> <span class='ocrx_word' id='word_1_514' title='bbox 2532 3450 2901 3517; x_wconf 82' lang='grc' dir='ltr'>δαιταλευθεὶς</span> <span class='ocrx_word' id='word_1_515' title='bbox 2963 3455 3054 3509; x_wconf 83' lang='grc' dir='ltr'><strong>καὶ</strong></span> <span class='ocrx_word' id='word_1_516' title='bbox 3109 3456 3211 3523; x_wconf 75' lang='grc' dir='ltr'><strong>τὴν</strong></span> <span class='ocrx_word' id='word_1_517' title='bbox 3265 3454 3521 3510; x_wconf 72' lang='grc' dir='ltr'>νεῦουσαν</span> <span class='ocrx_word' id='word_1_518' title='bbox 3576 3454 3631 3517; x_wconf 80' lang='grc' dir='ltr'><strong>ἐς</strong></span> <span class='ocrx_word' id='word_1_519' title='bbox 3679 3453 3833 3527; x_wconf 74' lang='grc' dir='ltr'>ᾅδου</span> 
     </span>
    </p>
   </div>
   <div class='ocr_carea' id='block_1_72' title="bbox 419 3538 2043 3620">
    <p class='ocr_par' dir='ltr' id='par_1_72' title="bbox 419 3546 2043 3618">
     <span class='ocr_line' id='line_1_72' title="bbox 419 3546 2043 3618; baseline 0.001 -19"><span class='ocrx_word' id='word_1_520' title='bbox 419 3553 522 3611; x_wconf 83' lang='lat' dir='ltr'><strong>ret,</strong></span> <span class='ocrx_word' id='word_1_521' title='bbox 583 3546 1044 3618; x_wconf 88' lang='lat' dir='ltr'><strong>comprehensus</strong></span> <span class='ocrx_word' id='word_1_522' title='bbox 1105 3546 1435 3603; x_wconf 79' lang='lat' dir='ltr'><strong>Andronico</strong></span> <span class='ocrx_word' id='word_1_523' title='bbox 1494 3555 1694 3618; x_wconf 87' lang='lat' dir='ltr'><strong>parata</strong></span> <span class='ocrx_word' id='word_1_524' title='bbox 1750 3546 1942 3603; x_wconf 87' lang='lat' dir='ltr'><strong>hostia</strong></span> <span class='ocrx_word' id='word_1_525' title='bbox 1986 3547 2043 3601; x_wconf 76' lang='lat' dir='ltr'><strong>ad</strong></span> 
     </span>
    </p>
   </div>
   <div class='ocr_carea' id='block_1_73' title="bbox 2207 3538 3831 3620">
    <p class='ocr_par' dir='ltr' id='par_1_73' title="bbox 2207 3539 3831 3620">
     <span class='ocr_line' id='line_1_73' title="bbox 2207 3539 3831 3620; baseline 0.003 -25"><span class='ocrx_word' id='word_1_526' title='bbox 2207 3539 2543 3617; x_wconf 73' lang='grc' dir='ltr'>ληροῦμενος</span> <span class='ocrx_word' id='word_1_527' title='bbox 2571 3540 2903 3620; x_wconf 83' lang='grc' dir='ltr'>πλάστιγγα.</span> <span class='ocrx_word' id='word_1_528' title='bbox 2936 3544 3116 3599; x_wconf 83' lang='grc' dir='ltr'>Ἔνθεν</span> <span class='ocrx_word' id='word_1_529' title='bbox 3165 3564 3250 3600; x_wconf 91' lang='grc' dir='ltr'><strong>τοι</strong></span> <span class='ocrx_word' id='word_1_530' title='bbox 3278 3545 3371 3599; x_wconf 85' lang='grc' dir='ltr'><strong>καὶ</strong></span> <span class='ocrx_word' id='word_1_531' title='bbox 3424 3549 3526 3600; x_wconf 79' lang='grc' dir='ltr'><strong>τοῦ</strong></span> <span class='ocrx_word' id='word_1_532' title='bbox 3553 3549 3689 3601; x_wconf 73' lang='grc' dir='ltr'>Θεοῦ</span> <span class='ocrx_word' id='word_1_533' title='bbox 3720 3546 3831 3600; x_wconf 63' lang='grc' dir='ltr'><strong>ἄν-</strong></span> 
     </span>
    </p>
   </div>
   <div class='ocr_carea' id='block_1_74' title="bbox 415 3630 2039 3709">
    <p class='ocr_par' dir='ltr' id='par_1_74' title="bbox 415 3635 2039 3708">
     <span class='ocr_line' id='line_1_74' title="bbox 415 3635 2039 3708; baseline 0.001 -19"><span class='ocrx_word' id='word_1_534' title='bbox 415 3635 630 3691; x_wconf 74' lang='lat' dir='ltr'><strong>caadem</strong></span> <span class='ocrx_word' id='word_1_535' title='bbox 663 3635 922 3702; x_wconf 80' lang='lat' dir='ltr'><strong>offertur,</strong></span> <span class='ocrx_word' id='word_1_536' title='bbox 978 3639 1152 3708; x_wconf 88' lang='lat' dir='ltr'><strong>atque</strong></span> <span class='ocrx_word' id='word_1_537' title='bbox 1207 3635 1435 3692; x_wconf 73' lang='lat' dir='ltr'><strong>effossis</strong></span> <span class='ocrx_word' id='word_1_538' title='bbox 1488 3635 1674 3691; x_wconf 91' lang='lat' dir='ltr'><strong>oculis</strong></span> <span class='ocrx_word' id='word_1_539' title='bbox 1728 3635 1788 3691; x_wconf 92' lang='lat' dir='ltr'><strong>in</strong></span> <span class='ocrx_word' id='word_1_540' title='bbox 1847 3635 2039 3690; x_wconf 89' lang='lat' dir='ltr'><strong>Pante-</strong></span> 
     </span>
    </p>
   </div>
   <div class='ocr_carea' id='block_1_75' title="bbox 2208 3630 3832 3709">
    <p class='ocr_par' dir='ltr' id='par_1_75' title="bbox 2208 3630 3832 3709">
     <span class='ocr_line' id='line_1_75' title="bbox 2208 3630 3832 3709; baseline 0.004 -25"><span class='ocrx_word' id='word_1_541' title='bbox 2208 3630 2541 3694; x_wconf 71' lang='grc' dir='ltr'>ιπνεῦσαντος</span> <span class='ocrx_word' id='word_1_542' title='bbox 2570 3630 2788 3687; x_wconf 81' lang='grc' dir='ltr'>ἐκείνων</span> <span class='ocrx_word' id='word_1_543' title='bbox 2842 3638 2961 3696; x_wconf 83' lang='grc' dir='ltr'>ταῖς</span> <span class='ocrx_word' id='word_1_544' title='bbox 2995 3634 3156 3708; x_wconf 81' lang='grc' dir='ltr'>χερσὶ</span> <span class='ocrx_word' id='word_1_545' title='bbox 3192 3636 3425 3709; x_wconf 79' lang='grc' dir='ltr'>θηρᾶται</span> <span class='ocrx_word' id='word_1_546' title='bbox 3453 3634 3542 3689; x_wconf 83' lang='grc' dir='ltr'><strong>καὶ</strong></span> <span class='ocrx_word' id='word_1_547' title='bbox 3570 3635 3832 3709; x_wconf 83' lang='grc' dir='ltr'>ἀναπέμ-</span> 
     </span>
    </p>
   </div>
   <div class='ocr_carea' id='block_1_76' title="bbox 415 3717 2039 3798">
    <p class='ocr_par' dir='ltr' id='par_1_76' title="bbox 415 3723 2039 3796">
     <span class='ocr_line' id='line_1_76' title="bbox 415 3723 2039 3796; baseline -0.001 -18"><span class='ocrx_word' id='word_1_548' title='bbox 415 3723 578 3794; x_wconf 91' lang='lat' dir='ltr'><strong>popti</strong></span> <span class='ocrx_word' id='word_1_549' title='bbox 610 3725 1035 3780; x_wconf 86' lang='lat' dir='ltr'><strong>monasterium</strong></span> <span class='ocrx_word' id='word_1_550' title='bbox 1067 3724 1393 3796; x_wconf 82' lang='lat' dir='ltr'><strong>conjicitur,</strong></span> <span class='ocrx_word' id='word_1_551' title='bbox 1419 3724 1789 3796; x_wconf 87' lang='lat' dir='ltr'><strong>iniquitatem</strong></span> <span class='ocrx_word' id='word_1_552' title='bbox 1814 3724 2039 3780; x_wconf 81' lang='lat' dir='ltr'><strong>fortuna</strong></span> 
     </span>
    </p>
   </div>
   <div class='ocr_carea' id='block_1_77' title="bbox 2201 3717 3825 3798">
    <p class='ocr_par' dir='ltr' id='par_1_77' title="bbox 2204 3717 3825 3798">
     <span class='ocr_line' id='line_1_77' title="bbox 2204 3717 3825 3798; baseline 0.005 -24"><span class='ocrx_word' id='word_1_553' title='bbox 2204 3739 2319 3774; x_wconf 84' lang='grc' dir='ltr'>εται</span> <span class='ocrx_word' id='word_1_554' title='bbox 2382 3720 2520 3795; x_wconf 83' lang='grc' dir='ltr'>πρὸς</span> <span class='ocrx_word' id='word_1_555' title='bbox 2576 3717 2938 3796; x_wconf 74' lang='grc' dir='ltr'>Ἀνδρόνικον,</span> <span class='ocrx_word' id='word_1_556' title='bbox 3001 3722 3091 3798; x_wconf 71' lang='grc' dir='ltr'><strong>ὑφ’</strong></span> <span class='ocrx_word' id='word_1_557' title='bbox 3146 3723 3220 3776; x_wconf 80' lang='grc' dir='ltr'>ὧν</span> <span class='ocrx_word' id='word_1_558' title='bbox 3279 3720 3492 3777; x_wconf 85' lang='grc' dir='ltr'>ἐλπίσιν</span> <span class='ocrx_word' id='word_1_559' title='bbox 3541 3721 3825 3781; x_wconf 81' lang='grc' dir='ltr'>ἐθάλπετο</span> 
     </span>
    </p>
   </div>
   <div class='ocr_carea' id='block_1_78' title="bbox 410 3806 2034 3889">
    <p class='ocr_par' dir='ltr' id='par_1_78' title="bbox 410 3812 2034 3887">
     <span class='ocr_line' id='line_1_78' title="bbox 410 3812 2034 3887; baseline -0.001 -18"><span class='ocrx_word' id='word_1_560' title='bbox 410 3830 528 3869; x_wconf 60' lang='lat' dir='ltr'><strong>suae</strong></span> <span class='ocrx_word' id='word_1_561' title='bbox 561 3812 914 3885; x_wconf 87' lang='lat' dir='ltr'><strong>deplorans:</strong></span> <span class='ocrx_word' id='word_1_562' title='bbox 977 3832 1108 3870; x_wconf 87' lang='lat' dir='ltr'><strong>cum</strong></span> <span class='ocrx_word' id='word_1_563' title='bbox 1168 3814 1241 3870; x_wconf 91' lang='lat' dir='ltr'><strong>ob</strong></span> <span class='ocrx_word' id='word_1_564' title='bbox 1300 3813 1754 3887; x_wconf 83' lang='lat' dir='ltr'><strong>pulcherrimam</strong></span> <span class='ocrx_word' id='word_1_565' title='bbox 1814 3829 2034 3869; x_wconf 86' lang='lat' dir='ltr'><strong>causan</strong></span> 
     </span>
    </p>
   </div>
   <div class='ocr_carea' id='block_1_79' title="bbox 2198 3806 3822 3889">
    <p class='ocr_par' dir='ltr' id='par_1_79' title="bbox 2198 3806 3822 3889">
     <span class='ocr_line' id='line_1_79' title="bbox 2198 3806 3822 3889; baseline 0.003 -25"><span class='ocrx_word' id='word_1_566' title='bbox 2198 3816 2559 3884; x_wconf 80' lang='grc' dir='ltr'>υντηρηθῆναι</span> <span class='ocrx_word' id='word_1_567' title='bbox 2602 3806 3014 3883; x_wconf 81' lang='grc' dir='ltr'>ἂδιαλώϐητος,</span> <span class='ocrx_word' id='word_1_568' title='bbox 3066 3811 3124 3867; x_wconf 79' lang='grc' dir='ltr'>εὖ</span> <span class='ocrx_word' id='word_1_569' title='bbox 3171 3833 3233 3868; x_wconf 86' lang='grc' dir='ltr'><strong>τε</strong></span> <span class='ocrx_word' id='word_1_570' title='bbox 3281 3814 3371 3868; x_wconf 81' lang='grc' dir='ltr'><strong>καὶ</strong></span> <span class='ocrx_word' id='word_1_571' title='bbox 3439 3814 3516 3876; x_wconf 85' lang='grc' dir='ltr'><strong>ὡς</strong></span> <span class='ocrx_word' id='word_1_572' title='bbox 3571 3813 3822 3889; x_wconf 81' lang='grc' dir='ltr'>ἀρίστως</span> 
     </span>
    </p>
   </div>
   <div class='ocr_carea' id='block_1_80' title="bbox 408 3898 2032 3979">
    <p class='ocr_par' dir='ltr' id='par_1_80' title="bbox 408 3900 2032 3975">
     <span class='ocr_line' id='line_1_80' title="bbox 408 3900 2032 3975; baseline 0.001 -19"><span class='ocrx_word' id='word_1_573' title='bbox 408 3900 721 3958; x_wconf 89' lang='lat' dir='ltr'><strong>discrimen</strong></span> <span class='ocrx_word' id='word_1_574' title='bbox 755 3902 1093 3959; x_wconf 87' lang='lat' dir='ltr'><strong>defectionis</strong></span> <span class='ocrx_word' id='word_1_575' title='bbox 1127 3901 1389 3975; x_wconf 87' lang='lat' dir='ltr'><strong>adiisset,</strong></span> <span class='ocrx_word' id='word_1_576' title='bbox 1424 3902 1583 3958; x_wconf 90' lang='lat' dir='ltr'><strong>illam</strong></span> <span class='ocrx_word' id='word_1_577' title='bbox 1616 3901 1891 3975; x_wconf 88' lang='lat' dir='ltr'><strong>prudenti</strong></span> <span class='ocrx_word' id='word_1_578' title='bbox 1917 3917 2032 3957; x_wconf 26' lang='lat' dir='ltr'><strong>coni</strong></span> 
     </span>
    </p>
   </div>
   <div class='ocr_carea' id='block_1_81' title="bbox 2195 3898 3819 3979">
    <p class='ocr_par' dir='ltr' id='par_1_81' title="bbox 2195 3898 3819 3979">
     <span class='ocr_line' id='line_1_81' title="bbox 2195 3898 3819 3979; baseline 0.003 -26"><span class='ocrx_word' id='word_1_579' title='bbox 2195 3898 2398 3975; x_wconf 68' lang='grc' dir='ltr'>ράξειν,</span> <span class='ocrx_word' id='word_1_580' title='bbox 2430 3901 2518 3955; x_wconf 84' lang='grc' dir='ltr'><strong>καὶ</strong></span> <span class='ocrx_word' id='word_1_581' title='bbox 2559 3901 2708 3979; x_wconf 86' lang='grc' dir='ltr'>χειρὶ</span> <span class='ocrx_word' id='word_1_582' title='bbox 2740 3901 2831 3955; x_wconf 83' lang='grc' dir='ltr'><strong>καὶ</strong></span> <span class='ocrx_word' id='word_1_583' title='bbox 2888 3904 3043 3977; x_wconf 79' lang='grc' dir='ltr'>ψυχῇ</span> <span class='ocrx_word' id='word_1_584' title='bbox 3084 3902 3339 3957; x_wconf 83' lang='grc' dir='ltr'>παντοίαν</span> <span class='ocrx_word' id='word_1_585' title='bbox 3402 3903 3650 3977; x_wconf 76' lang='grc' dir='ltr'>σύναρσιν</span> <span class='ocrx_word' id='word_1_586' title='bbox 3712 3905 3819 3959; x_wconf 67' lang='lat' dir='ltr'><strong>reri</strong></span> 
     </span>
    </p>
   </div>
   <div class='ocr_carea' id='block_1_82' title="bbox 406 3987 2030 4067">
    <p class='ocr_par' dir='ltr' id='par_1_82' title="bbox 406 3989 2030 4065">
     <span class='ocr_line' id='line_1_82' title="bbox 406 3989 2030 4065; baseline 0.001 -17"><span class='ocrx_word' id='word_1_587' title='bbox 406 3989 538 4048; x_wconf 88' lang='lat' dir='ltr'><strong>silio</strong></span> <span class='ocrx_word' id='word_1_588' title='bbox 569 3995 764 4061; x_wconf 90' lang='lat' dir='ltr'><strong>spreto</strong></span> <span class='ocrx_word' id='word_1_589' title='bbox 796 4009 861 4048; x_wconf 87' lang='lat' dir='ltr'><strong>ac</strong></span> <span class='ocrx_word' id='word_1_590' title='bbox 889 3992 1059 4065; x_wconf 88' lang='lat' dir='ltr'><strong>plane</strong></span> <span class='ocrx_word' id='word_1_591' title='bbox 1090 3993 1374 4049; x_wconf 86' lang='lat' dir='ltr'><strong>destituto</strong></span> <span class='ocrx_word' id='word_1_592' title='bbox 1404 3992 1587 4065; x_wconf 82' lang='lat' dir='ltr'><strong>peiori</strong></span> <span class='ocrx_word' id='word_1_593' title='bbox 1620 3992 1769 4064; x_wconf 88' lang='lat' dir='ltr'><strong>parti</strong></span> <span class='ocrx_word' id='word_1_594' title='bbox 1821 3990 2030 4049; x_wconf 85' lang='lat' dir='ltr'><strong>favisse</strong></span> 
     </span>
    </p>
   </div>
   <div class='ocr_carea' id='block_1_83' title="bbox 2191 3987 3815 4067">
    <p class='ocr_par' dir='ltr' id='par_1_83' title="bbox 2197 3988 3815 4067">
     <span class='ocr_line' id='line_1_83' title="bbox 2197 3988 3815 4067; baseline 0.004 -24"><span class='ocrx_word' id='word_1_595' title='bbox 2197 3988 2347 4062; x_wconf 78' lang='grc' dir='ltr'>ρηξιν</span> <span class='ocrx_word' id='word_1_596' title='bbox 2376 3989 2629 4065; x_wconf 71' lang='grc' dir='ltr'>εὕρασθαι</span> <span class='ocrx_word' id='word_1_597' title='bbox 2674 3991 2825 4064; x_wconf 83' lang='grc' dir='ltr'>,πρὸς</span> <span class='ocrx_word' id='word_1_598' title='bbox 2882 3991 2945 4046; x_wconf 87' lang='grc' dir='ltr'>τὸ</span> <span class='ocrx_word' id='word_1_599' title='bbox 2983 3989 3391 4047; x_wconf 82' lang='grc' dir='ltr'>καταπαλαῖσαι</span> <span class='ocrx_word' id='word_1_600' title='bbox 3440 3990 3815 4067; x_wconf 82' lang='grc' dir='ltr'>Ἀνδρόνικον.</span> 
     </span>
    </p>
   </div>
   <div class='ocr_carea' id='block_1_84' title="bbox 406 4078 2030 4158">
    <p class='ocr_par' dir='ltr' id='par_1_84' title="bbox 406 4081 2030 4139">
     <span class='ocr_line' id='line_1_84' title="bbox 406 4081 2030 4139; baseline 0 -2"><span class='ocrx_word' id='word_1_601' title='bbox 406 4083 493 4137; x_wconf 91' lang='lat' dir='ltr'><strong>Ita</strong></span> <span class='ocrx_word' id='word_1_602' title='bbox 519 4081 670 4138; x_wconf 90' lang='lat' dir='ltr'><strong>Deus</strong></span> <span class='ocrx_word' id='word_1_603' title='bbox 701 4098 816 4137; x_wconf 88' lang='lat' dir='ltr'><strong>non</strong></span> <span class='ocrx_word' id='word_1_604' title='bbox 851 4082 1026 4138; x_wconf 87' lang='lat' dir='ltr'><strong>vitam</strong></span> <span class='ocrx_word' id='word_1_605' title='bbox 1060 4082 1250 4139; x_wconf 89' lang='lat' dir='ltr'><strong>solum</strong></span> <span class='ocrx_word' id='word_1_606' title='bbox 1283 4081 1497 4139; x_wconf 86' lang='lat' dir='ltr'><strong>laboris</strong></span> <span class='ocrx_word' id='word_1_607' title='bbox 1545 4087 1602 4137; x_wconf 90' lang='lat' dir='ltr'><strong>et</strong></span> <span class='ocrx_word' id='word_1_608' title='bbox 1653 4081 1904 4138; x_wconf 63' lang='lat' dir='ltr'><strong>tristitiae</strong></span> <span class='ocrx_word' id='word_1_609' title='bbox 1956 4098 2030 4137; x_wconf 24' lang='lat' dir='ltr'><strong>ex!</strong></span> 
     </span>
    </p>
   </div>
   <div class='ocr_carea' id='block_1_85' title="bbox 2196 4078 3820 4158">
    <p class='ocr_par' dir='ltr' id='par_1_85' title="bbox 2196 4078 3820 4158">
     <span class='ocr_line' id='line_1_85' title="bbox 2196 4078 3820 4158; baseline 0.004 -23"><span class='ocrx_word' id='word_1_610' title='bbox 2196 4081 2328 4135; x_wconf 77' lang='grc' dir='ltr'>Ησαν</span> <span class='ocrx_word' id='word_1_611' title='bbox 2359 4078 2416 4135; x_wconf 78' lang='grc' dir='ltr'>δὶ</span> <span class='ocrx_word' id='word_1_612' title='bbox 2444 4078 2609 4136; x_wconf 71' lang='grc' dir='ltr'>ταῦτα</span> <span class='ocrx_word' id='word_1_613' title='bbox 2652 4078 2892 4143; x_wconf 82' lang='grc' dir='ltr'>διανοίας</span> <span class='ocrx_word' id='word_1_614' title='bbox 2952 4083 3054 4137; x_wconf 78' lang='grc' dir='ltr'>οὐκ</span> <span class='ocrx_word' id='word_1_615' title='bbox 3091 4082 3355 4158; x_wconf 77' lang='grc' dir='ltr'>εὐτυχοῦς</span> <span class='ocrx_word' id='word_1_616' title='bbox 3410 4081 3820 4156; x_wconf 82' lang='grc' dir='ltr'>ἀναπλάσματα</span> 
     </span>
    </p>
   </div>
   <div class='ocr_carea' id='block_1_86' title="bbox 405 4167 2029 4248">
    <p class='ocr_par' dir='ltr' id='par_1_86' title="bbox 405 4170 2029 4243">
     <span class='ocr_line' id='line_1_86' title="bbox 405 4170 2029 4243; baseline -0.001 -16"><span class='ocrx_word' id='word_1_617' title='bbox 405 4178 649 4243; x_wconf 81' lang='lat' dir='ltr'><strong>partem,</strong></span> <span class='ocrx_word' id='word_1_618' title='bbox 695 4171 797 4227; x_wconf 89' lang='lat' dir='ltr'><strong>sed</strong></span> <span class='ocrx_word' id='word_1_619' title='bbox 847 4170 1212 4228; x_wconf 89' lang='lat' dir='ltr'><strong>imminentis</strong></span> <span class='ocrx_word' id='word_1_620' title='bbox 1266 4172 1440 4228; x_wconf 90' lang='lat' dir='ltr'><strong>etiam</strong></span> <span class='ocrx_word' id='word_1_621' title='bbox 1483 4171 1640 4229; x_wconf 84' lang='lat' dir='ltr'><strong>exitii</strong></span> <span class='ocrx_word' id='word_1_622' title='bbox 1686 4175 1742 4228; x_wconf 88' lang='lat' dir='ltr'><strong>et</strong></span> <span class='ocrx_word' id='word_1_623' title='bbox 1791 4176 2029 4228; x_wconf 88' lang='lat' dir='ltr'><strong>tutarun</strong></span> 
     </span>
    </p>
   </div>
   <div class='ocr_carea' id='block_1_87' title="bbox 2196 4167 3820 4248">
    <p class='ocr_par' dir='ltr' id='par_1_87' title="bbox 2196 4167 3820 4248">
     <span class='ocr_line' id='line_1_87' title="bbox 2196 4167 3820 4248; baseline 0.004 -25"><span class='ocrx_word' id='word_1_624' title='bbox 2196 4169 2243 4223; x_wconf 78' lang='grc' dir='ltr'><strong>αὶ</strong></span> <span class='ocrx_word' id='word_1_625' title='bbox 2281 4167 2569 4244; x_wconf 84' lang='grc' dir='ltr'>όνειρώδη,</span> <span class='ocrx_word' id='word_1_626' title='bbox 2603 4171 2678 4233; x_wconf 82' lang='grc' dir='ltr'>ὡς</span> <span class='ocrx_word' id='word_1_627' title='bbox 2736 4168 3024 4240; x_wconf 84' lang='grc' dir='ltr'>δέδεικται,</span> <span class='ocrx_word' id='word_1_628' title='bbox 3084 4172 3448 4248; x_wconf 76' lang='grc' dir='ltr'>φαντάσματα.</span> <span class='ocrx_word' id='word_1_629' title='bbox 3512 4174 3820 4246; x_wconf 82' lang='grc' dir='ltr'>Γενόμενος</span> 
     </span>
    </p>
   </div>
   <div class='ocr_carea' id='block_1_88' title="bbox 406 4258 2030 4338">
    <p class='ocr_par' dir='ltr' id='par_1_88' title="bbox 406 4259 2030 4332">
     <span class='ocr_line' id='line_1_88' title="bbox 406 4259 2030 4332; baseline 0.001 -17"><span class='ocrx_word' id='word_1_630' title='bbox 406 4260 703 4317; x_wconf 90' lang='lat' dir='ltr'><strong>actionum</strong></span> <span class='ocrx_word' id='word_1_631' title='bbox 763 4260 1181 4332; x_wconf 71' lang='lat' dir='ltr'><strong>praenotionem</strong></span> <span class='ocrx_word' id='word_1_632' title='bbox 1231 4260 1556 4317; x_wconf 86' lang='lat' dir='ltr'><strong>abscondit.</strong></span> <span class='ocrx_word' id='word_1_633' title='bbox 1608 4260 1713 4316; x_wconf 83' lang='lat' dir='ltr'><strong>Hic</strong></span> <span class='ocrx_word' id='word_1_634' title='bbox 1761 4261 1915 4316; x_wconf 88' lang='lat' dir='ltr'><strong>enim</strong></span> <span class='ocrx_word' id='word_1_635' title='bbox 1969 4259 2030 4317; x_wconf 78' lang='lat' dir='ltr'><strong>vi:</strong></span> 
     </span>
    </p>
   </div>
   <div class='ocr_carea' id='block_1_89' title="bbox 2198 4258 3822 4338">
    <p class='ocr_par' dir='ltr' id='par_1_89' title="bbox 2198 4258 3822 4338">
     <span class='ocr_line' id='line_1_89' title="bbox 2198 4258 3822 4338; baseline 0.005 -27"><span class='ocrx_word' id='word_1_636' title='bbox 2198 4259 2260 4333; x_wconf 72' lang='grc' dir='ltr'>ἂρ</span> <span class='ocrx_word' id='word_1_637' title='bbox 2289 4259 2425 4313; x_wconf 74' lang='grc' dir='ltr'>κατὰ</span> <span class='ocrx_word' id='word_1_638' title='bbox 2448 4259 2509 4313; x_wconf 89' lang='grc' dir='ltr'>τὸ</span> <span class='ocrx_word' id='word_1_639' title='bbox 2542 4259 2932 4334; x_wconf 73' lang='grc' dir='ltr'>Ἀτραμῦττιον</span> <span class='ocrx_word' id='word_1_640' title='bbox 2993 4258 3434 4335; x_wconf 86' lang='grc' dir='ltr'>συλλαμϐάνεται</span> <span class='ocrx_word' id='word_1_641' title='bbox 3482 4264 3630 4338; x_wconf 87' lang='grc' dir='ltr'>παρά</span> <span class='ocrx_word' id='word_1_642' title='bbox 3657 4284 3822 4328; x_wconf 83' lang='grc' dir='ltr'>τινος</span> 
     </span>
    </p>
   </div>
   <div class='ocr_carea' id='block_1_90' title="bbox 406 4344 2030 4429">
    <p class='ocr_par' dir='ltr' id='par_1_90' title="bbox 406 4350 2020 4423">
     <span class='ocr_line' id='line_1_90' title="bbox 406 4350 2020 4423; baseline 0.001 -18"><span class='ocrx_word' id='word_1_643' title='bbox 406 4364 559 4420; x_wconf 68' lang='lat' dir='ltr'><strong>saepe</strong></span> <span class='ocrx_word' id='word_1_644' title='bbox 586 4350 846 4422; x_wconf 71' lang='lat' dir='ltr'><strong>prmclari</strong></span> <span class='ocrx_word' id='word_1_645' title='bbox 878 4350 1045 4407; x_wconf 87' lang='lat' dir='ltr'><strong>ducis</strong></span> <span class='ocrx_word' id='word_1_646' title='bbox 1078 4350 1316 4406; x_wconf 88' lang='lat' dir='ltr'><strong>functus</strong></span> <span class='ocrx_word' id='word_1_647' title='bbox 1347 4351 1577 4419; x_wconf 79' lang='lat' dir='ltr'><strong>ofﬁciis,</strong></span> <span class='ocrx_word' id='word_1_648' title='bbox 1610 4368 1743 4407; x_wconf 90' lang='lat' dir='ltr'><strong>cum</strong></span> <span class='ocrx_word' id='word_1_649' title='bbox 1778 4356 1911 4423; x_wconf 79' lang='lat' dir='ltr'><strong>post</strong></span> <span class='ocrx_word' id='word_1_650' title='bbox 1941 4352 2020 4407; x_wconf 89' lang='lat' dir='ltr'><strong>im</strong></span> 
     </span>
    </p>
   </div>
   <div class='ocr_carea' id='block_1_91' title="bbox 2196 4344 3820 4429">
    <p class='ocr_par' dir='ltr' id='par_1_91' title="bbox 2196 4344 3820 4429">
     <span class='ocr_line' id='line_1_91' title="bbox 2196 4344 3820 4429; baseline 0.004 -27"><span class='ocrx_word' id='word_1_651' title='bbox 2196 4345 2399 4420; x_wconf 73' lang='grc' dir='ltr'>εφαλᾶ,</span> <span class='ocrx_word' id='word_1_652' title='bbox 2433 4344 2624 4423; x_wconf 85' lang='grc' dir='ltr'>ἀνδρὸς</span> <span class='ocrx_word' id='word_1_653' title='bbox 2660 4347 2793 4423; x_wconf 69' lang='grc' dir='ltr'>μέγα</span> <span class='ocrx_word' id='word_1_654' title='bbox 2834 4347 3131 4425; x_wconf 77' lang='grc' dir='ltr'>δυναμένου</span> <span class='ocrx_word' id='word_1_655' title='bbox 3161 4351 3282 4407; x_wconf 86' lang='grc' dir='ltr'>τότε</span> <span class='ocrx_word' id='word_1_656' title='bbox 3335 4354 3482 4429; x_wconf 83' lang='grc' dir='ltr'>παρᾶ</span> <span class='ocrx_word' id='word_1_657' title='bbox 3536 4354 3608 4425; x_wconf 79' lang='grc' dir='ltr'>τῇ</span> <span class='ocrx_word' id='word_1_658' title='bbox 3647 4357 3820 4428; x_wconf 73' lang='grc' dir='ltr'>χώρᾳ</span> 
     </span>
    </p>
   </div>
   <div class='ocr_carea' id='block_1_92' title="bbox 407 4434 2031 4515">
    <p class='ocr_par' dir='ltr' id='par_1_92' title="bbox 407 4439 2031 4513">
     <span class='ocr_line' id='line_1_92' title="bbox 407 4439 2031 4513; baseline 0.002 -21"><span class='ocrx_word' id='word_1_659' title='bbox 407 4439 692 4507; x_wconf 88' lang='lat' dir='ltr'><strong>peratoris</strong></span> <span class='ocrx_word' id='word_1_660' title='bbox 738 4439 921 4496; x_wconf 79' lang='lat' dir='ltr'><strong>Alexii</strong></span> <span class='ocrx_word' id='word_1_661' title='bbox 970 4440 1194 4497; x_wconf 88' lang='lat' dir='ltr'><strong>obitum</strong></span> <span class='ocrx_word' id='word_1_662' title='bbox 1237 4441 1561 4497; x_wconf 82' lang='lat' dir='ltr'><strong>Andronico</strong></span> <span class='ocrx_word' id='word_1_663' title='bbox 1608 4441 1824 4497; x_wconf 88' lang='lat' dir='ltr'><strong>servire</strong></span> <span class='ocrx_word' id='word_1_664' title='bbox 1879 4445 2031 4513; x_wconf 72' lang='lat' dir='ltr'><strong>turpi</strong></span> 
     </span>
    </p>
   </div>
   <div class='ocr_carea' id='block_1_93' title="bbox 2193 4434 3817 4515">
    <p class='ocr_par' dir='ltr' id='par_1_93' title="bbox 2193 4434 3817 4515">
     <span class='ocr_line' id='line_1_93' title="bbox 2193 4434 3817 4515; baseline 0.006 -27"><span class='ocrx_word' id='word_1_665' title='bbox 2193 4435 2243 4488; x_wconf 85' lang='grc' dir='ltr'>αὶ</span> <span class='ocrx_word' id='word_1_666' title='bbox 2298 4434 2759 4510; x_wconf 79' lang='grc' dir='ltr'>πρωτιστεύοντος</span> <span class='ocrx_word' id='word_1_667' title='bbox 2813 4441 3008 4493; x_wconf 83' lang='grc' dir='ltr'>πιστοῦ</span> <span class='ocrx_word' id='word_1_668' title='bbox 3069 4459 3129 4494; x_wconf 84' lang='grc' dir='ltr'><strong>τε</strong></span> <span class='ocrx_word' id='word_1_669' title='bbox 3166 4444 3248 4513; x_wconf 79' lang='grc' dir='ltr'><strong>τῷ</strong></span> <span class='ocrx_word' id='word_1_670' title='bbox 3298 4444 3669 4515; x_wconf 78' lang='grc' dir='ltr'>τυραννοῦντι,</span> <span class='ocrx_word' id='word_1_671' title='bbox 3730 4443 3817 4506; x_wconf 79' lang='grc' dir='ltr'>ὥς</span> 
     </span>
    </p>
   </div>
   <div class='ocr_carea' id='block_1_94' title="bbox 406 4515 2030 4611">
    <p class='ocr_par' dir='ltr' id='par_1_94' title="bbox 406 4526 2030 4604">
     <span class='ocr_line' id='line_1_94' title="bbox 406 4526 2030 4604; baseline 0.003 -25"><span class='ocrx_word' id='word_1_672' title='bbox 406 4526 643 4581; x_wconf 88' lang='lat' dir='ltr'><strong>duceret</strong></span> <span class='ocrx_word' id='word_1_673' title='bbox 672 4544 738 4582; x_wconf 84' lang='lat' dir='ltr'><strong>ac</strong></span> <span class='ocrx_word' id='word_1_674' title='bbox 778 4533 989 4585; x_wconf 89' lang='lat' dir='ltr'><strong>certam</strong></span> <span class='ocrx_word' id='word_1_675' title='bbox 1021 4535 1268 4587; x_wconf 88' lang='lat' dir='ltr'><strong>mortem</strong></span> <span class='ocrx_word' id='word_1_676' title='bbox 1300 4535 1356 4586; x_wconf 90' lang='lat' dir='ltr'><strong>et</strong></span> <span class='ocrx_word' id='word_1_677' title='bbox 1395 4535 1663 4587; x_wconf 90' lang='lat' dir='ltr'><strong>naturam</strong></span> <span class='ocrx_word' id='word_1_678' title='bbox 1712 4532 1937 4604; x_wconf 81' lang='lat' dir='ltr'><strong>tyranni</strong></span> <span class='ocrx_word' id='word_1_679' title='bbox 1969 4531 2030 4588; x_wconf 78' lang='lat' dir='ltr'><strong>ad</strong></span> 
     </span>
    </p>
   </div>
   <div class='ocr_carea' id='block_1_95' title="bbox 2192 4515 3816 4611">
    <p class='ocr_par' dir='ltr' id='par_1_95' title="bbox 2192 4521 3816 4611">
     <span class='ocr_line' id='line_1_95' title="bbox 2192 4521 3816 4611; baseline 0.006 -32"><span class='ocrx_word' id='word_1_680' title='bbox 2192 4521 2337 4598; x_wconf 66' lang='grc' dir='ltr'>δειξε,</span> <span class='ocrx_word' id='word_1_681' title='bbox 2369 4526 2460 4581; x_wconf 84' lang='grc' dir='ltr'><strong>καὶ</strong></span> <span class='ocrx_word' id='word_1_682' title='bbox 2491 4527 2975 4603; x_wconf 83' lang='grc' dir='ltr'>παρακατατίθεται</span> <span class='ocrx_word' id='word_1_683' title='bbox 3035 4530 3223 4609; x_wconf 77' lang='grc' dir='ltr'>χερσῖν</span> <span class='ocrx_word' id='word_1_684' title='bbox 3279 4529 3624 4606; x_wconf 76' lang='grc' dir='ltr'>Ἀνδρονίκου</span> <span class='ocrx_word' id='word_1_685' title='bbox 3667 4534 3816 4611; x_wconf 60' lang='grc' dir='ltr'>σφα-</span> 
     </span>
    </p>
   </div>
   <div class='ocr_carea' id='block_1_96' title="bbox 404 4614 2028 4697">
    <p class='ocr_par' dir='ltr' id='par_1_96' title="bbox 404 4614 2028 4692">
     <span class='ocr_line' id='line_1_96' title="bbox 404 4614 2028 4692; baseline 0.005 -22"><span class='ocrx_word' id='word_1_686' title='bbox 404 4614 615 4671; x_wconf 71' lang='grc' dir='ltr'>οωάοω</span> <span class='ocrx_word' id='word_1_687' title='bbox 680 4619 1109 4689; x_wconf 86' lang='lat' dir='ltr'><strong>promptissimi</strong></span> <span class='ocrx_word' id='word_1_688' title='bbox 1185 4620 1409 4688; x_wconf 90' lang='lat' dir='ltr'><strong>vitaret,</strong></span> <span class='ocrx_word' id='word_1_689' title='bbox 1484 4622 1545 4676; x_wconf 90' lang='lat' dir='ltr'><strong>in</strong></span> <span class='ocrx_word' id='word_1_690' title='bbox 1624 4622 1751 4692; x_wconf 84' lang='lat' dir='ltr'><strong>ejus</strong></span> <span class='ocrx_word' id='word_1_691' title='bbox 1830 4638 2028 4678; x_wconf 67' lang='lat' dir='ltr'><strong>manu:</strong></span> 
     </span>
    </p>
   </div>
   <div class='ocr_carea' id='block_1_97' title="bbox 2188 4614 3812 4697">
    <p class='ocr_par' dir='ltr' id='par_1_97' title="bbox 2190 4615 3812 4697">
     <span class='ocr_line' id='line_1_97' title="bbox 2190 4615 3812 4697; baseline 0.006 -28"><span class='ocrx_word' id='word_1_692' title='bbox 2190 4635 2269 4669; x_wconf 91' lang='grc' dir='ltr'><strong>ιον</strong></span> <span class='ocrx_word' id='word_1_693' title='bbox 2313 4615 2562 4691; x_wconf 78' lang='grc' dir='ltr'>εὐτρεπὲς</span> <span class='ocrx_word' id='word_1_694' title='bbox 2617 4617 2706 4672; x_wconf 84' lang='grc' dir='ltr'><strong>καὶ</strong></span> <span class='ocrx_word' id='word_1_695' title='bbox 2761 4618 2956 4693; x_wconf 72' lang='grc' dir='ltr'>ἱερεῖον</span> <span class='ocrx_word' id='word_1_696' title='bbox 3003 4620 3607 4697; x_wconf 81' lang='grc' dir='ltr'>ἀνακογχυλιαζόμενον</span> <span class='ocrx_word' id='word_1_697' title='bbox 3661 4624 3812 4695; x_wconf 65' lang='grc' dir='ltr'>πρὸς</span> 
     </span>
    </p>
   </div>
   <div class='ocr_carea' id='block_1_98' title="bbox 402 4703 2026 4787">
    <p class='ocr_par' dir='ltr' id='par_1_98' title="bbox 402 4703 2026 4782">
     <span class='ocr_line' id='line_1_98' title="bbox 402 4703 2026 4782; baseline 0.004 -22"><span class='ocrx_word' id='word_1_698' title='bbox 402 4703 605 4760; x_wconf 89' lang='lat' dir='ltr'><strong>incidit</strong></span> <span class='ocrx_word' id='word_1_699' title='bbox 665 4719 839 4776; x_wconf 90' lang='lat' dir='ltr'><strong>quem</strong></span> <span class='ocrx_word' id='word_1_700' title='bbox 901 4706 1200 4777; x_wconf 78' lang='lat' dir='ltr'><strong>fugiebat;</strong></span> <span class='ocrx_word' id='word_1_701' title='bbox 1260 4713 1318 4763; x_wconf 89' lang='lat' dir='ltr'><strong>et</strong></span> <span class='ocrx_word' id='word_1_702' title='bbox 1373 4725 1545 4779; x_wconf 88' lang='lat' dir='ltr'><strong>quem</strong></span> <span class='ocrx_word' id='word_1_703' title='bbox 1610 4727 1643 4765; x_wconf 91' lang='lat' dir='ltr'><strong>a</strong></span> <span class='ocrx_word' id='word_1_704' title='bbox 1715 4713 1877 4782; x_wconf 88' lang='lat' dir='ltr'><strong>tergo</strong></span> <span class='ocrx_word' id='word_1_705' title='bbox 1952 4712 2026 4766; x_wconf 29' lang='lat' dir='ltr'><strong>int</strong></span> 
     </span>
    </p>
   </div>
   <div class='ocr_carea' id='block_1_99' title="bbox 2181 4703 3805 4787">
    <p class='ocr_par' dir='ltr' id='par_1_99' title="bbox 2181 4705 3805 4787">
     <span class='ocr_line' id='line_1_99' title="bbox 2181 4705 3805 4787; baseline 0.006 -28"><span class='ocrx_word' id='word_1_706' title='bbox 2181 4705 2446 4780; x_wconf 73' lang='grc' dir='ltr'>ιναίρεσιν,</span> <span class='ocrx_word' id='word_1_707' title='bbox 2486 4707 2575 4761; x_wconf 84' lang='grc' dir='ltr'><strong>καὶ</strong></span> <span class='ocrx_word' id='word_1_708' title='bbox 2629 4708 2725 4769; x_wconf 77' lang='grc' dir='ltr'><strong>τὰς</strong></span> <span class='ocrx_word' id='word_1_709' title='bbox 2781 4708 2947 4783; x_wconf 89' lang='grc' dir='ltr'>κόρας</span> <span class='ocrx_word' id='word_1_710' title='bbox 2996 4708 3335 4781; x_wconf 84' lang='grc' dir='ltr'>ἐκκόπτεται,</span> <span class='ocrx_word' id='word_1_711' title='bbox 3392 4712 3480 4766; x_wconf 80' lang='grc' dir='ltr'><strong>καὶ</strong></span> <span class='ocrx_word' id='word_1_712' title='bbox 3527 4711 3805 4787; x_wconf 57' lang='grc' dir='ltr'>παμρῤιο</span> 
     </span>
    </p>
   </div>
   <div class='ocr_carea' id='block_1_100' title="bbox 400 4792 2024 4873">
    <p class='ocr_par' dir='ltr' id='par_1_100' title="bbox 400 4792 2024 4866">
     <span class='ocr_line' id='line_1_100' title="bbox 400 4792 2024 4866; baseline 0.002 -15"><span class='ocrx_word' id='word_1_713' title='bbox 400 4798 555 4851; x_wconf 86' lang='lat' dir='ltr'><strong>stare</strong></span> <span class='ocrx_word' id='word_1_714' title='bbox 585 4792 844 4866; x_wconf 86' lang='lat' dir='ltr'><strong>putabat,</strong></span> <span class='ocrx_word' id='word_1_715' title='bbox 889 4811 921 4850; x_wconf 77' lang='grc' dir='ltr'><strong>ο</strong></span> <span class='ocrx_word' id='word_1_716' title='bbox 979 4794 1132 4852; x_wconf 72' lang='lat'><strong>862</strong></span> <span class='ocrx_word' id='word_1_717' title='bbox 1193 4796 1377 4852; x_wconf 87' lang='lat' dir='ltr'><strong>fronte</strong></span> <span class='ocrx_word' id='word_1_718' title='bbox 1423 4801 1481 4853; x_wconf 87' lang='lat' dir='ltr'><strong>et</strong></span> <span class='ocrx_word' id='word_1_719' title='bbox 1535 4798 1929 4855; x_wconf 85' lang='lat' dir='ltr'><strong>adversarium</strong></span> <span class='ocrx_word' id='word_1_720' title='bbox 1988 4815 2024 4855; x_wconf 68' lang='lat' dir='ltr'><strong>e‘</strong></span> 
     </span>
    </p>
   </div>
   <div class='ocr_carea' id='block_1_101' title="bbox 2174 4792 3798 4873">
    <p class='ocr_par' dir='ltr' id='par_1_101' title="bbox 2174 4797 3798 4873">
     <span class='ocr_line' id='line_1_101' title="bbox 2174 4797 3798 4873; baseline 0.006 -26"><span class='ocrx_word' id='word_1_721' title='bbox 2174 4799 2367 4849; x_wconf 87' lang='grc' dir='ltr'>ττεῖται</span> <span class='ocrx_word' id='word_1_722' title='bbox 2392 4799 2461 4869; x_wconf 78' lang='grc' dir='ltr'><strong>τῇ</strong></span> <span class='ocrx_word' id='word_1_723' title='bbox 2493 4799 2590 4851; x_wconf 76' lang='grc' dir='ltr'><strong>τοῦ</strong></span> <span class='ocrx_word' id='word_1_724' title='bbox 2621 4797 3006 4854; x_wconf 85' lang='grc' dir='ltr'>Ηαντεπόπτου</span> <span class='ocrx_word' id='word_1_725' title='bbox 3040 4801 3209 4873; x_wconf 76' lang='grc' dir='ltr'>μονῇ,</span> <span class='ocrx_word' id='word_1_726' title='bbox 3255 4801 3355 4869; x_wconf 70' lang='grc' dir='ltr'>τὴν</span> <span class='ocrx_word' id='word_1_727' title='bbox 3388 4803 3493 4854; x_wconf 83' lang='grc' dir='ltr'><strong>τῶν</strong></span> <span class='ocrx_word' id='word_1_728' title='bbox 3546 4802 3662 4854; x_wconf 83' lang='grc' dir='ltr'>κατ’</span> <span class='ocrx_word' id='word_1_729' title='bbox 3691 4801 3798 4856; x_wconf 64' lang='grc' dir='ltr'><strong>αὖε</strong></span> 
     </span>
    </p>
   </div>
   <div class='ocr_carea' id='block_1_102' title="bbox 397 4883 2021 4966">
    <p class='ocr_par' dir='ltr' id='par_1_102' title="bbox 397 4884 2021 4957">
     <span class='ocr_line' id='line_1_102' title="bbox 397 4884 2021 4957; baseline 0.001 -17"><span class='ocrx_word' id='word_1_730' title='bbox 397 4884 678 4942; x_wconf 88' lang='lat' dir='ltr'><strong>victorem</strong></span> <span class='ocrx_word' id='word_1_731' title='bbox 712 4884 919 4942; x_wconf 90' lang='lat' dir='ltr'><strong>habuit</strong></span> <span class='ocrx_word' id='word_1_732' title='bbox 949 4884 1207 4950; x_wconf 89' lang='lat' dir='ltr'><strong>obvium,</strong></span> <span class='ocrx_word' id='word_1_733' title='bbox 1238 4900 1343 4941; x_wconf 91' lang='lat' dir='ltr'><strong>nec</strong></span> <span class='ocrx_word' id='word_1_734' title='bbox 1374 4885 1556 4941; x_wconf 91' lang='lat' dir='ltr'><strong>multo</strong></span> <span class='ocrx_word' id='word_1_735' title='bbox 1597 4891 1730 4957; x_wconf 86' lang='lat' dir='ltr'><strong>post</strong></span> <span class='ocrx_word' id='word_1_736' title='bbox 1771 4887 2021 4942; x_wconf 87' lang='lat' dir='ltr'><strong>moritur</strong></span> 
     </span>
    </p>
   </div>
   <div class='ocr_carea' id='block_1_103' title="bbox 2174 4883 3798 4966">
    <p class='ocr_par' dir='ltr' id='par_1_103' title="bbox 2174 4883 3798 4966">
     <span class='ocr_line' id='line_1_103' title="bbox 2174 4883 3798 4966; baseline 0.005 -29"><span class='ocrx_word' id='word_1_737' title='bbox 2174 4883 2244 4937; x_wconf 71' lang='grc' dir='ltr'><strong>ῖὸν</strong></span> <span class='ocrx_word' id='word_1_738' title='bbox 2303 4885 2637 4961; x_wconf 81' lang='grc' dir='ltr'>πραγμάτων</span> <span class='ocrx_word' id='word_1_739' title='bbox 2696 4886 2866 4964; x_wconf 82' lang='grc' dir='ltr'>φορὰν</span> <span class='ocrx_word' id='word_1_740' title='bbox 2916 4886 2993 4950; x_wconf 84' lang='grc' dir='ltr'><strong>ώς</strong></span> <span class='ocrx_word' id='word_1_741' title='bbox 3067 4888 3362 4962; x_wconf 81' lang='grc' dir='ltr'>ἀγνώμονα</span> <span class='ocrx_word' id='word_1_742' title='bbox 3443 4886 3798 4966; x_wconf 61' lang='grc' dir='ltr'>ὀδυρόμενος</span> 
     </span>
    </p>
   </div>
   <div class='ocr_carea' id='block_1_104' title="bbox 396 4973 2020 5050">
    <p class='ocr_par' dir='ltr' id='par_1_104' title="bbox 396 4973 2020 5046">
     <span class='ocr_line' id='line_1_104' title="bbox 396 4973 2020 5046; baseline -0.002 -13"><span class='ocrx_word' id='word_1_743' title='bbox 396 4976 770 5034; x_wconf 79' lang='lat' dir='ltr'><strong>Andronicus</strong></span> <span class='ocrx_word' id='word_1_744' title='bbox 801 4991 933 5033; x_wconf 88' lang='lat' dir='ltr'><strong>vero</strong></span> <span class='ocrx_word' id='word_1_745' title='bbox 965 4976 1092 5046; x_wconf 89' lang='lat' dir='ltr'><strong>ejus</strong></span> <span class='ocrx_word' id='word_1_746' title='bbox 1143 4973 1460 5032; x_wconf 82' lang='lat' dir='ltr'><strong>defectione</strong></span> <span class='ocrx_word' id='word_1_747' title='bbox 1507 4975 1589 5031; x_wconf 90' lang='lat' dir='ltr'><strong>ita</strong></span> <span class='ocrx_word' id='word_1_748' title='bbox 1634 4979 2020 5032; x_wconf 76' lang='lat' dir='ltr'><strong>consternato:</strong></span> 
     </span>
    </p>
   </div>
   <div class='ocr_carea' id='block_1_105' title="bbox 2184 4973 3808 5050">
    <p class='ocr_par' dir='ltr' id='par_1_105' title="bbox 2186 4973 3808 5050">
     <span class='ocr_line' id='line_1_105' title="bbox 2186 4973 3808 5050; baseline 0.007 -25"><span class='ocrx_word' id='word_1_749' title='bbox 2186 4973 2244 5026; x_wconf 84' lang='grc' dir='ltr'>ὸν</span> <span class='ocrx_word' id='word_1_750' title='bbox 2279 4974 2373 5046; x_wconf 76' lang='grc' dir='ltr'>μὲν</span> <span class='ocrx_word' id='word_1_751' title='bbox 2430 4974 2535 5050; x_wconf 80' lang='grc' dir='ltr'><strong>γὰρ</strong></span> <span class='ocrx_word' id='word_1_752' title='bbox 2592 4975 2725 5050; x_wconf 75' lang='grc' dir='ltr'>ὑπὲρ</span> <span class='ocrx_word' id='word_1_753' title='bbox 2753 4974 3056 5048; x_wconf 84' lang='grc' dir='ltr'>καλλίστης</span> <span class='ocrx_word' id='word_1_754' title='bbox 3101 4977 3279 5041; x_wconf 85' lang='grc' dir='ltr'>αἰτίας</span> <span class='ocrx_word' id='word_1_755' title='bbox 3308 4979 3402 5034; x_wconf 86' lang='grc' dir='ltr'><strong>τὸν</strong></span> <span class='ocrx_word' id='word_1_756' title='bbox 3433 4987 3530 5050; x_wconf 81' lang='grc' dir='ltr'><strong>τῆς</strong></span> <span class='ocrx_word' id='word_1_757' title='bbox 3560 4980 3808 5037; x_wconf 69' lang='grc' dir='ltr'>ἀποσταο</span> 
     </span>
    </p>
   </div>
   <div class='ocr_carea' id='block_1_106' title="bbox 397 5060 2021 5147">
    <p class='ocr_par' dir='ltr' id='par_1_106' title="bbox 397 5063 2019 5139">
     <span class='ocr_line' id='line_1_106' title="bbox 397 5063 2019 5139; baseline 0 -18"><span class='ocrx_word' id='word_1_758' title='bbox 397 5067 529 5137; x_wconf 85' lang='lat' dir='ltr'><strong>fuit,</strong></span> <span class='ocrx_word' id='word_1_759' title='bbox 575 5073 636 5124; x_wconf 89' lang='lat' dir='ltr'><strong>ut</strong></span> <span class='ocrx_word' id='word_1_760' title='bbox 695 5071 815 5124; x_wconf 93' lang='lat' dir='ltr'><strong>toto</strong></span> <span class='ocrx_word' id='word_1_761' title='bbox 871 5071 1134 5139; x_wconf 92' lang='lat' dir='ltr'><strong>tempore</strong></span> <span class='ocrx_word' id='word_1_762' title='bbox 1178 5066 1320 5136; x_wconf 68' lang='lat' dir='ltr'><strong>fugae</strong></span> <span class='ocrx_word' id='word_1_763' title='bbox 1370 5063 1527 5121; x_wconf 89' lang='lat' dir='ltr'><strong>illius</strong></span> <span class='ocrx_word' id='word_1_764' title='bbox 1576 5065 1815 5121; x_wconf 81' lang='lat' dir='ltr'><strong>exitium</strong></span> <span class='ocrx_word' id='word_1_765' title='bbox 1865 5068 2019 5137; x_wconf 88' lang='lat' dir='ltr'><strong>capit</strong></span> 
     </span>
    </p>
   </div>
   <div class='ocr_carea' id='block_1_107' title="bbox 2184 5060 3808 5147">
    <p class='ocr_par' dir='ltr' id='par_1_107' title="bbox 2190 5060 3808 5147">
     <span class='ocr_line' id='line_1_107' title="bbox 2190 5060 3808 5147; baseline 0.008 -32"><span class='ocrx_word' id='word_1_766' title='bbox 2190 5060 2271 5125; x_wconf 85' lang='grc' dir='ltr'><strong>ίας</strong></span> <span class='ocrx_word' id='word_1_767' title='bbox 2328 5062 2619 5140; x_wconf 62' lang='grc' dir='ltr'>ἀναῤῥίψαι</span> <span class='ocrx_word' id='word_1_768' title='bbox 2668 5061 2857 5135; x_wconf 76' lang='grc' dir='ltr'>κύϐον,</span> <span class='ocrx_word' id='word_1_769' title='bbox 2911 5068 3012 5137; x_wconf 81' lang='grc' dir='ltr'><strong>τήν</strong></span> <span class='ocrx_word' id='word_1_770' title='bbox 3063 5066 3120 5122; x_wconf 77' lang='grc' dir='ltr'>δὶ</span> <span class='ocrx_word' id='word_1_771' title='bbox 3176 5064 3303 5123; x_wconf 70' lang='grc' dir='ltr'>οὐδὲ</span> <span class='ocrx_word' id='word_1_772' title='bbox 3360 5070 3424 5124; x_wconf 85' lang='grc' dir='ltr'>τὸ</span> <span class='ocrx_word' id='word_1_773' title='bbox 3455 5070 3808 5147; x_wconf 75' lang='grc' dir='ltr'>βραχύτατον</span> 
     </span>
    </p>
   </div>
   <div class='ocr_carea' id='block_1_108' title="bbox 396 5151 2020 5230">
    <p class='ocr_par' dir='ltr' id='par_1_108' title="bbox 396 5154 2020 5229">
     <span class='ocr_line' id='line_1_108' title="bbox 396 5154 2020 5229; baseline -0.001 -17"><span class='ocrx_word' id='word_1_774' title='bbox 396 5174 504 5213; x_wconf 88' lang='lat' dir='ltr'><strong>suo</strong></span> <span class='ocrx_word' id='word_1_775' title='bbox 536 5157 843 5214; x_wconf 88' lang='lat' dir='ltr'><strong>imminere</strong></span> <span class='ocrx_word' id='word_1_776' title='bbox 877 5160 1125 5229; x_wconf 87' lang='lat' dir='ltr'><strong>putaret.</strong></span> <span class='ocrx_word' id='word_1_777' title='bbox 1159 5155 1451 5212; x_wconf 85' lang='lat' dir='ltr'><strong>Metuebat</strong></span> <span class='ocrx_word' id='word_1_778' title='bbox 1505 5154 1658 5211; x_wconf 89' lang='lat' dir='ltr'><strong>enim</strong></span> <span class='ocrx_word' id='word_1_779' title='bbox 1717 5155 2020 5227; x_wconf 52' lang='lat' dir='ltr'><strong>Lapardan‘</strong></span> 
     </span>
    </p>
   </div>
   <div class='ocr_carea' id='block_1_109' title="bbox 2178 5151 3802 5230">
    <p class='ocr_par' dir='ltr' id='par_1_109' title="bbox 2178 5151 3802 5230">
     <span class='ocr_line' id='line_1_109' title="bbox 2178 5151 3802 5230; baseline 0.007 -25"><span class='ocrx_word' id='word_1_780' title='bbox 2178 5155 2278 5206; x_wconf 75' lang='grc' dir='ltr'><strong>ὀὖν</strong></span> <span class='ocrx_word' id='word_1_781' title='bbox 2308 5158 2692 5229; x_wconf 79' lang='grc' dir='ltr'>προσσχοῦσαν</span> <span class='ocrx_word' id='word_1_782' title='bbox 2724 5156 2809 5218; x_wconf 82' lang='grc' dir='ltr'>οἷς</span> <span class='ocrx_word' id='word_1_783' title='bbox 2846 5157 2959 5229; x_wconf 86' lang='grc' dir='ltr'>μετ’</span> <span class='ocrx_word' id='word_1_784' title='bbox 3004 5151 3297 5220; x_wconf 79' lang='grc' dir='ltr'>εὐϐουλίας</span> <span class='ocrx_word' id='word_1_785' title='bbox 3354 5157 3516 5224; x_wconf 77' lang='grc' dir='ltr'>αὐτὸς</span> <span class='ocrx_word' id='word_1_786' title='bbox 3544 5155 3802 5230; x_wconf 79' lang='grc' dir='ltr'>ἐπέϐαλε,</span> 
     </span>
    </p>
   </div>
   <div class='ocr_carea' id='block_1_110' title="bbox 398 5242 2022 5330">
    <p class='ocr_par' dir='ltr' id='par_1_110' title="bbox 398 5244 2022 5317">
     <span class='ocr_line' id='line_1_110' title="bbox 398 5244 2022 5317; baseline 0.001 -17"><span class='ocrx_word' id='word_1_787' title='bbox 398 5249 463 5300; x_wconf 90' lang='lat' dir='ltr'><strong>ut</strong></span> <span class='ocrx_word' id='word_1_788' title='bbox 494 5249 551 5301; x_wconf 91' lang='lat' dir='ltr'><strong>et</strong></span> <span class='ocrx_word' id='word_1_789' title='bbox 580 5248 787 5304; x_wconf 87' lang='lat' dir='ltr'><strong>ducem</strong></span> <span class='ocrx_word' id='word_1_790' title='bbox 820 5247 1171 5304; x_wconf 86' lang='lat' dir='ltr'><strong>acerrimum</strong></span> <span class='ocrx_word' id='word_1_791' title='bbox 1214 5248 1272 5301; x_wconf 89' lang='lat' dir='ltr'><strong>et</strong></span> <span class='ocrx_word' id='word_1_792' title='bbox 1312 5244 1502 5301; x_wconf 87' lang='lat' dir='ltr'><strong>virum</strong></span> <span class='ocrx_word' id='word_1_793' title='bbox 1555 5244 2022 5317; x_wconf 78' lang='lat' dir='ltr'><strong>magnanimum:</strong></span> 
     </span>
    </p>
   </div>
   <div class='ocr_carea' id='block_1_111' title="bbox 2178 5242 3802 5330">
    <p class='ocr_par' dir='ltr' id='par_1_111' title="bbox 2178 5242 3802 5330">
     <span class='ocr_line' id='line_1_111' title="bbox 2178 5242 3802 5330; baseline 0.006 -32"><span class='ocrx_word' id='word_1_794' title='bbox 2178 5245 2474 5319; x_wconf 67' lang='grc' dir='ltr'>προσθέσθαι</span> <span class='ocrx_word' id='word_1_795' title='bbox 2536 5242 2716 5320; x_wconf 85' lang='grc' dir='ltr'>μερίδι</span> <span class='ocrx_word' id='word_1_796' title='bbox 2773 5249 2841 5319; x_wconf 80' lang='grc' dir='ltr'><strong>τῇ</strong></span> <span class='ocrx_word' id='word_1_797' title='bbox 2901 5247 3127 5321; x_wconf 83' lang='grc' dir='ltr'>χείρονι.</span> <span class='ocrx_word' id='word_1_798' title='bbox 3185 5246 3344 5305; x_wconf 77' lang='grc' dir='ltr'>Οὕτω</span> <span class='ocrx_word' id='word_1_799' title='bbox 3414 5252 3620 5324; x_wconf 79' lang='grc' dir='ltr'>κρυψας</span> <span class='ocrx_word' id='word_1_800' title='bbox 3674 5246 3802 5330; x_wconf 82' lang='grc' dir='ltr'>ἔχει</span> 
     </span>
    </p>
   </div>
   <div class='ocr_carea' id='block_1_112' title="bbox 394 5334 2018 5416">
    <p class='ocr_par' dir='ltr' id='par_1_112' title="bbox 394 5334 2018 5409">
     <span class='ocr_line' id='line_1_112' title="bbox 394 5334 2018 5409; baseline 0.002 -22"><span class='ocrx_word' id='word_1_801' title='bbox 394 5337 452 5388; x_wconf 88' lang='lat' dir='ltr'><strong>et</strong></span> <span class='ocrx_word' id='word_1_802' title='bbox 497 5336 636 5405; x_wconf 90' lang='lat' dir='ltr'><strong>quia</strong></span> <span class='ocrx_word' id='word_1_803' title='bbox 690 5336 925 5392; x_wconf 79' lang='lat' dir='ltr'><strong>videbat</strong></span> <span class='ocrx_word' id='word_1_804' title='bbox 971 5352 1105 5393; x_wconf 91' lang='lat' dir='ltr'><strong>eum</strong></span> <span class='ocrx_word' id='word_1_805' title='bbox 1152 5335 1555 5409; x_wconf 84' lang='lat' dir='ltr'><strong>persequendo</strong></span> <span class='ocrx_word' id='word_1_806' title='bbox 1604 5338 1660 5391; x_wconf 90' lang='lat' dir='ltr'><strong>et</strong></span> <span class='ocrx_word' id='word_1_807' title='bbox 1701 5334 1882 5391; x_wconf 88' lang='lat' dir='ltr'><strong>armis</strong></span> <span class='ocrx_word' id='word_1_808' title='bbox 1940 5336 2018 5391; x_wconf 84' lang='lat' dir='ltr'><strong>de</strong></span> 
     </span>
    </p>
   </div>
   <div class='ocr_carea' id='block_1_113' title="bbox 2176 5334 3800 5416">
    <p class='ocr_par' dir='ltr' id='par_1_113' title="bbox 2176 5334 3800 5416">
     <span class='ocr_line' id='line_1_113' title="bbox 2176 5334 3800 5416; baseline 0.006 -28"><span class='ocrx_word' id='word_1_809' title='bbox 2176 5336 2280 5399; x_wconf 78' lang='grc' dir='ltr'>Ιεὸς</span> <span class='ocrx_word' id='word_1_810' title='bbox 2309 5334 2370 5390; x_wconf 77' lang='grc' dir='ltr'>οὐ</span> <span class='ocrx_word' id='word_1_811' title='bbox 2406 5335 2573 5408; x_wconf 90' lang='grc' dir='ltr'>μόνον</span> <span class='ocrx_word' id='word_1_812' title='bbox 2598 5337 2687 5391; x_wconf 86' lang='grc' dir='ltr'>τὸν</span> <span class='ocrx_word' id='word_1_813' title='bbox 2719 5335 2971 5411; x_wconf 77' lang='grc' dir='ltr'>ἅμοχθον</span> <span class='ocrx_word' id='word_1_814' title='bbox 3002 5337 3092 5392; x_wconf 86' lang='grc' dir='ltr'><strong>καὶ</strong></span> <span class='ocrx_word' id='word_1_815' title='bbox 3146 5336 3445 5415; x_wconf 85' lang='grc' dir='ltr'>ἆνόδυρτον</span> <span class='ocrx_word' id='word_1_816' title='bbox 3477 5341 3616 5416; x_wconf 85' lang='grc' dir='ltr'>βίον,</span> <span class='ocrx_word' id='word_1_817' title='bbox 3646 5341 3800 5398; x_wconf 76' lang='grc' dir='ltr'>ἀλλὰ</span> 
     </span>
    </p>
   </div>
   <div class='ocr_carea' id='block_1_114' title="bbox 394 5418 2018 5505">
    <p class='ocr_par' dir='ltr' id='par_1_114' title="bbox 394 5418 2018 5495">
     <span class='ocr_line' id='line_1_114' title="bbox 394 5418 2018 5495; baseline 0.004 -23"><span class='ocrx_word' id='word_1_818' title='bbox 394 5418 597 5478; x_wconf 82' lang='lat' dir='ltr'><strong>bellari</strong></span> <span class='ocrx_word' id='word_1_819' title='bbox 628 5441 742 5480; x_wconf 91' lang='lat' dir='ltr'><strong>non</strong></span> <span class='ocrx_word' id='word_1_820' title='bbox 774 5442 964 5495; x_wconf 88' lang='lat' dir='ltr'><strong>posse,</strong></span> <span class='ocrx_word' id='word_1_821' title='bbox 998 5426 1074 5482; x_wconf 89' lang='lat' dir='ltr'><strong>ad</strong></span> <span class='ocrx_word' id='word_1_822' title='bbox 1096 5426 1423 5482; x_wconf 87' lang='lat' dir='ltr'><strong>litterarum</strong></span> <span class='ocrx_word' id='word_1_823' title='bbox 1451 5424 1745 5482; x_wconf 90' lang='lat' dir='ltr'><strong>solertiam</strong></span> <span class='ocrx_word' id='word_1_824' title='bbox 1798 5442 2018 5483; x_wconf 28' lang='lat' dir='ltr'><strong>convert</strong></span> 
     </span>
    </p>
   </div>
   <div class='ocr_carea' id='block_1_115' title="bbox 2179 5418 3803 5505">
    <p class='ocr_par' dir='ltr' id='par_1_115' title="bbox 2182 5423 3803 5505">
     <span class='ocr_line' id='line_1_115' title="bbox 2182 5423 3803 5505; baseline 0.006 -28"><span class='ocrx_word' id='word_1_825' title='bbox 2182 5423 2235 5477; x_wconf 76' lang='grc' dir='ltr'>αἱ</span> <span class='ocrx_word' id='word_1_826' title='bbox 2265 5423 2326 5478; x_wconf 83' lang='grc' dir='ltr'>τὸ</span> <span class='ocrx_word' id='word_1_827' title='bbox 2352 5424 2736 5497; x_wconf 81' lang='grc' dir='ltr'>προαισθέσθαι</span> <span class='ocrx_word' id='word_1_828' title='bbox 2764 5424 2827 5479; x_wconf 87' lang='grc' dir='ltr'>τὸ</span> <span class='ocrx_word' id='word_1_829' title='bbox 2860 5423 3065 5498; x_wconf 84' lang='grc' dir='ltr'>μέλλον</span> <span class='ocrx_word' id='word_1_830' title='bbox 3115 5427 3277 5482; x_wconf 81' lang='grc' dir='ltr'>κακὸν</span> <span class='ocrx_word' id='word_1_831' title='bbox 3334 5428 3425 5482; x_wconf 73' lang='grc' dir='ltr'><strong>καὶ</strong></span> <span class='ocrx_word' id='word_1_832' title='bbox 3463 5428 3525 5483; x_wconf 77' lang='grc' dir='ltr'>τὸ</span> <span class='ocrx_word' id='word_1_833' title='bbox 3569 5430 3803 5505; x_wconf 82' lang='grc' dir='ltr'>προελέ-</span> 
     </span>
    </p>
   </div>
   <div class='ocr_carea' id='block_1_116' title="bbox 396 5505 2020 5597">
    <p class='ocr_par' dir='ltr' id='par_1_116' title="bbox 396 5505 2020 5597">
     <span class='ocr_line' id='line_1_116' title="bbox 396 5505 2020 5597; baseline 0.009 -40"><span class='ocrx_word' id='word_1_834' title='bbox 396 5505 536 5597; x_wconf 72' lang='lat' dir='ltr'><strong>titur</strong></span> <span class='ocrx_word' id='word_1_835' title='bbox 568 5528 582 5575; x_wconf 87' lang='lat'><strong>;</strong></span> <span class='ocrx_word' id='word_1_836' title='bbox 615 5518 669 5565; x_wconf 84' lang='lat' dir='ltr'><strong>et</strong></span> <span class='ocrx_word' id='word_1_837' title='bbox 699 5512 1080 5570; x_wconf 89' lang='lat' dir='ltr'><strong>callidissimo</strong></span> <span class='ocrx_word' id='word_1_838' title='bbox 1110 5514 1351 5573; x_wconf 86' lang='lat' dir='ltr'><strong>consilio</strong></span> <span class='ocrx_word' id='word_1_839' title='bbox 1380 5514 1658 5587; x_wconf 86' lang='lat' dir='ltr'><strong>epistolas</strong></span> <span class='ocrx_word' id='word_1_840' title='bbox 1698 5515 1766 5571; x_wconf 89' lang='lat' dir='ltr'><strong>ad</strong></span> <span class='ocrx_word' id='word_1_841' title='bbox 1815 5516 2020 5587; x_wconf 84' lang='lat' dir='ltr'><strong>prima-</strong></span> 
     </span>
    </p>
   </div>
   <div class='ocr_carea' id='block_1_117' title="bbox 2166 5505 3790 5597">
    <p class='ocr_par' dir='ltr' id='par_1_117' title="bbox 2166 5511 3790 5597">
     <span class='ocr_line' id='line_1_117' title="bbox 2166 5511 3790 5597; baseline 0.01 -36"><span class='ocrx_word' id='word_1_842' title='bbox 2166 5514 2261 5569; x_wconf 69' lang='lat' dir='ltr'><strong>rBai</strong></span> <span class='ocrx_word' id='word_1_843' title='bbox 2292 5513 2354 5567; x_wconf 88' lang='grc' dir='ltr'>τὸ</span> <span class='ocrx_word' id='word_1_844' title='bbox 2387 5511 2659 5569; x_wconf 81' lang='grc' dir='ltr'>ἀκίνδυνον</span> <span class='ocrx_word' id='word_1_845' title='bbox 2689 5511 3045 5589; x_wconf 68' lang='grc' dir='ltr'>ἐπιτήδευμα.</span> <span class='ocrx_word' id='word_1_846' title='bbox 3082 5516 3178 5570; x_wconf 76' lang='grc' dir='ltr'><strong>Καὶ</strong></span> <span class='ocrx_word' id='word_1_847' title='bbox 3211 5518 3367 5579; x_wconf 84' lang='grc' dir='ltr'>οὗτος</span> <span class='ocrx_word' id='word_1_848' title='bbox 3400 5520 3501 5593; x_wconf 82' lang='grc' dir='ltr'>γὰρ</span> <span class='ocrx_word' id='word_1_849' title='bbox 3562 5520 3590 5574; x_wconf 87' lang='grc' dir='ltr'><strong>ὁ</strong></span> <span class='ocrx_word' id='word_1_850' title='bbox 3650 5521 3790 5597; x_wconf 74' lang='grc' dir='ltr'>ἆνῆρ</span> 
     </span>
    </p>
   </div>
   <div class='ocr_carea' id='block_1_118' title="bbox 392 5591 2016 5683">
    <p class='ocr_par' dir='ltr' id='par_1_118' title="bbox 392 5591 2016 5677">
     <span class='ocr_line' id='line_1_118' title="bbox 392 5591 2016 5677; baseline 0.005 -26"><span class='ocrx_word' id='word_1_851' title='bbox 392 5591 511 5651; x_wconf 79' lang='lat' dir='ltr'><strong>rios</strong></span> <span class='ocrx_word' id='word_1_852' title='bbox 584 5598 955 5657; x_wconf 79' lang='lat' dir='ltr'><strong>Orientalium</strong></span> <span class='ocrx_word' id='word_1_853' title='bbox 1032 5604 1459 5673; x_wconf 84' lang='lat' dir='ltr'><strong>provinciarum</strong></span> <span class='ocrx_word' id='word_1_854' title='bbox 1539 5604 1818 5677; x_wconf 64' lang='lat' dir='ltr'><strong>presides</strong></span> <span class='ocrx_word' id='word_1_855' title='bbox 1896 5603 2016 5661; x_wconf 83' lang='lat' dir='ltr'><strong>dolc</strong></span> 
     </span>
    </p>
   </div>
   <div class='ocr_carea' id='block_1_119' title="bbox 2167 5591 3791 5683">
    <p class='ocr_par' dir='ltr' id='par_1_119' title="bbox 2168 5591 3791 5683">
     <span class='ocr_line' id='line_1_119' title="bbox 2168 5591 3791 5683; baseline 0.008 -27"><span class='ocrx_word' id='word_1_856' title='bbox 2168 5625 2193 5655; x_wconf 75' lang='grc' dir='ltr'><strong>ν</strong></span> <span class='ocrx_word' id='word_1_857' title='bbox 2226 5599 2462 5666; x_wconf 82' lang='grc' dir='ltr'>πολλοῖς</span> <span class='ocrx_word' id='word_1_858' title='bbox 2494 5603 2674 5680; x_wconf 70' lang='grc' dir='ltr'>ὀφθεὶς</span> <span class='ocrx_word' id='word_1_859' title='bbox 2701 5606 3229 5682; x_wconf 67' lang='grc' dir='ltr'>στρατηγικώτατος,</span> <span class='ocrx_word' id='word_1_860' title='bbox 3255 5591 3484 5683; x_wconf 71' lang='grc' dir='ltr'>αἰσχρὸν</span> <span class='ocrx_word' id='word_1_861' title='bbox 3509 5591 3791 5669; x_wconf 64' lang='grc' dir='ltr'>δουλεύειν</span> 
     </span>
    </p>
   </div>
  </div>
