4112 6218
423 306 540 367 635
627 329 631 332 ’

1736 298 2048 365 ΝΙΟΕΤᾹ
2090 300 2523 367 ΟΗΟΝΙΑΤΔΞ

3705 308 3828 369 636

427 435 640 492 mmnia
670 435 977 509 Babylonis
1008 438 1455 507 oppngaret,aut
1484 435 1728 508 sagittas
1759 435 1815 490 in
1846 434 2060 493 oculum

2182 433 2235 496 Ec
2259 431 2627 508 Ἀνδρόνικον.
2660 442 2704 495 Ο
2735 435 2793 493 δὶ
2820 438 3057 511 τοιούτῳ
3111 438 3363 512 βλήματι
3395 436 3626 509 καιρίως
3656 434 3832 506 πλητ-

429 528 479 599 ej
489 524 1067 593 acularetur,obessis
1089 524 1313 580 fortiter
1331 526 1880 597 repugnantibus,et
1902 539 2066 580 arma

2182 519 2398 597 τόμενος
2427 529 2534 599 πῦρ
2592 524 2815 581 ἅπέπνει
2871 527 3048 599 θυμοῦ
3083 525 3440 600 ἐκπυρηνίζον
3474 526 3659 598 ἆσθμα
3718 526 3826 581 Τυ-

431 616 632 683 armis,
663 614 965 671 machinas
996 612 1307 683 machinis,
1349 632 1476 687 qua:
1534 615 1706 672 variae
1737 616 1811 671 ab
1842 615 2065 671 Andro-

429 704 559 759 nico
589 703 885 759 solertiam
922 718 1089 758 suam
1124 704 1296 759 urbes
1326 705 1704 777 oppugnandi
1734 708 2068 761 ostentante

429 791 933 862 excogitabantur,
997 792 1498 863 propulsantibus.
1584 794 1840 851 Occultis
1914 794 2069 851 enim

429 878 611 951 portis
642 884 1017 952 erumpentes
1070 879 1280 936 arietes
1326 881 1738 938 disturbabant
1780 886 1837 937 et
1867 882 2070 937 incen-

426 970 681 1037 debant;
716 974 775 1025 et
805 984 938 1024 cum
1001 968 1293 1025 mcenibus
1351 972 1819 1037 admoverentur,
1852 971 2068 1028 simili-

427 1058 539 1113 bus
573 1057 893 1129 machinis,
954 1062 1023 1114 ut
1096 1075 1336 1115 araneae
1360 1060 1528 1131 telas,
1591 1061 2068 1134 perrumpebant.

431 1150 619 1215 Quare
650 1148 1040 1215 Andronicus,
1074 1165 1207 1204 cum
1265 1166 1369 1205 sua
1391 1150 1633 1206 consilia
1666 1166 1941 1207 successu
1977 1166 2071 1206 ca-

428 1254 553 1294 rere
587 1238 826 1309 videret,
860 1238 1254 1295 inhumanum
1291 1241 1513 1297 facinus
1568 1241 1828 1311 molitur,
1862 1259 1895 1298 a
1925 1259 2073 1315 pau-

426 1329 509 1382 cis
555 1332 691 1384 ante
742 1334 1115 1400 usurpatum.
1165 1335 1407 1387 Matrem
1459 1332 1663 1388 Isaacii
1710 1333 1911 1403 Angeli
1959 1337 2072 1388 Eu-

426 1416 806 1487 phrosynam,
860 1417 1135 1490 Byzantio
1192 1420 1556 1491 accersitam,
1612 1438 1769 1477 nunc
1828 1428 1892 1476 ut.
1942 1439 2075 1492 pro-

427 1505 823 1577 pugnaculum
852 1506 1142 1563 machinis
1188 1510 1451 1580 apponit,
1487 1526 1645 1567 nunc
1668 1526 1733 1565 ea
1764 1510 1930 1566 arieti
1961 1512 2073 1568 im-

427 1595 617 1665 posita
651 1595 863 1652 moenia
894 1596 1049 1663 ferit,
1082 1601 1147 1652 ut
1175 1599 1377 1654 eodem
1411 1602 1671 1671 tempore
1727 1604 1785 1656 et
1842 1606 2073 1673 specta-

427 1683 544 1739 culi
579 1684 806 1741 novitas
839 1687 896 1741 et
926 1684 1242 1742 iracundiae
1298 1688 1634 1745 immanitas
1665 1706 1699 1745 a
1740 1689 1901 1746 nullo
1957 1709 2076 1749 sce-

2177 614 2419 686 φώνειον,
2454 617 2542 669 οἷα
2602 612 2744 688 μηδὲ
2772 617 2973 688 στέγειν
3007 613 3152 690 ἔχων
3219 615 3313 670 τὸν
3357 611 3507 669 ἔνδον
3561 615 3834 689 τάραχον.

2178 700 2291 758 ἐπεὶ
2348 703 2438 758 καὶ
2492 702 2657 765 πόλις
2715 707 2748 774 ἡ
2785 704 2980 760 Νίκαια
3033 704 3194 780 αὐχεῖ
3226 705 3320 778 μὲν
3351 703 3442 759 καὶ
3497 704 3562 758 τὸ
3612 701 3676 758 ἐκ
3704 723 3833 778 κρα-

2178 798 2345 850 ταιῶν
2376 799 2575 869 τειχῶν
2604 793 2880 851 ἀνάλωτον
2910 794 2947 866 ἥ
2981 793 3294 850 δυσάλωτον
3348 797 3498 872 γοῦν,
3556 792 3621 849 ἐκ
3676 791 3841 848 πλίν-

2180 896 2277 950 θου
2308 884 2713 960 ᾠγοδομημένη
2772 891 2916 942 πᾶσα
2971 887 3161 954 ὀπτῆς
3192 885 3318 940 τότε
3347 881 3407 939 δὲ
3452 884 3540 937 καὶ
3572 903 3843 958 στρατιω-

2181 982 2290 1032 τῶν
2347 977 2424 1040 είς
2479 977 2646 1047 αὐτὴν
2705 976 3023 1052 εἶσρυὲντων
3084 976 3276 1031 ὁπόσοι
3325 973 3663 1049 ἀπεστύγουν
3718 974 3843 1030 Ἀν·

2184 1065 2453 1143 δρόνικον,
2492 1068 2582 1123 καὶ
2646 1072 2747 1122 τοῦ
2800 1065 3078 1144 Ἀγγέλου
3133 1062 3193 1120 δὲ
3247 1066 3539 1135 Ἰσαακίου,
3600 1063 3660 1126 ὅς
3721 1064 3843 1137 μετ’

2183 1155 2528 1231 Ἀνδρόνικον
2567 1156 2857 1231 Ῥωμαίων
2888 1155 3150 1233 ἐκράτησε
3202 1161 3303 1225 τῆς
3352 1151 3667 1229 τυραννίδος
3734 1174 3842 1208 πα-

2185 1247 2421 1322 ραλύσας
2471 1243 2840 1322 Ἀνδρόνικον,
2897 1247 2989 1300 καὶ
3044 1249 3146 1301 τοῦ
3206 1246 3651 1313 Καντακουζηνοῦ
3710 1249 3845 1298 Θεο-

2185 1334 2386 1411 δώρου,
2444 1337 2535 1391 καὶ
2576 1340 2794 1409 Περσῶν
2855 1334 2915 1390 ἐκ
2969 1330 3363 1409 προσκλήσεως
3411 1328 3843 1406 είσδεδεγμὲνων

2184 1422 2414 1499 ἔνδοθεν,
2450 1425 2549 1481 οὐκ
2578 1425 2747 1499 ἀγαθὰ
2777 1430 2893 1486 τοῖς
2948 1425 3213 1495 πορθοῦσι
3239 1423 3308 1477 τὰ
3358 1426 3457 1477 τοῦ
3512 1418 3844 1495 πολιορκεῖν

2185 1516 2528 1592 ἐφαντάζετο.
2589 1512 2855 1577 Πλείστας
2912 1513 3006 1568 οὗν
3060 1507 3269 1586 ἡμέρας
3299 1511 3683 1586 παριππεύσας
3717 1512 3849 1567 Ἀν-

2186 1603 2431 1680 δρόνικος
2472 1602 2627 1659 οὐδὲν
2687 1605 2869 1674 ἤνυεν,
2928 1600 3059 1657 ἀλλ’
3113 1598 3364 1671 ἄντικρυς
3435 1599 3597 1672 ἐῴκει
3654 1596 3850 1672 ὄρεσιν

2186 1696 2490 1769 ἀποτόμοις
2541 1692 2985 1769 προσφερόμενος
3044 1690 3080 1760 ἤ
3139 1695 3350 1766 πετρῶν
3422 1690 3647 1766 ῥαχίαις
3703 1710 3849 1761 συμ-

428 1774 547 1829 lere
577 1774 897 1833 abhorrens
930 1777 1383 1850 miserationem,
1430 1784 1487 1836 et
1546 1782 1902 1839 mulierculas
1935 1784 2071 1840 tole-

2184 1784 2529 1859 πλεκόμενος
2558 1781 2914 1859 παραλόγως,
2944 1783 3034 1838 καὶ
3093 1782 3227 1857 πρὸς
3284 1784 3372 1854 [Ρ.
3424 1783 3555 1853 182]
3584 1775 3851 1854 Ἄρϐηλα

428 1863 620 1920 rantia
645 1865 801 1920 360
837 1881 951 1920 non
992 1866 1120 1938 ipso
1179 1872 1338 1924 metu
1394 1871 1736 1927 examinata:
1794 1873 1852 1927 in
1909 1878 2072 1930 tanto

425 1957 666 2024 tamque
701 1952 1030 2025 periculoso
1062 1956 1280 2027 impetu
1338 1958 1785 2017 admirationem
1814 1961 2072 2019 haberet.

429 2043 508 2096 Ac
539 2045 666 2097 tum
700 2043 957 2114 primum
990 2043 1186 2101 videre
1230 2048 1507 2105 mortales
1545 2054 1805 2107 teneram
1834 2052 2073 2109 mulier-

435 2128 627 2186 culam
660 2131 1014 2189 defensionis
1044 2148 1182 2207 ergo
1213 2136 1362 2192 ferro
1418 2139 1812 2209 praepositam,
1871 2160 1935 2198 ac
1969 2143 2075 2198 mi-

440 2220 702 2276 rabiliter
736 2221 963 2277 inverso
1007 2223 1229 2294 ordine,
1290 2226 1491 2299 fragile
1548 2245 1760 2302 corpus
1818 2231 2077 2289 hominis

441 2311 796 2368 ﬁrmissimis
857 2314 1146 2372 machinis
1202 2317 1570 2389 adjunctum,
1630 2326 1694 2377 ut
1745 2324 1845 2394 qui
1903 2324 2076 2381 exiis

438 2403 779 2474 pugnabant
810 2402 1134 2460 incolumes
1183 2413 1505 2464 manerent.
1539 2409 1677 2467 Tela
1729 2428 1861 2468 vero
1883 2429 1914 2469 e
1941 2431 2075 2470 mai-

440 2491 616 2547 nibus
646 2509 808 2563 aeque
864 2508 930 2549 ac
985 2492 1169 2564 prius,
1228 2497 1327 2553 sed
1384 2501 1548 2554 tanta
1602 2502 1871 2559 cautione
1894 2504 2075 2575 jacie-

438 2581 677 2646 bantur,
709 2585 774 2636 ut
809 2580 992 2638 illaasa
1053 2584 1233 2639 nobili
1282 2586 1546 2659 muliere,
1578 2591 1747 2661 quasi
1785 2590 1884 2648 illa
1922 2594 2078 2649 nuti-

437 2671 546 2726 bus
577 2675 635 2727 et
683 2671 959 2728 manibus
999 2673 1201 2744 jacula
1247 2692 1282 2732 a
1329 2694 1392 2734 se
1441 2695 1643 2737 aversa
1699 2682 1758 2737 in
1814 2682 2075 2741 hostium

435 2760 610 2816 corda
668 2760 966 2833 deligeret,
1015 2762 1213 2822 hostes
1258 2770 1314 2822 et
1371 2768 1613 2826 ferirent
1660 2775 1716 2827 et
1770 2777 2074 2834 terrerent.

440 2851 702 2907 Immane
733 2850 887 2907 istud
921 2852 1149 2912 facinus
1179 2856 1323 2912 adeo
1373 2858 1517 2915 nihil
1566 2863 1897 2920 Andronico
1942 2882 2077 2937 pro-

439 2940 568 3007 fuit,
603 2944 668 2996 ut
698 2941 1025 2999 Nicaeenses
1078 2946 1225 3002 facta
1275 2954 1450 3005 noctu
1501 2953 1803 3023 eruptione
1845 2961 1901 3010 et
1949 2973 2076 3012 ma-

436 3029 640 3086 chinas
683 3030 1077 3104 incenderent,
1153 3038 1211 3091 et
1273 3037 1514 3095 muliere
1564 3041 1702 3098 fune
1761 3043 1819 3099 in
1868 3046 2073 3102 urbem

431 3122 677 3231 attracta
704 3136 831 3231 e'um
860 3126 1141 3227 tanquam
1192 3125 1469 3184 Phineum
1520 3130 1592 3185 ab
1640 3132 1885 3207 Harpyia
1933 3152 2073 3207 spo-
2110 3161 2155 3231 α

432 3209 639 3266 liatum
693 3212 918 3284 plorare
970 3216 1249 3285 sinerent,
1300 3236 1413 3277 non
1468 3222 1778 3283 habentem
1827 3244 1940 3300 quo
1995 3230 2073 3286 fa-

437 3314 590 3355 mem
640 3301 956 3361 iracundiaa
999 3322 1116 3362 suae
1177 3308 1449 3380 expleret.
1502 3314 1585 3368 Ita
1633 3314 1960 3375 Nicaeenses
2006 3321 2077 3376 ab

437 3387 582 3460 ipsis
614 3389 882 3449 hostibus
916 3394 1147 3451 laudem
1202 3397 1565 3458 fortitudinis
1596 3405 1744 3460 367
1781 3410 2077 3466 consecuti

441 3478 688 3549 majores
719 3482 947 3540 animos
994 3496 1381 3558 conceperunt
1426 3496 1601 3564 atque
1643 3495 1922 3554 audacius
1969 3516 2079 3569 pu-

438 3577 775 3643 gnaverunt,
811 3589 923 3629 non
955 3576 1166 3631 moenia
1197 3582 1424 3635 tantum
1446 3588 1685 3639 strenue
1714 3584 2076 3645 defendendo

439 3661 496 3714 et
542 3661 936 3718 Andronicum
998 3665 1254 3723 dicteriis
1318 3669 1663 3743 incessendo
1708 3680 1774 3731 ut
1827 3677 2074 3746 lanium,

437 3764 640 3804 canem
681 3752 1150 3824 sanguinarium,
1201 3765 1366 3828 putre
1416 3759 1799 3834 silicernium,
1859 3766 2075 3824 malum

438 3837 789 3911 immortale,
822 3840 1130 3900 hominum
1164 3845 1421 3914 Furiam,
1472 3850 1875 3922 mulierosum,
1918 3855 2077 3912 Pria-

441 3943 582 4001 pum
631 3928 881 3987 Tithono
935 3936 992 3987 et
1053 3937 1305 3992 Saturno
1369 3940 1762 4012 annosiorem,
1832 3943 2081 4017 denique

442 4015 600 4073 nullo
649 4018 1004 4090 turpissimae
1068 4022 1148 4078 rei
1196 4025 1474 4083 vocabulo
1536 4029 1905 4103 abstinendo,
1979 4015 2078 4090 sed

2175 1876 2263 1931 καὶ
2318 1875 2481 1954 τείχη
2544 1872 2999 1947 διαμιλλώμενος
3048 1872 3407 1946 Σεμιράμεια,
3469 1872 3506 1939 ἢ
3587 1869 3853 1946 βέλεμνα

2178 1966 2408 2039 πέμπων
2434 1966 2571 2040 πρὸς
2604 1963 2849 2038 οὐρανόν.
2907 1964 2975 2020 O't
3030 1961 3131 2039 γὰρ
3189 1957 3334 2015 ἔνδον
3383 1958 3634 2032 ἐκθύμως
3688 1959 3845 2033 ἐμά-

2179 2076 2369 2132 χοντο,
2401 2054 2490 2109 καὶ
2539 2051 2735 2115 ὅπλοις
2798 2051 2891 2124 μὶν
2939 2049 3035 2111 τὰς
3095 2046 3167 2104 δι’
3224 2047 3413 2103 ὅπλων
3468 2047 3851 2123 ἀπεκρούοντο

2179 2140 2515 2220 προσϐολὰς,
2555 2146 2820 2217 μηχανῶν
2854 2138 2913 2195 δὶ
2962 2143 3317 2200 κατασκευαῖς
3358 2137 3697 2212 ἀπηχρείουν
3749 2135 3849 2191 τὲ.

2181 2233 2311 2289 λεον
2350 2234 2415 2288 τὰ
2445 2236 2554 2287 τῶν
2585 2235 2795 2305 πετρῶν
2829 2230 3117 2306 ἀφετήρια,
3164 2226 3301 2301 ’ἀπερ
3345 2227 3374 2281 ὁ
3417 2227 3676 2301 βαθύνους
3712 2226 3851 2281 Ἀν-

2184 2320 2432 2395 δρόνικος
2464 2317 2794 2374 ἐτεκταίνετο
2845 2318 2981 2391 (14),
3039 2314 3385 2390 τειχομάγια
3437 2314 3593 2367 ἱστῶν
3657 2310 3849 2386 βελο-

2183 2411 2373 2466 στάσιά
2429 2429 2488 2464 τε
2541 2408 2630 2463 καὶ
2685 2406 2989 2482 ὀρυκτῆρας
3044 2404 3500 2479 ἐπιτεχνώμενος,
3528 2403 3617 2457 καὶ
3676 2401 3730 2456 εἴ
3788 2422 3848 2456 τι

2181 2497 2361 2575 ἓτερον
2395 2496 2635 2553 διαλύειν
2668 2493 2786 2571 ἔχει
2817 2489 3112 2569 περίϐολον
3173 2492 3389 2555 πόλεως
3446 2491 3841 2566 ἐργαζόμενος,

2182 2588 2273 2644 καὶ
2305 2586 2771 2666 φιλοτιμούμενος
2827 2583 2962 2659 πρὸς
2989 2583 3118 2646 τοὺς
3148 2583 3441 2656 παρόντας,
3479 2580 3556 2642 ὡς
3588 2579 3734 2635 πολὺ
3776 2580 3840 2634 τὸ

2182 2676 2319 2733 κατᾶ
2344 2677 2439 2741 τὰς
2485 2680 2595 2731 τῶν
2642 2674 2860 2729 πόλεων
2917 2672 3153 2735 ἁλώσεις
3180 2669 3409 2741 ἐνδὲξιον
3440 2666 3712 2743 ηὔχησεν.
3775 2669 3838 2725 Ὁ

2187 2768 2412 2846 μὲνγὰρ
2447 2764 2677 2843 ἐπηγνυε
2734 2765 2828 2825 τὰς
2888 2761 3197 2827 ἑλεπόλεις,
3254 2761 3345 2816 καὶ
3402 2761 3501 2829 τὴν
3536 2756 3837 2837 σφενδόνην

2181 2860 2609 2936 περιειργάζετο,
2642 2857 2731 2911 τὸν
2757 2854 2927 2932 λύγον
2983 2875 3040 2909 τε
3096 2853 3186 2908 καὶ
3225 2853 3319 2907 τὸν
3376 2849 3684 2928 στρόφαλον
3743 2850 3835 2904 καὶ

2180 2951 2272 3007 τὸν
2330 2946 2763 3025 τειχεσιπλήτην
2817 2946 2968 3020 κριὸν
3024 2941 3236 3018 σιδήρῳ
3280 2942 3595 3020 ἐφράγνυεν·
3658 2941 3712 2995 οἱ
3781 2938 3840 2995 Si

2181 3043 2403 3103 Νικαεῖς
2430 3038 2554 3093 τοτὶ
2598 3038 2691 3110 μὶν
2721 3035 2826 3089 ἀπὸ
2865 3031 3111 3090 πυλίδων
3167 3030 3391 3102 ἀδῆλων
3432 3030 3839 3105 ἐκθρώσκοντες

2180 3140 2283 3203 τῆς
2331 3130 2547 3193 πόλεως
2593 3127 2723 3205 πυρῖ
2763 3124 3121 3202 παρεδίδοσαν
3187 3125 3277 3180 καὶ
3335 3124 3490 3199 χερσὶ
3550 3122 3837 3177 κατέσπων

2182 3224 2248 3279 τὰ
2309 3221 2710 3297 μηχανήματα,
2766 3217 2892 3272 τοτὲ
2950 3213 3009 3271 δὶ
3063 3213 3448 3291 προσαγόμενα
3485 3211 3696 3287 τείχεσι
3764 3208 3849 3265 δι’

2184 3311 2380 3387 ἑτέρων
2420 3309 2631 3382 ὁμοίων
2684 3307 2927 3382 ὀργάνων
2982 3304 3111 3359 ὡσεὶ
3167 3304 3257 3358 καὶ
3318 3302 3561 3377 ἀράχνης
3617 3298 3840 3355 διέλυον

2183 3403 2421 3472 νήματα,
2463 3395 2602 3452 ὥστε
2656 3395 2747 3451 καὶ
2798 3391 3150 3469 Ἀνδρόνικος
3208 3391 3284 3454 εἲς
3341 3391 3493 3446 κενὸν
3559 3392 3845 3465 σχάζοντα

2184 3491 2325 3563 ὁρῶν
2355 3489 2422 3543 τὰ
2453 3489 2645 3543 ἐαυτοῦ
2676 3479 2967 3540 διαϐούλια
2998 3483 3167 3538 ἐννοεῖ
3219 3503 3275 3537 τι
3323 3481 3687 3554 ἀπάνθρωπον
3744 3479 3847 3534 καὶ

2184 3579 2400 3655 ὀλίγοις
2429 3575 2600 3633 πάλαι
2630 3575 3009 3651 καταπραχθὶν
3058 3570 3418 3646 πολιορκοῦσί
3474 3591 3534 3626 τε
3584 3568 3677 3624 καὶ
3735 3591 3849 3625 πο-

2187 3668 2604 3744 λιορκουμένοις
2669 3663 2881 3737 ἔξωθεν.
2947 3663 3060 3731 Τήν
3106 3664 3211 3737 γὰρ
3241 3661 3510 3718 Ἰσαακίου
3568 3657 3666 3714 τοῖ’)
3699 3661 3848 3735 Ἀγ-

2182 3759 2346 3836 γέλου
2381 3756 2587 3831 μητέρα
2608 3756 2706 3825 τὴν
2739 3751 3097 3829 Εὐφροσύνην
3147 3749 3206 3806 ἐκ
3236 3751 3530 3820 Βυζαντίου
3559 3747 3846 3820 ἀνακομί-

2185 3869 2279 3909 σας
2308 3851 2400 3901 νῦν
2439 3846 2532 3919 μὲν
2576 3844 2651 3906 ὡς
2682 3838 2987 3918 πρόϐλημα
3026 3839 3303 3915 προύτίθει
3332 3844 3441 3894 τῶν
3494 3836 3844 3905 ἑλεπόλεων,

2184 3941 2277 3993 νῦν
2310 3934 2367 3991 δὶ
2396 3941 2474 4008 τῷ
2504 3938 2643 4008 κριῷ
2673 3927 3068 3987 ἐπαναϐάλλων
3127 3930 3204 3991 ὡς
3261 3928 3313 3984 ἐν
3369 3928 3619 4002 ὀχήματι
3656 3944 3848 3999 προσ-

2186 4034 2316 4103 ῆγεν
2349 4025 2494 4080 οὕτω
2522 4027 2602 4096 τῷ
2631 4021 2801 4096 τείχει
2834 4021 2896 4076 τὸ
2933 4020 3265 4094 μηχάνημα.
3323 4019 3419 4087 Τῷ
3475 4037 3560 4071 τοι
3609 4021 3697 4069 καί
3754 4016 3845 4103 Ῠῆν

2188 4102 2437 4189 δακρύειν
2480 4112 2531 4168 ἐν
2560 4112 2744 4183 ταύτῷ
2770 4111 2861 4165 καὶ
2914 4112 3225 4182 θαυμάζειν,
3294 4106 3540 4181 δακρύειν
3604 4106 3696 4178 μὶν
3746 4102 3847 4160 διὰ

2185 4207 2247 4263 τὸ
2276 4210 2372 4260 τοῦ
2403 4204 2678 4278 ὁράματος
2713 4201 3071 4274 καινότροπον
3105 4200 3194 4254 καί
3225 4198 3288 4254 τὸ
3316 4202 3416 4252 τοῦ
3449 4199 3625 4269 θυμοῦ
3658 4196 3848 4251 πάντα

441 4105 615 4162 etiam
664 4107 882 4165 relictis
937 4115 1395 4185 propugnaculis
1458 4117 1640 4188 portis
1700 4124 2078 4193 erumpendo.

440 4196 838 4254 Andronicum
864 4214 995 4256 vero
1045 4201 1231 4272 pallor
1274 4204 1475 4262 vultus
1520 4213 1579 4264 et
1624 4209 1919 4267 oculorum
1962 4212 2084 4269 dis-

446 4289 594 4340 torta
660 4291 814 4345 acles
861 4292 919 4344 et
960 4291 1163 4348 crebra
1206 4295 1506 4365 promisse
1555 4315 1621 4354 ac
1666 4299 1728 4355 in
1780 4301 2074 4358 cincinnos

2189 4296 2315 4373 ῥᾷον
2345 4300 2542 4363 ποιεῖν,
2573 4294 2664 4348 καὶ
2699 4288 2970 4367 μηδεμίαν
3000 4294 3108 4346 τῶν
3165 4290 3529 4361 ξενακούστων
3580 4287 3673 4341 καὶ
3734 4293 3847 4356 τῆς

439 4374 728 4433 distinctas
777 4378 971 4434 barbis
1020 4380 1294 4453 implexio
1355 4384 1443 4442 ira
1502 4404 1626 4445 esse
1686 4390 1966 4461 percitum
2030 4396 2074 4448 et

2190 4382 2537 4462 ἀνθρωπίνης
2566 4381 2777 4462 φύσεως
2814 4380 3128 4454 ἀλλοτρίων
3185 4376 3661 4450 ὑποστελλόμενον
3694 4380 3851 4451 πρᾶ-

438 4464 602 4521 dolos
633 4474 847 4523 struere
880 4468 1277 4530 Nicaeensibus
1325 4475 1633 4533 manifeste
1685 4478 2074 4537 declarabant.

2190 4479 2289 4549 ειν,
2321 4474 2717 4545 ἐκπλήττεσθαι
2748 4469 2792 4527 δ’
2822 4472 2978 4535 ’ὁπως
3016 4470 3117 4525 οὐκ
3172 4468 3440 4539 ἐτεθνήκει
3494 4471 3575 4538 τῷ
3607 4463 3719 4521 δέει
3779 4467 3849 4521 τὸ

437 4553 543 4607 Sed
606 4554 743 4624 quia
806 4557 1022 4614 famem
1073 4560 1433 4620 crudelitatis
1481 4581 1598 4622 sum
1659 4573 1922 4626 saturare
1966 4588 2074 4627 non

2191 4527 2289 4549 "'7
2324 4527 2526 4545 ν--η-ηι⁷
2551 4527 2587 4529 -ν
2643 4527 2646 4528 ν
2961 4527 2976 4535 -
3266 4527 3281 4534 ν
3342 4527 3352 4539 ι
3550 4527 3560 4538 .

2191 4566 2411 4644 γύναιον
2456 4563 2566 4619 ἅνω
2596 4566 2705 4618 τῶν
2743 4560 3161 4640 μηχανημάτων
3219 4558 3524 4631 καθήμενον
3591 4557 3683 4610 καὶ
3721 4562 3849 4617 τοῖς

440 4645 689 4712 poterat,
731 4644 937 4700 urbem
994 4655 1212 4721 saepius
1249 4655 1447 4709 eodem
1494 4655 1587 4712 die
1634 4673 1849 4714 corona
1897 4661 2074 4733 cinge-

2184 4655 2390 4729 τείχεσι
2430 4659 2531 4722 τῆς
2561 4649 2776 4711 πόλεως
2817 4649 3248 4724 προσαγόμενον,
3307 4645 3397 4701 ὅτε
3448 4645 3539 4699 καὶ
3596 4645 3850 4719 πρώτως

437 4732 572 4819 bat;
623 4736 680 4787 et
728 4736 789 4788 ut
838 4749 967 4790 ursa
1012 4737 1219 4793 catulis
1267 4740 1389 4796 suis
1435 4743 1682 4813 spoliata
1743 4745 1859 4803 hue
1911 4732 2074 4819 atque

2185 4744 2455 4800 τεθέανται
2483 4740 2761 4815 ἄνθρωποι
2792 4738 3013 4813 σαρκίον
3045 4737 3255 4793 ἁπαλὸν
3293 4736 3383 4791 καὶ
3438 4738 3593 4790 τοῦτο
3637 4753 3850 4809 γυναι-

436 4818 578 4875 illuc
607 4823 987 4889 transeundo,
1035 4824 1289 4897 legiones
1319 4829 1610 4900 suspiriis,
1652 4832 1921 4891 tribunos
1964 4818 2074 4891 ver-

2187 4839 2330 4889 κεῖον
2365 4830 2442 4891 εἷς
2476 4824 2649 4904 ἔρυμα
2685 4825 2919 4903 σιδήρου
2947 4822 3425 4903 προϐεϐλημένον,
3454 4822 3539 4879 καὶ
3600 4823 3704 4893 τήν
3736 4823 3849 4877 τά.

439 4908 531 4966 bis
558 4910 899 4981 castigabat,
946 4914 1097 4984 quod
1151 4914 1369 4971 bellum
1419 4920 1656 4991 segnius
1706 4923 2074 4981 administra-

2184 4925 2261 4993 ειν
2294 4919 2711 4995 ἐνηλλαγμένην
2769 4918 2859 4972 καὶ
2892 4914 3288 4990 μεταπηδῶσαν
3320 4916 3372 4979 ἐς
3432 4914 3493 4970 τὸ
3545 4911 3849 4987 ἀνόμοιον,

437 5010 586 5075 rent,
618 5003 878 5061 hostium
911 5018 1295 5075 congressum
1327 5007 1795 5067 reformidantes.

2187 5012 2261 5073 ὡς
2312 5008 2478 5083 δὲμας
2537 5009 2630 5082 μὲν
2659 5007 2881 5069 εὐπαθὲς
2938 5006 3028 5061 καὶ
3089 5006 3425 5080 ἀνθρώπινον
3475 5007 3584 5057 τῶν
3624 5003 3853 5058 ἀντιτύ-

436 5119 553 5155 πων
582 5096 962 5173 προεκκεῖσθαι
1000 5096 1424 5171 μηχανημάτων
1469 5095 1545 5159 εἷς
1577 5095 1913 5171 ἀποσόόησιν
1945 5108 2042 5157 τοῦ
2075 5102 2281 5178 χαλκὸν
2338 5099 2652 5178 ἐγχρίπτειν
2715 5095 2935 5172 χαλκῷ,
2993 5095 3218 5171 σίδηρον
3274 5093 3331 5151 δὲ
3396 5093 3854 5171 περιστελλόμε-

435 5210 527 5245 νον
568 5188 858 5264 ἀνθρώπου
901 5186 1137 5261 σώματι.
1171 5188 1300 5249 Τοῖς
1325 5184 1372 5243 δ’
1403 5186 1462 5243 ἐκ
1493 5192 1600 5244 τῶν
1658 5195 1860 5267 τειχῶν
1917 5191 2092 5257 οὕτως
2151 5192 2393 5252 ἀτεχνῶς
2449 5191 2517 5245 τὰ
2560 5187 2693 5262 βέλη
2763 5187 3031 5262 ἐφρένωτο
3099 5185 3173 5248 ώς
3230 5184 3477 5261 ἀφίεσθαι
3540 5185 3633 5257 μὲν
3696 5186 3855 5248 καθᾶ

437 5281 524 5335 καὶ
580 5282 846 5357 πρότερον
903 5279 993 5334 καὶ
1052 5276 1314 5351 πλήττειν
1372 5278 1502 5345 τοὺς
1585 5281 1837 5346 ἐπιόντας
1895 5284 1984 5339 καὶ
2068 5281 2490 5353 καταπλήττειν,
2569 5278 2736 5349 αὐτὴν
2794 5277 2850 5333 δὲ
2921 5280 3021 5347 τήν
3079 5275 3269 5352 εὐγενῆ
3367 5281 3595 5351 γυναῖκα
3651 5279 3852 5331 κακῶν

1810 5406 1981 5470 Hier.
2022 5407 2233 5470 Wolﬁi
2270 5409 2459 5467 notas.

511 5524 1036 5614 tijl‘ttu‘ne_loeum
1072 5531 1389 5614 generatim
1421 5549 1553 5590 sum
1585 5532 2021 5605 interpretatus,
2054 5531 2190 5606 quia
2220 5528 2456 5604 propria
2474 5526 2757 5585 voeabula
2798 5543 2912 5584 non
2944 5526 3354 5600 suppetebant,
3385 5529 3445 5582 et
3470 5525 3853 5599 periphrasi-

441 5596 791 5664 permolesta
820 5602 1018 5659 futura
1045 5596 1365 5662 videbatur.
1739 5596 1758 5605 ’
2007 5596 2089 5606 "
2221 5596 2241 5604 '
2329 5596 2348 5601 '
3019 5596 3039 5600 '
3064 5596 3078 5599 '
3474 5596 3487 5597 ί
3604 5596 3633 5633 τ.
