4112 6218
269 338 385 398 637
1309 339 1412 397 DE
1453 336 1914 399 ANDRONICO
1957 336 2338 398 COMNENO
2382 339 2540 400 LIB.
2587 338 2634 397 Ι.
3558 337 3676 397 638

261 469 642 535 ἀπαθεστᾶτην
675 472 884 538 τηρεῖν,
919 467 992 528 ὠς
1049 466 1200 542 εἴπερ
1239 469 1327 524 καὶ
1377 470 1535 544 χερσὶ
1575 471 1666 526 καὶ
1723 469 1979 544 νεύμασιν
2036 470 2088 540 ἐξ
2147 471 2340 539 ἐαυτῆς
2404 476 2608 545 μετῆγε
2661 470 2727 523 τὰ
2770 468 3029 544 βέλεμνα,
3063 469 3137 531 εἰς
3167 467 3224 524 δὶ
3257 471 3354 534 τὰς
3383 475 3489 526 τῶν
3523 471 3680 525 ἀντι-

258 560 442 613 θέτων
498 554 723 630 καρδίας
786 557 918 612 αὐτὰ
972 559 1328 629 κατέπησσει.
1391 561 1468 618 Οὐ
1530 561 1693 633 μόνον
1744 561 1924 616 τοίνυν
1973 560 2026 621 ἐς
2081 558 2232 615 οὐδὲν
2287 562 2568 635 χρήσιμον
2625 561 2724 629 τὴν
2776 559 3141 635 ἀπάνθρωπον
3195 561 3394 631 ταύτην
3435 561 3673 616 ἐπίνοιαν

257 647 650 719 καταλήξασαν
712 643 850 702 εἶδεν
909 644 1280 721 Ἀνδρόνικος,
1340 646 1486 704 ἀλλὰ
1548 650 1638 705 καὶ
1704 650 1898 712 νυκτὸς
1965 648 2191 720 ἐξιόντες
2250 650 2302 704 οἳ
2356 655 2572 711 Νικαεῖς
2627 649 2720 711 τὰς
2777 670 2835 703 τε
2891 649 3140 724 μηχανὰς
3189 649 3320 722 πυρῖ
3374 649 3674 724 παρέδοσαν

258 739 360 793 καὶ
418 738 517 806 τήν
587 742 816 814 γυναῖκα
874 735 962 792 διὰ
1021 737 1289 813 μηρίνθου
1357 742 1692 814 ἀνιμήσαντο
1759 743 1794 812 ἢ
1858 739 1932 802 ὠς
1988 741 2245 813 Ἅρπυιαι
2288 740 2666 814 ἀνηρείψαντο,
2724 737 3068 813 ’Δνδρόνικον
3102 737 3159 794 δὲ
3189 740 3264 801 ὡς
3305 739 3470 794 Φινέα
3502 739 3673 795 ἄλλον

260 831 524 896 παρῆκαν
582 825 845 898 ἄχθεσθαι
910 825 986 896 μή
1040 820 1238 898 ἔχοντα
1279 824 1308 880 δ
1360 830 1614 881 πεινῶντι
1673 831 1750 898 τῷ
1814 829 1971 899 θυμῷ
2025 827 2414 902 παραϐήσεται.
2472 827 2569 880 Καὶ
2625 823 2786 888 κλέος
2862 824 3098 880 ἐντεῦθεν
3157 824 3294 900 μέγα
3354 824 3435 879 ἐπ’
3489 821 3677 898 ἀνδρίᾳ

256 915 421 989 παρά
475 918 591 975 τοῖς
651 913 916 974 ἐναντίοις
972 915 1303 987 κτησάμενοι
1360 916 1412 969 οὶ
1474 917 1696 978 Νικαεῖς
1751 909 1830 969 ἔτι
1891 913 2104 987 μᾶλλον
2158 913 2544 988 ἠρῥενώθησαν
2606 915 2671 970 τὰ
2727 917 3050 991 φρονήματα
3097 913 3185 969 καὶ
3233 917 3330 979 τῆς
3381 914 3567 988 μάχης
3609 913 3677 981 ἥ-

251 1025 469 1058 πτοντο
499 1002 928 1077 εὐθαρσέστερον.
979 1001 1092 1059 Ούκ
1144 1003 1250 1058 ἀπὸ
1305 1009 1414 1060 τῶν
1475 1009 1675 1079 τειχῶν
1736 1001 1794 1059 δὲ
1854 1006 2019 1077 μόνον
2077 1003 2512 1081 προφαινόμενοι
2569 1003 2700 1079 ἔργα
2753 1010 2970 1079 γενναῖα
3019 1001 3408 1072 ἐπεδείκνυντο,
3438 1003 3528 1057 καὶ
3557 1007 3678 1058 Ἀν-

254 1090 519 1165 δρόνικον
583 1090 908 1163 σκώμμασιν
969 1085 1222 1160 ἔπλυνον,
1272 1091 1646 1167 μακελλάριον
1708 1093 1868 1148 αὐτὸν
1960 1091 2364 1154 ἀποκαλουντες
2421 1094 2508 1147 καὶ
2581 1093 2710 1148 κύνα
2776 1093 3106 1169 φιλαίματον
3173 1093 3264 1147 καὶ
3331 1092 3675 1166 σαπρόγηρον

251 1181 354 1236 καὶ
387 1181 551 1235 κακὸν
585 1179 846 1234 ἀθάνατον
914 1181 1004 1234 καὶ
1069 1182 1370 1254 ἀνθρώπων
1411 1183 1650 1257 Ἐριννὺν
1707 1182 1797 1237 καὶ
1851 1182 2156 1259 φιλογύνην
2211 1183 2301 1236 καὶ
2360 1183 2608 1254 Πρίηπον
2669 1185 2914 1246 Τιθωνοῦ
2963 1203 3022 1236 τε
3079 1183 3168 1237 καὶ
3225 1181 3439 1255 Κρόνου
3497 1181 3676 1235 πολυ-

255 1271 568 1343 ετέστερον,
601 1271 688 1324 καὶ
725 1269 776 1324 εἷ’
797 1291 849 1324 τι
881 1270 1167 1345 αἴσχιστον
1201 1271 1343 1327 ἄλλο
1400 1279 1628 1348 πρᾶγμα
1693 1271 1785 1326 καὶ
1825 1273 2020 1344 ὃνομα,
2052 1271 2201 1327 ἆλλά
2255 1273 2360 1327 κάκ
2397 1276 2478 1342 [Ρ.
2537 1274 2659 1344 183]
2687 1277 2794 1326 τῶν
2829 1270 3126 1342 ἐπάλξεων,
3157 1273 3230 1332 ὡς
3270 1268 3456 1344 εἶ’ρηκε
3491 1271 3553 1325 τὸ
3585 1271 3676 1325 λέ-

255 1382 407 1435 γειν,
439 1357 860 1430 καταπηδῶντες
893 1357 1230 1434 διεξεχέοντο
1272 1365 1377 1416 τῶν
1423 1367 1632 1417 πυλῶν.
1697 1359 2044 1435 Ἀνδρόνικος
2103 1359 2160 1416 δὲ
2198 1366 2275 1433 τῷ
2332 1363 2688 1436 ὑπωχριῶντι
2741 1365 2837 1416 τοῦ
2868 1363 3168 1434 προσώπου
3199 1359 3286 1415 καί
3318 1365 3395 1432 τῷ
3431 1362 3506 1434 μή
3539 1359 3678 1415 κατὰ

251 1451 428 1527 φύσιν
483 1453 578 1503 τοῦ
635 1448 959 1523 βλέμματος
1009 1449 1217 1522 καὶτῷ
1273 1448 1548 1514 πολλάκις
1604 1451 1677 1512 ὠς
1737 1451 1788 1504 ἐν
1840 1449 1975 1523 ἱστῷ
2034 1451 2362 1530 ὑφαινούσης
2419 1456 2487 1525 τῇ
2554 1449 2806 1522 δακτύλῳ
2846 1452 3204 1525 περιελίττειν
3246 1450 3309 1504 τὸ
3361 1469 3675 1524 κατακεχυ-

252 1544 429 1613 μένον
459 1539 548 1593 καὶ
582 1536 964 1613 βοστρυχῶδες
1003 1541 1100 1607 τῆς
1134 1537 1410 1613 γενειάδος
1444 1542 1786 1614 θυμομαχῶν
1839 1537 2138 1614 προδήλως
2183 1538 2452 1595 ἐδείκνυτο
2492 1540 2582 1595 καὶ
2615 1538 2812 1601 δόλους
2844 1539 3077 1618 ὑφαίνων
3106 1539 3244 1594 κατά
3269 1543 3376 1594 τῶν
3413 1540 3672 1594 Νικαέων.

244 1631 312 1686 ’Δ
327 1628 487 1702 μέλει
522 1626 662 1700 μηδὲ
691 1629 871 1707 φέρειν
910 1623 1056 1702 ἔχων
1084 1630 1148 1682 τὸ
1174 1634 1282 1684 τῶν
1315 1623 1461 1684 ἔνδον
1521 1627 1772 1698 αὔθαδες,
1831 1629 2125 1702 λιμώττων
2181 1628 2238 1684 δὲ
2285 1629 2362 1692 ὠς
2394 1630 2537 1684 κύων
2572 1627 2870 1690 Δαυϊδικῶς
2904 1628 3070 1683 εἷ’πεῖν
3105 1628 3164 1683 ἐκ
3190 1632 3287 1682 τοῦ
3323 1630 3398 1700 μὴ
3433 1623 3580 1701 ἔχειν
3612 1628 3674 1680 τὸ

250 1719 838 1790 κατωθοινησόμενον,
869 1717 1232 1792 περιεκύκλου
1261 1721 1359 1788 τὴν
1388 1719 1550 1775 πόλιν
1583 1727 1685 1789 τῆς
1714 1719 1925 1794 ἡμέρας
1958 1719 2252 1784 πολλάκις,
2285 1721 2376 1773 καὶ
2407 1719 2482 1781 ὠς
2513 1721 2696 1792 ἠπορη
2710 1720 2838 1792 μὲνη
2872 1718 3072 1792 ἄρκτος
3094 1715 3226 1792 τῇδε
3266 1717 3477 1771 κάκεῖσε
3513 1737 3676 1788 μεταη

252 1813 473 1887 χωρῶν
504 1804 851 1876 κατεστέναζε
878 1811 986 1862 τῶν
1035 1809 1356 1884 ταγμάτων,
1387 1809 1477 1864 καὶ
1525 1814 1643 1872 τοῖς
1674 1809 1992 1883 ταξιάρχαις
2033 1809 2368 1879 ἐπέπληττεν
2417 1808 2490 1870 ὠς
2535 1807 2712 1880 δήπου
2764 1807 3187 1882 βλακευομένοις
3228 1807 3351 1881 περὶ
3381 1807 3471 1860 τὸν
3501 1805 3672 1860 πόλε-

257 1919 379 1972 μον
407 1902 496 1953 καί
523 1897 624 1965 τὴν
647 1898 940 1971 παράταξιν
977 1897 1382 1955 ὑπεκλλίνουσι.

344 2051 411 2125 γ’.
444 2048 768 2122 Τολμητίας
821 2048 866 2104 δ’
924 2044 999 2104 ὧν
1050 2051 1078 2104 ὁ
1132 2051 1567 2121 Καντακουζηνές
1618 2049 1921 2126 Θεόδωρος,

2108 2054 2160 2106 3.
2195 2055 2266 2108 At
2286 2054 2718 2108 Cantacuzenns
2749 2051 3112 2117 Theodorus,
3163 2055 3332 2106 aetate
3369 2054 3540 2121 atque
3574 2066 3674 2103 au-

248 2137 358 2194 καὶ
388 2143 458 2212 τῇ
489 2138 640 2212 ἀκμῇ
672 2145 770 2208 τῆς
819 2136 1040 2207 ἡλικίας
1089 2137 1188 2194 ὅσα
1231 2139 1320 2194 καὶ
1366 2139 1515 2201 οἶνος
1570 2138 1703 2208 ζέων
1733 2139 1923 2194 νεωστὶ

248 2223 696 2300 ληνοϐ-ατηθεές,
756 2226 888 2283 ἰδών
958 2250 1092 2285 ποτε
1141 2230 1233 2284 τὸν
1292 2227 1520 2304 βασιλέα
1570 2227 1922 2304 Ἀνδρόνικον

243 2320 365 2386 τήν
397 2319 560 2374 πόλιν
594 2318 870 2392 περιιόντα
920 2320 1056 2393 μετά
1095 2317 1227 2390 ἴλης
1279 2327 1489 2399 συχνῆς
1535 2320 1624 2375 καὶ
1679 2319 1922 2374 εὐιππων

245 2412 582 2483 ταγμάτων,
641 2407 1010 2472 ένθουσιωδῶς
1094 2408 1363 2481 πλησθεὶς
1441 2411 1766 2485 ὁρμήματος
1833 2411 1923 2466 καὶ

245 2497 357 2554 ad
395 2503 502 2552 τῶν
536 2498 689 2571 ἑῴων
748 2497 937 2553 πυλῶν
991 2497 1382 2563 ἀνακλιθεισῶν
1442 2499 1516 2562 ὡς
1576 2501 1722 2579 εἶχεν
1771 2500 1927 2564 εὐθὺς

239 2587 521 2661 ἔκθορὼν,
590 2586 940 2666 ἐφεπομένων
1000 2587 1147 2659 αύτῷ
1205 2588 1295 2642 καὶ
1362 2610 1524 2643 τινων
1585 2589 1924 2665 εὐαρίθμῶν,

237 2678 374 2732 κατ’
411 2673 762 2752 Ἀνδρονίκου
793 2677 1014 2732 τιταίνει
1063 2678 1126 2732 τὸ
1171 2675 1301 2751 δόρυ
1357 2675 1443 2732 διὰ
1475 2682 1583 2732 τῶν
1616 2680 1926 2753 προμάχων

239 2765 487 2841 χωρῶν.
558 2762 937 2841 Σφοδροτέραν
1008 2762 1065 2821 δὲ
1122 2766 1452 2840 ποιούμενος
1511 2769 1608 2836 τήν
1669 2765 1920 2822 ἐπέλασιν

238 2857 350 2910 καὶ
409 2857 653 2929 συνεχῶς
712 2855 1000 2930 κεντρίζων
1054 2856 1147 2910 τὸν
1201 2856 1376 2910 ἳππον
1436 2856 1527 2909 καὶ
1579 2855 1782 2930 βιάζων
1828 2856 1925 2911 ἇν-

239 2962 452 3016 τικρυς
508 2943 788 3012 ἵπτασθαι,
859 2943 989 3018 οὐχὶ
1047 2943 1298 3021 φέρεσθαι
1358 2944 1433 3008 ὡς
1499 2945 1532 3013 ἡ
1601 2944 1756 3023 φύσις
1797 2944 1923 3005 τοὺς

240 3030 436 3093 πόδας
497 3031 818 3103 ἐπτέρωσεν,
878 3026 1066 3095 ἔλαθεν
1128 3033 1314 3087 ἑαυτὸν
1367 3031 1768 3096 ἀπολωλεκώς’
1828 3039 1924 3088 τοῦ

249 3124 372 3197 γὰρ
401 3123 578 3176 ’ἰππου
637 3117 1137 3194 κενεμϐατήσαντος
1193 3121 1284 3176 καὶ
1333 3126 1513 3184 κακῶς
1573 3122 1676 3178 ὑπὸ
1727 3120 1926 3196 βέλους

245 3211 532 3272 παθόντος
588 3214 873 3274 κάντεῦθεν
930 3210 1016 3264 ἐπὶ
1075 3211 1202 3285 γόνυ
1263 3210 1564 3282 κλιθέντος,
1619 3219 1716 3281 τῆς
1763 3209 1924 3286 ἕδρας

243 3295 646 3356 ἀποϐάλλεται
701 3299 788 3355 ἐπὶ
843 3301 1090 3376 βρεχμὸν
1145 3301 1434 3375 κατώκαρα
1463 3300 1662 3373 πεσὼν,
1694 3302 1785 3356 καὶ
1818 3305 1924 3356 τῶν

2033 2141 2198 2198 dacia
2220 2141 2646 2208 fervidus,cum
2664 2140 3062 2196 Andronicum
3077 2156 3210 2195 cum
3235 2139 3436 2194 multis
3467 2138 3676 2192 ccbcr—

2035 2233 2188 2288 tibus
2221 2240 2276 2288 et
2307 2233 2569 2304 equitum
2608 2231 2813 2286 turmis
2846 2231 3044 2288 urbem
3108 2227 3383 2285 cicumire
3414 2228 3680 2295 vidisset,

2033 2320 2201 2392 quasi
2233 2320 2471 2375 numine
2503 2321 2732 2374 afﬂatus
2771 2318 3051 2373 Orientali
3086 2321 3248 2386 porta
3297 2333 3432 2373 cum
3475 2316 3678 2387 paucis

2034 2410 2312 2480 erumpit,
2345 2410 2498 2464 368
2514 2412 2892 2480 perruptaque
2907 2407 3096 2478 prima
3109 2406 3228 2462 acie
3243 2407 3469 2461 hastam
3487 2406 3545 2461 in
3567 2409 3677 2460 An-

2034 2500 2338 2556 dronicum
2371 2498 2577 2554 vibrat.
2612 2498 2722 2554 Sed
2756 2499 2896 2553 dum
2930 2497 3150 2566 majore
3182 2496 3404 2566 impetu
3436 2496 3611 2550 fertur
3627 2503 3682 2551 et

2035 2589 2364 2647 calcaribus
2397 2587 2648 2644 subditis
2669 2603 2882 2659 equum
2921 2593 3139 2641 tantum
3175 2601 3290 2640 non
3347 2585 3535 2640 volare
3585 2601 3679 2640 co-

2032 2679 2140 2752 git,
2174 2677 2231 2732 in
2260 2678 2497 2734 exitium
2530 2679 2664 2734 ruit.
2698 2677 2840 2732 Nam
2873 2692 3005 2731 cum
3039 2691 3220 2746 equus
3254 2674 3590 2746 impegisset
3626 2679 3684 2728 et

2033 2784 2103 2824 ex
2131 2767 2368 2824 vulnere
2402 2769 2458 2822 in
2504 2783 2656 2838 genu
2713 2765 3081 2835 concidisset,
3131 2764 3273 2819 sella
3319 2779 3598 2819 excussus
3630 2771 3684 2816 et

2033 2859 2091 2913 in
2125 2867 2291 2928 caput
2324 2856 2714 2930 praecipitatus
2747 2854 3027 2911 musculis
3058 2853 3216 2909 dorsi
3259 2853 3512 2925 graviter
3559 2852 3680 2906 col-

2030 2945 2183 3016 lisis,
2215 2946 2415 3002 oborta
2464 2944 2738 3014 vertigine
2783 2941 3142 2998 semianimis
3174 2941 3379 3011 jacuit.
3460 2940 3678 2994 Andro-

2033 3034 2146 3091 nici
2188 3052 2317 3090 vero
2370 3034 2580 3089 milites
2637 3033 2688 3088 ei
2747 3039 2915 3102 caput
2969 3035 3294 3102 amputant,
3353 3029 3453 3085 alii
3503 3029 3677 3085 etiam

2033 3132 2305 3180 truncum
2338 3123 2395 3178 in
2428 3121 2744 3178 Andronici
2776 3119 3017 3191 gratiam
3049 3120 3106 3174 in
3159 3119 3337 3174 frusta
3371 3118 3678 3180 dissecant,

2031 3218 2210 3284 Caput
2242 3214 2368 3284 ejus
2398 3218 2566 3268 conto
2623 3210 2925 3284 praeﬁxum
2985 3226 3083 3280 per
3116 3209 3272 3265 vicos
3326 3208 3520 3278 Cpolis
3571 3207 3682 3262 cir-

2033 3302 2347 3358 cumlatum
2383 3311 2488 3357 est.
2512 3300 2834 3356 Nicaeenses
2859 3299 3023 3355 fortis
3058 3296 3352 3354 bellatoris
3381 3305 3432 3352 et
3477 3294 3676 3352 invicti

256 3395 422 3464 μυῶν
470 3395 578 3444 τῶι
627 3388 897 3444 νωτιαίων
948 3390 1226 3444 παθόντων
1273 3394 1453 3452 κακῶς
1508 3384 1679 3445 ἔκειτο
1730 3389 1922 3466 ὀλιγο-

2036 3391 2479 3463 propugnatoris
2509 3389 2749 3446 interitu
2772 3389 2962 3445 tristes
2993 3393 3052 3446 et
3083 3388 3442 3445 consternati
3474 3386 3684 3442 lsaacio

247 3479 530 3551 δρανέων,
587 3476 911 3550 σκοτοδίνης
983 3476 1377 3551 ὑποπλησθείς.
1448 3480 1736 3545 Κάντεῦθεν
1806 3480 1927 3535 ἐπι-

254 3570 567 3644 δραμόντες
670 3570 916 3644 ξιφήρεις
989 3574 1096 3624 τῶν
1174 3569 1226 3639 ἐξ
1303 3567 1656 3644 ’Δνδρονίκου
1732 3569 1926 3645 συχνοὶ

251 3657 764 3734 ἆποδειροτομοῦσι
812 3658 904 3713 τὸν
964 3654 1268 3732 Θεόδωρον,
1315 3658 1418 3713 εἶσὶ
1481 3657 1526 3713 δ’
1585 3658 1637 3714 o'i
1691 3661 1780 3713 καὶ
1837 3659 1928 3714 τὸν

253 3749 464 3805 λοιπὸν
522 3746 887 3823 ἐκρεανόμουν
949 3745 1254 3822 Θεόδωρον,
1315 3745 1649 3822 Ἀνδρονίκῳ
1697 3745 1928 3822 δρῶντες

248 3840 329 3894 τὰ
383 3838 716 3911 καταθύμια.
775 3838 924 3893 Μετὰ
983 3838 1176 3912 μικρὸν
1226 3834 1284 3892 δὲ
1316 3839 1408 3894 καὶ
1477 3844 1592 3901 τοῖς
1639 3839 1924 3913 οἰκήτορσι

247 3935 365 3997 τῆς
447 3927 846 3988 Κωνσταντίνου
910 3929 945 3996 ἡ
1013 3931 1108 3982 τοῦ
1177 3933 1621 4000 Καντακουζηνοῦ
1717 3927 1926 4003 προσά-

257 4038 423 4093 γεται
489 4017 723 4096 κεφαλὴ,
790 4021 966 4089 κοντῷ
1036 4019 1310 4091 μετέωρος
1376 4022 1494 4079 ταῖς
1564 4019 1778 4093 ἀγυιαῖς
1826 4025 1928 4088 τῆς

257 4108 493 4167 πόλεως
527 4105 978 4180 ἐμπομπεύουσα.
1031 4107 1096 4164 Οἱ
1157 4105 1378 4170 Νικαεῖς
1435 4106 1614 4162 τοίνυν
1660 4108 1752 4162 τὸν
1795 4119 1926 4183 θαρ-

261 4195 471 4252 σαλέον
515 4193 856 4269 πολεμιστὴν
928 4194 1018 4250 καὶ
1089 4195 1310 4272 ἄμαχον
1371 4197 1668 4272 πρόμαχον
1714 4191 1925 4251 ἀποϐα-

257 4287 463 4347 λόντες
522 4284 581 4340 οὗ
643 4290 882 4360 μικρῶς,
962 4285 1036 4348 ὡς
1105 4286 1273 4356 εἰκὸς,
1333 4283 1680 4362 ἐπωδύραντο
1738 4307 1926 4342 τουτον

252 4379 529 4445 πεσόντα,
583 4376 674 4432 καὶ
735 4377 1070 4452 ἀθυμότερον
1128 4375 1460 4449 διετέθησαν.
1523 4377 1825 4451 Βλέψαντες
1870 4375 1927 4432 δε

255 4467 411 4541 πρὸς
442 4463 532 4520 τὸν
579 4465 847 4522 Ἱσαάκιον
896 4465 1167 4542 Ἄγγελον
1218 4466 1422 4536 ἤθελον
1485 4467 1717 4523 ὑπείκειν
1749 4489 1927 4540 τουτῳ

250 4557 359 4614 καὶ
411 4556 484 4616 ὡς
545 4559 687 4632 σφῶν
745 4557 985 4631 ἀρχηγῷ
1039 4557 1457 4636 προσφέρεσθαι.
1508 4557 1678 4620 Οὗτος
1720 4555 1776 4612 δὲ
1824 4558 1926 4627 τήν

252 4647 503 4723 γνώμην
564 4645 879 4720 ὑπόνωθρος
937 4644 1011 4700 ὢν
1078 4647 1170 4700 καί
1229 4649 1346 4702 κατ’
1395 4645 1613 4705 Δῗνείαν
1665 4652 1763 4702 τοῦ
1823 4644 1928 4716 μά-

253 4747 470 4813 χεσθαι
502 4734 885 4811 ἀφιστάμενος,
943 4736 1021 4798 ὡς
1077 4730 1240 4806 ἔοικε,
1291 4737 1352 4792 τὸ
1398 4735 1605 4810 μέλλον
1638 4733 1796 4800 εἰδὼς
1836 4736 1927 4791 καὶ

255 4829 366 4897 τήν
406 4823 768 4896 ἀποκειμένην
816 4824 964 4897 αύτῷ
1018 4824 1296 4900 βασιλείαν
1345 4826 1421 4890 ὡς
1468 4826 1672 4888 ἐκεῖνος
1701 4827 1800 4896 τὴν
1831 4826 1928 4882 τοῦ

254 4916 460 4992 γένους
492 4913 735 4969 εὔκλειαν
795 4915 1221 4992 φανταζόμενος,
1283 4916 1348 4970 οὐ
1399 4916 1522 4992 περὶ
1580 4915 1798 4972 πολλοῦ
1838 4917 1932 4972 τὸν

261 5004 525 5080 ἡγεμόνα
555 5002 777 5059 ἐτίθετο.
832 5003 1058 5077 Ἀμέλει
1113 5026 1199 5060 τοι
1257 5005 1318 5060 τὸ
1378 5006 1766 5080 στρατιωτικὸν
1811 5006 1921 5061 ὑπ-

262 5090 603 5166 εκλυόμενον
637 5093 772 5147 κατὰ
821 5092 998 5167 βραχὺ
1050 5098 1147 5150 τοῦ
1195 5095 1485 5170 προθύμου
1533 5093 1584 5156 ἐς
1632 5090 1922 5168 ξυμϐάσεις

262 5182 441 5255 ἤθελε
509 5188 731 5258 χωρεῖν.
799 5182 890 5236 καὶ
955 5184 1017 5237 τὸ
1081 5191 1319 5258 γενναῖον
1388 5184 1562 5240 ἐκεῖνο
1629 5183 1785 5259 λῆμα
1831 5187 1921 5242 καὶ

264 5274 522 5342 ἐνθεάζον
567 5266 864 5327 ἀπέσϐεστο
907 5269 1110 5329 τέλεον.
1162 5271 1392 5330 Σύνοδοι
1454 5278 1584 5350 γοῦν
1639 5274 1773 5329 κατᾶ
1819 5296 1920 5348 φα-

255 5366 418 5440 τρίας
466 5364 748 5440 γινόμεναι
796 5363 952 5441 εἶχον
991 5362 1477 5439 ἐκτραγῳδούμενα
1524 5365 1613 5421 καὶ
1654 5365 1770 5420 οἷον
1813 5366 1917 5438 πρὸ

254 5453 566 5533 ὀφθαλμῶν
617 5453 994 5527 παριστάμενα
1041 5453 1139 5509 ὅσα
1197 5455 1246 5509 οἱ
1305 5454 1766 5530 πολιορκηθέντες
1817 5451 1920 5508 δει-

255 5545 467 5600 νότατα
529 5541 824 5621 πάσχουσι.
894 5543 1001 5598 Καὶ
1064 5545 1165 5613 τὴν
1244 5541 1596 5620 Ἀνδρονίκου
1665 5540 1723 5598 δὲ
1783 5543 1918 5598 κατὰ

259 5633 393 5692 νοῦν
461 5632 724 5704 ἀπήνειαν
785 5630 1054 5712 φέροντες,
1105 5635 1195 5689 καὶ
1268 5635 1365 5697 τὰς
1419 5629 1766 5695 παντοδαπάς
1822 5653 1920 5688 κα-

2045 3497 2237 3552 parere
2258 3483 2578 3537 voluerunt.
2611 3481 2720 3536 Sed
2742 3481 2788 3535 is
2819 3479 3081 3552 segniore
3105 3477 3339 3550 ingenio
3385 3476 3680 3548 praeditus,

2039 3571 2248 3626 evitata
2297 3587 2490 3643 pugna
2547 3575 2608 3626 ut
2651 3570 2880 3638 Eneas,
2954 3574 3013 3625 et
3067 3569 3301 3623 fortasse
3362 3568 3679 3621 futurorum

2041 3660 2331 3732 praescius,
2363 3677 2429 3715 ac
2487 3659 2548 3716 in
2579 3661 2840 3716 debitum
2870 3657 2983 3714 sibi
3025 3656 3336 3728 imperium
3399 3659 3461 3710 ut
3491 3654 3587 3709 ille
3618 3655 3676 3707 in

2038 3752 2383 3821 posteritatis
2413 3767 2528 3806 sua;
2563 3751 2920 3806 nobilitatem
2946 3749 3224 3813 intentus,
3251 3747 3522 3802 ducatum
3559 3760 3674 3799 non

2039 3843 2233 3914 magni
2263 3841 2415 3899 fecit.
2459 3842 2672 3898 Milites
2729 3851 2952 3910 quoque
3007 3837 3301 3894 alacritate
3355 3834 3678 3890 animorum

2035 3932 2314 4002 paulatim
2345 3931 2709 3988 exolescente
2754 3930 3211 3984 transactionem
3273 3928 3558 3997 spectant,
3591 3939 3682 3977 ex-

2035 4022 2243 4077 stincto
2278 4023 2507 4092 penitus
2538 4033 2818 4092 generoso
2857 4017 2956 4074 illo
2984 4032 3130 4090 pene
3186 4014 3382 4070 divino
3441 4014 3676 4083 impetu.

2036 4111 2232 4182 Itaque
2253 4110 2405 4165 889
2420 4125 2520 4180 per
2535 4106 2918 4164 contubernia
2939 4111 3255 4162 conventus
3273 4102 3504 4175 agitari,
3520 4101 3678 4157 obsi-

2036 4199 2224 4257 dionis
2255 4214 2526 4256 aerumnis
2558 4197 2710 4254 velut
2733 4196 2919 4254 oculis
2951 4193 3178 4266 subjici,
3204 4192 3514 4250 crudelitas
3545 4191 3674 4246 ani-

2037 4291 2150 4346 mis
2179 4288 2490 4355 obversari,
2529 4288 2685 4345 varia
2714 4290 3004 4343 tormenta
3049 4283 3108 4340 in
3167 4288 3476 4354 conspectu
3527 4297 3672 4349 esse,

2036 4381 2083 4435 si
2119 4380 2258 4435 urbs
2289 4380 2339 4435 vi
2371 4385 2702 4451 expugnata
2725 4376 2929 4444 fuerit;
2963 4375 3246 4446 trepidare
3271 4389 3470 4429 omnes
3500 4371 3675 4427 veluti

2037 4469 2343 4540 lepusculi,
2380 4467 2732 4539 aliterquam
2783 4465 3046 4522 Caeneus.
3110 4464 3161 4519 Is
3189 4463 3368 4533 enim,
3402 4467 3465 4518 ut
3511 4460 3677 4517 estin

2036 4558 2265 4623 fabulis,
2297 4574 2367 4614 ex
2401 4556 2751 4613 mulierevir
2770 4556 2956 4612 factus
2985 4558 3107 4621 est;
3154 4553 3242 4609 illi
3300 4571 3332 4608 a
3379 4550 3528 4608 virili
3587 4566 3677 4607 ro-

2037 4649 2174 4705 bore
2205 4648 2278 4705 ad
2311 4647 2654 4704 muliebrem
2688 4645 2992 4702 mollitiem
3027 4645 3476 4717 degenerarunt,
3541 4657 3678 4698 cum

2039 4755 2208 4795 nemo
2234 4742 2560 4809 superesset
2584 4738 2684 4808 qui
2725 4737 2940 4793 fervore
2971 4751 3073 4792 suo
3124 4735 3308 4806 frigus
3355 4748 3553 4789 eorum
3588 4733 3674 4788 fo-

2040 4833 2221 4898 veret,
2254 4845 2370 4884 una
2398 4845 2528 4884 cum
2572 4835 2756 4884 morte
2821 4825 3203 4882 Cantacuzeni
3257 4824 3418 4880 omni
3465 4823 3678 4878 fortitu-

2046 4919 2198 4987 dine,
2219 4919 2379 4975 omni
2437 4918 2730 4990 pugnandi
2777 4916 3072 4974 alacritate
3119 4919 3404 4972 emortua.
3455 4911 3676 4975 Quibus

2037 5009 2208 5065 rebus
2237 5009 2502 5066 Niezenus
2532 5007 2788 5080 pontifex
2815 5007 3088 5064 Nicotaus
3120 5001 3449 5075 perspectis,
3483 5013 3676 5054 neces-

2030 5099 2195 5154 sitate
2227 5100 2284 5154 in
2307 5097 2716 5154 liberalitatem
2748 5112 3022 5153 conversa
3076 5093 3346 5164 papulum
3389 5091 3580 5143 monet
3613 5088 3674 5140 ut

2031 5188 2202 5244 rebus
2233 5193 2290 5243 et
2319 5190 2565 5258 tempori
2603 5185 2859 5242 serviens
2890 5183 3115 5245 urbem,
3149 5179 3482 5250 priusquam
3534 5174 3673 5230 belli

2032 5276 2301 5348 procellis
2334 5278 2728 5347 demergatur,
2766 5271 3093 5327 Andronico
3153 5269 3298 5322 ultro
3334 5264 3524 5320 dedat.
3561 5264 3667 5317 Vi-

2031 5367 2165 5421 dere
2198 5383 2258 5420 se
2292 5382 2403 5421 non
2435 5363 2882 5420 commissurum
2922 5357 3312 5414 Andronicum
3354 5360 3412 5409 ut
3469 5353 3665 5410 vacuis

2032 5453 2295 5511 manibus
2327 5453 2600 5518 discedat,
2635 5450 2953 5524 praesertim
2985 5464 3116 5505 cum
3181 5445 3326 5501 nihil
3377 5445 3452 5500 sit
3509 5445 3663 5516 quod

2027 5560 2156 5600 eum
2189 5542 2260 5597 ab
2304 5541 2602 5597 obsidione
2661 5538 2973 5606 abstrahat,
3033 5543 3090 5593 et
3145 5537 3256 5608 ipsi
3301 5535 3454 5591 cives
3507 5535 3665 5593 urbis

2029 5631 2286 5690 custodia
2310 5629 2594 5701 paulatim
2624 5629 2857 5686 deserta
2885 5627 2957 5684 ad
2996 5643 3115 5686 rem
3174 5627 3574 5698 domesticam,
3609 5635 3672 5686 ut
