4112 6218
468 309 588 371 639
1793 299 2114 363 ΝίϐΕΤιΕ
2153 298 2590 360 ΟΗΟΝΙΑΤΑΞ
3748 302 3875 363 640

466 448 577 500 teni
589 457 722 514 pore
745 440 924 514 pacis,
955 439 1269 496 curandam
1299 435 1612 494 declinent.
1638 436 1718 492 Eo
1749 433 1992 492 consilio
2035 433 2090 489 al

2251 431 2415 492 ,ώσεις
2471 427 2950 504 ἀναπεμπάζοντες
3004 433 3123 490 ταῖς
3178 427 3366 504 φρεσὶν
3415 425 3544 490 ὅσας
3591 429 3875 488 πείσονται

467 533 738 590 omnibus
789 529 1122 601 approbato,
1179 531 1237 582 et
1298 526 1601 586 commoda
1647 523 1808 598 pacis
1859 527 2091 594 utraque

2239 519 2463 594 πολέμου
2529 519 2689 593 νόμῳ
2747 517 2990 587 ἀλούσης
3052 524 3153 587 τῆς
3219 517 3460 589 πόλεως,
3491 517 3863 590 κατέπτησσον

467 635 639 678 manu
661 616 963 688 amplexis,
996 630 1156 672 sacra
1177 619 1334 671 veste
1356 615 1617 682 indutus,
1648 620 1702 670 et
1729 611 1940 669 divinis
1961 626 2091 668 ora-

2238 610 2290 672 ὒς
2368 605 2639 686 Λαγώδια,
2688 606 3004 670 ἀπεναντίας
3057 611 3140 678 τῷ
3199 608 3389 664 Καινεῖ
3449 607 3802 670 πεπονθότεςο
3833 611 3862 666 ὁ

468 709 616 764 culis
637 708 694 762 in
713 707 867 763 810
899 721 1104 762 manus
1133 705 1400 776 sumptis,
1435 703 1760 760 sacerdotes
1791 704 1848 758 et
1877 715 2092 758 omnem

2239 701 2314 754 ιὲν
2348 699 2452 774 γάρ
2483 695 2544 753 ix
2589 697 2846 772 γυναικὸς
2877 696 2953 759 είς
2983 693 3169 772 ἄνδρα,
3205 695 3283 760 ὡς
3313 698 3343 752 ό
3375 701 3547 770 μῦθος
3579 699 3863 772 βούλεται,

468 799 753 854 urbanam
769 795 1195 853 multitudinem
1212 811 1275 851 se
1286 794 1653 867 sequijussit,
1668 810 1740 850 ne
1764 792 2092 850 mulieribut

2249 807 2488 860 puncto,
2519 786 2572 842 οἱ
2604 783 2662 842 δὲ
2691 784 2742 856 ἐξ
2771 781 2978 857 ἀνδρῶν
3029 785 3106 848 εἰς
3163 785 3523 859 μαλακότητα
3561 789 3873 864 γυναικείαν

469 888 702 960 quidem
725 889 784 942 et
811 885 1007 959 pueris
1038 885 1312 956 exceptis,
1351 886 1478 940 sine
1534 882 1668 940 ullis
1712 883 1909 950 armis,
1976 895 2093 952 supr

2255 873 2672 948 ξενευρίσθησαν,
2715 876 2802 948 [Ρ.
2835 874 2961 947 184]
3021 870 3261 947 μηδενὸς
3307 871 3388 930 ἔτι
3448 871 3604 938 ὄντος
3652 880 3755 931 τοῦ
3785 873 3879 932 διὰ

466 958 648 1052 plices
674 958 910 1034 frondes
941 976 1209 1031 manibus
1239 973 1776 1046 gestantes,apertis
1803 971 2088 1044 capitibus

2259 971 2318 1035 ἧς
2364 963 2565 1027 οἶκείας
2620 965 2828 1040 θερμῆς
2887 964 3068 1039 ὁρμῆς
3117 963 3196 1026 εἷς
3248 958 3378 1040 ἔργα
3410 964 3610 1039 ἀρετῆς
3637 965 3883 1030 ἀναθάλ-

467 1067 639 1124 nudis
670 1066 919 1138 pedibus
948 1072 1002 1121 et
1052 1064 1341 1135 manibus,
1375 1062 1538 1120 nullo
1592 1078 1725 1118 vere
1783 1060 2091 1132 supplicun

2254 1075 2436 1128 οντος,
2466 1053 2614 1110 ἀλλά
2643 1054 2858 1110 πάντων
2923 1054 3059 1129 μετά
3109 1055 3203 1111 τὸν
3262 1058 3360 1110 τοῦ
3418 1061 3878 1128 Καντακουζηνοῦ

465 1153 777 1212 miserabili
809 1161 971 1227 gestu
1007 1153 1414 1224 praetermisso,
1445 1151 1741 1208 submissa
1773 1167 1908 1207 voce
1940 1149 2089 1206 miser

2256 1142 2387 1218 ,όρον
2429 1145 2783 1219 συννεκρωθεν
2871 1143 2992 1199 οἷον
3061 1144 3126 1199 τὸ
3199 1142 3400 1219 θάρσος
3461 1144 3555 1200 καὶ
3619 1146 3683 1201 τὸ
3748 1145 3880 1221 περὶ

467 1245 773 1305 ricordiam
807 1244 1154 1316 ﬂagitantes.
1215 1242 1322 1310 Qui
1370 1258 1503 1298 cum
1559 1241 1670 1298 hoc
1725 1242 1904 1298 modo
1969 1241 2091 1296 urbc

2255 1233 2312 1296 ἀς
2368 1233 2552 1309 μάχας
2610 1234 2960 1307 ἀποθεμένων
3018 1233 3320 1308 πρόθυμον.
3379 1235 3446 1291 "A
3498 1235 3672 1290 πάντα
3699 1254 3879 1290 κατα-

469 1337 922 1404 etfunderentur,
959 1333 1327 1391 Andronicus
1356 1333 1667 1405 imperator
1719 1333 2093 1403 inexspectau

2261 1323 2415 1393 δήσας
2459 1323 2487 1376 ό
2523 1322 2648 1378 τότε
2693 1329 2794 1393 τῆς
2847 1321 3080 1386 Νικαίας
3128 1321 3420 1401 ἀρχιερεὺς
3468 1322 3744 1386 Νικόλαος
3771 1325 3885 1394 τὴν

470 1424 800 1500 spectaculo
831 1424 1115 1480 attonitus
1152 1422 1402 1479 subinde
1437 1421 1553 1478 huc
1609 1425 1785 1492 atque
1830 1419 1971 1478 illuc
2013 1421 2094 1476 de.

2257 1411 2457 1486 νάγκην
2490 1409 2542 1474 ἐς
2590 1411 2652 1467 τὸ
2703 1409 2998 1486 φιλότιμον
3046 1409 3345 1500 διατίθησι,
3393 1412 3483 1468 καὶ
3515 1410 3585 1482 δὴ
3614 1413 3708 1469 τὸν
3737 1411 3881 1468 λαὸν

466 1497 624 1571 flexit
678 1510 1722 1583 oculos,utcertiusperspiceretquid
1781 1509 1862 1566 rei
1915 1516 2090 1566 esset;

2257 1500 2582 1572 ικλησιάσας
2651 1499 2969 1571 ὑποτίθησιν
3064 1497 3306 1556 ἰνδοῦναι
3390 1505 3471 1574 τῷ
3547 1505 3726 1575 καιρῷ
3778 1503 3881 1557 καὶ

473 1620 611 1659 nam
645 1603 816 1674 plane
845 1602 1140 1658 somnium
1201 1601 1391 1656 videre
1446 1600 1560 1656 sibi
1615 1598 1944 1655 videbatur.
2005 1597 2092 1654 Ub

2254 1595 2334 1652 οἷς
2365 1589 2666 1667 πράγμασι,
2733 1589 2824 1646 καὶ
2887 1586 2992 1652 ἕως
3059 1591 3094 1659 ἡ
3151 1589 3315 1652 πόλις
3367 1595 3486 1652 τοῖς
3533 1591 3737 1664 κύμασί
3765 1594 3877 1663 τῆς

469 1707 599 1747 vero
640 1689 1052 1746 animadvertit
1099 1705 1163 1745 se
1222 1688 1443 1761 absque
1494 1703 1686 1745 errore
1737 1703 1858 1744 rem
1919 1703 2093 1744 versu

2256 1683 2412 1757 ιάχης
2459 1675 2812 1753 ἀϐάπτιστυς,
2863 1679 3164 1756 ἐγχειρίσαι
3209 1681 3468 1761 φέροντας
3522 1680 3880 1758 Ἀνδρονίκῳ·

470 1795 723 1850 cernere,
783 1778 1084 1851 repudiata
1130 1777 1477 1834 liberalitate
1530 1781 1588 1833 et
1637 1776 1893 1834 candore
1931 1776 2094 1849 dign:

2267 1775 2352 1842 σᾷν
2421 1772 2525 1859 γάρ
2576 1768 2922 1859 ’Δνδρόνικον
2972 1771 3050 1859 μή
3099 1767 3158 1826 ἄν
3198 1791 3336 1859 ποτε
3382 1777 3561 1835 κεναῖς
3609 1770 3663 1844 (ὅ
3693 1777 3891 1847 φασιν)

469 1868 700 1940 regibus
727 1867 1094 1924 clementiam
1119 1867 1443 1934 adulterat;
1493 1871 1554 1922 et
1583 1865 1719 1936 quia
1756 1865 1965 1937 pellem
1993 1863 2093 1921 leo'

2260 1858 2644 1932 παναζεύξοντα
2689 1858 2901 1935 χερσὶν,
2953 1857 3039 1914 δτι
3107 1856 3240 1933 μηδ’
3287 1859 3527 1935 ἑπόμενά
3557 1860 3693 1916 εἶσιν
3723 1861 3884 1936 αὖτῷ

473 1958 812 2014 niuamtum
850 1957 1104 2028 proferre
1123 1955 1278 2011 haud
1307 1954 1538 2022 licebat,
1578 1953 1873 2026 vulpinam
1894 1954 2097 2022 induit,

2261 1948 2286 2002 Ξι
2347 1945 2675 2003 ἀνθέλκοντα
2747 1947 2838 2002 καὶ
2911 1946 3384 2023 ἀντιπερισπῶντα
3465 1947 3712 2023 ἑτέρωθι,
3782 1951 3885 2006 καὶ

471 2062 646 2118 seque
676 2061 793 2102 non
832 2044 1000 2100 modo
1035 2044 1280 2100 libenter
1311 2043 1561 2114 recipere
1589 2042 1882 2114 supplices
1913 2041 2095 2114 tingit,

2261 2037 2446 2102 ιυτοὺς
2503 2034 2561 2093 δὲ
2612 2039 2750 2094 κατά
2811 2039 3006 2112 μικρὸν
3063 2039 3151 2094 καί
3209 2045 3310 2109 τῆς
3366 2038 3616 2118 φυλακῆς
3647 2039 3885 2114 ἀφιστα-

472 2133 574 2192 sed
603 2135 698 2190 vix
725 2151 760 2190 a
788 2132 1058 2206 lacrymis
1076 2135 1379 2203 temperat,
1413 2131 1626 2203 quibus
1653 2133 1774 2202 jam
1794 2130 1932 2187 olim
1966 2130 2096 2187 verit

2272 2126 2420 2192 ἱνους
2445 2134 2546 2197 τῆς
2597 2127 2813 2190 πόλεως
2861 2129 2950 2183 καὶ
3000 2129 3138 2202 πρὸς
3181 2129 3244 2184 τὸ
3271 2132 3373 2194 τῆς
3421 2129 3641 2205 εἰρήνης
3685 2129 3891 2186 οἴκου-

471 2229 647 2281 talem
672 2222 960 2280 involvere
988 2226 1162 2294 atque
1210 2222 1470 2278 animum
1503 2237 1674 2277 suum
1747 2218 2095 2277 dissimulari

2265 2217 2316 2272 ὃν
2375 2216 2758 2280 ἀπονεύοντας.
2815 2215 2918 2274 Καὶ
2967 2217 3042 2281 ὡς
3100 2218 3222 2292 εὗρε
3278 2218 3480 2280 πάντας
3533 2218 3739 2293 ἀγαθὴν
3767 2226 3889 2288 τήν

469 2321 863 2370 consueverat.
897 2311 1200 2368 Enimvero
1259 2309 1453 2366 fabula
1505 2309 1602 2366 illa
1652 2327 1763 2366 non
1792 2309 1890 2365 diu
1947 2311 2093 2373 acta,

2265 2306 2548 2384 αραίφασιν
2596 2305 2882 2380 οἰομένους
2926 2307 3016 2362 καὶ
3069 2305 3403 2388 ἀμφοτέραις
3449 2311 3545 2363 τοῦ
3575 2305 3632 2363 ὲκ
3656 2307 3887 2380 ταύτης

471 2403 779 2476 aliquando
798 2409 926 2474 post
939 2399 1314 2458 simulatione
1327 2400 1473 2456 811
1495 2398 1756 2471 deposita
1769 2402 1826 2454 et
1839 2397 2095 2454 mollibus

2260 2393 2394 2450 αλοῦ
2450 2393 3000 2470 περιδραττομένους,
3057 2396 3158 2464 τήν
3215 2396 3363 2470 ἱερὰν
3413 2393 3561 2470 ipim
3589 2393 3743 2458 ἐνδὺς
3779 2397 3884 2452 καὶ

469 2492 713 2564 oleoque
750 2490 1068 2548 lenioribus
1117 2489 1311 2546 verbis
1361 2489 1618 2555 omissis,
1676 2487 2093 2553 Niemensibus,

2259 2483 2324 2538 νά
2365 2489 2556 2562 χεῖρας
2606 2483 2676 2539 τὰ
2720 2489 2838 2548 θεῖα
2887 2480 3176 2558 δεξάμενος
3207 2481 3370 2560 λόγια
3393 2483 3615 2549 ἓπεσθαί
3644 2485 3696 2540 οἱ
3734 2487 3883 2548 τοὺς

473 2581 770 2638 nobilitate
827 2579 1148 2653 presertim
1200 2583 1258 2634 et
1304 2577 1586 2650 dignitate
1681 2576 2095 2648 praestantibus

2266 2573 2491 2647 ακόρους
2521 2571 2728 2629 κελεύει
2759 2574 2846 2628 καὶ
2889 2573 2952 2628 τὸ
3001 2571 3198 2628 λοιπὸν
3249 2579 3350 2644 τῆς
3390 2572 3607 2635 πόλεως
3638 2572 3890 2648 πλήρω-

472 2671 730 2727 ostendit
760 2677 1041 2741 quantum
1064 2668 1161 2724 iraa
1191 2671 1401 2725 metum
1432 2668 1630 2724 animo
1675 2665 1941 2734 celasset,
1975 2665 2096 2722 dun

2267 2684 2324 2732 a,
2384 2663 2460 2727 ὦς
2525 2660 2667 2737 μηδὶ
2721 2669 2978 2737 γυναῖκας
3029 2662 3066 2734 ἤ
3124 2662 3442 2740 νηπιάχους
3472 2662 3891 2744 ἀπολειφθῆναι

471 2775 535 2816 se
557 2759 800 2816 ultionis
843 2759 1071 2816 oﬂ‘crret
1117 2756 1362 2814 occasio.
1414 2755 1636 2813 Multos
1683 2755 1842 2812 enim
1864 2756 1926 2811 in
1972 2755 2094 2812 exsi

2281 2760 2326 2824 ξς
2379 2752 2720 2825 ἐξελεύσεως,
2768 2754 2968 2819 πάντας
3015 2755 3451 2831 γυμνητεύοντας
3510 2753 3689 2810 ὅπλου
3747 2774 3905 2809 παν-

471 2850 616 2907 lium
673 2849 814 2922 egit,
871 2847 1188 2906 nonnullos
1230 2847 1301 2903 de
1367 2845 1651 2902 menibus
1712 2845 2090 2902 miserabilite

2271 2844 2344 2914 ὃς,
2404 2839 2643 2905 κλάδους
2701 2843 3013 2918 ἱκετηρίους
3088 2843 3349 2914 σείοντας,
3414 2843 3711 2922 ἀκαλυφεῖς
3785 2845 3895 2913 τὴν

473 2937 871 3013 praecipitavit,
903 2941 960 2993 et
989 2937 1186 2992 Persas
1219 2936 1437 2991 circum
1481 2935 1686 2990 urbem
1735 2933 1884 3006 palis
1916 2934 2092 2990 aftixit

2271 2933 2422 3008 άραν,
2453 2929 2872 3007 ἆκρηπιδώτους
2925 2932 3056 2998 τοὺς
3109 2931 3302 3002 πόδας,
3345 2931 3440 2994 τάς
3488 2937 3682 3011 χεῖρας
3716 2929 3895 2990 λελυ-

473 3029 752 3085 Isaacium
773 3043 906 3082 vero
937 3024 1222 3096 Angelum
1253 3023 1326 3080 ob
1356 3023 1514 3080 dicta
1541 3027 1601 3080 et
1620 3023 1768 3080 facta
1818 3025 1946 3094 ejus
1995 3023 2097 3080 colt

2280 3021 2423 3084 ἔνους
2478 3026 2586 3076 τῶν
2640 3019 2900 3094 ἱματίων,
2939 3021 3078 3078 κατά
3147 3019 3326 3096 μηδὲν
3380 3020 3472 3076 τὸν
3531 3022 3609 3083 ὡς
3662 3019 3904 3092 ἀληθῶς

474 3117 753 3184 laudavit,
797 3116 944 3186 quod
992 3112 1281 3170 Theodori
1336 3112 1725 3169 Cantacuzeni
1761 3112 2098 3178 ,maledicen-

2272 3111 2429 3168 ιὲσιον
2485 3107 2872 3186 ψευδομένους,
2936 3109 3086 3166 ἀλλά
3131 3112 3223 3166 καὶ
3283 3113 3565 3188 σχήμασιν
3614 3110 3896 3175 ἑΑεεινοῑς

477 3207 620 3262 tiam
644 3220 762 3262 non
793 3204 964 3259 modo
994 3219 1110 3259 non
1143 3201 1411 3258 imitatus
1439 3205 1610 3268 esset,
1632 3201 1734 3258 sed
1750 3201 1923 3258 etiam
1947 3201 2094 3259 casti

2277 3200 2323 3256 αἱ
2378 3199 2684 3279 ὑφειμένοις
2739 3199 3036 3278 φθέγμασιν
3094 3199 3510 3274 ἐπισπωμένους
3560 3200 3654 3256 τὸν
3707 3198 3901 3256 οἷκτιο

479 3301 669 3364 gasset
703 3309 718 3360 ;
751 3309 818 3348 ac
838 3307 940 3362 spe
976 3291 1122 3348 bona
1143 3290 1425 3362 implevit,
1459 3295 1557 3346 aut
1582 3290 1776 3348 verius
1807 3297 1864 3346 ut
1907 3291 2103 3360 dicam

2276 3291 2481 3364 ίμενον.
2522 3289 2622 3344 Καὶ
2653 3289 2704 3346 οἱ
2755 3289 2850 3363 μὲν
2899 3290 3049 3345 οὕτω
3094 3295 3196 3360 τῆς
3225 3289 3440 3352 πόλεως
3468 3289 3838 3364 ἐξεχύθησαν,
3871 3291 3900 3345 ό

475 3397 872 3456 percussorem
905 3397 1082 3438 suum
1113 3387 1166 3437 et
1188 3379 1420 3452 imperii
1451 3395 1775 3437 eversorem
1806 3380 1922 3438 fato
1973 3397 2099 3452 quos

2277 3378 2488 3440 ασιλεὺς
2538 3376 2585 3432 δ’
2631 3375 2967 3453 Ἀνδρόνικος
3019 3383 3099 3451 τῷ
3153 3385 3252 3450 τῆς
3301 3379 3424 3444 θέας
3465 3377 3689 3451 ἀὲλπτῳ
3715 3400 3901 3436 κατα-

485 3472 619 3530 dam
649 3476 707 3527 et
729 3470 1083 3542 providentia
1109 3467 1380 3525 Numinis
1409 3467 1571 3524 aluit.
1602 3469 1682 3525 Ac
1729 3467 1830 3524 illo
1898 3471 2109 3542 Byzan-

2274 3468 2462 3544 λαγεὲς
2510 3465 2784 3529 πολλάκις
2835 3467 2964 3531 τοὺς
3023 3467 3343 3546 ὀφθαλμοὺς
3383 3467 3462 3531 είς
3511 3463 3724 3543 ἀκριϐῆ
3783 3474 3898 3526 τῶν

480 3563 626 3618 tium
686 3560 861 3618 misso
901 3566 1140 3618 Prusam
1191 3558 1418 3614 transiit
1478 3559 1863 3630 ;munitoquc
1913 3576 2104 3618 versus

2266 3559 2515 3630 εωμὲνων
2600 3554 2906 3613 διεσάλευεν
2985 3555 3193 3632 ὅρασιν·
3262 3557 3510 3632 ἀτεχνῶς
3575 3557 3681 3632 γάρ
3749 3557 3890 3636 ὄναρ

480 3652 781 3708 meridiem
805 3650 976 3715 vallo.
1011 3666 1130 3722 qua
1158 3648 1230 3705 ob
1261 3647 1560 3719 planitiem
1593 3647 1738 3704 adiri
1769 3664 1942 3720 posse
1980 3666 2104 3706 mser

2268 3644 2402 3702 δόκει
2459 3644 2681 3723 βλέπειν
2734 3646 2800 3701 τὰ
2857 3647 2981 3702 τότε
3035 3644 3356 3720 τελούμενα.
3408 3647 3560 3704 Ἐπεὶ
3608 3644 3666 3702 δὲ
3693 3645 3892 3719 ἀλήθῆ

479 3741 575 3798 nia
602 3740 944 3797 videbantur
973 3739 1133 3812 (nam
1163 3737 1286 3793 alia:
1319 3742 1512 3810 partes
1545 3737 1706 3794 urbis
1761 3740 2024 3796 rotundas
2061 3748 2103 3795 el

2269 3739 2324 3808 ἦν
2382 3733 2504 3813 ὅψιν
2558 3737 2647 3792 καὶ
2697 3739 2832 3814 πρὸς
2897 3734 3066 3810 μηδὲν
3128 3736 3414 3793 πλανῶσαν
3461 3739 3578 3813 εἶχε
3631 3759 3893 3812 καταμα-

479 3835 778 3904 praeruptas
801 3828 931 3902 rupi
961 3828 1246 3901 impositas
1275 3826 1459 3899 sunt).
1489 3825 1764 3900 postridie
1803 3844 2103 3901 oppugna-

2273 3828 2358 3895 ἔον,
2388 3827 2450 3882 τὸ
2477 3832 2596 3889 τοῖς
2631 3825 2915 3902 βασιλεῦσι
2955 3833 3232 3902 προσῆκον
3279 3824 3587 3900 ἐλευθέριον
3619 3827 3897 3906 φρόνημα

479 3922 699 3977 tionem
731 3919 972 3976 orditur.

2276 3917 2317 3971 ιὶ
2391 3917 2455 3972 τὸ
2530 3922 2630 3985 τῆς
2704 3916 2932 3990 γνώμης
3030 3914 3410 3987 ἀκαπήλευτον
3485 3917 3900 3992 παρωσάμενος

483 4005 800 4064 ὑπονοθεύει
850 4005 944 4062 τὸν
999 4000 1175 4072 ἔλεον,
1233 4004 1325 4060 καὶ
1374 4003 1476 4073 τὴν
1535 4001 1757 4073 λεοντῆν
1804 4002 1907 4060 ούκ
1972 3999 2117 4080 ἔχων
2173 4009 2252 4078 τῷ
2304 4007 2440 4068 τέως
2500 4003 2890 4061 ἀνακαλύπτειν
2947 4007 3047 4076 τὴν
3107 4004 3399 4072 ἀλωπεκῆν
3430 4002 3740 4062 ὑποδύεται.
3779 4009 3895 4064 Καὶ

477 4099 652 4154 τοίνυν
712 4097 774 4152 ού
837 4095 1004 4170 μόνον
1060 4097 1152 4151 τὸν
1209 4093 1454 4167 ἀσμένως
1506 4092 1947 4170 προσδεχόμενον
2003 4093 2319 4167 πλάττεται,
2368 4093 2515 4151 ἀλλὰ
2567 4099 2764 4170 μικροῦ
2805 4094 2894 4150 καὶ
2942 4097 3199 4170 κατήχθη
3249 4096 3387 4172 πρὸς
3435 4092 3664 4172 δάκρυα,
3717 4101 3897 4153 τοῦτο

481 4183 549 4255 δὴ
606 4186 668 4242 τὸ
725 4185 958 4261 ἀρχαῖον
1015 4181 1340 4259 Ἀνδρονίκῳ
1386 4189 1486 4252 τῆς
1540 4180 1802 4253 ἀληθείας
1859 4181 2186 4258 συσκίασμα,
2244 4187 2348 4239 τῶν
2407 4187 2506 4249 τῆς
2563 4186 2748 4258 ψυχῆς
2805 4183 3122 4256 κινημάτων
3179 4183 3549 4258 προσκίασμα.
3595 4181 3760 4252 Πλήν
3794 4186 3897 4241 οὐκ

479 4277 569 4332 ἐπὶ
626 4274 770 4331 πολὺ
825 4276 888 4330 τὸ
941 4272 1122 4351 δρᾶμα
1181 4273 1644 4350 ὑποκρινάμενος,
1698 4269 1844 4327 ἀλλὰ
1911 4273 2045 4345 μετά
2117 4273 2304 4347 καιρὸν
2385 4269 2590 4335 ἀποδὺς
2646 4270 2721 4335 ὦς
2769 4271 2928 4348 ῥάκια
2979 4274 3046 4328 τά
3101 4270 3288 4328 ἀπαλά
3337 4273 3432 4328 καὶ
3490 4273 3624 4348 ὑπερ
3697 4268 3894 4331 ἔλαιον

479 4363 602 4420 λεῖα
655 4365 893 4439 ῥήματα,
953 4363 1206 4443 ἔμφανῶς
1263 4366 1380 4424 τοῖς
1439 4364 1728 4419 Νικαεῦσιν
1787 4357 2047 4433 ὑπεδειξε,
2105 4363 2195 4417 καὶ
2251 4363 2490 4435 μάλιστα
2548 4367 2666 4424 τοῖς
2725 4363 2842 4416 κατ’
2897 4361 3119 4434 ἀξίωσιν
3175 4361 3266 4417 καὶ
3324 4363 3520 4438 γένους
3580 4361 3898 4436 πμνὸτητα

483 4452 864 4527 ύπερέχὸυσιν,
925 4450 1044 4507 ο’ίαν
1105 4453 1133 4506 ό
1182 4450 1354 4529 γέρων
1413 4446 1732 4528 ἐπιγουνίδα
1787 4449 1969 4528 τρέφει
2029 4451 2196 4527 όργῆς
2269 4450 2357 4506 καὶ
2415 4452 2540 4506 ὅσον
2595 4451 2688 4506 τὸν
2757 4449 3081 4525 μετόπισθεν
3133 4451 3422 4528 ὑποτύφων
3489 4453 3653 4506 κότον
3682 4453 3780 4508 καὶ
3828 4455 3896 4509 τὸ

483 4543 835 4616 ἔχθραντικὸν
888 4543 980 4597 καὶ
1041 4543 1372 4616 μνησίκακον
1433 4541 1510 4604 είς
1565 4543 1753 4618 καιρὸν
1832 4541 2152 4617 ἰταμιούχει
2225 4543 2324 4610 τήν
2403 4539 2781 4598 ἀνταπόδοσιν.
2851 4539 3106 4606 Πολλοὺς
3187 4541 3365 4596 τοίνυν
3435 4540 3729 4614 μετέπειτα
3787 4550 3900 4614 τῆς

481 4627 741 4705 πατρίδος
844 4631 1170 4703 μετανάστας
1262 4629 1571 4707 είργάσατο,
1659 4632 1804 4694 τινὲς
1875 4628 1922 4686 δ’
2006 4630 2112 4688 ἀπὸ
2211 4635 2320 4686 τῶν
2409 4635 2610 4708 τειχῶν
2705 4626 2988 4706 κύμϐαχοι
3053 4629 3468 4708 καταρῥιφὲντες
3531 4631 3901 4706 οίκτρὸτατον

484 4717 770 4793 ὑπέμειναν
829 4720 1074 4774 θάνατον.
1131 4719 1262 4774 Τότε
1319 4717 1378 4773 δὲ
1422 4718 1551 4780 τοὺς
1611 4719 1814 4792 Πέρσας
1871 4717 2309 4782 ἀνασκολοπίσας
2363 4719 2551 4795 κύκλῳ
2595 4726 2698 4789 τῆς
2751 4719 2992 4790 πόλεως,
3052 4718 3140 4774 καὶ
3185 4719 3280 4774 τὸν
3309 4717 3578 4796 Ἄγγελον
3614 4720 3900 4778 Ἰσαάκιον

481 4806 761 4872 ἒπαινέσάς
793 4809 864 4865 ὧν
899 4804 1088 4883 ἔδρασε
1132 4807 1221 4862 καὶ
1290 4808 1365 4861 ὧν
1433 4805 1642 4882 εἷ’ρηκε,
1699 4810 1776 4881 μὴ
1833 4809 1999 4882 μόνον
2061 4809 2190 4874 τοὺς
2245 4807 2468 4874 ὀδόντας
2526 4809 2604 4872 εἷς
2661 4809 2807 4866 δπλα
2835 4809 2925 4864 καὶ
2971 4807 3107 4883 βέλη
3139 4810 3206 4864 ού
3241 4806 3726 4882 μεταποιήσαςὲπ⁸
3761 4808 3900 4882 ἴσης

477 4901 557 4974 τῷ
624 4901 1057 4971 Καντακουζηνῷ
1115 4894 1404 4970 Θεοδώρῳ,
1460 4893 1606 4951 ἀλλὰ
1673 4898 1909 4971 κάκείνῳ
1981 4895 2284 4970 ἐπιπλήξας
2349 4897 2622 4961 πολλάκις
2675 4898 2812 4954 κατά
2869 4895 3100 4974 Χριστοῦ
3153 4898 3354 4972 Κυρίου
3412 4902 3898 4973 θρασυπομοῦντι

476 4991 565 5049 καὶ
599 4990 673 5055 ὡς
700 4989 759 5047 ἰκ
787 4988 1020 5046 κουλεοῢ
1069 4990 1167 5043 τοῦ
1224 4984 1496 5060 στόματος
1563 4985 1837 5062 μάχαιραν
1893 4986 2066 5058 ὀξεῖαν
2137 4988 2236 5057 τήν
2304 4987 2554 5064 γλῶτταν
2620 4984 2859 5058 ἕλκοντι,
2907 4987 2996 5042 καὶ
3053 4990 3310 5062 χρηστῶν
3371 4984 3664 5061 ἐμπλήσας
3707 5009 3901 5063 προσ..

477 5082 675 5140 δοκιῶν
732 5083 814 5156 [Ρ.
875 5079 1023 5152 485],
1087 5078 1150 5132 τὸ
1220 5073 1267 5131 δ’
1332 5075 1698 5150 ἀληθέστερον
1765 5073 1934 5130 είπεῖν
1989 5076 2081 5131 τὸν
2129 5077 2324 5132 ἑαυτοῦ
2381 5078 2546 5154 φονέα
2591 5077 2682 5132 καὶ
2727 5083 2829 5146 τῆς
2879 5077 3056 5151 ἀρχῆς
3099 5073 3482 5150 παραλύσοντα
3511 5078 3726 5152 τρὲφων
3753 5079 3903 5134 κατά

473 5181 627 5232 θεῖον
671 5174 763 5230 καὶ
813 5169 1166 5249 περιθάλπων
1213 5167 1290 5232 είς
1331 5167 1425 5223 τὸν
1473 5169 1542 5240 τῇ
1593 5167 1833 5242 Προνοίᾳ
1889 5163 2153 5223 δοκοῦντα
2209 5168 2422 5242 καιρὸν,
2474 5167 2676 5223 ἐκεῖνον
2737 5166 2830 5239 μὲν
2879 5165 3057 5221 ὀπίσω
3103 5165 3417 5239 ἀποπέμπει
3465 5167 3608 5242 πρὸς
3655 5169 3718 5223 τὸ
3771 5175 3901 5224 Βυ-

475 5267 707 5336 ζάντιον,
757 5262 919 5326 αύτὸς
965 5257 1024 5316 δὶ
1067 5259 1205 5336 πρὸς
1254 5257 1318 5314 τὸ
1357 5261 1467 5314 τῶν
1510 5256 1832 5333 Προυσαὲων
1904 5252 2211 5330 μεταϐαίνει
2260 5256 2511 5332 πόλισμα
2561 5257 2695 5330 μετά
2741 5261 2848 5312 τῶν
2899 5254 3245 5334 ἐφεπομένων
3290 5256 3439 5330 αὖτῷ
3479 5262 3908 5334 στρατιωτικῶν

473 5357 694 5426 τάξεων.

548 5474 601 5528 4.
635 5473 922 5530 Machinis
965 5479 1020 5529 et
1073 5471 1210 5529 viris
1257 5469 1414 5544 operi
1471 5468 1732 5541 intentis,
1765 5468 1892 5543 ipse
1947 5468 2124 5542 pluri-

2307 5463 2370 5524 δ’.
2424 5465 2522 5523 Καῖ
2571 5463 2638 5535 δὴ
2687 5464 2824 5520 κατά
2872 5464 2935 5520 τὸ
2982 5464 3118 5539 πρὸς
3177 5459 3524 5540 μεσημϐρίαν
3581 5465 3747 5542 μέρος
3790 5474 3904 5538 τῆς

476 5574 605 5616 mas
643 5560 862 5618 litteras
887 5560 1112 5634 sagittis
1145 5579 1399 5619 annexas
1455 5561 1513 5618 in
1561 5560 1762 5618 urbem
1810 5559 2100 5632 iaculatur

2281 5553 2452 5620 όλεως
2481 5555 2664 5632 βαλὼν
2700 5555 2936 5635 χάρακα,
2985 5556 3118 5612 καθὸ
3167 5552 3236 5626 δὴ
3285 5555 3376 5610 καὶ
3425 5557 3686 5631 προσιτὸν
3719 5555 3905 5616 ἐδόκει
