4112 6218
257 433 377 496 641

1306 426 1409 490 DE
1452 427 1906 492 ANDRONICO
1948 430 2329 496 COMNENO
2378 436 2528 497 LIB.
2574 436 2624 498 l.

3547 436 3668 498 642

254 563 325 620 τὸ
343 566 533 639 τεῖχος
567 556 657 616 διὰ
686 559 749 616 τὸ
794 564 893 615 τοῦ
923 559 1113 639 χώρου
1147 556 1419 631 ἷσόπεδον,
1453 560 1531 633 μὴ
1565 560 1639 623 ὡς
1670 561 1705 629 ὴ
1739 558 1905 631 λοιπὴ

2026 580 2273 634 quarum
2350 566 2471 624 haec
2527 568 2816 625 sententia
2863 571 3009 640 erat,
3069 583 3132 625 se
3189 569 3274 627 eis
3326 570 3667 629 defectionis

256 652 428 717 πόλις
467 651 544 714 εἲς
589 656 821 725 πετρῆεν
876 649 963 704 καὶ
1020 649 1305 729 περιφερὲς
1345 648 1632 725 αἰρόμενον
1668 649 1914 730 γήλοφον

255 744 351 799 καὶ
416 741 703 814 ἀπότομον
752 739 1212 816 προφαινόμενον,
1274 742 1347 812 τῇ
1412 737 1534 809 ἑξῆς
1582 736 1767 813 ἔχεται
1814 742 1917 795 τοῦ

254 833 605 909 πολιορκεῖν.
666 831 771 888 Καὶ
829 831 885 884 αἱ
945 830 1039 902 μὲν
1105 829 1350 905 μηχαναὶ
1389 829 1479 883 καὶ
1510 830 1562 884 οἱ
1592 826 1781 904 ἄνδρες
1814 830 1917 885 οὐκ

253 925 473 998 ἀεργῶς
527 920 707 996 εἶχον,
769 917 895 975 αλλ’
952 912 1122 992 ἔδρων
1171 918 1233 973 τὸ
1289 919 1623 997 πρόσφορον*
1668 917 1827 980 αὐτὸς
1868 915 1917 973 δ’

251 1009 613 1087 Ἀνδρόνικος
661 1008 797 1084 ῥέων
841 1008 905 1063 τὸ
955 1007 1159 1083 λέγειν,
1209 1007 1507 1083 ἀτράκτους
1543 1006 1721 1083 βελῶν
1750 1028 1911 1063 πετα-

252 1102 456 1174 σίμους
495 1099 668 1161 τιθεὶς
729 1097 918 1173 λόγοις
973 1097 1289 1172 πτερόεσσιν
1346 1096 1567 1174 ἐπηφίει
1631 1098 1767 1151 κατὰ
1811 1104 1910 1167 τῆς

248 1190 499 1251 πόλεως.
558 1195 726 1244 Ἦσαν
786 1185 845 1242 δὲ
910 1186 944 1242 ’ἁ
1007 1184 1211 1258 ἐδήλου
1291 1188 1358 1241 τά
1413 1186 1681 1266 φερόμενα
1739 1185 1913 1241 ἐκεῖνα

251 1277 474 1354 διαέρια
523 1278 843 1355 γράμματα,
898 1271 1213 1350 μεταϐόλῆς
1256 1275 1585 1355 παραίφασις
1613 1274 1704 1330 καὶ
1736 1276 1914 1349 ἀμνη-

250 1371 383 1424 στία
448 1372 651 1437 κακῶν,
709 1365 758 1422 εἰ
812 1366 974 1421 αὐτὸν
1024 1366 1120 1440 μὲν
1178 1364 1309 1421 εἷ’σω
1370 1362 1752 1440 προσδέξονται
1816 1366 1909 1427 τὰς

247 1456 443 1520 πύλας
508 1456 946 1528 ἀναπετάσαντες,
1013 1452 1295 1530 Θεόδωρον
1366 1452 1422 1510 δὲ
1484 1454 1577 1509 τὸν
1630 1453 1908 1531 Ἄγγελον

247 1549 351 1604 καί
384 1549 473 1604 τὸν
530 1547 784 1622 ἀγοραῖον
843 1553 1095 1623 Λαχανῖιν
1147 1546 1240 1601 καὶ
1290 1546 1382 1601 τὸν
1439 1544 1688 1600 ἀσύνετον
1742 1545 1906 1600 Συνέο

249 1637 520 1707 σιον,ἳνα
547 1642 666 1698 ταῖς
717 1635 886 1691 αὐτοῦ
943 1634 1147 1691 ἐκείνου
1207 1635 1529 1711 χρησαίμην
1591 1632 1786 1707 λέξεσι,
1818 1633 1905 1689 καὶ

244 1728 306 1782 οἳ
356 1727 574 1788 τοὺτοις
625 1726 953 1803 ὁμόφρονες,
1003 1725 1218 1797 θανάτῳ
1274 1721 1761 1799 καταπροδώσουσι
1813 1744 1908 1778 συ-

244 1815 503 1891 σχόντες.
571 1813 677 1870 Καὶ
739 1816 903 1869 τοῦτο
971 1811 1052 1888 ἐφ’
1119 1813 1330 1874 ἱκαναῖς
1404 1812 1576 1867 ἐποίει
1651 1811 1903 1884 ἡμέραις.

2021 654 2176 711 372
2207 655 2343 713 dare
2399 658 2654 729 veniam,
2687 658 2737 714 si
2808 658 3024 730 apertis
3058 658 3243 731 portis
3291 660 3665 730 reciperetur,

2018 746 2076 798 et
2102 743 2443 802 Theodorus
2494 746 2749 818 Angelus
2779 750 2837 803 et
2891 747 3394 806 circumforaneus
3447 749 3663 806 Lacha-

2019 847 2127 887 nas
2178 837 2233 888 et
2262 835 2613 891 temerarius
2650 836 2929 909 Synesius
2960 836 3075 907 (his
3133 836 3288 892 enim
3347 837 3533 893 titulis
3565 854 3663 895 eos

2019 920 2284 990 ornabat)
2314 939 2626 997 eorumque
2675 926 2963 995 eonjurati
2990 925 3101 981 sibi
3134 927 3519 996 traderentur,
3566 927 3664 982 ld-

2020 1025 2133 1080 que
2164 1010 2370 1067 diebus
2422 1013 2826 1086 compluribus
2856 1014 3169 1086 repetitum
3201 1022 3309 1070 est.
3345 1014 3492 1072 Nam
3526 1016 3665 1072 Pru-

2018 1113 2226 1155 saense
2248 1100 2469 1156 bellum
2490 1101 2678 1159 Nicaea
2708 1119 2813 1161 nec
2843 1103 3179 1159 fortitudine
3202 1105 3457 1161 militum
3474 1106 3551 1161 im
3564 1123 3664 1177 pe-

2019 1188 2266 1245 ratorios
2320 1190 2741 1263 invadentium,
2797 1208 2901 1248 nec
2958 1192 3104 1249 odiis
3141 1194 3201 1248 in
3239 1193 3661 1263 Andronicum,

2017 1291 2142 1347 quas
2177 1282 2234 1333 et
2285 1278 2425 1335 belli
2455 1296 2634 1336 causa
2663 1286 2851 1348 erant,
2884 1282 3203 1353 quidquam
3261 1285 3613 1340 concedebat
3645 1305 3660 1353 ;

2016 1370 2073 1420 et
2102 1365 2229 1436 ipsa
2259 1369 2402 1423 urbs
2453 1370 2714 1441 undique
2754 1369 3017 1442 pulchris
3066 1372 3329 1429 turribus
3388 1374 3663 1429 adornata

2016 1458 2072 1509 et
2095 1455 2350 1512 robustis
2395 1458 2710 1525 mmnibus,
2745 1459 2931 1530 iisque
2971 1476 3175 1517 versus
3210 1466 3488 1518 Austrum
3520 1480 3660 1518 con-

2015 1544 2353 1615 duplicatis,
2436 1546 2666 1603 ﬁrmata
2722 1553 2831 1603 est.
2885 1549 3044 1606 Unde
3101 1566 3235 1605 cum
3291 1550 3663 1608 excursiones

2015 1632 2240 1704 fierent,
2280 1634 2452 1690 multi
2509 1637 2780 1708 utrinque
2808 1626 3127 1693 cadebant.
3177 1639 3285 1694 Sed
3345 1656 3478 1694 cum
3511 1640 3663 1696 hanc

2017 1738 2252 1795 quoque
2299 1724 2506 1780 urbem
2534 1726 2873 1783 Andronico
2904 1726 3040 1781 dedi
3071 1731 3383 1798 oporteret,
3417 1733 3475 1783 et
3504 1730 3663 1783 mul-

2012 1814 2103 1864 tos
2132 1810 2231 1880 qui
2260 1810 2320 1865 in
2352 1825 2421 1866 ea
2449 1815 2615 1866 erant
2637 1812 2911 1867 subactos
2942 1812 2999 1866 in
3031 1811 3353 1868 crueiatum
3388 1813 3499 1886 agi,
3527 1831 3662 1886 pars

243 1902 395 1963 Οὐδὲ
440 1905 543 1980 γάρ
600 1904 628 1958 ὁ
688 1903 824 1958 κατὰ
865 1906 1108 1977 Προῦσαν
1161 1900 1627 1978 συγκροτούμενὸς
1657 1900 1905 1975 πόλεμος

2016 1902 2165 1958 muri
2196 1904 2463 1975 quaedam
2494 1903 2712 1960 crebris
2742 1904 2989 1959 arietum
3020 1905 3236 1962 ictibus
3290 1906 3656 1985 labefactata,

239 2000 349 2050 τοῦ
388 1995 523 2049 κατὰ
577 1994 806 2050 Νίκαιαν
864 1994 1153 2056 συστάντος
1209 1994 1271 2049 τὸ
1328 1988 1551 2048 ἔλαττον
1610 1993 1907 2069 ἀπεφέρετο

237 2084 388 2139 κατὰ
441 2103 500 2138 τε
554 2081 731 2152 ἀλκὴν
781 2080 987 2159 ἀνδρῶν
1059 2078 1528 2155 συμπλεκομένων
1580 2085 1697 2144 τοῖς
1753 2081 1905 2157 βασι-

242 2172 430 2234 λείοις
486 2172 727 2246 τάγμασι
764 2172 853 2225 καὶ
910 2176 1069 2244 μῖσος
1123 2170 1186 2226 τὸ
1243 2169 1296 2233 ἐς
1346 2166 1715 2245 Ἀνδρόνικον,
1749 2169 1778 2223 ὅ
1815 2168 1906 2224 καὶ

238 2267 347 2319 τοῦ
397 2259 650 2335 πολέμου
706 2258 884 2316 αἴτιον
941 2261 1028 2330 ἦν.
1091 2261 1188 2315 Καὶ
1240 2258 1378 2330 αὒτή
1440 2256 1499 2314 δὲ
1561 2262 1589 2330 ἡ
1646 2256 1810 2322 πόλις
1868 2261 1904 2329 ἡ

242 2355 469 2425 ﬁgo-3m
524 2355 669 2406 πᾶσα
714 2348 1095 2425 καλλίπυργός
1162 2349 1274 2405 ἐστι
1324 2350 1415 2404 καὶ
1465 2348 1692 2424 ἴσχυρὸν
1751 2369 1909 2423 περι-

240 2436 572 2514 ϐεϐλημένη
631 2435 958 2516 περίϐολον,
1006 2438 1095 2494 καὶ
1150 2442 1343 2494 τοῦτον
1401 2438 1716 2519 ἀμφίδυμον
1771 2438 1907 2493 κατὰ

236 2530 312 2585 τὸ
342 2531 519 2603 κλίμα
570 2529 633 2584 τὸ
690 2530 892 2585 νότιον.
929 2531 1017 2586 Ἐν
1080 2529 1126 2601 ᾧ
1179 2527 1269 2583 καὶ
1313 2525 1576 2603 ἐκδρομαὶ
1631 2526 1905 2590 πολλάκις

237 2626 348 2689 τῆς
396 2618 609 2693 ἡμέρας
660 2619 945 2693 γινόμεναι
1023 2624 1291 2687 συνῆπτον
1364 2617 1501 2691 πρὸς
1557 2613 1782 2687 ἄλληλα
1840 2620 1909 2672 τὰ

237 2709 649 2782 στρατεύματα,
706 2708 798 2762 καὶ
874 2704 1103 2762 ἔπιπτον
1188 2705 1239 2776 ἐξ
1297 2708 1617 2785 ἀμφοτέρων
1677 2705 1897 2781 συχνοί.

242 2798 403 2821 νην-,Δὶ
465 2795 518 2821 Ὡὶ
580 2795 681 2821 ὶιὶμ
737 2796 826 2821 --.Α
886 2797 983 2821 ..-ὶη
1045 2795 1447 2821 -1Ί...-μν1--μ.
1506 2795 1706 2821 !___-__’__I
1730 2817 1775 2821 μ-
1830 2799 1896 2821 _."

284 2800 308 2821 Ἴ
388 2798 403 2817 ‘
580 2795 603 2814 ³¹
812 2796 826 2815 \
932 2797 945 2815 ‘
1330 2796 1342 2816 Ι
1507 2797 1519 2818 ο
1660 2795 1675 2815 Ι
1869 2799 1896 2810 α’

260 2802 405 2855 hac:
462 2795 523 2852 δί
579 2794 686 2852 εδει
736 2817 829 2851 και
885 2817 985 2866 την
1041 2795 1205 2852 πόλιν
1248 2817 1448 2866 ταυτην
1505 2799 1780 2870 υποκυψαι
1829 2816 1909 2866 τῳ

236 2884 584 2961 Ἀνδρονίκῳ
615 2886 704 2942 καὶ
758 2886 886 2951 τοὺς
942 2886 1230 2951 πλείστους
1285 2890 1394 2942 τῶν
1426 2884 1480 2941 ἐν
1532 2885 1666 2960 αὐτῇ
1701 2903 1907 2960 χειρω-

232 2977 436 3043 θέντας
491 2982 681 3041 παθεῖν
735 2975 804 3032 τὰ
860 2977 1147 3047 ἀνήκεστα,
1203 2980 1300 3031 τοῦ
1367 2976 1589 3052 τείχους
1653 2996 1706 3031 τι
1773 2975 1906 3030 ἀπε-

234 3065 480 3139 λεπίσθη
517 3070 587 3141 τῇ
635 3065 896 3122 ἑλεπόλει
943 3072 1191 3145 συνεχῶς
1244 3063 1641 3141 δρυπτόμενον.
1672 3066 1817 3141 Πρὸς
1849 3063 1908 3120 δε

227 3156 425 3229 τούτῳ
464 3157 553 3211 καί
612 3155 674 3210 τὸ
730 3156 846 3210 κατ’
903 3152 1077 3210 έκεῖνο
1134 3156 1196 3211 τὸ
1259 3156 1421 3229 μέρος
1469 3154 1908 3230 προσεπίκτισμα

230 3246 329 3301 καὶ
394 3242 692 3317 ἱμάντωμα
744 3248 842 3299 τοῦ
902 3242 1141 3299 παλαιοῦ
1207 3238 1507 3318 περιϐόλου
1562 3238 1900 3315 καταϐληθὲν

232 3332 537 3410 φαντασίαν
599 3337 716 3393 τοῖς
792 3328 944 3387 ἔιδον
1024 3331 1331 3411 παρέσχετο
1407 3336 1504 3387 τοῦ
1577 3332 1641 3387 τὸ
1714 3337 1902 3410 τεῖχος

231 3423 405 3491 ἅπαν,
437 3421 639 3476 ὁπόσον
676 3422 711 3491 ἠ
739 3419 994 3484 ἑλέπολις
1027 3417 1267 3493 ἔτυπτεν,
1320 3420 1410 3476 ἐπὶ
1464 3420 1599 3496 γόνυ
1646 3420 1901 3491 κλιθῆναι

228 3509 612 3568 κατασεισθέν.
681 3513 852 3584 Θροῦς
920 3508 1011 3564 οὖν
1081 3508 1170 3565 ἐπὶ
1225 3514 1304 3582 τῷ
1360 3509 1655 3585 γενομένῳ
1721 3510 1900 3584 τούτῳ

234 3601 463 3674 ἃσημος
532 3595 769 3671 αἴρεται,
834 3599 926 3655 καὶ
1021 3599 1141 3662 δέος
1243 3599 1339 3661 τὰς
1403 3599 1651 3655 ἁπάντων
1744 3599 1900 3655 ἐκτα-

236 3693 427 3765 ράττει
482 3687 734 3764 καρδίας.
765 3691 923 3754 Ὅθεν
979 3691 1056 3763 μὴ
1110 3688 1590 3765 περιεργασθέντος
1643 3694 1741 3745 τοῦ
1805 3710 1902 3744 κα-

234 3782 365 3851 κοῦ,
398 3776 524 3833 ἀλλ’
555 3776 702 3832 ’ὀλων
759 3778 850 3833 καὶ
900 3779 1039 3853 πρὸς
1093 3779 1260 3851 μόνον
1311 3782 1420 3833 τῶν
1474 3776 1898 3854 ἐκτιναχθέντων

239 3870 415 3924 λίθων
473 3868 567 3923 τὸν
629 3865 831 3922 δοῦπον
891 3866 1356 3941 ἐπαποψυξάντων
1387 3871 1468 3940 τῷ
1526 3864 1631 3922 δέει
1679 3871 1900 3941 μικροῦ,

239 3958 425 4035 ἔρημα
487 3958 582 4031 μὲν
650 3956 717 4012 τά
770 3955 931 4031 τείχη
987 3959 1095 4012 τῶν
1154 3955 1237 4011 ἐπ’
1307 3957 1483 4011 αὐτῶν
1542 3956 1898 4030 ἀμυνομένων

239 4049 523 4118 εἰάθησαν,
583 4047 642 4101 αἱ
695 4044 740 4100 δ’
796 4045 983 4121 ἀγυιαὶ
1042 4046 1205 4122 αἶχον
1270 4043 1630 4121 ἁλιζομένους
1686 4046 1761 4107 ὼς
1818 4044 1901 4100 ἐπ’

238 4135 564 4211 ἀμηχάνοις
589 4134 720 4197 τοὺς
778 4129 1218 4197 ὑποκαταϐάντας
1275 4133 1335 4190 ἐκ
1383 4139 1489 4189 τῶν
1540 4138 1760 4208 τειχῶν.
1797 4134 1901 4190 Καὶ

235 4227 304 4283 τὸ
342 4223 583 4288 ἐντεῦθεν
634 4221 819 4287 ἄνετος
860 4226 956 4298 μὲν
1014 4229 1131 4287 τοῖς
1159 4222 1457 4296 πολεμίοις
1497 4226 1533 4293 ἠ
1575 4220 1664 4278 διὰ
1710 4220 1901 4277 πυλῶν

231 4313 337 4371 καὶ
386 4313 607 4390 τείχους
664 4312 950 4387 κλιμάκιον
1010 4311 1457 4387 ἐπενηνεγμένων
1488 4311 1566 4375 εἷς
1596 4314 1698 4382 τὴν
1737 4310 1900 4367 πόλιν

234 4401 460 4465 εἴσοδος
515 4403 604 4473 ἦν,
651 4403 835 4466 αὐτοῖς
882 4400 939 4457 δὲ
994 4407 1109 4465 τοῖς
1162 4406 1497 4479 Προυσαεῖωι
1546 4396 1907 4474 καταλαμϐα-

232 4494 503 4566 νομένοις
578 4493 819 4563 ἀνηλεής
893 4490 1166 4566 ἀναίρεσις
1244 4491 1336 4546 καὶ
1423 4495 1531 4546 τῶν
1591 4492 1902 4566 προσόντων

237 4582 529 4659 διαρπαγὴ
595 4582 685 4637 καὶ
749 4586 855 4636 τῶν
928 4582 1299 4657 βοσκημάτων
1372 4580 1675 4649 κατακοπὴ,
1746 4575 1778 4634 ἀ
1836 4578 1903 4649 δὴ

2017 1999 2071 2048 et
2096 2009 2265 2049 muro
2294 1993 2473 2048 veteri
2515 1994 2796 2064 adjuncta
2826 1995 3060 2066 crepido
3085 2000 3398 2066 prostrata,
3430 1997 3655 2068 Opinio-

2018 2097 2152 2137 nem
2183 2082 2439 2138 obsessis
2473 2082 2671 2138 attulit
2701 2099 2930 2138 murum
2962 2084 3322 2153 universum,
3352 2100 3513 2157 quem
3535 2102 3660 2140 ma-

2016 2171 2187 2228 china
2245 2172 2505 2242 feriebat,
2538 2173 2849 2228 corruisse.
2883 2172 3103 2228 Rumor
3157 2173 3331 2244 igitur
3377 2175 3658 2231 confusus

2016 2257 2256 2331 tollitur,
2320 2260 2475 2315 373
2508 2259 2785 2316 omnibus
2815 2259 3032 2315 territis
3063 2276 3170 2317 nec
3200 2261 3421 2317 malum
3455 2263 3656 2318 datum

2017 2350 2345 2406 accuratius
2374 2349 2833 2421 explorantibus,
2864 2351 2963 2405 sed
2991 2350 3061 2405 ad
3086 2351 3345 2407 sonitum
3376 2352 3662 2409 duntaxat

2015 2453 2390 2495 excussorum
2438 2454 2710 2495 saxorum
2748 2442 2904 2494 metu
2938 2455 3085 2511 pene
3115 2440 3482 2497 exanimatio.
3519 2442 3657 2498 Maa-

2014 2527 2115 2582 nia
2164 2528 2442 2584 destituta
2470 2537 2608 2583 sunt
2663 2544 2698 2582 a
2752 2528 3182 2595 defensoribus,
3214 2534 3270 2585 et
3326 2530 3437 2586 vici
3496 2532 3661 2588 urbis

2012 2616 2254 2689 trepidis
2309 2632 2510 2673 eorum
2543 2616 3078 2674 discursatiouibus
3107 2617 3330 2689 repleti.
3364 2619 3503 2676 Inde
3533 2639 3660 2677 sca-

2013 2705 2088 2762 lis
2126 2706 2409 2778 appositis
2430 2721 2718 2776 muroque
2748 2715 3034 2777 superato,
3069 2708 3249 2780 portis
3270 2709 3484 2780 apertis
3513 2710 3658 2767 liber

2016 2796 2179 2852 urbis
2239 2797 2544 2868 ingressus
2586 2796 2738 2852 hosti
2769 2797 2981 2868 patuit.
3022 2798 3381 2856 Prusaenses
3412 2801 3656 2873 direptis

2012 2884 2236 2943 aedibus
2268 2885 2578 2942 crudeliter
2631 2885 2941 2958 interfecti,
2972 2888 3029 2942 et
3082 2887 3331 2959 pecudes
3371 2896 3656 2957 mactatae,

2013 2992 2260 3048 quarum
2292 2991 2496 3048 greges
2531 2978 2588 3030 et
2614 2979 2876 3031 armenta
2904 2975 2965 3032 in
2999 2976 3200 3032 urbem
3246 2982 3439 3035 coacta
3469 2986 3657 3049 erant,

2013 3070 2079 3121 ut
2109 3066 2287 3122 ducta
2342 3064 2640 3121 obsidione
2672 3064 2952 3121 haberent
2976 3067 3131 3122 unde
3188 3067 3463 3125 viverent.
3523 3072 3657 3136 Qua:

2014 3156 2149 3211 dum
2182 3155 2418 3224 ﬁebant,
2466 3156 2669 3212 urbem
2700 3154 3002 3228 ingressus
3031 3157 3418 3229 Andronicus,
3451 3175 3564 3214 non
3597 3163 3663 3215 ut

2016 3242 2270 3299 clemens
2319 3244 2637 3317 imperator
2663 3247 2720 3299 et
2774 3259 2966 3300 eorum
2996 3244 3099 3317 qui
3147 3250 3205 3300 et
3251 3246 3388 3302 olim
3443 3247 3661 3303 subditi

2015 3334 2242 3389 fuerant
2291 3340 2343 3388 et
2376 3350 2582 3389 rursus
2612 3334 2789 3389 futuri
2821 3339 3005 3404 erant,
3030 3335 3295 3406 quamvis
3322 3336 3391 3391 ad
3428 3340 3661 3409 tempus

2013 3423 2376 3490 defecissent,
2430 3428 2815 3490 conservator,
2851 3423 3208 3481 Prusaenses
3238 3426 3521 3493 tractavit,
3557 3441 3662 3482 nec

2011 3515 2076 3567 ut
2105 3512 2407 3568 hominum
2440 3512 2533 3583 qui
2564 3512 2776 3568 iisdem
2829 3513 3131 3569 elementis
3190 3519 3458 3570 constent
3486 3514 3662 3570 ratio-

2010 3616 2145 3656 nem
2197 3600 2453 3656 habuit:
2520 3602 2621 3657 sed
2673 3606 2737 3656 ut
2788 3601 3084 3658 famelicus
3137 3602 3227 3658 leo
3276 3602 3662 3658 incustoditos

2009 3705 2208 3759 greges
2240 3690 2479 3745 adortus
2509 3688 2636 3745 aliis
2685 3689 2835 3744 colla
2866 3690 3101 3760 frangit,
3154 3688 3395 3745 aliarum
3436 3691 3659 3744 viscera

2010 3779 2270 3847 devorat,
2301 3777 2446 3834 alias
2500 3779 2668 3835 aliter
2712 3778 3038 3834 miserrime
3087 3778 3341 3846 conficit,
3402 3777 3658 3849 reliquas

2009 3866 2071 3923 in
2103 3872 2335 3925 montes
2368 3873 2426 3923 et
2468 3867 2789 3939 praecipitia
2820 3868 2959 3938 agit,
2996 3867 3079 3921 ita
3109 3871 3232 3923 tum
3264 3868 3659 3938 Andronicus,

2012 3957 2164 4028 quod
2214 3960 2395 4011 Prusa
2451 3972 2570 4011 non
2614 3956 2929 4026 deditione,
2987 3956 3142 4010 374
3199 3956 3298 4011 sed
3343 3955 3395 4009 vi
3452 3956 3668 4027 potitus

2014 4049 2158 4109 erat,
2220 4044 2499 4116 plurimos
2530 4045 2781 4115 pessimo
2812 4044 2983 4099 exitio
3017 4043 3278 4113 perdidit,
3314 4044 3665 4117 multiplices

2013 4135 2303 4191 cruciatus
2333 4139 2389 4190 et
2444 4135 2596 4190 varia
2631 4137 2920 4189 tormenta
2955 4137 3338 4191 commentus.
3371 4136 3662 4207 Angelum

2017 4226 2404 4291 Theodorum,
2472 4226 2886 4282 adolescentem
2927 4242 3071 4297 pene
3100 4226 3287 4282 adhuc
3320 4228 3662 4292 imberbem,

2013 4317 2243 4374 effossis
2289 4315 2475 4373 oculis
2521 4314 2688 4372 asino
2738 4315 3072 4387 impositum
3128 4321 3187 4372 et
3244 4316 3395 4373 ultra
3454 4318 3665 4374 limites

2012 4407 2401 4463 Romanorum
2460 4406 2729 4461 eductum
2766 4403 2981 4460 dimitti
3007 4406 3193 4476 jubet,
3227 4411 3291 4462 ut
3328 4423 3668 4479 quocunque

2012 4495 2269 4566 impetus
2306 4496 2632 4566 jumentum
2667 4492 2916 4560 tulisset,
2947 4493 3025 4549 ibi
3049 4496 3207 4551 solus
3237 4497 3551 4553 oberraret.
3580 4504 3662 4555 Ac

2014 4585 2252 4641 forsitan
2312 4585 2511 4640 aleris
2551 4583 2851 4640 devoratus
2906 4592 3074 4652 esset,
3137 4587 3291 4657 quod
3346 4588 3666 4644 Andronici

235 4671 387 4729 κατᾶ
451 4672 606 4725 πώεα
667 4671 759 4724 καὶ
846 4669 950 4725 ’ὸλα
1022 4671 1291 4746 βουκόλια
1370 4668 1760 4739 είσηλάθησαν,
1829 4670 1904 4734 ὡς

2015 4674 2321 4732 consilium
2378 4673 2509 4745 fuit,
2559 4673 2671 4729 nisi
2723 4673 2895 4730 Turci
2969 4675 3213 4733 viatores
3258 4677 3386 4747 ejus
3445 4677 3667 4734 miserti

239 4760 430 4836 ἔχοιεν
500 4761 547 4833 ᾧ
608 4761 978 4838 τραφήσονται
1053 4761 1107 4814 οἱ
1165 4759 1314 4821 ἐντὸς
1372 4758 1781 4831 ἐπιτεινομένης
1811 4766 1911 4829 τῆς

239 4848 598 4918 πολιορκίας.
643 4849 745 4906 Καὶ
777 4849 901 4903 τότε
966 4849 1062 4921 μὶν
1120 4848 1173 4903 ἐν
1225 4848 1499 4910 τοιούτοις
1544 4847 1681 4917 ἦσαν
1711 4844 1908 4911 δεινόῐς

242 4939 319 4996 τὲ
348 4937 672 5010 τελούμενα·
738 4935 853 4991 ἐπεὶ
914 4934 972 4992 δὶ
1026 4938 1117 4992 καὶ
1162 4937 1190 4992 ὁ
1253 4935 1509 5013 βασιλεὺς
1564 4934 1913 5011 Ἀνδρόνικος

242 5024 602 5097 εἰσεληλύθει
626 5027 689 5081 τὸ
738 5024 986 5099 πόλισμα
1034 5026 1123 5080 καὶ
1174 5024 1496 5096 ἐνηυλίσατο
1524 5022 1760 5095 ἔνδοθεν,
1797 5024 1908 5082 οὗθ’

246 5117 330 5178 ὠς
364 5114 623 5191 βασιλεὺς
672 5116 847 5192 πραῢς
901 5115 992 5171 καὶ
1040 5114 1229 5186 σώζων
1288 5114 1558 5185 ὑπηκόοις
1588 5115 1705 5171 οὖσι
1736 5115 1907 5173 πάλαι

249 5206 344 5260 καὶ
401 5203 555 5268 αὖθις
612 5204 912 5279 ἐσομένοις,
974 5202 1071 5259 κᾶν
1129 5207 1267 5280 πρὸς
1325 5205 1512 5278 καιρὸν
1578 5205 1904 5276 ἀπέστησαν,

243 5300 371 5356 τοῖς
408 5298 768 5370 ΙΙρουσεεῦσιν
810 5295 1109 5372 ἐχρήσατο,
1163 5294 1272 5350 οὗθ’
1325 5297 1409 5369 [Ρ.
1454 5297 1578 5370 186]
1610 5296 1684 5357 ὡς
1715 5294 1908 5356 ἁπλῶς

246 5384 538 5458 ἄνθρωπος
606 5383 902 5458 ὁμοφυέσιν
970 5381 1222 5457 ἀνδράσιν
1287 5384 1513 5459 ἡμέρως
1576 5385 1907 5458 προσενήνε-

243 5493 398 5531 κται·
468 5470 600 5529 ἀλλ’
661 5472 735 5536 ὠς
809 5475 910 5547 θὴρ
979 5473 1231 5542 ἀπόσιτο,
1301 5474 1502 5534 ἱκανῶς
1575 5472 1907 5545 ἀσηκάστοις

245 5561 503 5638 ἰμπεσὼν
580 5562 672 5617 καὶ
747 5561 1105 5635 ἀποιμάντοις
1146 5563 1421 5638 θρέμμασι
1460 5565 1557 5617 τοῦ
1636 5563 1731 5634 μὲν
1809 5563 1905 5618 αὗ-

244 5656 383 5729 χένα
411 5653 682 5722 κατέαξεν,
726 5649 904 5707 ἄλλου
954 5648 1001 5705 δ’
1038 5649 1294 5730 ἐλάφυξεν
1346 5648 1566 5728 ἔγκατα,
1599 5652 1688 5705 καὶ
1717 5650 1905 5713 ἄλλως

245 5741 736 5817 έθετουχειρίστως
792 5737 995 5814 ἳτερον,
1054 5740 1122 5796 τὰ
1177 5737 1234 5795 δὲ
1292 5739 1460 5796 λοιπᾶ
1508 5746 1780 5817 κρημνοῖς
1814 5742 1903 5797 καὶ

2021 4768 2215 4821 essent
2244 4770 2297 4818 et
2350 4763 2409 4818 in
2445 4761 2809 4818 tabernacula
2867 4779 2972 4818 sua
3001 4765 3313 4821 abductum
3347 4775 3662 4823 curassent.

2022 4853 2261 4909 Leonem
2291 4850 2596 4926 Synesium
2647 4856 2703 4907 et
2734 4850 3060 4908 Manuelem
3090 4854 3409 4910 Lachanam
3441 4863 3497 4909 et
3525 4856 3667 4907 alios

2020 4943 2366 5016 complures,
2391 4960 2456 4998 ει.
2485 4958 2747 5012 numero,
2782 4943 2852 4998 de
2882 4943 3129 4999 summis
3158 4944 3461 4999 arboribus
3503 4944 3667 5012 juxta

2019 5037 2212 5089 Prusae
2238 5032 2449 5087 moenia
2481 5030 2784 5103 suspendit
2816 5049 2829 5099 ;
2861 5039 2913 5086 et
2943 5030 3110 5101 longe
3149 5033 3342 5103 plures
3362 5030 3490 5085 aliis
3522 5045 3663 5097 sup-

2020 5121 2209 5193 pliciis
2266 5120 2478 5186 allecit,
2513 5120 2756 5176 aliorum
2804 5120 3096 5186 manibus,
3151 5118 3394 5174 aliorum
3442 5117 3663 5188 digitis,

2019 5210 2401 5281 quorumdam
2459 5209 2706 5279 pedibus
2737 5206 3078 5277 amputatis.
3115 5204 3281 5260 Multi
3311 5211 3365 5260 et
3393 5203 3664 5260 manibus

2018 5307 2071 5355 et
2104 5298 2291 5355 oculis
2324 5295 2527 5367 privati
2559 5302 2712 5362 sunt,
2744 5292 3016 5351 nonnulli
3045 5294 3212 5350 oculo
3244 5294 3444 5350 dextro
3475 5298 3533 5349 et
3564 5309 3663 5365 pc-

2016 5387 2087 5443 de
2142 5385 2380 5440 sinistro
2409 5381 2685 5451 mutilati,
2744 5381 2842 5437 alii
2871 5390 3087 5438 contra.
3146 5381 3585 5439 Robustissimis
3612 5391 3667 5439 et

2017 5475 2167 5532 875
2205 5471 2535 5527 fortissimis
2566 5487 2632 5527 ac
2683 5471 2765 5526 rei
2799 5470 3064 5528 militaris
3121 5470 3488 5545 peritissimis
3526 5475 3665 5529 viris

2015 5566 2157 5621 adeo
2182 5560 2581 5617 inhumaniter
2628 5559 2955 5632 interfectis,
2976 5568 3148 5634 atque
3178 5563 3407 5635 imperii
3447 5563 3663 5621 viribus

2014 5649 2357 5719 imminutis,
2387 5648 2703 5721 Lopadium
2734 5651 2937 5706 transit
2981 5652 3341 5710 Andronicus
3371 5670 3386 5723 ;
3437 5652 3669 5712 eodem-

2017 5758 2130 5817 que
2177 5741 2346 5797 modo
2375 5738 2458 5795 ibi
2492 5753 2724 5810 quoque
2758 5748 3061 5814 grassatus,
3094 5747 3152 5801 et
3180 5742 3449 5818 episcopo
3477 5745 3662 5803 oculis
