4112 6218
484 423 605 484 οδε

1805 411 2124 476 ΝῙΟΕΤΒ
2164 411 2584 478 ΩΗΟΝῘΑΤΛΕ

3761 420 3887 482 ομ

487 563 732 636 privato,
765 557 916 634 quod
966 553 1362 612 seditiosorum
1396 551 1482 609 sui
1513 551 1705 626 gregis
1751 558 1970 608 motum
2001 567 2115 609 con

2244 547 2392 626 ὄρεσι
2493 551 2584 606 καὶ
2681 552 2977 628 βαράθροις
3053 547 3416 627 διασπαρέντα
3515 553 3890 629 παρέπεμψεν,

485 659 578 707 tra
605 645 998 706 Andronicum
1057 658 1174 699 non
1205 642 1547 714 castigasset
1575 639 1677 696 sed
1727 656 1892 712 aequo
1921 647 1974 696 et
2023 640 2138 697 leni

487 741 682 796 animo
714 735 942 793 tulisset
988 751 1056 790 ac
1085 736 1430 804 spectasset,
1459 731 1676 788 talibus
1704 729 2016 802 triumphis
2045 746 2136 786 or-

487 831 658 886 natus
689 827 750 885 in
803 825 1083 898 palatium
1115 823 1442 892 revertitur,
1475 821 1690 878 relictis
1721 821 2134 878 Prusaensium

487 917 724 984 vilibus,
790 930 916 987 quae
965 913 1202 970 arbores
1259 911 1774 982 amplectebantur,
1831 925 2138 983 suspenso-

491 1022 620 1064 rum
652 1003 1028 1062 cadaveribus
1086 1006 1152 1058 ut
1201 1001 1327 1058 uvis
1356 1000 1646 1067 oneratis;
1706 999 1888 1056 ullum
1955 1015 2139 1071 neque

487 1095 718 1168 sepeliri
750 1109 960 1166 passus
1003 1100 1110 1162 est,
1141 1091 1241 1148 sed
1273 1108 1307 1147 a
1337 1091 1456 1148 sole
1485 1090 1766 1146 arefactos
1793 1095 1852 1144 ut
1883 1089 2136 1147 terricu-

483 1186 743 1242 lamenta
792 1183 1113 1252 volucrum,
1163 1197 1234 1238 ne
1292 1195 1465 1252 poma
1519 1179 1813 1244 devorent,
1863 1195 1898 1234 a
1951 1178 2136 1234 ventis

479 1273 683 1346 agitari
736 1272 938 1330 voluit.
999 1271 1159 1343 Cpoli
1191 1269 1338 1326 laetis
1369 1267 1566 1341 populi
1620 1266 2131 1324 acclamationibus

477 1366 774 1433 exceptus,
833 1369 887 1416 et
915 1359 1279 1416 adulatorum
1325 1355 1780 1426 laudationibus,
1812 1370 1956 1427 quos
1987 1371 2130 1412 sem-

484 1469 583 1524 per
627 1452 782 1508 alere
840 1448 1022 1507 solent
1082 1447 1250 1516 aulas,
1291 1446 1492 1518 majori
1553 1445 1819 1518 superbia
1874 1444 2128 1512 inﬂatus,

485 1539 840 1615 spectaculis
899 1547 954 1596 et
1022 1539 1177 1594 ludis
1231 1537 1591 1594 circensibus
1649 1535 1844 1592 aestivo
1877 1542 2129 1607 tempore

483 1631 746 1687 intentus
805 1631 932 1686 fuit.
967 1631 1115 1686 Cum
1147 1631 1340 1683 autem
1399 1625 1710 1698 aliquando
1749 1624 2001 1680 tabulata
2029 1623 2130 1680 ali-

484 1726 626 1794 quot
654 1721 817 1792 iuxta
865 1717 1300 1791 imperatoriam
1349 1716 1540 1773 sedem
1573 1714 1824 1786 collapsa
1854 1715 2008 1771 876
2040 1714 2129 1769 vi-

482 1827 578 1868 ros
611 1827 711 1866 sex
767 1808 1221 1882 oppressissent,
1251 1805 1428 1877 vulgo
1479 1821 1547 1862 eo
1577 1822 1715 1861 casu
1760 1808 2127 1862 consternato

479 1900 822 1974 perterritus
879 1897 1160 1954 satellites
1229 1895 1561 1952 convocavit
1617 1899 1673 1950 et
1721 1895 1784 1950 in
1848 1893 2125 1966 palatium

477 1989 635 2046 abire
665 1988 846 2046 voluit
879 2005 893 2045 :
928 1988 1026 2044 sed
1059 1987 1132 2042 ab
1153 1984 1356 2042 amicis
1384 1988 1652 2041 exoratus
1684 1985 1924 2053 mansit,
1967 1985 2122 2058 quod

475 2079 526 2135 si
555 2077 918 2144 surrexisset,
957 2074 1158 2131 statim
1192 2073 1482 2144 periturus
1512 2077 1687 2140 esset,
1727 2073 1921 2146 populi
1957 2073 2122 2144 globo

476 2183 536 2238 in
579 2170 770 2238 ipsum
803 2169 860 2222 et
887 2165 1169 2222 satellites
1199 2164 1326 2236 ejus
1358 2164 1636 2235 impetum
1689 2164 1931 2220 facturo.
1985 2164 2125 2218 Pau-

473 2255 652 2328 lisper
689 2255 869 2327 igitur
920 2257 1197 2325 moratus,
1233 2254 1369 2309 dum
1401 2256 1666 2324 equestre
1706 2262 1758 2308 et
1787 2252 2118 2325 gymnicum

471 2355 761 2402 certamen
797 2343 1210 2409 absolveretur,
1235 2341 1474 2413 reliquis
1505 2341 1852 2411 spectaculis
1882 2357 2120 2412 prorsus

474 2433 770 2503 abstinuit,
831 2431 1154 2504 cujusmodi
1188 2438 1326 2487 sunt
1357 2430 1826 2486 funambulorum
1857 2439 1911 2486 et
1941 2447 2117 2486 vena-

473 2525 746 2592 tionum;
793 2523 1000 2594 quibus
1055 2520 1116 2577 in
1175 2521 1316 2577 urbe
1348 2535 1579 2576 manere
1622 2517 1789 2575 solita
1848 2521 2016 2576 turba
2065 2523 2122 2577 et

2247 639 2390 695 οὕτω
2461 639 2553 695 καὶ
2625 639 2748 696 τότε
2819 637 3174 717 Ἀνδρόνικος
3275 641 3350 714 μή
3428 640 3890 718 προηγησαμένης

2247 727 2551 804 ὁμολογίας
2591 750 2651 785 τε
2693 729 2784 785 καὶ
2841 726 3082 800 σπονδῆς
3137 729 3273 804 μετὰ
3299 729 3397 785 τοῦ
3425 735 3534 787 τῶν
3569 734 3888 808 Ηρουσαέων

2244 820 2626 896 πληρώματος
2654 822 2690 892 ἢ
2722 821 2974 883 ἑκουσίας
3011 816 3298 896 προϐάσης
3347 819 3702 902 παραδοχῆς,
3750 823 3893 880 ἀλλᾶ

2245 907 2477 984 πολέμῳ
2502 910 2784 980 ἡλωκυίας
2813 917 2914 981 τῆς
2948 909 3184 982 πόλεως,
3216 911 3507 973 πλείστους
3537 912 3622 967 δτι
3655 913 3892 988 μάλιστα

2246 997 2510 1076 διέφθειρε
2564 1000 2653 1054 καὶ
2709 1001 2990 1078 ἠφάνισεν,
3049 999 3126 1063 είς
3201 999 3514 1065 πολυειδεῖς
3569 1001 3660 1057 καὶ
3720 1003 3895 1059 πολυ-

2243 1089 2480 1164 τρόπους
2523 1088 2776 1152 κολάσεις
2824 1091 2888 1145 τὸ
2938 1093 3034 1144 τοῦ
3091 1091 3266 1164 θυμοῦ
3323 1091 3691 1168 καταμερίσας
3717 1090 3892 1147 ἀλλό-

2243 1198 2424 1236 κοτον.
2475 1176 2754 1254 Θεόδωρον
2818 1179 2912 1252 μὲν
2958 1179 3060 1255 γὰρ
3107 1180 3198 1234 τὸν
3238 1178 3518 1256 ’Δγγελον
3543 1181 3734 1251 ὴῒθεον
3765 1177 3894 1237 ὄντα

2241 1269 2332 1324 καὶ
2382 1270 2472 1326 τὸν
2525 1267 2712 1326 ἴουλον
2764 1271 2998 1346 πρώτως
3051 1271 3352 1346 χνοάζοντα
3391 1271 3606 1342 τίθησιν
3649 1270 3899 1346 ἰξόμμα-

2237 1379 2354 1429 τον,
2429 1359 2518 1414 καὶ
2595 1355 2700 1432 ὄνῳ
2767 1354 3142 1430 ἀναϐληθέντα
3225 1359 3314 1414 καὶ
3389 1364 3500 1416 τῶν
3564 1363 3892 1433 Ῥωμαϊκῶν

2239 1449 2405 1524 ὁρίων
2473 1449 2787 1523 ὑπερέκεινα
2851 1447 3162 1524 ἀπαχθένςα
3217 1450 3334 1505 εἶτα
3369 1449 3582 1508 κελεύει
3631 1449 3896 1523 διαθεθῆ-

2235 1561 2343 1613 ναι,
2369 1537 2464 1595 ’ίνα
2501 1537 2610 1611 ὅπη
2649 1540 2712 1595 τὸ
2781 1539 3078 1617 ὑποζύγιον
3137 1541 3334 1614 ὁρμῴη
3379 1541 3691 1615 αύτόματον
3727 1544 3892 1618 φερό-

2241 1649 2398 1702 μενος
2421 1627 2710 1700 πλάζοιτο.
2761 1628 2863 1686 Καὶ
2909 1631 3038 1709 τάχ’
3090 1628 3150 1684 ἂν
3193 1629 3413 1704 θηρίοις
3451 1629 3692 1708 ἐγεγόνει
3721 1634 3890 1688 κατά-

2237 1716 2455 1794 ὄρωμα,
2488 1720 2518 1774 δ
2545 1719 2633 1774 καὶ
2667 1719 2696 1774 ὁ
2739 1719 2838 1788 τὴν
2883 1718 3152 1794 τιμωρίαν
3200 1719 3402 1790 ταύτην
3453 1718 3640 1794 έκείνῳ
3680 1721 3891 1786 ἐπιθεὶς

2233 1805 2586 1883 Ἀνδρόνικος
2639 1806 3034 1883 προεσκέψατο,
3109 1807 3156 1862 εί
3227 1808 3305 1883 μή
3381 1812 3620 1883 Τοῦρκοι
3693 1807 3892 1886 ἐγκύρ-

2237 1917 2422 1959 σαντες
2479 1895 2742 1974 ᾢκτειριεν
2797 1915 2856 1952 τε
2885 1896 2979 1951 τὸν
3024 1896 3251 1974 μείρακα
3297 1897 3388 1951 καὶ
3437 1897 3515 1961 είς
3568 1897 3666 1962 τὰς
3711 1899 3894 1954 αὐτῶν

2233 1987 2434 2058 σκηνὰς
2528 1986 2893 2064 ἀπαγαγόντες
2962 1986 3248 2061 θεραπείας
3314 1985 3573 2057 ἠξίωσαν.
3649 1988 3759 2044 Τὸν
3840 1987 3896 2046 δὶ

2235 2076 2488 2131 Συνέσιον
2557 2074 2760 2130 Λέοντα
2823 2075 2914 2131 καὶ
2978 2076 3071 2130 τὸν
3139 2081 3395 2154 Λαχανᾶν
3463 2075 3733 2148 Μανουῆλ
3807 2078 3894 2134 καὶ

2231 2163 2468 2240 συχνοὺς
2499 2162 2703 2228 ἄλλους
2746 2171 2865 2228 τοῖς
2911 2169 3020 2220 τῶν
3065 2165 3530 2241 παραπεφυκότων
3559 2169 3628 2240 τῇ
3663 2167 3888 2242 Προύσῃ

2231 2250 2462 2330 δένδρων
2508 2255 2800 2329 ἀκρέμοσιν
2849 2253 3212 2330 ἀπεκρέμασε,
3274 2255 3366 2309 τὸν
3412 2252 3634 2310 δέκατον
3685 2275 3891 2332 τετρα-

2229 2341 2386 2406 πλῶς
2460 2342 2846 2412 ἀποσώζοντας
2920 2341 3177 2417 ἀριθμόν.
3255 2340 3756 2406 Πολλαπλασίονας
3842 2341 3890 2400 δ’

2230 2432 2434 2505 ἑτέραις
2487 2425 2858 2502 ὑποϐεϐλήκει
2915 2435 3158 2494 ποιναῖς⁶
3218 2432 3291 2486 ῶν
3362 2431 3457 2504 μὶν
3514 2431 3619 2508 γὰρ
3687 2439 3890 2508 χεῖρας

2227 2519 2511 2594 ἀπέτεμεν,
2543 2520 2617 2575 ὧν
2659 2518 2718 2576 δέ
2769 2517 3102 2582 δακτυύλους
3153 2519 3228 2582 ὡς
3276 2519 3540 2595 ἀμπέλων
3578 2523 3894 2597 περιέκειρε

475 2613 650 2670 rebus
680 2611 841 2670 novis
879 2612 1145 2684 impense
1169 2609 1412 2682 capitur.
1447 2609 1516 2665 Et
1543 2608 1667 2666 hmo
1688 2609 1768 2664 ita
1797 2625 1859 2666 se
1897 2609 2115 2666 habue-

2227 2606 2483 2682 κλάδους,
2514 2613 2678 2664 τινῶν
2709 2607 2766 2664 δὲ
2792 2606 2967 2670 πόδας
3011 2607 3288 2686 ἀφῄρηκε.
3340 2609 3554 2667 Πολλοὶ
3586 2607 3646 2666 δὲ
3676 2618 3890 2690 χειρῶν

477 2707 633 2760 runt.
2227 2698 2316 2752 καὶ
2347 2699 2646 2776 ὀφθαλμῶν
2695 2698 3000 2770 ὑπέστησαν
3047 2697 3319 2771 στέρησιν·
3384 2698 3520 2768 ἦσαν
3587 2697 3637 2754 δ’
3705 2699 3762 2756 ο⁹ί
3798 2703 3889 2756 καὶ

477 2788 760 2869 ὀφθαλμὸν
818 2787 986 2860 δεξιὸν
1042 2788 1133 2844 καὶ
1190 2783 1332 2843 πόδα
1385 2787 1668 2860 εὐώνυμον
1725 2785 2055 2862 έζημίωντο,
2111 2787 2201 2842 καὶ
2285 2785 2351 2842 αὖ
2408 2787 2718 2844 τούναντίον
2803 2786 3184 2852 ἐπεπόνθεισαν
3257 2784 3455 2864 ἕτεροι.
3525 2789 3632 2845 Καὶ
3701 2789 3892 2854 οὕτως

475 2881 850 2955 ἀπανθρώπως
902 2880 965 2934 τὸ
1019 2878 1070 2932 έν
1131 2877 1292 2954 ῥώμῃ
1347 2877 1601 2950 σώματος
1659 2875 2016 2932 καλλιστεῦον
2070 2877 2162 2931 καὶ
2219 2880 2583 2953 στρατιωτικῇ
2637 2876 2904 2951 ἐξαίρετον
2964 2877 3220 2953 ἐμπειρίᾳ
3251 2879 3350 2948 τὴν
3393 2877 3602 2934 οίκείαν
3663 2881 3895 2954 ζημιώ-

467 2993 564 3035 σας
627 2968 908 3046 βασιλείαν
967 2965 1316 3044 ’Δνδρόνικος
1377 2965 1618 3041 μεταίρει
1673 2966 1801 3041 τρός
1866 2967 1930 3020 τὸ
2015 2965 2310 3024 Λοπάδιον.
2388 2967 2558 3024 Κάκεῖ
2632 2969 2701 3022 τὰ
2753 2967 2922 3041 ’ὀμοια
2979 2965 3202 3042 δράσας,
3256 2968 3347 3022 καὶ
3399 2973 3506 3023 τῶν
3563 2967 3890 3026 ἐπισκόπων

459 3061 556 3118 ’ἕνα
586 3063 851 3138 στερήσας
905 3063 1014 3116 τῶν
1073 3058 1372 3139 ὀφθαλμῶν
1435 3057 1509 3120 ὡς
1579 3058 1658 3130 μὴ
1719 3057 1856 3112 κατά
1907 3061 2014 3112 τῶν
2075 3056 2136 3113 ἐκ
2193 3065 2293 3128 τῆς
2355 3059 2600 3132 ποίμνης
2659 3058 2866 3116 ἐκείνου
2923 3057 3326 3136 ἀγανακτοῦντα
3358 3065 3700 3134 στασιωτῶν,
3731 3063 3887 3119 am

460 3151 651 3226 πράως
682 3149 826 3207 cii-rm
855 3149 946 3204 καὶ
977 3147 1204 3224 ὁμαλῶς
1231 3148 1329 3218 τὴν
1378 3148 1514 3202 κατὰ
1569 3149 1667 3200 τοῦ
1727 3144 1996 3222 βασιλέως
2055 3144 2398 3224 Ἀνδρονίκου
2454 3149 2624 3226 φορὰν
2686 3149 2902 3204 ἐκείνων
2943 3148 3302 3225 προσιέμενον
3332 3152 3420 3205 καὶ
3451 3149 3888 3226 ἀνεπεγκλητως

458 3242 752 3313 θεώμενον,
829 3239 1102 3295 ἐπάνεισιν
1178 3237 1254 3299 εἰς
1329 3237 1394 3292 τὰ
1471 3234 1719 3311 βασίλεια
1793 3237 2071 3300 τοιούτοις
2142 3236 2527 3314 γεγανωμένος
2599 3240 3112 3313 τροπαιουχήμασι,
3187 3238 3282 3303 τὰς
3357 3243 3466 3296 τῶν
3546 3243 3882 3315 Ηρουσαέων

456 3327 724 3406 ἡμερίδας
798 3327 1143 3398 καταλιπὼν,
1219 3323 1277 3381 α’ί
1352 3322 1726 3404 περιπλέγδην
1800 3327 1868 3380 τὰ
1942 3323 2136 3400 δένδρα
2209 3327 2523 3403 ἀνέτρεχον,
2604 3327 2979 3404 βαρυνομένας
3053 3333 3173 3391 τοῖς
3269 3332 3376 3384 τῶν
3453 3332 3881 3405 κρεμασθέντων

462 3419 710 3492 σώμασιν
803 3417 880 3482 ὠς
970 3414 1166 3478 ἄλλοις
1272 3417 1518 3492 βοτρυσι,
1617 3413 1708 3470 καὶ
1807 3411 2016 3490 μηδένα
2105 3419 2214 3472 τῶν
2309 3414 2883 3481 ἀνασκολοπισθέντων
2977 3417 3130 3496 ἀφεὶς
3217 3416 3292 3479 ὡς
3367 3416 3563 3489 ληνοῖς
3642 3417 3880 3490 δοθῆναι

455 3513 570 3570 τοῖς
643 3509 904 3582 σήμασιν,
981 3505 1074 3569 οὕς
1149 3507 1239 3561 καὶ
1311 3507 1577 3582 τερσηνας
1633 3502 1798 3574 ἥλιος
1857 3504 2078 3580 ἀνέμοις
2136 3506 2517 3586 περιφέρεσθαι
2574 3507 2742 3577 ἀνῆκε
2797 3507 2934 3563 κατὰ
2987 3507 3055 3562 τὰ
3109 3505 3161 3563 έν
3217 3507 3574 3578 συκιηλάτοις
3616 3509 3726 3564 ὑπὸ
3771 3515 3882 3566 τῶν

457 3594 912 3672 ὀπωροφυλάκων
976 3595 1320 3671 αἰωρούμενα
1393 3595 1667 3673 φάσματα.
1737 3593 1832 3657 Εἷς
1891 3591 1948 3650 δε
1999 3597 2100 3666 τήν
2161 3594 2569 3652 Κωνσταντίνου
2626 3595 2789 3650 πόλιν
2857 3594 3091 3650 ἐπανιὼν
3154 3595 3246 3651 καὶ
3310 3595 3456 3672 παρᾶ
3517 3599 3618 3652 τοῦ
3690 3595 3881 3671 δήμου

453 3691 656 3764 φωναῖς
713 3685 982 3766 εὐφήμοις
1031 3683 1322 3760 δεξιωθεῖς,
1374 3685 1464 3740 καὶ
1529 3688 1647 3746 ταῖς
1713 3687 1820 3738 τῶν
1897 3681 2150 3738 κολάκων
2224 3682 2614 3760 προσλαλιαῖς,
2689 3682 2780 3747 οὕς
2851 3683 2936 3740 ἀεὶ
2988 3684 3390 3764 παρατρέφουσι
3445 3685 3514 3740 τὰ
3569 3685 3873 3762 ἀνάκτορα,

448 3779 512 3833 τὸ
582 3776 932 3856 μεγαλόφρον
1001 3775 1192 3832 πλεῖον
1249 3774 1609 3847 κτησάμενος,
1670 3772 1746 3834 είς
1801 3777 2032 3846 θεωρεῖα
2093 3773 2182 3830 καὶ
2241 3773 2482 3846 ἁμίλλας
2537 3775 2724 3830 ἳππων
2793 3775 3002 3850 θερείας
3035 3773 3202 3846 οὔσης
3246 3783 3347 3847 τῆς
3388 3775 3534 3852 ὥρας
3579 3777 3878 3851 ἐτράπετο,

452 3865 542 3922 ὅτε
597 3866 688 3921 καί
740 3886 900 3922 τινων
960 3864 1019 3919 έκ
1073 3867 1183 3917 τῶν
1236 3861 1374 3917 κατὰ
1427 3861 1489 3916 τὸ
1551 3858 1836 3936 βασιλικὸν
1891 3857 2154 3936 έδρίασμα
2213 3860 2532 3942 δρυφάκτων
2588 3858 3039 3935 καταϐληθέντων
3088 3865 3178 3919 καὶ
3228 3863 3352 3940 περὶ
3399 3865 3526 3927 τοὺς
3571 3861 3628 3936 ἕξ
3674 3863 3882 3942 ἄνδρας

453 3955 821 4032 ἀνῃρηκότων,
891 3951 982 4005 καὶ
1046 3952 1143 4003 ἰοὖ
1201 3951 1602 4022 θεατρομανοῦς
1652 3946 1830 4022 ὄχλου
1889 3946 1977 4003 ἐπὶ
2049 3953 2130 4022 τῷ
2196 3946 2460 4024 συμϐάντι
2515 3951 2698 4026 τούτῳ
2737 3949 3181 4027 διαθροηθέντος,
3241 3951 3471 4028 ὥρμησε
3527 3957 3624 4009 τοῦ
3683 3954 3874 4008 θώκου

448 4045 792 4115 ἐξαναστῆναι
847 4037 937 4092 καὶ
998 4042 1393 4112 μεταχωρῆσαι
1449 4035 1708 4122 πρὸς,τὰ
1767 4036 2038 4114 βασίλεια,
2090 4043 2171 4112 τῷ
2219 4039 2326 4096 δέει
2374 4042 2459 4115 [Ρ.
2501 4043 2626 4116 187]
2673 4040 3004 4106 ἀλλοιωθεὶς
3049 4041 3295 4104 καὶτοὺς
3325 4039 3662 4122 δορυφόρους
3694 4062 3879 4112 συνη-

445 4132 701 4206 θροικὼς,
759 4127 808 4181 εἰ
861 4126 936 4198 μή
997 4125 1060 4180 τὸ
1115 4123 1238 4201 περὶ
1297 4123 1498 4181 ἐκεῖνον
1559 4121 1742 4182 εὔνουν
1799 4127 2075 4184 ἱκέτευσαν
2125 4129 2427 4199 ἀποστῆναι
2487 4131 2561 4193 ὡς
2619 4128 2824 4186 ἀτόπου
2881 4135 2978 4186 τοῦ
3021 4131 3272 4186 τοιούτου
3309 4121 3727 4205 βουλεύματος,
3778 4131 3874 4187 καὶ

441 4215 692 4290 ἐμπέδως
764 4215 967 4288 ἱζάνειν
1043 4213 1372 4293 παρέπεισαν
1449 4215 1524 4279 ὡς
1597 4215 1791 4274 αὐτίκα
1865 4217 1910 4273 εί
1988 4217 2303 4291 έξανασταίη
2380 4219 2792 4295 ἀπολούμενον,
2867 4224 2966 4276 τοῦ
3042 4217 3225 4294 δήμου
3281 4221 3740 4294 συσπειραθέντος
3789 4219 3872 4283 εἷς

439 4305 494 4362 ἓν
553 4304 646 4360 καὶ
701 4307 818 4362 κατ’
891 4303 1098 4362 ἐκείνου
1171 4305 1262 4362 καὶ
1334 4311 1444 4362 τῶν
1520 4305 1639 4362 ὅσοι
1714 4307 1838 4383 περὶ
1913 4307 2073 4364 αὐτόν
2129 4306 2562 4386 ἓφορμήσαντος.
2620 4308 2830 4386 Μικρόν
2889 4331 2942 4365 τι
2998 4313 3128 4386 γοῦν
3187 4308 3470 4383 ἐπιμείνας
3509 4309 3602 4364 τὸν
3638 4310 3873 4365 ἱππικὸν

442 4393 610 4468 μόνον
655 4394 748 4450 καὶ
796 4396 1062 4472 γυμνικὸν
1109 4395 1382 4452 τετέλεκεν
1443 4393 1660 4467 ἄεθλον,
1713 4401 1822 4452 τῶν
1877 4395 1925 4452 δ’
1984 4396 2306 4454 ἐπεισοδίων
2354 4399 2638 4473 θεαμάτῶν
2688 4399 2958 4475 ἀπέσχετο
3004 4397 3215 4470 τέλεον,
3248 4397 3300 4454 έν
3333 4399 3420 4461 οἷς
3461 4395 3754 4473 διαχέουσι
3805 4399 3872 4454 τὸ

445 4483 716 4556 θεώμενον
820 4485 874 4540 οἳ
975 4482 1064 4542 διὰ
1155 4485 1436 4560 μηρίνθων
1516 4486 1592 4548 εἰς
1676 4485 1811 4562 ὕψος
1883 4486 2326 4564 ἀναῤῥιχώμενοι
2407 4488 2498 4542 καὶ
2590 4487 2692 4542 ὑπὸ
2784 4491 2965 4563 μικρῷ
3051 4491 3130 4560 τῷ
3224 4486 3511 4562 συνέχοντι
3598 4485 3875 4560 καλωδίῳ

440 4569 847 4650 ἑπορχούμενοι
881 4569 1136 4645 διαέριοι,
1164 4572 1243 4630 ἔτι
1272 4571 1330 4629 δέ
1357 4575 1409 4628 οἳ
1437 4571 1776 4648 πτηνόποδες
1807 4571 2029 4650 λαγίναι
2057 4574 2146 4630 καὶ
2179 4575 2333 4638 κύνες
2381 4575 2433 4631 αἱ
2483 4577 2824 4650 θηρευτικαῖ,
2858 4575 3278 4656 φιλοτοιούτους
3311 4571 3708 4630 ἀποδεικνύντα
3738 4576 3876 4638 τοὺς

443 4658 628 4730 ἀήθεις
663 4657 1126 4737 θεατροϐάμονας.
1161 4660 1260 4720 Καὶ
1285 4661 1453 4719 ταῦτα
1485 4663 1580 4736 μὶν
1615 4660 1722 4720 ὧδέ
1745 4685 1820 4736 πη
1861 4663 2105 4742 ἐφέρετο.

509 4791 564 4848 5.
596 4791 734 4846 Erat
789 4793 985 4847 autem
1017 4791 1104 4846 vir
1133 4791 1366 4862 quidam
1397 4791 1820 4859 nobilissimus,
1851 4793 2086 4850 nomine

2268 4795 2328 4851 ε’.
2359 4795 2462 4850 Ἦν
2527 4791 2586 4850 δέ
2648 4813 2734 4858 τις
2797 4792 2934 4868 ἀνὴρ
2997 4789 3244 4865 τοῦνομα
3311 4792 3597 4860 Ὶσαάκιος,
3655 4789 3871 4866 γένους

437 4878 692 4936 lsaacius
721 4882 860 4948 (non
912 4878 1174 4935 lsaacius
1231 4878 1535 4950 Angelus),
1583 4879 1788 4937 Isaaoii
1833 4880 2088 4938 sebasto-

2224 4882 2390 4960 Ξριστα
2436 4881 2610 4953 ἥκων,
2665 4879 2850 4956 ἕτερος
2908 4881 3056 4957 παρὰ
3107 4881 3201 4936 τὸν
3259 4880 3526 4956 ’Ἄγγελον
3556 4881 3872 4952 Ἱσαάκιον,

435 4969 704 5036 cratoris,
737 4983 906 5040 quem
965 4968 1204 5024 fratrem
1264 4967 1445 5024 fuisse
1498 4969 1783 5025 Manuelis
1812 4969 2086 5038 diximus,

436 5077 505 5118 ex
537 5059 658 5118 tilia
686 5075 886 5130 nepos.
927 5059 980 5115 Is
1009 5056 1296 5114 Armenias
1351 5058 1674 5130 vicinisquo
1702 5058 1842 5116 locis
1891 5060 2090 5118 Roma-

441 5167 532 5208 ηδε
560 5149 800 5208 ditionis
827 5153 886 5206 et
905 5147 1080 5205 Tarso
1111 5163 1146 5203 a
1175 5147 1394 5218 majore
1425 5155 1626 5218 patruo
1656 5147 1920 5206 Manuale
1940 5166 2086 5220 pras-

440 5240 680 5308 positus,
732 5237 1044 5296 commisso
1089 5251 1219 5306 cum
1251 5237 1517 5294 hostibus
1547 5237 1832 5295 Armeniis
1889 5239 2086 5310 pretio

438 5336 664 5400 captus,
697 5327 962 5386 Manuale
985 5327 1105 5398 jam
1131 5327 1424 5396 defuncto,
1457 5329 1515 5383 in
1539 5329 1859 5384 custodiam
1890 5331 2082 5388 datur.

437 5416 504 5472 In
535 5434 649 5487 qua
676 5433 809 5476 cum
841 5419 1014 5490 longo
1042 5423 1300 5491 tempore
1327 5419 1548 5489 fuisset,
1581 5421 1814 5476 tandem
1842 5419 1914 5476 ab
1947 5421 2082 5476 Hia-

441 5505 824 5578 rosolymitis,
859 5524 1002 5578 quos
1043 5507 1268 5566 Frerios
1296 5511 1519 5577 dicunt,
1550 5512 1878 5580 redemptus
1934 5526 2087 5567 com-

440 5590 680 5646 modum
711 5591 768 5650 in
817 5595 1062 5664 patriam
1093 5598 1350 5655 reditum
1383 5599 1607 5664 habuit,
1639 5601 1966 5657 Andronico
1997 5617 2082 5656 re-

443 5677 795 5750 demptionis
845 5682 1148 5751 adjutore;
1202 5686 1372 5757 idque
1429 5688 1502 5743 de
1559 5687 1870 5745 Theudoris
1927 5689 2078 5744 811

2199 4969 2465 5046 θυγατρὸς
2512 4973 2639 5032 παῖς
2687 4967 2958 5024 Ἰσαακίου
3013 4970 3112 5024 τοῦ
3159 4962 3685 5045 σεδαστοκράτορος,
3735 4970 3798 5024 δν
3838 4971 3869 5026 ὁ

2196 5057 2366 5135 λόγος
2413 5057 2514 5125 τῆς
2558 5058 2802 5124 ἱστορίας
2851 5055 3158 5130 ἀπτόμενος
3201 5056 3525 5131 κασίγνητον
3561 5062 3664 5114 τοῦ
3699 5059 3870 5134 βασι-

2197 5147 2338 5214 λέως
2383 5147 2569 5224 ε’ἰρηκε
2615 5144 2906 5217 Μανουήλ.
2959 5143 3120 5205 ’Δλλ⁹
3169 5147 3328 5210 οὗτος
3385 5143 3454 5216 δὴ
3505 5148 3535 5202 ὁ
3584 5148 3866 5212 Ἱσαάκιος

2192 5239 2339 5314 παρά
2382 5241 2480 5294 τοῦ
2539 5237 2676 5312 πρὸς
2735 5235 2939 5310 πατρὸς
3017 5235 3169 5300 θείου
3234 5235 3326 5291 καὶ
3395 5234 3695 5312 βασιλέως,
3751 5242 3864 5292 τοῦ

2193 5329 2482 5400 Κομνηνοῦ
2547 5322 2840 5398 Μανουὴλ,
2931 5323 3000 5381 τὰ
3081 5325 3200 5380 κατ’
3281 5326 3582 5400 ’Δρμενίαν
3651 5323 3872 5382 διέπειν

2193 5416 2385 5492 λαχὼν
2451 5415 2542 5470 καὶ
2609 5415 2799 5489 ἄρχειν
2877 5415 3092 5489 Ταρσοῦ
3157 5413 3248 5469 καὶ
3313 5419 3639 5489 στρατηγεῖν
3681 5413 3871 5471 ὁπόσα

2189 5511 2307 5569 τοῖς
2371 5505 2483 5561 ἐκεῖ
2541 5500 3062 5578 προσκεκλήρωται,
3133 5500 3468 5578 συρῥηγνυσι
3542 5505 3682 5576 μετά
3745 5507 3871 5560 τῶν

2192 5593 2466 5673 διαφόρων
2507 5591 2807 5668 Ἀρμενίων
2858 5590 3128 5666 πολεμον,
3174 5592 3263 5646 καὶ
3313 5590 3483 5656 ἁλοὺς
3532 5591 3587 5648 έν
3648 5598 3872 5669 φρουρᾷ

2189 5683 2564 5760 καθείργνυται
2613 5679 2817 5759 (φθάνει
2872 5678 2931 5737 δὲ
2979 5681 3156 5744 θανὼν
3203 5681 3293 5738 καὶ
3337 5683 3365 5737 ό
3421 5681 3689 5757 βασιλεὺς
3735 5685 3872 5739 Μα-
