4112 6218
300 421 433 482 645

1358 426 1463 485 DE
1506 422 1952 487 ANDRONICO
1995 425 2372 490 COMNENO
2412 428 2564 490 LIB.
2610 427 2661 487 Ῑ.

3601 439 3722 500 646

308 553 534 629 νουήλ),
570 555 659 610 καὶ
688 559 854 611 τοῦτο
909 555 982 619 ἐς⁹
1034 556 1232 626 ἡλίους
1264 555 1534 620 πολλούς.
1565 560 1697 633 Ὀψὲ
1735 555 1792 613 δὲ
1821 559 1955 634 πρὸς

2075 562 2385 629 sententia,
2417 562 2608 633 cujus,
2651 566 2714 618 ut
2760 579 2912 635 saepe
2961 564 3241 633 diximus,
3290 571 3716 630 consuetudine

305 651 421 700 τῶν
506 645 964 722 Ἱεροσολυμιτῶν
1044 645 1227 710 λυθεὶς
1307 646 1401 709 οὕς
1465 648 1718 724 φρερίους
1779 648 1961 727 φασὶν,

309 732 470 810 ἔσχεν
497 734 712 790 εὔθετον
770 736 871 804 τήν
902 734 1038 809 πρὸς
1092 737 1193 805 τὴν
1234 733 1466 809 πατρίδα
1496 733 1779 802 ἐπάνοδον,
1840 738 1964 794 ’Λν-

305 822 568 898 δρονίκου
614 822 985 899 συναραμένου
1023 824 1161 899 πρὸς
1213 824 1280 881 τὰ
1340 823 1510 898 λύτρα
1567 825 1960 900 ὑποθημοσύνῃ

305 911 617 988 Θεοδώρας,
667 913 808 988 ᾗπερ
865 915 893 967 6
951 914 1047 985 μὲν
1114 911 1490 988 Ἀνδρόνικος,
1561 914 1634 976 ὡς
1689 912 1963 976 πολλάκις

304 1000 558 1076 εἴπομεν,
591 1000 940 1073 ἐπλησίαζεν,
1003 1003 1031 1056 6
1087 999 1134 1056 δ’
1204 1002 1465 1063 Ἰσαάκιος
1515 1002 1678 1064 οὗτος
1737 1001 1965 1080 ἀδελφι-

303 1089 435 1154 δοῦς
463 1091 554 1159 ἦν.
608 1092 838 1165 Ἐνῆγον
899 1088 959 1145 δὲ
1015 1088 1364 1166 Ἀνδρόνικον
1424 1090 1499 1151 εἰς
1555 1090 1619 1147 τὸ
1670 1089 1965 1165 προσδεξα-

301 1182 426 1235 σθαι
477 1178 573 1234 τὸν
628 1179 895 1236 Ἰσαάκιον
951 1178 1041 1234 καὶ
1119 1186 1219 1249 τῆς
1289 1180 1519 1255 χρονίου
1598 1186 1965 1252 κατοικτεῖραι

303 1264 625 1340 ἀποδημίας
701 1268 730 1321 6
787 1265 1180 1341 Μακροδούκας
1248 1271 1645 1329 Κωνσταντῖνος
1692 1272 1761 1342 τῇ
1828 1270 1964 1344 πρὸς

307 1357 521 1432 μητρὸς
586 1357 857 1413 Ἰσαακίου
915 1356 1033 1429 θείᾳ
1090 1358 1562 1431 συνευναζόμενος,
1603 1358 1693 1412 καὶ
1748 1354 1966 1431 Ἀνδρό-

300 1466 461 1507 νικος
491 1447 519 1501 6
550 1446 752 1507 Δούκας
785 1447 1024 1516 συνήθης
1055 1443 1129 1500 ὢν
1182 1445 1242 1500 ἐκ
1297 1444 1505 1502 παίδων
1568 1447 1818 1519 Ἰσαακίῳ
1874 1445 1965 1501 καὶ

303 1538 447 1593 κατά
525 1540 678 1614 γένος
730 1539 880 1611 αὐτῷ
953 1540 1354 1614 προσεγγίζων.
1450 1540 1624 1602 Οὗτος
1707 1539 1882 1595 τοίνυν
1936 1540 1964 1593 6

305 1628 576 1692 Ἱσαάκιος
604 1625 944 1703 Ἀνδρονίκῳ
1005 1633 1087 1701 τῷ
1156 1628 1374 1702 βασιλεῖ
1423 1629 1532 1708 οὐχ
1560 1629 1793 1685 ὑπείκειν
1851 1628 1963 1693 tot-

301 1716 415 1773 λων
472 1717 563 1772 καὶ
631 1719 730 1786 τὴν
803 1715 1039 1790 πατρίδα
1067 1718 1146 1781 ὠς
1207 1717 1260 1774 ἐν
1314 1717 1540 1790 ἀστρασι
1570 1718 1964 1792 φανταζόμενος

296 1808 387 1861 καὶ
424 1808 734 1882 συγγενείας
770 1807 805 1875 ἢ
857 1807 1137 1881 ἐρατεινῆς
1201 1806 1505 1881 ὁμηλικίας
1568 1805 1757 1862 οὐδένα
1794 1805 1963 1880 λόγον

299 1896 611 1969 τιθέμενος,
670 1893 985 1971 τυραννίδος
1080 1894 1126 1950 δ’
1189 1896 1327 1971 ἐρῶν
1384 1898 1475 1951 καὶ
1545 1896 1727 1972 ἀρχῆς
1784 1892 1958 1976 ἔφεσιν

293 1987 532 2064 τρέφων,
595 1985 657 2040 ού
720 1986 828 2057 μὴν
913 1985 1242 2042 ὑποκύπτειν
1291 1986 1620 2061 ἀνεχόμενος
1669 1985 1957 2064 ἄρχουσιν,

295 2072 540 2150 ἐφοδίοις
568 2073 773 2149 χρῆται
805 2075 897 2129 καὶ
930 2075 1231 2148 συνερίθοις
1284 2080 1403 2137 τοῖς
1462 2077 1782 2152 πεμφθεῖσιν
1811 2073 1959 2148 αὐτῷ

294 2162 357 2219 ἒκ
400 2164 697 2233 Βυζαντίου
754 2168 1041 2238 χρήμασιν
1100 2166 1176 2226 είς
1235 2165 1298 2219 τὸ
1361 2160 1720 2227 κακοϐούλως
1778 2165 1956 2240 ἀρχὴν

295 2254 472 2323 ἑαυτῷ
532 2255 987 2325 μνηστεύσασθαι.
1048 2254 1245 2310 Τοίνυν
1322 2256 1455 2327 μετᾶ
1511 2255 1699 2330 χειρὸς
1754 2259 1959 2329 συχνῆς

296 2340 678 2405 καταπλεύσας
711 2343 764 2404 ἐς
796 2343 1009 2417 Κύπρον
1052 2344 1118 2399 τὰ
1180 2345 1272 2418 μὲν
1329 2349 1520 2418 πρῶτα
1569 2345 1663 2399 τὸν
1731 2339 1954 2417 ἔννομον

298 2433 387 2486 καί
448 2431 587 2506 πρὸς
643 2430 920 2507 βασιλέως
959 2432 1366 2505 ἀπεσταλμένον
1422 2432 1691 2504 δυνάστην
1737 2435 1956 2504 ὑπεζω-

294 2522 518 2597 γράφει,
580 2520 839 2594 βασιλικά
894 2520 1264 2577 ὑποδεικνύων
1321 2527 1441 2585 τοῖς
1479 2522 1740 2598 Κυπρίοις
1775 2523 1955 2598 γράμ-

302 2630 467 2682 ματα,
501 2612 637 2684 ἅπερ
696 2610 857 2673 αὐτὸς
917 2611 1183 2681 συνέθετο,
1242 2612 1330 2667 καὶ
1383 2609 1636 2684 διαταγὰς
1687 2610 1955 2687 ἀναγινώ-

302 2720 444 2753 σκων
517 2697 979 2773 αύτοκρατορικάς
1065 2699 1457 2770 ἐπιπλάστους,
1535 2701 1598 2755 τὸ
1700 2700 1957 2771 ποιητέον

298 2785 465 2856 δῆθεν
541 2788 930 2861 ὑποτιθεμένας
989 2788 1202 2861 ἐκείνῳ,
1243 2789 1335 2843 καὶ
1392 2787 1571 2845 τᾶλλα
1627 2786 1953 2864 διαπραττό-

298 2898 467 2949 μενος
524 2876 627 2932 δσα
684 2877 736 2930 οἱ
799 2878 885 2952 ὑφ’
961 2878 1157 2952 ἑτέρων
1221 2876 1413 2952 ἄρχειν
1471 2876 1760 2953 ταχθέντες
1818 2879 1955 2952 πρὸς

294 2966 537 3040 ἀνάγκης
567 2970 745 3020 ποιεῖν
780 2963 996 3040 ἔχουσι,
1040 2968 1156 3040 μετ’
1210 2968 1276 3022 ού
1334 2965 1480 3022 πολὺ
1539 2964 1598 3022 δὲ
1625 2968 1718 3022 τὸν
1757 2987 1952 3042 τυρανο

290 3059 488 3110 νοῦντα
546 3056 1014 3131 παραγυμνώσας,
1076 3057 1167 3111 καί
1249 3055 1318 3126 ἥν
1390 3053 1604 3134 ἔτρεφεν
1689 3057 1950 3129 ἀπήνειαν

292 3141 630 3217 ἐκκαλύψας,
715 3145 1090 3219 ἀπανθρώπως
1168 3151 1288 3208 τοῖς
1373 3143 1485 3201 ἐκεῖ
1565 3146 1950 3224 προσφέρεται.

288 3234 391 3287 Καὶ
410 3236 687 3287 τοσοῦτον
742 3232 795 3295 ἐς
849 3235 911 3288 τὸ
965 3238 1062 3289 τοῦ
1114 3234 1285 3303 ἤθους
1343 3236 1589 3308 ἀκαμπὲς
1646 3236 1734 3290 καὶ
1789 3235 1951 3308 ἀμεί-

2070 653 2365 719 utebatur,
2398 651 2493 709 hic
2520 669 2655 709 vero
2688 655 2866 710 frater
2896 654 3176 726 patruelis
3206 662 3348 712 erat.
3390 660 3464 717 Ut
3518 670 3708 721 autem

2069 741 2440 798 Andronicus
2473 742 2673 798 Isaacii
2703 759 2905 799 curam
2947 745 3269 816 susciperet
3311 764 3377 803 ac
3426 750 3710 810 diuturnae

2072 830 2201 901 ejus
2249 830 2598 901 captivitatis
2638 830 3039 887 misericordia
3070 838 3420 906 tangeretur,
3464 838 3718 897 Marcro-
3800 892 3803 895 .

2075 920 2245 975 duces
2277 919 2664 989 Constantini,
2697 921 2798 992 qui
2829 927 3198 979 materteram
3232 925 3436 982 Isaacii
3486 928 3546 983 in
3596 946 3720 986 ma-

2075 1007 2347 1064 trimonio
2377 1008 2650 1080 habebat,
2700 1026 2877 1082 opera
2918 1014 3007 1067 est
3052 1012 3340 1078 effectum,
3391 1020 3449 1071 et
3490 1019 3719 1075 Andro-

2076 1095 2194 1152 nici
2222 1096 2391 1152 Ducas
2423 1097 2658 1169 cognati
2689 1098 2816 1169 ejus
2860 1104 2916 1154 et
2969 1100 3276 1158 familiaris
3329 1120 3363 1159 a
3410 1121 3610 1176 puero.
3663 1110 3719 1165 is

2074 1185 2254 1255 igitur
2276 1186 2536 1242 Isaccius
2565 1203 2698 1242 cum
2733 1188 3064 1245 Andronico
3097 1191 3298 1248 cedere
3328 1209 3394 1248 ac
3424 1193 3484 1249 in
3526 1196 3580 1251 in
3617 1214 3718 1268 pa-

2075 1274 2249 1330 triam
2281 1275 2468 1331 redire
2502 1274 2703 1343 nollet,
2735 1292 2839 1331 nec
2872 1275 3050 1332 ullam
3082 1280 3446 1350 cognationis
3477 1292 3571 1339 aut
3591 1302 3720 1341 sua-

2075 1364 2161 1419 vis
2191 1363 2635 1420 consuetudinis
2670 1365 2955 1421 rationem
2987 1365 3246 1435 haberet,
3280 1371 3383 1426 sed
3431 1371 3717 1443 imperare

2075 1468 2252 1525 quam
2272 1452 2517 1525 imperio
2544 1469 2737 1510 carere
2758 1453 2974 1521 mallet,
3008 1456 3261 1526 pecunias
3284 1459 3551 1531 Byzantio
3575 1463 3720 1518 mis-

2074 1559 2151 1598 sa:
2182 1542 2463 1598 subsidiis
2493 1544 2562 1598 ad
2595 1543 2929 1614 improbum
2958 1545 3266 1600 ati‘ectandi
3312 1550 3476 1620 regni
3524 1552 3718 1608 consi-

2075 1628 2220 1685 lium
2252 1630 2541 1697 abutitur,
2573 1635 2630 1685 et
2660 1631 2844 1703 Cypro
2876 1647 3009 1687 cum
3061 1649 3275 1705 magna
3324 1652 3497 1693 manu
3540 1657 3714 1697 occu-

2076 1728 2208 1789 pata
2238 1718 2523 1790 principio
2583 1735 2644 1775 se
2702 1737 2804 1791 pro
2861 1719 3118 1790 legitimo
3171 1727 3435 1793 praztore,
3487 1729 3589 1799 qui
3643 1732 3714 1795 ab

2073 1808 2431 1879 imperatore
2461 1807 2677 1863 missus
2698 1813 2872 1876 esset,
2894 1809 3064 1880 gerit,
3091 1809 3300 1867 litteris
3324 1812 3716 1886 imperatoriis

2074 1896 2346 1964 estensis,
2378 1913 2526 1966 quas
2557 1896 2682 1968 ipse
2726 1905 3151 1970 composuerat,
3199 1904 3257 1956 et
3298 1906 3715 1962 commentitiis

2069 1985 2364 2040 mandatis
2395 1984 2673 2052 recitatis,
2706 2000 2835 2054 quae
2865 1984 3006 2055 quid
3053 1986 3165 2057 ipsi
3215 1992 3508 2059 agendum
3556 2000 3713 2051 esset

2067 2072 2289 2128 scilicet
2332 2072 2817 2144 praescribebant;
2875 2089 2943 2128 ac
3000 2079 3207 2131 caetera
3254 2078 3390 2149 agit,
3453 2096 3580 2152 quas
3638 2082 3711 2138 iis

2068 2161 2395 2218 necessario
2436 2161 2700 2217 iacienda
2728 2166 2866 2217 sunt
2894 2162 2996 2234 qui
3024 2164 3230 2220 alienis
3260 2165 3525 2238 imperiis
3569 2172 3706 2226 sub-

2066 2255 2221 2308 sunt.
2254 2250 2467 2307 Verum
2501 2266 2616 2305 non
2655 2249 2870 2306 multos
2913 2256 3045 2323 post
3093 2268 3155 2308 se
3203 2257 3516 2326 tyranuum
3573 2275 3705 2330 pro-

2065 2340 2279 2405 fessus,
2310 2337 2514 2394 innata
2542 2337 2882 2395 crudelitate
2914 2343 3150 2409 retecta,
3190 2340 3482 2402 iusulares
3528 2345 3708 2404 inhu-

2066 2428 2299 2484 manius
2330 2430 2579 2496 tractat;
2626 2443 2691 2484 ac
2734 2427 3052 2498 pertinacia
3097 2430 3430 2502 saevitiaque
3480 2444 3706 2494 tantum

2065 2521 2304 2589 superat
2331 2517 2749 2586 Andronicum,
2774 2521 3057 2587 quantum
3082 2520 3447 2580 Andronicus
3468 2530 3706 2585 caeteros

2064 2625 2269 2665 omnes
2286 2610 2385 2680 qui
2403 2625 2663 2680 unquam
2690 2609 2842 2664 318
2866 2611 3170 2668 atrocitate
3190 2611 3249 2668 in
3270 2612 3466 2673 hostes
3482 2618 3708 2676 celebre

2065 2714 2278 2753 nomen
2304 2699 2604 2754 consecuti
2631 2702 2788 2753 sunt.
2824 2698 3021 2771 Neque
3069 2702 3245 2772 enim,
3298 2704 3396 2760 ubi
3449 2708 3705 2778 primum

2063 2785 2390 2858 tyrannidis
2420 2785 2802 2842 fundamenta
2841 2786 3056 2858 jecisse
3101 2788 3426 2860 videbatur,
3475 2794 3708 2853 infinita

2063 2875 2426 2931 immanitate
2454 2875 2513 2930 in
2545 2874 2814 2931 subditos
2844 2877 3104 2946 grassari
3135 2878 3474 2950 desistebat,
3520 2887 3617 2941 sed
3652 2890 3709 2942 ct

2063 2967 2321 3024 caedibus
2351 2966 2731 3022 innocentum
2764 2966 2822 3021 in
2855 2966 3029 3023 horas
3057 2967 3454 3039 polluebatur,
3485 2979 3543 3030 et
3592 2975 3706 3032 hu-

2065 3071 2238 3111 mana
2267 3070 2511 3126 corpora
2541 3054 2829 3110 lacerabat
2859 3057 3165 3113 tormentis
3197 3057 3255 3112 in
3285 3060 3525 3118 exitium
3555 3081 3708 3120 mor-

2062 3144 2268 3200 talium
2298 3143 2662 3214 excogitatis.
2696 3146 2982 3199 Praeterea
3030 3145 3091 3200 in
3140 3148 3363 3219 stupris
3412 3152 3704 3223 virginum

2062 3241 2119 3293 et
2146 3234 2448 3292 adulteriis
2474 3234 2648 3291 homo
2678 3234 2936 3290 nefarius
2966 3235 3375 3311 volutabatur;
3406 3246 3464 3297 et
3508 3245 3707 3302 beatas

289 3319 483 3375 λικτον
548 3318 901 3395 ’Δνδρόνικον
960 3318 1308 3399 ὑπερέϐαλεν,
1395 3325 1523 3379 ’ὀσον
1599 3323 1756 3385 οὗτος
1821 3325 1948 3388 τοὺς

2066 3326 2282 3381 dudum
2318 3321 2572 3378 familias
2603 3321 2730 3378 sine
2763 3322 2881 3378 ullo
2912 3322 3163 3381 crimine
3192 3305 3468 3385 omnibus
3497 3332 3710 3403 opibus

286 3412 516 3466 πώποτε
602 3406 931 3480 διαϐεήτους
1015 3412 1342 3475 ἀνεπιεικεῖς
1395 3414 1472 3475 εἲς
1559 3414 1622 3469 τὸ
1681 3415 1766 3486 [Ρ.
1831 3416 1954 3487 188]

286 3500 735 3576 προσκεκρουκὸς
822 3500 1182 3576 ὑπερήλασεν.
1242 3502 1319 3560 υύ
1404 3504 1510 3577 γὰρ
1585 3499 1844 3570 διέλιπεν,
1903 3502 1952 3575 ἐξ

290 3590 425 3644 ὅτου
468 3610 571 3664 περ
629 3587 888 3665 ἀσφαλῶς
972 3588 1083 3660 ἤδη
1144 3592 1335 3669 ἄρχειν
1382 3589 1540 3664 ᾤετο,
1606 3591 1771 3665 μυρία
1826 3590 1956 3647 ἄττα

290 3677 487 3733 ἀνόσια
517 3677 607 3733 ἐπὶ
646 3683 764 3740 τοῖς
797 3679 1083 3754 οἰκήτορσι
1138 3686 1238 3749 τῆς
1298 3679 1516 3756 Κύπρου
1568 3679 1954 3755 ἐργαζόμεδος.

295 3766 501 3830 Φόνοις
555 3787 614 3822 τε
670 3769 778 3841 γάρ
833 3770 959 3832 καθ’
1017 3767 1163 3843 ὥραν
1204 3768 1466 3831 ἀναιτίοις
1501 3767 1806 3844 ἐχραίνετο,
1864 3770 1954 3825 καὶ

295 3854 578 3929 δηλήμων
667 3858 937 3928 σωμάτων
1012 3857 1369 3929 ἀνθρωπίνων
1452 3858 1681 3934 ἐγίνετο,
1767 3859 1955 3922 ποινὰς

295 3946 518 4023 ἐπάγων
575 3946 665 4000 καὶ
716 3946 986 4021 τιμωρίας
1074 3945 1163 4001 οἷά
1238 3968 1289 4002 τι
1347 3952 1642 4026 συμφορῶν
1702 3946 1953 4024 ὄργανον,

298 4036 499 4090 ὁπόσαι
545 4038 786 4110 κατῆγον
847 4034 922 4097 είς
977 4037 1227 4097 θάνατον.
1286 4036 1390 4093 Καὶ
1446 4038 1655 4101 κοίταις
1712 4035 1768 4093 δὲ
1827 4039 1953 4093 ἄθεα

301 4123 485 4197 μίτοις
514 4123 607 4180 καὶ
639 4126 870 4201 φθοραῖς
900 4124 1175 4201 παρθένων
1237 4127 1265 4181 ὁ
1324 4129 1636 4201 παναισχής
1687 4126 1778 4180 καὶ
1838 4126 1956 4198 ἐξά-

294 4235 488 4289 γιστος
520 4215 939 4286 ήκολάσταινεν,
980 4215 1166 4276 οὐσίας
1222 4236 1280 4271 τε
1333 4215 1545 4287 ἀπάσης
1607 4214 1735 4279 τοὺς
1775 4213 1957 4270 εὐδαί-

298 4324 470 4377 μονας
562 4305 751 4379 πρώην
821 4303 1010 4367 οἷ’κους
1075 4303 1452 4366 ἀνυπευθύνως
1535 4304 1808 4380 ἰστέρησε,
1865 4307 1954 4360 καὶ

291 4393 424 4457 τοὺς
480 4394 613 4472 χθὲς
670 4414 729 4450 τε
780 4394 871 4449 καὶ
926 4395 1195 4470 πρότριτα
1250 4389 1756 4468 περιϐλεπομὲνους
1793 4392 1954 4449 αὐτό-

291 4485 497 4557 χθονας
557 4483 650 4539 καὶ
692 4485 828 4540 κατά
882 4486 945 4540 τὸ
1009 4485 1369 4559 πολυκτῆμον
1423 4489 1503 4557 τῷ
1553 4480 1687 4541 Ἱὼϐ
1749 4485 1953 4559 ἀντερί-

294 4578 491 4641 ζοντας
525 4569 788 4649 διαφῆκεν
835 4572 1151 4649 ἀγυρτεύειν
1185 4573 1563 4647 λιμώττοντας
1617 4574 1705 4628 καὶ
1734 4595 1950 4649 γυμνη-

2061 3414 2389 3487 spoliabat;
2407 3417 2468 3468 ut
2502 3411 2786 3483 indigenae
2819 3411 2991 3484 paulo
3013 3422 3147 3470 ante
3167 3418 3468 3490 conspicui
3492 3422 3710 3479 divitiis

2064 3502 2313 3559 famelici
2344 3511 2399 3559 et
2429 3501 2572 3558 nudi
2602 3500 2961 3568 oberrarent,
2995 3502 3043 3558 si
3097 3504 3313 3575 quibus
3363 3509 3536 3567 homo
3586 3510 3708 3568 ira-

2057 3593 2288 3649 cundus
2313 3607 2512 3649 ensem
2545 3590 2927 3648 abstinuerat.
2974 3593 3096 3661 Hei,
3132 3594 3248 3661 hei,
3297 3611 3403 3652 cur
3452 3600 3544 3652 via
3594 3600 3704 3654 im-

2059 3684 2376 3754 proborum
2410 3697 2683 3753 prospera
2714 3684 2804 3735 est
2830 3680 2858 3734 Ἰ
2889 3681 3097 3736 ﬂorent
3127 3682 3438 3740 facinerosi
3464 3701 3480 3740 :
3533 3687 3703 3756 plan-

2061 3772 2197 3829 tasti
2228 3787 2327 3828 eos
2347 3774 2414 3827 ‘et
2444 3770 2691 3825 ﬁrmasti
2716 3784 2729 3823 :
2755 3773 3134 3839 procrearunt
3155 3770 3369 3828 liberos
3390 3777 3450 3828 et
3477 3775 3701 3832 fructus

2060 3860 2339 3926 tulerunt,
2374 3864 2437 3914 ut
2469 3858 2748 3930 prepheta
2780 3873 2912 3911 cum
2947 3858 3191 3914 Domino
3223 3861 3566 3931 expostulat.
3598 3864 3707 3922 Illa

2061 3950 2216 4007 enim
2248 3956 2388 4004 etas
2417 3946 2575 4003 velut
2604 3946 2832 4001 aconita
2862 3946 3088 4016 genuit,
3120 3964 3245 4019 qua:
3268 3950 3466 4005 adulta
3488 3969 3602 4008 non
3628 3955 3702 4010 ad

2060 4038 2215 4094 aliud
2251 4036 2363 4092 nisi
2393 4036 2463 4091 ad
2497 4034 2868 4106 perimendos
2899 4033 3170 4092 homines
3213 4042 3269 4092 et
3314 4038 3699 4110 plurimarum

2061 4128 2297 4183 urbium
2330 4122 2620 4180 excidium
2661 4121 2989 4190 valuerunt,
3040 4141 3289 4196 quarum
3336 4128 3702 4188 dominatum

2061 4234 2163 4291 per
2194 4215 2308 4271 vim
2339 4213 2694 4268 invaserant.
2727 4212 2865 4276 Quae
2894 4228 3031 4268 cum
3064 4215 3134 4269 ad
3178 4216 3491 4273 Andronici
3534 4237 3706 4277 aures

2062 4304 2483 4379 pervenissent,
2515 4301 2667 4357 379
2724 4298 2887 4356 nullo
2935 4301 3192 4360 cohiberi
3246 4306 3419 4362 modo
3466 4309 3703 4380 potuit:

2061 4392 2162 4449 sed
2194 4390 2328 4461 quia
2359 4391 2415 4445 id
2450 4399 2660 4462 praesto
2698 4406 2826 4445 esse
2856 4390 3090 4447 videbat
3119 4394 3273 4464 quod
3314 4395 3453 4452 olim
3502 4400 3703 4455 formi-

2060 4480 2224 4537 darat
2250 4482 2500 4551 (semper
2532 4479 2690 4534 enim
2721 4478 2977 4535 litteram
3008 4481 3033 4533 Ι
3062 4489 3124 4537 ut
3154 4483 3383 4554 imperii
3418 4487 3512 4543 sui
3542 4504 3703 4545 ever-

2062 4573 2281 4628 sionem
2315 4575 2649 4640 suspectam
2700 4569 3026 4641 habuerat),
3077 4573 3365 4647 principio
3413 4581 3710 4649 quaerebat

289 4662 579 4731 τεύοντας,
618 4664 739 4718 καθ’
768 4664 909 4718 ὅσων
940 4662 1076 4726 τὲως
1110 4663 1209 4718 οὐκ
1262 4662 1540 4738 ἐχρήσατο
1606 4668 1686 4736 τῷ
1724 4665 1863 4738 ξίφει
1922 4664 1950 4718 6

2067 4678 2183 4733 qua
2214 4658 2442 4714 ratione
2473 4656 2886 4728 comprehendi
2916 4664 3113 4729 posset
3155 4662 3433 4733 Isaacius,
3480 4671 3538 4722 et
3581 4668 3709 4724 tolli

294 4751 639 4827 ἀκρόχολος.
673 4755 783 4807 Φεῦ
814 4756 912 4826 φεῦ
942 4753 1025 4807 ὅτι
1057 4750 1181 4812 ὁδὸς
1207 4749 1416 4807 ἀσεϐων
1435 4750 1715 4808 εὐοδοῦται
1739 4754 1751 4809 !
1776 4750 1953 4823 Εὒθή-

290 4860 460 4908 νησαν
516 4839 713 4902 πάντες
772 4842 823 4894 οἱ
890 4841 1203 4903 ἀθετοῦντες
1258 4841 1593 4914 ἀθετήματα.
1625 4842 1952 4918 Ἐφύτευσας

296 4931 498 4993 αὐτοὺς
553 4931 646 4986 καὶ
733 4931 1051 5005 ἐρῥίζωσαςο
1111 4930 1531 5003 ἆτεκνοποίησαν
1590 4932 1682 4988 καὶ
1756 4930 1954 5003 ἐποίη-

296 5040 393 5073 σαν
432 5019 667 5094 καρπόν.
711 5022 892 5077 Ταῦτα
956 5019 1024 5089 δὴ
1092 5019 1126 5077 ἅ
1176 5021 1268 5076 καὶ
1308 5022 1337 5076 6
1393 5023 1689 5098 προφήτης
1746 5020 1951 5077 ἀπολο-

291 5115 472 5182 γεῐται
533 5109 674 5182 πρὸς
730 5109 930 5183 Κύριον
1003 5108 1193 5166 λαλῶν
1244 5109 1502 5185 κρίματα.
1568 5112 1678 5169 Οἷα
1731 5113 1833 5186 γὰρ
1914 5114 1949 5181 ἦ

292 5198 422 5254 τότε
506 5199 666 5275 γενεᾶ
749 5198 967 5275 ἐξέφυσε
1022 5200 1223 5254 κώνεια
1314 5200 1449 5273 πρὸς
1535 5198 1689 5255 οὐδὲν
1768 5198 1949 5275 ἓτερον

292 5285 622 5361 ἁδρονθέντα
700 5288 735 5358 ἥ
832 5290 1059 5352 θάνατον
1141 5293 1260 5352 τοῖς
1327 5291 1796 5366 προσφερομένοις
1852 5289 1943 5344 καὶ

284 5375 571 5432 ἀπώλειαν
627 5382 735 5433 τῶν
819 5375 1092 5433 πλείστων
1151 5376 1386 5445 πόλεων,
1470 5380 1545 5433 ὧν
1602 5384 1704 5446 τῆς
1760 5377 1938 5449 ἀρχῆς

2066 4769 2097 4807 e
2127 4748 2320 4806 medio
2352 4747 2403 4803 is
2447 4764 2480 4802 a
2530 4762 2645 4818 quo
2696 4746 2935 4803 exitium
2992 4749 3343 4809 immineret.
3395 4756 3710 4812 Verebatur

2064 4841 2219 4897 enim
2253 4853 2326 4894 ne
2352 4841 2537 4909 Cypro
2567 4836 2839 4893 advectus
2872 4841 2928 4894 et
2957 4837 3230 4896 alacriter
3276 4850 3586 4916 susceptus
3634 4846 3707 4900 ab

2063 4927 2340 4985 omnibus
2370 4942 2432 4982 se
2464 4924 2796 4997 principatu
2848 4925 3206 4985 deturbaret.
3254 4930 3496 4987 Remota
3547 4933 3704 4986 enim

2064 5017 2221 5076 mala
2252 5016 2447 5071 minus
2490 5012 2735 5069 molesta
2791 5020 2932 5070 sunt
2989 5032 3164 5087 quam
3222 5018 3594 5088 prepinqua;
3647 5021 3705 5074 et

2065 5107 2218 5181 quod
2246 5107 2636 5176 exspectatur,
2668 5103 2777 5157 etsi
2810 5103 3137 5173 pessimum
3172 5105 3363 5172 fuerit,
3404 5104 3588 5160 levius
3637 5122 3703 5161 eo

2062 5195 2295 5252 ducitur
2324 5190 2481 5264 quod
2511 5192 2680 5259 urget
2707 5187 2766 5242 in
2798 5191 3128 5261 praesentia.
3160 5192 3222 5245 ld
3251 5190 3407 5246 enim
3438 5196 3527 5247 est
3558 5209 3706 5249 mor-

2062 5285 2272 5340 talium
2305 5277 2630 5352 ingenium,
2661 5280 2723 5331 ut
2752 5278 3026 5348 exiguum
3059 5278 3274 5335 doloris
3330 5278 3595 5338 levamen
3644 5282 3701 5340 in

2066 5374 2228 5429 lucro
2269 5370 2638 5438 deputemus.

284 5465 650 5538 παναθέσμως
707 5460 993 5536 ἐπέϐησαν.
1054 5469 1239 5523 Ταῦτα
1297 5466 1373 5528 ὡς
1432 5466 1508 5528 είς
1566 5445 1735 5532 ἀκοὴν
1791 5445 2031 5534 ἐλήλυθε
2091 5452 2360 5534 βασιλέως
2419 5445 2794 5538 Ἀνδρονίκου,
2855 5449 2953 5506 οὐκ
3001 5455 3065 5522 ἦν
3122 5453 3368 5510 δπωσοδν
3423 5457 3703 5529 καθεκτὸς,

287 5551 422 5611 ἀλλ’
453 5534 596 5627 ὁρίῖιν
624 5553 771 5626 αύτῷ
801 5534 1172 5629 ἐπερχόμενον
1202 5555 1259 5610 ὃν
1316 5553 1484 5610 πάλαι
1529 5548 1812 5631 πεφόϐητο
1871 5546 2039 5625 φόϐον
2098 5546 2186 5619 (ἦν
2243 5542 2358 5631 γάρῄ
2401 5534 2755 5631 ὑφορῇμξξοξ
2789 5538 2883 5631 ,ἀεί
2938 5541 2999 5595 τὸ
3059 5540 3193 5631 ἶῷτα
3260 5543 3335 5609 ὡς
3388 5546 3488 5615 τήν
3534 5548 3703 5605 αὐτοῦ

282 5624 611 5717 παραλύσον
640 5624 842 5719 ἀρχὴν,
874 5624 1054 5714 ἐζήτει
1080 5645 1284 5718 τρόπον
1342 5641 1409 5700 δι’
1441 5644 1503 5699 οὗ
1534 5624 1622 5698 ἄν’
1652 5642 1945 5721 συλληφθῇ
1976 5638 2246 5731 ’.[σαάκιος
2277 5629 2375 5728 καὶ
2399 5626 2602 5731 γξνηεῖᾗ
2635 5624 3013 5731 ἐξξξθρώπφν
3048 5632 3083 5731 ὁ⁸
3106 5630 3299 5709 ἐκείνῳ
3327 5633 3701 5731 προσδόκιμος

285 5712 542 5806 ὄλεθρος·
579 5712 900 5809 ἰδεδίεινγάρ
917 5712 1125 5807 μήπως
1155 5733 1431 5808 Κυπρόθεν
1456 5712 1830 5792 καταπλεύσας
1850 5712 2073 5784 καθελεῖ
2093 5725 2283 5779 τοῦτον
2304 5717 2401 5785 τῆς
2428 5713 2632 5787 ἀρχῆς.
2664 5712 2823 5780 εἰδὼς
2848 5717 2923 5780 ὡς
2950 5717 3198 5795 ἀσμένως
3230 5712 3699 5801 προσδεχθήσεται
