4112 6218
467 387 584 454 647

1789 378 2098 444 ΝῘΟΕΤΛΕ
2138 379 2566 442 ΕΗΟΝΙΑΤιΕ

3751 395 3867 458 648

459 523 606 598 παρά
634 521 869 592 πάντων,
926 517 1040 574 ἐπεὶ
1094 517 1184 572 καὶ
1243 517 1305 573 τὸ
1335 515 1528 591 πορῥω
1553 515 1718 571 κακὸν
1749 517 1848 570 τοῦ
1872 511 1924 568 ἐν
1953 511 2142 600 χερσὶν
2170 509 2556 600 ἀλυπότερον,
2589 511 2679 567 καὶ
2735 517 2833 568 τοῦ
2886 509 3187 579 Θλίὸοντος
3271 515 3392 594 ἄρτι
3447 521 3784 600 κουρότερον
3809 521 3872 581 τὸ

459 611 815 686 ἐλπιζόμενον
845 608 1136 684 χείριστον·
1169 607 1471 684 ἀγαπητῶς
1527 607 1630 682 γάρ
1692 599 2144 679 παρακερδαίνειν
2209 599 2465 674 ἐοίκαμεν
2522 599 2800 676 ἅνθρωποι
2857 603 2949 658 καὶ
3002 607 3104 676 τήν
3147 609 3414 688 βραχεῖαν
3445 615 3542 666 τοῦ
3568 599 3871 690 ἀλγοῦντος

460 701 664 760 ἄνεσιν.

529 793 584 850 6.
616 791 723 848 Sed
763 805 896 846 cum
962 789 1195 845 hostem
1257 789 1560 844 absentem
1626 787 1686 842 in
1757 788 2079 857 potestatem

2287 781 2351 846 ς’.
2383 784 2473 852 Mi,
2505 777 2650 857 ἔχων
2682 779 2729 837 δ’
2799 782 2952 846 ὅπως
3009 786 3103 841 τὸν
3159 787 3368 844 ἀπόντα
3417 787 3615 866 ἐχθρὸν
3675 796 3875 870 χειρὼο

456 871 623 937 suam
657 880 916 951 redigere
945 895 1060 935 non
1094 885 1308 950 posset,
1340 877 1429 933 ira
1458 878 1516 934 in
1568 877 1697 949 ejus
1745 874 2106 948 prepinquos

456 987 754 1038 conversa,
787 986 963 1026 canes
1016 969 1282 1024 imitatus
1337 967 1443 1040 qui
1486 966 1784 1022 hominem
1834 963 2104 1020 allatrare

455 1061 712 1117 contenti
745 1058 1001 1131 lapidem
1034 1059 1106 1114 ab
1139 1074 1206 1114 eo
1233 1058 1558 1128 conjectum
1609 1055 1904 1112 mordicus
1953 1053 2100 1109 arri—

453 1150 647 1222 piunt,
684 1149 1088 1205 Macroducam
1120 1147 1566 1204 Constantinum
1607 1149 1666 1201 et
1707 1145 1926 1200 Ducam
1980 1145 2098 1199 An-

454 1237 762 1294 dronicum
797 1237 855 1292 in
883 1237 980 1308 jus
1001 1240 1168 1292 vocat
1192 1254 1206 1305 ;
1237 1234 1334 1306 qui
1355 1234 1768 1291 conﬁrmarent
1787 1232 2096 1298 lsaacium,

450 1328 502 1384 si
537 1327 872 1399 redemptus
901 1326 961 1380 in
993 1327 1244 1398 patriam
1277 1323 1516 1394 rediret,
1541 1321 1772 1378 ﬁdelem
1803 1327 1863 1378 et
1893 1322 2096 1378 utilem
2131 1312 2139 1319 ’

449 1417 538 1474 illi
570 1432 810 1489 cperam
844 1419 1216 1472 navaturum.
1247 1413 1456 1469 Paucis
1483 1413 1690 1468 diebus
1728 1416 1857 1484 post
1915 1412 2095 1482 maje—

448 1505 620 1561 statis
648 1504 730 1562 rei
761 1504 930 1568 ﬁunt,
965 1501 1226 1575 quamvis
1259 1502 1554 1574 principes
1583 1500 1850 1556 factionis
1873 1501 2094 1556 Andro-

446 1594 562 1650 nici
595 1598 652 1649 et
681 1593 901 1649 summi
933 1591 1105 1647 amici
1131 1591 1260 1662 ejus
1285 1607 1299 1645 :
1327 1607 1462 1646 nam
1487 1590 1864 1646 Macroducas
1889 1595 2096 1663 praeter

447 1686 652 1738 caetera
681 1680 892 1744 ofﬁcia,
926 1680 1081 1736 380
1111 1680 1326 1752 quibus
1358 1679 1753 1735 Andronicum
1784 1680 2094 1736 observan-

448 1770 672 1828 tissime
701 1769 944 1838 colebat,
975 1769 1287 1826 Theodore
1319 1769 1522 1826 amicas
1551 1769 1680 1840 ejus
1729 1785 1986 1825 sororem
2029 1769 2090 1825 in

447 1859 822 1916 matrimonio
852 1858 1102 1914 habebat
1129 1875 1144 1913 :
1178 1857 1548 1913 Andronicus
1577 1873 1710 1913 vero
1741 1862 1952 1926 Ducas,
1983 1857 2084 1913 bo-

445 1965 539 2004 mo
571 1949 812 2021 depygis
843 1953 900 2004 et
930 1947 1204 2004 sordidus
1228 1963 1294 2002 ac
1316 1947 1603 2020 perfrictm
1627 1947 1857 2018 frontis,
1881 1947 2088 2019 majori

441 2038 551 2094 sibi
585 2054 736 2094 cura;
767 2054 897 2095 esse
927 2037 1235 2093 Andronici
1274 2035 1525 2093 salutem
1557 2052 1735 2109 quam
1768 2037 1880 2108 ipsi
1911 2037 2093 2093 simu-

2217 891 2384 941 σεται,
2417 870 2503 926 ἐπὶ
2541 873 2668 934 τοὺς
2725 871 2888 949 ἐγγυς
2938 884 3122 950 τρὲπει
3173 877 3268 932 τὸν
3326 881 3521 954 θυμὸν,
3579 881 3782 938 ταὺτόν
3818 905 3868 940 τι

2216 957 2356 1034 δρῶν
2390 961 2420 1016 ὅ
2448 961 2538 1016 καὶ
2563 961 2716 1024 κὺνες
2737 961 3012 1026 πολλάκις
3035 971 3208 1022 ποιεῖν
3225 967 3471 1032 εἰώθασι·
3487 975 3586 1025 τοῖ’)
3607 972 3714 1048 γὰρ
3742 974 3872 1047 βάλο

2215 1049 2408 1114 λοντος
2439 1050 2790 1129 ἀφιστάμενοι
2821 1057 3014 1108 τοῦτον
3047 1055 3140 1128 μὶν
3173 1056 3468 1130 ἀμὺνονται
3501 1059 3758 1127 ὑλακαῖς,
3785 1069 3864 1137 τῷ

2213 1135 2258 1192 δ’
2285 1139 2532 1225 νάτρεθέντι
2564 1137 2705 1214 λίθῳ
2732 1141 2862 1204 τοὺς
2888 1138 3112 1206 ὀδόντας
3175 1143 3583 1221 ἐγχρίπτουσιν.
3645 1135 3872 1225 Ἀμέλει

2208 1224 2298 1280 καὶ
2358 1227 2462 1282 ὑπὸ
2513 1229 2690 1302 κρίσιν
2745 1230 2923 1304 ⁴ἤγαγε
2976 1229 3070 1285 τόν
3125 1252 3185 1287 τε
3249 1240 3393 1298 θεῖον
3453 1224 3726 1294 Ἰσακκίου
3773 1243 3871 1296 τὸν

2213 1315 2592 1392 μακροδοὺκαν
2629 1324 3046 1390 Κωνσταντῖνον,
3078 1321 3172 1376 καὶ
3205 1323 3299 1378 τὸν
3349 1325 3554 1381 Δοὺκαν
3585 1325 3870 1404 Ἀνδρόνι-

2206 1427 2324 1479 κον,
2357 1405 2409 1462 o'i
2438 1407 2711 1477 ξυνέθεντο
2745 1409 2822 1482 μή
2864 1408 3091 1486 ἀχρεῖον
3124 1409 3460 1488 Ἀνδρονίκῳ
3501 1416 3568 1471 τὰ
3597 1415 3652 1480 ἐς
3681 1418 3868 1477 πίστιν

2207 1496 2436 1573 ὀφθῆναι
2466 1499 2556 1552 τὸν
2589 1499 2860 1556 Ἰσαάκιον
2891 1497 3116 1564 λυθέντα
3165 1503 3256 1556 καὶ
3307 1504 3445 1578 πρὸς
3497 1507 3598 1576 τήν
3629 1508 3871 1580 πατρίδα

2205 1582 2645 1656 ἐπαναζεόξαντα.
2679 1587 2810 1644 Μετ’
2842 1587 2906 1642 οὑ
2935 1587 3149 1651 πολλὰς
3206 1587 3252 1644 δ’
3317 1589 3530 1667 ἡμέρας
3579 1595 3676 1650 καὶ
3732 1611 3863 1663 καθ-

2204 1674 2487 1730 οσιώσεσιν
2541 1676 2595 1730 οἱ
2653 1672 2841 1752 ἄνδρες
2911 1675 3226 1753 ὑπάγονται,
3294 1682 3492 1756 καίπερ
3573 1689 3688 1740 τῶν
3765 1690 3868 1752 τῆ)

2206 1759 2426 1836 μερίδος
2482 1757 2633 1826 ὄντες
2698 1761 3052 1840 Ἀνδρονίκου
3112 1769 3164 1823 οὶ
3227 1770 3348 1846 μέγ’
3416 1769 3605 1846 ἔξοχοι
3645 1773 3866 1830 πάντων

2201 1851 2292 1906 καὶ
2319 1858 2420 1922 τῆς
2449 1851 2686 1929 ἑταιρίας
2743 1855 2797 1909 οἱ
2824 1855 3127 1930 κράτιστοι,
3168 1857 3284 1932 εἲγε
3326 1860 3354 1914 ὁ
3389 1860 3484 1932 μὶν
3520 1861 3860 1937 Μακροδοό-

2197 1961 2320 2012 κας,
2351 1941 2505 2005 ἐκτὸς
2557 1946 2665 1998 τῶν
2722 1941 2911 1999 ἀλλων
2965 1943 3386 2024 φιλοφροσυνῶν
3418 1951 3512 2012 αἶς
3569 1949 3860 2026 ἐπιμελῶς

2200 2026 2550 2105 Ἀνδρόνικον
2605 2029 2916 2106 ἐθεράπευε,
2973 2038 3063 2089 καὶ
3123 2031 3337 2114 ἀδελφῇ
3404 2045 3506 2108 τῆς
3567 2039 3865 2117 Θεοδὼρας

439 2126 617 2182 labat.
653 2127 815 2193 Quod
847 2127 896 2182 si
930 2125 1299 2182 Andronicus
1325 2125 1582 2198 aliquem
1603 2141 1819 2182 caecare
1839 2125 2079 2197 volebat,

2194 2119 2328 2174 κατὰ
2385 2119 2669 2195 συνάφειαν
2735 2124 3042 2198 συνήρχετο
3129 2127 3405 2200 γαμικὴν,
3462 2128 3530 2196 ῆν
3587 2130 3616 2184 6
3687 2129 3863 2204 λόγος

444 2217 637 2274 Ducas
671 2217 800 2286 iste,
834 2216 1002 2289 quasi
1033 2215 1106 2272 ab
1137 2215 1407 2287 improbo
1443 2214 1540 2272 illo
1583 2215 1882 2287 magistro,
1929 2215 2098 2272 hoste

449 2305 697 2362 humani
723 2305 976 2378 generis,
1009 2305 1274 2372 edoctus,
1305 2305 1479 2360 etiam
1533 2320 1745 2360 manus
1787 2305 1842 2360 ei
1886 2321 2090 2376 ampu.

455 2396 666 2452 tandas
695 2399 796 2451 aut
824 2395 884 2451 in
933 2409 1162 2450 crucem
1216 2394 1509 2466 agendum
1553 2410 1682 2450 esse
1729 2394 2092 2460 decernebat,

457 2486 764 2558 objurgato
795 2501 942 2556 saepe
992 2484 1322 2540 Andronico
1369 2488 1427 2540 et
1472 2483 1872 2540 inhumaniter
1920 2484 2094 2540 casti-

453 2579 610 2648 gato,
641 2575 794 2646 quod
826 2574 883 2628 in
912 2572 1215 2646 suppliciis
1241 2571 1545 2630 sumendis
1575 2573 1725 2628 infra
1752 2573 2091 2629 delictorum

446 2663 808 2720 atrocitatem
840 2663 1208 2720 subsisteret.
1265 2662 1446 2733 Igitur
1487 2664 1558 2718 ad
1609 2661 1833 2718 celebre
1883 2663 2093 2718 festum

445 2755 574 2825 ejus
609 2753 720 2809 diei
754 2769 870 2825 quo
903 2751 1186 2808 memoria
1216 2751 1438 2807 reditus
1471 2751 1528 2807 iu
1565 2750 1740 2808 ccelos
1792 2769 1909 2808 una
1957 2769 2090 2809 cum

443 2847 749 2914 assumpto
781 2858 1018 2912 corpore
1046 2840 1279 2898 Domini
1310 2845 1366 2896 et
1395 2842 1497 2898 Dei
1528 2845 1584 2896 et
1625 2841 1945 2897 Servatoris
1987 2859 2091 2898 no-

441 2931 548 2987 stri
572 2931 920 3000 celebratur,
952 2945 1156 2987 omnes
1189 2929 1362 2986 aulici
1397 2934 1460 2986 ut
1485 2931 1897 2987 denuntiatum
1943 2935 2089 3001 erat,

439 3023 851 3087 convenerunt,
877 3025 1055 3093 atque
1077 3020 1268 3075 omnis
1289 3019 1522 3092 generis
1545 3023 1604 3076 et
1630 3020 1883 3076 nationis
1907 3020 2094 3077 homi-

440 3125 545 3166 nes
575 3110 824 3167 diversis
853 3109 1164 3166 itineribus
1195 3124 1261 3165 eo
1292 3109 1721 3165 contendebant
1750 3109 1850 3164 ubi
1899 3111 2089 3182 impe-

433 3201 593 3254 rator
623 3198 1050 3254 diversabatur.
1083 3199 1220 3254 Erat
1261 3202 1451 3252 autem
1514 3202 1639 3252 tum
1699 3197 1759 3253 in
1817 3198 2084 3254 exteriori

429 3287 776 3360 Philopatio.
803 3290 1088 3344 Ceterum
1121 3303 1224 3358 per
1252 3302 1508 3342 errorem
1556 3287 1614 3342 in
1669 3287 2083 3360 Manganicum

2199 2205 2513 2270 πλειστάκις
2577 2209 2834 2283 ἱστόρηκε
2899 2211 3186 2288 γινώσκειν
3241 2213 3510 2287 ἀθεμίτδυς
3565 2216 3860 2292 ’Δνδρόνι-

2197 2315 2314 2352 κον⁶
2375 2298 2404 2352 6
2457 2294 2516 2352 δὲ
2567 2297 2772 2362 Δοὺκας
2831 2297 3184 2374 Ἀνδρόνικος
3242 2305 3563 2380 καταπύγων
3619 2304 3698 2360 ὢν
3757 2309 3863 2363 καὶ

2194 2383 2386 2461 γλοϊὸς
2439 2387 2528 2441 καὶ
2583 2388 2684 2456 τὴν
2731 2386 3002 2444 ἀναίδειαν
3050 2388 3138 2447 ἐπὶ
3191 2396 3291 2447 τοῦ
3319 2394 3617 2468 προσώπου
3654 2393 3861 2466 προδε-

2198 2468 2477 2548 6λημένος
2502 2477 2593 2532 καὶ
2619 2475 2789 2533 αὑτοῦ
2838 2475 2896 2533 δὲ
2945 2481 3028 2553 [Ρ.
3079 2483 3203 2555 189]
3235 2479 3580 2556 Ἀνδρονίκου
3637 2485 3691 2542 ἐν
3733 2493 3858 2550 τοῖς

2199 2563 2330 2638 ὑπὲρ
2390 2563 2743 2642 Ἀνδρονίκου
2799 2569 3244 2644 προμηθὲστερος
3333 2573 3468 2628 εἶναι
3528 2572 3856 2648 ἐπλάττετο,

2195 2654 2281 2710 δτι
2337 2657 2368 2712 6
2429 2657 2523 2731 μὲν
2581 2679 2725 2721 τινος
2784 2657 3072 2734 ἐκπερονᾷν
3131 2659 3454 2738 ὀφθαλμοὺς
3504 2663 3858 2736 ἀπεφαίνετο,

2194 2747 2222 2802 6
2273 2747 2330 2807 δὶ
2360 2752 2566 2814 Δοὺκας
2592 2752 2752 2813 οὗτος
2807 2749 3183 2827 Ἀνδρόνικος,
3241 2754 3316 2820 ὦς
3371 2755 3419 2811 εἰ
3475 2753 3730 2822 διδακτός
3793 2761 3862 2830 ἧν

2191 2846 2288 2896 τοῦ
2318 2842 2560 2918 ἀρχῆθεν
2619 2840 3075 2915 ἀνθρωποκτόνου
3131 2844 3224 2898 καὶ
3279 2849 3398 2908 ταῖς
3428 2851 3538 2900 τῶν
3592 2848 3860 2922 μερόπων

2193 2931 2482 3012 χαίροντος
2550 2935 2880 3008 συμφοραῖς,
2937 2931 3029 2986 καὶ
3113 2937 3317 3008 χειρῶν
3403 2939 3860 3014 προσεψηφίζετο

2192 3021 2444 3096 στέρησιν
2484 3023 2520 3092 ἢ
2578 3019 3006 3077 ἀνασκολόπισιν
3065 3020 3438 3098 ἐγνισμάτευε,
3499 3025 3861 3104 βλασφημῶν

2192 3109 2243 3165 ἐν
2271 3108 2508 3172 πολλοῖς
2559 3107 2911 3185 ’Δνδρόνικον
2941 3111 3033 3167 καὶ
3069 3109 3190 3167 λίαν
3247 3113 3624 3189 ἀπανθρώπως
3681 3117 3861 3174 αὑτοῦ

2189 3199 2596 3273 καθαπτόμενος
2655 3199 2732 3260 ὠς
2794 3201 2869 3273 μή
2910 3197 3306 3272 καταλλήλους
3361 3208 3482 3267 τοῖς
3539 3207 3856 3280 πταίσμασι

2186 3289 2284 3352 τάς
2367 3287 2624 3352 κολάσεις
2681 3288 3004 3362 ἐπάγοντος.
3085 3291 3418 3362 Ἐπιστάσης
3491 3293 3670 3349 τοίνυν
3746 3304 3858 3367 τῆς

425 3377 707 3448 palatium
741 3377 929 3434 factus
961 3376 1108 3433 88!
1150 3381 1239 3432 est
1268 3391 1612 3445 concursus,
1667 3378 1821 3449 quod
1878 3383 1970 3433 est
2020 3378 2079 3434 in

2188 3377 2584 3454 λαμπροτάτης
2614 3375 2706 3432 καὶ
2745 3376 2992 3451 εὐσήμου
3049 3378 3262 3454 ἡμέρας
3316 3382 3434 3445 καθ’
3473 3382 3542 3452 ἢν
3581 3385 3618 3453 ἠ
3709 3388 3857 3458 μετά

432 3465 706 3522 interiore
741 3465 1081 3537 Philopatio,
1131 3468 1266 3538 post
1315 3465 1678 3522 destructum
1726 3465 1798 3522 ab
1849 3467 2072 3522 Andro-

2187 3471 2282 3524 τοῦ
2323 3465 2764 3540 προσλήμματος
2823 3465 2898 3528 εἷς
2956 3465 3214 3544 οὐρανοὺς
3252 3464 3445 3532 ἄνοδος
3493 3475 3594 3526 τοῦ
3639 3474 3853 3550 Κυρίου

431 3560 584 3618 nico.
617 3561 761 3616 Cum
810 3558 1087 3631 frequens
1141 3561 1299 3614 esset
1328 3563 1648 3614 conventus
1695 3575 1897 3616 eorum
1946 3575 2074 3616 om-

2187 3559 2276 3616 καὶ
2317 3565 2576 3633 Σωτῆρος
2620 3560 2780 3630 ἡμῶν
2842 3557 3174 3633 ἐορτάζεται,
3205 3559 3504 3634 ἀθροισμὸς
3557 3561 3618 3616 ἐκ
3670 3582 3855 3638 προσ..

424 3647 587 3704 nium
615 3662 764 3719 quos
793 3647 998 3703 adesse
1049 3645 1317 3715 decebat,
1360 3645 1740 3703 Maeroducas
1785 3652 1844 3703 et
1885 3646 2076 3706 Ducas

2187 3647 2434 3720 κλήσεως
2489 3647 2694 3723 γίνεται
2751 3652 2861 3704 τῶν
2955 3651 3081 3725 περὶ
3135 3651 3234 3718 τὴν
3305 3648 3585 3724 βασίλειον
3643 3651 3852 3727 σχεδὸν

425 3742 632 3810 praeter
661 3735 928 3793 omnium
959 3735 1295 3807 opinionem
1328 3752 1397 3792 ex
1445 3735 1674 3792 adibus
1722 3736 1783 3792 in
1833 3737 2077 3809 planitie

2187 3737 2432 3796 ἁπάντων
2467 3735 2659 3809 αὐλήν·
2720 3738 2812 3793 καὶ
2873 3738 2940 3808 ἦν
3000 3735 3090 3794 διά
3147 3743 3308 3796 τοῦτο
3361 3745 3478 3803 τοῖς
3523 3740 3584 3795 ἐκ
3637 3744 3850 3805 παντὸς

423 3827 550 3884 sitis
583 3825 849 3898 producti
883 3829 940 3882 et
967 3825 1028 3881 in
1060 3824 1346 3882 vestibulo
1377 3823 1748 3897 triumphati,
1795 3829 2072 3898 tanquam

2187 3829 2366 3905 γένους
2395 3827 2486 3883 καὶ
2516 3823 2699 3892 ἔθνους
2726 3823 3007 3902 συνδρομὴ
3065 3829 3156 3883 καὶ
3211 3829 3382 3903 ὁρμὴ,
3439 3825 3560 3884 ἔνθα
3619 3831 3648 3884 6
3681 3831 3845 3906 βασι-

424 3918 481 3974 in
507 3917 800 3990 judicium
831 3916 1181 3987 abducendi,
1213 3921 1315 3973 aut
1349 3916 1762 3988 imperatorem
1813 3933 1845 3974 e
1894 3934 2071 3990 supe—

419 4008 569 4065 riore
595 4006 888 4064 omnaculo
913 4010 1358 4080 prospecturum
1381 4005 1587 4073 visuri,
1611 4011 1778 4078 gestu
1806 4009 2069 4080 corporis

419 4099 487 4156 ad
519 4098 862 4171 gravitatem
893 4097 1236 4153 conﬁrmato
1287 4099 1344 4152 et
1403 4094 1678 4154 manibus
1724 4096 2073 4168 suppliciter

421 4185 760 4259 compositis
791 4189 1180 4258 suspexerunt
1231 4189 1298 4240 At
1345 4184 1678 4256 Stephanus
1721 4185 2068 4258 Hagiochri-

423 4276 796 4347 stophorites,
829 4275 926 4347 qui
957 4280 1082 4331 tum
1117 4275 1739 4346 Antichristophorites
1769 4275 1944 4347 vulgo
1974 4277 2064 4331 di~

425 4366 666 4421 cebatur
695 4365 927 4421 nomine
957 4381 1062 4436 pro
1093 4365 1352 4420 moribus
1397 4379 1512 4420 non
1561 4362 1706 4419 nihil
1755 4363 2066 4421 immutato

418 4454 563 4521 (erat
619 4454 773 4509 enim
834 4453 1392 4525 impudentissimus
1440 4453 1703 4510 omnium
1748 4454 2061 4510 Andronici

418 4539 827 4596 ministrorum
859 4547 917 4596 et
941 4543 1207 4598 omnium
1241 4542 1526 4599 scelerum
1560 4543 1836 4616 sentina),
1871 4543 2062 4615 lapide

415 4629 706 4701 quantum
736 4627 865 4683 vola
896 4629 1160 4700 capiebat
1191 4631 1442 4699 sublato,
1475 4635 1530 4686 et
1561 4631 1620 4686 in
1651 4631 2058 4690 Macroducam

413 4715 728 4781 destinato,
761 4715 860 4787 qui
891 4720 948 4770 et
977 4717 1262 4772 afﬁnitate
1294 4719 1704 4790 imperatorias
1733 4725 1790 4776 et
1809 4725 1975 4778 etate
2002 4726 2059 4778 et

2183 3919 2308 3981 λεὺς
2335 3913 2682 3993 Ἀνδρόνικος
2713 3915 3049 3988 ἐνηυλίζετο·
3117 3917 3184 3986 ἦν
3240 3914 3300 3972 δὲ
3353 3917 3477 3974 τότε
3532 3919 3846 3992 σκηνούμε-

2177 4029 2268 4070 νος
2300 4007 2434 4062 κατὰ
2483 4007 2547 4061 τὸ
2603 4002 2707 4080 ἔξω
2767 4004 3060 4081 λεγόμενον
3115 4003 3482 4066 Φιλοπάτιον.
3511 4007 3704 4080 Ὠσπερ
3777 4005 3844 4064 δὲ

2179 4092 2516 4168 παλινῳδίαν
2545 4097 2599 4150 οἱ
2637 4094 3034 4168 συνερχόμενοι
3063 4090 3304 4166 ᾅδοντες,
3361 4094 3396 4164 ἢ
3456 4093 3510 4150 ἐν
3540 4099 3622 4167 τῷ
3648 4091 3839 4166 ἄλλην

2177 4185 2390 4260 τρέχειν
2417 4181 2598 4257 ἐτέραν
2632 4179 2968 4258 βαδίζοντες,
3029 4182 3189 4262 εἶχον
3231 4182 3324 4238 τὸν
3373 4180 3699 4256 κατάντημα
3737 4191 3844 4255 τῆς

2179 4271 2310 4330 ὁδοῦ
2333 4271 2457 4348 περὶ
2490 4271 2557 4328 τὰ
2586 4269 2860 4348 λεγόμενα
2895 4275 2992 4326 τοῦ
3024 4271 3290 4349 Μαγγάνη
3321 4269 3586 4342 παλάτια,
3643 4271 3678 4328 ἄ
3745 4277 3842 4331 καὶ

2175 4364 2310 4420 αὐτά
2370 4361 2510 4418 κατά
2571 4362 2636 4418 τὸ
2687 4360 2838 4423 ἐντὸς
2896 4360 3240 4417 Φιλοπάτιον
3299 4359 3690 4434 ᾠκοδόμηντο,
3749 4363 3841 4420 ἐσ-

2175 4453 2394 4527 ύστερον
2428 4449 2474 4507 δ’
2507 4448 2854 4525 Ἀνδρόνικος
2921 4447 3276 4528 κατηδάφισε.
3338 4452 3436 4509 Καὶ
3493 4451 3612 4508 ἐπεὶ
3651 4452 3841 4510 πολυ-

2172 4544 2456 4617 άνθρωπος
2485 4542 2554 4610 ἦν
2584 4543 2618 4611 ἡ
2652 4538 2986 4609 συνέλευσις,
3025 4541 3165 4596 πάνυ
3225 4541 3408 4614 μέντοι
3463 4541 3840 4620 πολυάνθρω-

2171 4631 2416 4700 πος,καὶ
2446 4630 2591 4700 ἀπῆν
2635 4625 2816 4693 οὐδεὶς
2871 4629 2930 4685 ὅν
2988 4635 3236 4705 παρεῖναι
3296 4630 3492 4706 ἐχρῆν,
3549 4631 3840 4707 ἐξάγονται

2168 4723 2314 4798 παρά
2355 4719 2511 4792 δόξαν
2540 4724 2647 4775 τῶν
2703 4716 3134 4794 συνειλεγμένων
3189 4722 3218 4776 6
3278 4721 3483 4784 Δοὺκας
3530 4742 3590 4777 τε
3645 4723 3740 4776 καὶ
3803 4725 3838 4779 ὁ

415 4804 796 4878 amplissimis
825 4805 1034 4877 opibus
1079 4805 1479 4871 antecellebat,
1530 4823 1734 4864 omnes
1782 4808 2054 4866 hortaba-

2187 4809 2562 4887 νὶακροδοόκας
2592 4807 2652 4864 ἐκ
2679 4813 2789 4865 τῶν
2853 4807 2964 4865 ἐκεῖ
3023 4829 3130 4864 που
3161 4807 3430 4866 ἐπιπέδων
3471 4810 3829 4885 οἰκημάτων,

412 4902 510 4956 tur
541 4906 601 4954 ut
631 4911 808 4952 suum
840 4893 1171 4968 exemplum
1205 4895 1594 4960 imitarentur,
1630 4899 1816 4953 totum
1848 4900 2052 4956 conci-

407 4990 556 5046 lium
591 4987 1106 5058 circumspectans,
1137 4989 1194 5042 et
1248 4984 1346 5056 qui
1398 4982 1757 5057 lapidatione
1807 4988 2058 5046 abstine-

403 5081 506 5138 bat
535 5077 793 5137 dicteriis
824 5081 882 5135 et
927 5076 1204 5138 conviciis
1251 5076 1552 5132 incessens
1607 5080 1672 5132 ut
1714 5077 2052 5150 imperatori

401 5169 702 5228 inﬁdelem
733 5175 790 5226 et
833 5168 1008 5242 paulo
1040 5174 1169 5240 post
1220 5166 1374 5223 idem
1421 5165 1773 5239 supplicium
1823 5169 2050 5226 subitu~

402 5275 555 5317 rum.
591 5259 666 5317 Iis
700 5259 877 5316 minis
907 5257 1090 5315 territi
1121 5273 1328 5316 omnes
1359 5273 1499 5312 saxa
1529 5257 1587 5313 in
1620 5255 1753 5314 illos
1783 5260 2050 5332 conjece-

405 5351 566 5416 runt,
599 5353 663 5404 ut
694 5347 982 5422 supplicio
1013 5353 1247 5421 peracto
1279 5347 1433 5404 382
1489 5347 1545 5420 (ο
1598 5347 1931 5407 miserabile
1995 5356 2052 5408 et

408 5436 749 5498 incredibile
785 5443 1198 5516 spectaculum)
1230 5442 1455 5515 lapides
1501 5441 1558 5497 in
1613 5442 1903 5500 tumulum
1952 5459 2047 5500 ex-

2165 4900 2422 4974 καὶπρὸς
2453 4900 2552 4968 τὴν
2595 4895 2812 4954 αῧλειον
2869 4896 2945 4962 ὡς
2998 4896 3314 4974 κατάκριτοι
3372 4893 3832 4975 Θριαμϐεὑονται·

2167 4989 2264 5046 Καὶ
2297 4989 2348 5044 οῖ
2383 4989 2478 5062 μὲν
2513 4989 2587 5049 ὡς
2622 4987 2727 5043 ὑπὸ
2760 4986 2916 5058 δίκην
2947 4987 3320 5063 ἀχθησόμενοι
3353 4990 3389 5060 ἢ
3448 4989 3544 5044 τὸν
3597 4989 3840 5065 βασιλέα

2164 5078 2433 5154 ὀψόμενοι
2477 5081 2586 5133 τῶν
2642 5076 2906 5153 ὑπερῴων
2972 5075 3306 5134 ἐκκύπτοντα
3387 5075 3834 5152 διεσκευάζοντο,

2164 5171 2275 5226 ἅνω
2304 5167 2372 5224 τὰ
2397 5163 2625 5242 ὄμματα
2663 5164 2905 5239 α’ίροντες
2945 5165 3036 5222 καὶ
3093 5169 3172 5224 τὼ
3225 5173 3384 5248 χεῖρε
3411 5169 3552 5242 πρὸς
3607 5170 3670 5224 τὸ
3728 5173 3838 5226 τοῦ

2162 5261 2452 5335 σχήματος
2507 5256 2703 5330 σεμνὸν
2759 5251 3207 5333 περιϐάλλοντες·
3270 5260 3300 5314 6
3339 5255 3396 5314 δι
3433 5262 3834 5336 Ἀγιοχριστοο

2161 5348 2390 5427 φορίτης
2421 5341 2719 5421 Στὲφανος,
2753 5345 2812 5401 ὅν
2842 5346 2936 5402 καὶ
2985 5347 3576 5424 Ἀντιχριστοφορίτην
3619 5350 3677 5406 οἱ
3703 5349 3842 5408 τότε

2157 5437 2448 5511 ὠνόμαζον
2483 5433 2783 5511 ἄνθρωποι,
2841 5435 2895 5498 ἐς
2949 5437 3013 5492 τὸ
3060 5436 3420 5508 κατάλληλον
3472 5441 3584 5493 τῶν
3643 5433 3833 5515 ἔργων

407 5534 729 5594 surgerent.
762 5532 806 5585 Ii
840 5548 970 5588 vero
1001 5533 1216 5605 quibus
1247 5547 1465 5588 munus
1508 5531 1710 5588 datum
1759 5537 1901 5602 erat,
1948 5549 2046 5589 eos

2187 5531 2254 5600 ἠν
2286 5525 2484 5597 κλῆσιν
2519 5525 2843 5600 μετάγοντες
2877 5526 2970 5602 (ἦν
2998 5529 3101 5602 γὰρ
3157 5527 3186 5582 6
3241 5532 3325 5601 τῷ
3357 5523 3470 5584 ὄντι
3497 5525 3835 5585 ἀναιδέστα-

407 5610 600 5669 adhuc
632 5617 921 5686 spirantes
954 5620 1236 5691 sublatos,
1262 5626 1318 5677 et
1347 5622 1646 5694 tapetibus
1674 5623 1886 5694 quibus
1921 5641 2044 5680 sar-

405 5701 550 5762 cinis
583 5703 874 5761 mulorum
906 5709 1024 5777 tegi
1055 5709 1241 5766 solent
1269 5709 1582 5782 involutos,
1616 5715 1834 5769 Ducam
1865 5713 1924 5770 in
1947 5713 2045 5772 Ju-

2155 5639 2248 5682 τος
2273 5621 2382 5672 τῶν
2410 5611 2758 5691 Ἀνδρονίκου
2815 5616 3102 5692 ὑπηρετῶν
3151 5615 3244 5673 καὶ
3299 5617 3480 5688 πάσης
3531 5617 3833 5694 ἀνοσιουρ-

2153 5708 2277 5784 γίας
2329 5705 2674 5781 ἀνάμεστος),
2740 5703 2893 5770 λίθον
2980 5704 3112 5782 ἄρας
3165 5704 3520 5784 χειροπληθῆ
3571 5707 3664 5764 καὶ
3721 5711 3830 5766 τοῦ
