4118 6200
280 401 396 462 649

1324 398 1425 457 DE
1470 398 1923 458 ANDRONICO
1967 398 2340 460 COMNENO
2388 399 2531 460 LlB.
2579 401 2627 459 l.

3563 409 3684 468 650

281 528 644 603 Μακροδούκα
697 529 1106 605 στοχασάμενος
1171 532 1268 584 τοῦ
1332 529 1421 584 καὶ
1487 531 1922 607 προφερεστάτου

2054 531 2292 587 laeorum
2324 533 2746 604 cmmeterium,
2777 536 3184 592 Macroducam
3244 537 3304 593 in
3355 537 3525 596 littus
3562 541 3692 597 edi-

277 621 412 678 κατὰ
439 617 612 689 κῆδος
673 619 960 693 βασιλικὸν
1010 618 1102 674 καὶ
1153 618 1216 674 τὸ
1266 620 1495 695 γεραρὸν
1549 625 1652 688 τῆς
1708 616 1933 687 ἡλικίας

276 713 366 767 καὶ
395 711 497 778 τήν
527 712 632 763 τοῦ
688 705 936 763 πλούτου
998 707 1298 782 βαθύτητα,
1354 705 1583 782 παρῄνει
1641 711 1803 762 πᾶσιν
1862 707 1936 769 ὡς

277 822 335 863 ος
363 797 716 873 παράδειγμα
773 795 934 852 αὑτόν
979 798 1210 871 ἀφορᾷν,
1266 795 1747 872 περιϐλεπόμενος
1798 797 1938 852 ἃπα-

280 911 374 945 σαν
405 890 508 958 τήν
537 889 812 964 ὁμήγυριν
843 885 933 942 καὶ
962 887 1058 941 τὸν
1117 887 1194 959 μή
1229 882 1600 942 λαϊὸολοῦντα
1629 885 1936 966 ἒρεσχελῶν

281 978 372 1032 καὶ
403 978 481 1042 ὡς
510 975 738 1031 ἄπιστον
768 973 823 1037 ἰς
864 973 1095 1049 βασιλέα
1125 974 1449 1049 κακολογῶν
1490 975 1578 1029 καὶ
1610 977 1711 1044 τήν
1765 975 1938 1043 αὑτὴν

282 1065 584 1136 καταδίκην
619 1065 753 1139 μετὰ
787 1063 981 1139 μικρὸν
1045 1063 1346 1130 ὑποστῆναι
1410 1062 1704 1130 μέλλοντα.
1773 1066 1941 1138 Ἥραν

280 1158 376 1212 οὗν
447 1153 541 1210 διὰ
590 1155 690 1224 τήν
750 1150 982 1223 ἀπειλὴν
1035 1153 1238 1224 ταύτην
1285 1154 1314 1207 ὁ
1371 1153 1673 1228 ἀθροισμὸς
1728 1153 1938 1226 ξύμπας

279 1242 586 1321 χερμάδια,
645 1237 948 1298 κατέϐαλον
1012 1246 1121 1296 τῶν
1185 1242 1504 1316 ἀνθρώπων,
1564 1241 1795 1298 ἐλεεινὸν
1851 1242 1940 1297 καὶ

278 1335 513 1391 ἄπιστον
576 1333 716 1407 μετά
768 1332 832 1386 τὸ
889 1330 1062 1393 πάθος
1130 1331 1324 1404 θέαμα,
1387 1332 1462 1394 ὡς
1533 1331 1761 1406 ἀρθῆναι
1813 1331 1942 1392 τοὺς

282 1422 485 1486 λίθους
517 1422 569 1484 ἐς
599 1419 871 1477 κολωνόν.
913 1423 1034 1476 Ἔτι
1083 1417 1127 1474 δ’
1180 1418 1510 1494 ἐμπνέοντας
1566 1419 1694 1483 τοὺς
1745 1417 1943 1492 ἄνδρας

279 1511 553 1587 ἀράμενοί
579 1530 742 1579 τινες,
803 1510 890 1570 οἷς
943 1507 1012 1563 τὰ
1062 1514 1165 1577 τῆς
1223 1507 1514 1580 ὑπηρεσίας
1557 1507 1759 1578 ταύτης
1815 1505 1945 1562 ἑπε-

274 1600 573 1675 τέτραπτο,
631 1598 722 1654 καὶ
780 1598 1015 1668 τάπησιν
1073 1593 1445 1668 ἐνειλήσαντες
1499 1595 1580 1674 ἐφ’
1611 1597 1685 1651 ὧν
1718 1596 1774 1650 αἱ
1826 1601 1945 1660 τοῖς

276 1689 545 1763 ἡμιόνοις
637 1685 1014 1760 ἆνατιθέμεναι
1099 1692 1559 1761 πρωματοθῆκαι
1633 1684 1942 1756 σκέπονται,

275 1779 372 1834 τὸν
433 1779 530 1852 μὶν
586 1776 640 1839 ις
670 1777 770 1845 τήν
798 1775 1025 1851 περαίαν
1083 1772 1120 1845 ἤ
1176 1781 1294 1838 τοῖς
1337 1771 1623 1834 Ἰουδαίοις
1655 1773 1734 1836 είς
1765 1775 1942 1851 ταφὴν

280 1867 664 1939 ἆποτέτμηται
693 1863 910 1939 ἄγουσι,
938 1864 1031 1919 τὸν
1087 1861 1146 1918 δὶ
1203 1859 1600 1937 Μακροδούκαν
1657 1863 1794 1918 κατὰ
1842 1863 1940 1930 τήν

282 1955 662 2030 ἆντίπορθμον
693 1958 763 2028 τῇ
813 1956 953 2026 μονῇ
1004 1957 1115 2008 τῶν
1182 1952 1487 2027 Μαγγάνων
1542 1951 1942 2023 ἀποκομίζουσι

282 2041 522 2120 λοφώδη
582 2043 775 2112 ἀκτὴν,
868 2041 956 2097 καὶ
1033 2039 1554 2110 ἀνασκολοπίζονται
1622 2039 1942 2119 ἀμφότεροι.

274 2133 393 2188 Καὶ
450 2133 572 2187 τότε
627 2131 863 2206 πρώτως
945 2130 996 2185 οἱ
1055 2135 1156 2198 τῆς
1209 2130 1617 2186 Κωνσταντίνου
1677 2131 1759 2202 [Ρ.
1822 2132 1943 2202 190]

271 2221 512 2277 πολῖται
569 2222 844 2276 τεθέανται
897 2220 969 2274 τὰ
1033 2219 1122 2272 καὶ
1179 2218 1369 2280 ἀκοαῖς
1417 2217 1605 2279 αὐταῖς
1668 2214 1941 2291 δυσπαρά-

275 2309 468 2378 δεκτα,
527 2311 618 2365 καὶ
677 2311 752 2364 ὧν
810 2307 1207 2388 ἂφηγουμένων
1272 2307 1538 2382 πρότερον
1599 2301 1756 2362 ἕϐυον
1809 2305 1939 2370 τοὺς

2042 619 2184 685 tius,
2241 622 2400 692 quod
2457 630 2545 678 est
2598 639 2629 678 e
2686 623 2920 695 regione
2970 626 3257 695 Manganii
3319 631 3688 701 monasterii,

2041 709 2447 779 transvebunt,
2481 716 2655 783 atque
2714 716 3030 782 utrumque
3088 713 3236 785 palis
3296 717 3565 786 attigunt.
3612 722 3692 776 Ac

2043 801 2171 853 tum
2205 799 2461 870 primum
2511 799 2799 872 Cpolitani
2857 818 2922 857 ea
2974 819 3107 858 cum
3139 802 3292 859 luctu
3337 805 3629 876 viderunt,
3659 826 3693 864 a

2043 903 2295 958 quorum
2317 892 2874 947 commemoratione
2899 891 3064 962 prius
3078 909 3248 948 aures
3264 893 3692 966 abhorrebant;

2044 982 2218 1049 atque
2247 977 2308 1034 id
2336 979 2565 1035 facinus
2597 985 2957 1051 reputantes,
2985 983 3250 1040 attonitis
3299 984 3542 1054 similes,
3575 1003 3690 1058 quo

2045 1083 2108 1122 se
2136 1072 2424 1124 verterent
2455 1070 2810 1136 nesciebant,
2870 1071 3136 1144 duplices
3194 1091 3393 1144 pcenas
3446 1075 3693 1132 luentes.

2045 1159 2190 1212 Nam
2221 1161 2277 1212 et
2308 1157 2680 1229 popularium
2732 1160 3064 1218 calamitate
3122 1164 3510 1220 movebantur
3546 1184 3562 1236 ;
3615 1170 3694 1233 et,

2047 1245 2185 1318 quia
2216 1245 2369 1302 idem
2395 1247 2967 1319 periculumjamjam
2989 1251 3098 1306 sibi
3123 1268 3359 1324 quoque
3382 1253 3696 1310 imminere

2047 1334 2355 1406 putabant,
2385 1335 2647 1407 longiore
2695 1338 2935 1393 cruciati
2979 1339 3392 1397 efﬁciebantur
3441 1359 3619 1413 quam
3654 1342 3697 1398 ii

2047 1423 2149 1495 qui
2172 1423 2300 1493 jam
2331 1424 2390 1479 in
2421 1423 2629 1480 mediis
2660 1427 2971 1483 tormentis
2999 1433 3186 1484 erant.
3221 1429 3368 1486 Nam
3427 1430 3487 1486 hi
3550 1430 3695 1503 qui-

2047 1513 2180 1568 dem
2214 1511 2366 1568 mala
2388 1512 2587 1569 timere
2615 1514 2928 1583 desierant,
2961 1518 3223 1588 oppressi
3284 1518 3440 1575 malo
3473 1538 3487 1588 ;
3546 1521 3695 1590 quod

2049 1600 2284 1657 animus
2316 1602 2540 1673 pridem
2573 1605 2977 1676 augurabatur
3008 1621 3021 1659 :
3047 1604 3134 1662 illi
3164 1622 3322 1673 vero,
3379 1611 3519 1679 quia
3573 1625 3705 1664 ma-

2049 1689 2173 1745 lum
2213 1689 2464 1747 subinde
2495 1692 2892 1764 providebant,
2909 1701 2961 1750 et
2996 1695 3194 1750 futura
3217 1700 3497 1767 tanquam
3553 1713 3700 1768 pra-

2049 1779 2236 1834 sentia
2267 1779 2604 1845 cernebant,
2638 1797 2826 1851 neque
2848 1786 3020 1837 noctu
3046 1799 3319 1838 somnum
3357 1799 3565 1857 capere
3596 1800 3703 1840 nec

2052 1867 2304 1924 interdiu
2337 1868 2548 1938 quietis
2569 1868 2785 1924 animis
2812 1886 2942 1925 esse
2991 1875 3275 1942 poterant,
3337 1873 3704 1930 conscientia

2053 1955 2220 2026 quasi
2249 1955 2493 2027 flagellis
2524 1959 2863 2014 excruciati.
2900 1962 3102 2030 Neque
3129 1975 3266 2014 vero
3315 1961 3352 2014 ii
3395 1961 3586 2016 solum
3619 1963 3706 2020 sic

2053 2042 2242 2100 aﬂ‘ecti
2281 2051 2466 2109 erant,
2489 2045 2588 2115 qui
2613 2046 2792 2101 animi
2812 2061 3017 2116 parum
3043 2046 3216 2103 amici
3251 2063 3387 2120 erga
3405 2050 3701 2105 Androni-

2052 2149 2186 2188 cum
2219 2131 2329 2188 sibi
2361 2138 2529 2188 erant
2557 2133 2711 2190 888
2749 2134 2986 2204 conscii,
3019 2135 3144 2203 sed,
3188 2137 3342 2206 quod
3370 2137 3556 2208 magis
3588 2137 3698 2192 mi-

2051 2221 2217 2288 reris,
2272 2221 2310 2274 ii
2369 2237 2599 2293 quoque
2658 2221 2872 2294 quit-us
2931 2223 3160 2279 favebat
3215 2225 3586 2281 Andronicus
3636 2229 3698 2281 et

2049 2309 2300 2365 subinde
2329 2308 2563 2381 aliquod
2596 2312 2813 2366 bonum
2849 2311 3240 2383 impertiebat.

275 2410 647 2472 ἀκουστικοὺς
704 2411 940 2486 πόρους,
995 2405 1250 2478 τηνικάδε
1303 2413 1420 2470 τοῖς
1477 2405 1787 2484 ὀφθαλμοῖς
1837 2409 2214 2482 προκειμένων
2273 2407 2732 2484 ἀπωλοφύροντο,
2787 2410 2878 2464 καὶ
2959 2410 3023 2465 τὸ
3071 2411 3312 2489 πραχθὲν
3371 2409 3696 2485 ἆναλογζό-

277 2522 441 2574 μενοι
500 2499 794 2578 ἀμηχανίᾳ
848 2498 1186 2573 συνείχοντο,
1243 2497 1334 2552 καὶ
1387 2493 1590 2564 διπλῆν
1675 2495 1762 2549 ἐπὶ
1843 2501 1963 2558 τοῖς
2053 2496 2360 2570 γινομένοις
2447 2494 2606 2568 δίκην
2665 2498 2976 2575 ὑφίσταντο·
3036 2499 3126 2554 καὶ
3172 2503 3280 2554 τῶν
3338 2499 3697 2578 ξυμφυλετῶν

272 2593 388 2666 γὰρ
423 2587 692 2661 ἐδάμαζον
754 2585 948 2649 αὖτοὺς
999 2586 1066 2642 τά
1120 2587 1440 2659 παθήματα,
1491 2586 1582 2639 καὶ
1641 2584 1716 2647 εἰς
1779 2582 1974 2646 αὐτοὺς
2033 2585 2159 2638 ὅσον
2219 2583 2372 2640 οὔπω
2429 2585 2826 2659 προσπελάζειν
2886 2588 2978 2642 τὸν
3019 2585 3269 2643 κίνδυνον
3303 2589 3700 2662 φανταζόμενοι

275 2676 661 2755 χρονιωτέραν
694 2677 856 2754 εἶχον
918 2676 1018 2744 τήν
1081 2675 1311 2748 βάσανον
1366 2679 1474 2728 τῶν
1535 2671 1587 2728 ἐν
1648 2672 1834 2744 μέσοις
1889 2670 1999 2742 ἤδη
2047 2671 2408 2748 ἐνσχεθέντων
2459 2679 2582 2736 τοῖς
2640 2675 2943 2750 ἀχθεινοῖς,
2994 2677 3112 2739 καθ’
3169 2675 3292 2730 ὅσον
3344 2677 3396 2730 οἱ
3452 2677 3548 2750 μὶν
3598 2684 3699 2746 τῆς

273 2772 539 2838 πονηρᾶς
593 2762 820 2824 ἐλπίδος
879 2761 1152 2837 ὑπέληγον
1207 2758 1317 2831 ἤδη
1371 2765 1468 2816 τοῦ
1526 2765 1696 2815 κακοῦ
1751 2757 2060 2823 ἐπιστάντος
2117 2761 2146 2815 ὃ
2203 2760 2374 2816 πάλαι
2429 2763 2563 2818 κατά
2592 2767 2716 2818 νοῦν
2749 2758 3024 2842 ἔστρεφον,
3058 2769 3174 2826 τοῖς
3231 2761 3287 2820 δὲ
3341 2764 3404 2819 τὸ
3458 2770 3694 2840 προορᾷν

273 2856 372 2912 ἀεὶ
425 2856 490 2910 τὸ
547 2851 718 2908 δεινὸν
778 2851 870 2906 καὶ
923 2852 988 2906 τὸ
1041 2851 1248 2906 οἳεσθαι
1301 2849 1364 2905 τὸ
1407 2847 1612 2921 μέλλον
1669 2848 1742 2910 ὡς
1803 2847 2040 2927 ἐφεστὼς
2095 2849 2186 2904 καί
2242 2851 2434 2912 νυκτὸς
2493 2848 2688 2927 ἂφῂρει
2741 2853 2832 2907 τὸν
2888 2852 3049 2908 ὕπνον
3105 2853 3196 2906 καὶ
3261 2853 3473 2927 ἡμέρας
3529 2851 3698 2907 πλέον

282 2945 560 3018 μάστιγος
592 2942 772 3011 πάσης
804 2938 1081 3012 ἒμυώπιζε
1136 2941 1235 3008 την
1304 2935 1630 3006 συνείδησιν.
1691 2937 1796 2993 Καὶ
1852 2938 1914 2992 τὸ
1971 2940 2312 3010 καινότατον,
2361 2939 2425 2994 ού
2487 2940 2653 3011 μόνον
2719 2943 2868 2997 ταῦτ’
2923 2939 3162 3017 ἔπασχον
3233 2941 3427 2996 ὀπόσοι
3453 2941 3516 2997 τὸ
3548 2940 3699 2998 ἔνδον

278 3033 578 3106 κριτήριον
638 3031 791 3105 εἶχον
855 3029 1186 3101 ὑποθρᾶττον
1270 3027 1345 3089 ὡς
1403 3026 1503 3080 οὑκ
1559 3025 1730 3100 ἁγαθά
1809 3029 1890 3098 τῷ
1945 3022 2270 3100 Ἀνδρονίκῳ
2327 3025 2582 3101 εὔχονται
2639 3029 2727 3082 καὶ
2811 3028 3190 3102 βουλεύονται,
3249 3027 3396 3084 ἀλλᾶ
3451 3029 3541 3084 καὶ
3601 3033 3693 3093 οἷς

275 3125 503 3182 ὶκεῖνος
563 3118 880 3195 προσέκειτο
930 3115 1022 3172 καὶ
1075 3115 1153 3171 ἀεί
1210 3136 1356 3178 τινος
1416 3111 1696 3188 μετεδίδου
1763 3118 2030 3188 χρηστοῦ·
2085 3117 2148 3170 τὸ
2204 3116 2305 3190 γάρ
2362 3115 2417 3179 ἐς
2472 3116 2609 3172 ἆπαν
2665 3116 2886 3172 ἄπιστον
2932 3119 3066 3188 ἦθος
3119 3119 3207 3173 καὶ
3228 3118 3292 3174 τὸ
3319 3125 3422 3187 τῆς
3456 3119 3687 3194 γνώμης

269 3203 641 3282 παλίμϐολον
676 3208 1045 3286 ὑφορώμενοι,
1077 3199 1156 3260 ἔτι
1183 3201 1241 3259 δὲ
1268 3204 1330 3259 τὸ
1361 3205 1496 3278 πρὸς
1527 3202 1752 3258 κόλασιν
1776 3201 2132 3276 ἑτοιμότατον
2167 3201 2559 3277 δεδιττόμενοι,
2584 3203 2698 3261 οὐδ’
2723 3206 2873 3262 οὗτοι
2904 3208 2966 3263 τὸ
2995 3211 3091 3262 τοῦ
3134 3204 3384 3262 κινδύνου
3413 3207 3504 3278 ὀξὺ
3537 3212 3683 3282 σφῶν

269 3299 464 3354 αὐτῶν
490 3296 882 3373 ἀπετρέποντο.

357 3411 536 3471 Ἀλλὰ
591 3413 694 3488 γάρ
755 3408 898 3484 μηδὲ
951 3413 1116 3465 τοῦτο
1175 3405 1579 3484 παραδραμέτω
1647 3408 1675 3462 ὁ
1737 3405 1930 3482 λόγος.

2125 3411 2188 3466 In
2230 3427 2406 3468 causa
2437 3418 2582 3482 erat,
2617 3415 2774 3486 quod
2805 3415 3164 3482 acerbitatis,
3197 3415 3702 3488 implacabilitalis

274 3502 578 3564 Αίτοῦνταί
632 3520 774 3563 τινες
834 3496 1208 3574 ’Δνδρόνικον,
1269 3501 1351 3560 οἷς
1407 3504 1574 3570 μετῆν
1618 3495 1944 3572 παρρησίας,

274 3595 355 3648 τά
387 3596 491 3646 τῶν
546 3589 954 3665 κρεμασθέντων
1014 3589 1398 3662 καθαιρεθῆναι
1456 3585 1702 3659 σώματα.
1761 3586 1824 3642 Ὁ
1891 3583 1948 3640 δὲ

283 3682 376 3755 μή
426 3677 610 3750 ἀηδῶς
662 3679 754 3734 τὸν
813 3676 982 3755 λόγον
1039 3674 1325 3749 δεξάμενος
1383 3675 1667 3749 ἠρώτησεν
1702 3675 1746 3730 εἰ
1774 3673 1947 3729 πάλαι

279 3765 580 3825 ἀπέθανον
639 3767 731 3822 καὶ
788 3765 954 3840 γνοὺς
1011 3764 1072 3821 ὲκ
1125 3769 1234 3820 τῶν
1293 3763 1707 3838 ἀναρτησάντων
1749 3763 1949 3824 κακοὺς

281 3861 476 3919 κακῶς
506 3853 870 3930 καταστρέψαι
925 3855 1020 3910 τὸν
1081 3854 1222 3929 βίον,
1275 3851 1608 3925 συμπαθείας
1640 3853 1760 3907 εἶπε
1818 3851 1948 3914 τοὺς

283 3943 494 4020 ἄνδρας
550 3945 864 4014 καταξιοῦν,
921 3943 1012 3999 καὶ
1099 3939 1426 4016 ἐπεδάκρυσε
1491 3943 1675 4012 τούτῳ
1708 3943 1789 4011 τῷ
1847 3939 1949 4012 ῥή-

291 4056 454 4111 ματι,
483 4034 845 4110 ίσχυροτέραν
905 4033 1146 4113 φάμενος
1204 4031 1338 4086 εἶναι
1387 4033 1489 4096 τῆς
1533 4030 1740 4091 οἰκείας
1769 4030 1948 4104 ὁρμης

285 4125 388 4182 καὶ
425 4127 736 4200 προθέσεως
791 4126 890 4193 τήν
943 4128 1053 4178 τῶν
1110 4122 1294 4194 νόμων
1353 4119 1648 4194 αὐστηρίαν
1704 4118 1794 4174 καὶ
1853 4119 1947 4174 αύ-

285 4216 524 4282 θεντίαν,
581 4215 673 4268 καὶ
710 4213 814 4282 τὴν
867 4216 974 4268 τῶν
1047 4209 1310 4267 δικαστῶν
1369 4209 1641 4286 ἀπόφασιν
1703 4209 1953 4278 ὑπερκεῖ-

285 4307 418 4360 σθαι
447 4311 547 4374 τῆς
579 4302 745 4359 αὐτοῦ
778 4303 1166 4377 προαιρέσεως.
1198 4307 1262 4354 Ὠ
1321 4296 1550 4370 δάκρυον
1604 4302 1723 4360 τοῖς
1781 4295 1952 4352 πάλαι

291 4394 398 4466 μὲν
427 4393 514 4447 καὶ
548 4394 687 4465 ἡμῖν
717 4391 771 4446 ἰν
805 4393 1016 4470 συνοχῇ
1047 4393 1233 4464 ψυχῆς
1273 4387 1347 4449 ὡς
1377 4386 1438 4442 ἐκ
1491 4386 1684 4466 νέφους
1743 4380 1952 4460 ὄμϐρος

289 4488 400 4550 τῆς
429 4478 654 4556 καρδίας
684 4479 1147 4554 ἐπιψεκαζόμενον
1182 4479 1194 4534 l
1245 4473 1288 4532 ὦ
1347 4475 1526 4546 λύπης
1587 4472 1953 4553 σφοδρότέρας

291 4565 584 4643 σύμϐολον
615 4569 847 4625 καὶτῶν
880 4565 1031 4623 ἔνδον
1077 4565 1374 4637 πιεζόντων
1427 4565 1726 4639 τεκμήριον
1781 4561 1953 4636 ἀναμ-

290 4661 586 4736 φήριστον,
617 4657 787 4714 ἐνίοτε
810 4656 868 4714 δὶ
891 4658 980 4712 καὶ
1040 4655 1144 4712 ὑπὸ
1203 4660 1378 4731 χαρᾶς
1444 4649 1870 4726 συλλειϐόμενόν
1898 4672 1958 4708 τε

2061 3503 2117 3555 et
2141 3500 2368 3556 saevitia:
2409 3501 2665 3558 hominis
2697 3505 2862 3574 gnari
2897 3505 3139 3571 periculi
3173 3507 3356 3560 aciem
3392 3522 3462 3561 ne
3484 3521 3546 3562 se
3573 3507 3704 3577 qui-

2061 3590 2193 3646 dem
2225 3592 2541 3648 evituturos
2567 3595 2920 3650 metuebant.
2955 3599 3053 3650 Est
3106 3600 3166 3650 et
3211 3595 3320 3651 hoc
3379 3599 3704 3650 memoratu

2061 3680 2327 3752 dignum.
2361 3683 2608 3746 Quidam
2639 3683 2908 3739 homines
2939 3684 3095 3754 apud
3125 3684 3520 3740 Andronicum
3569 3699 3706 3755 gra-

2061 3767 2196 3825 ticsi
2227 3771 2501 3841 petebant
2532 3775 2595 3825 ut
2623 3787 3038 3842 suspensorum
3063 3787 3304 3842 corpora
3343 3771 3704 3826 tollerentur.

2063 3857 2120 3913 ls
2149 3875 2282 3914 vero
2311 3859 2382 3914 iis
2415 3859 2604 3914 verbis
2635 3876 2751 3914 non
2809 3860 3080 3924 oll‘ensus,
3113 3859 3338 3930 rogavit
3393 3876 3533 3915 num
3585 3860 3703 3931 pri-

2062 3948 2194 4002 dem
2228 3955 2423 4002 essent
2480 3948 2716 4002 mortui.
2779 3947 2886 4002 Ubi
2943 3964 3012 4003 ex
3069 3947 3442 4004 carnificibus
3483 3949 3706 4004 audivit

2065 4034 2247 4090 malos
2279 4034 2432 4090 male
2462 4035 2724 4106 periisse,
2756 4051 2820 4091 se
2841 4035 3033 4092 dolere
3049 4035 3226 4092 vicem
3263 4036 3500 4092 illorum
3536 4036 3700 4093 dixit.

2062 4126 2143 4180 Ac
2173 4122 2229 4178 id
2258 4121 2478 4178 dictum
2511 4122 2788 4196 lacrymis
2847 4130 3211 4196 prosecutus,
3249 4125 3467 4196 adjecit
3510 4125 3704 4196 legum

2064 4211 2429 4268 everitatem
2461 4217 2518 4267 et
2546 4213 2947 4270 auctoritatem
3009 4231 3117 4270 sua
3147 4214 3439 4270 voluntate
3484 4218 3541 4270 et
3570 4231 3702 4285 pro-

2066 4301 2253 4372 posito
2287 4300 2418 4371 plus
2438 4301 2648 4368 valere,
2679 4306 2738 4358 et
2779 4302 3050 4373 judicum
3109 4303 3433 4359 sententias
3478 4317 3583 4358 suo
3609 4304 3704 4373 ju-

2065 4389 2215 4445 dicio
2248 4389 2604 4460 prepollere.
2629 4389 2673 4445 Ο
2702 4389 2994 4462 lacrymas,
3027 4407 3154 4464 quae
3191 4395 3248 4446 et
3275 4390 3414 4447 olim
3449 4399 3503 4446 et
3533 4408 3568 4446 a
3597 4408 3704 4448 no-

2065 4478 2158 4534 bis
2190 4479 2248 4534 in
2284 4477 2466 4533 animi
2497 4494 2744 4534 mmrore
2788 4479 3213 4547 fundebamini,
3256 4495 3324 4535 ex
3354 4480 3526 4536 corde
3577 4488 3709 4536 tan-

2068 4584 2243 4639 quam
2274 4568 2463 4623 imber
2521 4584 2552 4624 e
2611 4568 2870 4624 nubibus
2926 4568 3328 4626 destillantesl
3367 4585 3402 4625 o
3430 4569 3710 4642 gravioris

2067 4657 2323 4714 tristitia:
2354 4656 2545 4729 signa,
2577 4662 2635 4714 et
2664 4673 2864 4714 eorum
2898 4675 3026 4730 quis
3072 4659 3237 4715 intus
3294 4666 3503 4731 urgent
3534 4675 3709 4730 argu-

290 4749 388 4805 καὶ
435 4747 866 4822 σταλαττόμενον
927 4746 1002 4810 ὡς
1058 4744 1110 4816 ἐξ
1167 4744 1380 4820 ἂμάρας
1437 4747 1546 4799 τῶν
1611 4740 1947 4848 ἐφθαλμῶν,

2067 4750 2265 4803 menta
2301 4746 2650 4815 certissima,
2691 4748 2956 4815 quamvis
3008 4747 3326 4820 aliquando
3373 4748 3549 4803 etiam
3592 4763 3708 4818 pra

289 4839 428 4914 παρ’
460 4835 798 4912 Ἀνδρονίκῳ
854 4834 911 4891 δὲ
989 4836 1066 4908 μή
1130 4835 1295 4890 ταὺτὸ
1359 4835 1558 4904 σθένον,
1601 4833 1730 4890 ἀλλ’
1759 4834 1940 4907 ἑτέραν

291 4927 459 5008 φύσιν
501 4926 676 5005 Λαχὸν
729 4925 822 4980 καὶ
871 4924 1257 5000 τεκμαίρεσθαι
1315 4924 1563 4998 παρέχον
1615 4920 1842 4998 ὄλεθρον
1902 4921 1954 4978 ἐν

293 5021 379 5088 τῷ
435 5015 823 5090 ἆμαρεύεσθαι,
881 5013 1054 5069 εἰπεῖν
1109 5009 1166 5068 δὲ
1207 5013 1292 5067 καὶ
1337 5012 1435 5081 τὴν
1493 5009 1619 5067 ὁδὸν
1670 5011 1958 5087 ἐπανοῖγον

292 5109 401 5171 τῆς
434 5101 488 5164 ἐς
518 5103 816 5177 Ἀχέροντα
847 5097 1254 5168 διαπλωίσεως,
1281 5098 1419 5154 ὅπου
1471 5099 1534 5154 τὸ
1566 5100 1774 5174 Στυγὸς
1811 5097 1956 5175 ὕδωρ

296 5193 366 5247 τὸ
419 5192 647 5267 κρυερὸν
707 5190 836 5245 ὡσεὶ
894 5189 984 5244 καὶ
1057 5185 1327 5266 φρικῶδες
1397 5187 1500 5242 κάκ
1559 5189 1729 5262 μόνης
1784 5187 1957 5256 ἀκοῆς

296 5280 701 5357 ἀποτρόπαιον.
759 5281 826 5335 ’Ὠ
881 5280 1067 5334 πόσων
1122 5273 1344 5340 ἔσϐεσας
1408 5278 1596 5352 κόρας,
1629 5276 1958 5350 θερμότερον

297 5370 571 5445 προχεθέν
612 5371 624 5426 l
659 5367 704 5424 ὥ
750 5369 953 5430 πόσους
1014 5367 1089 5428 εἰς
1147 5364 1279 5438 ᾅδου
1335 5363 1640 5440 παρέσυρας
1696 5364 1958 5439 πέταυρον

299 5453 514 5534 λάϐρον
573 5455 872 5534 ἐπιῤῥυένί
933 5453 978 5510 ὥ
1035 5453 1237 5517 πόσους
1293 5453 1676 5514 κατέκλυσαςί
1729 5448 1773 5505 ὣ
1810 5451 1960 5515 οἳους

298 5545 504 5623 ἄνδρας
535 5546 611 5609 είς
668 5541 877 5619 τύμϐον
934 5543 1296 5620 παρέπεμψας
1348 5542 1424 5605 είς
1479 5541 1545 5598 τά
1609 5539 1806 5597 ὕστατα
1877 5541 1962 5596 νίο

296 5655 448 5710 παρα
476 5633 834 5712 παραληφθὲν
865 5634 900 5704 ἢ
933 5633 1009 5695 ὠς
1047 5633 1160 5708 χρὴ
1214 5629 1499 5705 ἐπιτάφιος
1559 5629 1648 5684 καὶ
1682 5624 1848 5700 λοιϐή
1880 5649 1962 5692 τις

624 5754 888 5817 ΡΑτιιοῐ..
937 5753 1047 5814 Gn.
1095 5749 1409 5813 CXXXIX.

2056 4835 2268 4910 gaudio
2299 4851 2366 4891 ex
2397 4835 2582 4891 oculis
2608 4835 2786 4891 veluti
2837 4840 3012 4907 guttae
3059 4837 3424 4893 exuberetis!
3478 4836 3588 4892 alia
3619 4851 3708 4891 vc-

2055 4930 2178 4982 atra
2207 4929 2420 4981 natura
2449 4931 2537 4982 est
2594 4926 2746 4997 apud
2803 4925 3242 4982 Andronicum:
3293 4921 3707 4980 internecionis

2055 5015 2197 5072 estis
2228 5014 2590 5088 praenuntias,
2618 5019 2675 5070 et
2706 5014 2763 5069 in
2789 5014 3172 5070 Acherontem
3202 5017 3262 5069 et
3307 5011 3564 5083 Stygiam
3604 5025 3704 5080 pa-

2056 5102 2252 5159 ludem
2283 5103 2440 5158 884
2465 5101 2551 5158 vel
2583 5102 2712 5173 ipso
2762 5101 3002 5158 nomine
3049 5099 3459 5157 detestabilem
3507 5098 3708 5152 dema-

2059 5190 2232 5246 natis.
2264 5189 2307 5253 Ο
2338 5205 2516 5260 quam
2552 5189 2867 5244 multorum
2901 5187 3154 5260 pupillas
3203 5191 3456 5243 vestrum
3501 5184 3713 5257 proflu-

2057 5279 2217 5333 vium
2249 5278 2525 5334 exstinxlt
2559 5277 2572 5332 ι
2606 5293 2638 5332 ο
2665 5293 2842 5346 quam
2879 5275 3101 5347 multps
3138 5277 3198 5330 in
3257 5278 3468 5331 Orcum
3511 5273 3712 5346 adegio

2060 5365 2207 5422 stisl
2241 5382 2274 5421 ο
2303 5370 2446 5434 quot
2477 5363 2844 5420 demersistis
2871 5363 2884 5418 l
2922 5380 2956 5420 ο
2987 5362 3189 5434 quales
3218 5363 3373 5418 viros
3419 5363 3476 5418 in
3518 5363 3714 5434 sepul-

2060 5469 2227 5510 crum
2258 5451 2594 5522 conjecistis
2641 5456 2700 5508 et
2748 5450 2954 5508 ultimo
3007 5451 3234 5508 lavacro
3265 5449 3558 5518 abluistis,
3591 5454 3716 5506 tan-

2063 5557 2240 5614 quam
2271 5539 2490 5595 int‘erie
2522 5539 2721 5597 etl‘usze
2757 5541 2769 5596 l

2061 5628 2252 5698 λοίσθη
2284 5627 2574 5684 ὲκκενωθέν

3321 5747 3392 5808 21
