4112 6218
471 364 581 426 651

1790 363 2096 426 ΝΙΟΕΤᾸΞ
2137 363 2550 428 GHONIAT/E

3755 372 3874 434 652

538 506 622 560 Ad
681 504 834 558 hunc
892 501 1130 557 modum
1190 497 1536 553 Macroduca
1595 497 1974 555 Constantino
2061 513 2085 555 e

2195 558 2199 566 _
2301 501 2400 557 Καὶ
2436 497 2543 555 ὧδε
2599 501 2694 574 μὲν
2747 499 2797 570 ἐξ
2855 499 3148 575 ἀνθρώπιον
3210 495 3360 556 ἔθετο
3411 500 3504 556 τὸν
3561 502 3878 578 Μακροδοό-

471 600 628 648 Duca
660 590 990 647 Andronico
1021 606 1052 643 e
1083 587 1275 643 medio
1321 586 1590 658 sublatis,
1624 588 2121 659 quemadmodum

467 680 832 738 remunerari
866 679 1186 734 amicorum
1219 676 1683 732 benevolentiam
1744 675 1956 732 soleret
2003 685 2122 733 An-

464 771 740 826 dronicus
770 770 1094 824 constabat.
1156 767 1279 822 Non
1335 766 1510 822 multo
1569 771 1702 837 post
1754 767 1869 824 duo
1910 767 2122 823 fratres

466 860 842 915 Sebastianos
893 859 954 913 in
1015 856 1198 912 altero
1249 857 1381 911 freti
1438 855 1652 924 littore,
1679 857 1835 926 quod
1885 856 2122 912 Perama

467 950 703 1013 dicitur,
735 946 1063 1019 suspendit,
1097 947 1249 1017 quod
1285 944 1504 1002 scilicet
1531 945 1661 1000 vita:
1685 946 1814 1016 ejus
1853 944 2119 1001 insidiati

469 1044 686 1096 essent.

538 1222 592 1274 7.
629 1220 971 1290 Huiusmodi
1005 1223 1180 1290 atque
1237 1217 1369 1273 aliis
1426 1217 1809 1273 deterioribus
1855 1217 2030 1274 rebus
2060 1220 2117 1273 et

462 1310 768 1382 suppliciis
802 1310 1170 1364 Andronicus
1195 1307 1443 1362 subinde
1467 1308 1884 1378 occupabatur.
1910 1307 1982 1364 At
2014 1308 2116 1365 Co-

465 1415 711 1456 mnenus
743 1399 997 1467 Alexius,
1059 1396 1346 1452 Manuelis
1404 1395 1776 1467 imperatoris
1829 1412 1894 1452 ex
1939 1399 2113 1455 fratre

461 1505 638 1559 nepos
671 1493 726 1542 et
787 1487 1110 1558 pocillator,
1171 1486 1242 1540 ab
1304 1484 1635 1540 Andronico
1693 1487 1749 1541 in
1811 1486 2108 1558 Scythiam

455 1577 748 1646 relegatus
782 1581 956 1647 atque
988 1576 1123 1630 inde
1172 1575 1480 1646 profugus,
1535 1575 1807 1631 draconis
1863 1575 2110 1633 volantis

453 1666 642 1720 instar
674 1664 731 1719 in
763 1663 1019 1719 Siciliam
1081 1672 1404 1734 pervectus,
1460 1663 1728 1719 Gilielmo
1785 1664 1994 1721 insula
2027 1671 2110 1739 ty—

456 1770 640 1808 ranno
665 1753 798 1825 quis
827 1758 982 1808 esset
1010 1753 1277 1823 aperuit;
1311 1759 1489 1823 atque
1548 1770 1664 1808 una
1714 1770 1847 1809 eum
1880 1754 2006 1825 ipso
2037 1771 2106 1812 ex

2229 608 2325 643 καν
2410 595 2805 644 Κωνσταντῖνον
2859 590 2950 644 καὶ
3036 591 3129 645 τὸν
3222 590 3428 646 Δο·5καν
3513 589 3876 664 Ἀνδρόνικον,

2273 676 2286 696 9
2344 676 2358 694 ς
2552 678 2566 696 ι
2782 679 2810 696 ν
2975 680 2986 701 ς
3153 678 3164 696 ι
3410 675 3463 698 ,Α

2227 697 2362 732 καπι
2417 698 2691 739 τοιουτοις
2749 699 2904 734 ουτοι
2989 675 3318 751 Ανδρονικον
3385 693 3596 735 εεοοσαν
3665 681 3878 755 ἀντιμε-

2224 765 2455 841 τροῢντά
2487 787 2633 844 σφισι
2665 768 2764 835 τῆς
2814 766 3024 828 εὐνοίας
3079 766 3148 822 τὰ
3211 765 3581 845 όφειλήματα’
3637 770 3758 842 μετ’
3815 772 3873 826 οὗ

2225 854 2370 911 πολὺ
2433 853 2492 910 δὲ
2540 857 2630 912 καὶ
2687 856 2816 918 τοὺς
2874 852 3294 919 Σεϐαστειανοὺς
3353 856 3686 931 ὁμαίμονας,
3753 856 3879 916 δυά-

2229 949 2416 1014 ζοντας
2448 945 2538 1000 τὸν
2599 946 2850 1019 ἀριθμὸν,
2911 944 2965 1008 ὶς
3023 947 3122 1015 τήν
3178 946 3466 1021 ἀντιπέραν
3523 946 3731 1020 ἀναρτᾷ
3787 947 3878 1006 τοῦ

2223 1040 2477 1110 πορθμοῦ
2507 1037 2566 1098 ὃς
2596 1038 2951 1108 κικλήσκεται
3012 1037 3259 1114 Πέραμα,
3319 1036 3408 1094 διὰ
3463 1039 3526 1095 τὸ
3561 1036 3726 1109 δῆθεν
3765 1039 3879 1097 ἑπι-

2223 1119 2504 1179 6ουλεύειν
2538 1125 2707 1180 αὐτοῦ
2735 1129 2804 1199 τῇ
2850 1129 2987 1201 ζωῇ.

2295 1214 2358 1281 ζ’.
2393 1211 2549 1269 Ἀλλ’
2581 1212 2632 1267 ἐν
2659 1215 2934 1279 τοιούτοις
2967 1217 3066 1288 μὶν
3116 1217 3204 1270 καὶ
3239 1215 3655 1291 παραπλησίοις
3686 1216 3882 1281 ἄλλοις

2219 1300 2310 1354 καὶ
2367 1300 2612 1376 χείροσιν
2673 1304 2755 1376 [Ρ.
2820 1306 2943 1376 191]
2997 1303 3098 1360 οὐκ
3155 1301 3371 1380 ὀλίγοις
3429 1304 3512 1360 ἀεὶ
3571 1304 3877 1380 ἐνηυκαίρει

2219 1386 2584 1464 Ἀνδρόνικος*
2657 1392 2686 1445 ὁ
2743 1389 2790 1446 δ’
2850 1391 2910 1447 ἆκ
2965 1394 3272 1465 Κομνηνῶν
3351 1392 3617 1463 Ἀλέειος,
3676 1395 3741 1459 ὃς
3793 1395 3876 1451 ἐπὶ

2213 1481 2312 1532 τοῦ
2342 1478 2680 1553 κεράσματος
2705 1479 2953 1536 ἰτὲτακτο
2983 1485 3064 1554 τῷ
3122 1481 3339 1556 βασιλεῖ
3367 1481 3637 1552 Μανουῆλ
3677 1481 3744 1539 ἑκ
3779 1491 3876 1554 τῆς

2217 1565 2381 1621 αὐτοῦ
2441 1567 2656 1646 φύτλης
2715 1568 3075 1645 γεγενημένος
3143 1573 3228 1643 (Ἐκ
3309 1571 3412 1646 γὰο
3469 1569 3876 1650 ἀδελφόπαιδος

2219 1655 2641 1730 προελήλυθεν),
2705 1659 2994 1734 ὑπερορίαν
3049 1659 3104 1721 ἐς
3135 1659 3262 1722 τοὺς
3295 1659 3508 1722 Σκύθας
3537 1659 3877 1737 Ἀνδρονίκῳ

2219 1747 2564 1816 κατακριθεὶς
2621 1746 2867 1802 κάκεῖθεν
2931 1748 3104 1825 φυγὰς
3157 1747 3469 1823 γενόμενος,
3525 1748 3672 1806 ε’ἶποι
3705 1751 3769 1804 ἂν
3797 1771 3878 1812 τις

459 1842 787 1914 Philippica
824 1842 1119 1913 provincia
1177 1842 1463 1897 oriundus
1522 1841 1831 1910 Maleinus,
1866 1843 1952 1898 vir
1996 1862 2085 1901 net

2221 1829 2343 1912 ὄφις
2370 1835 2668 1908 πετόμενος
2702 1836 2778 1897 εἰς
2808 1836 3066 1892 Σικελίαν
3106 1837 3389 1910 κατελυσε,
3422 1839 3514 1894 καὶ
3565 1843 3646 1911 τῷ
3675 1840 3880 1911 ταύτης

462 1931 676 1987 illustri
710 1931 861 1986 885
894 1946 1124 2001 genere,
1187 1947 1301 1985 non
1356 1929 1667 2002 splendida
1707 1931 1960 1999 fortuna,
1989 1950 2085 1990 nor

2215 1925 2586 1997 τυραννεύοντι
2633 1925 2922 2001 Γιλιελμῳ
2978 1927 3057 1990 εἰς
3113 1925 3240 2002 ὄψιν
3306 1927 3505 1994 ἐλθὼν,
3554 1929 3645 1984 καὶ
3689 1929 3878 1986 ἑαυτὸν

460 2021 635 2075 rebus
666 2020 845 2090 gestis
873 2018 1087 2074 clarus.
1140 2018 1206 2073 Hi
1249 2034 1422 2090 quam
1475 2018 1653 2074 bilem
1694 2021 1862 2076 ambo
1902 2027 2109 2080 contra

461 2109 857 2165 Andronicum
892 2115 1228 2180 conceptam
1269 2108 1444 2180 longo
1498 2113 1759 2181 tempore
1817 2114 2106 2183 parturie-

458 2205 609 2267 rant,
640 2199 788 2254 alter
817 2199 1061 2254 fortasse
1093 2215 1206 2254 non
1265 2200 1392 2254 sine
1448 2215 1646 2267 causa,
1680 2200 1830 2256 alter
1869 2218 2006 2259 vero
2045 2203 2104 2260 in

461 2288 740 2344 Comneni
788 2288 1052 2360 gratiam,
1111 2292 1166 2344 et
1231 2293 1294 2342 ut
1347 2287 1542 2359 aliquo
1599 2289 1835 2344 nomine
1893 2292 2105 2363 dignus

459 2378 755 2433 videretur
782 2377 1164 2448 iisaquibus
1222 2377 1620 2449 ignorabatur,
1679 2395 1807 2433 eam
1865 2382 2100 2437 tandem

458 2475 662 2522 contra
683 2465 930 2538 patriam
965 2472 1339 2538 pepererunt,
1370 2465 1472 2521 illa
1495 2483 1608 2522 non
1643 2467 1698 2520 in
1725 2483 1924 2523 aurem
1951 2471 2102 2542 regis

454 2554 653 2624 locuti,
686 2556 785 2610 sed
809 2555 1026 2626 palam,
1057 2554 1258 2609 multis
1285 2555 1684 2622 audientibus,
1721 2557 1835 2611 fere
1872 2557 2101 2629 plantas

450 2644 579 2714 ejus
604 2643 1004 2700 demulcentes
1028 2647 1082 2698 et
1102 2643 1323 2716 linguis
1344 2643 1471 2699 suis
1499 2644 1706 2699 canino
1754 2661 1913 2702 more
1961 2648 2098 2703 deo-

449 2735 886 2802 sculantes,non
923 2750 1055 2806 qua
1084 2734 1415 2792 Andronico
1470 2735 1731 2790 nocitura
1780 2742 1966 2806 erant,
1998 2738 2098 2793 sed

448 2843 552 2898 per
581 2844 708 2899 quae
752 2831 1063 2898 tyrannum
1096 2824 1354 2880 Siculum
1416 2827 1487 2882 ad
1540 2826 1929 2884 Romanarum
1964 2845 2099 2900 pro-

445 2917 769 2971 vinciarum
793 2915 1176 2971 vastationem
1209 2920 1492 2985 tanquam
1549 2917 1619 2970 ad
1654 2926 1914 2987 paratam
1949 2935 2096 2990 prae-

450 3005 579 3060 dum
606 3005 988 3059 concitarent.
1022 3007 1076 3059 Is
1103 3020 1236 3059 vero
1269 3004 1338 3058 iis
1370 3004 1561 3060 verbis
1582 3004 1879 3074 incitatus,
1910 3021 2094 3077 eoque

450 3093 641 3163 magis
699 3094 851 3163 quod
913 3108 1044 3146 cum
1104 3091 1477 3163 popularium
1535 3108 1775 3147 suorum
1833 3095 2094 3149 oratione

449 3182 863 3247 consentirent,
898 3181 993 3252 qui
1027 3197 1155 3236 cum
1190 3180 1326 3235 olim
1381 3180 1435 3234 in
1483 3180 1609 3234 aula
1657 3180 1956 3250 Cpolitana
1987 3183 2091 3238 sti-

449 3271 660 3344 pendia
686 3275 995 3337 mererent,
1028 3274 1145 3324 tum
1195 3269 1498 3324 Andronici
1548 3275 1705 3324 metu
1737 3274 1794 3324 et
1824 3269 2086 3340 neglectu

444 3362 555 3427 sui,
589 3359 687 3414 alii
734 3360 846 3415 alio
904 3357 1178 3431 dispersi,
1237 3360 1436 3414 eadem
1487 3373 1636 3428 saepe
1693 3357 1975 3426 dixerant,
2036 3363 2093 3415 et

446 3450 640 3520 copias
672 3465 818 3520 quas
851 3449 1102 3504 habebat
1123 3446 1329 3518 coegit,
1363 3451 1420 3501 et.
1466 3447 1696 3518 magnis
1751 3449 2086 3520 stipendiis,

444 3537 765 3608 majoribus
789 3535 1098 3608 promissis
1146 3539 1264 3590 tam
1319 3535 1676 3606 pedestrium
1704 3551 1879 3606 quam
1911 3551 2087 3608 eque-

440 3628 651 3682 strium
683 3626 1032 3682 auxiliorum
1065 3624 1254 3680 multa
1300 3622 1485 3680 millia
1531 3624 1757 3680 accivit.
1819 3625 2084 3681 Peditatu

439 3715 820 3788 Dyrrachium
857 3715 1094 3784 traiecto
1129 3713 1332 3768 urbem
1392 3713 1582 3783 primo
1640 3712 1862 3783 impetu
1906 3715 2080 3786 capit.

437 3806 753 3864 Navalibus
777 3806 961 3877 copiis
1001 3807 1157 3859 recta
1208 3802 1267 3857 in
1327 3801 1903 3860 Thessalonicensem
1949 3821 2079 3876 por-

435 3901 560 3952 tum
595 3894 1166 3964 delatisinterjeetas
1198 3893 1351 3948 386
1408 3893 1677 3962 regiunes
1728 3893 1785 3947 in
1841 3893 2078 3950 deditio-

433 4001 563 4042 nem
587 3984 828 4056 accepit,
861 3981 1343 4037 Thessalonicam
1376 3997 1509 4036 vero
1543 3980 1824 4037 illustrem
1874 3984 2075 4039 urbem

433 4081 586 4131 terra
617 4073 879 4144 marique
915 4072 1213 4127 obsessam
1240 4086 1447 4126 corona
1475 4070 1646 4141 cepit,
1677 4087 1743 4127 ac
1778 4079 1907 4143 post
1952 4073 2076 4129 dies

427 4163 650 4235 aliquot
679 4160 1005 4218 obsidionis
1064 4160 1384 4216 exercitum
1441 4158 1782 4228 introduxit,
1814 4177 1880 4217 eo
1936 4177 2074 4218 sue-

428 4271 592 4309 cessu
617 4270 730 4310 non
756 4257 876 4309 tam
901 4253 974 4308 ob
994 4251 1369 4307 defensorum
1394 4248 1766 4306 timiditatem
1799 4254 1855 4305 et
1884 4249 2072 4322 impe-

423 4343 617 4397 ritiam
650 4344 731 4400 rei
775 4341 1047 4398 militaris
1103 4357 1278 4413 quam
1337 4339 1410 4395 ob
1470 4337 1708 4396 Davidis
1767 4338 2068 4407 Comneni,

420 4431 670 4498 przefeeti
705 4431 890 4498 urbis,
923 4431 1221 4501 ignaviam
1254 4445 1421 4485 usus.
1455 4428 1563 4492 Qui
1594 4443 1728 4483 cum
1763 4427 2072 4483 Thessalo-

418 4515 757 4573 nicensibus
781 4517 926 4571 nihil
959 4518 1373 4586 commodaret,
1433 4517 1534 4572 sed
1596 4515 1906 4572 metuendo
1939 4520 2058 4571 An-

415 4602 654 4658 dronico
714 4607 772 4658 et
830 4605 1166 4660 crudelibus
1232 4583 1366 4674 ejus
1442 4603 1716 4659 manibus
1787 4583 2134 4660 eavendisD

413 4691 930 4762 ingeniosissimus
959 4697 1136 4759 esset,
1169 4698 1272 4748 aut
1301 4692 1515 4747 ﬂuctus
1549 4692 1808 4749 marinos
1839 4694 2057 4758 subire,

411 4784 513 4836 aut
541 4784 612 4836 de
642 4779 890 4836 summis
922 4779 1166 4850 rupibus
1195 4795 1254 4835 se
1287 4779 1640 4850 pracipitem
1663 4780 1823 4849 dare,
1855 4785 1958 4838 aut
1997 4779 2055 4838 in

409 4871 708 4927 montibus
739 4875 796 4926 et
830 4867 1126 4939 speluncis
1185 4867 1420 4934 abdere,
1489 4876 1588 4924 aut
1635 4868 1861 4940 fugitivi
1897 4868 2056 4927 illius

404 4959 699 5033 prephetm
752 4957 1019 5030 exemplo
1085 4974 1120 5013 a
1178 4959 1303 5013 ceto
1386 4955 1660 5028 deglutiri
1736 4956 2052 5014 debuisset.

404 5052 615 5109 Verum
652 5051 746 5108 ille
781 5051 987 5107 horum
1021 5048 1166 5105 nihil
1222 5047 1378 5118 fecit,
1410 5048 1513 5104 sed
1563 5047 1716 5106 malo
1742 5047 2052 5107 Thessalo-

401 5141 728 5199 nicensium
764 5140 880 5196 fato
915 5138 1075 5195 urbis
1107 5139 1511 5211 praefecturam
1570 5153 1769 5208 parum
1809 5136 2050 5196 honeste

399 5231 756 5303 adeptus,vir
785 5229 1030 5287 muliere
1057 5229 1394 5300 corruptior
1423 5233 1482 5286 et
1533 5227 1718 5286 cervis
1766 5227 2047 5299 timidior,

394 5324 618 5378 tantum
654 5339 766 5378 non
801 5336 899 5378 eos
929 5337 964 5377 a
993 5319 1210 5392 quibus
1241 5323 1299 5374 et
1328 5318 1454 5390 ipse
1474 5319 1698 5375 eturbs
1743 5324 2049 5391 caperetur

393 5410 562 5480 longe
593 5411 787 5466 adhuc
819 5415 1074 5466 remotos
1105 5408 1401 5464 accersivit
1432 5423 1447 5463 :
1490 5412 1664 5478 atque
1711 5407 1769 5463 in
1820 5408 1878 5462 id
1909 5425 2048 5479 ope-

390 5513 513 5550 rum
547 5497 701 5552 ultro
735 5499 912 5564 dedit,
939 5503 1006 5552 ut
1048 5498 1107 5552 in
1163 5513 1364 5553 eorum
1426 5513 1636 5555 manus
1695 5497 2041 5568 perveniret.

387 5582 532 5639 Nam
568 5601 701 5639 cum
732 5587 1112 5657 pugnandum
1147 5594 1300 5642 esset
1331 5592 1386 5644 et
1416 5587 1609 5643 omnis
1633 5586 2042 5658 generisarma

383 5681 441 5734 et
474 5674 756 5733 machina!
812 5679 1014 5731 contra
1074 5677 1279 5733 urbem
1321 5679 1751 5749 expedirentur,
1811 5694 1874 5734 se
1930 5694 2036 5750 pro

2218 2012 2366 2076 ὅστις
2399 2013 2484 2084 εἷ’-η
2518 2022 2795 2090 καταφανῆ
2830 2016 3079 2090 θέμενος,
3139 2017 3231 2072 σὺν
3291 2018 3440 2090 αὖτῷ
3499 2015 3557 2073 δὲ
3605 2019 3698 2074 καὶ
3731 2021 3760 2074 ὁ
3825 2018 3880 2076 ἐκ

2215 2108 2315 2171 τῆς
2349 2103 2634 2158 Φιλίππου
2691 2104 2961 2180 ίπαρχίας
3019 2107 3344 2181 ὁρμώμενος
3385 2107 3682 2174 Μαλεῖνοςν
3733 2109 3875 2184 ἀνὴρ

2215 2190 2277 2245 οὐ
2306 2192 2370 2246 τὸ
2397 2189 2550 2266 γένος
2608 2193 2900 2268 ἐπίσημος,
2955 2196 3018 2250 οὐ
3075 2198 3174 2266 τήν
3232 2195 3409 2272 τύχην
3465 2195 3745 2273 λαμπρὸς,
3812 2199 3874 2254 οὗ

2211 2283 2492 2356 γνώριμος
2520 2283 2582 2337 τὸ
2613 2281 2972 2358 ἐπιτήδευμα,
3023 2283 3081 2339 δν
3139 2281 3436 2342 συνέλαϐον
3493 2285 3661 2364 ἄμφω
3693 2286 3875 2365 χόλον

2211 2370 2298 2424 καὶ
2333 2368 2528 2426 ὢδινον
2559 2371 2648 2427 ἐπὶ
2678 2370 2940 2429 πλεῖστον
2970 2375 3087 2430 κατ’
3145 2372 3513 2449 Ἀνδρονίκου,
3547 2377 3576 2431 ὁ
3627 2376 3724 2449 μὲν
3783 2378 3870 2434 καὶ

2213 2455 2436 2523 δικαίως
2466 2460 2604 2523 ’ἰσως
2635 2461 2974 2538 ἐπεγκαλῶν,
3007 2465 3036 2518 ὁ
3068 2461 3124 2520 δὲ
3149 2462 3420 2527 Μαλεῖνος
3461 2469 3541 2538 τῷ
3587 2470 3876 2539 xoptqu

2210 2550 2575 2624 χαριζόμενος
2602 2551 2693 2606 καὶ
2727 2551 2910 2609 δοκεῖν
2965 2573 3048 2615 τις
3101 2554 3234 2610 εἶναι
3291 2559 3399 2611 τῶν
3453 2552 3640 2618 αἰδοῦς
3709 2556 3875 2626 ἀξίων

2207 2639 2354 2714 παρᾶ
2382 2646 2496 2703 τοῖς
2529 2640 2632 2697 οὐκ
2690 2639 2862 2698 εἰδόσι
2915 2646 3462 2720 πραγματευόμενος,
3505 2650 3702 2703 τοῦτον
3731 2649 3875 2704 κατὰ

2203 2731 2304 2796 τῆς
2371 2728 2630 2805 πατρίδος
2691 2732 2970 2803 ἀπέτεκον,
3030 2733 3208 2789 ἐκεῖνα
3289 2736 3364 2808 μὴ
3422 2736 3560 2809 πρὸς
3617 2737 3714 2791 οὗν
3780 2743 3876 2793 τοῦ

2207 2818 2401 2892 ῥηγὸς,
2461 2818 2589 2874 ἀλλ’
2647 2819 2734 2876 ἐπὶ
2785 2820 3014 2878 πολλων
3045 2821 3478 2899 εὐπαρακλήτως
3519 2822 3872 2896 λαλήσαντες

2206 2904 2260 2960 ἐν
2292 2911 2372 2979 τῷ
2409 2913 2608 2982 μικροῦ
2638 2913 2746 2965 τῶν
2779 2909 2986 2966 ἐκείνου
3043 2910 3229 2968 ποδῶν
3287 2915 3353 2968 τὰ
3410 2911 3670 2987 πέλματα
3697 2936 3872 2973 κατα·

2204 2997 2305 3067 ψᾷν
2335 2995 2423 3050 καὶ
2465 2997 2698 3070 κυνὴδὸν
2757 3005 2873 3062 ταῖς
2933 3001 3134 3056 ἑαυτῶν
3190 3000 3467 3077 γλώτταις
3513 3002 3871 3083 περιλιχμά-

2204 3088 2334 3152 ζειν,
2369 3086 2481 3160 οὐχ
2525 3086 2680 3150 ὅσοις
2731 3093 2912 3151 κακῶς
2968 3092 3157 3145 παθεῖν
3195 3089 3542 3166 ’Δνδρόνικος
3600 3087 3860 3167 ἔμελλεν,

2199 3170 2328 3227 ἀλλ’
2360 3177 2444 3236 οἷς
2497 3175 2572 3239 ὡς
2623 3175 2709 3232 ἐπὶ
2763 3178 2984 3252 θήραμα
3038 3179 3337 3254 πρόχειρον
3363 3181 3461 3248 τὴν
3492 3181 3703 3237 ἅλωσιν
3744 3188 3858 3238 τῶν

2201 3267 2525 3335 Ῥωμαῖκῶν
2583 3271 2784 3340 χωρῶν
2828 3264 3140 3341 διερεθίσειν
3199 3269 3352 3345 εἶχὸν
3409 3271 3501 3325 τὸν
3560 3275 3672 3327 τῶν
3703 3279 3862 3330 Σικε-

2199 3346 2310 3405 λῶν
2339 3353 2703 3422 τύραννον.Ὁ
2763 3351 2820 3411 δὲ
2874 3361 2990 3417 τοῖς
3046 3356 3256 3414 τούτων
3317 3357 3507 3434 λόγοις
3560 3360 3856 3439 ἀναρριπιο

2197 3437 2363 3510 σθεῖς,
2394 3441 2484 3496 καὶ
2515 3439 2704 3506 ἄλλως
2772 3439 2916 3520 ἔχων
2970 3445 3252 3526 ἀναφέρειν
3304 3447 3372 3503 τὰ
3429 3437 3737 3523 ἐπᾳδόμενα
3801 3452 3855 3513 ἐς

2193 3529 2255 3582 τὸ
2325 3527 2614 3605 σῦμφωνόν
2671 3552 2731 3588 τε
2785 3533 2876 3589 καὶ
2932 3533 3335 3611 ταυτοδύναμον
3394 3540 3478 3602 οἷς
3532 3540 3624 3594 καὶ
3702 3543 3858 3619 παρὰ

2191 3622 2528 3692 ταυτογενῶν
2616 3618 2803 3693 ἐκείνῳ
2919 3624 3159 3678 Λατίνων
3241 3623 3513 3686 πολλάκις
3570 3618 3852 3699 ἀκήκοε,

2189 3703 2361 3760 πάλαι
2413 3707 2508 3780 μὲν
2569 3707 2656 3763 ἐπὶ
2719 3714 2900 3783 μισθῷ
2957 3713 3222 3768 συνόντων
3250 3714 3546 3788 Ῥωμαίοις
3604 3716 3694 3774 καὶ
3753 3720 3857 3787 τήν

2187 3793 2656 3872 αὐτὸκρατορικήν
2726 3795 3086 3874 ἐκτριϐόντων
3126 3799 3372 3876 αὔλειον,
3429 3805 3555 3860 τότε
3613 3803 3670 3861 δὲ
3732 3806 3854 3862 δια-

2187 3885 2491 3958 σπαρέντων
2580 3887 2766 3944 ἅλλων
2836 3889 3039 3947 ἄλλοσε
3132 3889 3221 3949 διὰ
3274 3897 3363 3950 τὸν
3457 3896 3597 3971 παρὰ
3655 3899 3845 3975 σφίσιν

2183 3973 2491 4048 ἀτεράμονα
2574 3983 2663 4033 καί
2747 3980 3004 4055 ἄτεγκτον
3097 3981 3442 4058 ’Δνδρόνικον
3502 3987 3590 4041 καὶ
3642 3973 3706 4042 τὸ
3787 3987 3846 4059 ἐξ

2181 4062 2345 4118 αὐτοῦ
2377 4063 2594 4138 ἀκηδὶς,
2651 4070 2747 4132 τάς
2812 4091 2870 4126 τε
2930 4069 3092 4134 οὔσας
3144 4070 3452 4148 πολεμικὰς
3493 4072 3746 4150 δυνάμεις
3787 4076 3846 4142 ἐς

2177 4151 2240 4241 τὸ
2273 4151 2554 4228 ἐπικρατὲς
2586 4152 2878 4229 διατίθησι,
2937 4160 3028 4217 καὶ
3081 4161 3144 4217 τὸ
3204 4161 3548 4241 ξενολογικὸν
3603 4165 3666 4222 ἐκ
3693 4166 3844 4223 πολ-

2181 4239 2291 4296 λῶν
2325 4242 2568 4300 ὁπλιτῶν
2620 4245 2915 4323 ἀποκρίνας
2970 4250 3062 4306 καὶ
3120 4249 3308 4327 ἀδροῖς
3366 4239 3567 4330 ὶπάρας
3630 4259 3842 4329 μισθώ-

2180 4351 2313 4420 μασι
2351 4332 2463 4420 ,καὶ
2525 4336 2737 4407 μείζοσι
2807 4341 3050 4412 φυσήσας
3107 4346 3227 4405 τοῖς
3314 4342 3725 4420 ἐπαγγέλμασιν
3787 4347 3845 4410 ἐς

2177 4417 2438 4498 χιλιάδας
2469 4423 2568 4493 τὴν
2598 4423 2769 4482 ’ίππον
2807 4432 3157 4504 καταριθμεῖ.
3219 4431 3322 4488 Καὶ
3378 4417 3480 4503 τήν
3537 4417 3633 4507 μὶν
3664 4438 3839 4508 πεζὴν

2177 4509 2425 4596 στρατιάν
2515 4511 2569 4576 ἐς
2651 4512 2982 4590 Ἐπίδαμνον
3069 4513 3387 4583 διαϐιϐάσας
3470 4524 3563 4577 καὶ
3633 4523 3844 4596 ταύτην

2166 4594 2419 4655 αὐτοϐοεὶ
2457 4603 2894 4677 κατασχὼν,τήν
2957 4603 3016 4663 δὲ
3062 4610 3321 4680 ναυτικήν
3381 4607 3611 4688 δύναμιν
3672 4594 3841 4678 εὐθυς

2168 4685 2491 4759 πλοήσασαν
2541 4691 2691 4767 σχὼν
2753 4691 2805 4755 ἐς
2861 4695 2930 4751 τὰ
2983 4702 3084 4768 τῆς
3151 4685 3548 4771 Θεσσαλονίκης
3596 4699 3834 4775 ἐπίνεια,

2165 4777 2260 4838 τὰς
2297 4775 2347 4832 ὲν
2378 4781 2456 4850 τῷ
2488 4779 2683 4853 μεταξὺ
2745 4783 2931 4856 χώρας
2987 4783 3266 4862 ὁμολογίᾳ
3331 4787 3492 4863 αἱρεῖ.
3531 4791 3702 4861 Ὁμοῦ
3762 4787 3829 4846 δὲ

2164 4869 2273 4919 τῶν
2315 4867 2728 4941 στρατευμάτων
2784 4871 2921 4926 κατά
2974 4893 3033 4927 τε
3087 4880 3188 4948 γῆν
3251 4877 3389 4932 κατὰ
3431 4897 3490 4934 τε
3545 4875 3824 4941 θάλατταν

2162 4955 2262 5024 τήν
2298 4951 2556 5030 λαμπρὰν
2625 4955 2676 5012 ἐν
2745 4959 2939 5016 πόλεσι
2996 4961 3398 5037 Θεσσαλονίκην
3435 4961 3825 5024 διαλαϐόντων

2165 5041 2329 5132 μίτρᾳ
2357 5043 2551 5132 ’ξΔρεος
2582 5045 2671 5100 καὶ
2719 5043 3120 5122 διαζωσάντων,
3183 5050 3327 5109 ἑάλω
3386 5055 3525 5128 αὕτη
3582 5065 3825 5132 πολιορ-

2293 5131 2404 5221 καὶ-
2443 5130 2571 5188 ε’ίσω
2633 5136 2750 5208 μεθ’
2805 5137 3016 5215 ἡμέρας
3091 5139 3312 5220 δέχεται
3396 5143 3460 5198 τὸ
3514 5130 3821 5221 πολέμιον,

2159 5217 2350 5277 οὔκουν
2387 5218 2564 5278 διὰτὸ
2605 5228 2712 5279 τῶν
2771 5223 2920 5284 ἔνδον
2974 5217 3332 5304 ἀμυνομένων
3376 5217 3702 5308 ἀπάλαμνόν
3757 5257 3824 5293 τε

2159 5309 2249 5369 καὶ
2281 5309 2687 5401 ἀπειρόμαχον,
2716 5315 2815 5385 τήν
2849 5313 2908 5372 δὲ
2939 5316 3213 5391 μαλακίαν
3246 5319 3458 5395 μᾶλλον
3490 5327 3591 5380 τοῦ
3621 5345 3826 5401 στρατ-

2157 5402 2422 5490 ῃγοῦντος
2455 5394 2621 5456 Δαϐὶδ
2650 5407 2746 5459 τοῦ
2792 5402 2853 5460 ἐκ
2905 5409 3224 5482 Κομνηνῶν.
3251 5394 3444 5474 Οὗτος
3502 5412 3608 5490 γὰρ
3638 5394 3701 5477 ἐς
3727 5413 3828 5470 οὐ·

2155 5485 2237 5543 δὲν
2297 5489 2582 5567 χρήσιμος
2635 5497 2752 5558 τοῖς
2802 5495 3279 5556 Θεσσαλονικεῦσιν
3338 5485 3548 5578 ὀφθεὶς,
3579 5485 3588 5489 ⁷
3619 5501 3824 5574 δεξιώ-

2149 5603 2309 5647 τατος
2339 5579 2396 5638 δὶ
2445 5583 2610 5656 μόνον
2665 5587 2964 5664 γενόμενος
3020 5590 3104 5648 ἀεὶ
3163 5589 3400 5650 δεδιέναι
3461 5592 3817 5670 Ἀνδρόνικον

2148 5670 2238 5728 καί
2268 5671 2470 5749 τρόπον
2529 5671 2803 5747 ἆπιζητεῖν
2832 5676 2903 5736 δι’
2934 5679 2997 5738 οὗ
3047 5678 3116 5752 δὴ
3146 5683 3243 5746 τὰς
3297 5681 3538 5750 ἀάπτους
3594 5686 3811 5743 ἐκείνου
