4112 6218
439 387 554 447 655

436 538 596 578 sacra
625 520 776 575 889
805 517 1042 573 donaria
1081 517 1383 589 rapiebant
1411 524 1464 574 et
1495 517 1757 591 profanis
1802 513 2072 571 manibus
2102 516 2154 582 Α
2185 506 2373 563 δπλων

435 627 552 665 non
581 607 870 677 tangenda
900 607 1337 663 contrectabant
1368 624 1435 662 ac
1492 608 1719 664 caninis
1764 604 1952 663 oculis
2011 619 2078 658 ea

433 696 804 751 intuebantur
835 711 960 767 quae
992 694 1331 768 aspicienda
1389 714 1503 752 non
1575 704 1732 764 sunt,
1759 709 1931 768 quam
1970 692 2079 747 hoc

435 785 901 856 nefarium,quod
925 791 1320 841 sacrosanctas
1379 786 1596 843 Christi
1646 791 1701 840 et
1733 784 2076 841 famulorum

434 877 559 946 ejus
589 874 874 946 imagines
921 880 1082 928 terrae
1135 873 1475 944 allidebanl,
1531 879 1590 930 et
1637 873 1880 945 pedibus
1933 871 2080 926 insi-

433 971 663 1028 stentes,
697 963 742 1016 si
775 962 913 1034 quid
945 968 1181 1017 ornatus
1211 980 1278 1019 ex
1311 963 1549 1020 materia
1582 963 1831 1035 pretiosa
1875 962 2078 1026 inerat,

431 1069 496 1108 eo
530 1059 817 1121 utcunque
848 1051 1071 1122 direpto
1118 1053 1280 1123 ipsas
1322 1053 1380 1106 in
1428 1050 1597 1107 trivia
1653 1050 1982 1116 efferebant,
2017 1053 2082 1103 ut

429 1159 462 1196 ιι
506 1138 990 1212 praetereuntibus
1044 1139 1545 1208 conculcarentur,
1602 1144 1703 1194 aut
1759 1139 1829 1193 ad
1888 1138 2080 1192 cibum

429 1228 794 1300 coquendum
827 1227 952 1284 foco
985 1229 1378 1300 apponebant.
1408 1228 1552 1283 illud
1599 1235 1788 1284 autem
1831 1227 2082 1281 maxime

435 1318 722 1374 nefarium
756 1322 846 1374 est
871 1327 923 1372 et
955 1319 1184 1389 piorum
1242 1318 1484 1374 auribus
1536 1315 1892 1384 detestabile,
1927 1314 2079 1387 quod

437 1408 497 1462 in
528 1423 693 1462 sacra
722 1410 779 1462 et
807 1405 953 1477 ipsis
982 1407 1206 1477 angelis
1241 1406 1550 1462 venerabili
1584 1421 1780 1461 mensa
1810 1405 2082 1460 indecore

437 1498 717 1553 saltabant
750 1506 803 1552 et
834 1497 1137 1553 barbarica
1169 1498 1432 1567 quedam
1476 1496 1704 1552 cantica
1734 1495 2079 1568 psallebant.

440 1587 652 1643 Deinde
681 1587 969 1658 pudendis
1003 1586 1220 1656 apertis
1276 1602 1508 1642 sacrum
1567 1586 1964 1658 pavimentum
2022 1586 2080 1640 in

438 1675 632 1730 orbem
689 1674 1156 1746 permingebant,
1215 1674 1551 1746 aspersione
1607 1674 1707 1730 illa
1763 1682 1818 1730 et
1877 1673 2083 1730 calidis

439 1761 665 1818 balneis
695 1762 882 1817 noxiis
913 1762 1270 1818 daemonibus
1331 1764 1525 1834 utique
1581 1762 1992 1833 gratiﬁcantes,
2025 1768 2085 1817 ut

439 1851 499 1905 in
532 1851 602 1905 iis
633 1850 852 1921 fatigati
887 1851 1148 1905 cladibus
1206 1850 1508 1906 hominum
1568 1851 1924 1906 iunatarent.
1972 1850 2080 1906 Sed
2113 1889 2161 1952 Β

442 1955 577 1994 cum
611 1943 834 1993 tandem
871 1938 1152 1994 malorum
1179 1940 1308 1994 linis
1340 1939 1555 1995 instare
1604 1944 1662 1995 et
1701 1955 1896 2011 pugna
1926 1943 2087 2010 quie-

441 2033 572 2082 tura
628 2027 936 2095 vidcrelur,
1002 2029 1179 2083 Siculi
1263 2029 1440 2084 duces
1532 2028 1962 2084 intervenerunt
2032 2033 2090 2083 et

442 2116 625 2172 turbae
655 2116 713 2170 in
771 2116 955 2171 credes
1012 2115 1234 2172 ruentis
1290 2117 1575 2189 impetum
1635 2120 2086 2189 represserunt;

439 2221 684 2278 quorum
761 2221 903 2260 unus
977 2205 1405 2278 cataphractus,
1481 2207 1638 2260 890
1725 2222 1875 2276 equo
1950 2205 2086 2260 insi-

438 2295 604 2361 dens,
678 2293 964 2348 Theodori
1041 2293 1324 2366 martyris,
1365 2311 1395 2350 e
1434 2295 1604 2364 cujus
1671 2294 1935 2365 sepulcro
1976 2309 2083 2348 un-

434 2387 718 2455 guentum
777 2381 1006 2448 ebullit,
1059 2381 1341 2452 templum
1399 2382 1746 2454 ingreditur,
1825 2387 1884 2437 et
1941 2381 2085 2437 alios

435 2471 667 2541 obliquo
722 2486 858 2527 ense
916 2471 1270 2526 verberando
1327 2471 1470 2526 alios
1546 2471 1906 2526 vulnerando
1989 2471 2084 2525 vix

435 2558 684 2613 militum
719 2559 1094 2630 intemperies
1138 2559 1410 2616 cohibere
1467 2559 1673 2629 potuit.
1731 2559 1950 2614 Verum
2009 2575 2082 2615 ne

433 2648 520 2704 sic
550 2647 785 2719 quidem
817 2647 1136 2704 tolerabilis
1171 2649 1277 2704 fuit
1297 2647 1908 2704 Thessalonicensium
1943 2664 2080 2702 con-

435 2736 600 2792 ditio.
635 2738 744 2791 Etsi
778 2737 927 2792 enim
962 2737 1239 2807 postridie
1271 2744 1613 2808 expugnata:
1649 2736 1808 2792 urbis
1840 2753 1873 2791 a
1903 2735 2080 2791 credi-

429 2825 542 2880 bus
574 2824 788 2880 civium
823 2830 1203 2895 temperatum
1239 2830 1347 2894 est,
1372 2830 1545 2881 tanta;
1607 2831 1804 2881 tamen
1849 2841 2078 2896 grassa-

429 2918 616 2972 tiones
648 2918 706 2970 in
730 2915 1074 2987 superstites
1107 2916 1358 2980 luerunt,
1394 2915 1555 2970 mille
1589 2915 1778 2970 modis
1809 2916 1879 2969 ad
1913 2931 2079 2970 eum-

431 3010 561 3063 dem
595 3007 725 3062 vita—z
781 3007 999 3061 exitum
1079 3007 1470 3073 tendentibus,
1532 3013 1593 3060 ut
1645 3022 1777 3062 eum
1840 3007 2079 3060 mortuis

433 3098 576 3151 bene
607 3101 800 3150 actum
837 3095 1152 3158 videretur,
1184 3103 1236 3150 et
1269 3101 1330 3150 ut
1367 3096 1516 3166 apud
1572 3097 1781 3150 Johum
1835 3093 2077 3149 toleran—

434 3185 720 3238 tissimus:
754 3189 861 3250 est,
920 3184 1084 3237 multi
1147 3185 1361 3238 frustra
1423 3187 1663 3238 mortem
1721 3190 2072 3255 exoptarent.

1734 379 2046 443 NlGET/E
2091 375 2524 437 CHONIATAS

3728 384 3851 443 656

2466 503 2904 578 ἐπεισπηδῶντες
2965 508 3017 562 οἳ
3104 505 3334 564 ἐναντίοι
3405 511 3500 567 τὸν
3567 510 3621 568 ἐν
3688 516 3856 579 ποσὶν

2185 598 2424 672 ἀνῄρουν
2459 598 2562 665 ἀεὶ,
2596 599 2682 671 [Ρ.
2719 600 2842 672 193]
2875 598 2968 653 καὶ
3012 599 3088 662 ὡς
3128 601 3344 672 θύματα
3379 603 3510 665 τοὺς
3563 604 3861 679 καταλαμ-

2193 683 2528 760 ϐανομένους
2589 685 2833 757 ἀνηλεῶς
2882 685 3180 763 ἒκεράϊζον.
3251 696 3376 752 Πῶς
3433 689 3493 746 δὲ
3547 692 3857 768 ἀνθρώπων

2188 773 2442 848 ἤμελλον
2497 773 2774 851 φείδεσθαι
2845 777 2897 832 οἱ
2966 784 3090 841 τοῖς
3148 777 3315 841 θείοις
3384 781 3860 858 ἐμπαροινοῦντες

2185 866 2277 920 καὶ
2312 862 2424 937 μηδ
2456 864 2604 927 ὅλως
2656 869 2792 921 Θεοῦ
2849 864 3265 940 ἐμπαζόμενοις
3323 867 3454 924 ἀλλ’
3485 869 3550 926 ού
3580 877 3855 929 τοσοῦτον

2186 955 2366 1008 καινὸν
2423 954 2469 1008 εἰ
2523 954 2590 1010 τὰ
2641 960 2720 1026 τῷ
2775 959 2892 1028 Θεῷ
2943 956 3322 1031 ἀνατεθειμένα
3379 958 3705 1034 ἱεροσύλουν
3757 963 3854 1016 καὶ

2187 1043 2345 1119 χερσὶ
2387 1039 2651 1118 βεϐήλοις
2703 1045 2792 1099 καὶ
2852 1044 3162 1121 ὀφθαλμοῖς
3216 1048 3431 1111 κυνέοις
3471 1049 3711 1120 ἥπτοντο
3741 1057 3855 1106 τῶν

2187 1132 2473 1206 ἀψαύστων
2524 1132 2614 1186 καὶ
2671 1138 2786 1195 τοῖς
2845 1134 2920 1206 μὴ
2979 1138 3190 1197 θεατοῖς
3229 1135 3557 1209 ἐνητένιζον,
3616 1139 3744 1196 ὅσον
3777 1139 3848 1210 δὴ

2187 1221 2398 1279 ἀνόσιον
2457 1222 2502 1276 εἱ
2559 1222 2654 1284 τὰς
2713 1228 2966 1296 παναγεῖς
3045 1225 3283 1300 Χριστοό
3343 1226 3554 1290 εἰκόνας
3612 1230 3703 1284 καὶ
3733 1235 3846 1284 τῶν

2188 1310 2356 1365 αὐτοῦ
2407 1311 2751 1384 θεραπόντων
2815 1309 3101 1390 ηδάφιζον,
3159 1313 3249 1369 καὶ
3320 1315 3530 1372 τούτων
3571 1337 3852 1390 κατεπεμ-

2189 1392 2486 1465 ϐαίνοντες,
2519 1397 2673 1460 εἴτις
2705 1401 2802 1473 μὶν
2850 1401 3057 1474 κόσμος
3105 1400 3155 1475 ἐξ
3207 1402 3347 1474 ὕλης
3391 1413 3604 1481 προσῆν
3636 1407 3854 1480 τιμαλ-

2188 1491 2342 1566 φοῦς,
2367 1491 2557 1543 τοῦτον
2591 1487 2833 1565 ἀφῄρουν
2881 1489 3181 1553 ἐκσπῶντες
3227 1493 3299 1556 ὡς,
3351 1487 3566 1572 ἔτυχεν,
3599 1496 3769 1559 αὐτάς
3797 1494 3846 1552 δ’

2190 1574 2265 1638 εἷς
2292 1575 2388 1638 τὰς
2415 1573 2667 1651 τριόδους
2695 1575 2940 1654 ἐξέφερον
2987 1585 3108 1642 τοῖς
3157 1579 3552 1655 παροδεύουσιν
3585 1583 3851 1658 ἐσομένας

2191 1663 2267 1726 είς
2321 1663 2705 1738 καταπάτημα,
2756 1668 2791 1737 ἢ
2840 1672 2918 1739 τῷ
2950 1675 3051 1736 τῆς
3103 1666 3318 1740 διαίτης
3373 1673 3505 1738 πυρὶ
3551 1671 3852 1748 νταρεδίδο⁸

2192 1774 2302 1808 σαν.
2339 1754 2734 1811 ’Δνοσιώτατον
2795 1752 2852 1809 δὲ
2913 1754 3152 1828 μάλιστα
3193 1761 3284 1813 καὶ
3323 1759 3425 1814 ὠσὶ
3473 1759 3848 1833 δυσηκουστον

2193 1846 2297 1897 τῶν
2357 1847 2582 1897 πιστῶν·
2645 1843 2698 1898 εἴ
2739 1865 2882 1908 τινες
2937 1847 3071 1914 ἦσαν
3130 1847 3183 1902 οἳ
3240 1857 3340 1918 τῆς
3382 1852 3599 1925 θυωροῦ
3630 1852 3853 1928 καῖἀγ-

2193 1930 2380 2006 γελοις
2438 1931 2620 1993 αὐτοῖς
2685 1930 2972 2006 αἰδεσίμου
3041 1933 3241 2000 ἄνωθεν
3283 1937 3520 2001 ἀνιόντες
3571 1941 3848 2015 τραπὲζης

2195 2018 2277 2074 ἐπ’
2305 2019 2474 2088 αὐτῆς
2522 2020 2808 2095 ὠρχοῦντο
2873 2024 3302 2099 μεταφερόμενοι
3357 2025 3718 2102 ἀσχημόνως,
3759 2030 3849 2084 καί

2194 2129 2314 2163 τινα
2348 2103 2594 2184 βάρϐαρα
2638 2108 2993 2185 ἀπηχέστατα
3039 2111 3281 2187 ᾂσμάτια
3327 2117 3528 2189 πάτρια
3573 2113 3845 2188 ἔψαλλον,

2193 2197 2309 2250 εἶτα
2360 2197 2460 2265 τήν
2519 2193 2658 2251 αῗδὼ
2705 2196 3143 2272 ἀνακαλύψαντες
3201 2201 3292 2255 καὶ
3348 2201 3441 2256 τὸν
3473 2200 3718 2261 ποδεῶνα
3747 2207 3848 2258 τού

2192 2291 2291 2352 τῆς
2359 2285 2576 2348 κοιλίας
2633 2285 2800 2340 ἀσκοῦ
2859 2285 2994 2362 ῥέειν
3049 2287 3259 2352 ἀνέντες
3335 2289 3583 2365 ἐνούρουν
3651 2291 3848 2365 κύκλῳ

2188 2374 2323 2428 κατά
2351 2374 2412 2428 τὸ
2457 2373 2610 2451 ἅγιον
2663 2372 2881 2454 ἔδαφος,
2932 2377 3362 2455 περιρραντήρια
3406 2385 3574 2436 ταῦτα
3618 2380 3853 2437 τιλοῦν-

2188 2483 2275 2523 τες
2349 2459 2574 2536 δαίμοσι
2647 2464 2738 2520 καὶ
2815 2463 3021 2541 λουτρά
3086 2469 3261 2542 θερμά
3331 2475 3448 2530 τοῖς
3542 2468 3848 2545 ἀλάστορσι

2191 2547 2592 2625 σχεδιάζοντες,
2625 2553 2709 2614 οἷς
2765 2555 2922 2608 οὗτοι
2984 2555 3118 2628 μετά
3167 2557 3411 2630 κάματον
3460 2555 3851 2635 διανήχονται,

2188 2640 2246 2693 ὅν
2313 2636 2598 2716 διήνεγκαν
2669 2641 2982 2717 ἀνθρώποις
3045 2646 3330 2720 συμφορὰς
3437 2646 3844 2726 μηχανώμενοι

2187 2729 2276 2782 καὶ
2353 2726 2502 2783 δεινά
2559 2727 2915 2793 διαθλοῦντας
2983 2734 3272 2804 ἀνήκεστα.
3362 2736 3512 2791 Ἐπεὶ
3580 2733 3640 2792 δὲ
3706 2758 3842 2792 ποτε

2185 2819 2253 2872 τὰ
2300 2816 2448 2873 δεινά
2513 2817 2668 2889 δόξαν
2729 2824 2828 2874 τοῦ
2895 2820 3056 2894 λῆξαι
3124 2822 3320 2902 εἲληφε
3383 2825 3474 2879 καὶ
3514 2824 3592 2886 εἷς
3635 2827 3844 2902 ἂνοχήν

2184 2903 2399 2961 ἀπεῖδεν
2475 2907 2502 2961 ὁ
2576 2909 2843 2982 πόλεμος,
2921 2909 3083 2982 μέσον
3160 2912 3428 2988 ὀφθέντων
3507 2911 3666 2989 οἵπερ
3766 2914 3845 2975 εἷς

2183 2993 2466 3072 ἀρχηγοὺς
2519 2999 2626 3050 τῶν
2683 2996 2927 3052 Σικελῶν
3002 2999 3518 3075 ὑπερανεστήκεσαν,
3589 3002 3682 3056 καὶ
3739 3003 3842 3070 τὴν

2183 3088 2289 3139 τῶν
2345 3083 2572 3140 πολλῶν
2643 3085 2984 3161 ἐπισχόντων
3042 3089 3220 3162 ὁρμήν
3279 3091 3357 3153 είς
3409 3090 3699 3167 ἀναίρεσιν,
3763 3093 3844 3147 ὧν

2187 3171 2376 3247 ἃτερος
2409 3170 2641 3252 ἔφιππος
2698 3172 2908 3251 σιδήρῳ
2965 3177 3338 3254 κατάφρακτος
3391 3180 3484 3234 τὸν
3525 3185 3623 3235 τοῦ
3658 3201 3848 3255 μυρο-

436 3272 576 3327 Nam
611 3271 720 3326 etsi
749 3247 856 3326 ιιιὶἱ⁷
883 3272 998 3325 fere
1046 3288 1250 3326 omnes
1301 3271 1361 3326 in
1421 3271 1569 3328 bello
1625 3247 2072 3337 victosbostes,

2187 3256 2391 3317 ϐλύτου
2427 3247 2697 3337 μάρτυρος
2729 3247 2903 3319 εἶσὲξδυ
2951 3247 3244 3336 νεὼν,”καὶ
3290 3269 3421 3330 τοὺς
3454 3271 3552 3341 μὶν
3582 3247 3668 3341 τῶ
3694 3247 3851 3326 πλα-

438 3366 502 3415 ut
562 3359 808 3415 victoriis
894 3360 1166 3430 superbia
1240 3360 1436 3426 dictat,
1499 3360 1762 3427 sazviunt,
1836 3359 2077 3415 Latinus

429 3454 626 3505 tamen
713 3448 990 3519 superatis
1071 3449 1422 3504 adversariis
1516 3447 1878 3503 intolerabile
1954 3465 2076 3504 ma-

428 3539 552 3594 lum
586 3545 672 3593 est
703 3544 760 3594 et
790 3537 980 3594 verbis
1012 3539 1418 3593 inenarrabile.
1461 3537 1622 3601 Quod
1682 3538 1728 3594 si
1781 3539 2075 3594 Romanus

428 3627 503 3682 sit
527 3625 1006 3699 comprehensus,
1039 3631 1097 3682 et
1126 3625 1176 3682 is
1209 3626 1424 3681 Latinas
1455 3626 1666 3696 linguai
1722 3627 1906 3694 rudis,
1938 3633 1995 3682 et
2043 3644 2076 3682 a

428 3716 837 3788 peregrinitate
869 3717 948 3770 ita
969 3715 1287 3771 abhorrens
1310 3722 1372 3770 ut
1401 3719 1457 3769 in
1495 3717 1703 3770 vestitu
1754 3714 1900 3771 nihil
1941 3731 2073 3772 cum

424 3804 514 3861 eis
547 3819 856 3860 commune
889 3804 1113 3870 habeat,
1145 3805 1195 3858 is
1225 3821 1356 3859 vero
1391 3805 1502 3859 Deo
1560 3803 1785 3860 invisus
1826 3804 2075 3860 habetur

419 3900 478 3952 et
507 3895 711 3967 quovis
743 3894 1030 3966 supplicio
1062 3892 1298 3965 dignus.
1351 3895 1486 3960 Quae
1544 3893 1762 3966 vipera,
1796 3896 1930 3967 quis
1961 3895 2070 3961 leo,

423 3985 617 4056 praeda
642 3989 833 4040 vetere
865 3981 1082 4038 omissa
1136 3988 1193 4038 et
1247 3983 1503 4038 calidum
1565 3983 1754 4038 adhuc
1798 3989 2069 4039 venatum

421 4072 833 4139 devorans,ita
865 4072 1024 4126 saevit
1083 4071 1228 4126 89!
1290 4075 1353 4125 ut
1398 4070 1597 4126 Latina
1652 4073 1980 4128 immanitas
2009 4073 2070 4129 in

421 4159 737 4232 captivos?
798 4175 909 4215 non
971 4158 1222 4213 ﬂectitur
1278 4157 1570 4229 precibus,
1632 4175 1745 4213 non
1807 4159 2071 4214 mollitur

421 4249 714 4321 lacrymis,
778 4264 893 4303 non
953 4247 1183 4301 blandis
1241 4246 1456 4302 lenitur
1500 4245 1740 4302 verbis:
1799 4247 2067 4318 quamvis

418 4337 617 4391 suavis
639 4343 864 4402 cantus,
897 4335 1180 4405 strepitus
1209 4351 1484 4390 anserum
1535 4341 1636 4391 aut
1671 4334 1914 4408 clangor
1943 4335 2068 4392 mil-

417 4424 646 4478 viorum
714 4423 1042 4478 habebitur.
1102 4423 1157 4478 Si
1215 4423 1506 4494 Orpheum
1556 4423 1794 4487 cithara,
1850 4440 2067 4496 cygnos

419 4511 797 4566 moribundos
828 4519 1032 4566 cantus
1065 4510 1372 4567 dulcedine
1407 4528 1666 4582 superes,
1705 4511 1848 4567 nihil
1877 4515 2065 4584 profe-

2183 3355 2266 3404 τεῖ
2317 3351 2495 3405 παίων
2523 3355 2620 3406 τοῦ
2677 3353 2884 3430 ξίφους,
2936 3353 3067 3417 τοὺς
3108 3353 3166 3412 δὲ
3219 3357 3311 3411 καὶ
3369 3357 3570 3428 ἀληθὲς
3625 3363 3850 3434 τραῦμα

2183 3436 2445 3509 πλήττων
2481 3438 2674 3515 ἴσχυσε
2705 3439 2868 3514 μόλις
2907 3443 3004 3511 τήν
3054 3447 3151 3498 τοῦ
3196 3448 3366 3501 κακοῦ
3413 3448 3608 3515 στῆσαι
3641 3449 3844 3523 φορὰν,

2185 3523 2300 3581 οὐδ’
2348 3525 2492 3582 οὕτω
2542 3529 2607 3583 τὰ
2675 3529 2798 3600 ἑξῆς
2875 3529 2950 3592 ὡς
3025 3530 3078 3586 ἐν
3131 3539 3321 3596 κακοῖς
3387 3533 3580 3608 μέτρια
3637 3543 3848 3592 Θεσσα-

2183 3614 2492 3672 λοκιικεῦσιν
2545 3615 2834 3694 ἒφανησαν,
2907 3617 3054 3676 ἀλΛά
3107 3622 3170 3677 τὸ
3221 3623 3316 3696 μὶν
3351 3621 3402 3684 ἒς
3433 3619 3566 3693 ᾅδου
3605 3626 3846 3702 κατάγε-

2183 3707 2301 3759 σθαι
2352 3707 2480 3768 τοὺς
2531 3706 2996 3781 πολιορκηθέντας
3053 3712 3090 3778 ἡ
3149 3711 3286 3783 μετὰ
3313 3713 3412 3780 τήν
3443 3710 3648 3767 ἅλωσιν
3679 3713 3838 3776 εὐθὺς

2180 3792 2360 3869 ἡμέρα
2421 3799 2741 3864 κατέπαυσε,
2827 3799 2895 3852 τὰ
2979 3796 3024 3853 δ’
3110 3797 3567 3875 ἔπισυμϐαίνοντα
3645 3801 3842 3865 ἄλλως

2180 3881 2415 3958 ὀδυνηρά
2471 3885 2606 3960 πρὸς
2663 3887 2725 3941 τὸ
2780 3885 2909 3941 αὐτὸ
2965 3894 3067 3956 τῆς
3126 3894 3274 3958 ζωῆς
3327 3891 3502 3965 τέρμα
3545 3896 3835 3964 μυριακῶς

2176 3973 2301 4034 τοὺς
2348 3971 2631 4045 τλήμονας
2689 3975 3090 4050 κατηνάγκαζον
3139 3978 3230 4032 καὶ
3281 3978 3496 4053 βέλτιον
3545 3979 3607 4034 τὸ
3645 3981 3828 4035 θανεῖν

2176 4061 2394 4119 ἒποίουν
2429 4065 2562 4138 ὑπὲρ
2592 4065 2654 4119 τὸ
2687 4071 2808 4137 ζῇν,
2867 4065 3006 4123 ὣστε
3071 4069 3133 4124 τὸ
3185 4075 3283 4125 τοῦ
3329 4070 3670 4140 τλησιπόνου
3700 4068 3832 4130 Ἰὼϐ

2175 4153 2368 4222 εἰπεῖν,
2434 4151 2641 4209 πολλοὶ
2699 4151 2950 4228 δεόμενοι
3013 4155 3274 4228 τελευτῆς
3341 4159 3441 4215 οὐκ
3503 4159 3831 4238 ἐτύγχανον.

2175 4241 2279 4297 Καὶ
2310 4246 2416 4304 πᾶς
2448 4243 2543 4316 μὲν
2571 4243 2675 4318 γὰρ
2702 4239 2884 4319 ’ἔτερος
2916 4243 3149 4320 πολέμῳ
3188 4253 3249 4304 τὸ
3298 4249 3592 4305 ἀντίπαλον
3626 4255 3836 4327 χειρω-

2175 4331 2406 4404 σάμενος
2479 4335 2660 4393 κακῶς
2745 4331 2891 4405 αὐτῷ
2949 4336 3216 4410 κέχρηται
3284 4339 3375 4392 καὶ
3441 4338 3834 4412 ἀνελεημόνως

2174 4418 2554 4496 προσφέρεται,
2612 4420 2704 4474 καὶ
2765 4420 2864 4476 ὅσα
2932 4425 2967 4492 ἡ
3043 4424 3102 4478 ἐκ
3179 4432 3279 4495 τῆς
3334 4425 3490 4496 νίκης
3557 4427 3835 4503 ὑπεροψία

2177 4508 2462 4578 ὑποτίθησι
2523 4510 2924 4584 διαπράττεται⁸
3004 4519 3235 4577 Λατῖνος
3294 4512 3351 4570 δὲ
3424 4521 3712 4592 πορθήσας
3767 4519 3830 4573 τὸ

415 4599 600 4666 ceris;
635 4603 692 4653 et
727 4603 792 4653 ut
821 4599 1117 4670 paulisper
1145 4599 1446 4655 barbarica
1480 4602 1680 4656 feritas
1719 4583 2064 4670 mulceatur,

2181 4597 2489 4652 ὶντιπῖπτον
2546 4599 2636 4652 καὶ
2698 4599 3015 4675 ὑποχείριον
3081 4600 3444 4678 ἐργασάμενος
3499 4605 3831 4662 ἀνύποιστόν

419 4703 553 4743 mox
583 4691 778 4743 tamen
804 4687 878 4742 ad
911 4686 1204 4756 ingenium
1237 4689 1407 4755 redit,
1441 4687 1498 4742 in
1540 4690 1724 4744 caedes
1770 4690 1906 4755 ruit,
1955 4706 2061 4746 nec

412 4777 743 4852 supplicum
773 4777 1018 4832 vocibus
1053 4775 1183 4847 plus
1215 4782 1478 4832 movetur
1509 4793 1686 4848 quam
1731 4780 1898 4835 incus
1943 4781 2059 4834 ictu

412 4867 778 4924 malleorum.
820 4867 900 4921 Ea
940 4881 1080 4936 gens
1127 4869 1357 4920 tantum
1403 4865 1716 4921 iracundias
1764 4866 2063 4939 indulgere

411 4959 573 5016 novit
617 4962 676 5013 et
720 4955 1024 5028 imperatis
1079 4954 1201 5026 ejus
1254 4956 1677 5027 obtemperare.
1733 4956 1879 5020 Quid
1929 4973 2060 5014 vero

409 5047 698 5104 malorum
758 5043 1165 5119 pretermittat
1212 5043 1385 5098 homo
1450 5043 1730 5100 Romanis
1786 5043 2056 5114 infestus,

405 5153 728 5209 eorumque
756 5136 1074 5191 inveterato
1105 5132 1238 5188 odio
1266 5132 1344 5188 ita
1375 5132 1628 5205 ﬂagrans
1661 5137 1727 5189 ut
1756 5149 1860 5189 nec
1889 5141 2059 5191 vetus

407 5227 503 5282 ille
533 5245 798 5298 serpens,
842 5223 1082 5282 humani
1136 5224 1368 5296 generis
1419 5223 1748 5294 insidiator,
1796 5240 2056 5295 unquam

405 5317 634 5370 tantum
655 5316 814 5370 virus
837 5314 1174 5370 acerbitatis
1196 5316 1254 5368 in
1293 5318 1477 5368 terras
1517 5313 1840 5369 evomuerit
1860 5313 1888 5368 ?
1918 5331 2054 5369 nam

402 5402 788 5458 exsecrabiles
845 5402 1030 5458 Latini
1086 5401 1415 5473 provincias
1476 5406 1706 5458 nostras
1791 5403 2053 5469 paradiso

403 5501 757 5555 comparant,
783 5497 1237 5562 nostrorumque
1263 5492 1544 5546 bonorum
1578 5491 1868 5547 desiderio
1899 5491 2054 5562 genti

403 5577 616 5630 nostra:
644 5585 917 5646 perpetuo
948 5581 1090 5633 sunt
1117 5577 1335 5648 infesti,
1368 5590 1417 5636 et
1443 5580 1698 5637 subinde
1738 5580 1894 5638 mala
1925 5597 2052 5637 ma-

397 5662 770 5732 chinantur;
826 5684 950 5738 quae
1001 5667 1050 5721 si
1109 5670 1346 5737 quando
1396 5671 1764 5742 temporibus
1811 5671 2046 5730 adducti

2173 4683 2282 4740 ἔστι
2321 4684 2558 4759 μάλιστα
2604 4687 2769 4742 κακὸν
2807 4687 2898 4743 καὶ
2947 4688 3096 4765 λόγῳ
3143 4691 3538 4770 ἀπεριήγητον
3567 4691 3701 4750 εἰδὲ
3732 4698 3828 4753 καὶ

2168 4773 2442 4845 Ῥωμαῖος
2507 4771 2590 4844 εἴη
2652 4776 2680 4828 ὁ
2739 4773 3096 4852 συλληφθεὶς,
3145 4780 3238 4835 καὶ
3295 4783 3456 4844 αὗτος
3508 4783 3828 4858 καθαρεύων

2167 4862 2424 4933 γλώττης
2464 4861 2855 4934 Ἰταλιώτιδος,
2886 4865 2976 4920 καὶ
3032 4872 3290 4924 τοσοῦτον
3338 4875 3440 4926 τοῦ
3488 4871 3825 4952 ὶτεροφύλου

2167 4949 2348 5015 ἔθνους
2401 4951 2831 5025 ἀποξενούμενος
2875 4955 2948 5016 ὡς
2983 4954 3124 5028 μηδὶ
3166 4960 3304 5014 κατά
3353 4963 3452 5030 τὴν
3497 4949 3824 5034 σωματικὴν

2167 5035 2468 5114 περιϐολὴν
2501 5040 2682 5115 βραχύ
2729 5063 2782 5096 τι
2819 5047 2947 5116 γοῦν
3000 5045 3252 5109 Λατίνοις
3305 5046 3703 5120 ἐπικοινωνεῖν,
3737 5051 3822 5123 εἴη

2167 5126 2227 5183 ἂν
2281 5130 2441 5192 οὗτος
2498 5128 2860 5206 ἐστυγημένος
2920 5139 3038 5207 Θεῷ
3082 5137 3173 5190 καὶ
3220 5143 3319 5206 τῆς
3383 5139 3555 5214 ὀργῆς
3614 5143 3823 5216 Κυρίου

2167 5218 2342 5295 ἀμιγῆ
2401 5221 2743 5294 κατακριθεὶς
2795 5229 2937 5279 πιεῖν
2987 5225 3087 5295 τὴν
3136 5226 3338 5284 κύλικα
3395 5231 3484 5285 καὶ
3531 5232 3594 5286 τὸ
3644 5234 3823 5304 ποτή-

2169 5328 2284 5394 ριον
2343 5309 2636 5382 ἀκέραστον
2691 5311 3173 5388 προσενέγκασθαι.
3234 5316 3374 5372 Ποία
3427 5319 3529 5394 γὰρ
3586 5321 3819 5391 θανατηο

2165 5393 2333 5472 φόρος
2359 5394 2554 5472 ἔχιδνα
2581 5395 2619 5467 ἤ
2652 5401 3022 5478 πτερνοφύλαξ
3072 5402 3193 5481 ὄφις
3244 5393 3498 5482 ὀλέθριος
3524 5408 3562 5477 ἤ
3607 5431 3815 5484 ταυμοο

2163 5487 2362 5557 φόντης
2416 5485 2580 5557 λέων,
2627 5487 2695 5542 τὰ
2743 5493 2850 5545 τῶν
2902 5491 3210 5568 βρωμάτων
3260 5491 3412 5552 ἕωλα
3441 5503 3702 5573 παρορῶν
3731 5502 3815 5573 [Ρ.

2167 5580 2290 5651 193]
2323 5579 2528 5653 θερμῆς
2583 5575 2629 5632 δ’
2677 5573 2755 5634 ἔτι
2805 5585 2908 5648 τῆς
2952 5583 3123 5658 θήρας
3175 5583 3610 5663 ἐμφορούμενος,
3645 5591 3817 5649 οὕτως

2165 5663 2224 5722 ἄν
2276 5665 2592 5740 ἐλυμήνατο
2643 5667 2719 5731 ὡς
2776 5669 3136 5748 ἀπανθρωπία
3193 5675 3395 5747 Λατίνη
3438 5680 3820 5754 ζωγρήσασα;
