4112 6218
345 273 456 333 657

1384 273 1486 333 DE
1529 271 1986 333 ANDRONICO
2031 272 2410 338 COMNENO
2453 275 2602 336 LIB.
2652 275 2700 337 Ι.

3643 286 3757 347 658

342 401 446 459 οὐκ
501 399 794 457 ἐπικλᾶται
846 399 1048 474 λιταῖς,
1110 399 1172 457 οἷ)
1230 401 1519 474 θηλύνεται
1560 400 1837 480 δάκρυσιν,
1892 401 1986 477 οὐ]

2108 407 2427 463 amicitiam
2457 407 2756 473 simulant,
2788 417 2980 470 tamen
3019 413 3328 471 acerrimas
3371 417 3523 472 892
3569 416 3767 474 inimi-

341 489 604 565 αἷμύλοις
632 489 944 565 ἱλαρύνεται
1002 490 1293 570 φθέγμασι.
1357 490 1467 549 Κᾶν
1514 493 1618 568 ᾄσῃ
1667 514 1750 555 τις
1783 492 1998 568 χάριεν,

342 582 562 658 κλαγγή
593 580 772 654 τούτῳ
800 580 1014 636 ΐκτίνων
1075 582 1110 652 ἤ
1177 583 1439 660 κρώγμὸς
1494 581 1743 658 κορώνης
1781 581 2000 656 λογιζεο

343 693 457 729 ται.
489 671 552 727 El
606 667 653 724 δ’
694 668 870 733 οὕτως
922 669 1007 741 εἲη
1061 670 1384 745 θελκτήριον
1433 671 1509 734 ὡς
1556 671 1644 726 καὶ
1684 672 1883 742 πέτρας
1912 672 1999 726 αἱ-

349 766 480 836 ρεῖν,
540 761 706 815 ὁποῖα
762 760 831 814 τά
885 759 1154 834 Ὀρφαϊκα
1209 759 1517 834 κρούματα,
1571 759 1649 825 εἷς
1704 760 1857 814 κενὸν
1901 759 1995 831 μὲν

344 849 437 904 καὶ
470 849 647 910 οὕτως
706 849 734 903 6
787 848 1074 926 φορμίζων
1129 847 1361 922 ἐψάλαξε
1417 848 1504 903 καὶ
1565 851 1741 921 μάτην
1797 845 1994 902 ἀείδειν

341 932 640 994 ἀνεϐάλετο
672 934 919 1012 λιγυρόν·
971 937 1017 992 εί
1065 933 1124 992 δέ
1174 957 1279 992 που
1325 936 1416 993 καὶ
1466 937 1629 1008 ἁλοίη
1673 940 1742 1011 τῇ
1774 934 1934 1006 ἀοιδῆ
1967 937 1996 992 6

343 1023 640 1102 βάρϐαρος,
701 1024 826 1081 ἀλλ’
881 1025 959 1087 είς
1015 1025 1264 1081 κύκνειον
1348 1025 1498 1100 ᾆσμα
1569 1025 1882 1082 τελευταῖόν
1937 1045 1996 1080 τε

336 1118 425 1173 καὶ
453 1115 757 1192 φιλότιμον
789 1118 824 1185 ἡ
857 1114 1178 1188 ἀμείλικτος
1208 1119 1380 1171 τοῦτο
1411 1116 1568 1194 ψυχὴ
1613 1113 1994 1189 συλλογίζεται

335 1206 403 1262 αὖ
483 1205 652 1262 πάλιν
747 1206 1192 1283 κατεργαζομένη
1290 1205 1538 1275 θάνατον,
1609 1204 1699 1259 καὶ
1761 1202 1995 1277 μένουσα

332 1294 505 1351 πάλιν
563 1294 639 1358 ὡς
697 1293 960 1369 πρότερον
1017 1291 1278 1355 ἅθελκτος
1332 1295 1367 1364 ἢ
1425 1291 1608 1368 ὥσπερ
1641 1291 1828 1367 άκμων
1863 1293 1992 1363 ἀνή-

335 1382 529 1452 λατος,
584 1383 722 1457 πρὸς
783 1388 959 1438 πᾶσαν
1042 1382 1272 1438 ἱκετείαν
1353 1379 1651 1446 ἀνένδοτος.
1710 1383 1880 1455 Μόνῳ
1937 1382 1992 1436 οἱ

333 1474 649 1548 τοῦγένους
705 1472 906 1528 τούτου
959 1476 1040 1544 τῷ
1098 1476 1255 1544 θυμῷ
1313 1471 1631 1547 χαρίζεσθαι
1692 1471 1856 1541 ἴσασι,
1899 1470 1989 1525 καὶ

2112 495 2282 551 citias
2313 495 2461 553 clam
2497 497 2682 554 alunt.
2715 499 2772 553 Si
2801 499 3027 556 blandis
3051 503 3242 559 verbis
3285 511 3341 559 et
3363 505 3486 560 oleo
3537 507 3763 565 mollio-

2114 586 2277 641 ribus
2309 591 2582 663 utu__ntur,
2608 586 2807 658 jacula
2834 595 2892 644 et
2914 589 3197 660 ancipites
3213 592 3390 663 gladii
3435 596 3493 650 in
3517 596 3587 650 iis
3616 597 3763 652 deli-

2108 650 2586 730 tescuntﬁ‘anto
2608 650 2922 732 discordiae
2980 650 3129 734 vallo
3192 650 3437 738 invicem
3494 650 3762 757 dirempti

2109 778 2339 826 sumus,
2374 777 2480 818 nec
2514 761 2633 818 ullo
2667 765 2841 820 modo
2903 767 3082 822 animi
3143 770 3597 842 conjungentur,
3653 773 3761 829 etsi

2106 851 2448 946 corporibus
2475 853 2772 922 conjuncti
2802 854 2859 908 in
2892 853 3098 946 iisdem
3133 857 3356 946 aedibus
3406 859 3772 946 habitemugj

2109 938 2195 993 Illi
2230 937 2592 1010 plerumque,
2616 945 2804 996 erecta
2827 944 3048 1000 cervice
3096 944 3366 1016 elatoque
3388 947 3546 1002 vultu
3597 937 3757 1003 inca:

2106 1027 2331 1097 dentes,
2367 1042 2589 1083 morum
2620 1033 2953 1086 nostrorum
2999 1031 3288 1089 levitatem
3336 1041 3390 1089 et
3441 1051 3509 1090 ex
3565 1036 3760 1092 mode-

2105 1116 2216 1172 stia
2249 1115 2626 1172 humilitatem
2655 1117 2914 1175 cavillari
2943 1126 3000 1176 et
3037 1122 3332 1192 despicere
3383 1124 3594 1180 solent.
3641 1125 3758 1180 Nos

2102 1221 2237 1261 vero
2267 1221 2466 1261 eorum
2491 1205 2898 1276 supercilium,
2923 1209 3295 1281 jactantiam,
3333 1212 3569 1280 fastum,
3597 1213 3758 1268 inso-

2105 1293 2346 1350 lentiam
2374 1294 2602 1351 Christo
2631 1297 2868 1367 auspice
2899 1299 3336 1369 conculcamus,
3369 1302 3464 1372 qui
3514 1307 3761 1374 potesta-

2105 1389 2218 1440 tem
2250 1384 2350 1439 dat
2381 1400 2563 1456 super
2587 1388 2885 1456 serpentes
2917 1392 2974 1442 et
3029 1389 3289 1460 scorpios
3347 1391 3494 1445 citra
3547 1407 3754 1447 noxam

2101 1471 2464 1529 ambulandi.

336 1565 426 1624 οἷς
457 1562 616 1624 οὗτος
655 1561 931 1618 ἐπιτάσσει
994 1558 1237 1636 ὀργίλως
1295 1557 1639 1616 ὑπενδιδόναι
1695 1561 1982 1640 πεφύκασι.
2041 1559 2104 1615 Τί
2163 1555 2208 1614 δ’
2265 1557 2327 1614 ἂν
2381 1559 2544 1614 κακὸν
2601 1560 2688 1632 εἴη
2750 1564 3028 1637 παρεικὼς
3096 1562 3382 1620 ἀτέλεστον
3422 1565 3560 1641 ἇνήρ
3595 1587 3755 1640 μισο-

335 1653 590 1730 ρώμαιος
643 1653 733 1709 καὶ
791 1652 1064 1722 τοσαύτην
1127 1651 1570 1726 ἀποθησαυρίσας
1656 1650 1707 1705 ἐν
1795 1651 1967 1723 ἑαυτῷ
2036 1652 2158 1714 καθ’
2230 1647 2510 1720 Ἕλληνος
2569 1649 2760 1727 ἀνδρὸς
2817 1652 3131 1729 ἀπέχθειαν,
3189 1655 3381 1710 ὁποίαν
3456 1655 3568 1711 οὐδ’
3631 1655 3754 1736 δφις

351 1743 521 1806 αὑτὸς
554 1745 582 1799 6
617 1745 850 1822 ἀρχαῖος
903 1748 1002 1798 τοῦ
1058 1741 1394 1816 ἀνθρωπείου
1445 1741 1632 1816 γένους
1687 1735 1982 1804 ἒπίϐουλος
2045 1739 2384 1819 συνειληφὼς
2444 1741 2615 1798 πάλαι
2671 1742 2960 1815 ἃπέτεκενς
3019 1743 3134 1801 ἐπεὶ
3180 1747 3267 1801 καὶ
3309 1746 3620 1821 παραδείσῳ
3658 1735 3753 1821 μὶν

332 1832 599 1908 ’ἄντικρυς
686 1835 833 1908 παρὰ
913 1837 1031 1894 τοῖς
1113 1851 1572 1907 καταρατοτατοις
1644 1832 1899 1894 Λατίνοις
1983 1829 2251 1899 εῒκάζεται
2333 1831 2394 1900 ἣν
2472 1833 2638 1903 ἡμεῖς
2723 1831 3000 1909 ἐλάχομεν
3091 1835 3260 1890 οἰκεῖν
3338 1835 3429 1890 καὶ
3512 1836 3753 1911 όποκαρ-

331 1925 608 1994 πεύεσθαι,
660 1923 751 1978 καὶ
812 1920 1107 1999 δυσέρωτες
1165 1921 1315 1984 ὃντες
1372 1927 1480 1978 τῶν
1546 1923 1672 1997 παρ’
1733 1923 1869 1996 ἡμῖν
1938 1921 2157 1998 ἀγαθῶν
2213 1925 2733 1997 κακογνῶμονοῦσιν
2777 1923 2857 1978 ἀεὶ
2887 1925 3013 1998 περὶ
3046 1926 3107 1980 τὸ
3138 1927 3402 2001 ἡμέτερον
3440 1928 3622 2002 γένος,
3662 1931 3752 1985 καί

327 2017 514 2068 κακῶν
589 2011 692 2067 εἶσι
769 2010 1015 2073 τέκτονες
1090 2007 1178 2066 διά
1251 2011 1473 2074 παντός.
1552 2008 1662 2067 Κᾶν
1738 2008 1917 2087 φιλεῖν
1978 2008 2348 2081 πλάττωνται,
2415 2010 2507 2064 τὸν
2585 2011 2774 2086 καιρὸν
2859 2010 3251 2086 ὑποδυόμενοι,
3338 2021 3590 2087 μισοῦσιν
3675 2017 3749 2070 ὡς

325 2101 598 2177 ἔχθιστον
632 2097 730 2156 κάν
760 2102 788 2156 6
821 2099 990 2176 λόγος
1022 2101 1210 2163 αὑτοῖς
1263 2097 1676 2177 εὑπροσὴγορος
1741 2100 1830 2153 καὶ
1890 2098 2022 2173 ὑπὲρ
2077 2093 2260 2154 ἔλαιον
2317 2096 2453 2172 ῥέων
2505 2095 2750 2177 ἀψοφητὶ
2816 2101 3180 2172 ἁπαλύνηται,
3213 2101 3358 2158 ἀλλὰ
3394 2101 3616 2177 βολίδες
3648 2102 3751 2158 εἰσὶ

325 2191 418 2246 καί
456 2191 639 2254 οὓτως
667 2189 845 2258 αὑτοὶ,
874 2190 963 2244 καὶ
999 2188 1276 2264 μαχαίρας
1331 2188 1682 2266 ἀμφιστόμου
1738 2187 2288 2262 τομώτεροι.ΓὊῦτω
2331 2186 2495 2262 μέσον
2546 2190 2710 2261 ἡμῶν
2754 2189 2842 2244 καὶ
2875 2189 3051 2245 αὑτῶν
3077 2189 3266 2265 χάσμα
3297 2189 3558 2267 διαφορᾶς
3590 2191 3752 2262 ἐστή-

327 2299 507 2353 ρικται
582 2279 860 2354 μέγιστον,
914 2277 1004 2334 καὶ
1063 2283 1182 2340 ταῖς
1241 2279 1494 2354 γνώμαις
1554 2277 1842 2353 ὰσυναφεῖς
1900 2275 2083 2348 ἐσμεν,
2142 2275 2233 2330 καὶ
2290 2275 2426 2331 κατά
2479 2274 2772 2353 διάμετρον
2830 2281 3233 2358 ἀφεστηκαμεν,
3292 2279 3336 2334 εἰ
3393 2281 3482 2334 καὶ
3532 2280 3748 2353 σώμασι

329 2367 712 2442 συναπτόμεθα
768 2369 858 2423 καὶ
915 2369 1016 2436 τήν
1073 2368 1241 2440 αὐτὴν
1311 2365 1588 2429 πολλάκις
1660 2364 1984 2440 είλήχειμεν
2054 2361 2521 2444 νοῗκησινΑὈθεν
2585 2368 2674 2421 καὶ
2751 2366 2908 2424 αὐτοὶ
2983 2369 3080 2442 μὲν
3170 2369 3601 2444 ὑψαυχενοῦντες
3681 2370 3750 2424 τά

328 2455 540 2528 πολλὰ,
594 2457 688 2513 καὶ
740 2459 805 2513 τὸ
862 2463 960 2513 τοῦ
1015 2461 1307 2538 σχήματος
1370 2456 1726 2536 ὑπερηφάνως
1785 2443 2204 2528 ὑποκρινόμενοι
2266 2450 2472 2531 ὄρθιον,
2522 2457 2598 2518 ὡς
2657 2456 2883 2532 πτέρναν
2942 2456 3164 2534 φιλοῦσι
3217 2463 3403 2532 τηρεῖν
3457 2458 3546 2514 καὶ
3594 2477 3751 2531 περι-

331 2546 652 2622 εργάζεσθαι
682 2547 744 2603 τὸ
776 2544 924 2601 λεῖον
953 2552 1051 2602 τοῦ
1079 2537 1248 2616 ἤθους
1285 2549 1446 2619 ἡμῶν
1473 2544 1564 2600 καὶ
1599 2537 2032 2600 ὑποκαταϐαῖνον
2089 2541 2267 2616 χαμαὶ
2319 2541 2408 2599 διά
2453 2543 2516 2600 16
2561 2549 2660 2600 τού
2710 2548 3058 2624 φρονήματος
3112 2546 3351 2622 μέτριον.
3382 2547 3576 2620 Ἡμεῖς
3604 2544 3747 2601 δὲτὸ

325 2633 550 2690 ἐκείνων
587 2635 862 2710 ὑπέροφρυ
891 2634 982 2690 καὶ
1011 2636 1074 2690 τὸ
1099 2656 1286 2707 κομπη
1299 2636 1386 2710 ρὸν
1418 2634 1510 2689 καὶ
1535 2633 1726 2707 σεμνὸν
1759 2632 1849 2687 καὶ
1879 2631 1980 2699 τήν
2011 2628 2242 2705 κόρυζαν
2276 2633 2369 2686 οἶά
2399 2654 2520 2688 τινα
2542 2632 2784 2708 κεφαλὴν
2817 2633 2931 2690 ἄνω
2966 2630 3413 2708 ὑποϐλεπόμενοι
3437 2637 3743 2709 τείνουσαν,

325 2722 412 2779 ἄπ’
443 2723 616 2792 αὐτῆς
654 2727 754 2794 τήν
788 2723 1007 2798 πορείαν
1047 2725 1306 2798 τιθέμέθα
1335 2723 1579 2802 φλῶντες
1611 2723 1724 2796 (i6)
1754 2720 1808 2784 ἐς
1838 2718 1996 2794 δεῦρο
2024 2721 2094 2793 τῇ
2136 2717 2363 2795 δυνάμει
2392 2724 2634 2797 Χριστοῦ
2682 2723 2779 2778 τοῦ
2821 2729 3006 2779 πατεῖν
3047 2723 3228 2780 ἰπάνω
3258 2721 3434 2804 ὄφεων
3461 2727 3550 2781 καὶ
3582 2747 3743 2801 σκορ-

323 2814 472 2868 πίων
504 2811 761 2886 ἐξουσίων
793 2808 1156 2888 βραϐεύοντος
1185 2815 1274 2869 καὶ
1308 2813 1372 2869 τὸ
1397 2810 1565 2886 μηδὲν
1598 2810 1838 2868 ἐντεῦθεν
1873 2809 2062 2864 παθεῖν
2092 2807 2128 2877 ἥ
2156 2810 2245 2864 καὶ
2277 2808 2568 2882 ἠδικῆσθαι
2597 2812 2956 2888 παρέχοντος.

398 2903 500 2958 Καὶ
537 2901 680 2957 οὕτω
715 2903 834 2975 μὲν,
862 2899 955 2957 ’ίνα
999 2903 1120 2967 καθ’
1169 2903 1358 2976 εἱρμὸν
1404 2900 1559 2964 αὖθις
1588 2901 1756 2976 προίῃ
1791 2900 1854 2955 τὸ
1887 2896 1978 2955 λέ-

2157 2901 2211 2955 8.
2268 2899 2485 2957 Verum
2541 2911 2602 2958 ut
2652 2905 2723 2960 ad
2783 2902 3038 2960 historias
3093 2905 3356 2962 ordinem
3412 2907 3736 2963 redeamus.

321 3011 464 3067 γειν,
501 2991 527 3044 ὑ
561 2988 848 3053 Σικελικὸς
891 2992 1116 3065 στρατὸς
1169 2997 1270 3060 τῆς
1313 2988 1532 3054 πόλεως
1589 2987 1988 3057 Θεσεαλονίκης

324 3073 482 3132 ἔνδον
516 3077 811 3151 γενόμενος
852 3078 950 3132 ὅσα
995 3077 1088 3132 καὶ
1140 3077 1232 3132 οἷα
1285 3077 1362 3150 μή
1412 3080 1528 3148 Θεῷ
1561 3075 1692 3150 φίλα
1719 3073 1983 3143 τετέλεκε,

323 3166 462 3220 κατᾶ
494 3168 593 3235 τὴν
627 3161 787 3237 ἕκτην
811 3167 1021 3240 ἡμέραν
1040 3170 1142 3221 τοῦ
1169 3165 1486 3243 Αὐγούστου
1520 3166 1716 3238 μηνὸς,
1747 3170 1844 3234 τῆς
1873 3161 1986 3237 τρί-

322 3276 427 3325 της
491 3254 888 3328 ἐπινεμήσεως,
929 3260 1025 3310 τοῦ
1075 3254 1549 3330 ἱξακισχιλιοστοῦ
1603 3253 1984 3323 ἑξακοσιοστοῦ

332 3343 690 3414 ἒνενηκοστοῦ
715 3343 806 3399 καὶ
835 3343 1020 3420 τρίτου
1050 3338 1226 3412 ἔτους,
1274 3351 1374 3413 τῆς
1420 3342 1792 3422 τειχομαχίας
1823 3342 1986 3416 ἀρξά-

337 3453 520 3506 μενος,
549 3432 639 3488 καὶ
670 3433 1014 3509 συμπεράνας
1052 3432 1252 3503 ταύτην
1300 3427 1559 3494 ἀϐλαϐῶς
1600 3432 1772 3503 ἑαυτῷ
1811 3429 1982 3500 πάντη

331 3523 469 3579 κατά
497 3524 596 3592 τὴν
638 3522 891 3595 πέμπτην
940 3522 1030 3578 καὶ
1082 3519 1307 3591 δεκάτην
1355 3525 1452 3576 τοῦ
1485 3521 1648 3576 αὑτοῦ
1681 3521 1873 3593 μηνός.
1907 3519 1984 3576 Ού

337 3615 504 3687 μόνον
532 3612 732 3680 τοίνυν,
767 3613 842 3675 ὡς
882 3611 1164 3688 ἐλέγομεν,
1193 3615 1290 3666 τοῦ
1337 3610 1586 3684 πόλέμου
1635 3609 1984 3683 ἐνισταμένου

331 3704 400 3758 τὰ
447 3706 558 3758 τῶν
605 3700 750 3756 ὅλων
795 3701 1122 3766 πεπόνθασιν
1170 3701 1221 3755 οἱ
1270 3698 1678 3760 Θεσσαλονικεῖς
1711 3699 1982 3776 χείριστα,

333 3790 480 3846 ἀλλά
527 3791 618 3845 καί
675 3789 872 3845 τούτου
903 3789 1168 3860 λήξαντος
1209 3787 1307 3844 ούκ
1337 3786 1554 3864 ἔρρεψεν
1586 3789 1621 3856 ἡ
1653 3787 1797 3861 τύχη
1847 3787 1983 3861 πρὸς

329 3881 392 3934 τὸ
425 3878 841 3956 φιλάνθρωπον,
883 3877 995 3934 οὐδ’
1040 3876 1242 3934 ἐνεῖδον
1297 3878 1482 3939 αὐτοῖς
1511 3880 1562 3932 οἱ
1593 3877 1984 3952 αἰχμαλωτεύ-

331 3989 518 4032 σαντες
547 3970 779 4042 ἥμερον
833 3967 894 4023 οὐ
953 3969 1056 4045 γάρ
1116 3969 1306 4023 οἱκιῶν
1366 3967 1532 4040 μόνον
1563 3965 1692 4029 τοὺς
1724 3963 1985 4026 δεσπότας

328 4055 597 4129 ἰξήλασαν
657 4057 745 4111 καὶ
805 4061 912 4111 τῶν
962 4054 1443 4129 κειμηλιουμὲνων
1488 4054 1636 4117 ἐντὸς
1684 4052 1980 4129 ἀπεστέρη-

329 4167 424 4201 σαν
455 4145 611 4201 αὑτοὶ
653 4150 820 4202 ταῦτα
873 4143 1220 4220 ἷδιωσάμενοι
1271 4148 1352 4220 [Ρ.
1389 4148 1536 4219 195],
1590 4144 1735 4200 ἀλλὰ
1787 4147 1876 4199 καὶ
1919 4143 1986 4199 τά

2096 2991 2328 3048 Siculus
2358 2995 2669 3065 exercitus,
2700 2994 3116 3050 Thessalonica
3147 3001 3381 3068 potitus,
3415 2996 3523 3052 hoc
3563 2997 3737 3053 modo

2098 3089 2397 3152 grassatus
2429 3087 2517 3138 est
2545 3083 2672 3140 sine
2705 3082 2818 3139 ullo
2850 3094 3112 3156 respectu
3145 3084 3262 3140 Dei.
3299 3085 3510 3141 Urbem
3557 3101 3736 3158 oppu-

2098 3186 2274 3241 gnare
2302 3169 2476 3242 cmpit
2502 3175 2661 3227 sexto
2692 3171 2788 3228 die
2848 3173 3065 3229 mensis
3103 3174 3369 3244 Augusti,
3421 3174 3737 3230 indictione

2099 3257 2288 3325 tertia,
2313 3275 2466 3314 anno
2503 3259 2689 3316 sexies
2730 3259 3030 3317 millesimo
3081 3261 3505 3319 sexcentesimo
3553 3279 3738 3320 nona-

2097 3348 2312 3418 gesirno
2343 3348 2508 3404 tertio
2542 3366 2557 3416 ;
2590 3363 2832 3420 eamque
2887 3349 3040 3422 cepit
3093 3350 3218 3407 sine
3277 3351 3394 3408 ullo
3425 3368 3530 3408 suo
3560 3353 3735 3408 detri-

2100 3440 2298 3492 mento
2319 3437 2576 3508 ejusdem
2606 3436 2823 3493 mensis
2853 3437 2944 3494 die
2995 3438 3219 3494 decima
3266 3441 3499 3513 quinta;
3549 3457 3738 3512 neque

2097 3541 2228 3581 vero
2283 3527 2532 3581 durante
2591 3525 2738 3582 bello
2824 3528 3106 3584 duntaxat
3189 3529 3743 3587 Thessalonicenses

2099 3611 2442 3684 gravissime
2465 3618 2606 3668 sunt
2629 3613 2854 3678 afflicti,
2882 3615 2979 3669 sed
3017 3631 3122 3670 nec
3154 3631 3220 3670 eo
3261 3615 3426 3670 finito
3449 3617 3740 3673 fortunam

2097 3706 2408 3776 aequiorem
2469 3705 2802 3760 habuerunt
2860 3709 2962 3759 aut
3019 3706 3266 3762 victores
3335 3705 3742 3762 clementiores

2098 3794 2251 3849 898
2275 3801 2410 3848 sunt
2437 3795 2656 3865 experti
2690 3811 2704 3860 ;
2736 3792 2832 3864 qui
2865 3809 2980 3848 non
3039 3793 3293 3849 contenti
3343 3792 3602 3865 expulsis
3647 3796 3744 3852 do~

2098 3883 2272 3938 minis
2292 3884 2441 3938 aedes
2463 3889 2520 3938 et
2537 3883 2736 3938 omnia
2758 3901 2884 3956 quae
2910 3883 2965 3938 in
2991 3883 3061 3939 iis
3083 3891 3244 3938 ercnt
3273 3883 3384 3939 sibi
3420 3882 3735 3953 vindicare,

2097 3972 2270 4027 etiam
2304 3975 2490 4027 vestes
2520 3971 2603 4027 eis
2664 3978 3006 4045 rapuerunt,
3067 3988 3138 4028 ne
3195 3972 3459 4028 interulis
3499 3973 3735 4045 quidem

2097 4057 2336 4121 relictis,
2369 4057 2584 4128 quibus
2615 4073 2678 4112 ea
2709 4063 3036 4130 tegerentur
3064 4075 3189 4128 qua:
3239 4064 3446 4114 natura
3489 4059 3598 4130 tegi
3637 4077 3737 4117 vo-

2098 4144 2253 4215 luit;
2299 4161 2398 4201 nec
2455 4145 2708 4200 frustum
2771 4146 2936 4218 panis
2994 4146 3248 4202 dominis
3308 4147 3733 4220 impertiebant,

328 4235 526 4309 ἱμάτια
555 4235 1010 4313 προσαφείλοντο,
1064 4232 1204 4308 μηδὲ
1257 4239 1365 4291 τῶν
1419 4233 1662 4310 ἐσχάτων
1699 4230 1981 4289 ὑποδυτῶν

2098 4250 2349 4306 quorum
2373 4234 2524 4290 bona
2553 4237 2920 4307 occuparant.
2952 4234 3062 4290 Sed
3112 4234 3346 4290 Barbari
3377 4237 3646 4294 sedentes
3675 4239 3735 4294 in

327 4323 712 4400 ἀποσχόμενοι
769 4327 877 4378 τῶν
935 4320 1286 4397 κρυπτόντων
1336 4322 1370 4375 ’ἀ
1407 4323 1443 4391 ἡ
1495 4321 1651 4399 φύσις
1698 4321 1774 4383 ὡς
1803 4319 1984 4394 ἀσχή-

331 4433 473 4484 μονα
541 4411 836 4468 καλύπτειν
886 4409 1122 4483 ἐπέταξε,
1196 4411 1335 4482 μήτε
1413 4412 1519 4482 μὴν
1573 4407 1809 4485 τρύφους
1867 4413 1982 4469 τοῖς

326 4499 624 4564 δεσπόταις
684 4497 1058 4574 μεταδιδόντες
1101 4501 1174 4553 ὧν
1221 4499 1374 4555 αὐτοί
1430 4519 1528 4573 περ
1587 4498 1663 4560 είς
1717 4496 1846 4560 τοὺς
1886 4497 1982 4552 κό-

323 4613 462 4654 πούς
520 4588 964 4660 εἰσεληλύθεσαν,
1025 4587 1148 4644 ἀλλ’
1208 4587 1356 4642 ο’ἰκοι
1434 4587 1528 4658 μὶν
1586 4586 1638 4640 ot
1692 4585 1980 4660 ἀλλότριοι

322 4681 636 4751 καθήμενοι
689 4677 1036 4733 κατεσπάθων
1117 4676 1184 4731 τά
1277 4673 1461 4730 ἐνόντα
1546 4673 1635 4728 καὶ
1711 4675 1979 4749 ὁσημέραι

327 4767 644 4842 ἑκώμαζον,
692 4766 820 4828 τοὺς
880 4763 937 4821 δὲ
992 4764 1458 4842 συγκεκομικότας
1517 4761 1594 4824 εἷς
1630 4763 1725 4826 τάς
1785 4764 1980 4825 σιπύας

325 4859 456 4913 εἱων
489 4855 718 4911 ἐπὶτῶν
774 4852 1007 4932 τριόδων
1063 4853 1358 4923 πλάζεσθαι
1405 4849 1676 4922 νήστιδας,
1711 4853 1980 4932 χαμαιεύ-

326 4968 446 5016 νας,
479 4941 831 5021 γυμνόποδας
869 4943 961 4999 καὶ
1019 4961 1290 5018 αχιτωνας
1350 4941 1424 5003 ὠς
1482 4939 1673 5012 κλίνην
1706 4944 1799 5012 μὲν
1832 4937 1976 5018 ἔχειν

321 5036 456 5097 τοὺς
513 5033 780 5111 πρότερον
839 5032 1180 5111 εὑπαρύφους
1236 5031 1298 5085 τὸ
1357 5027 1608 5097 δάπεδον,
1664 5029 1854 5109 στέγην
1885 5033 1978 5087 τὸν

324 5125 583 5200 οὐρανὸν,
649 5124 748 5192 τήν
809 5119 866 5178 δὲ
920 5120 1146 5197 κοπρίαν
1199 5116 1489 5192 θαλπωρὸν
1525 5115 1766 5191 δέμνιον.
1798 5123 1864 5178 *Ο
1923 5119 1980 5176 δὲ

325 5220 523 5290 χεῖρον
577 5216 685 5268 τῶν
743 5212 1142 5291 ἀφηγουμενων
1212 5207 1302 5262 καὶ
1375 5206 1481 5268 ἓως
1557 5207 1727 5277 αὐτῆς
1785 5206 1978 5264 δάκνον

2093 4323 2316 4378 aedibus
2347 4323 2846 4393 comessabantur,
2870 4327 2926 4378 et
2960 4339 3062 4394 per
3098 4323 3299 4378 luxum
3349 4340 3416 4380 ea
3463 4325 3733 4383 absume-

2093 4411 2236 4466 bant
2283 4428 2406 4482 quae
2461 4427 2828 4482 possessores
2878 4420 3097 4468 veteres
3154 4413 3379 4481 magnis
3435 4413 3734 4471 laboribus

2092 4506 2569 4571 comportarant;
2620 4516 2684 4556 ac
2741 4505 2865 4555 tum
2929 4500 2987 4555 in
3044 4501 3232 4556 triviis
3284 4503 3472 4572 jejuni
3505 4509 3560 4559 et
3594 4506 3734 4562 nudi

2091 4590 2466 4656 oberrabant,
2502 4589 2602 4661 qui
2635 4589 2858 4644 dudum
2892 4589 3067 4646 lautis
3097 4591 3350 4647 vestibus
3381 4591 3571 4650 induti
3621 4596 3735 4650 fue-

2091 4684 2242 4735 rant.
2270 4678 2508 4733 Lectum
2562 4676 2854 4733 habebant
2895 4683 3134 4746 terram,
3186 4685 3459 4753 tegumen
3506 4683 3732 4751 ccelum,

2092 4769 2290 4823 fitneta
2323 4782 2426 4840 pro
2458 4765 2757 4839 stragulis.
2791 4767 2858 4822 Et
2888 4770 3042 4839 quod
3077 4769 3199 4826 haec
3229 4771 3425 4826 omnia
3471 4777 3732 4844 superat,

2090 4861 2147 4914 et
2176 4858 2246 4912 ad
2278 4856 2468 4928 ipsum
2503 4872 2686 4928 usque
2718 4873 2816 4912 cor
2842 4867 3122 4929 penetrat,
3155 4875 3266 4913 non
3323 4859 3535 4915 licebat
3575 4859 3727 4928 prio-

2090 4948 2254 5004 ribus
2284 4946 2540 5003 dominis
2569 4949 2723 5003 edes
2754 4946 3000 5020 ingredi.
3058 4950 3219 5014 Quod
3271 4950 3321 5003 si
3351 4950 3483 5020 quis
3522 4953 3733 5002 fecerat

2089 5041 2190 5092 aut
2216 5034 2420 5091 saltem
2452 5035 2894 5108 introspexerat,
2919 5035 3109 5090 statim
3136 5035 3582 5089 inclementerin
3598 5051 3725 5089 eam

2087 5123 2619 5198 pertrahebatur,et
2639 5123 2890 5178 subinde
2911 5139 3148 5178 causam
3185 5122 3497 5190 rogabatur
3528 5137 3634 5177 cur
3661 5139 3727 5179 eo

2089 5215 2390 5284 ingressus
2420 5214 2572 5266 esset
2602 5214 2706 5266 aut
2734 5208 3174 5280 introspexisset
3213 5214 3313 5263 aut
3370 5209 3544 5264 limen
3595 5213 3726 5267 atrii

323 5287 542 5378 ψυχῆς,
603 5301 702 5356 οὐκ
753 5287 874 5370 ἐξῆν
921 5304 1038 5362 τοῖς
1091 5296 1281 5370 πρώην
1333 5292 1617 5358 δεσπόταις
1642 5294 1975 5371 παρεισιέναι

2098 5300 2472 5356 :alcusset.Ac
2505 5296 2706 5353 multis
2740 5296 2926 5369 plagis
2955 5295 3205 5366 acceptis
3247 5298 3552 5367 pecuniam
3588 5299 3727 5356 dare

1711 5426 1877 5488 Hier.
1911 5426 2125 5487 Wolﬁi
2152 5431 2340 5486 note.

401 5557 523 5632 (16)
557 5552 833 5618 Φλῶντες.
867 5551 1100 5611 Scilicet
1129 5549 1228 5620 τὴν
1255 5548 1522 5630 κεφαλήν.
