4118 6200
337 294 462 354 859

1654 285 1961 346 ΝΙΟΕΤιΕ
2003 284 2429 348 ΟΗΟΝῘΑΤᾸΕ

3654 283 3788 346 660

343 424 684 498 cogebatur,
717 439 897 497 quam
930 421 1050 478 illic
1080 419 1404 477 occultasse
1433 418 1770 490 putabatur,
1811 432 1993 488 eaque

2101 417 2190 472 τὸν
2225 418 2377 473 οἶκον
2407 415 2608 486 αὐτῶν,
2639 411 2768 470 ἀλλ’
2808 411 2862 470 εἷ’
2910 433 2995 478 τις
3031 415 3200 470 τοῦτο
3245 411 3543 490 εἶργάσατό
3575 433 3714 470 ποτε
3741 413 3780 484 ἢ

343 514 415 569 de
437 529 616 570 causa
638 511 1026 586 perlustrasse
1051 510 1316 578 domum,
1351 511 1618 565 metuens
1645 523 1715 562 ne
1739 506 1990 577 sublata,

345 607 448 662 aut
466 620 534 659 ea
557 606 715 672 parte
731 600 943 654 aedium
971 599 1126 656 894
1149 598 1206 652 in
1235 615 1352 670 qua
1402 597 1610 654 lateret
1657 597 1993 654 accuratius

343 692 692 768 perquisita,
725 689 798 745 ab
828 688 1096 744 hostibus
1129 687 1362 743 inventa
1393 692 1564 755 esset,
1596 693 1694 743 aut
1746 687 1873 759 ipse
1903 686 1993 742 di-

344 779 624 854 ligentius
643 795 768 836 eam
791 777 1081 834 occultare
1133 776 1320 833 vellet.
1353 777 1509 850 Saepe
1545 781 1738 832 autem
1778 776 1993 832 factum

347 873 440 926 est
471 873 537 924 ut
567 866 668 943 qui
699 867 756 922 id
789 865 1029 923 dederat
1060 867 1210 940 quod
1247 865 1478 938 provisa
1513 864 1858 938 migratione
1889 881 1996 922 sua

348 955 672 1027 abdiderat,
713 954 894 1010 nihilo
927 954 1124 1011 minus
1155 954 1355 1028 ﬂagris
1416 953 1734 1010 caederetur
1765 961 1819 1009 et
1856 969 1991 1026 gra-

343 1046 606 1106 vioribus
625 1045 934 1102 tormentis
968 1043 1352 1114 cruciaretur,
1389 1047 1454 1098 ut
1484 1041 1654 1116 plura
1699 1043 1997 1098 recondita

346 1135 653 1193 indicaret.
687 1132 849 1190 Alius
883 1133 979 1204 qui
1017 1132 1166 1188 nihil
1199 1132 1399 1199 dabat,
1455 1132 1555 1187 sed
1608 1147 1688 1199 se,
1723 1135 1785 1186 ut
1817 1148 1993 1198 nunc,

344 1224 428 1281 ita
457 1222 622 1296 prius
656 1224 830 1279 etiam
863 1221 1045 1277 fuisse
1070 1236 1404 1295 pauperem,
1439 1220 1754 1294 patriaeque
1783 1219 1995 1275 domus

349 1318 452 1369 aut
481 1309 712 1383 magnis
745 1311 870 1367 suis
897 1310 1238 1384 sumptibus
1277 1314 1585 1366 exstructas
1641 1307 1934 1364 desiderio
1964 1326 1996 1364 a

347 1401 644 1476 proposita
677 1399 767 1456 via
787 1398 877 1455 vel
908 1398 1154 1454 invitum
1178 1398 1534 1454 abstractum
1568 1415 1696 1454 esse
1736 1397 1996 1453 afﬁrma-

345 1492 468 1561 bat,
499 1495 567 1548 ut
596 1505 736 1547 suas
794 1488 1197 1564 possessiones
1257 1487 1434 1542 simul
1487 1492 1545 1544 et
1597 1491 1882 1562 spectaret
1938 1490 1996 1542 et

347 1578 778 1653 deploraret,ne
800 1578 850 1634 is
873 1577 1107 1652 quidem
1133 1575 1590 1633 misericordiam
1616 1575 1946 1633 inveniebat
1979 1591 1994 1644 ;

347 1669 450 1726 sed
483 1668 542 1722 in
571 1667 897 1724 cruciatum
930 1667 1207 1738 abreptus
1239 1671 1294 1720 et
1323 1664 1468 1738 pede
1489 1680 1814 1738 suspensus
1854 1664 1995 1720 sub-

2100 507 2262 580 μόνον
2321 504 2632 582 προύκυψεν
2694 500 2900 574 ἔνδοθι,
2960 503 3156 558 αὐτίκα
3214 502 3291 564 ὡς
3350 501 3458 558 ὑπὸ
3509 499 3786 572 Σκύλλης

2096 592 2335 669 ἀρχαίου
2393 598 2564 649 κακοῦ
2615 595 2724 648 τῶν
2786 590 2935 653 tua;
2998 591 3172 660 αὐτῆς
3246 590 3629 664 ἄνηρπάζετο,
3689 593 3784 646 καὶ

2098 683 2490 757 θαθιστάμενος
2548 683 2624 744 εἰς
2685 681 2886 757 λόγους
2969 680 3058 736 καὶ
3126 679 3410 743 πολλάκις
3473 681 3538 734 τὸ
3601 679 3788 735 αἴτιον

2099 769 2516 846 διερωτώμενος
2560 774 2656 826 τοῦ
2716 769 2886 826 ἱκεῖσε
2942 764 3286 845 παραϐαλεῖν
3337 768 3374 838 ἦ
3427 764 3592 842 ὄμμα
3660 775 3787 833 τοῖς

2099 857 2205 914 ἔσω
2234 875 2236 878 ·
2266 859 2453 934 βαλεῖν
2484 859 2520 929 ἢ
2551 860 2641 914 τὸν
2704 855 2865 914 οὐδον
2915 864 3015 928 τῆς
3075 857 3305 912 αὐλείου
3350 863 3598 927 πατῆσαι
3633 855 3787 913 πολ-

2101 944 2203 1009 λὰς
2261 945 2526 1022 έδαίρετο,
2605 946 2698 1001 καὶ
2783 947 3052 1021 χρήματα
3149 947 3418 1023 παρέχειν
3489 967 3787 1024 κατηναγ-

2097 1036 2311 1105 κάζετο,
2415 1037 2448 1092 ἅ
2546 1034 2717 1090 έκεῖσέ
2791 1055 2899 1090 που
2990 1034 3346 1090 ὑπωπτεύετο
3421 1036 3779 1111 κατακρύψαι

2097 1125 2187 1179 καὶ
2220 1125 2307 1187 οῖς
2335 1126 2434 1194 τήν
2491 1121 2717 1200 καρδίαν
2775 1120 2938 1194 δῆθεν
2992 1121 3203 1199 έκχέων
3260 1123 3349 1179 καὶ
3407 1125 3536 1178 οἷον
3569 1119 3789 1198 συμϐε-

2100 1206 2374 1288 ϐυσμένην
2407 1215 2597 1288 αὐχῶν
2647 1210 3095 1288 περιπαπταίνειν
3139 1213 3409 1287 προήχθη
3440 1213 3510 1268 τὸ
3541 1212 3783 1286 οἴκημα,

2099 1301 2290 1367 δεδιὼς
2352 1305 2428 1379 μὴ
2501 1304 2822 1375 σεσύληνται
2879 1304 2972 1359 καὶ
3018 1300 3268 1359 σπεύδων
3327 1309 3524 1378 μαθεῖν
3578 1305 3626 1359 εἰ
3679 1305 3787 1362 οὐκ

2099 1391 2258 1459 ἔλαθε
2306 1394 2369 1450 τὸ
2430 1393 2592 1469 μέρος
2646 1401 2748 1465 τῆς
2803 1393 2981 1456 οἰκίας
3038 1395 3168 1457 τοὺς
3226 1393 3546 1468 πολεμίους
3597 1397 3720 1460 καθ’
3753 1396 3787 1450 ὂ

2098 1488 2265 1539 ταῦτα
2322 1483 2703 1561 έγκέκρυπται,
2772 1483 3200 1560 ἐπιμελέστερον
3260 1486 3386 1561 περὶ
3447 1488 3554 1556 τήν
3597 1485 3785 1543 αὐτῶν

2101 1570 2440 1630 διατεθέντας
2515 1573 2787 1649 ἀνεύρεσιν
2861 1573 2899 1643 ἤ
2976 1574 3142 1636 αὐτὸς
3219 1573 3630 1654 ἀσφαλέστερον
3705 1579 3788 1639 ὡς

2102 1660 2284 1732 ε’ἰησαν
2347 1661 2550 1740 ἀφανῆ.
2611 1663 2714 1721 Καὶ
2770 1659 2955 1724 διδοὺς
2996 1662 3089 1718 οὖν
3149 1683 3234 1724 τις
3302 1662 3584 1727 πολλάκις
3647 1665 3787 1742 ὅπερ

341 1755 520 1832 jectis
549 1755 735 1829 paleis
783 1754 1041 1812 incensis
1101 1755 1262 1810 fumo
1321 1753 1670 1819 torrebatur,
1730 1769 1995 1810 concaca-

2107 1748 2409 1805 συνέστειλε
2458 1751 2556 1820 τὴν
2617 1749 2676 1806 ἐκ
2732 1750 2831 1806 τοῦ
2892 1749 3150 1824 δώματος
3178 1751 3348 1807 αὐτοῦ
3378 1755 3783 1828 προορώμενος

2113 1837 2140 1858 ν

349 1844 807 1912 batur,veruhus
828 1843 1008 1899 latera
1030 1842 1433 1916 pungebatur;
1463 1847 1521 1898 et
1541 1840 1674 1898 aliis
1713 1841 1996 1898 sexcentis

351 1937 542 2014 poenis
573 1935 893 2008 exagitatus
924 1937 1027 1988 aut
1057 1933 1115 1989 in
1147 1931 1274 2003 ipsa
1321 1930 1830 1987 excarniﬁcatione
1868 1931 1998 1986 ani-

352 2040 512 2082 mam
543 2021 870 2088 exhalabat,
912 2024 1014 2077 aut
1043 2018 1408 2076 semianimis
1441 2020 1588 2093 pede
1641 2024 1802 2076 extra
1844 2020 1994 2077 aedes

346 2119 632 2186 tanquam
659 2113 1112 2184 purgamentum
1133 2113 1430 2166 extractus
1480 2108 1591 2167 sub
1640 2109 1734 2168 dio
1778 2109 1836 2165 in
1870 2109 1992 2185 pla-

347 2201 457 2260 teis
479 2201 735 2283 jacebat.

2106 1837 2360 1914 ἄπαρσιν,
2399 1837 2515 1894 οὐδ’
2549 1836 2724 1902 οὕτως
2783 1838 3160 1915 ἠλλοτριοῦτο
3189 1845 3300 1896 τῶν
3351 1843 3782 1920 μαστιγώσεων.

2105 1927 2251 1984 ἆλλά
2304 1925 2528 1992 πλείους
2589 1929 2736 2003 αὐτῷ
2787 1928 3118 1986 ένετείνοντο
3174 1931 3230 1984 at
3286 1931 3509 2010 πληγαὶ
3551 1934 3647 1988 καί
3679 1955 3790 1990 πο-

2105 2014 2473 2093 λυειδέστεραι
2535 2019 2588 2073 αἱ
2652 2019 2876 2094 βάσανοι
2933 2016 3231 2094 έπήγοντο,
3289 2020 3380 2075 ἳνα
3445 2023 3540 2077 καὶ
3604 2021 3786 2079 πλείω

2101 2108 2169 2162 τά
2225 2105 2762 2184 ἀποθησαυρισθέντα
2818 2109 3094 2186 έκφήνειε,
3154 2108 3262 2164 Καὶ
3317 2111 3396 2182 μὴ
3430 2113 3695 2190 παρέχων
3724 2111 3787 2169 δὶ

2101 2219 2185 2260 τις
2213 2195 2421 2275 ἕτερος,
2461 2197 2609 2254 ἀλλά
2636 2199 2889 2262 πένεσθαι
2946 2198 3034 2253 καὶ
3085 2202 3176 2252 νῦν
3229 2199 3306 2260 ὡς
3343 2199 3542 2271 πρώην
3572 2199 3786 2257 διατει-

345 2289 592 2363 νόμενος,
654 2285 746 2342 καὶ
805 2285 1023 2364 φάσκων
1087 2285 1161 2348 ὦς
1216 2285 1386 2349 πόθος
1444 2285 1699 2358 πατρῴου
1768 2285 2072 2361 οἰκήματος
2135 2289 2170 2359 ἢ
2230 2285 2469 2350 πολλαις
2523 2287 2612 2343 ὑπ’
2667 2286 2833 2342 αὐτοῦ
2891 2285 3155 2350 δαπάναις
3216 2289 3591 2364 ἀνεγερθέντος
3632 2311 3785 2368 παρ-

350 2377 584 2455 ενεγκὼν
616 2377 715 2446 τῆς
747 2374 1113 2451 προκειμένης
1141 2371 1271 2429 ὁδοῦ
1303 2375 1392 2430 καὶ
1423 2370 1622 2428 ἄκοντα
1651 2370 2012 2446 ἐπεσπάσατο,
2060 2377 2250 2446 θεατὴν
2308 2377 2419 2450 ἃμα
2470 2377 2556 2432 καὶ
2621 2377 2898 2451 θρηνητὴν
2939 2379 3036 2432 τοῦ
3088 2375 3296 2432 οἰκείου
3329 2379 3464 2434 ποτὶ
3494 2381 3788 2458 κτήματος

349 2464 651 2539 ἁναδειξας,
685 2462 800 2522 οὐδ’
827 2465 1000 2528 οὕτως
1051 2463 1171 2541 εἶχε
1217 2463 1309 2518 τὸν
1351 2461 1606 2519 έλεοῦντά
1633 2484 1692 2518 τε
1719 2465 1807 2520 καὶ
1866 2463 2254 2541 λυτρούμενον,
2301 2465 2444 2522 ἀλλὰ
2493 2460 2918 2543 στρεϐλούμενοί
2945 2487 3005 2522 τε
3033 2467 3124 2521 καὶ
3151 2465 3519 2542 αἰκιζόμενοι,
3552 2471 3658 2525 κάκ
3685 2475 3791 2527 τοῦ

346 2551 516 2618 ποδὸς
547 2553 992 2630 ἀπαιωρούμενοι
1041 2553 1132 2610 καὶ
1179 2553 1430 2634 ἀχυρμία
1477 2554 1714 2618 κάτωθεν
1765 2548 2206 2634 ὑποϐεϐλημένοι
2262 2557 2350 2610 καὶ
2389 2556 2746 2630 ἀναπτομένῳ
2776 2558 2905 2632 πυρῖ
2958 2557 3375 2631 καπνιζόμενοι,
3407 2559 3472 2613 τό
3508 2579 3570 2614 τε
3601 2560 3787 2634 στόμα

347 2643 707 2778 μινθούμενοι
740 2641 950 2706 καὶτὰς
983 2642 1221 2718 πλευρὰς
1253 2642 1604 2718 κεντούμενοι
1639 2641 1822 2720 βέλεσι
1870 2645 1962 2701 καὶ
2020 2645 2214 2722 μυρίας
2260 2643 2434 2709 ὄίλλας
2479 2643 2733 2709 κολάσεις
2767 2646 3125 2724 ὑφιστάμενοι
3157 2647 3192 2718 ἢ
3225 2653 3306 2720 τῷ
3333 2652 3510 2704 ταῦτα
3539 2648 3779 2724 πάσχειν

375 2730 668 2778 tiri/immuni
708 2734 805 2778 τ’λν
838 2733 1026 2778 ὡιινῆν
1081 2733 1117 2778 ὖξ
1150 2735 1446 2778 ’λιιιανίτςε
1478 2731 1769 2778 ἑλκόμενοι
1798 2737 1897 2778 fni}
1928 2731 2095 2778 ποδὸε·
2126 2733 2306 2778 [Ἅι-τπςή
2337 2757 2386 2778 τι
2438 2743 2538 2778 vir
2571 2734 2745 2778 ηίνίηρ
2777 2734 3091 2778 ἔεξωιηῆυφη
3123 2731 3476 2778 λπηκρύνεωηη
3529 2739 3630 2778 νόυ
3657 2745 3779 2778 ann-7.-

374 2730 668 2812 ξέρῥησσον
708 2734 805 2803 τὴν
838 2733 1048 2810 ψυχὴν,
1081 2733 1117 2803 ἢ
1150 2735 1446 2808 ἡμιθνῆτες
1478 2731 1769 2813 ἑλκόμενοι
1798 2737 1897 2790 τοῦ
1928 2731 2095 2799 ποδὸς
2126 2733 2306 2811 ὥσπερ
2337 2757 2389 2791 τι
2438 2743 2538 2806 τῆς
2571 2734 2745 2802 οἰκίας
2777 2734 3091 2812 ἐξεφέροντο
3123 2731 3501 2814 ἀποϐάρωμα,
3529 2739 3630 2794 κάν
3657 2745 3786 2804 ταῖς

339 2822 623 2888 πλατείαις
653 2823 976 2898 προύκειντο
1010 2820 1238 2899 αἴθριοι.

415 2915 470 2970 9.
499 2914 648 2983 Quid
673 2914 702 2970 ?
731 2913 834 2970 tali
867 2912 1225 2986 benignitate
1263 2913 1443 2973 Siculi
1497 2917 1724 2971 veteres
1778 2914 1990 2971 aedium
2023 2917 2066 2986 C

347 3006 621 3064 dominos
647 3005 974 3064 tractabant
1008 3006 1272 3062 :caateris
1319 3022 1472 3074 vero,
1505 3005 1603 3079 qui
1655 3005 1804 3062 aedes
1857 3023 1997 3062 suas

349 3104 413 3154 ut
432 3095 643 3152 inferni
668 3095 890 3164 fauces,
913 3098 1015 3152 aut
1033 3094 1324 3151 Creticum
1371 3094 1810 3170 Labyrinthum,
1842 3096 1991 3153 895

347 3188 452 3240 aut
477 3184 728 3240 Ceadam
759 3183 1108 3240 Laconicum
1170 3184 1564 3257 praeteribant,
1610 3183 1997 3243 humanitatis

349 3272 574 3346 aliquid
607 3270 991 3330 tribuebant?
1021 3271 1257 3330 Minime
1286 3289 1441 3329 vero.
1501 3272 1648 3329 Nam
1698 3273 1850 3328 unde
1878 3272 1996 3329 illis

345 3361 482 3419 talis
513 3361 780 3426 allectus,
815 3361 915 3432 qui
951 3360 1084 3417 feris
1117 3360 1490 3418 immaniores
1545 3361 1818 3435 ignorant
1855 3360 1995 3435 quid

345 3451 427 3508 sit
449 3449 932 3514 misericordia,et
954 3449 1220 3510 cladibus
1242 3449 1550 3507 hominum
1585 3449 1949 3506 delectantur
1973 3448 2000 3504 ‘I

346 3556 523 3599 canes
553 3539 790 3613 quidem
825 3537 1087 3595 invenias
1133 3539 1232 3612 qui
1290 3539 1479 3614 captis
1531 3544 1794 3614 pareant,
1845 3537 1996 3595 ultro

347 3632 516 3692 hiatu
547 3631 684 3701 oris,
718 3645 920 3687 morsu
952 3633 1010 3687 et
1064 3627 1276 3686 latratu
1337 3645 1626 3704 represso,
1661 3628 1710 3684 si
1769 3629 1806 3684 ii
1851 3645 1998 3702 quos

349 3725 784 3797 persequuntur
812 3719 873 3780 in
923 3734 1116 3793 genua
1165 3717 1600 3792 procubuerint.
1643 3717 1743 3776 Isti
1775 3722 1992 3790 autem,

350 3817 580 3870 tantum
605 3811 806 3870 aberat
829 3813 892 3866 ut
911 3824 1114 3867 eorum
1140 3806 1538 3866 miseresceret
1559 3823 1707 3882 quos
1725 3807 1996 3863 omnibus

349 3901 558 3977 Opibus
591 3898 935 3976 spoliarant,
962 3905 1019 3955 et
1047 3913 1300 3970 quorum
1332 3913 1455 3953 rem
1489 3896 1838 3954 familiarem
1863 3913 1995 3953 cum

343 3992 554 4051 scortis
575 3990 1022 4058 consumebant,
1044 4005 1170 4064 quas
1195 3988 1686 4046 consectabantur
1730 3986 1996 4044 maximi-

341 4099 458 4156 que
491 4082 802 4149 faciebant,
836 4084 900 4137 ut
928 4093 1075 4151 pene
1106 4078 1294 4152 alapis
1327 4077 1397 4135 ab
1427 4077 1512 4134 eis
1543 4076 1684 4134 caedi
1736 4093 1798 4133 se
1834 4080 1996 4149 pate-

344 4175 551 4230 rentur
580 4169 620 4228 ii
653 4168 752 4244 qui
784 4185 846 4226 se
895 4183 1063 4226 omne
1115 4166 1499 4226 Romanorum
1557 4165 1880 4239 imperium
1934 4171 1998 4220 ut

344 4262 642 4318 desertum
674 4257 878 4315 nidum
938 4260 1325 4354 occupaturos
1383 4259 1438 4310 et
1479 4259 1537 4310 ut
1581 4271 1688 4310 ova
1716 4252 1992 4354 derelicta
2025 4289 2069 4354 Β

345 4349 685 4408 sublaturos
735 4347 1061 4419 jactabant.
1112 4343 1448 4401 Nuditatem
1509 4360 1642 4400 vero
1683 4344 1990 4402 hominum

344 4438 633 4504 ridebant,
657 4441 713 4492 et
741 4435 1046 4492 cachinnis
1077 4433 1583 4502 concutiebantur,
1617 4433 1666 4489 si
1708 4433 1841 4507 quis
1878 4450 1995 4507 pra

344 4527 521 4592 fame,
549 4525 731 4579 macie
755 4525 1053 4579 confectus
1106 4526 1207 4578 aut
1258 4523 1570 4580 tumefacto
1609 4528 1827 4593 ventre,
1868 4522 1995 4595 pal-

343 4612 465 4668 lida
496 4614 553 4668 et
585 4609 760 4666 livida
793 4610 934 4666 facie
965 4626 1036 4665 ex
1091 4609 1314 4666 olerum
1371 4614 1470 4665 aut
1531 4627 1771 4668 uvarum
1816 4611 1992 4678 victu,

343 4718 412 4758 ex
442 4697 724 4774 proximis
746 4696 932 4753 vineis
955 4713 1090 4752 cum
1149 4696 1405 4767 periculo
1466 4697 1728 4765 collecto,
1761 4705 1992 4770 praeter-

342 4791 486 4847 ibat.
520 4789 604 4844 Ita
634 4803 803 4860 porro
863 4784 1294 4842 miserabantur
1350 4801 1451 4839 eos
1509 4785 1609 4856 qui
1658 4786 1863 4843 laceris
1896 4804 1995 4843 ve-

340 4880 532 4940 stibus
565 4877 1010 4942 utebantur,aut
1035 4873 1312 4930 arborum
1369 4872 1683 4928 corticibus
1723 4875 1995 4948 pudenda

339 4971 631 5039 volabant,
664 4967 818 5026 896
862 4968 965 5022 aut
994 4978 1024 5020 e
1057 4960 1373 5020 viminibus
1433 4961 1717 5018 contextis
1765 4962 1994 5036 pileolis

340 5060 536 5134 capita
567 5059 862 5132 tegebant,
896 5056 960 5110 ut
989 5069 1124 5109 cum
1157 5050 1278 5107 risu
1309 5054 1368 5108 et
1397 5048 1623 5108 ludicro
1666 5057 1832 5125 gestu
1891 5053 1992 5110 ob-

340 5153 570 5212 viorum
595 5149 809 5206 barbas
834 5151 889 5203 et
909 5141 1154 5218 capillos
1179 5140 1464 5198 ambabus
1509 5139 1784 5200 manibus
1831 5157 1990 5200 com-

337 5240 793 5313 prehenderent,
827 5253 891 5292 ac
923 5235 1111 5293 hirtas
1143 5237 1199 5290 et
1227 5232 1545 5306 promissas
1595 5230 1722 5290 illas
1781 5232 1992 5290 barbas

343 5329 528 5384 malas
558 5344 706 5397 esse,
740 5325 970 5398 capillis
1021 5339 1156 5380 vero
1217 5338 1366 5394 opus
1425 5338 1554 5380 esse
1611 5323 1871 5380 dicerent
1929 5335 1993 5386 ut

343 5417 603 5487 ipsorum
627 5432 788 5471 more
815 5415 876 5470 in
909 5413 1110 5469 urbem
1142 5412 1544 5468 tonderentur.
1566 5411 1900 5483 Aliquando
1931 5414 1990 5468 in

346 5505 514 5575 equis
537 5506 723 5560 forum
754 5502 1222 5576 perambulantes
1246 5501 1519 5558 fraxineis
1538 5503 1722 5560 hastis
1747 5505 1991 5560 miseros

342 5593 802 5668 prasternebant,
834 5592 891 5648 in
915 5592 1117 5648 ﬁmum
1146 5597 1248 5648 aut
1277 5591 1462 5648 lutum
1509 5593 1906 5666 potissimum,
1940 5595 1990 5649 si

2172 2916 2235 2979 θ’.
2295 2915 2360 2974 Τί
2422 2912 2527 2983 δέ;
2591 2913 2736 2972 ἀλλᾶ
2791 2915 3068 2978 τοιούτοις
3131 2917 3229 2990 μέν
3287 2915 3782 2996 φιλοφρονήμασιν

2103 3001 2399 3075 ἐδεξιοῦντο
2429 3005 2554 3067 τοὺς
2585 3002 2759 3060 πάλαι
2791 3009 2900 3060 τῶν
2935 3003 3120 3080 δόμων
3163 3005 3388 3081 γυρίους
3438 3008 3496 3061 οἳ
3539 3007 3769 3064 Σικελοὶ

2101 3093 2190 3148 καὶ
2223 3093 2558 3169 ἐθεράπευονο
2626 3092 2755 3157 τοὺς
2815 3093 2872 3151 δὲ
2933 3094 3186 3164 Λοιποῦς,
3245 3097 3367 3151 ὅσοι
3435 3095 3531 3161 τάς
3589 3097 3768 3154 αὐτῶν

2103 3182 2277 3246 οίκίας
2325 3181 2662 3259 παρέτρεχον
2711 3183 2815 3238 ’ὀσα
2857 3183 2948 3238 καὶ
2998 3180 3131 3256 ᾅδου
3183 3183 3385 3259 στόμια
3426 3187 3464 3257 ἣ
3497 3181 3765 3261 λαϐύριν-

2104 3282 2195 3337 θον
2228 3274 2498 3348 Κρητικὸν
2558 3275 2593 3343 ἢ
2650 3270 2889 3331 Καιάδαν
2945 3275 3282 3341 Λακωνικὸν,
3333 3278 3563 3354 ἡμέρως
3593 3297 3765 3353 προσ-

2108 3360 2245 3418 ίεντο
2276 3362 2366 3418 καὶ
2414 3362 2685 3440 μετόχους
2744 3361 2964 3420 ἐποίουν
3025 3365 3442 3442 φιλανθρωπίας
3501 3368 3766 3436 ἡστινοσ-

2104 3454 2228 3519 οῦν;
2287 3449 2545 3526 οὐμενοῦν
2602 3449 2879 3526 οὐδαμῶς·
2941 3456 3048 3508 ποῦ
3106 3453 3211 3534 γὰρ
3269 3455 3520 3510 τοιοῦτόν
3550 3477 3602 3510 τι
3633 3457 3764 3533 παρ’

2105 3537 2326 3604 ἐκείνοις
2358 3538 2713 3616 ἀγριωτέροις
2773 3540 2891 3597 οὖσι
2954 3544 3163 3617 θηρῶν,
3209 3541 3301 3598 καὶ
3351 3541 3500 3606 ὅλως
3556 3545 3768 3622 ἠγνοη-

2101 3628 2221 3684 κόσι
2251 3628 2303 3685 τί
2345 3628 2483 3685 έστιν
2518 3624 2692 3698 ἔλεος,
2743 3629 2834 3686 καὶ
2881 3636 2999 3694 ταῖς
3053 3631 3420 3708 ἀνθρωπίναις
3452 3640 3764 3712 συμφοραῖς

2103 3715 2488 3796 έπιχαίρουσις
2537 3720 2627 3775 καὶ
2685 3718 2840 3782 κύνες
2905 3722 3000 3794 μὶν
3053 3716 3196 3777 ἔστιν
3248 3723 3356 3793 ὅπη
3410 3727 3518 3778 τῶν
3573 3724 3760 3780 έπικαο

2101 3805 2600 3885 ταλαμεανομένων
2677 3809 3005 3892 ἀπέσχοντο,
3077 3809 3188 3868 οὐδ’
3260 3809 3477 3868 ὀδοῦσιν
3557 3814 3761 3877 αὐτοὺς

2102 3898 2518 3974 παρελύπησαν,
2553 3898 2676 3956 ἀλλ’
2719 3902 2804 3963 οἷς
2832 3900 2897 3956 τὸ
2934 3901 3065 3975 γόνυ
3100 3897 3353 3957 ῶκλασαν
3395 3903 3446 3957 οἱ
3485 3899 3754 3958 καταδιω-

2101 3989 2349 4061 κόμενοι,
2382 3991 2627 4064 παρῆκαν
2689 3989 2838 4044 οὗτοι
2885 3989 2948 4046 τὸ
3008 3988 3284 4061 ὑλακτεῖν,
3317 3993 3408 4046 καὶ
3463 3991 3532 4046 εἰς
3567 3991 3748 4066 μάτην

2103 4076 2288 4142 αὐτοῖς
2346 4078 2556 4134 έκοῦσιν
2618 4075 2800 4154 ὥσπερ
2858 4076 3255 4151 ἆπετελεύτησε
3310 4081 3372 4136 τὸ
3433 4086 3636 4160 χανεῖν.
3683 4083 3754 4138 Οἱ

2103 4160 2160 4220 δὲ
2204 4168 2462 4221 τοσοῦτον
2514 4165 2744 4242 ἀπεῖχον
2790 4170 2886 4221 τοῦ
2935 4165 3217 4243 οἰκτείρειν
3266 4169 3360 4230 οῦς
3411 4174 3518 4223 τῶν
3577 4164 3756 4227 ὄντων

2102 4251 2391 4330 ἐστέρησαν
2421 4255 2513 4310 καὶ
2553 4277 2626 4310 ων
2657 4256 2752 4317 τὰς
2797 4254 2980 4319 οὐσίας
3019 4253 3403 4312 κατεδαπάνων
3450 4257 3586 4332 μετά
3614 4280 3761 4336 πορ-

2101 4348 2231 4414 νῶν,
2265 4343 2323 4406 ἃς
2353 4345 2590 4419 καὶπερὶ
2620 4343 2882 4401 πλείστου
2915 4344 3153 4402 ἐτίθεσαν
3184 4347 3259 4410 εἷς
3289 4349 3382 4410 τὰς
3414 4349 3592 4406 αὐτῶν
3625 4373 3758 4428 τρο-

2095 4432 2222 4510 χιάς
2254 4431 2618 4503 ἐκκλίνοντες,
2647 4435 2735 4490 καὶ
2773 4436 2859 4514 ὑφ’
2891 4436 2964 4492 ὧν
2997 4440 3196 4513 μικροῦ
3225 4437 3314 4492 καὶ
3354 4435 3759 4515 κονδυλιζόμε-

2095 4542 2178 4576 νοι
2209 4516 2398 4601 ἔφερον
2433 4525 2484 4579 οἱ
2516 4527 2688 4579 πᾶσαν
2719 4525 2817 4594 τὴν
2845 4525 3137 4600 Ῥωμαίων
3184 4527 3560 4601 κομπάζοντες
3587 4552 3759 4587 νατα-

2098 4606 2366 4684 λήψεσθαι
2426 4611 2500 4676 ὡς
2559 4607 2766 4688 ἔρημον
2821 4615 3035 4669 νοπσιάν
3097 4614 3184 4670 καὶ
3257 4615 3757 4695 ἐγκαταλελειμένα

2097 4699 2179 4772 ᾠά
2209 4699 2381 4776 ἀρεῖν,
2415 4702 2551 4758 ὥστε
2581 4701 2668 4756 καὶ
2701 4703 2777 4767 εἰς
2807 4702 2986 4782 γέλων
3021 4706 3120 4776 τήν
3151 4707 3483 4783 γυμνητείαν
3514 4707 3752 4768 ἐτίθεσαν

2095 4792 2204 4843 τῶν
2234 4787 2490 4860 πολλῶν,
2549 4790 2641 4846 καὶ
2689 4791 2903 4865 ἀτάκτῳ
2952 4799 3262 4868 καγχασμῷ
3306 4792 3746 4873 συνεϐράσσοντο,

2096 4877 2259 4948 ἡνίκα
2314 4900 2396 4942 τις
2453 4879 2651 4958 παρῄει
2711 4880 3222 4959 έκτεταριχευμένος
3291 4886 3542 4960 ἀπαστίᾳ,
3598 4885 3754 4960 ᾠδη-

2095 4967 2175 5021 κὼ
2208 4968 2308 5038 τήν
2338 4969 2593 5045 γαστέρα,
2647 4970 2746 5040 τήν
2816 4968 2937 5044 ὄψιν
2994 4969 3256 5052 ’ὐπωχρὸς
3322 4975 3414 5029 καὶ
3471 4976 3752 5050 νεκρώδης

2095 5053 2155 5111 ἐκ
2209 5061 2307 5112 τοῦ
2368 5056 2635 5134 λαχάνοις
2693 5057 3076 5134 ένευωχεῖσθαι
3126 5061 3213 5115 καὶ
3271 5061 3456 5136 μόνοις
3500 5064 3752 5143 ἐνεορτά-

2099 5148 2203 5216 ζειν
2241 5146 2495 5222 βότρυσιν
2531 5147 2590 5203 έκ
2635 5152 2741 5203 τῶν
2799 5146 2908 5204 ἐκεῖ
2963 5169 3067 5203 που
3135 5150 3478 5224 ἀμπελώνων
3514 5154 3606 5209 σὺν
3640 5154 3743 5213 δέει

2095 5233 2544 5322 συλλεγομένοις·
2607 5237 2763 5295 Οὑτω
2817 5234 2865 5292 δ’
2922 5237 3184 5316 ᾤκτειρον
3235 5241 3363 5304 τοὺς
3419 5239 3746 5322 διεῤῥωγόσι

2094 5318 2476 5409 περιβλήμασι
2516 5325 2914 5401 κεχρημένους,
2975 5325 3065 5381 καὶ
3124 5318 3583 5403 περιστέλλοντας
3615 5318 3748 5409 φιά-

2095 5415 2162 5486 θῃ
2214 5407 2246 5466 ἃ
2301 5411 2556 5490 κρύπτειν
2614 5416 2792 5490 χρεὼν
2855 5416 2994 5492 μέρη
3034 5421 3136 5472 τοῦ
3188 5419 3474 5492 σώματος,
3507 5425 3597 5478 καὶ
3626 5407 3746 5488 ταῖς

2095 5506 2203 5557 τῶν
2247 5502 2449 5578 σχίνων
2509 5503 2788 5583 έκφύσεσιν
2842 5506 2919 5568 εἰς
2976 5504 3194 5586 πλίγμα
3249 5512 3747 5588 συνεστραμμέναις

2096 5592 2196 5660 τήν
2229 5591 2472 5667 κεφαλὴν
2533 5593 2932 5664 συσκιάζοντας.
2993 5596 3129 5651 ὥστε
3186 5600 3322 5671 μετὰ
3383 5599 3743 5680 μειδιάματος
