4118 6200
334 283 459 346 σοι

1399 286 1498 348 DE
1539 282 2004 348 ANDRONICO
2047 281 2438 345 COMNENO
2483 282 2624 343 LIB.
2672 283 2716 343 Ι.

3647 291 3766 352 662

335 419 433 474 καὶ
471 417 764 494 σεσηρότος
833 420 1123 494 σχήματος
1177 416 1232 475 ἐν
1290 425 1372 494 τῷ
1429 418 1564 476 κατά
1619 419 1720 488 τὴν
1776 415 1974 492 πορεία

2112 418 2269 490 quod
2303 417 2362 473 in
2396 418 2489 474 via
2512 419 2764 489 jacebat,
2783 435 2882 475 seu
2909 436 3221 478 occursum
3267 438 3466 481 eorum
3501 431 3566 482 ut
3611 430 3765 486 0mi-

341 513 599 580 συναντᾷν
630 505 909 579 ἀλλήλοις
939 508 1273 589 ἀμφοτέραις
1307 507 1562 580 λάξεσθαι
1616 514 1726 564 τῶν
1774 506 1995 582 γενείων

336 600 433 654 καὶ
486 601 586 654 τοῦ
667 604 770 667 τῆς
838 598 1082 675 κεφυλῆς
1137 598 1490 675 τριχώματος
1566 597 1845 667 ἅπτεσθαι,
1906 593 1993 652 καὶ

336 694 512 744 ταῦτα
553 688 649 763 μὶν
675 685 857 764 λέγειν
889 689 1024 744 εἶναι
1053 689 1214 758 κακὰ,
1241 688 1295 754 ἐς
1341 689 1405 745 τὸ
1472 688 1660 745 λάσιον
1716 687 1808 742 καὶ
1864 686 1994 740 καθ-

339 779 561 854 ειμένον
614 781 715 833 τοῦ
772 778 1038 854 πώγωνος
1093 777 1572 847 ἀποσκώπτοντας,
1639 778 1739 845 τήν
1799 774 1856 830 δὶ
1911 795 1996 831 κε-

337 867 522 948 φαλὴν
548 865 756 932 δεῖσθαι
807 870 904 923 τοῦ
960 868 1366 944 ἀποθριχθῆναι
1421 867 1539 924 κατ’
1596 866 1792 929 αὐτοὺς
1847 884 1995 939 περι-

329 956 613 1034 τρόχαλα.
647 961 802 1015 Ἔστι
861 953 908 1012 δ’
966 957 1056 1013 ὅτε
1109 957 1202 1013 καὶ
1265 959 1398 1032 μετά
1455 955 1695 1032 δοράτων
1757 954 1991 1028 μελίνων

332 1047 566 1121 ἔφιπποι
597 1049 698 1118 τὴν
730 1047 934 1123 ἀγορὰν
984 1044 1213 1108 διιόντες
1266 1044 1322 1109 ἒς
1371 1046 1498 1109 τοὺς
1565 1049 1684 1102 κατ’
1728 1042 1851 1120 ὄψιν
1896 1063 1993 1098 τα-

328 1136 654 1213 λαιπώρους
683 1137 748 1194 τὸ
782 1135 912 1211 δόρυ
966 1133 1342 1214 κραδαίνοντες
1399 1136 1750 1210 ἀντέτρεπον.
1816 1134 1876 1190 Εἰ
1935 1131 1993 1188 δὲ

327 1230 424 1282 καὶ
487 1227 610 1289 ίλὸς
692 1226 728 1296 ἢ
801 1221 1070 1301 βόρϐορος
1153 1223 1313 1301 ἔγαρς
1356 1247 1465 1281 που
1513 1222 1800 1300 παρέκειτο
1859 1245 1991 1279 κατ-

327 1315 513 1372 ἐκεῖνο
541 1315 605 1371 τὸ
666 1313 832 1390 μέρος
887 1321 989 1384 τῆς
1051 1313 1356 1390 λεωφόρου,
1416 1313 1611 1376 αὐτοὺς
1667 1307 1986 1383 ἐνέϐαλλον,

327 1405 409 1466 ὡς
493 1405 592 1460 οῦκ
655 1400 1075 1459 ἀποτελεστικὸν
1168 1402 1366 1478 ἀγαθεῦ
1437 1423 1588 1464 τινος
1670 1402 1987 1474 συνάντημα

325 1491 721 1568 ἐκτρεπόμενοί
799 1513 860 1548 τε
925 1491 1017 1547 καὶ
1089 1492 1510 1566 μυσαττόμενοι,
1569 1489 1604 1559 ἢ
1660 1490 1760 1559 τὴν
1817 1489 1983 1560 αὐτὴν

321 1581 558 1645 ἐκείνοις
620 1579 1141 1657 δυσανασχετοῦντες
1199 1580 1540 1653 πορεύεσθαι.
1604 1580 1874 1637 Ἐσθίουσι
1925 1577 1984 1634 δὲ

320 1692 459 1726 ποτε
487 1670 796 1743 Ῥωμαίοις
827 1668 987 1744 ἄρτον
1030 1669 1288 1744 όλυρίτην
1342 1669 1378 1738 ἤ
1437 1689 1489 1724 τι
1546 1666 1726 1744 ἕτερον
1788 1665 1983 1723 ἐδώδι-

2110 523 2320 563 nosum
2354 508 2733 577 detestantes,
2767 510 2886 566 sive
2918 511 3122 566 eadem
3165 511 3257 567 via
3306 513 3437 570 illos
3495 515 3761 575 incedere

2109 595 2352 652 moleste
2386 601 2653 653 ferentes.
2687 599 2904 664 Quodsi
2964 600 3022 654 in
3071 601 3366 658 Romanos
3426 605 3759 665 incidebant

2107 701 2257 758 pane
2287 685 2554 758 siligineo
2612 691 2712 742 aut
2763 687 2878 744 alio
2944 691 3222 760 quopiam
3271 693 3399 748 cibo
3431 701 3753 766 vescentes,

2106 774 2352 847 patellas
2412 791 2513 847 per
2564 775 2886 832 ludibrium
2967 781 3319 844 evertebant,
3382 782 3754 857 impulsaque

2104 879 2312 920 mensa
2331 864 2666 921 convivium
2693 867 3132 936 perturbabant,
3149 886 3339 942 neque
3363 888 3467 928 suo
3491 879 3748 946 tempore

2101 953 2310 1009 acerbo
2343 969 2487 1024 pane
2517 953 2630 1008 frui
2664 954 2957 1021 sinebant,
2989 961 3091 1012 aut
3120 975 3365 1030 vappam
3395 961 3484 1017 vel
3536 979 3747 1034 aquam

2103 1042 2471 1099 immundam
2502 1042 2838 1114 tranquillis
2871 1044 3086 1101 animis
3119 1047 3335 1107 bibere.
3367 1051 3452 1105 Ad
3486 1050 3606 1107 haec
3637 1053 3746 1108 im-

2101 1132 2518 1203 pudentissimi
2551 1133 2866 1190 sanniones
2897 1151 2963 1190 ac
2993 1136 3095 1191 Dei
3128 1139 3276 1193 391
3319 1144 3749 1213 contemptores

2098 1222 2390 1290 inclinati,
2411 1223 2673 1280 attractis
2693 1225 2980 1293 vestibus,
3014 1227 3253 1298 podices
3277 1231 3336 1286 in
3381 1233 3751 1289 comedentes

2097 1314 2512 1369 convertebant
2531 1319 2590 1369 et
2613 1315 2759 1370 cibis
2783 1315 3032 1386 proximi
3053 1320 3422 1389 oppedebant
3454 1338 3467 1374 :
3509 1321 3749 1392 quidam

2097 1402 2270 1458 etiam
2306 1407 2582 1474 tanquam
2618 1419 2720 1474 per
2760 1404 3068 1475 siphonem
3120 1415 3480 1464 recrementa
3529 1411 3748 1466 ventris

2097 1490 2155 1545 in
2179 1490 2339 1546 cibos
2367 1498 2422 1546 et
2454 1491 2631 1548 facies
2687 1493 3109 1550 exsultantium
3165 1496 3629 1566 ejaculabantur.
3683 1500 3744 1554 In

2095 1585 2300 1650 puteos
2333 1579 2698 1652 mingebant,
2733 1583 2886 1638 unde
2919 1588 3127 1653 postea
3183 1586 3556 1656 aquabantur
3589 1605 3604 1655 ;
3648 1604 3743 1644 eo-

2092 1669 2346 1741 demque
2375 1685 2531 1738 vase,
2594 1669 2756 1726 nulla
2814 1670 3030 1728 lotione
3090 1673 3371 1743 adhibita,
3440 1693 3595 1732 nunc
3640 1694 3741 1747 pro

325 1781 430 1834 μον
475 1758 650 1816 ὁπόσα
700 1764 948 1830 συνιστᾷν
1005 1762 1165 1832 σῶμα
1220 1759 1284 1813 τὸ
1340 1758 1678 1832 ἀνθρώπινον
1735 1754 1974 1832 ἔχουσιν,

325 1851 342 1859 -
502 1851 511 1859 .
729 1847 743 1859 .
793 1849 803 1859 .
1114 1848 1126 1859 .
1293 1841 1385 1859 ...
1473 1845 1488 1859 .
1625 1848 1674 1859 ,μ
1963 1846 1974 1859 .

2093 1759 2313 1814 matula
2343 1775 2499 1815 nunc
2552 1776 2655 1831 pro
2705 1759 2883 1816 calice
2945 1762 3275 1818 utebantur.
3309 1765 3522 1821 Christi
3567 1765 3738 1822 mini-

323 1851 677 1927 ἐφιστάμενοι
719 1847 1010 1921 ἀνέτρεπον
1068 1848 1138 1902 τά
1187 1841 1422 1922 τρυϐλία
1469 1845 1828 1920 ἐμπαίζοντες
1888 1846 1980 1901 καὶ

321 1941 432 2008 τήν
485 1939 751 2007 τράπεζαν
809 1935 1068 2008 λάξαντες
1134 1936 1386 2010 συνέχεον
1439 1936 1540 2003 τήν
1602 1935 1861 2003 ἑστίασιν,
1891 1935 1982 1990 καὶ

328 2027 432 2084 οὐκ
463 2026 586 2084 εἷ’ων
614 2027 753 2083 κατά
782 2029 969 2102 καιρὸν
1003 2027 1094 2081 τὸν
1124 2027 1225 2095 τὴς
1277 2022 1476 2095 ὀδύνης
1535 2026 1694 2099 ἄρτον
1761 2023 1984 2099 προσίε-

313 2129 441 2182 σθαι
473 2115 509 2188 ﬁ
542 2118 644 2187 τήν
675 2114 877 2172 κύλικα
909 2116 1028 2188 μεθ’
1081 2113 1326 2189 ἡσυχίας
1382 2111 1836 2189 προσενέγκασθαι
1893 2111 1982 2167 ἐκ·

314 2206 553 2281 τροπίαν
599 2206 746 2262 οἶνον
784 2208 1058 2279 κιρνῶσαν
1089 2202 1124 2272 ἢ
1157 2200 1207 2274 ἐξ
1231 2199 1425 2264 ὓδατος
1466 2199 1730 2256 λακκαίου
1777 2198 1984 2272 δεξιου-

320 2297 493 2370 μένην
525 2295 716 2352 καὶτὸ
749 2292 906 2369 δίψος
937 2292 1230 2350 παύουσαν.
1281 2292 1343 2346 Οἱ
1403 2288 1451 2346 δ’
1509 2288 1777 2353 ἀναιδείας
1834 2289 1980 2362 πλη-

315 2385 701 2464 ρέστατοικαὶ
741 2383 1050 2460 γελοιασταὶ
1103 2381 1192 2437 καὶ
1224 2381 1286 2437 τὸ
1345 2386 1496 2436 Θεῖον
1553 2379 1786 2442 δεδιότες
1848 2377 1980 2454 μηδ’

317 2477 602 2542 ὁπωσοῦν,
659 2474 1093 2536 κατακόπτοντες
1149 2469 1202 2534 ἐς
1262 2469 1446 2525 ἱκανὸν
1493 2471 1580 2524 καὶ
1649 2469 1743 2532 τάς
1799 2470 1976 2544 πυγὰς

311 2565 409 2621 καὶ
443 2564 542 2621 ὅσα
580 2561 1026 2640 περιστέλλουσιν
1070 2559 1343 2636 ἅνθρωποι
1393 2564 1461 2633 τῇ
1530 2557 1807 2614 ἀνελκύσει
1864 2563 1974 2614 τῶν

311 2653 559 2725 ἐσθήτων
619 2654 1087 2728 ἀπογυμνοῦντες,
1146 2650 1238 2705 τὸν
1326 2647 1578 2725 πρωκτὸν
1649 2647 1708 2704 ἐκ
1777 2649 1972 2710 αὐτοὺς

309 2741 563 2820 ⁷ἔτρεπον,
611 2743 704 2797 καὶ
761 2745 868 2796 τῶν
923 2739 1109 2794 σιτίων
1149 2738 1424 2812 γινόμεεοι
1479 2733 1698 2812 ἔγγιστα
1737 2736 1973 2810 ἀπέπερ-

311 2829 413 2888 δον
437 2829 764 2907 δριμύτερον
797 2827 1051 2908 γαλῆςοῖ
1099 2822 1406 2902 ἀϐελτεροι.
1448 2826 1600 2883 Ἔστι
1661 2823 1708 2880 δ’
1758 2823 1847 2880 ὅτε
1880 2825 1969 2879 καὶ

299 2922 379 2978 τὰ
406 2928 506 2990 τῆς
529 2919 758 2996 γαστρὸς
788 2917 1004 2992 λύματα
1057 2917 1133 2980 ὡς
1191 2912 1282 2970 διὰ
1339 2915 1577 2991 σίφωνος
1635 2921 1736 2982 τῆς
1805 2911 1968 2987 ἀδρας

301 3011 675 3083 ἀκοντίξοντες
734 3003 986 3086 ἔχραινον
1041 3005 1108 3060 τὰ
1160 3001 1288 3078 ὂῴα,
1343 3003 1434 3058 καὶ
1492 3003 1626 3058 κατὰ
1655 3003 1764 3058 τῶν
1791 3021 1966 3077 προσ-

302 3101 477 3154 ὡπων
532 3097 704 3159 ἐνίους
760 3093 1052 3168 ἐμόλυνον,
1109 3091 1400 3166 Ἐνούρουν
1459 3111 1518 3146 τε
1575 3097 1690 3153 τοῖς
1751 3091 1962 3168 φρέασι,

2095 1851 2250 1903 stros
2274 1847 2332 1902 in
2358 1849 2874 1919 primogenitorum
2900 1851 3095 1906 album
3121 1853 3335 1910 relatos
3359 1855 3500 1910 adeo
3534 1872 3646 1911 non
3677 1860 3741 1911 ut

2094 1936 2287 1992 decuit
2317 1938 2764 2002 venerabantur,
2801 1954 2903 1994 nec
2947 1940 3115 1996 editis
3165 1958 3267 2012 per
3305 1959 3404 1998 eos
3437 1944 3738 2001 miraculis

2094 2025 2714 2096 movebantur,quibus
2745 2025 3008 2082 Christus
3057 2043 3156 2084 eos
3205 2035 3608 2086 remuneratur
3638 2032 3736 2102 qui

2092 2113 2216 2170 sui
2243 2114 2526 2170 membris
2555 2115 2667 2187 ipsi
2698 2114 2975 2171 honorem
2999 2117 3355 2186 habuerunt,
3383 2125 3445 2174 ut
3472 2136 3740 2189 unguen-

2088 2205 2214 2258 tum
2249 2203 2404 2274 qued
2436 2219 2506 2260 ex
2535 2202 2897 2260 celeberrimi
2956 2206 3228 2279 martyris
3290 2209 3556 2265 Demetrii
3616 2227 3740 2267 mo-

2090 2296 2372 2349 numento
2391 2291 2786 2360 ebullit,cadls
2806 2299 2864 2349 et
2886 2293 3173 2352 lebetibus
3191 2302 3466 2353 haustum
3489 2299 3738 2370 patellis

2086 2381 2336 2454 piscium
2359 2382 2753 2451 infunderent,
2786 2399 2852 2439 e0
2896 2384 3293 2442 calceamenta
3343 2393 3648 2458 ungerent,
3682 2393 3738 2445 et

2086 2471 2160 2528 ad
2182 2477 2388 2528 caetera
2417 2471 2761 2539 ministeria,
2795 2473 3012 2544 quibus
3041 2475 3194 2530 898
3241 2476 3436 2532 oleum
3461 2477 3592 2533 usui
3625 2483 3732 2547 est,

2082 2564 2304 2616 temere
2323 2563 2380 2616 et
2412 2561 2676 2632 nequiter
2697 2562 3096 2618 abuterentur.
3130 2565 3191 2618 Id
3240 2581 3373 2621 vero
3423 2570 3486 2620 ut
3515 2582 3545 2621 e
3578 2567 3730 2624 fonte

2083 2648 2428 2705 inexhausto
2460 2650 2734 2720 prodicns
2766 2655 2868 2706 aut
2896 2668 2965 2707 ex
3011 2653 3215 2724 abysso
3261 2655 3584 2712 scaturiens
3632 2673 3728 2712 co-

2081 2737 2306 2810 piosius
2338 2737 2635 2808 atﬂuehat,
2669 2743 2726 2795 et
2756 2756 2901 2796 nova
2923 2741 3142 2798 ratione
3179 2745 3532 2811 exundabat,
3568 2750 3633 2800 ut
3667 2751 3724 2802 et

2079 2828 2317 2884 Barbari
2347 2845 2531 2885 unum
2563 2828 2620 2885 id
2653 2831 3005 2887 mirarentur
3031 2837 3088 2889 et
3125 2836 3309 2906 gratia
3365 2838 3602 2908 martyri
3637 2838 3718 2892 di-

2075 2917 2296 2973 vinitus
2327 2933 2601 2975 concessa
2637 2920 3138 2991 obstupescerent.
3163 2924 3324 2988 Quod
3378 2926 3427 2980 si
3474 2926 3718 2982 Romani

2077 3007 2143 3062 ad
2169 3008 2461 3063 canendas
2493 3007 2597 3064 Dei
2630 3009 2837 3065 laudes
2882 3010 2941 3065 in
3001 3011 3237 3083 templis
3285 3016 3724 3086 conveniebant,

2075 3111 2148 3151 ne
2179 3098 2302 3151 tum
2364 3096 2604 3167 quidem
2665 3113 2698 3153 a
2748 3097 2986 3155 militari
3058 3100 3373 3158 insolentia
3426 3103 3722 3160 immunes

296 3188 401 3243 καὶ
451 3187 499 3257 ἐξ
562 3186 740 3242 αὐτῶν
799 3181 1044 3239 ἔσέπειτα
1072 3185 1135 3238 τὸ
1173 3183 1340 3238 ποτὸν
1402 3181 1732 3254 ἀνιμώμενοι
1763 3201 1963 3256 προσε-

2086 3194 2260 3242 erant.
2292 3184 2435 3241 Nam
2470 3187 2929 3256 importuniores
2955 3204 3022 3244 ex
3053 3189 3144 3258 iis,
3178 3206 3278 3262 per
3325 3191 3574 3262 speciem
3610 3210 3726 3248 una

302 3278 561 3356 φέροντο,
595 3276 698 3332 Καὶ
731 3273 795 3329 τὸ
821 3272 952 3328 αὐτὸ
984 3272 1111 3346 παρ’
1145 3269 1328 3330 αὐτοῖς
1375 3271 1644 3344 ποτήριον
1702 3270 1776 3331 ὡς
1835 3268 1964 3341 ἀμὶς

302 3368 408 3423 καὶ
441 3365 678 3441 οἶνοχάη
709 3363 849 3439 πρὸς
889 3363 1056 3438 ἄμφω
1086 3360 1154 3430 ἦν
1187 3356 1518 3430 ἐπιτήδειον,
1569 3359 1646 3431 μὴ
1703 3359 1966 3432 πρότερον

308 3455 740 3533 βαπτιζόμενον,
788 3453 881 3507 τὸν
915 3473 974 3508 τε
1011 3446 1524 3522 κασαποθησόμενον
1572 3449 1717 3503 οἶνον
1773 3447 1862 3502 καὶ
1907 3448 1968 3503 τὸ

301 3541 798 3621 ὕδωρείσεδέχετο.
829 3541 918 3596 καὶ
948 3533 1165 3614 ἔστεγεν
1199 3536 1412 3610 ὁμοίως
1437 3538 1498 3593 τὸ
1532 3537 1590 3593 ἐκ
1617 3540 1712 3593 τοῦ
1734 3557 1972 3609 σωματι-

297 3639 407 3691 κοῦ
437 3637 664 3709 κρουνοῦ
690 3630 1064 3706 ἀποχεόμενον
1093 3626 1440 3704 περίττωμα.
1459 3627 1536 3684 Οὐ
1572 3628 1678 3700 μὴν
1713 3624 1857 3681 ἀλλὰ
1876 3627 1962 3682 καὶ

293 3723 435 3788 τοὺς
491 3719 1012 3800 ἀπογεγραμμένους
1071 3717 1123 3772 ἐν
1193 3716 1574 3790 πρωτοτόκοις
1635 3716 1966 3789 θεράποντας

293 3811 440 3872 Θεοῦ
473 3813 616 3869 οὕτω
646 3814 809 3884 τιμᾷν
845 3810 936 3882 [Ρ.
973 3808 1094 3880 19⁸7]
1128 3802 1347 3880 ᾔδεσαν,
1378 3805 1471 3859 καὶ
1515 3809 1630 3866 τοῖς
1662 3801 1731 3859 δι’
1789 3805 1963 3859 αὐτῶν

293 3902 662 3977 τελουμένοις
691 3903 996 3976 προσεῖχον
1016 3895 1272 3970 Θαύμασι,
1304 3894 1394 3950 καί
1427 3892 1850 3965 ἐξεπλήττοντο
1897 3896 1966 3948 τά

294 3994 506 4064 ἐξαίσια
579 3992 672 4046 καὶ

2079 3272 2323 3329 canendi
2357 3273 2715 3330 etlaudandi
2775 3278 2874 3332 Dei
2933 3277 3205 3349 ingressi,
3265 3280 3729 3338 vociferabantur

2078 3363 2234 3419 inter
2264 3379 2388 3418 sese
2417 3368 2476 3418 et
2505 3364 2770 3421 confusis
2816 3366 3090 3422 clamoris
3136 3369 3582 3438 rumpebantur,
3623 3376 3725 3426 aut

2077 3451 2308 3508 obtorto
2341 3452 2488 3509 collo
2521 3454 2798 3510 Romanis
2827 3455 3126 3528 aliquibus
3157 3457 3230 3513 ob
3281 3459 3580 3514 fortuitum
3613 3460 3718 3515 ali-

2077 3557 2251 3614 quem
2306 3556 2511 3598 casum
2571 3545 2818 3616 arreptis
2876 3546 3176 3601 cautiones
3261 3548 3595 3612 turbabant,
3655 3552 3720 3604 ut

2075 3633 2341 3686 cantores
2373 3630 2542 3701 plane
2570 3631 2630 3687 in
2663 3633 2852 3688 aliena
2872 3638 3025 3690 terra
3065 3641 3360 3700 canerent,
3411 3652 3524 3690 non
3567 3641 3632 3690 ut
3662 3637 3721 3690 in

2076 3719 2292 3790 templo
2321 3719 2445 3776 Dei.
2473 3721 2639 3776 Multi
2671 3738 2904 3794 quoque
2959 3740 3028 3778 ex
3084 3724 3325 3779 adverso
3379 3724 3720 3779 meretriciis

2073 3807 2319 3864 canticis
2350 3814 2406 3864 et
2435 3810 2664 3866 caninis
2719 3810 3028 3866 latratibus
3086 3811 3334 3884 hymnos
3385 3813 3716 3880 turbabant,

2073 3901 2130 3952 et
2164 3898 2257 3953 Dei
2287 3896 2675 3954 celebratores
2697 3898 2951 3955 clamore
2981 3901 3352 3971 superabant.

771 3985 932 4043 καινά
966 3985 1210 4058 θεάματα
1239 3981 1289 4038 δι
1368 3984 1459 4037 ’ὧν
1495 3980 1709 4054 δοξάζει
1766 3984 2006 4058 Χριστὸς
2076 3983 2206 4047 τοὺς
2234 3984 2393 4038 αὐτὸν
2467 3990 2589 4049 τοῖς
2618 3985 2845 4048 οἰκείοις
2923 3985 3241 4056 δοξάσαντας
3286 3988 3523 4061 μέλεσιν,
3577 3988 3717 4044 ὥστε

292 4084 392 4140 καὶ
422 4085 483 4137 τὸ
512 4081 573 4136 ὲκ
600 4086 700 4149 τῆς
731 4078 904 4153 σοροῦ
932 4079 1031 4130 τοῦ
1082 4070 1134 4128 έν
1188 4073 1428 4145 θαύμασι
1480 4071 1567 4126 καὶ
1630 4069 1682 4126 ἐν
1749 4073 1981 4147 μάρτυσι
2048 4067 2354 4143 διαϐοήτου
2415 4073 2738 4148 Δημητρίου
2787 4073 3175 4148 ἀναδιδόμενον
3243 4081 3413 4152 μῦρον
3469 4074 3714 4139 καδδίοις

295 4171 392 4227 καὶ
436 4165 660 4241 λέϐησιν
702 4167 997 4242 ἀρυόμενοι
1026 4167 1146 4224 ταῖς
1187 4165 1293 4218 τῶν
1336 4161 1546 4237 ἷχθύων
1583 4159 1813 4217 λοπάσιν
1855 4160 2087 4218 λοπάσιν
2127 4159 2362 4240 ἐνέχεον,
2394 4162 2483 4217 καὶ
2513 4163 2576 4218 τὸ
2613 4167 2709 4219 τοῦ
2739 4162 2906 4226 ποδὸς
2948 4165 3142 4227 σκύτος
3184 4171 3304 4226 ταῖς
3347 4165 3711 4246 μυραλοιφαῖς

297 4261 607 4326 έλίπαινον,
654 4256 743 4312 καὶ
811 4255 950 4334 πρὸς
1009 4254 1108 4315 τὰς
1174 4250 1373 4314 λοιπάς
1432 4251 1727 4325 ὑπηρεσίας
1793 4250 1922 4312 ὅσας
1984 4251 2156 4326 παρὸν
2224 4251 2287 4306 τὸ
2351 4249 2534 4326 ἔκαιον
2599 4249 2869 4322 διατίθησι
2929 4250 3106 4328 χύδην
3164 4255 3251 4308 καὶ
3312 4256 3534 4318 ἀσώτως
3595 4257 3712 4311 ἐκέ-

299 4369 541 4426 χρηντο-
575 4348 654 4405 Τὸ
687 4344 744 4401 δὲ
772 4345 848 4408 ὡς
879 4344 984 4399 ἀπὸ
1024 4348 1209 4418 πηγῆς
1247 4339 1440 4415 προϊὸν
1471 4339 1744 4395 ἀκενώτου
1771 4337 1807 4408 ἤ
1859 4339 1909 4412 ἐξ
1979 4335 2216 4394 ἀϐύσσου
2275 4334 2580 4395 ἀναϐάλλον
2649 4339 2866 4415 ἐπέρῥεε
2921 4339 3346 4418 πλησμιώτερον
3402 4345 3491 4398 καὶ
3545 4344 3710 4420 ὑπερ-

299 4423 546 4515 έξεχεῖτο
608 4437 1009 4508 καινοπρεπῶς,
1080 4431 1154 4493 ὡς
1221 4428 1482 4493 καὶτοὺς
1539 4423 1850 4503 Βαρϐἀρους
1915 4428 2112 4491 αὐτοὺς
2169 4425 2256 4482 διὰ
2333 4427 2611 4501 θαύματος
2662 4430 2900 4494 τίθεσθαι
2967 4431 3028 4485 τὸ
3088 4432 3386 4506 ὁρώμενον,
3468 4433 3559 4488 καὶ
3613 4436 3711 4504 τὴν

288 4531 462 4605 χάριν
516 4523 902 4599 ἐκπεπλῆχθαι
979 4525 1076 4578 τοῦ
1154 4518 1632 4595 χριστομάρτυρος
1663 4519 1729 4587 ἦν
1805 4517 1982 4582 θεόθεν
2027 4515 2276 4591 εἴληχεν.
2332 4517 2395 4574 Ei
2455 4515 2512 4573 δὲ
2585 4520 2776 4592 καιρὸς
2839 4517 3119 4593 ὑμνῳδίας
3179 4521 3488 4596 ὁμηγερέας
3539 4522 3702 4587 ἐτίθει

287 4618 438 4674 κατά
492 4615 618 4677 τοὺς
675 4613 808 4675 νεὼς
866 4611 993 4672 τοὺς
1058 4609 1386 4682 Ῥωμαίους,
1450 4605 1575 4662 οὐδὲ
1638 4607 1763 4662 τότε
1830 4610 1977 4683 σφῶν
2017 4605 2315 4680 ἀπείχοντο
2365 4609 2418 4661 οἱ
2474 4605 2787 4663 ἀπαίδευτοι
2877 4613 2975 4664 τοῦ
3061 4611 3486 4685 στρατεύματος,
3560 4614 3706 4669 ἀλλὰ

290 4706 612 4784 προσιόντες
671 4702 747 4766 ὡς
805 4695 1381 4769 συνεκκλησιάσωνεαί
1441 4717 1591 4776 σφισι
1649 4697 1738 4750 καὶ
1812 4694 2114 4750 συνθύσωσι
2158 4700 2276 4768 Θεῷ
2337 4696 2526 4760 θυσίαν
2603 4697 2879 4769 αἰνέσεως,
2937 4703 3034 4753 τοῦ
3091 4701 3186 4774 μὲν
3233 4707 3410 4756 ποιεῖν
3465 4705 3714 4758 τοιοῦτόν

289 4782 348 4852 τι
379 4796 698 4861 ἀφίσταντο,
777 4787 1145 4867 λαλαγοῦντες
1223 4782 1280 4840 δέ
1309 4789 1443 4856 πρὸς
1520 4785 1739 4848 ἑαυτοὺς
1815 4783 1906 4839 καὶ
1980 4789 2099 4846 ταῖς
2174 4785 2412 4860 ἀσήμοις
2487 4793 2692 4864 φωναῖς
2770 4785 3252 4866 διαῤῥηγνύμενοι,
3328 4791 3364 4860 ἢ
3438 4793 3528 4846 καί
3564 4814 3714 4853 τινας

293 4858 439 4942 τῶν.
471 4885 714 4957 Ῥμαίωι
753 4877 846 4936 διά
903 4858 956 4935 τί
997 4876 1276 4951 συμπεσὸν
1336 4876 1472 4951 πρὸς
1528 4874 1646 4952 βίαν
1705 4874 1966 4950 ἃγχοντες
2024 4874 2112 4928 καὶ
2188 4877 2487 4953 πράγματα
2540 4877 2891 4952 παρέχοντες,
2946 4880 3200 4953 συνέχεον
3241 4881 3332 4934 τὸν
3355 4881 3549 4951 ὕμνον,
3617 4883 3706 4933 καὶ

292 4976 429 5044 ἦσαν
490 4975 543 5028 οἱ
610 4968 912 5046 ψάλλοντες
973 4966 1222 5040 ἄντικρυς
1283 4963 1371 5020 ἐπὶ
1437 4971 1538 5035 τῆς
1595 4963 1893 5042 ῃλΛοτρίας
1954 4961 2191 5036 ᾅδοντες,
2257 4967 2344 5020 καὶ
2382 4966 2492 5042 οὐχ
2543 4967 2617 5029 ὡς
2671 4967 2962 5046 ἐφεστῶτες
3018 4968 3226 5038 τεμένει
3275 4973 3429 5023 Θεοῦ.
3490 4965 3700 5022 Πολλοί

295 5061 353 5121 δέ
419 5063 508 5118 καὶ
560 5057 876 5132 ἀντᾲδοντες
928 5061 1042 5117 τοῖς
1104 5052 1440 5125 ἀλαλάζουσι
1501 5054 1682 5131 Κυρίῳ
1741 5055 1954 5128 ᾅσματα
2009 5053 2238 5132 ἠφίεσαν
2295 5056 2550 5131 πορνικά,
2608 5055 2699 5110 καὶ
2751 5053 2982 5126 κυνηδὸν
3018 5055 3378 5117 ὑλακτοῦντες
3411 5054 3694 5110 ἐνεκοπτον

287 5155 389 5224 τήν
419 5150 568 5224 ᾠδὴν
594 5149 680 5204 καὶ
715 5145 1088 5227 ὑπερεφώνουν
1120 5143 1212 5198 τὸν
1246 5142 1321 5206 είς
1356 5143 1484 5200 Θεόν
1522 5145 1817 5218 ἵκετήριον.

364 5242 469 5300 Καὶ
508 5243 735 5293 τοιαῦτα
768 5237 885 5309 μὲν,
919 5233 992 5295 ὡς
1027 5232 1086 5288 ἐκ
1133 5230 1356 5288 πολλῶν
1413 5232 1578 5308 ὀλίγα
1643 5234 1828 5301 εἰπεῖν,
1891 5232 1942 5286 οἳ

289 5329 711 5391 Θεσσαλονικεῖς
776 5322 1238 5399 πολιορκηθέντες
1299 5318 1561 5400 ἔπασχον,
1620 5320 1653 5376 ἄ
1722 5322 1810 5376 καὶ
1869 5320 1943 5381 εἴς

286 5421 475 5493 ὶδικήν
527 5438 665 5480 τινες
725 5415 992 5488 ἀπέτεμον
1069 5411 1379 5489 συγγραφὴν
1430 5411 1518 5465 καὶ
1570 5411 1668 5478 τήν
1702 5407 1939 5482 ἱστορίαν

289 5511 346 5574 ἐς
369 5511 432 5566 τὸ
463 5504 807 5580 πολύστιχον
832 5499 1204 5581 ἐφακέλωσαν.
1257 5499 1410 5555 Ἐπεὶ
1489 5497 1546 5553 δέ
1598 5500 1625 5553 ὁ
1685 5497 1738 5553 ἐν
1800 5499 1944 5572 ὑψη-

290 5603 417 5661 λοῖς
467 5597 737 5652 κατοικῶν
797 5593 884 5647 καὶ
949 5591 1015 5647 τὰ
1100 5589 1322 5644 ταπεινὰ
1407 5587 1614 5666 ἐφορῶν
1699 5584 1942 5662 διέκυψεν

2121 5238 2313 5306 Atque
2336 5235 2454 5290 haec
2477 5252 2661 5306 pauca
2675 5235 2743 5290 de
2766 5233 2966 5290 multis
2991 5251 3116 5305 quae
3149 5234 3699 5292 Tbessaionicenses

2052 5325 2111 5378 in
2147 5323 2310 5378 urbis
2341 5325 2767 5395 expugnatione
2800 5327 2937 5377 sunt
2995 5324 3272 5394 perpessi,
3307 5341 3339 5379 a
3398 5325 3698 5381 nonnullis

2053 5410 2329 5482 peculiar!
2362 5413 2578 5484 scripto
2620 5412 2838 5484 prolixe
2888 5424 3358 5483 commemorata,
3405 5417 3555 5471 399
3597 5433 3691 5472 ex-

2052 5517 2266 5572 ponere
2298 5501 2478 5556 visum
2514 5505 2621 5556 est.
2643 5501 2951 5572 Postquam
3003 5519 3134 5557 vero
3183 5503 3232 5558 is
3264 5505 3443 5576 quiin
3467 5507 3692 5564 excelsa

2057 5589 2276 5646 habitat
2301 5596 2354 5646 et
2380 5588 2907 5649 bumiliaintuctur
2930 5608 2957 5647 ο
2985 5592 3126 5648 cosio
3159 5594 3472 5666 prospexit,
3506 5611 3692 5669 neque
