4112 6218
435 290 551 352 663

1715 283 2026 344 NICETJE
2066 283 2555 346 ΕΟΗΟΝΙΑΤΕ

3714 287 3834 349 664

433 425 600 481 illum
629 422 898 480 hostilem
930 424 986 476 et
1011 421 1285 475 victorem
1318 419 1716 474 Romanorum
1757 413 2080 486 intelligere

2191 413 2498 489 οὐρανόθεν,
2554 418 2645 473 καὶ
2704 417 2896 475 οὐδένα
2947 423 3054 476 τῶν
3110 417 3686 495 αῖχμαλωτευσάντων
3732 419 3837 474 ἐώ-

435 519 536 571 aut
566 529 821 585 quaerere
853 515 1031 565 Deum
1064 509 1232 574 vidit,
1265 509 1365 563 sed
1397 523 1603 562 omnes
1659 504 1900 561 inutiles
1952 520 2081 560 esse

436 605 619 660 factos
649 607 706 657 et
736 598 970 655 nefariis
1030 597 1201 653 rebus
1257 596 1507 662 deditos,
1560 595 1929 650 subsannare
1981 609 2081 648 eos

435 690 688 747 instituit
717 705 782 743 ac
839 687 1180 759 perturbare
1229 689 1287 740 et
1342 684 1702 750 exscindere,
1727 685 1888 754 justa
1929 681 2081 737 indi-

433 780 707 852 gnatione
737 782 1086 844 commotus,
1116 783 1170 829 et
1203 780 1320 829 tam
1352 773 1666 828 crudeliter
1698 770 1929 827 afﬂictis
1964 769 2082 826 cle-

434 873 660 923 menter
717 865 1046 921 libertatem
1097 864 1426 930 restituere,
1479 861 1669 917 moesti
1733 858 1979 931 spiritus
2026 862 2084 914 et

431 955 664 1012 contriti
697 954 890 1010 cordis
921 953 1217 1009 misertus.
1241 951 1480 1021 Propter
1509 951 1724 1005 electos
1779 948 1980 1020 igitur,
2015 951 2080 1002 ut

430 1045 701 1114 arbitror,
759 1043 1103 1099 acerbitates
1161 1039 1291 1096 illas
1349 1038 1566 1094 diutius
1651 1035 1908 1108 grassari
1963 1051 2079 1090 non

431 1152 644 1208 passus
672 1152 686 1201 ;
719 1137 776 1190 et
795 1151 924 1204 quis
947 1130 1279 1201 Babyloniis
1305 1130 1560 1184 minatus
1585 1131 1710 1182 erat
1730 1126 1898 1193 olim,
1924 1126 2080 1197 quod

431 1224 626 1279 Sionis
659 1221 803 1277 nihil
837 1219 1059 1276 miserti
1091 1219 1244 1274 filios
1266 1219 1395 1288 ejus
1426 1216 1706 1272 delioatos
1732 1221 1789 1270 et
1827 1214 1980 1270 filias
2022 1213 2081 1268 in

430 1311 769 1368 servitutem
813 1309 1216 1372 abduxissent,
1271 1315 1567 1361 momento
1617 1302 1900 1376 temporis
1953 1301 2082 1359 istis

431 1403 654 1471 intulit,
688 1408 750 1458 ut
781 1400 1178 1458 misericordia
1201 1401 1330 1470 ejus
1364 1396 1648 1452 mirabilis
1694 1400 1817 1451 tum
1868 1395 1918 1450 si
1972 1411 2081 1448 un-

433 1509 610 1564 quam
652 1491 799 1546 alias
850 1490 1262 1557 celebraretur,
1308 1491 1652 1558 martyrum,
1698 1490 1764 1539 ut
1809 1483 2078 1552 arbitror,

433 1582 706 1653 precibus
735 1585 792 1635 et
814 1576 1356 1634 Thessalonicensis
1398 1573 1691 1646 pontiﬁcis
1738 1572 1974 1628 exorati.
2029 1571 2082 1626 is

431 1677 551 1726 erat
581 1667 912 1740 eloquentia
945 1672 1001 1721 et
1029 1667 1242 1720 virtute
1262 1663 1678 1720 celeberrimus
1720 1659 2079 1727 Eustathius,

431 1757 534 1829 qui
573 1761 629 1812 et
660 1755 1050 1841 prudentiaget
1085 1770 1192 1808 usu
1231 1768 1421 1808 rerum
1477 1750 1734 1806 mirabili
1759 1749 2082 1841 _praadilus,
2119 1775 2164 1841 Β

431 1849 488 1898 et
543 1841 808 1898 doctrina
859 1839 1234 1911 profanarum
1289 1845 1342 1893 et
1401 1853 1700 1892 sacrarum
1758 1836 2086 1892 litterarum

431 1931 728 1988 uberrima
751 1930 970 1986 caeteris
995 1929 1273 1984 omnibus
1301 1927 1893 1997 antecellebat,eaque
1925 1925 2089 1981 velut

430 2019 648 2090 insigni
678 2025 734 2073 et
775 2017 1051 2090 peculiari
1112 2022 1248 2073 nota
1296 2015 1740 2087 praedicabatur.
1786 2013 1894 2078 Qui
1945 2029 2078 2069 cum

430 2107 632 2165 mallet
659 2123 788 2162 cum
817 2122 990 2178 grege
1019 2123 1124 2162 suo
1157 2107 1310 2161 400
1342 2104 1521 2176 afﬂigi
1545 2121 1722 2176 quam
1769 2118 2070 2160 mercena-

431 2197 549 2252 rios
573 2194 814 2260 imitari,
838 2196 940 2265 qui
968 2193 1125 2265 lupis
1165 2193 1616 2248 adventantibus
1644 2207 1818 2264 grege
1845 2191 2078 2245 deserto

434 2283 772 2355 aut'ugiunt,
807 2283 1078 2353 quamvis
1109 2283 1252 2336 dum
1300 2282 1497 2336 hostes
1547 2279 1740 2334 adhuc
1793 2282 2090 2349 exspecta-

432 2374 651 2428 bantur
686 2371 936 2427 necdum
971 2371 1175 2426 urbem
1222 2367 1737 2434 circumsederant,
1791 2366 2088 2422 discedere

432 2461 719 2529 licuisset,
754 2461 806 2515 id
841 2459 954 2515 sibi
987 2458 1229 2514 minime
1262 2456 1594 2514 faciendum
1633 2455 1882 2526 censuit,
1931 2453 2084 2525 quod

435 2567 543 2606 sua
566 2548 874 2622 praesentia
896 2547 1176 2603 nimirum
1207 2545 1426 2602 multos
1444 2550 1897 2601 conservaturus
1937 2547 2086 2613 erat,

434 2639 534 2694 sed
553 2638 701 2693 ultro
721 2638 780 2693 in
805 2637 946 2692 urbe
962 2642 1241 2707 tanquam
1257 2649 1486 2690 carcere
1503 2633 1769 2689 inclusus
1790 2646 2086 2687 aerumnas

433 2747 636 2788 omnes
673 2747 788 2786 una
807 2729 1052 2784 tolerare
1083 2744 1197 2782 non
1231 2727 1481 2792 destitit,
1512 2730 1638 2782 tum
1683 2741 1790 2779 suo
1822 2723 2086 2795 exemplo

433 2819 858 2893 persuadendo,
892 2823 1018 2873 tum
1043 2817 1332 2872 monendo
1352 2813 1454 2870 Dei
1475 2815 1734 2878 verbera,
1770 2811 2085 2884 utbenigni

431 2909 615 2982 patris
647 2909 1112 2979 castigationem,
1142 2904 1325 2976 aequis
1370 2903 1586 2959 animis
1645 2903 1877 2958 ferenda
1928 2901 2086 2956 etab

431 2999 634 3054 eodem
691 2996 1039 3052 medicinam
1100 2993 1547 3065 exspectandam
1625 3007 1773 3047 esse.
1829 2989 1974 3048 Nam
2034 2988 2086 3043 si

433 3104 606 3158 saepe,
640 3093 703 3142 ut
726 3085 829 3150 ait,
865 3089 1181 3155 percutere,
1218 3088 1276 3139 at
1296 3081 1616 3153 saepissime
1650 3080 1823 3136 etiam
1867 3079 2085 3137 mederi

434 3172 754 3241 consuevit,
785 3170 1104 3243 praesertim
1161 3169 1212 3224 si
1269 3169 1400 3241 quis
1455 3168 1666 3224 leniter
1695 3172 1914 3223 etcum
1963 3183 2088 3236 gra-

437 3267 654 3322 tiarum
683 3265 910 3320 actione
971 3261 1271 3318 molestias
1304 3261 1538 3332 perfert,
1573 3275 1760 3330 neque
1815 3259 1888 3314 ob
1919 3273 2084 3313 acer-

441 3355 676 3410 bitatem
700 3368 900 3408 sarum
939 3366 1073 3406 eum
1107 3367 1140 3405 a
1161 3366 1276 3421 quo
1310 3348 1762 3420 proﬁciscuntur
1789 3346 1920 3402 odio
1951 3361 2082 3417 per-

439 3442 728 3514 sequitur,
787 3455 892 3496 nec
957 3455 1090 3494 cum
1145 3436 1515 3494 Providentia
1570 3435 1920 3508 expostulat,
1978 3450 2082 3490 nec

430 3533 640 3608 iudicii
672 3532 853 3588 divini
885 3530 1277 3603 profunditate
1305 3530 1605 3600 rejecta,in
1633 3528 1910 3585 secundis
1941 3527 2084 3582 dun-

432 3627 594 3680 taxat
628 3621 803 3678 rebus
831 3625 890 3676 et
921 3635 1198 3691 prospero
1259 3619 1502 3674 fortunas
1559 3617 1698 3672 ﬂatu
1759 3616 1977 3671 bonum
2019 3631 2082 3670 se

432 3713 688 3788 praebere
715 3710 938 3767 didicit.
973 3711 1026 3764 Is
1055 3708 1233 3781 igitur
1261 3710 1436 3763 duces
1479 3707 1786 3775 exercitus,
1843 3705 1943 3776 qui
1981 3710 2083 3760 La—

424 3803 546 3859 tine
603 3799 759 3856 conti
819 3798 1118 3862 dicuntur,
1173 3797 1378 3851 adiens
1436 3795 1626 3850 edicta
1713 3793 2080 3864 impetrabat,

426 3891 645 3962 quibus
669 3904 944 3944 aerumnis
965 3885 1352 3954 leniebantur,
1377 3899 1564 3954 neque
1587 3882 1906 3954 quidquam
1940 3897 2083 3954 pr-

427 3979 791 4037 termittebat
821 3976 976 4048 quod
1009 3975 1082 4030 ad
1115 3973 1571 4030 consolationem
1631 3988 1875 4027 suorum
1909 3971 2082 4043 perti-

424 4076 606 4126 neret.
643 4067 787 4125 Nam
815 4069 943 4137 ejus
995 4065 1141 4120 40]
1179 4065 1443 4120 oratione
1486 4063 1570 4118 vel
1601 4061 1851 4118 horridae
1879 4065 2082 4116 cautes

427 4156 643 4214 moveri
676 4153 1046 4228 potuissent;
1078 4163 1131 4210 et
1184 4153 1307 4209 solo
1365 4156 1678 4222 conspectu
1733 4149 2080 4221 alienigenis

423 4249 505 4303 ita
542 4249 668 4302 erat
698 4242 1060 4309 venerabilis,
1124 4247 1190 4296 ut
1241 4246 1298 4296 et
1338 4239 1590 4296 venienti
1622 4246 1994 4310 assurgerent
2023 4242 2082 4293 et

426 4339 687 4391 orantem
722 4331 972 4387 libenter
1001 4330 1272 4385 audirent
1299 4333 1357 4384 et
1391 4329 1520 4400 ejus
1555 4327 1792 4383 monitis
1850 4327 1921 4382 ad
1974 4325 2080 4380 bu-

430 4423 774 4478 manitatem
809 4429 866 4475 et
897 4419 1229 4489 equitatem
1258 4413 1836 4483 ﬂecterentur,veluti
1868 4413 2080 4469 vulnus

428 4511 885 4574 inflammatum,
920 4508 1072 4578 quod
1110 4507 1216 4562 levi
1245 4524 1414 4561 manu
1448 4523 1601 4576 aqua
1650 4505 1934 4561 mollitur.
1968 4504 2072 4567 Qui

430 4599 620 4664 alites,
647 4598 749 4651 etsi
777 4612 953 4665 prope
973 4595 1032 4648 in
1068 4594 1324 4649 nubibus
1348 4595 1669 4650 volitabant
1706 4600 1764 4650 et
1790 4595 1847 4648 in
1879 4594 2081 4649 obvios

430 4701 686 4759 quosque
709 4683 1000 4739 Romanos
1024 4698 1234 4752 magno
1265 4681 1485 4753 impetu
1504 4683 2079 4751 ruebant,abductio-

433 4793 565 4834 nem
590 4775 650 4829 in
674 4771 935 4829 Siciliam
960 4773 1046 4826 eis
1069 4769 1534 4835 minitantes,ille
1551 4778 1744 4826 tamen
1772 4772 1928 4828 cives
1951 4789 2082 4843 per-

434 4865 662 4923 territos
680 4873 731 4917 et
757 4857 1099 4930 urgentibus
1121 4856 1294 4912 malis
1314 4859 1581 4928 graviora
1619 4864 1963 4925 metuentes,
1987 4876 2079 4915 ve-

428 4957 535 5014 luti
549 4952 768 5028 gallina
795 4947 984 5021 pullos
1005 4947 1116 5001 sub
1131 4945 1252 5002 alas
1269 4963 1408 5002 suas
1425 4945 2085 5014 alliciebat,etvictorum

427 5047 805 5104 acerbitatem
830 5036 1312 5106 verbis,utMoses
1326 5052 1539 5106 aquam
1555 5035 1899 5102 Merranam,
1921 5036 2081 5109 ligno

425 5137 660 5207 injecto,
691 5128 974 5186 diluebat.
1007 5125 1142 5190 Quas
1163 5141 1292 5180 vero
1315 5123 1677 5180 liberationis
1709 5140 1900 5180 eorum
1938 5127 2082 5182 ratio

427 5217 1022 5289 fuerit,mirabilitera
1053 5219 1163 5271 Deo
1193 5214 1442 5285 provisa,
1483 5229 1589 5269 suo
1613 5213 1739 5269 loco
1781 5215 2079 5270 referetur.

2192 524 2320 578 ρακε
2386 508 2628 564 συνιέντα
2693 509 2728 577 ἤ
2787 507 3119 580 ἐκζητοῦντα
3176 509 3328 579 Θεὸν,
3408 507 3558 565 ἀλλά
3640 510 3842 570 πάντας

2193 594 2586 677 ἀχρειωθὶντας
2661 598 2753 652 καὶ
2802 599 2938 671 πρὸς
2997 593 3130 674 ἔργα
3208 597 3554 673 ἐκκλῖναντας
3611 599 3841 669 ἄθεσμα,

2193 681 2502 740 ἆδικαίωσεν
2569 684 2762 748 αὐτοὺς
2825 687 2920 759 μὲν
2995 685 3378 761 ὶκμυκτηριεῖν
3456 686 3709 762 ἐπιτρῖψαί
3791 707 3846 740 τε

2191 772 2281 827 καὶ
2311 773 2533 848 ταράξαι
2588 779 2668 846 τῷ
2726 774 2916 848 οἰκείῷ
2966 777 3146 849 θυμῷ,
3205 777 3306 846 τήν
3366 773 3422 830 δὲ
3478 780 3576 830 τοῦ
3637 774 3846 830 οῗκεὶου

2195 861 2332 917 λαοῦ
2369 869 2736 938 κατοικτεῖραι
2793 865 3052 936 κάκωσιν,
3108 863 3198 919 καὶ
3253 865 3472 927 τούτοις
3534 862 3849 938 ἰλευθερίαν

2197 946 2512 1026 βραϐεύσειν
2571 951 2624 1007 ἐν
2681 958 2754 1026 τῷ
2827 957 3092 1031 προσχεῖν
3167 951 3464 1024 ἀκηδιῶντι
3547 951 3846 1025 πνεύματι,

2192 1041 2279 1095 καὶ
2339 1037 2574 1115 καρδιῶν
2636 1042 2712 1114 μὴ
2767 1041 3114 1111 ἐξουθενῶσαι
3183 1041 3518 1118 σύντριμμα.
3594 1036 3849 1099 Κολοϐοῖ

2193 1130 2397 1198 τοίνυν,
2428 1131 2504 1194 ὡς
2533 1131 2713 1204 οἶμαι,
2753 1128 2843 1186 διὰ
2891 1130 3022 1194 τοὺς
3079 1129 3372 1194 ἐκλεκτοὺς
3409 1133 3513 1202 τήν
3577 1134 3847 1207 χρονικὴν

2191 1223 2300 1273 τῶν
2334 1217 2612 1274 ἀπεύκτων
2632 1219 2950 1294 παράτασινο
2993 1222 3085 1274 καί
3143 1219 3243 1275 ὅσα
3297 1224 3416 1281 τοῖς
3464 1215 3852 1283 Βαϐυλωνίοις

2195 1305 2522 1378 διηπείλησε
2559 1309 2823 1385 πρότερον
2857 1301 2956 1364 οὐκ
2985 1307 3242 1380 ἐλεήσασι
3274 1311 3372 1379 τήν
3401 1310 3548 1365 Σιὼν
3577 1310 3671 1365 καὶ
3720 1311 3851 1374 τοῦς

2194 1398 2345 1459 υἱοὺς
2386 1397 2554 1467 αὐτῆς
2583 1399 2710 1458 τοὺς
2769 1397 3067 1477 τρυφεροὺς
3124 1399 3218 1453 καὶ
3273 1398 3371 1460 τάς
3429 1400 3732 1475 Θυγατὲρας
3803 1399 3853 1454 ἂν

2193 1483 2469 1560 ἂπογωγῇ
2498 1485 2588 1539 καὶ
2618 1484 3001 1559 αἰχμαλωσίᾳ,
3031 1489 3200 1541 ταῦτα
3230 1487 3318 1542 καὶ
3360 1485 3547 1548 αὐὸοῖς
3602 1485 3654 1542 ἒν
3718 1487 3852 1542 ἀκα-

2196 1584 2278 1648 ρεῖ
2334 1573 2614 1649 ἐπήνεγκε·
2674 1573 2764 1628 καὶ
2823 1571 3154 1644 ἐνδοξάζεται
3214 1574 3416 1648 Κύριος
3465 1576 3541 1637 ὡς
3584 1571 3855 1630 οὐδεποτε

2193 1660 2382 1741 ἐφόἷς
2412 1662 2474 1716 τὸ
2496 1658 2752 1733 τηνικάδε
2797 1666 2989 1737 καιροῦ
3026 1663 3090 1718 τὸ
3146 1661 3351 1718 οἰκεῖον
3399 1661 3552 1726 ἔλεος
3594 1661 3851 1736 ἐθαυμά-

2195 1771 2387 1820 στωσε,
2459 1756 2832 1825 μαρτυρικοῖς,
2886 1751 2961 1814 ὡς
3017 1748 3211 1822 ἔοικεν,
3305 1750 3667 1831 ἒπικαμφθείς
3759 1751 3848 1807 λι·

2191 1845 2392 1912 ταμοῖς
2465 1840 2555 1893 καὶ
2615 1840 2786 1915 εὐχῆς
2843 1839 3106 1903 ὲπακουὸς
3181 1840 3475 1916 γενόμενος
3555 1845 3656 1897 τοῦ
3734 1847 3846 1897 τῶν

2192 1925 2626 1983 Θεσσαλονικέων
2693 1927 3019 2003 ἀρχιερέωςο
3073 1928 3142 1998 ἦν
3201 1927 3247 1983 δ’
3322 1928 3481 1991 οὗτος
3553 1931 3582 1984 ὁ
3670 1927 3850 1992 πολὺς

2193 2014 2244 2072 ἔν
2279 2014 2433 2093 λόγῳ
2462 2016 2552 2071 καί
2583 2015 2748 2090 ἀρετῇ
2808 2011 3238 2090 διαϐεϐοημένος
3292 2018 3579 2093 ἀπανταχῆ
3636 2017 3851 2076 Εὐστά-

2194 2107 2332 2175 θιος,
2363 2105 2408 2177 ᾧ
2438 2104 2528 2160 καὶ
2557 2105 2621 2160 τὸ
2652 2105 2757 2160 ἀπὸ
2817 2107 3080 2168 συνέσεως
3146 2107 3239 2178 μὶν
3302 2105 3596 2181 ἐπιπρεπὲς
3655 2105 3851 2176 ἀξιέπ-

2192 2213 2341 2247 αινον
2381 2193 2469 2247 καί
2520 2195 2554 2262 ἡ
2609 2191 2938 2267 πολνπειρία
2985 2195 3268 2265 θαυμαστή
3338 2215 3421 2256 τις
3477 2195 3561 2248 καί
3618 2193 3854 2268 ἀειάγα-

2195 2301 2343 2346 στος,
2373 2280 2435 2335 τὸ
2478 2276 2533 2335 δὲ
2563 2281 2707 2355 παρά
2728 2279 2872 2336 πολὺ
2902 2285 3009 2336 τῶν
3039 2279 3224 2336 ἄλλων
3271 2281 3324 2337 ἐν
3373 2281 3552 2356 λόγοις
3615 2281 3852 2355 ὑπερτε-

2193 2373 2301 2440 ρεῖν
2330 2368 2421 2422 καὶ
2453 2367 2641 2443 σοφίας
2697 2371 2898 2439 πάσης,
2953 2369 3133 2439 ὁπόση
3191 2389 3252 2424 τε
3307 2367 3556 2444 ἡμετέρα
3591 2369 3683 2423 καὶ
3743 2370 3853 2440 ’ὸση

2190 2461 2298 2511 τῶν
2330 2457 2573 2530 θύραθεν,
2613 2464 2859 2533 κρατῆρα
2889 2459 2973 2530 [Ρ.
3045 2460 3169 2533 198]
3223 2458 3358 2514 εἶναι
3433 2455 3729 2534 περιχειλῆ
3769 2459 3854 2534 ’τὸ

2195 2545 2551 2615 οἰκειότατον,
2575 2546 2770 2617 ἓκείνῳ
2799 2545 2889 2601 καὶ
2949 2545 3215 2623 ἐξαίρετον
3272 2548 3336 2617 ἦν
3387 2549 3848 2623 χαρακτήρισμα.

2193 2635 2358 2696 Οὗτος
2417 2634 2520 2710 γάρ
2606 2641 3101 2710 συγκακουχεῖσοαι
3157 2641 3238 2709 τῷ
3321 2637 3505 2709 οἰκείῳ
3600 2636 3851 2709 ποιμνίῳ

2193 2723 2450 2796 ἑλόμενος
2483 2721 2700 2797 μᾶλλον
2751 2722 2786 2794 ἢ
2839 2724 2964 2785 τοὺς
3018 2724 3324 2798 μισθωτοὺς
3380 2723 3743 2794 ἐζηλωκὲναι,
3798 2725 3850 2780 οἳ

2191 2818 2300 2868 τῶν
2359 2811 2539 2867 λύκων
2595 2810 2910 2887 ἐρχομένων
2970 2813 3159 2876 ἐῶντες
3216 2815 3279 2868 τὰ
3335 2816 3628 2888 θρέμματα
3692 2811 3849 2869 ἔκδι-

2193 2899 2535 2975 δράσκοσσιν,
2605 2900 2716 2970 ἐξὸν
2802 2906 3219 2974 μεταναστεῦσαι
3297 2909 3398 2972 τῆς
3478 2901 3700 2965 πόλεως
3767 2897 3847 2957 ἔτι

2191 2995 2299 3044 τῶν
2321 2987 2610 3062 πολεμίων
2649 2987 3120 3065 προσδοκωμένων
3178 2987 3318 3063 μηδὲ
3376 2992 3846 3064 περικαθισάντων

2124 3076 2382 3170 Οαύτήν,
2412 3079 2694 3151 τοῦτομὲν
2750 3075 3006 3152 οὐδαμῶς
3065 3077 3402 3149 ἐδικαίωσεν,
3462 3079 3614 3155 εἴπερ
3677 3080 3848 3136 αὐτοῦ

2198 3171 2836 3244 συμπαραμεμενηκότος
2922 3169 3172 3227 πλεῖστοι
3250 3171 3494 3246 ἆμελλον
3553 3174 3844 3244 σώζεσθαι,

2193 3257 2486 3334 ἐνειρχθεὶς
2518 3257 2665 3333 δὶνῇ
2724 3257 2888 3314 πύλει
2954 3260 3092 3315 ἑκὼν
3149 3261 3248 3315 οὐκ
3301 3259 3573 3316 ἐπαύσατο
3626 3258 3850 3316 συνδια-

2192 3346 2368 3424 ιρὲρων
2388 3347 2454 3402 τά
2494 3346 2717 3422 ἀλγεινὰ
2747 3345 2864 3411 τδῖς
2915 3349 3243 3406 πάσχουσιν.
3304 3349 3379 3414 ὡς
3430 3351 3526 3422 μὲν
3585 3355 3668 3423 τῷ
3724 3354 3848 3415 καθ’

2191 3435 2349 3490 αὐτὸν
2383 3432 2744 3510 ὕποδείγματι
2777 3438 3111 3509 συμπείθων,
3143 3437 3220 3500 ὡς
3252 3436 3310 3493 δὲ
3365 3443 3672 3514 παραινῶν,
3743 3439 3843 3494 ὅσα

2187 3524 2279 3579 καὶ
2311 3524 2512 3599 πατρὸς
2544 3523 2755 3600 ἡμέρου
2816 3522 3094 3602 δήγματα,
3153 3526 3220 3581 τὰ
3269 3531 3366 3583 τοῦ
3419 3531 3554 3582 Θεοῦ
3608 3529 3845 3583 καθυπο-

2190 3611 2367 3687 φέρειν
2422 3611 2728 3688 πλήγματα
2783 3613 2873 3668 καὶ
2929 3616 3029 3683 τήν
3078 3613 3137 3668 ἐκ
3173 3619 3270 3669 τοῦ
3300 3617 3634 3688 πατάξαντος
3660 3636 3835 3692 προσ-

2192 3703 2368 3776 μένειν
2397 3705 2547 3766 αὖθις
2580 3703 2741 3764 ἴασιν.
2779 3729 2803 3760 ι
2846 3706 2913 3763 Εἴ
2940 3706 3040 3782 γάρ
3071 3708 3158 3762 καὶ
3194 3705 3328 3776 οἶδε,
3353 3732 3380 3760 ιι
3426 3709 3581 3782 φησὶ,
3644 3733 3672 3760 ‹‹
3732 3729 3835 3764 πα-

2187 3793 2395 3848 τάσσειν
2429 3792 2721 3861 πολλάκις,
2755 3793 2902 3850 ἀλλά
2930 3795 3020 3850 καί
3053 3795 3231 3860 ἰᾶσθαι
3282 3794 3599 3860 πλειστάκις
3659 3797 3835 3876 φιλεῖ,

2187 3883 2272 3936 καὶ
2312 3881 2550 3955 μάλιστα
2581 3883 2630 3937 εἴ
2667 3883 2855 3958 πράως
2894 3883 3042 3960 φέρει
3097 3905 3179 3946 τις
3230 3886 3319 3939 καὶ
3375 3885 3707 3962 εὐχαρίστως
3767 3887 3835 3940 τά

2189 3969 2483 4041 λυποῦντα,
2515 3972 2604 4026 καὶ
2634 3973 2709 4045 μὴ
2743 3973 2879 4046 πρὸς
2917 3973 2979 4027 τὸ
3011 3969 3178 4048 δριμὺ
3207 3974 3415 4029 τούτων
3477 3975 3560 4029 καί
3615 3971 3828 4046 βάλλον

2184 4061 2284 4128 τήν
2317 4058 2562 4130 αἲσθησιν
2597 4058 2960 4134 ἀηδιζόμενος
2995 4062 3348 4138 ἀποστόργως
3376 4057 3494 4137 ἔχει
3552 4064 3688 4138 πρὸς
3738 4064 3831 4118 τὸν

2187 4147 2477 4223 ἐπάγοντα,
2509 4149 2597 4203 καὶ
2661 4148 3032 4218 καταστενάζει
3068 4151 3164 4222 μὶν
3213 4159 3314 4220 τῆς
3375 4152 3663 4225 Προνοίας,
3720 4172 3838 4226 κρι-

2191 4242 2374 4310 μάτων
2411 4235 2467 4292 δὲ
2525 4233 2692 4301 6ἀοος
2749 4238 3058 4294 ἀποσείεται
3116 4241 3310 4295 θεϊκῶν
3370 4241 3463 4294 οἶα
3518 4245 3597 4312 τῷ
3653 4243 3840 4315 Κυρίῳ

2188 4324 2632 4400 ἐξομολογεῖσθαι
2715 4327 3049 4400 μεμαθηκὼς
3108 4326 3161 4382 ἒν
3225 4329 3373 4401 μόνῳ
3430 4333 3509 4401 τῷ
3574 4328 3838 4406 ἀγαθύνεο

2114 4417 2331 4508 Datim,
2389 4416 2478 4469 καὶ
2534 4415 2659 4470 ὃταν
2728 4415 2779 4486 ἐξ
2838 4415 3024 4491 οὐρίας
3082 4416 3376 4492 φερόμενον
3435 4419 3498 4472 τὸ
3545 4422 3645 4472 τοῦ
3714 4419 3836 4494 βίου

2188 4502 2406 4558 ἀκάτιον
2435 4500 2728 4576 διακομιζῃ
2784 4504 3134 4578 ἀναυαγητως
3201 4504 3391 4578 ἐκείνῳ
3448 4507 3536 4560 καὶ
3591 4505 3713 4581 ῥεῖα
3745 4507 3834 4561 καὶ

2189 4593 2405 4669 κούφως
2438 4594 2502 4648 τά
2561 4591 2742 4670 sepe-:51,
2791 4593 2864 4655 ὡς
2921 4593 2974 4646 αἶ
3024 4600 3147 4662 νῆες
3207 4597 3474 4670 μακρὸοεν
3530 4597 3596 4651 τὰ
3657 4597 3835 4672 ἀγώγι

2193 4702 2288 4754 μα·
2325 4706 2353 4733 ››
2384 4681 2590 4738 Οὐκοῦν
2621 4680 2709 4735 καὶ
2739 4685 2854 4742 τοῖς
2904 4687 3234 4757 στρατηγοῖς
3292 4683 3684 4756 ὀπτανόμενος,
3738 4682 3834 4746 οὕς

2192 4773 2426 4831 Κόντους
2457 4770 2580 4842 εἴπῃ
2628 4789 2712 4830 τις
2768 4767 2829 4823 ἃν
2886 4774 3147 4844 Λατινικῇ
3206 4769 3474 4845 διαλέκτῳ
3519 4772 3831 4847 χρώμενος.

2190 4856 2474 4931 ἐμετρίαζε
2529 4859 2597 4913 τά
2656 4857 2829 4933 χείρω
2913 4864 3034 4920 τοῖς
3090 4860 3436 4926 πεπονθόσίν,
3495 4859 3836 4936 ἐπιτάγμᾶτα

2193 4948 2390 5013 ἐκεῖθεν
2445 4949 2663 5028 χορηγά
2730 4949 2974 5022 κομίζων
3045 4950 3275 5013 ἀνέσεως
3360 4952 3449 5006 καί
3502 4955 3604 5006 πᾶν
3650 4950 3836 5028 ἓτερον

2191 5041 2517 5111 πρυτανεῦον
2548 5036 2733 5100 αὐτοῖς
2788 5036 3155 5111 παράκλησιν·
3223 5041 3372 5118 τάχα
3430 5039 3535 5116 γὰρ
3591 5040 3685 5095 καὶ
3743 5042 3839 5096 πέ-

2189 5147 2321 5201 τρας
2351 5125 2655 5201 ἀγελάστου
2705 5127 2734 5181 ὁ
2789 5124 2996 5180 ἐκείνου
3055 5127 3223 5200 λόγος
3279 5127 3551 5196 καθίκετο,
3619 5130 3706 5184 καὶ
3771 5128 3840 5185 δι’

2192 5210 2377 5273 αίδοῦς
2405 5212 2493 5268 καὶ
2528 5213 2691 5286 μόνον
2735 5213 2919 5290 ὀφθεὶς
2946 5219 3062 5275 τοῖς
3101 5212 3448 5293 ἀλλοφύλοις
3502 5214 3688 5292 ἤγετο,
3750 5219 3838 5274 καὶ

431 5312 621 5373 θώκων
651 5299 1350 5380 ὐπεξίσταντο,καὶήδὲως
1377 5301 1544 5357 αὐτοῦ
1570 5297 1795 5372 ἤκουον,
1845 5300 1935 5355 καὶ
1993 5301 2129 5377 πρὸς
2185 5302 2247 5357 τὸ
2305 5302 2601 5377 πραότερον
2655 5301 2746 5357 καὶ
2817 5303 3182 5377 χρηστότερον
3256 5306 3387 5374 ἦθος
3448 5313 3836 5380 μετεποιοῦντο

903 5391 1240 5471 φλεγμαῖνον
1291 5390 1439 5466 χειρὶ

432 5400 522 5450 οἷα
593 5400 807 5470 τραῦμα

1544 5391 1721 5468 κούφῃ
1793 5389 2282 5464 καταλεαινόμενον
2360 5389 2535 5446 ὕδατι.
2613 5390 2678 5448 Εἰ
2755 5391 2857 5467 γὰρ
2915 5391 3007 5444 καὶ
3081 5391 3216 5460 ἦσαν
3293 5392 3445 5449 οὗτοι
3521 5396 3836 5474 ἀγχινεσρεῖς

442 5487 642 5556 μικροῦ
704 5484 989 5556 αἰθόμενοι
1066 5482 1442 5556 γαμψώνυχες
1480 5479 1692 5556 ὄρνιθες
1722 5480 1812 5534 καὶ
1892 5480 2076 5555 βαρεῖς
2149 5478 2493 5535 ἐπεποτῶντο
2568 5485 2682 5540 τοῖς
2726 5479 2829 5534 ὑπὸ
2904 5484 3064 5554 χεῖρα
3137 5485 3438 5552 τηνικαῦτα
3512 5485 3832 5559 Ῥωμαίοις,

439 5568 772 5642 μετοικεσίαν
814 5570 998 5629 αὐτοῖς
1032 5567 1107 5630 είς
1154 5567 1412 5624 Σικελίαν
1489 5568 1969 5642 ἐπαπειλούμενοι,
2046 5566 2175 5624 ἀλλ’
2213 5566 2304 5622 οὖν
2379 5567 2582 5631 ἐκεῖνος
2645 5566 2774 5632 τοὺς
2835 5589 2914 5640 τῳ
2990 5564 3092 5623 δέει
3169 5565 3703 5645 περιϐαμϐαίνοντας
3742 5586 3831 5640 καὶ
