4112 6218
287 293 401 354 555
1329 285 1428 348 DE
1469 289 1931 352 ANDRONIGO
1971 293 2362 359 COMNENO
2406 300 2548 362 LIB.
2597 301 2638 362 1.
3561 306 3686 368 see

278 419 561 494 δεινότερα
624 422 732 474 τῶν
789 417 1093 473 ἐνεστώτων
1149 417 1215 473 τά
1271 416 1517 474 ἕσέπειτα
1577 417 1958 497 ὑφορωμένους
2013 425 2151 480 κακὰ
2212 425 2496 505 ἐπισυνῆγὲ
2566 453 2625 488 τε
2701 431 2792 488 καὶ
2873 431 3152 504 διὲθαλπε,
3205 437 3340 490 καθά
3397 435 3487 491 καὶ
3539 432 3688 512 ὅρνις

283 512 388 568 ὑπὸ
413 511 510 572 τὰς
563 510 759 578 ἑαυτῆς
816 504 1232 580 περισυστέλλει
1289 507 1558 584 πτέρυγας
1608 509 1673 563 τὰ
1727 509 1960 581 νεόττια,
2015 513 2107 566 καί
2163 515 2227 569 τὸ
2281 521 2378 572 τοῦ
2433 504 2608 593 θυμοῦ
2666 519 2938 596 Μερῥαῖον
2995 527 3104 576 τῶν
3163 523 3504 597 κρατούντων
3568 504 3693 599 μετ.

282 595 484 674 ἡμειϐε
550 601 716 654 ποιοῦ
782 601 877 652 τοῦ
933 597 1314 690 πικράζονμτος,
1371 594 1552 672 ὥσπερ
1613 599 1901 654 Μωσαϊκὸν
1959 599 2120 670 ξύλον
2179 607 2340 676 μέσος
2394 594 2974 684 προσλαμϐανόμενος.
3040 594 3265 674 Ὀποῖος
3325 611 3381 668 δε
3423 616 3451 668 ὁ
3482 594 3688 690 τρόπος

282 697 385 760 τῆς
443 687 780 764 ἐλευθερίας,
838 686 930 742 καὶ
990 685 1078 741 διὰ
1137 685 1302 760 μέσου
1375 686 1521 748 τίνος
1591 687 1655 744 τὸ
1736 693 1890 743 Θεῖον
1949 694 2161 748 τουτονὶ
2239 694 2643 775 ἐκαινούργησε,
2719 700 2811 755 τὸν
2883 700 3081 754 οἰκεῖον
3169 685 3528 774 ἀναμεινάτω.
3576 722 3694 758 και-

283 779 400 854 ρόν.

360 877 410 925 ι’.
463 869 543 925 Τὸ
609 864 669 922 δὶ
725 865 902 943 λέγειν
965 864 1199 920 ἐπανίτω
1256 864 1420 921 πάλιν
1476 868 1593 922 ’ὀθεν
1649 862 1930 941 ἐκϐέϐηκε,
1962 874 2017 940 Α

277 955 368 1010 καὶ
433 951 672 1009 διδόσθω
702 952 770 1008 τὰ
814 956 913 1008 τοῦ
947 949 1222 1026 βασιλέως
1283 951 1626 1028 Ἀνδρονίκου
1673 958 1753 1026 τῷ
1779 955 1933 1010 ἱστο-

286 1049 418 1120 ρεῖν.
451 1042 591 1121 Εἶχε
625 1042 719 1115 μὲν
773 1039 863 1095 οὖν
922 1040 1010 1096 ἐπὶ
1069 1039 1234 1111 ξύλου
1289 1041 1597 1118 ἀναρτήσας
1653 1042 1782 1106 τοὺς
1835 1063 1937 1098 κα-

285 1133 581 1207 σιγνήτους
649 1125 1072 1192 Σεϐαστειανοὺς
1130 1131 1204 1191 ὡς
1291 1130 1368 1191 εἷς
1425 1129 1714 1205 τυραννίδα
1773 1129 1934 1202 δῆθεν

282 1229 609 1305 ἐπαίροντας
663 1229 753 1284 καὶ
822 1227 987 1283 αὐτοῦ
1069 1228 1376 1304 καθαίρεσιν
1461 1230 1554 1284 τὸν
1649 1230 1932 1301 Κομνηνὸν

282 1320 556 1390 Ἀλέξιον.
591 1315 763 1380 Οὗτός
811 1317 954 1373 ἐστιν
987 1319 1015 1373 ὁ
1059 1319 1136 1392 μή
1184 1317 1236 1388 ἐξ
1284 1317 1528 1391 ἐννόμων
1582 1317 1936 1392 περιπλοκῶν

279 1413 360 1480 τῷ
401 1406 624 1482 βασιλεῖ
653 1407 978 1484 ἀποτεχθεῖς
1022 1405 1312 1475 Μανουὴλ,
1364 1407 1454 1460 καὶ
1509 1411 1758 1483 γαμικῶς
1811 1429 1933 1462 συν-

280 1498 470 1576 αφθεὶς
525 1500 594 1569 τῇ
653 1495 702 1568 ἐξ
764 1495 974 1568 ὁμοίων
1029 1495 1220 1573 φυείσῃ
1302 1496 1626 1570 σπερμάτων
1708 1497 1930 1572 θυγατρὶ

277 1590 381 1641 τοῦ
411 1581 764 1660 Ἀνδρονίκου
823 1583 1050 1659 Εἰρήνῃ.
1106 1583 1350 1660 Βραχέος
1409 1588 1538 1659 γοῦν
1587 1581 1933 1648 διαλιπόντος

278 1688 475 1758 καιροῦ
524 1683 615 1738 καὶ
673 1681 831 1737 αὐτὸν
893 1680 1240 1760 συνειληφὼς
1294 1682 1386 1737 τὸν
1442 1681 1686 1753 ’Δλέξιον
1747 1683 1932 1759 εἱρκτῇ

281 1769 679 1849 παραδίδωσιν,
739 1767 923 1826 ἔπειτα
980 1765 1472 1841 διαλωϐησάμενος
1520 1773 1647 1834 τοὺς
1726 1771 1933 1850 ὀφθαλ-

287 1861 422 1936 μοὺς
463 1859 516 1922 ἐς
544 1860 644 1928 τήν
685 1857 883 1930 Χηλὴν
942 1858 1230 1934 ὑπερόριον
1281 1859 1485 1930 τίθησι·
1533 1857 1827 1936 πολίχνιον
1876 1859 1933 1916 δέ

281 1950 424 2006 ἐστιν
456 1948 586 2019 αὕτη
620 1946 888 2022 πάραλον,
951 1947 1185 2024 ἃγχιστά
1230 1969 1335 2003 που
1381 1952 1480 2003 τοῦ
1537 1947 1746 2005 Πόντου
1805 1949 1931 2004 στό-

281 2069 457 2124 ματος
510 2047 779 2121 κείμενον,
846 2046 968 2102 ἷιθα
1022 2047 1112 2102 καὶ
1170 2046 1401 2124 πυργίον
1483 2045 1784 2124 εἰσδέχεται
1838 2048 1930 2103 τὸν

278 2133 521 2210 Ἀλέξιον
559 2136 760 2192 τούτοῦ
817 2132 967 2191 ἕνεκα
1023 2133 1285 2208 δομηθέν.
1349 2137 1447 2190 Καὶ
1502 2137 1602 2206 τήν
1663 2138 1932 2212 θυγατέρα

2119 875 2206 932 40.
2239 880 2403 934 Nunc
2431 879 2502 934 ad
2538 880 2875 936 institutum
2935 881 3130 937 redeat
3159 881 3346 938 oratio
3395 889 3450 938 et
3497 899 3589 938 res
3621 883 3694 939 ab

2043 965 2373 1022 Andronico
2403 978 2579 1039 gestae
2613 969 2963 1026 referantur.
3000 969 3056 1027 Is
3111 970 3465 1027 Sebastianis
3506 973 3696 1027 fratri-

2045 1055 2156 1110 bus
2187 1055 2246 1110 in
2279 1072 2510 1112 crucem
2544 1057 2710 1129 actis,
2740 1060 2897 1130 quod
2930 1059 3194 1114 Alexium
3245 1059 3604 1116 Comnenum
3630 1060 3700 1130 (is

2041 1148 2129 1198 est
2193 1159 2369 1213 quem
2429 1146 2657 1203 Manuel
2715 1156 2876 1203 extra
2933 1149 3272 1220 conjugium
3327 1149 3588 1220 suscepit
3643 1157 3699 1205 et

2039 1233 2410 1290 Andronicus
2443 1235 2622 1291 Irenm
2654 1236 2787 1292 filiae
2819 1238 3021 1293 eodem
3056 1239 3227 1292 modo
3260 1243 3405 1293 nata:
3440 1239 3692 1310 despon-

2040 1324 2147 1396 dit)
2181 1341 2423 1397 regnum
2471 1328 2838 1384 all'ectantem
2893 1330 3226 1400 adjutarent
3273 1335 3328 1385 et
3360 1347 3418 1386 se
3447 1329 3692 1402 imperio

2039 1411 2274 1484 pulsum
2306 1413 2542 1484 vellent,
2585 1416 2758 1487 paulo
2811 1425 2941 1488 post
2997 1419 3170 1474 etiam
3223 1417 3387 1474 illum
3434 1435 3695 1489 compre-

2039 1502 2284 1558 hensum
2319 1504 2377 1559 in
2409 1521 2699 1562 carcerem
2750 1507 3010 1577 conjicit.
3065 1507 3283 1563 Deinde
3339 1513 3691 1564 excaecatum

2037 1591 2250 1649 Cbelen
2284 1593 2365 1664 (id
2397 1594 2675 1666 oppidum
2709 1594 2966 1651 vicinum
3027 1601 3116 1652 est
3167 1597 3335 1653 Ponti
3380 1594 3692 1668 angustiis)

2038 1679 2274 1753 relegat,
2308 1685 2367 1737 et
2398 1682 2458 1738 in
2492 1683 2699 1738 turrim
2735 1700 2802 1740 ea
2836 1685 2991 1740 402
3013 1685 3084 1739 de
3105 1702 3281 1741 causa
3329 1690 3685 1741 exstructam

2036 1771 2556 1844 compingit,etiam
2595 1773 2756 1829 lrena
2788 1773 2906 1828 illia
2938 1790 3114 1830 exosa
3145 1778 3203 1829 et
3231 1775 3492 1845 expulsa,
3527 1775 3676 1844 quod

2037 1861 2321 1915 maritum
2351 1860 2594 1916 minime
2623 1860 2823 1932 lugere
2845 1863 3036 1932 jussa,
3060 1864 3133 1932 si,
3175 1867 3239 1918 ut
3291 1863 3442 1934 piam
3501 1863 3682 1919 ﬁliam

2037 1948 2284 2013 deceret,
2319 1949 2503 2020 patris
2561 1949 2731 2006 malis
2791 1955 3138 2021 moveretur,
3197 1953 3297 2006 sed
3365 1968 3495 2007 eum
3553 1951 3684 2007 odio

2037 2053 2150 2092 non
2185 2036 2412 2092 minore
2442 2054 2619 2109 quam
2654 2037 2818 2110 prius
2849 2055 3044 2094 amore
3105 2040 3397 2110 persequi,
3430 2038 3528 2096 illa
3567 2039 3688 2110 pri-

2036 2125 2485 2182 stinacharitate
2507 2131 2848 2183 conservata
2868 2125 3088 2182 luctum
3114 2143 3287 2182 suum
3310 2131 3366 2182 et
3415 2125 3689 2198 lacrymis

277 2225 526 2298 Εἰρήνην
557 2226 853 2302 ἀποστυγεῖ
880 2225 969 2280 καὶ
1014 2230 1252 2280 ποιεῖται
1301 2223 1408 2280 ἀπὸ
1464 2227 1762 2302 προσώπου
1805 2227 1927 2282 Ἀν-

2041 2219 2097 2270 et
2119 2212 2278 2287 pullo
2309 2215 2518 2270 vestitu
2549 2215 2894 2270 testabatur.
2928 2215 3015 2270 Ita
3044 2213 3310 2270 mirabile
3351 2213 3496 2269 illud
3554 2231 3690 2270 cun-

280 2314 671 2392 δρόνικος,δτι
721 2315 750 2370 ὁ
806 2315 903 2388 μὲν
951 2316 1027 2388 μή
1087 2314 1420 2390 ἄχθεα-θῆναι
1474 2316 1608 2388 μηέέ
1663 2317 1932 2390 κόψασθαι

276 2414 534 2468 ὁπωσοῦν
567 2412 812 2484 ἐπέταξεν
843 2411 928 2467 ἐπὶ
970 2416 1050 2485 τῷ
1091 2411 1297 2484 ταύτης
1347 2409 1526 2488 ἀνδρὶ,
1586 2413 1631 2469 εἰ
1692 2414 1932 2490 φιλοπᾰ-

270 2523 387 2578 τωρ
419 2501 535 2558 ἐστὶ
587 2503 826 2577 θυγάτηρ
885 2501 974 2556 καὶ
1037 2501 1340 2578 ὑπεραλγεῖ
1393 2505 1489 2556 τοῦ
1548 2503 1931 2579 ιρυτεύσαντος,

281 2592 500 2667 μᾶλλον
561 2593 656 2666 μὲν
709 2592 800 2646 οὗν
860 2592 950 2646 καὶ
1011 2592 1388 2668 ἀποστυγῆσαι
1438 2591 1530 2646 τὸν
1601 2591 1932 2668 σύλλεκτρον

275 2682 367 2737 καὶ
399 2681 464 2736 τὸ
503 2683 696 2753 πρώην
731 2679 957 2758 φίλτρον
1013 2685 1352 2754 μετενεγκεῖν
1403 2680 1478 2742 εἰς
1536 2686 1694 2753 μῖσος
1746 2679 1930 2754 ἀντίρ-

275 2766 630 2844 ῥοπον,ἡδέ
686 2768 1005 2844 ἑθρήνησεν,
1063 2767 1137 2830 ὡς
1197 2767 1364 2837 εἰκὸς,
1421 2769 1522 2823 οὐκ
1571 2766 1931 2843 ἀπιστέρξασα

268 2870 361 2924 τὸν
424 2866 745 2940 ὁμόκοιτον,
803 2867 892 2922 καὶ
948 2865 1220 2939 δυσείμων
1277 2865 1684 2940 ἅποθριξαμένη
1745 2867 1927 2922 τεθέα-

414 2957 430 2978 ν
564 2956 578 2977 ι
643 2954 669 2972 Π
847 2956 862 2972 \
1023 2956 1032 2972 Ι
1235 2953 1258 2972 κ
1296 2954 1307 2974 Ι
1507 2955 1520 2972 ι
1607 2961 1632 2973 υ

270 2977 380 3012 ται.
433 2953 560 3012 Αλλ
609 2977 755 3011 ουτω
807 2975 902 3028 μεν
951 2954 1170 3024 ἐξαπινα
1231 2972 1413 3024 οιεστη
1463 2975 1531 3010 τα
1566 2976 1667 3024 της
1718 2956 1928 3028 θαυμα-

275 3052 408 3116 στῆς
447 3043 652 3116 ταύτης
711 3045 801 3099 καὶ
863 3043 1430 3121 μεγαληγορουμένης
1471 3051 1716 3120 γαμικῆς
1770 3065 1927 3098 συνα-

271 3137 429 3215 φείας
491 3134 594 3189 ὑπὸ
660 3137 767 3188 τῶν
821 3134 1269 3208 καταρκτοτάτων
1350 3133 1603 3188 κολάκων
1659 3135 1749 3188 καὶ
1818 3137 1926 3189 τῶν

269 3232 784 3310 ἀττιῖρθεγγομένων
813 3235 1007 3306 νόμοις
1062 3230 1434 3302 δικασπόλων,
1482 3231 1541 3287 οἵ
1588 3233 1688 3300 τήν
1747 3233 1926 3305 κάμη-

275 3320 374 3376 λον
406 3320 794 3382 καταπίνοντες
845 3318 1096 3390 διύλιζον
1133 3320 1224 3375 τὸν
1276 3321 1536 3390 κώνωπα,
1590 3322 1676 3398 ὑφ’
1723 3324 1788 3390 ἧς
1835 3320 1927 3376 καὶ

273 3412 346 3466 τά
404 3409 643 3486 χρονίως
694 3407 1074 3484 ἀπορραγέντα
1126 3407 1399 3465 συνελθεῖν
1458 3411 1611 3473 αὖθις
1661 3430 1928 3484 προεφοι-

277 3493 496 3568 ὃάζετο,
529 3500 630 3567 τήν
656 3494 732 3552 ἓω
760 3517 820 3552 τε
867 3496 1287 3572 προσπλακῆναι
1334 3497 1405 3571 τῇ
1457 3494 1628 3566 δύσει,
1683 3499 1772 3553 καὶ
1823 3518 1925 3552 πα-

277 3587 436 3643 λαιὰν
500 3585 883 3659 έκπολέμωσιν
942 3585 1362 3659 ἀποτρίψασθαι,
1409 3586 1500 3640 καὶ
1556 3580 1679 3656 ἔθνη
1737 3584 1920 3661 ὥσπερ
1953 3586 1995 3653 C

265 3677 361 3738 τὰς
391 3675 648 3752 γλώττας
709 3675 849 3730 οῧνω
876 3674 968 3729 καὶ
1015 3675 1111 3734 τὰς
1166 3675 1388 3748 γνώμας
1447 3675 1742 3748 Ῥωμαίοις
1787 3675 1916 3730 ἀνό-

273 3787 404 3838 μοια
448 3765 514 3819 τὸ
569 3764 846 3836 σύμπνουν
905 3763 1268 3832 ἀσπάσασθαι,
1325 3763 1416 3819 καὶ
1471 3764 1565 3820 τὸν
1624 3765 1920 3838 ταυτισμὸν

269 3869 376 3918 τῶν
437 3866 588 3933 ἠθῶν
649 3864 752 3931 τῆς
811 3861 1077 3935 προτέρας
1133 3861 1510 3935 καινοτρὸπως
1586 3861 1920 3935 ἀλλάξασθαι

272 3950 624 4022 διαστάσεως,
657 3951 730 4012 ὡς
776 3957 1113 4027 συγκοπῆναι
1167 3951 1263 4013 τὰς
1323 3946 1542 4020 ζιϐύνας
1596 3951 1671 4012 εἷς
1719 3952 1921 4026 ἄροτρα

267 4041 356 4097 καὶ
423 4035 877 4114 συμϐοσκηθῆναι
935 4037 1101 4114 ἃρνας
1177 4044 1294 4101 τοῖς
1352 4037 1591 4096 λέουσιν.
1655 4039 1918 4111 Εὖνομίαι

267 4151 326 4186 τε
390 4130 608 4185 πόλεων
667 4127 1087 4204 ἐμεγαλύνοντο,
1148 4128 1240 4182 καὶ
1294 4132 1400 4183 τῶν
1472 4127 1742 4206 ἐκφορίων
1817 4135 1920 4198 τῆς

271 4231 373 4305 γῆς
420 4225 665 4286 ἐπίδοσις
722 4223 950 4300 διαρκὴς
1006 4225 1096 4280 καὶ
1164 4223 1481 4302 παράλογος
1539 4219 1782 4305 ἔκφυσις,
1843 4227 1920 4288 ὡς

273 4315 442 4392 ὅχνας
495 4316 593 4390 μὶν
647 4320 992 4391 προενεγκεῖν
1036 4316 1136 4383 τήν
1197 4316 1426 4389 ῥάμνον,
1483 4319 1583 4386 τήν
1643 4314 1699 4371 δὲ
1755 4322 1920 4386 συκῆν

271 4405 566 4481 ἀσταχύων
621 4405 862 4484 φρίσσειν
944 4402 1246 4478 ἀνθέρικας,
1303 4403 1339 4473 ἤ
1399 4409 1529 4480 γοῦν
1589 4406 1663 4466 ὡς
1740 4403 1792 4460 ἐν
1849 4408 1918 4479 τῇ

278 4495 416 4567 μίξει
451 4495 576 4556 Διὸς
605 4495 694 4548 καὶ
757 4495 926 4568 Ἥρας
978 4493 1029 4546 οἱ
1078 4492 1301 4563 ποιηταί
1361 4514 1540 4571 φασιν,
1605 4494 1920 4567 ὑποστρων-

270 4584 490 4646 νύεσθαι
550 4582 644 4656 μὲν
697 4580 872 4636 λωτὸν
929 4581 1213 4654 ἑρσήεντα,
1270 4583 1468 4656 κρόκον
1503 4579 1550 4636 δ’
1594 4581 1920 4661 ἀναφύεσθαι

267 4682 356 4734 καὶ
403 4677 721 4735 ἀνατέλλειν
783 4679 1052 4737 ὑάκινθον.
1115 4675 1303 4740 Οὕτως
1359 4681 1410 4733 οἱ
1469 4678 1758 4754 λογοποιοὶ
1810 4685 1918 4734 τῶν

268 4769 533 4824 νοιούτων
581 4766 968 4842 ἐμωράνθησαν
1027 4765 1437 4842 προδηλότατα,
1487 4769 1576 4823 καὶ
1627 4768 1919 4847 φάσκοντες

267 4859 404 4914 εἶναι
497 4857 659 4930 σοφοὶ
714 4856 804 4910 καὶ
875 4851 1278 4929 προϐλεπτικοὶ
1328 4860 1436 4910 τῶν
1505 4855 1778 4930 ἐσομένων
1830 4858 1918 4913 καὶ

2031 2303 2290 2376 jugium,
2322 2308 2381 2358 et
2409 2321 2440 2359 a
2471 2303 2835 2360 detestandis
2874 2304 3338 2359 assentatoribus
3383 2308 3442 2359 et
3474 2303 3689 2373 iniquis

2027 2392 2351 2464 judicibus,
2383 2393 2486 2464 qui
2516 2392 2806 2448 camelum
2841 2392 3174 2465 deglutiunt
3204 2397 3261 2448 et
3309 2393 3551 2448 culicem
3589 2408 3692 2448 co-

2035 2481 2180 2546 lant,
2209 2481 2518 2554 magnifice
2567 2482 2876 2552 jactatum,
2933 2481 3128 2538 subito
3167 2486 3257 2538 est
3301 2481 3685 2554 diremptum.

2035 2570 2143 2626 Per
2174 2571 2324 2642 quod
2356 2571 2532 2626 iidem
2567 2571 2956 2642 praedixerant
2996 2587 3064 2627 ea
3114 2588 3240 2642 quae
3295 2569 3435 2627 olim
3485 2571 3689 2627 avulsa

2035 2664 2232 2715 essent
2262 2660 2473 2714 iterum
2507 2660 2751 2725 coitura,
2785 2664 2843 2715 et
2874 2659 3167 2716 Orientem
3200 2675 3333 2714 cum
3378 2658 3686 2715 Occidente

2035 2747 2377 2819 copulatum
2418 2747 2607 2808 irizet
2634 2748 2968 2804 inveteratis
2999 2747 3150 2804 odiis
3207 2748 3444 2803 abolitis
3485 2758 3686 2821 gentes

2034 2843 2101 2894 ut
2129 2836 2371 2910 linguis,
2405 2837 2489 2893 ita
2537 2837 2799 2893 moribus
2857 2855 2889 2892 a
2950 2838 3229 2894 Romanis
3292 2836 3693 2908 discrepantes

2034 2926 2404 2984 concordiam
2445 2925 2694 2982 inituras
2747 2925 3078 2998 iisdemque
3139 2925 3406 2982 moribus
3459 2943 3693 2998 usuras,

2035 3017 2510 3072 dissensionibus
2541 3033 2691 3072 nova
2722 3017 2947 3073 ratione
3005 3016 3260 3086 abolitis,
3296 3023 3363 3073 ut
3417 3033 3587 3074 enses
3627 3018 3687 3074 in

2034 3111 2228 3162 aratra
2256 3110 2630 3161 mutarentur
2685 3111 2742 3161 et
2799 3105 2934 3178 agni
2998 3123 3130 3161 cum
3165 3105 3430 3162 leonibus
3478 3123 3686 3178 pasce-

2033 3198 2255 3251 rentur.
2286 3193 2602 3250 Civitatum
2652 3210 2885 3266 quoque
2942 3193 3316 3266 disciplinam
3363 3199 3420 3250 et
3452 3195 3683 3266 frugum

2033 3287 2386 3355 proventum
2421 3283 2656 3337 uberem
2690 3287 2747 3338 et
2805 3282 3133 3338 mirabilem
3183 3283 3506 3353 jactabant.
3540 3283 3684 3340 Nam

2032 3371 2244 3428 rubum
2279 3372 2405 3444 pira
2437 3371 2788 3442 periturum,
2822 3372 2996 3428 ficum
3029 3376 3224 3442 segete
3250 3375 3556 3443 gravatum
3599 3372 3690 3444 iri,

2035 3463 2150 3517 fere
2175 3464 2237 3516 ut
2256 3461 2506 3532 poetaein
2523 3459 3017 3516 JovisetJunonis
3042 3459 3356 3515 concubitu
3396 3460 3688 3516 roscidam

2034 3549 2218 3605 lotum
2251 3549 2548 3605 substerni
2581 3550 2736 3605 408
2758 3553 2814 3603 et
2844 3565 3078 3604 crocum
3113 3549 3308 3604 enasci
3353 3565 3418 3604 ac
3454 3548 3686 3622 hyacin-

2031 3639 2199 3694 tbum
2259 3639 2396 3694 oriri
2465 3637 2821 3694 fabulantur.
2881 3637 3130 3693 Omnino
3196 3637 3292 3691 isti
3356 3636 3680 3707 nugigeruli

2030 3727 2511 3784 manifestissime
2540 3727 2881 3792 delirarunt,
2941 3725 3040 3796 qui
3103 3740 3235 3779 cum
3288 3741 3350 3779 se
3385 3725 3678 3796 sapientes

2029 3832 2158 3873 esse
2190 3816 2498 3885 futuraque
2550 3813 2881 3884 prospicere
2949 3813 3362 3885 gloriarentur,
3448 3829 3552 3867 nec
3612 3827 3681 3868 ea

2030 3923 2158 3978 qua:
2217 3910 2349 3960 ante
2388 3902 2567 3974 pedes
2622 3906 2790 3955 erant
2821 3900 3274 3972 perspiciebant,
3327 3900 3676 3971 prapbeticm

2030 3995 2113 4050 illi
2145 3991 2521 4048 exsecrationi
2547 3989 2809 4056 obnoxii,
2843 3993 2908 4044 ut
2938 3988 3202 4045 videntes
3259 4005 3374 4043 non
3415 3988 3680 4044 viderent

2029 4090 2084 4138 et
2115 4082 2416 4138 audientes
2447 4095 2563 4134 non
2593 4077 2884 4132 audirent.
2937 4078 3056 4132 Imo
3117 4082 3313 4148 aperte
3367 4077 3681 4132 cernebant

2029 4177 2087 4229 et
2115 4172 2261 4227 satis
2283 4172 2493 4224 norant
2524 4183 2586 4222 se
2616 4165 2889 4236 capitalia
2915 4164 3087 4221 verba
3118 4165 3362 4221 fundere
3391 4174 3443 4221 et
3477 4167 3680 4222 dentes

2030 4278 2170 4319 suos
2219 4267 2496 4331 tanquam
2550 4254 2749 4327 jacula
2805 4260 2860 4310 et
2917 4255 3146 4327 gladios
3201 4272 3524 4311 exacuere:
3581 4257 3680 4312 sed

2031 4353 2164 4424 quia
2199 4355 2365 4422 grata
2422 4345 2658 4403 auribus
2715 4345 2989 4399 dicebant
3044 4349 3101 4399 et
3157 4345 3390 4416 linguas
3448 4343 3680 4400 venales

2030 4443 2320 4498 habebant
2339 4445 2396 4492 et
2421 4434 2760 4493 hominibus
2784 4435 3009 4505 placere
3043 4433 3306 4504 impense
3343 4433 3682 4504 cupiebant,

2031 4527 2410 4602 quales,prob
2430 4524 2595 4581 dolor
2615 4523 2642 4580 ?
2665 4523 2811 4577 aulae
2845 4523 2900 4576 in
2925 4523 3244 4593 perniciem
3292 4539 3456 4578 suam
3494 4524 3681 4592 alunt,

2029 4619 2364 4675 laudatores
2379 4611 2980 4679 malorum,bonorum
2997 4611 3288 4668 inscitiam
3307 4613 3682 4679 simulantes,

2033 4705 2232 4764 sedulo
2263 4702 2698 4776 improbitatem
2735 4701 3178 4773 promovebant,
3236 4717 3421 4772 eaque
3467 4702 3678 4772 proba-

2032 4797 2174 4853 bant
2231 4812 2358 4867 qute
2433 4793 2765 4862 imperatori
2826 4790 2987 4845 cordi
3059 4795 3242 4846 erant.
3301 4790 3498 4861 Neque
3545 4805 3681 4844 vero

2032 4885 2297 4940 Alexium
2367 4882 2653 4937 duntaxat
2708 4882 2871 4934 tanta
2935 4877 3366 4934 inhumanitate
3412 4877 3682 4932 tractavit

266 4943 586 5022 προειδότες
616 4946 683 5000 τὰ
737 4943 1038 5020 ἔμπροσθεν
1071 4942 1197 5000 οὐδὲ
1243 4945 1309 4998 τὰ
1360 4945 1412 4999 ἐν
1471 4966 1627 5000 ποσιν
1681 4947 1912 5021 ὁρῶντες

2035 4974 2420 5039 Andronicus,
2454 4971 2554 5026 sed
2589 4985 2656 5024 ex
2687 4967 2968 5022 ministris
2999 4968 3172 5022 etiam
3197 4969 3324 5036 ejus
3357 4965 3678 5036 praecipuos

266 5043 604 5120 ἠλέγχοντο,
654 5038 802 5096 ἀλλὰ
851 5040 988 5095 κατά
1034 5043 1134 5110 τήν
1207 5043 1556 5121 προφητίκὴν
1606 5043 1737 5118 ἆράν
1790 5043 1918 5119 βλέ-

267 5154 463 5195 ποντες
523 5129 625 5187 οὒκ
680 5124 910 5185 ἔϐλεπον
971 5127 1089 5184 οὐδ’
1173 5129 1379 5192 ἀΐοντες
1437 5131 1789 5202 ἠνωτίζοντο.
1847 5140 1921 5194 Ἥ

269 5225 458 5296 δώρων
494 5221 590 5294 μὲν
653 5217 909 5296 ασνραλῶς
953 5219 1043 5273 καὶ
1101 5215 1296 5293 ᾔδεσαν
1356 5215 1596 5296 ἀκριϐῶς
1654 5242 1919 5276 καταπον-

265 5316 468 5388 τισμοῦ
499 5308 868 5388 φθεγγόμενοι
907 5307 1128 5385 ῥήματα
1165 5308 1254 5363 καὶ
1306 5307 1382 5371 εἷς
1439 5306 1586 5364 ὅπλα
1637 5309 1724 5363 καὶ
1785 5310 1917 5383 βέλη

264 5412 388 5472 τοὺς
442 5410 648 5464 ἱαυτῶν
705 5402 929 5467 ὀδόντας
992 5410 1485 5484 μεταγομφοῦντες,
1536 5406 1922 5484 χαριτογλωτ-

263 5504 484 5559 τοῦντες
525 5492 573 5550 δ’
619 5496 772 5568 ὅμως
820 5495 910 5549 καί
969 5495 1104 5568 πρὸς
1163 5494 1422 5570 ἀργύριον
1479 5493 1774 5557 λαλοῦντες
1828 5497 1919 5550 καὶ

266 5589 398 5664 βοῦν
458 5587 550 5644 ἰπὶ
604 5585 823 5660 γλῶττη
884 5585 1134 5662 φέροντες
1191 5585 1282 5639 καὶ
1337 5585 1402 5640 τὸ
1468 5584 1920 5659 ἀνθρωπάρεσκοι)

257 5679 398 5734 κατά
454 5676 654 5751 κράτος
713 5671 1166 5748 μεταδιώκοντες,
1227 5673 1454 5736 ὁποίους
1507 5674 1572 5729 οὐ
1641 5670 1762 5728 δέον
1821 5674 1916 5747 βό-

2028 5063 2087 5118 in
2116 5062 2441 5119 custodiam
2491 5059 2702 5124 dedit;
2762 5073 2865 5112 nec
2920 5056 3104 5111 multo
3165 5063 3288 5124 post
3345 5051 3568 5107 delectu
3612 5067 3681 5106 ex

2031 5152 2270 5224 optimis
2301 5149 2500 5205 habito
2531 5147 2838 5216 plerosque
2868 5143 3190 5198 excecavit.
3224 5140 3415 5196 Unum
3447 5153 3579 5194 vero
3610 5154 3678 5193 ex

2029 5241 2244 5296 scribis
2265 5238 2443 5302 illius,
2475 5237 2862 5305 cognomento
2915 5230 3246 5298 Mamalum,
3307 5244 3481 5299 quem
3541 5226 3679 5281 ulti-

2032 5343 2194 5381 mum
2251 5325 2573 5384 devoraret,
2634 5318 2998 5384 asservavit;
3056 5321 3113 5371 et
3142 5331 3241 5371 eas
3269 5313 3471 5386 epulas
3517 5318 3684 5370 tanta

2030 5413 2391 5468 lautitiarum
2446 5409 2603 5463 404
2655 5406 2935 5460 varietate
2994 5403 3292 5470 instruxit,
3362 5411 3424 5458 ut
3507 5403 3685 5476 digna

2029 5505 2226 5559 essent
2255 5515 2381 5572 qna:
2415 5513 2530 5551 non
2584 5494 2768 5550 alium
2825 5493 2935 5548 nisi
2970 5494 3223 5565 primum
3257 5491 3426 5550 illum
3487 5492 3684 5548 homi-

2027 5593 2216 5647 cidam
2239 5586 2542 5643 convivam
2593 5583 2894 5650 haberent,
2929 5588 2988 5640 et
3027 5600 3062 5638 a
3111 5584 3335 5640 mensis
3371 5583 3679 5639 Furiarum

2029 5679 2174 5736 nihil
2198 5677 2490 5740 different,
2525 5671 2731 5746 quales
2783 5691 2814 5730 a
2855 5672 3018 5731 nullo
3063 5690 3322 5747 unquam
3374 5690 3558 5746 coquo
3603 5672 3686 5730 eis
