4118 6200
423 311 536 372 66⁸7

1733 302 2038 366 NICETE
2081 302 2284 365 CHON
2293 305 2506 367 IATJE

3710 310 3835 374 868

419 455 560 508 sunt
589 446 888 523 appositae.
923 446 983 501 Id
1013 459 1182 515 porro
1213 445 1340 500 erat
1367 447 1434 499 ut
1481 441 1657 498 homo
1705 440 1765 497 in
1817 439 2060 513 Hippico

2174 461 2359 496 σκουσι
2417 441 2488 497 τά
2543 441 2815 519 ἀνάκτορα
2869 447 2982 500 τῶν
3039 448 3219 500 κακῶν
3281 441 3591 514 ἐπαινέτας,
3653 445 3716 500 τὸ
3777 444 3838 501 δὲ

419 544 795 598 cremaretur.
831 538 1107 592 Incensus
1154 541 1240 588 est
1293 548 1468 603 rogus
1517 535 1571 587 et
1623 530 1853 586 ﬂamma
1887 530 1946 584 ln
1979 528 2062 584 al-

418 634 546 686 tum
580 628 749 693 elata,
785 625 840 678 in
874 623 1226 696 Sphendone
1284 619 1478 688 stadii,
1512 636 1625 676 non
1684 619 1850 675 aliter
1889 635 2064 690 quam

415 718 730 776 Chaldaica
763 713 862 768 illa
893 714 1098 768 fornax
1130 711 1648 784 naphthaincensa
1677 715 1733 765 et
1763 708 2067 765 clematide

413 808 474 863 in
506 803 844 877 septuplum
877 800 1264 856 inﬂammata.
1303 800 1642 854 Producitur
1683 798 1777 852 ille
1832 797 2066 852 funibus

410 897 644 951 vinctus
677 903 729 948 ct
763 892 1057 960 nudus,ut
1079 889 1330 962 primum
1352 892 1608 943 materna
1635 887 1759 942 alvo
1799 901 2068 958 egressus

417 985 600 1041 solem
654 984 982 1054 aspexerat.
1059 979 1378 1035 Carniﬁces
1463 975 1916 1042 adolescentem,
1972 973 2070 1029 cui

416 1074 606 1147 prima
636 1072 851 1142 lanugo
885 1067 1072 1124 malas
1101 1066 1404 1134 vestiebat,
1439 1069 1721 1136 tanquam
1763 1063 2067 1119 victimam

413 1159 781 1233 longissimis
809 1155 1042 1230 perticis
1100 1155 1158 1212 in
1216 1155 1475 1210 medium
1534 1153 1690 1225 ignis
1734 1151 2064 1207 trudebant.

413 1253 472 1309 Is
501 1267 636 1306 vero
695 1248 914 1305 doloris
973 1246 1286 1302 acerbitate
1333 1249 1391 1300 et
1449 1242 1580 1298 vitae
1630 1241 1974 1314 cupiditate,
2007 1247 2070 1296 ut

413 1339 741 1396 humanum
774 1342 884 1406 est,
944 1340 1204 1403 coactus,
1271 1333 1488 1389 malum
1544 1333 1668 1403 jam
1730 1329 2067 1386 inevitabile

410 1429 720 1495 vitaturus,
784 1426 927 1482 alias
985 1424 1200 1480 ictibus
1258 1421 1494 1478 obvium
1545 1436 1606 1476 se
1650 1419 1890 1488 ferebat,
1926 1434 2062 1474 eum

410 1519 668 1576 dolorem
702 1516 953 1572 ﬂammae
986 1514 1248 1571 cruciatu
1289 1513 1566 1568 leviorem
1627 1515 1813 1576 ratus,
1859 1509 2004 1566 alias
2035 1526 2068 1564 a

412 1606 790 1664 carnificibus
830 1605 889 1658 in
923 1603 1183 1658 medium
1230 1601 1478 1656 ﬂammae
1528 1599 1827 1669 conjectus
1882 1598 2070 1654 instar

407 1696 592 1769 jaculi
625 1712 655 1751 e
687 1711 824 1766 rogo
859 1691 1110 1748 maximo
1133 1691 1354 1762 impetu
1388 1689 1698 1754 emicabat,
1743 1688 1898 1761 quod
1931 1705 2064 1744 cum

2171 531 2340 586 καλὸν
2405 535 2608 607 γνῶναι
2666 534 2742 608 μὴ
2840 532 3123 603 θέλοντας,
3207 532 3489 610 ἐπιμελῶς
3574 534 3842 591 ἐνέκειντο

2174 621 2308 695 πρὸς
2341 623 2406 678 τὰ
2437 623 2672 700 πονηρὰ,
2717 626 2808 679 καὶ
2861 623 3188 681 έπευδόκουν
3251 625 3480 691 ἐκείνοις
3539 627 3622 687 οἷς
3683 619 3840 702 ἔχαι-

2177 712 2586 785 ρενὸκρατῶν,
2622 713 2684 768 ού
2753 715 2862 788 μὴν
2922 716 2950 770 ὁ
3011 712 3079 770 δι’
3135 715 3198 769 οὗ
3261 713 3510 790 βασιλεῖς
3566 713 3835 789 ἠρέσκετο

2179 798 2582 876 βασιλεύουσιν.
2641 804 2720 860 Οὐ
2783 806 2948 877 μόνον
3010 801 3055 860 δ’
3115 804 3496 880 ἀπανθρώπως
3552 805 3699 860 οὕτω
3740 805 3837 858 καὶ

2176 889 2493 955 ἀνεπιεικῶς
2549 887 2754 949 διέθετο
2821 889 3167 971 Ἀνδρόνικος
3225 893 3319 949 τὸν
3372 891 3640 965 Ἀλέξιον,
3683 891 3837 949 ἀλλὰ

2175 979 2265 1034 καὶ
2299 978 2623 1057 ὁπόσοιπερ
2654 985 2760 1036 τῶν
2798 983 3083 1060 ὑπηρετῶν
3133 980 3324 1056 ἐκείνῳ
3381 981 3632 1058 λόγιμοι,
3685 981 3833 1038 συλ-

2178 1063 2363 1124 λαϐὼν
2397 1070 2543 1145 εἶχεν
2573 1069 2937 1150 ἐμφρούρους.
2973 1072 3098 1129 Μετ’
3131 1071 3192 1127 ού
3242 1070 3387 1128 πολὺ
3433 1068 3491 1127 δὲ
3521 1070 3626 1126 κάκ
3680 1071 3818 1127 ⁸τού--

2173 1177 2283 1212 των
2315 1156 2622 1232 ἀριστίνδην
2684 1159 2782 1216 οὒκ
2821 1161 3046 1236 ὀλίγους
3098 1158 3444 1239 συνειληφὼς
3495 1165 3602 1216 τῶν
3647 1160 3830 1236 ὄψεων

2175 1245 2680 1324 ἀπεπέρησενοὲνα
2733 1247 2782 1304 δ’
2838 1246 3159 1319 ἀπολαϐὼν,
3220 1249 3281 1314 ὅς
3339 1250 3392 1306 ἐν
3455 1251 3831 1330 ὑπογραφεῦσι

2174 1337 2251 1411 τῷ
2309 1336 2542 1411 ῗΑλεξίῳ
2586 1339 2887 1414 ἡρίθμητο,
2938 1339 3248 1412 τούπίκλην
3293 1341 3380 1414 [Ρ.
3429 1342 3557 1414 200]
3621 1343 3837 1415 Μαμα-

2177 1426 2296 1496 λος,
2331 1428 2382 1488 ἐς
2434 1428 2618 1500 θοίνην
2667 1429 2949 1504 ἐταμίευσε
3003 1430 3275 1505 πύματον.
3327 1431 3489 1490 Οὕτω
3540 1428 3591 1486 δ’
3650 1433 3832 1502 αὐτὴν

2177 1513 2481 1594 έδαίτρευσε
2537 1519 2625 1572 καὶ
2698 1518 2984 1592 καρυκείας
3069 1517 3338 1594 μετέδωκε
3413 1518 3697 1587 πλείονος,
3755 1522 3841 1584 ὡς

2176 1605 2320 1676 ἀξίαν
2381 1607 2516 1661 εἶναι
2575 1609 2651 1682 μή
2710 1605 2882 1664 ἄλλον
2972 1610 3298 1688 εύτυχήσειν
3359 1606 3726 1679 δαιταλευτὴν
3798 1611 3836 1679 ἢ

2179 1693 2340 1768 μόνον
2397 1695 2624 1771 βασιλέα
2684 1693 3058 1772 Ἀνδρόνικον,
3142 1697 3234 1752 καὶ
3293 1699 3586 1772 τραπέζαις
3645 1699 3836 1770 Ἐριν-

415 1792 515 1848 diu
567 1793 828 1857 duraret,
886 1787 1308 1862 spectatoribus
1367 1784 1658 1854 lacrymas
1716 1783 2065 1848 excutiebat,

2174 1781 2310 1839 νύων
2351 1786 2439 1839 καὶ
2491 1783 2783 1861 Τελχίνων
2833 1791 3109 1864 φθονερῶν
3159 1787 3426 1842 έστιάσεσι
3481 1789 3557 1860 μή
3609 1784 3842 1859 ἀπᾴδειν

413 1883 596 1938 donec
621 1881 900 1952 fatigatus
961 1878 1211 1949 supinus
1269 1875 1520 1931 concidit
1571 1877 1631 1930 et
1674 1877 1820 1930 telro
1852 1880 2065 1928 exustae

414 1971 565 2027 405
603 1969 798 2026 carnis
831 1968 1008 2022 fetore
1039 1966 1465 2020 circumfusum
1516 1977 1709 2019 aerem
1753 1967 1809 2017 et
1842 1967 2067 2034 specta-

417 2063 608 2116 torum
642 2073 812 2112 nares
872 2055 1095 2111 infecit.
1157 2051 1200 2108 Ο
1262 2068 1470 2125 rogum
1513 2052 1796 2107 immitem
1833 2050 1846 2106 ι
1882 2066 1912 2106 o
1943 2067 2070 2122 gra-

415 2153 540 2206 tum
575 2146 938 2202 daemonibus
989 2142 1401 2199 holocaustum
1435 2143 1454 2197 !
1511 2158 1542 2196 ο
1603 2141 1902 2197 victimam
1931 2139 2064 2196 Tel-

417 2237 658 2296 chinum
694 2234 706 2291 l
741 2252 772 2291 ο
808 2235 1110 2291 Furiarum
1147 2231 1493 2303 proterviam
1530 2231 1542 2286 ί
1577 2249 1609 2286 ο
1658 2229 1919 2286 nidorem
1972 2231 2065 2285 in-

416 2343 677 2393 suavem,
705 2341 881 2398 quem
915 2341 1027 2379 non
1060 2321 1257 2378 olfacit
1287 2320 1592 2389 Dominus,
1625 2320 1726 2375 sed
1785 2317 2064 2374 maleficia

417 2418 806 2490 potestateset
844 2412 1042 2469 infesti
1071 2412 1340 2467 humanm
1363 2410 1491 2464 vitm
1515 2409 1669 2482 genii
1700 2405 1897 2477 lnam,
1931 2424 2066 2464 cum

416 2505 787 2566 Andronicus
819 2522 852 2561 a
880 2502 1175 2560 veteribus
1206 2499 1500 2557 immolari
1550 2501 1724 2557 boves
1774 2504 1831 2556 et
1862 2499 2066 2554 nidore

414 2597 632 2672 placari
662 2594 908 2652 numina
939 2592 1262 2658 didicisset,
1296 2591 1556 2646 eamdem
1588 2587 1753 2662 sequi
1778 2587 2067 2644 rationem

410 2686 618 2752 noluit,
653 2685 777 2751 sed,
809 2688 871 2739 ut
903 2686 1030 2753 ejus
1091 2682 1244 2738 facta
1300 2679 1646 2753 probabant,
1700 2677 2068 2733 immanitate

417 2775 694 2835 omnibus
725 2775 1100 2848 superiorum
1134 2777 1465 2843 temporum
1500 2766 1949 2824 immanissimis
1979 2771 2067 2838 ty-

412 2868 615 2924 rannis
651 2864 940 2937 superior,
971 2861 1240 2918 homines
1271 2858 1601 2915 sacrificare
1632 2873 1732 2929 per
1761 2854 1954 2911 scelus
1983 2855 2070 2909 in-

413 2954 627 3024 stituit,
662 2955 876 3024 spretis
907 2950 1251 3007 Christianae
1303 2945 1604 3020 religionis
1647 2943 1898 3017 legibus,
1940 2961 2066 3016 quae

416 3045 715 3102 hominem
761 3042 958 3115 potius
1017 3039 1482 3096 conservandum
1540 3051 1668 3092 esse
1726 3051 1902 3108 quam
1945 3050 2070 3107 per-

411 3133 696 3198 dendum,
757 3145 861 3185 nec
910 3133 1099 3184 totum
1157 3126 1446 3182 mundum
1505 3141 1639 3180 cum
1701 3124 1831 3197 ejus
1861 3123 2057 3178 animo

409 3219 872 3291 comparandum
931 3217 1160 3273 docent.
1222 3214 1362 3282 Quis
1419 3214 1668 3269 insanus
1719 3213 2056 3285 Cambyses,

414 3314 514 3365 aut
544 3306 798 3364 crudelis
831 3306 1209 3378 Tarquinius,
1241 3309 1340 3359 aut
1369 3304 1624 3360 Echetus
1674 3307 1731 3358 et
1778 3301 2060 3368 Phalaris,

412 3397 648 3471 tyranni
709 3395 1120 3465 crudelissimi,
1176 3392 1317 3450 talia
1402 3396 1813 3467 perpetrarunt
1866 3391 1894 3448 ?
1961 3391 2062 3464 qui

411 3487 1104 3560 Tauroscythas,quorum
1138 3483 1364 3556 legibus
1423 3487 1754 3540 mactantur
1801 3480 2065 3554 hospites

413 3592 785 3650 quorumque
817 3575 1082 3632 moribus
1113 3572 1486 3630 errabundus
1518 3570 1880 3627 Andronicus
1912 3570 2061 3625 infe-

409 3675 535 3724 ctus
571 3666 700 3733 fuit,
735 3664 817 3721 ita
848 3665 906 3720 in
939 3663 1196 3736 captivos
1228 3663 1587 3718 saevierunt?
1641 3660 1722 3715 Ne
1778 3675 1911 3716 vero
1942 3663 2062 3714 tam

413 3761 581 3812 atrox
612 3752 968 3823 supplicium
999 3752 1126 3808 sine
1161 3768 1336 3807 causa
1367 3755 1425 3806 et
1448 3750 1613 3820 justo
1641 3747 1884 3804 crimine
1917 3747 2064 3802 inﬂi-

410 3845 570 3900 xisse
612 3843 766 3899 406
827 3843 1142 3910 videretur,
1204 3839 1432 3896 libellos
1486 3837 1705 3910 aliquot
1757 3854 1874 3892 una
1928 3853 2064 3892 cum

418 3932 666 3990 Maman
694 3931 990 4002 cremavit,
1023 3931 1120 4003 qui
1155 3931 1225 3987 de
1277 3929 1567 3985 secuturis
1614 3925 2066 4001 imperatoribus

417 4024 777 4085 tractabant,
837 4021 1055 4094 quibus
1113 4017 1426 4076 recitandis
1483 4016 1748 4074 Alexium
1807 4017 1876 4072 ad
1910 4013 2069 4087 regni

415 4129 674 4169 amorem
708 4111 1014 4184 impulisse
1054 4110 1402 4182 fingebatur.

2171 1876 2232 1930 τὸ
2282 1876 2588 1952 παράθεμα,
2644 1877 2732 1932 καὶ
2793 1879 2912 1933 οἷον
2975 1874 3192 1933 οὐδέπω
3248 1899 3331 1942 τις
3384 1877 3654 1951 ὀψοποιὸς
3689 1901 3840 1956 μαγ·

2169 1964 2427 2040 γανεύσας
2460 1965 2710 2024 εἱστίακε.
2764 1966 2844 2024 Τὸ
2891 1963 2947 2021 δὲ
2995 1967 3060 2035 ἦν
3112 1968 3239 2042 πυρὶ
3301 1961 3681 2042 παραδοθῆναι
3741 1966 3839 2023 τὸν

2173 2051 2458 2128 ἄνθρωπον
2516 2055 2652 2110 κατᾶ
2707 2054 2770 2110 τὸ
2836 2056 3107 2112 Ἰππικόν.
3167 2055 3393 2128 Ἀμέλει
3453 2075 3538 2110 τοι
3601 2057 3694 2110 καὶ
3775 2058 3845 2113 τὸ

2176 2144 2270 2216 μὲν
2304 2144 2530 2214 ἀνῆπτο,
2562 2145 2652 2199 καὶ
2680 2141 2926 2220 διεχεῖτο
2959 2147 2993 2215 ἡ
3030 2143 3168 2218 φλὸξ
3196 2142 3283 2198 ea?
3339 2147 3438 2200 τοῦ
3492 2144 3653 2220 ἀέρος
3683 2144 3836 2201 πολὺ

2171 2235 2304 2288 κατᾶ
2331 2233 2430 2302 τὴν
2458 2237 2554 2289 τοῦ
2595 2230 2813 2290 σταδίου
2865 2231 3198 2316 Σφενδόνην,
3249 2233 3332 2290 ἐπ’
3381 2232 3508 2305 ’ἰσης
3673 2233 3836 2292 Χαλι-

2173 2317 2335 2396 δαϊκῇ
2367 2319 2542 2395 ἐκείνῃ
2589 2320 2828 2397 καμίνῳ,
2873 2319 2940 2392 ἤν
3001 2323 3254 2378 ἀνέκαυσε
3305 2323 3481 2400 νάφθα
3535 2323 3627 2378 καὶ
3678 2322 3834 2394 κλη-

2176 2413 2335 2486 ματὶς
2397 2412 2656 2487 ὑπεξῆρεν
2717 2412 2792 2474 εἷς
2886 2411 3288 2467 έπταπλάσιον·
3345 2413 3374 2468 ὁ
3442 2409 3502 2467 at
3579 2419 3839 2486 παρῆκτο

2176 2498 2527 2575 σχοινόδετος
2585 2501 2674 2556 καὶ
2738 2501 2965 2577 γυμνὸς,
3018 2502 3210 2562 ὁποῖος
3271 2503 3506 2576 πρώτως
3567 2507 3842 2575 προσεῖπε

2173 2589 2266 2645 τὸν
2295 2587 2458 2660 ἣλιον
2487 2596 2592 2658 τῆς
2628 2595 2904 2664 μητρικῆς
2933 2587 3134 2659 νηδύος
3166 2588 3429 2664 ἐκθορὼν.
3492 2593 3842 2665 Περιστησά-

2181 2698 2332 2750 μενοι
2392 2677 2486 2732 οὗν
2547 2678 2621 2740 ὡς
2681 2678 2876 2751 ἱερεῖον
2931 2678 3024 2733 τὸν
3089 2677 3320 2752 μείρακα
3377 2681 3429 2733 οἱ
3487 2680 3842 2752 καμινειδταῖ,

2180 2768 2466 2838 ὑπηνήτην
2515 2763 2641 2822 ὄντα
2680 2767 2742 2822 τὸ
2800 2769 3021 2843 πρῶτον
3078 2769 3167 2822 καὶ
3224 2767 3399 2842 ίούλῳ
3455 2770 3551 2831 τὰς
3610 2770 3844 2846 παρειὰς

2177 2857 2527 2936 στερόμενον,
2587 2855 2819 2913 ἐνώθουν
2883 2857 3018 2932 μετά
3080 2857 3340 2932 καμάκων
3418 2859 3710 2932 μηκίστων
3765 2861 3842 2922 είς

2175 2948 2239 3002 τὸ
2301 2947 2621 3020 μεσαίτατον
2677 2953 2776 3003 τοῦ
2835 2947 3030 3023 πυρός.
3097 2947 3160 3004 Ὁ
3221 2945 3278 3002 δὶ
3340 2953 3713 3022 προσομιλῶν
3772 2953 3838 3022 τῇ

2173 3038 2389 3110 καμίνῳ
2417 3036 2506 3091 καὶ
2539 3035 2932 3114 ἀλγυνόμενος,
2979 3035 3312 3114 φιλοψυχῶν
3363 3034 3418 3092 δὲ
3465 3037 3558 3093 καὶ
3616 3039 3695 3101 ὡς
3745 3035 3836 3093 ἔνο

2175 3125 2567 3200 θρωπος,’ἰσος
2597 3123 2654 3180 δὶ
2704 3126 2796 3180 καὶ
2841 3126 2916 3188 ὡς
2968 3127 3237 3198 φευξεῖται
3299 3125 3693 3200 διανοκύμενος
3743 3129 3835 3184 τὸν

2171 3212 2280 3285 ἤδη
2339 3210 2768 3286 ἂνυπεξᾶλυκτον
2855 3215 3104 3285 θάνατον,
3181 3219 3273 3270 νῦν
3362 3217 3458 3289 μὶν
3539 3217 3835 3290 ἰμπίπτων

2173 3298 2453 3360 ἀντέϐαινε
2510 3309 2630 3365 ταῖς
2715 3301 3101 3374 διακοντίσεσι,
3192 3304 3565 3382 μετριωτέρας
3636 3308 3832 3380 κρίνων

2171 3394 2269 3454 τὰς
2301 3393 2359 3448 ἐκ
2389 3391 2596 3447 τούτων
2627 3389 2822 3454 ὀδύνας
2851 3400 2950 3462 τῆς
3000 3397 3097 3448 τοῦ
3144 3393 3316 3469 πυρὸς
3367 3393 3549 3468 ἱρωῆς
3599 3396 3692 3450 καὶ
3739 3399 3832 3450 τοῦ

2173 3481 2257 3537 ἔπ’
2286 3481 2560 3554 ἀνθράκων
2600 3479 2966 3556 ἀπλώματος,
3025 3486 3118 3537 νῦν
3179 3479 3237 3537 δὲ
3291 3489 3410 3546 τοῖς
3465 3481 3835 3558 ἐμπυρευταῖς

2173 3572 2250 3636 εἷς
2280 3573 2344 3628 τὸ
2373 3576 2472 3638 τῆς
2504 3573 2709 3649 φλογὸς
2746 3574 3065 3647 μεσαίτατον
3115 3569 3536 3647 ἑμϐαλλόμενος
3586 3577 3682 3629 καὶ
3733 3575 3832 3630 ύπό

2171 3669 2273 3733 τῆς
2303 3666 2476 3738 πυρᾶς
2509 3660 2907 3736 διειλημμένος
2937 3663 3072 3718 κατά
3115 3667 3225 3718 τῶν
3276 3659 3451 3741 ὄφεων
3496 3665 3632 3727 τοὺς
3688 3666 3835 3720 ἀκον-

2172 3750 2290 3814 τίας
2349 3758 2448 3820 τῆς
2506 3751 2741 3824 καμίνου
2811 3751 3193 3823 ἐξετινάσσετο,
3273 3753 3368 3807 τὸν
3445 3753 3568 3828 περὶ
3649 3757 3833 3828 ψυχῆς

2175 3842 2390 3918 τρέχων
2416 3841 2509 3896 καὶ
2541 3842 2674 3916 ὑπὶρ
2709 3843 2771 3897 τὸ
2829 3840 3099 3898 Θετταλὸν
3151 3839 3521 3916 διαλλόμενος
3568 3839 3824 3915 πήδημα.

2176 3932 2279 3988 Καὶ
2332 3934 2494 3986 τοῦτο
2553 3930 2632 4009 ἔφ’
2688 3931 2873 3986 ἱκανὸν
2926 3931 3212 4007 γινόμενον
3273 3932 3349 3993 εἰς
3408 3929 3608 4006 δάκρυα
3663 3930 3824 3987 ἐκίνει

2175 4015 2302 4080 τοὺς
2333 4018 2546 4078 Θεατάς.
2577 4017 2707 4089 Ὀψὶ
2757 4013 2814 4071 δὲ
2857 4019 3049 4091 καμὼν
3112 4016 3418 4090 ὖευπτὶασε,
3469 4018 3529 4073 τὸ
3573 4014 3630 4073 δὶ
3686 4021 3825 4093 πῦρ-

2179 4100 2387 4180 λάϐρον
2445 4105 2544 4167 τὰς
2601 4103 2803 4160 ἐκείνου
2863 4105 3063 4182 σάρκας
3139 4107 3435 4182 περιχυθὶν
3512 4105 3566 4162 ἐν
3633 4107 3834 4182 βραχεῖ

416 4200 752 4268 συνετέλεσε,
783 4197 969 4254 κνίσσα
1024 4194 1070 4253 δ’
1118 4195 1170 4260 ἒς
1219 4193 1446 4271 οὐρανὸν
1503 4195 1724 4250 ἀνιοῦσα
1777 4194 1868 4249 τὸν
1921 4191 2110 4267 κύκλῳ
2168 4192 2462 4271 διέφθειρεν
2519 4193 2669 4269 ἀέρα,
2724 4195 2813 4249 καὶ
2869 4197 2936 4264 ἦν
2991 4195 3056 4252 τὸ
3111 4201 3210 4265 τῆς
3270 4193 3494 4272 λιγνύος
3554 4195 3834 4274 ἀποφερό-

427 4313 587 4372 μενον
646 4291 785 4365 ῥισὶν
849 4289 1146 4363 ἀνθρώπων
1203 4286 1313 4343 ἐκεῖ
1369 4307 1473 4341 που
1531 4282 1834 4361 παριόντων
1886 4283 2202 4358 ἀπρόσιτον.
2252 4292 2317 4339 Ὢ
2367 4285 2571 4360 πυρσὸς
2630 4282 2838 4349 ἐκεῖνος
2887 4285 3211 4360 ἀνήμεροςι
3272 4285 3317 4342 ὢ
3375 4289 3645 4344 ἀσπάσιον
3720 4287 3836 4344 δαί-

432 4371 595 4458 μοσιν
629 4380 1032 4454 ὁλοκαύτωμαί
1069 4375 1112 4433 ὦ
1161 4381 1357 4454 ἰερεῖον
1410 4373 1738 4451 Τελχίνωνί
1794 4371 1838 4429 ὢ
1890 4373 2206 4450 ἀλαστόρων
2257 4373 2570 4450 ὁλόκληρος
2626 4377 2958 4453 προσφοράί
3008 4375 3054 4431 ὢ
3106 4377 3208 4433 οὐκ
3252 4375 3486 4440 εὐωδίας
3545 4377 3724 4452 ὀσμὴ,
3769 4379 3832 4446 ἣν

421 4473 525 4526 οὐκ
587 4471 924 4547 ὀσφραίνεται
985 4469 1208 4544 Κύριος,
1265 4466 1394 4523 ἀλλ’
1453 4465 1740 4542 Ἐριννύων
1800 4465 1968 4542 χορὸς
2023 4466 2112 4520 καὶ
2167 4464 2466 4539 κακοεργὸς
2527 4461 2894 4538 ’Δνδρόνικος,
2955 4465 3014 4530 ὅς
3073 4467 3354 4542 βουθυτεῖν
3422 4465 3642 4523 ἀκούων
3710 4467 3835 4530 τοὺς

418 4559 595 4616 πάλαι
625 4559 715 4613 καὶ
760 4558 1005 4622 κνίσσαις
1061 4557 1372 4635 θεραπεύειν
1427 4556 1488 4611 τὸ
1547 4555 2015 4632 προσκυνούμενον
2068 4557 2167 4624 τὴν
2226 4555 2394 4624 αὐτην
2453 4551 2676 4629 δραμεῖν
2730 4553 2828 4611 οὐκ
2873 4555 3159 4634 ἠνέσχετο,
3203 4554 3332 4612 ἀλλ’
3373 4557 3448 4617 ὡς
3491 4557 3562 4625 ἦν
3623 4556 3685 4612 ἐκ
3729 4558 3833 4612 τῶν

425 4647 718 4726 δρωμένων
786 4651 1129 4719 πιστοῦσθαι,
1187 4644 1541 4720 νηλεεστέραν
1597 4643 1804 4720 τρέφων
1861 4646 2044 4722 ψυχὴν
2111 4650 2220 4700 τῶν
2287 4645 2512 4700 πώποτε
2568 4643 3044 4701 ἀνέπιεικεστάτων
3129 4641 3338 4720 ἀνδρῶν
3395 4646 3837 4721 ἀνθρωποθυτεῖν

424 4742 606 4799 κακῶς
663 4732 985 4804 ἐπεϐάλετο,
1042 4737 1110 4790 τὰ
1165 4739 1272 4790 τῶν
1333 4736 1666 4808 Χριστιανῶν
1753 4735 1924 4809 Οεσμά
1991 4730 2259 4809 παριδὼν,
2337 4729 2370 4787 ἃ
2444 4733 2628 4808 ψυχὴν
2707 4737 2879 4789 σῶσαι
2949 4732 3162 4808 μᾶλλον
3215 4730 3253 4802 ἢ
3311 4732 3578 4790 ἀπολέσαι
3651 4756 3832 4809 παρα-

421 4827 756 4896 κελεύονται,
814 4825 903 4880 καὶ
963 4823 1089 4881 οὐδὲ
1141 4823 1233 4879 τὸν
1287 4824 1494 4894 κόσμον
1583 4821 1710 4878 ὅλον
1799 4824 2044 4894 ἀντάξιον
2111 4823 2280 4891 αὐτῆς
2367 4824 2780 4904 ἀποφαίνονται.
2861 4823 2956 4886 Τίς
3028 4818 3330 4896 Καμϐύσης
3415 4823 3737 4896 μαινόμενος
3794 4823 3834 4893 ἢ

420 4920 634 4992 ἀπηνὴς
689 4915 990 4992 Ταρκύνιος
1048 4916 1083 4984 ἤ
1139 4915 1369 4988 Ἔχετος
1417 4911 1504 4966 καὶ
1559 4913 1806 4986 Φάλαρις
1865 4913 2046 4986 ἄγριοι
2103 4912 2194 4967 καὶ
2249 4909 2540 4984 Θηριώόεις
2595 4917 2824 4969 τοιαῦτα
2901 4911 3215 4988 εἰργάσαντο
3269 4933 3283 4981 ;
3360 4914 3432 4970 Ἢ
3487 4915 3628 4978 τίνες
3690 4916 3839 4972 Ταυ-

422 5008 680 5088 ροσκύθαι
741 5003 1078 5079 ξενοκτονίαν
1132 4999 1504 5076 νενομικότες,
1551 5001 1623 5056 ὧν
1683 5001 1748 5057 τὰ
1803 4999 1910 5072 ἤθη
1972 5002 1999 5055 ὁ
2058 4999 2414 5070 πολυπλανὴς
2477 4999 2633 5065 οὗτος
2700 5000 2997 5075 ἀνεμάξατο
3051 5006 3245 5077 γέρων,
3335 5000 3508 5063 οὕτως
3585 4999 3832 5068 ἐπέθεντο

421 5087 514 5156 καὶ
577 5096 1024 5175 διεχειρίσαντος
1085 5097 1263 5152 Ποιῶν
1321 5088 1378 5147 δὲ
1429 5091 1529 5160 τὴν
1581 5088 1850 5164 τιμωρίαι
1907 5091 2007 5146 οὐκ
2063 5090 2320 5159 ἀναίτιον,
2379 5088 2525 5145 ἀλλά
2598 5111 2650 5147 τι
2725 5092 3063 5168 προϋφεστὸς
3138 5089 3538 5164 έπισυρομένην
3627 5087 3830 5168 ἔγκλη-

425 5211 523 5261 μα,
586 5184 814 5264 βίϐλους
869 5186 1015 5249 τινὰς
1065 5180 1460 5259 συγκατέκαυσε
1514 5184 1592 5254 τῷ
1652 5179 1908 5254 Μαμάλῳ
1967 5177 2263 5252 διεξιούσας
2323 5177 2484 5250 δῆθεν
2544 5179 2668 5256 περὶ
2759 5179 3026 5256 βασίλέων
3102 5179 3368 5254 ἀρξόντων
3449 5178 3504 5244 ἒς
3577 5181 3830 5252 τούπιὸν,

424 5279 485 5340 ἃς
509 5282 589 5350 τῷ
615 5277 842 5351 Ἀλεξίῳ
876 5275 1331 5353 ὑτιανάγινώσκων
1367 5267 1636 5334 Μάμαλος
1666 5269 1870 5349 ἐνάγειν
1903 5275 2093 5328 τοῦτον
2125 5269 2201 5333 εἷς
2231 5270 2290 5324 τὸ
2324 5268 2606 5344 βασιλειᾷν
2639 5268 2946 5344 ὶμυθίζετο.

497 5398 580 5450 11.
614 5397 863 5452 Tantum
926 5399 1122 5450 autem
1176 5392 1362 5449 abfuit
1419 5395 1483 5446 ut
1519 5394 1648 5459 ejus
1680 5391 1810 5446 facti
1844 5397 2065 5446 Andro-

2255 5389 2338 5460 [Ρ.
2372 5390 2498 5460 201]
2538 5393 2624 5444 ια’.
2659 5388 2818 5445 Οὕτω
2851 5385 2898 5442 δ’
2956 5387 3042 5442 ἐπὶ
3094 5393 3212 5448 τοῖς
3265 5389 3666 5462 πραττομένοις
3710 5387 3837 5444 τού-

424 5485 620 5538 nicum
656 5485 959 5556 pmniteret
1008 5493 1106 5540 aut
1161 5481 1340 5538 simili
1399 5481 1742 5536 crudelitate
1783 5481 1838 5536 in
1873 5485 2064 5551 postc-

429 5588 555 5626 rum
583 5573 916 5640 abstineret,
972 5577 1038 5627 ut
1097 5572 1434 5642 Disypatum
1487 5570 1824 5641 Georgium,
1874 5569 2068 5640 magni

429 5659 632 5728 templi
666 5659 953 5722 lectorem,
1006 5665 1311 5730 propterea
1367 5658 1523 5728 quod
1582 5659 1651 5713 de
1698 5657 2068 5728 imperatoris

2173 5498 2289 5538 τοις
2323 5470 2720 5549 ὑστεροϐουλίᾳ
2747 5473 3013 5533 ἐϐάλλετο
3043 5477 3079 5546 ἢ
3111 5479 3208 5531 τοῦ
3238 5477 3302 5530 τὰ
3344 5477 3483 5533 αὐτὶ
3529 5479 3621 5533 καὶ
3678 5479 3830 5540 αὗθις

2179 5563 2306 5640 δρᾷν
2338 5565 2604 5639 ἀπήγετο,
2655 5566 2729 5628 ὡς
2767 5565 2858 5622 καὶ
2906 5567 2997 5622 τὸν
3052 5567 3351 5621 Δισύπατον
3408 5568 3680 5643 Γεώργιον
3742 5566 3832 5639 (ἦν

2179 5653 2225 5709 δ’
2253 5653 2408 5715 οὗτος
2439 5652 2498 5708 ἐκ
2547 5659 2644 5710 τοῦ
2701 5659 2808 5712 τῶν
2864 5657 3217 5732 ἀναγνωστῶν
3258 5656 3568 5730 τάγματος,
3618 5655 3673 5714 οἳ
3730 5655 3828 5710 τὸν
