4118 6200
425 323 538 383 671

1731 317 2036 379 ΝΙΟΕΤιΕ
2075 315 2498 378 ΟΗΟΝΙΑΤᾸΞ

3717 323 3844 382 672

431 456 636 513 eadem
669 455 822 511 409
856 452 906 508 ei
937 467 1244 508 remensus
1273 455 1362 508 est
1388 451 1760 508 Andronicus
1784 469 1798 518 ;
1824 454 1882 506 et
1903 464 2078 520 quam

2213 447 2329 520 'm‘sp
2361 446 2526 522 ἀργοῦ
2559 444 2726 522 λόγου
2760 441 2922 520 λόγον
2976 444 3222 504 ἐδίδοσαν
3275 448 3554 525 ἅνθρωποι
3597 450 3687 506 ἐπὶ
3733 458 3841 508 τῶν

430 547 655 604 foveam
689 544 821 599 aliis
852 558 1004 612 sepe
1038 543 1278 610 foderet,
1310 542 1367 597 in
1401 557 1529 597 eam
1563 546 1756 612 (quam
1803 556 1932 597 vero
1981 538 2079 610 ju-

433 635 610 705 dicio)
640 635 765 705 ipse
794 631 1003 686 merito
1035 631 1242 687 incidit
1273 649 1287 698 ;
1321 636 1377 687 et
1406 631 1462 686 in
1497 649 1558 687 se
1589 631 1838 686 devolvit
1877 645 2081 684 saxum

433 724 588 796 quod
637 720 960 793 saepissime
1012 719 1144 775 aliis
1202 720 1540 777 intentarat.
1602 721 1803 791 Itaque
1855 717 2086 774 delatus

435 832 468 870 a
524 812 780 884 quodam
841 827 910 866 ex
964 810 1484 878 conjunctissimis,
1547 808 1934 882 Tripsychum
2000 809 2089 861 tot

451 901 758 960 beneﬁciis
792 900 1293 969 cumulatum,tot
1347 899 1734 972 dignitatibus
1791 902 2087 962 ornatum,

441 992 621 1068 quiin
663 990 1054 1062 imperatoriis
1111 989 1319 1045 litteris
1375 988 1627 1047 dilectus
1685 988 1844 1044 filius
1887 984 2090 1059 appel-

439 1081 596 1139 letur
626 1088 680 1136 et
711 1080 1019 1152 exploratas
1050 1079 1183 1133 fidei
1216 1079 1413 1148 homo,
1446 1077 1636 1150 qualis
1667 1077 1840 1132 hodie
1879 1075 1971 1130 vix
2001 1074 2090 1129 in-

437 1171 729 1234 veniatur,
755 1168 1137 1239 pecuniosum
1169 1167 1337 1222 illum
1371 1175 1425 1223 et
1487 1170 1878 1239 purpuratum
1933 1178 2093 1234 seque

441 1260 512 1314 de
536 1257 862 1314 Andronico
881 1256 1041 1328 queri
1066 1273 1129 1311 ac
1153 1272 1252 1311 eos
1301 1256 1402 1328 qui
1458 1255 1603 1310 nihil
1635 1255 1708 1310 ab
1734 1270 1799 1310 eo
1829 1250 2096 1308 beneficii

440 1349 828 1418 accepissent,
864 1345 1155 1418 perdoluit
1209 1345 1593 1411 Andronicus,
1625 1349 1682 1400 et
1727 1343 1841 1398 fide
1879 1343 2008 1413 ejus
2037 1341 2097 1395 in

442 1437 781 1493 universum
812 1436 1091 1491 damnata
1121 1435 1309 1490 tristis
1341 1435 1549 1500 astitit,
1583 1433 1771 1503 iisque
1802 1429 1996 1486 verbis
2028 1429 2095 1484 ad

445 1526 814 1583 iracundiam
841 1531 930 1580 est
959 1523 1471 1580 exstimulatus.Ut
1500 1539 1634 1579 vero
1667 1521 1893 1577 delator
1912 1519 2101 1576 anim-

449 1615 697 1672 advertit
727 1614 1197 1670 etYervescentem
1257 1613 1433 1667 bilem
1488 1614 1717 1669 acriora
1771 1610 1945 1666 verba
1997 1609 2096 1663 fla-

451 1705 659 1777 gitare,
694 1707 757 1758 ut
789 1703 975 1774 magis
1005 1703 1180 1757 etiam
1214 1701 1500 1768 ebulliret,
1549 1705 1607 1756 et
1659 1697 2102 1771 sanguinarium

2191 535 2544 610 Ἀνδρονίκου
2600 541 2829 609 καιρῶν,
2882 538 3019 591 κατά
3098 542 3262 593 τοῦτο
3328 539 3419 594 καὶ
3473 541 3501 595 6
3559 539 3846 611 ἐξεταστὴς

2191 629 2300 680 τῶν
2331 624 2595 680 τοιούτων
2631 627 2920 703 Τρίψυχος
2950 625 3040 681 καὶ
3071 625 3320 691 πολλοὺς
3371 629 3661 704 βασσάνοις
3712 629 3847 685 ὐποο

2197 711 2382 770 ϐαΑών
2423 715 2515 770 xui
2545 717 2643 783 τῆς
2700 715 2887 778 οὐσίας
2935 715 3114 788 πάσης
3170 717 3554 793 ἀποψιλώσας,
3613 719 3701 775 ὅτι
3757 722 3849 775 καὶ

2197 809 2513 882 γογγυσμοῦ
2600 806 2751 878 ῥῆμα
2833 808 2950 861 κατ’
3037 805 3386 884 Ἀνδρονίκου
3442 810 3753 865 ἀπέπτυσαν
3813 812 3848 880 ἢ

2198 892 2617 969 ἐγκατάλειμμα
2672 899 2914 969 πονηροῦ
2980 894 3234 969 ἐνθυμίου
3295 900 3420 972 παρ’
3481 899 3697 960 ἑαυτοῖς
3749 900 3853 954 ὑπ-

2201 981 2480 1051 ελίποντο,
2538 987 2655 1042 τοῖς
2713 983 2931 1054 ὁμοίοις
2989 984 3080 1038 καὶ
3149 985 3317 1049 αὐτὸς
3372 985 3618 1055 ἀνηλεῶς
3700 1007 3854 1062 ’περι⁶

2201 1071 2475 1139 πέπτωκε,
2549 1075 2619 1144 τῇ
2694 1071 2895 1145 ἀνομίᾳ
2967 1080 3068 1143 τῆς
3145 1072 3346 1138 οἰκείας
3421 1075 3659 1150 πτέρνης
3692 1096 3856 1150 περι-

2206 1161 2460 1239 ληφθεὶς,
2535 1161 2624 1216 καὶ
2719 1162 2764 1233 ᾧ
2864 1162 3048 1236 μέτρῳ
3149 1162 3426 1226 πολλάκις
3519 1165 3854 1240 μεμέτρηκε,

2206 1249 2525 1327 σεσαγμένῳ
2580 1249 2670 1306 καὶ
2736 1253 3079 1324 πεπιεσμένῳ
3169 1254 3261 1308 καὶ
3354 1255 3857 1329 ὑπερεκχυνομένφ

2204 1341 2384 1414 τούτῳ
2415 1341 2854 1414 ἀντιμετρηθεῖς,
2901 1341 2993 1396 καὶ
3043 1342 3118 1404 εἷς
3164 1344 3221 1397 ὅν
3273 1342 3445 1416 ὣρυξε
3503 1343 3730 1420 βόθυνον
3775 1349 3858 1417 τῷ

2207 1431 2448 1503 πλησίον
2481 1429 2775 1502 πολλάκις,
2823 1431 2910 1487 ἐπὶ
2963 1437 3154 1488 τοῦτον
3212 1435 3311 1506 (ὡς
3367 1432 3506 1489 αἰνῶ
3564 1454 3644 1502 σε,
3707 1432 3861 1508 δίκη)

2209 1521 2510 1596 χαριέντως
2541 1520 2937 1594 ἐμπεπτωκὼς,
2986 1523 3074 1576 καὶ
3127 1522 3210 1599 ἐφ’
3261 1523 3448 1578 ἑαυτὸν
3504 1522 3660 1578 λίθον
3701 1522 3862 1579 κυλί-

2213 1632 2304 1673 σας
2337 1611 2395 1664 ’ὀν
2425 1609 2704 1685 ἀνώχλισε
2752 1608 3070 1672 πλειστάκις
3121 1611 3261 1667 κατά
3305 1616 3412 1667 τῶν
3466 1608 3717 1690 ἔγγιστα.
3767 1615 3862 1684 Τῷ

2209 1721 2296 1755 τοι
2353 1701 2442 1754 καὶ
2501 1700 2852 1762 κατειπόντος
2921 1701 3091 1756 αὐτοῦ
3147 1701 3286 1776 πρὸς
3340 1698 3691 1777 Ἀνδρόνικον
3751 1705 3859 1756 τῶν

453 1793 601 1848 illud
632 1791 945 1847 iracundiae
1002 1789 1246 1862 pelagus
1302 1790 1584 1846 miserum
1617 1787 2009 1860 Tripsychum
2045 1788 2103 1839 ut

2213 1789 2599 1866 γνησιωτάτων
2631 1788 2801 1856 τινὸς,
2833 1789 2908 1851 ὡς
2955 1787 3050 1843 ἲσα
3089 1795 3206 1851 τοῖς
3257 1789 3356 1845 οὐκ
3403 1789 3864 1867 εὖηργετημένοις

452 1882 766 1953 Egyptum
798 1879 1056 1951 equitem
1090 1879 1446 1945 absorberet,
1482 1877 1790 1948 subjunxit
1815 1893 1876 1931 :«
1914 1875 2103 1929 Etiam

2301 1875 2346 1932 δν
2453 1877 2476 1894 μ
2630 1879 2658 1931 Θ
2697 1880 2722 1892 ~
2895 1877 2908 1898 ε
2967 1879 2981 1899 9
3026 1880 3038 1901 ν
3349 1901 3358 1916 ,
3444 1879 3458 1900 τ
3722 1879 3778 1913 μ’

2215 1900 2291 1952 μη
2422 1898 2477 1932 ευ
2551 1898 2624 1931 πα
2664 1898 2813 1932 ουσιν
2889 1899 2961 1932 υπ
3045 1874 3379 1953 Δνδρονίκοο
3439 1885 3869 1952 υποτονθορυζει

450 1969 637 2024 ﬁlium
670 1973 856 2034 tuum,
893 1968 1129 2023 domine
1158 1968 1494 2038 imperator,
1525 1973 1579 2022 et
1632 1965 1959 2037 legitimum
1991 1963 2107 2016 im-

449 2057 594 2128 perii
621 2071 1038 2121 successorem,
1070 2054 1530 2126 pulcherrimum
1557 2059 1615 2109 et
1664 2051 2103 2124 optatissimum

450 2144 727 2202 omnibus
757 2143 912 2199 410
940 2143 1252 2208 Joannem,
1283 2143 1512 2198 insanis
1543 2141 1732 2197 verbis
1776 2139 2108 2196 calumnia-

449 2233 496 2289 ri
522 2250 638 2289 non
669 2232 906 2288 desistit
962 2231 1346 2303 Tripsychus,
1405 2247 1658 2301 eumque
1713 2233 1780 2284 ut
1809 2226 2104 2300 piaculum

451 2323 707 2379 divinam
743 2321 970 2391 imperii
1031 2322 1230 2376 sedem
1283 2336 1746 2376 conscensurum
1806 2318 2105 2390 praedicat.

453 2414 541 2468 Ad
575 2411 719 2480 haec,
753 2427 887 2466 cum
921 2409 1241 2482 aliquando
1299 2410 1623 2480 imperator
1665 2406 1920 2462 Joannes
1959 2423 2106 2478 prae-

451 2502 672 2564 teriret,
700 2499 866 2571 eique
917 2517 951 2555 a
981 2499 1235 2554 maxima
1281 2497 1590 2553 hominum
1649 2495 1978 2568 frequentia
2008 2510 2106 2549 ac-

456 2590 832 2656 clamaretur,
877 2589 1239 2662 Tripsychus
1290 2604 1424 2644 eum
1480 2587 1688 2643 derisit
1741 2591 1798 2642 et
1843 2603 1944 2657 per
1972 2601 2110 2641 con-

452 2683 745 2750 temptum
770 2678 1162 2749 Zinziphizem
1183 2678 1476 2746 vocitavit,
1519 2681 1576 2732 et
1606 2692 1738 2732 cum
1762 2691 1974 2746 magno
2006 2690 2108 2730 su-

457 2769 643 2840 spirio
675 2769 856 2823 dixit:
892 2767 935 2823 0
957 2766 1236 2822 miserum
1263 2767 1654 2838 principatum
1692 2765 2114 2830 Romanorum,

460 2855 652 2928 qualis
679 2857 732 2911 ei
751 2857 1070 2926 imperator
1097 2853 1496 2926 exspectatur!
1533 2855 1668 2910 Erat
1697 2858 1891 2908 autem
1924 2851 2112 2907 Zinzi-

459 2945 662 3018 phizes
684 2943 1152 2999 deformissimus
1188 2943 1524 3012 homuncio,
1548 2942 1648 3014 qui
1671 2942 1727 2997 in
1765 2941 1918 2999 circo
1944 2956 2115 3012 eque-

460 3034 566 3089 stri
596 3033 798 3088 crebro
822 3031 1189 3101 versabatur,
1225 3031 1520 3103 plerisque
1571 3030 1852 3084 membris
1901 3029 2115 3084 distor-

461 3122 760 3188 tis,brevis
788 3126 845 3177 et
873 3136 1385 3188 carnosus,scurra
1406 3125 1600 3175 tamen
1625 3135 1738 3174 non
1769 3117 2030 3174 insulsus
2060 3123 2117 3173 et

466 3210 623 3267 risus
646 3210 977 3265 concitandi
1003 3209 1462 3272 artifex.0uibus
1482 3207 1673 3263 verbis
1693 3209 2117 3278 gravitercom-

465 3303 664 3356 motus
689 3297 1389 3370 Andronicus,Tripsychi
1413 3298 1560 3352 bona
1582 3295 1884 3368 grandinis
1908 3295 1964 3350 in
1994 3311 2116 3350 mo-

464 3405 586 3445 rem
619 3388 912 3458 dissipat;
943 3392 1000 3442 et
1031 3387 1219 3458 ipsum
1250 3385 1308 3440 in
1341 3385 1587 3440 liberam
1637 3385 1970 3440 custodiam
2014 3385 2115 3438 da-

467 3483 594 3533 tum
617 3477 854 3532 tandem
877 3476 1053 3531 etiam
1076 3474 1515 3530 excecatllunc
1535 3473 1837 3545 Tripsycbi
1864 3472 2120 3544 potentia

469 3569 645 3624 finem
681 3567 906 3634 habuit,
944 3571 1006 3621 ut
1036 3565 1368 3621 Salomonis
1400 3565 1500 3620 illa
1531 3565 1820 3620 sententia
1859 3564 2026 3635 plane
2056 3564 2116 3618 in

466 3673 599 3713 eum
623 3657 910 3729 quadrare
930 3653 1219 3719 videatur,
1252 3669 1375 3709 cum
1397 3655 1472 3707 ait
1506 3653 1628 3708 vias
1649 3669 1775 3707 esse
1797 3669 1923 3724 quae
1957 3652 2120 3724 prin-

467 3747 621 3819 cipio
651 3750 819 3802 rectae
837 3745 1168 3812 videantur,
1200 3743 1302 3798 sed
1353 3742 1573 3798 exitum
1624 3757 1825 3797 earum
1868 3741 2015 3796 ferre
2045 3741 2116 3796 ad

469 3844 739 3895 mortem.

2209 1967 2328 2022 κατ’
2371 1963 2724 2040 Ἀνδρονίκου
2781 1967 2871 2020 καὶ
2929 1968 3211 2043 Τρίψυχος
3261 1968 3290 2022 6
3341 1968 3530 2030 τόσαις
3591 1967 3871 2029 εὖποιίιις

2211 2055 2709 2132 περιαντλοόμενος
2764 2055 2856 2111 καὶ
2911 2057 2977 2111 τὰ
3032 2061 3141 2112 τῶν
3201 2057 3526 2130 ἀξιωμάτων
3591 2058 3876 2133 ὑπέρογκα

2211 2146 2488 2218 κτώμενος
2545 2144 2642 2200 κάν
2701 2151 2818 2206 ταῖς
2901 2144 3202 2216 βασιλείοις
3260 2145 3472 2201 ἀκούων
3546 2144 3876 2206 ἐπιστολαῖς

2212 2233 2573 2307 ἠγαπημένος
2605 2234 2720 2295 υἱὸς
2775 2233 2867 2288 καὶ
2922 2235 3116 2298 κνιπὸς
3163 2231 3451 2307 ἄνθρωπος
3500 2235 3585 2289 καὶ
3635 2233 3688 2288 ἐν
3739 2239 3876 2296 ταῖς

2215 2327 2308 2378 νῦν
2362 2323 2597 2399 ἡμέραις
2648 2320 2987 2397 δυσεύρετος,
3020 2324 3048 2378 6
3079 2317 3429 2394 πολύολῦος,
3460 2324 3488 2377 6
3526 2321 3872 2397 ευπάρυιρος,

2217 2415 2523 2483 ἐπαθήνατο
2581 2414 2682 2482 τὴν
2741 2414 2926 2487 ψυχὴν
2983 2409 3361 2488 Ἀνδρόνικος,
3436 2412 3527 2467 καὶ
3607 2412 3875 2467 ἀπιστίαν

2215 2501 2516 2579 καταγνοὺς
2567 2507 2677 2555 τῶν
2737 2499 2884 2556 ’ὀλων
2942 2499 3029 2555 ἐπὶ
3091 2500 3337 2562 συννοίας
3408 2500 3673 2571 εἱστήκει,
3732 2502 3875 2574 πρὸς

2217 2594 2388 2666 ὀργὴν
2423 2590 2526 2646 ὑπὸ
2574 2593 2682 2644 τῶν
2743 2588 3047 2664 λεχθέντων
3103 2589 3600 2664 ἀναῤῥιπιζόμενος
3650 2589 3743 2644 xui
3796 2588 3876 2652 ei;

2219 2685 2393 2753 θυμοῦ
2451 2679 2780 2755 ἐπιφρίσσων
2836 2676 3164 2733 κλυδώνιονο
3227 2678 3378 2736 Ἐπεὶ
3435 2675 3493 2733 δὲ
3546 2679 3577 2734 6
3626 2697 3881 2754 προσαγ-

2219 2767 2435 2844 γέλλων
2470 2769 2613 2839 ἐώρα
2639 2769 2702 2822 τὸ
2744 2765 3192 2841 ἂναοαλπόμενον
3238 2773 3338 2824 τοῦ
3390 2772 3569 2841 θυμοῦ
3615 2768 3710 2823 καὶ
3758 2767 3883 2823 ἑτέ-

2223 2879 2318 2934 ρας
2350 2856 2558 2920 έπιδεὶς
2620 2854 2959 2932 δριμυτέρων
3019 2856 3280 2933 ῥημάτων
3337 2856 3625 2935 ἐπιφορᾶς,
3685 2856 3759 2918 ὡς
3817 2857 3879 2910 ἂν

2224 2946 2366 3002 οὕτω
2442 2941 2646 3022 λάϐρον
2722 2945 2946 3021 γεγονὸς
3025 2945 3422 3022 μεταρσιωθείη
3500 2944 3761 3020 αἰθέριον,
3844 2947 3878 3015 ἢ

2222 3041 2354 3112 γοῦν
2429 3037 2491 3090 τὸ
2567 3035 2766 3111 ἀχανὲς
2841 3034 3015 3090 ἐκεῖνο
3051 3041 3154 3104 τῆς
3205 3033 3568 3110 ὀργιλότητος
3629 3032 3879 3110 πέλαγος

2227 3122 2600 3201 καταιγιδώδη
2647 3122 2798 3188 θέλον
2853 3124 3027 3192 πνοήν
3070 3123 3123 3186 ές
3174 3125 3236 3179 τὸ
3287 3121 3572 3194 διαστῆναι
3631 3123 3724 3178 καὶ
3776 3144 3881 3178 κα-

2227 3217 2496 3290 τακρύψαι
2527 3215 2599 3275 ὡς
2627 3210 2806 3286 ἕτερον
2839 3214 3133 3287 τριστάτην
3185 3212 3490 3290 Αίγύπτιον
3538 3213 3636 3268 τὸν
3687 3210 3878 3267 ἄθλιον

2227 3304 2530 3378 Τρίψυχον,
2564 3303 2696 3381 φησὶ
2728 3303 2863 3378 πρὸς
2914 3299 3286 3378 Ἀνδρόνικον,
3334 3302 3413 3364 ὡς
3461 3303 3563 3359 Καὶ
3617 3303 3710 3357 τὸν
3759 3302 3881 3356 υἱὸν

2225 3391 2315 3448 καὶ
2376 3389 2634 3466 διάδοχον
2693 3398 2793 3460 τῆς
2856 3399 2956 3461 σῆς
3018 3389 3296 3466 βασιλείας
3362 3391 3454 3446 καὶ
3523 3389 3880 3466 κληρονόμον

2226 3479 2448 3554 ἔννομον
2477 3488 2580 3550 τῆς
2611 3480 2817 3556 ἀρχῆς,
2847 3481 2938 3536 τὸν
2968 3478 3269 3536 κάλλιπον
3320 3481 3409 3535 καὶ
3461 3480 3880 3535 ἀσπασιώτατον

2227 3571 2420 3625 ἅπασιν
2477 3569 2757 3639 Ἰωάννην,
2819 3567 3089 3644 διασύρων
3148 3569 3208 3623 οὗ
3266 3568 3499 3624 παύεται
3560 3568 3877 3643 Τρίψυχος,

2225 3658 2559 3728 ἀπόπληκτα
2633 3658 3006 3737 φθεγγόμενος
3082 3658 3303 3732 ῥήματα
3405 3657 3496 3712 καὶ
3597 3656 3882 3733 βδέλυγμα

2223 3750 2416 3802 τοῦτον
2447 3745 2783 3821 ἀναγορεύων
2819 3747 2947 3819 Οείῳ
2974 3746 3128 3816 τόπῳ
3165 3746 3245 3818 τῷ
3301 3749 3402 3810 τῆς
3454 3745 3885 3820 αὐτοκρατορίας

2228 3829 2734 3908 ἑνιδρυθησόμενον,
2808 3833 2899 3887 καί
3009 3852 3142 3887 ποτε
3234 3833 3488 3904 παριέναι
3597 3831 3691 3903 μὲν
3788 3833 3885 3886 τὸν

478 3924 708 4003 βασιλέα
765 3925 1020 3994 Ἰωάννην
1080 3924 1182 3978 ὑπὸ
1235 3921 1509 3977 πλείστων
1565 3921 1978 4000 εὐφημούμενον
2035 3919 2124 3975 καὶ
2204 3921 2692 3996 προπεμπόμενον,
2746 3921 2837 3976 τὸν
2897 3918 2955 3976 δὲ
3020 3920 3307 3996 Τρίψυχον
3393 3919 3768 3998 ἐπεγγελῶντά
3831 3908 3890 3974 οἶ

474 4013 783 4092 δυσφημεῖν
838 4014 930 4068 καὶ
989 4012 1369 4092 Ζιντζιφίτζην
1428 4010 1747 4082 ἀποκαλεῖν,
1807 4011 1894 4065 καὶ
1957 4011 2096 4086 μέγα
2149 4011 2488 4080 στενάξαντα,
2562 4010 2729 4064 εἰπεῖν
2787 4035 2814 4062 ‹‹
2871 4013 2937 4064 Ὠ
2995 4007 3271 4085 δυστυχὴς
3344 4010 3625 4083 Ῥωμαίων
3708 4009 3892 4083 ἁρχὴ,

483 4105 602 4168 οἶός
663 4125 748 4158 σοι
809 4104 836 4158 6
906 4101 1258 4178 αὐτοκράτωρ
1316 4099 1618 4171 ἐλπίζεται.
1681 4125 1709 4153 ››
1769 4104 1870 4158 Ἠν
1929 4097 1986 4156 δὲ
2043 4102 2072 4155 6
2128 4101 2506 4178 Ζιντζιφίτζης
2562 4097 2850 4176 ἀνδράριον
2911 4097 3341 4178 είδεχθέστατον,

3425 4101 3546 4162 ταῖς
3597 4103 3703 4154 τῶν
3763 4120 3897 4153 στα-

484 4191 797 4267 διοδρόμων
843 4190 1022 4247 ίππων
1090 4189 1724 4268 ἀμφιπεριστρεφόμενον
1775 4189 1978 4260 ἂντυξι,
2026 4189 2116 4244 καὶ
2158 4189 2225 4244 τὰ
2276 4188 2451 4244 πλείω
2503 4189 2598 4261 μὲν
2647 4195 2754 4243 τῶν
2806 4188 2987 4262 μελῶν
3046 4188 3406 4263 ἀνάρμοστον,
3458 4189 3547 4243 καὶ
3611 4190 3792 4264 βραχὺ
3832 4189 3896 4243 τὸ

482 4282 658 4356 δέμας
687 4283 777 4336 καὶ
811 4277 1093 4356 εὔσαρκον,
1126 4279 1484 4355 εὐτράπελον,
1515 4277 1845 4353 εὐτράπελον
1881 4277 1938 4333 δὲ
1968 4277 2156 4341 ἄλλως
2187 4279 2274 4333 καὶ
2327 4275 2500 4332 δεινὸν
2561 4277 2637 4340 εἷς
2693 4284 2916 4350 ταμιεῖα
2973 4278 3178 4351 πλῆξαι
3223 4281 3410 4356 ψυχῆς
3457 4277 3897 4350 ἀπαλυνομένοις

494 4371 834 4449 βωμολοχίᾳ
892 4371 1188 4443 σκώμμασι
1249 4368 1339 4422 καὶ
1397 4372 1711 4437 ποιητικοῖς
1769 4366 2012 4441 γέλωτος
2079 4366 2272 4444 λόγοις
2330 4364 2609 4441 διαχέουσι
2664 4371 3082 4442 σκηνικώτερον.
3141 4368 3259 4424 Οὐκ
3313 4365 3545 4442 ἐνεγκὼν
3596 4367 3777 4422 τοίνυν
3831 4367 3900 4422 τά

482 4459 816 4532 λελεγμένα,
851 4459 926 4519 ὡς
982 4455 1038 4511 δὲ
1100 4453 1327 4531 βολίδας
1386 4453 1535 4510 ἔνδον
1594 4454 1644 4510 ἐν
1703 4453 1899 4529 καρδίᾳ
1955 4452 2291 4530 δεδεγμένος.
2352 4451 2718 4530 Ἀνδρόνικος,
2776 4453 2869 4509 ἅτε
2931 4455 3142 4530 λαῖλαψ
3191 4456 3258 4510 τά
3311 4454 3586 4528 προσόντα
3640 4460 3722 4527 τῷ
3777 4458 3903 4529 Τρι-

491 4546 658 4619 ψόχῳ
719 4543 986 4620 διαφορεῖ,
1050 4544 1141 4598 καί
1199 4544 1385 4619 είρκτῇ
1442 4541 1719 4618 παραδοὺ;
1776 4541 1997 4616 ἀδέσμῳ
2053 4545 2170 4598 εἶτα
2226 4544 2315 4598 xui
2372 4547 2467 4598 τοῦ
2523 4547 2630 4597 τῶν
2691 4543 2953 4617 ὀμμάτων
3013 4545 3183 4622 ιξάους
3239 4547 3325 4614 [Ρ.
3383 4548 3512 4616 203]
3591 4545 3903 4620 ἀποστερεῖ.

490 4633 593 4687 Καὶ
647 4637 870 4686 τοιοῦτο
933 4633 1026 4703 μὶν
1095 4633 1159 4686 τά
1213 4640 1313 4701 τῆς
1391 4631 1849 4707 παραδυναστείας
1934 4638 2012 4704 τῷ
2075 4634 2340 4707 Τριψύχῳ
2423 4631 2586 4706 πέρας
2673 4631 2984 4711 εἰλήφασιν,

3078 4633 3152 4695 ὡς
3237 4633 3319 4688 ἐπ’
3407 4633 3556 4705 αὐτῷ
3650 4632 3904 4708 ἄντικρυς

491 4720 726 4797 ῥηθῆναί
779 4740 837 4774 τε
893 4721 982 4774 καὶ
1042 4723 1420 4794 περατωθῆναι
1476 4722 1538 4776 τὸ
1595 4725 1692 4776 τοῦ
1751 4720 2118 4793 Σολομῶντος
2167 4719 2340 4776 έκεῖνο
2425 4718 2600 4775 δοκεῖν
2683 4722 3076 4796 γνωμάτευμα,
3136 4721 3166 4777 6'
3224 4720 3410 4793 ὧησιν,
3472 4745 3501 4774 «ι
3569 4721 3724 4778 Εἰσὶν
3779 4719 3907 4777 ὁδοὶ

497 4809 756 4867 δοκοῦσαι
792 4807 886 4881 μὲν
927 4804 1082 4882 ἀνδρὶ
1129 4808 1195 4861 τὰ
1249 4813 1439 4882 πρῶτα
1507 4809 1684 4884 ὀρθαὶ,
1746 4810 1813 4863 τά
1872 4809 2058 4882 μέντοι
2113 4808 2395 4866 τελευταῖα
2447 4811 2621 4864 αὐτῶν
2684 4808 2876 4885 βλέπει
2931 4811 3007 4873 είς
3057 4811 3296 4867 θάνατον.
3359 4835 3384 4864 ο
3447 4811 3551 4867 Καὶ
3608 4809 3740 4885 τῇδε
3808 4813 3910 4885 μὲν

484 4899 554 4956 τὰ
583 4897 722 4954 κατὰ
748 4899 850 4968 τὴν
886 4891 1142 4972 βασιλίδα
1171 4895 1334 4951 πόλιν
1366 4895 1603 4974 ἔφερετο.
