4118 6200
266 390 387 453 6'13

1244 454 1249 459 .
1315 401 1412 459 DE
1453 399 1905 465 ANDRONICO
1951 350 2327 464 COMNENO
2364 402 2518 464 LIB.
2565 402 2643 463 ΙΙ.

3566 415 3691 493 δτι

2301 543 3665 573 ἢ

1673 695 2099 794 ΤΟΜΟΣ
2194 700 2293 791 B’

1153 894 1296 950 ΤΗΣ
1339 895 1707 951 ΒΑΣΙΛΕΙΑΣ
1747 896 2187 955 ΑΝΔΡΟΝΙΚΟΥ
2225 899 2363 955 ΤΟΥ
2401 899 2809 959 ΚΩΜΝΗΝΟΥ.

1951 1080 2023 1094 _

733 1194 1378 1292 IMPERII
1480 1198 2383 1297 ANDRONICI
2477 1201 3199 1302 COMNENI

1639 1405 1846 1462 LIBER
1886 1406 2268 1463 SECUNDUS.

356 1769 426 1826 α’.
457 1769 538 1826 Τὸ
596 1765 656 1823 δέ
706 1778 772 1844 γε
818 1766 1106 1826 Σικελικὸν
1140 1767 1447 1844 στράτευμα
1500 1772 1670 1844 τριχῇ
1727 1763 1984 1843 διαιρεοέ

2116 1771 2265 1827 411
2308 1769 2498 1826 Ι.Ηοο
2530 1770 2691 1827 urbis
2734 1771 3126 1846 imperatricis
3171 1777 3324 1831 statu
3374 1773 3702 1832 Siciliensis

283 1857 395 1924 θεν,
451 1856 481 1911 8
545 1858 642 1930 μὲν
702 1860 772 1930 τῇ
826 1855 1194 1929 Θεσσαλονίκῃ
1241 1854 1562 1930 προσέμενε,
1616 1860 1726 1911 τῶν
1778 1852 1824 1910 δ’
1881 1855 1947 1911 αὗ

289 1947 494 2022 ἱτέρων
525 1946 620 2002 δύο
652 1945 894 2023 μερίδων
920 1948 957 2016 ἡ
1002 1946 1096 2020 μὶν
1153 1938 1434 2001 εἰσϐάλλει
1465 1947 1602 2002 κατᾶ
1657 1946 1753 2006 τὰς
1813 1945 1947 2020 Σέρ-

287 2033 394 2112 ῥας
454 2034 541 2089 καὶ
594 2035 664 2090 τὰ
718 2033 897 2091 ἐκεῖσε
970 2032 1148 2089 πάντα
1207 2035 1524 2109 χειροῦσθαι
1580 2034 1668 2089 καῖ
1726 2035 1948 2107 πορθεῖν

297 2121 563 2199 ἔγνωκεν,
621 2126 658 2194 ἡ
728 2121 788 2179 δὶ
846 2123 921 2185 ὡς
975 2120 1067 2178 διὰ
1128 2120 1275 2178 λείας
1333 2119 1463 2178 ὁδοῦ
1531 2122 1805 2200 φερομένη
1858 2124 1949 2178 καὶ

290 2210 502 2287 μηδένα
539 2213 635 2269 τὸν
657 2213 737 2276 εἰς
769 2217 961 2288 χεῖρας
1000 2211 1156 2269 ἰόντα
1209 2213 1246 2282 ἢ
1304 2212 1692 2268 ἀντιπίπτοντα
1744 2211 1951 2290 ἔχουσα

289 2302 368 2365 είς
456 2301 631 2370 αὗτήν
684 2302 788 2371 τήτ
845 2300 1235 2359 Μοσυνόπολιν
1311 2304 1688 2372 κατεσκήνωσε
1743 2302 1833 2356 καὶ
1887 2301 1951 2356 τὸ

288 2390 484 2463 κύκλῳ
571 2391 894 2466 ὑποχείριον
976 2387 1148 2454 ἔθετο.
1233 2387 1562 2465 Ἀνδρονίκῳ
1619 2387 1677 2446 δὲ
1730 2391 1800 2445 τὰ
1855 2390 1950 2463 μὶν

288 2485 484 2555 πρῶτα
525 2477 765 2552 ἐμέλησε
795 2481 884 2553 [Ρ.
943 2480 1072 2553 204]
1102 2476 1313 2534 στεῖλαι
1351 2478 1442 2534 τὸν
1481 2477 1790 2552 φυλάξοντα
1851 2479 1950 2547 τὴν

301 2571 648 2647 Επίδαμνον,
679 2572 769 2628 καὶ
799 2572 1029 2652 ἀφίκετο
1088 2573 1261 2629 ἐκεῖσε
1299 2574 1329 2629 δ
1396 2576 1605 2647 Βρανᾶς
1673 2575 1950 2644 Ἰωάννης·

294 2661 556 2737 βραχεῖαι
590 2656 650 2715 δὶ
676 2659 903 2735 ἡμέραι,
946 2660 1038 2715 καὶ
1096 2660 1149 2714 οἱ
1210 2660 1305 2734 μὶν
1365 2658 1573 2717 Ἰταλοὶ
1622 2657 1955 2732 Ἐπιδάμνου

291 2744 567 2819 ἐπέϐησαν
596 2749 724 2805 ὡσεὶ
766 2749 964 2819 πτηνοὶ
1021 2750 1111 2805 καὶ
1171 2748 1368 2823 ἀέριοι,
1438 2752 1637 2822 μικροῦ
1691 2770 1752 2804 τε
1808 2749 1955 2812 θάτε-

295 2858 389 2913 ρον
446 2841 560 2893 τῶν
616 2834 799 2892 ποδῶν
854 2832 1157 2912 περιϐάδην
1211 2836 1543 2900 ἐκτείναντες
1585 2838 1957 2912 ἀπραγμόνως

290 2926 362 2981 τὰ
426 2931 540 2982 τῶν
608 2921 924 3001 περιϐόλων
1012 2920 1351 3003 ὑπερέϐησαν
1419 2923 1722 2999 κρήδεμνα,
1794 2926 1823 2981 ὁ
1899 2924 1958 2982 δὲ

295 3016 511 3088 Βρανᾶς
606 3013 683 3076 εἷς
769 3013 1024 3069 Σικελίαν
1115 3012 1479 3090 αἰχμάλωτος
1592 3014 1953 3087 μετατίθεται.

2052 1860 2343 1917 exercitus
2372 1861 2430 1915 in
2460 1865 2581 1917 trcs
2612 1866 2806 1934 partes
2858 1868 2948 1920 est
3006 1865 3246 1935 divisus,
3278 1881 3527 1937 quarum
3585 1880 3704 1923 una

2051 1948 2478 2006 Thessalonica:
2509 1950 2749 2019 mansit,
2808 1950 2987 2008 altera
3043 1953 3102 2008 in
3150 1958 3462 2009 Serranum
3495 1972 3703 2027 agrum

2053 2038 2497 2109 impressionem
2531 2038 2666 2095 fecit
2697 2046 2756 2095 ut
2786 2038 2912 2096 loca
2943 2039 3044 2096 illa
3073 2041 3273 2097 omnia
3322 2046 3618 2098 vastatura
3646 2046 3703 2097 et

2055 2127 2394 2195 subactura,
2425 2127 2592 2183 tertia
2621 2127 2789 2199 quasi
2821 2127 2994 2199 plana
3033 2128 3127 2185 via
3172 2130 3481 2200 processit,
3514 2146 3706 2200 neque

2057 2213 2176 2271 ullo
2205 2213 2373 2271 hoste
2402 2222 2718 2288 apparente
2745 2215 2817 2271 ad
2864 2217 3051 2289 ipsam
3104 2218 3533 2290 Mosynopolixr.
3574 2222 3705 2274 ten-

2058 2303 2209 2360 toria
2237 2302 2364 2359 ﬁxit
2391 2309 2450 2360 et
2507 2304 2984 2377 circurrjacentia
3036 2308 3165 2363 loca
3220 2306 3421 2363 omnia
3447 2308 3705 2381 subegit.

2055 2393 2385 2450 Andronico
2442 2410 2575 2450 vero
2635 2394 2922 2467 principio
2978 2411 3129 2451 cura
3190 2396 3302 2452 fuit
3360 2395 3705 2469 praesidium

2060 2482 2290 2538 mittere
2321 2483 2733 2554 Epidamnum.
2765 2485 2872 2540 Sed
2901 2485 3108 2541 uaucis
3140 2484 3347 2541 diebus
3389 2490 3703 2558 postquam

2060 2575 2279 2628 Branas
2306 2575 2562 2628 Joannes
2590 2589 2658 2628 eo
2688 2573 3065 2644 pervenisset,
3113 2573 3244 2630 Itali
3291 2574 3472 2630 veluti
3512 2575 3703 2633 volatu

2061 2676 2164 2732 per
2185 2676 2375 2716 aerem
2405 2660 2651 2727 advecti,
2681 2663 2828 2718 citra
2847 2662 3106 2718 laborem
3126 2668 3186 2718 et
3206 2664 3374 2735 quasi
3398 2680 3500 2734 per
3522 2663 3708 2720 otium

2061 2748 2339 2804 moenium
2365 2748 2681 2820 pinnacula
2706 2751 3470 2809 trauscenderuntJoanncs
3496 2755 3711 2809 Branas

2062 2838 2326 2910 captivus
2355 2838 2417 2894 in
2448 2839 2707 2896 Siciliam
2737 2845 2827 2895 est
2853 2840 3168 2896 abductus.
3202 2841 3421 2898 Deinde
3459 2844 3523 2897 T1
3555 2859 3709 2898 ossa-

2061 2927 2266 2984 lonicaa
2297 2929 2525 3000 praesidi
2589 2928 2795 2985 Davidi
2828 2945 2928 3000 per
2957 2929 3187 2987 litteras
3213 2932 3510 2985 mandunt
3535 2937 3598 2986 ut
3622 2947 3714 2986 ur-

2063 3016 2156 3073 bis
2174 3017 2928 3086 custodiaintentusesset,
2960 3035 3065 3075 nec
3114 3019 3428 3076 calcearios
3475 3020 3717 3076 Latinos

297 3104 529 3162 Ἔπειτα
585 3108 666 3177 τῲ
752 3099 954 3160 διέπειν
1010 3102 1244 3183 λαχόντι
1336 3103 1729 3174 Θεσσαλονίκην
1791 3100 1956 3162 Δαϐἱδ

2073 3105 2390 3179 quidquam
2424 3106 2785 3175 formidaret,
2819 3113 2998 3179 utque
3045 3108 3306 3173 saltaret,
3340 3109 3630 3165 morderet
3658 3113 3719 3165 et

298 3191 619 3260 ἐπέστελλε,
676 3193 768 3248 καὶ
818 3191 1106 3250 ἐπέτελλεν
1163 3193 1523 3272 ἐπαγρυπνεῖν
1579 3198 1647 3268 τῇ
1704 3202 1804 3264 τῆς
1856 3196 1962 3251 πό-

300 3282 442 3345 λεως
495 3280 717 3359 φυλακῇ
775 3282 865 3336 καὶ
917 3280 1051 3356 μηδ’
1109 3282 1256 3345 ὅλως
1329 3280 1559 3338 δεδιέναι
1624 3284 1752 3346 τοὺς
1808 3280 1959 3338 πεδι-

300 3366 618 3445 λορῥὰφους
694 3366 978 3438 Λατίνους,
1063 3366 1241 3439 πηδᾷν
1310 3365 1368 3423 δὲ
1423 3368 1515 3424 καὶ
1573 3366 1785 3425 δάκνειν
1868 3371 1959 3425 καὶ

298 3463 532 3528 κεντεῖν,
593 3456 664 3511 ’ἶν’
759 3455 926 3520 αὐτας
975 3457 1071 3518 τὰς
1151 3454 1497 3532 Ἀνδρονίκου
1575 3460 1964 3534 παραθήσομαι

300 3546 500 3618 λέξεις.
548 3545 654 3604 Καὶ
705 3545 788 3625 ἔφ’
843 3545 956 3618 ’ὀτῳ
1017 3545 1113 3618 μὶν
1167 3543 1509 3621 Ἀνδρόνικος
1559 3548 1760 3602 οὑτωσὶ
1840 3569 1967 3602 συν-

304 3637 468 3691 ετίθει
500 3635 570 3688 τὰ
607 3634 955 3710 γραμμάτια,
999 3633 1165 3707 μόνος
1222 3635 1249 3689 ὁ
1306 3631 1553 3698 ἐκδιδοὺς
1610 3635 1966 3710 ἐπιστάμενος

306 3727 371 3795 ἦν
418 3719 790 3796 Ἀνδρόνικος*
848 3719 1038 3784 αυτοῖς
1092 3719 1150 3778 δὲ
1204 3727 1320 3785 τοῖς
1377 3721 1807 3800 φιλοσκώμμοσι
1866 3746 1967 3780 πο-

310 3810 494 3873 λίταις
552 3807 643 3866 διὰ
703 3807 947 3886 γέλωτος
1005 3807 1174 3885 ἤγετο
1230 3811 1296 3866 τὰ
1351 3810 1685 3889 γραφόμενα,
1753 3814 1969 3892 ἀντιφέ-

313 3922 467 3976 ρουσι
536 3903 708 3955 ταῦτα
763 3900 853 3955 καὶ
922 3894 1319 3956 ἀντιϐάλλουσι
1393 3901 1530 3976 πρὸς
1596 3900 1798 3977 αἷσχρά
1848 3923 1970 3959 τινα

312 3988 556 4064 δημόσια
615 3989 863 4064 ῥήματα,
918 3990 952 4043 ἄ
1011 3989 1090 4063 μὴ
1146 3988 1437 4069 προφέρειν
1473 3992 1678 4066 χρεών.
1734 3992 1859 4049 Ἐπὶ
1913 3989 1970 4048 δὲ

312 4079 533 4142 τούτοις
613 4079 711 4142 τὰς
818 4078 1131 4152 Ῥωμαϊκὰς
1241 4075 1493 4151 δυνάμεις
1576 4080 1970 4155 συνηθροικὼς,

316 4169 435 4223 ὅσαι
493 4187 553 4223 τε
612 4167 746 4239 ἒῷαι
798 4169 887 4223 καὶ
969 4167 1091 4223 δσαι
1170 4166 1435 4240 ἑσπέριαι,
1522 4169 1610 4224 καὶ
1664 4169 1860 4233 ταύτας
1921 4168 1973 4233 ἐς

313 4256 568 4332 τάγματα
598 4252 816 4325 διελὼν,
852 4257 915 4312 τὸ
949 4257 1046 4329 μὶν
1075 4260 1156 4329 τῷ
1198 4254 1420 4331 βασιλεῖ
1473 4257 1564 4313 καὶ
1622 4259 1725 4331 υίῷ
1754 4259 1970 4334 Ἰωάννῃ

316 4345 542 4417 ἆπὲταξε
598 4344 724 4421 περὶ
789 4346 889 4413 τήν
945 4342 1233 4401 Φιλίππου
1292 4340 1627 4420 διατρίϐοντι
1684 4346 1974 4423 ἐπαρχίαν,

312 4435 376 4490 τὸ
412 4431 470 4490 δὲ
515 4438 598 4506 τῷ
654 4430 1046 4509 χαρτουλαρίῳ
1098 4430 1448 4510 παραδέδωκε
1507 4434 1775 4509 Χοόμνῳ,
1829 4435 1973 4493 ἄλλο

314 4528 393 4597 τῷ
476 4520 849 4598 Παλαιολόγῳ
908 4519 1255 4597 Ἀνδρονίκῳ,
1321 4519 1502 4598 ἕτερον
1573 4524 1654 4595 τῷ
1747 4524 1977 4600 ἑκτομίᾳ

315 4612 642 4691 Νικηφόρῳ,
675 4613 733 4675 ὅς
762 4613 983 4685 τιμήεις
1031 4612 1099 4681 ἦν
1150 4613 1278 4688 παρ’
1336 4608 1686 4688 Ἀνδρονικῳ,
1741 4618 1822 4686 τῷ
1877 4618 1976 4669 τοῦ

316 4699 822 4776 παρακοιμωμένου
881 4697 1254 4776 κυδρούμενος
1307 4700 1599 4774 ἀξιώματι.
1655 4699 1832 4758 Ἀλλᾶ
1885 4705 1972 4760 καὶ

318 4792 561 4865 Ἀλέξιον
620 4791 938 4869 ἱκπέπομφε
994 4790 1086 4846 τὸν
1151 4793 1355 4865 Βρανᾶν
1414 4791 1531 4863 μεθ’
1583 4790 1768 4865 ἑτέρου
1813 4811 1978 4867 στρα-

314 4882 613 4956 τεύματος.
670 4880 829 4950 Πλὴν
886 4880 915 4935 ὁ
976 4879 1073 4953 μὶν
1132 4879 1249 4941 υἱὸς
1309 4878 1654 4953 κυνηγεσίοις
1698 4878 1975 4946 ἐνευπάθει

318 4971 457 5028 κατά
484 4972 587 5041 τὴν
620 4966 1101 5038 Φιλιπποῦπολιν,
1132 4967 1234 5024 ὅσα
1291 4966 1381 5023 καὶ
1429 4966 1621 5024 πυλῶν
1652 4966 1978 5048 Γαδειρίδων

316 5059 649 5136 κατάσχεσιν
709 5058 745 5129 ἢ
806 5057 1102 5114 Διονυσίων
1187 5052 1453 5112 στυλίδων
1513 5057 1818 5132 καθαίρεσιν
1877 5062 1979 5131 τήν

316 5157 421 5221 τῆς
507 5146 911 5218 θεσσαλονίκης
998 5145 1361 5223 προνόμευσιν
1425 5148 1862 5223 φανταζόμενος·
1925 5151 1977 5205 οἱ

319 5237 382 5295 δὶ
412 5237 603 5295 λοιποὶ
648 5235 878 5308 ταυτησὶ
931 5233 1411 5310 πολιορκουμένης
1468 5233 1675 5311 ἐγγίσαι
1736 5237 1831 5310 μὶν
1886 5239 1978 5294 καὶ

319 5328 591 5403 ὲπαρῆξαι
705 5321 961 5400 οόδαμῶς
1051 5322 1413 5401 ἆπεθάρῥουν,
1480 5322 1817 5401 πορῥωτάτω
1919 5323 1980 5381 δὲ

319 5415 687 5491 σκηνοῦμενοι
745 5411 790 5469 δ’
852 5415 1109 5487 ὀπτήρων
1138 5413 1229 5468 καὶ
1290 5409 1659 5489 ταχυδρόμων
1718 5412 1982 5471 κλεπτόν-

316 5528 432 5563 των
458 5507 559 5575 τήν
604 5504 680 5567 εἷς
731 5504 795 5559 τὸ
853 5498 1220 5579 στρατόπεδον
1276 5505 1384 5556 τῶν
1444 5499 1730 5575 πολεμίων
1797 5504 1977 5577 ἄφιξιν

316 5598 390 5652 τὰ
417 5595 555 5652 κατὰ
579 5590 976 5662 Θεσσαλονίκην
1037 5591 1173 5662 ⁴ἦσαν
1225 5591 1633 5664 ένωτιζόμενοι.
1691 5594 1873 5656 Μόνος
1930 5593 1975 5650 δ’

2070 3199 2374 3268 pungeret,
2405 3197 2560 3253 412
2592 3202 2658 3251 ut
2686 3196 2816 3269 ipsa
2831 3197 3006 3253 verba
3034 3197 3351 3255 Andronici
3398 3215 3717 3270 apponam,

2071 3301 2201 3356 qua
2231 3300 2338 3341 cur
2369 3288 2688 3357 usurparit,
2722 3285 2886 3342 solus
2910 3291 3114 3342 auctor
3143 3286 3302 3343 novit
3322 3287 3716 3345 Andronicus.

2072 3372 2184 3429 Sed
2216 3373 2367 3429 cives
2421 3374 2725 3431 facetiores
2781 3375 2957 3431 verba
3021 3375 3123 3431 illa
3190 3375 3476 3444 ridebant,
3535 3384 3590 3433 et
3647 3376 3719 3432 ad

2074 3462 2343 3533 quasdam
2369 3462 2635 3535 vulgaria
2663 3468 2719 3519 et
2758 3465 3012 3520 obscena
3065 3465 3532 3537 delorquebant;
3591 3480 3720 3536 quas

2074 3550 2305 3608 silentio
2336 3552 2741 3623 praetereunda
2768 3559 2931 3609 sunt.
2970 3557 3105 3608 Post
3151 3552 3273 3609 haec
3318 3552 3597 3609 Romanis
3622 3569 3720 3609 co-

2077 3638 2189 3712 piis
2218 3643 2340 3695 tam
2372 3638 2845 3697 Occidentalibus
2880 3658 3056 3713 quam
3081 3640 3479 3696 Orientalibus
3502 3641 3721 3696 coactis

2075 3733 2133 3784 et
2160 3727 2219 3784 in
2252 3726 2512 3800 legiones
2541 3728 2874 3799 descriptis,
2907 3732 3131 3800 partem
3175 3744 3351 3783 unam
3408 3727 3622 3784 Joanni
3654 3727 3725 3782 ﬁ-

2076 3816 2154 3874 lio
2184 3816 2523 3889 imperatori
2554 3817 2877 3889 designato,
2912 3822 3035 3872 tum
3093 3816 3153 3871 in
3213 3815 3531 3888 Philippica
3587 3833 3725 3886 pro-

2076 3905 2267 3961 vincia
2296 3905 2550 3976 degenti,
2581 3904 2756 3960 aliam
2785 3905 3054 3961 Chumno
3109 3903 3486 3973 chartulario,
3547 3904 3725 3960 aliam

2077 3992 2408 4049 Andronico
2464 3992 2804 4065 Palaeologo,
2863 3992 3034 4050 aliam
3093 3992 3419 4065 Nicephoro
3477 3990 3727 4066 spadoni

2079 4081 2259 4145 dedit,
2290 4080 2385 4137 cui
2433 4081 2783 4137 accubitoris
2839 4080 3181 4153 dignitatem
3241 4081 3546 4138 tribuerat.
3594 4079 3727 4137 Ale-

2077 4171 2241 4227 xium
2274 4186 2505 4242 quoque
2520 4169 2771 4225 Branam
2796 4186 2928 4226 cum
2970 4169 3086 4226 alio
3118 4170 3371 4227 exercitu
3411 4170 3723 4244 ablegavit.

2079 4260 2361 4317 Craterum
2385 4257 2543 4314 ﬁlius
2564 4260 2690 4330 ejus
2710 4258 2863 4314 circa
2908 4258 3359 4332 Philippopolim
3410 4258 3733 4316 venationi-

2080 4349 2194 4405 bus
2223 4347 2456 4405 deditus
2513 4348 2587 4403 de
2641 4348 2865 4404 excidio
2919 4348 3347 4405 Thessalonica;
3378 4365 3494 4404 non
3532 4348 3726 4419 magis

2084 4438 2373 4512 cogitabat
2402 4453 2581 4510 quam
2613 4438 2685 4493 de
2721 4437 2970 4495 Gadium
3016 4437 3199 4510 portis
3249 4445 3348 4494 aut
3390 4438 3601 4497 Bacchi
3631 4455 3729 4496 co-

2088 4525 2310 4583 lumnis
2358 4525 2705 4583 evertendis.
2738 4525 2939 4582 Ceteri
2994 4542 3153 4596 vero,
3182 4529 3321 4584 dum
3381 4543 3449 4584 ea
3500 4528 3732 4585 obside-

2085 4615 2512 4688 retur,propius
2532 4615 2806 4671 occedere
2845 4619 2902 4670 et
2929 4631 3100 4687 opem
3150 4617 3298 4672 terra
3345 4618 3509 4675 nullo
3558 4618 3732 4675 modo

2086 4702 2454 4773 ausi,castris
2491 4700 2663 4775 longe
2692 4702 2764 4759 ab
2797 4703 2940 4760 urbe
2968 4704 3174 4777 positis
3191 4721 3294 4777 per
3333 4706 3733 4778 speculatores

2086 4797 2144 4850 et
2197 4791 2495 4863 expeditos
2551 4791 2778 4865 equites
2835 4798 3029 4851 castra
3085 4794 3340 4851 boslium
3393 4795 3592 4851 furtim
3641 4795 3730 4849 in-

2085 4897 2316 4954 gressos
2352 4880 2786 4938 Thessalonicae
2828 4886 3050 4939 statum
3099 4882 3499 4954 explorabant.
3554 4880 3731 4938 Solus

2086 4970 2352 5027 omnium
2372 4969 2678 5027 Chumnus
2698 4971 3039 5028 Theodorus
3058 4971 3296 5044 propius
3319 4971 3591 5027 accedere
3614 4985 3731 5024 non

2086 5060 2400 5127 dubitavit,
2431 5065 2496 5116 ut
2519 5059 2743 5116 civibus
2763 5059 2822 5115 in
2857 5059 3037 5116 aciem
3065 5065 3268 5116 contra
3309 5057 3505 5114 hostes
3533 5072 3733 5129 egres-

2085 5150 2170 5208 sis
2200 5149 2354 5205 418
2385 5165 2555 5221 opem
2587 5150 2782 5214 ferret,
2815 5154 2919 5204 aut
2948 5148 2997 5204 si
3048 5147 3268 5213 liceret,
3301 5146 3491 5218 ipsam
3529 5146 3735 5203 urbem

2086 5238 2506 5309 ingrederetur.
2560 5236 2673 5294 Sed
2728 5240 2980 5308 utroque
3067 5234 3313 5292 consilio
3399 5235 3735 5305 frustratus,

2087 5324 2427 5395 turpissime
2453 5324 2659 5396 pedem
2689 5323 2907 5391 retulit,
2939 5323 3094 5395 quod
3128 5322 3346 5379 milites
3374 5322 3633 5391 eminus,
3663 5338 3736 5379 ne

2087 5415 2311 5490 galeam
2345 5416 2581 5487 quidem
2611 5414 2889 5471 hostilem
2941 5413 3156 5471 intueri
3208 5414 3361 5485 ausi,
3409 5414 3590 5488 tergis
3637 5414 3739 5471 ob-

2085 5506 2270 5563 versis
2326 5504 2507 5561 etl'uss
2564 5504 2882 5574 fugiebant,
2941 5504 3000 5560 in
3052 5520 3119 5561 eo
3167 5505 3452 5561 duntaxat
3518 5502 3738 5561 caeteris

2090 5594 2474 5671 popularibus
2501 5594 2625 5652 suis
2658 5595 3111 5667 praetentiores,
3143 5594 3302 5669 quod
3334 5612 3452 5653 non
3502 5610 3740 5668 semper

804 5648 1073 5754 x05};on
1095 5676 1373 5756 Θεόδωρος
1392 5648 1632 5751 ⁷ὑπέστη
1693 5648 1979 5759 ἐγγύτερον

2091 5648 2683 5760 ἷέιῖεἶῖᾱέεὲέιέταὲιιζ
2714 5648 2826 5741 si
2840 5648 3083 5755 me;
3094 5648 3111 5665 ’
3126 5648 3302 5756 ἐυᾘζ
3322 5648 3736 5758 »ξρξοαῖὲῇιῐὲὲ
