4112 6218
412 396 528 454 379
1725 378 2031 441 NlCET/E
2072 377 2488 440 CHONIATJE
3692 384 3814 446 630

412 539 547 582 cum
578 521 844 578 leonibus
876 533 1129 591 pugnare
1157 523 1212 571 et
1241 519 1532 572 armatum
1564 513 1824 586 equitem
1883 510 2036 566 humi

2192 508 2329 564 ιόνον
2360 507 2664 586 Θυγατὲρων
2716 510 2952 566 Θυεστου
2995 512 3219 588 φθοράν.
3252 511 3367 570 Ούκ
3412 509 3558 590 ἔχων
3610 511 3668 569 δί
3712 515 3816 583 τήν

410 621 667 669 sternere
719 613 962 681 poterat,
1020 605 1080 661 in
1140 622 1246 660 suo
1307 603 1566 660 conclavi
1623 601 1850 658 habuit.
1907 599 2034 655 Nan

2192 621 2287 670 σην
2360 599 2497 676 πρὸς
2573 603 2636 657 τὸ
2710 601 3120 658 ἀκολασταίνειν
3197 603 3381 683 ἰσχὺν,
3459 605 3534 666 ὡς
3595 603 3816 660 Ἰόλεων

408 699 687 757 satellites
718 703 775 753 et
807 697 1082 752 custodes
1113 699 1285 750 noctu
1315 694 1513 766 procul
1538 693 1610 747 ab
1633 692 1762 764 ejus
1785 687 2032 745 cubiculi

2195 693 2369 753 κεῖνος
2406 690 2541 745 κατᾶ
2569 693 2672 756 τῆς
2717 691 3071 772 παλιμφυοῦς
3115 689 3279 767 ὕδρας
3329 692 3631 767 συνέριθον,
3672 693 3819 748 οὕτω

410 788 741 844 cubabant:
776 788 938 841 canis
966 801 1100 839 vero
1131 786 1198 838 ad
1223 783 1472 853 januam
1505 780 1779 853 alligatus
1821 779 1891 833 ad
1939 776 2026 832 exi

2197 777 2260 832 Lai
2322 779 2478 841 οὗτος
2523 779 2590 834 τὰ
2645 781 2748 835 ὑπὸ
2777 782 3007 855 γαστρὸς
3057 781 3195 855 πρὸς
3227 781 3507 836 συνονυίαν
3557 780 3821 860 ἀλοιφαῖς

410 892 592 949 guum
622 877 929 947 strepitum
987 872 1343 928 horrendum
1403 869 1460 925 in
1514 871 1753 925 modum
1785 865 2034 921 latrabat

2197 868 2256 921 αἱ
2316 874 2590 941 περιττοῖς
2649 869 3009 943 σκευάσμασιν
3070 869 3450 944 ἀνεβρώνυοεν.
3510 872 3703 935 Ἥσθιε
3760 868 3821 925 δὲ

409 971 496 1024 Ita
526 967 808 1038 paulatim
841 964 1275 1036 Cpolitanorum
1309 959 1674 1032 simplicitati
1714 956 2033 1014 insultabat

2193 954 2256 1010 ιαὶ
2317 960 2423 1026 ζῶν
2480 956 2747 1030 Νειλῷον,
2798 957 3138 1032 κροκοδείλῳ
3221 959 3361 1014 πάνυ
3434 981 3488 1015 τι
3563 958 3817 1036 ἐμφερὲς,

409 1063 467 1113 et
492 1056 662 1128 quasi
694 1055 934 1110 naribus
962 1067 1285 1124 suspensos
1316 1050 1605 1117 trahebat,
1632 1052 1690 1104 et
1721 1050 1783 1102 ut
1825 1046 1896 1100 ad
1937 1061 2032 1100 om

2193 1044 2387 1121 ’κίγγον
2419 1043 2736 1121 λεγόμενον,
2764 1046 3022 1104 ἀπόσιτον
3061 1049 3154 1122 μὲν
3184 1052 3301 1110 τοῖς
3348 1049 3424 1120 μή
3472 1050 3539 1104 τὰ
3591 1053 3817 1103 τοιαῦτα

409 1162 542 1202 nem
575 1146 996 1216 imperatorum
1029 1141 1454 1198 observantiam
1487 1143 1545 1194 et
1573 1137 1795 1194 cultum
1822 1138 2033 1207 parato:

2191 1135 2383 1208 ipwtéa
2432 1135 2696 1210 κρίνουσι,
2731 1133 3025 1211 διερεθίζον
3081 1134 3129 1192 δ’
3177 1137 3332 1211 ὅμως
3389 1138 3477 1192 καὶ
3528 1135 3815 1194 διανιστῶν

406 1235 674 1308 (ignarus
703 1250 766 1290 se
797 1234 868 1288 ab
901 1232 1019 1288 illis
1060 1231 1306 1304 imperio
1339 1229 1629 1300 dejectum
1678 1223 2026 1297 gravissima

2193 1245 2221 1277 ην
2267 1229 2388 1287 ταῖς
2445 1223 2694 1298 ὁμιλίαις
2753 1228 2888 1301 πρὸς
2945 1228 3367 1301 συνουσιασμόν.
3427 1228 3577 1286 Κατὰ
3637 1224 3696 1282 δὲ
3749 1229 3817 1281 τὰ

410 1342 613 1399 pcenas
645 1326 922 1381 daturum
989 1325 1140 1389 esse)
1195 1319 1517 1376 deridebat.
1578 1318 1782 1388 Itaque
1838 1330 2034 1370 cornu:

2193 1318 2366 1387 ιρχεῖα
2395 1315 2680 1388 γινόμενος
2711 1315 2817 1370 ἀπὸ
2844 1320 2956 1371 τῶν
2987 1314 3181 1388 ἔξωθεν
3211 1319 3297 1391 [Ρ.
3340 1318 3464 1390 10⁸1]
3521 1311 3817 1391 διατριϐῶν

408 1431 735 1479 cervorum,
786 1429 933 1485 quos
1000 1415 1244 1465 venatus
1299 1413 1442 1473 erat,
1513 1404 1768 1476 insignia
1825 1407 1882 1460 et
1947 1419 2032 1457 rar

2186 1422 2224 1458 τε
2253 1402 2342 1456 καὶ
2375 1399 2679 1479 διαχύσεων
2711 1403 2809 1458 ούκ
2839 1402 3032 1481 ὀλίγον
3087 1406 3182 1478 μὶν
3231 1405 3322 1460 καὶ
3371 1406 3434 1461 τὸ
3479 1406 3608 1477 περὶ
3652 1405 3810 1460 αὐτὸν

414 1505 569 1561 411)
601 1502 820 1574 aliquid
851 1499 1128 1555 habentia
1150 1497 1209 1553 in
1245 1496 1568 1569 porticibus
1599 1493 1706 1550 fori
1737 1491 2029 1562 suspende

2187 1487 2289 1563 lx:
2321 1485 2704 1564 δορυφορικὸν,
2736 1491 3028 1547 καὶτοῦτο
3078 1491 3140 1547 ἐκ
3188 1488 3486 1568 Βαρϐάρων
3535 1491 3672 1548 ἰλῶν
3720 1493 3811 1547 καὶ

414 1593 534 1662 bat,
569 1608 671 1663 per
701 1589 955 1662 speciem
1017 1586 1373 1642 ostentandae
1431 1581 1854 1655 magnitudinis
1907 1581 2038 1636 fera-

2191 1575 2374 1652 ινδρῶν
2409 1578 2622 1651 λοιμῶν
2653 1580 2960 1655 χαιρόντων
2989 1579 3309 1653 ἀπαιδευσίᾳ
3363 1581 3453 1638 καὶ
3484 1583 3552 1637 τὰ
3579 1579 3815 1636 πλεῖστα

414 1697 545 1736 rum
579 1696 727 1751 quas
757 1677 1027 1750 cepisset,
1053 1691 1187 1731 cum
1229 1690 1425 1729 revera
1461 1670 1707 1728 civitatis
1729 1675 1788 1726 et
1809 1685 2038 1725 uxoruu

2192 1665 2303 1738 ιηδ⁹
2359 1666 2660 1725 ἐπαϊόντων
2707 1667 3038 1738 Ἑλληνίδος
3088 1678 3295 1748 φωνῆς.
3353 1672 3452 1727 Καὶ
3491 1669 3618 1733 τοὺς
3675 1691 3816 1747 προ-

409 1787 552 1842 quas
578 1769 701 1838 ipse
719 1765 1129 1836 corrumpebat
1152 1762 1450 1818 lasciviam
1491 1765 1737 1816 notaret.
1771 1761 1892 1825 Quo
1925 1773 2033 1812 veri

2187 1757 2383 1820 ιοίτους
2413 1755 2472 1813 δὲ
2525 1760 2612 1814 καὶ
2673 1757 3030 1838 προφύλακας
3081 1758 3223 1816 ἐσαεὶ
3277 1759 3546 1816 τοιούτων
3602 1759 3811 1834 ἀναγώ-

411 1858 502 1914 die
523 1874 587 1913 ex
612 1854 982 1925 Propontidis
1012 1851 1234 1908 deliciis
1285 1855 1339 1906 et
1389 1849 1827 1906 amoenitatibus
1869 1847 1929 1901 in
1963 1863 2033 1901 ur

2189 1868 2274 1901 νων
2326 1847 2649 1926 συνείληχεν
2706 1849 3056 1925 ὁμηγύρεων.
3107 1847 3389 1905 Τελευτῶν
3433 1847 3491 1905 δὲ
3539 1849 3631 1904 καὶ
3679 1849 3813 1903 κύνα

409 1948 539 2002 bem
569 1944 984 2011 revertebatur,
1019 1943 1074 1996 in
1136 1941 1261 1995 dies
1320 1939 1556 1995 omnino
1589 1939 1850 1993 nefastus
1881 1936 2030 1990 habe

2191 1937 2476 2016 ιάρχαρον,
2510 1938 2623 1993 οἷον
2651 1936 2741 1992 καὶ
2782 1937 2997 1993 λέουσιν
3053 1937 3462 2002 ἀντιπλέκεσθαι
3511 1937 3602 1993 καὶ
3645 1935 3815 2015 ἄνδρα

409 2035 600 2090 batur.
635 2033 832 2103 Neque
862 2033 1016 2087 enim
1052 2029 1166 2084 alia
1197 2031 1266 2084 de
1310 2044 1486 2082 causa
1531 2026 1776 2081 rediisse
1828 2023 2033 2097 pulaba

2190 2025 2399 2102 ῗφιππον
2437 2024 2674 2096 ὁπλίτην
2727 2032 3062 2102 κατενεγκεῖν
3113 2023 3288 2102 ἔραζε,
3351 2027 3600 2083 σύνοικον
3638 2025 3814 2097 ἑαυτῷ

406 2129 522 2192 tur,
554 2122 670 2179 nisi
728 2124 790 2176 ut
852 2122 1131 2174 mactaret
1185 2123 1243 2172 et
1300 2117 1558 2185 perderet
1625 2131 1724 2170 eos
1769 2130 1916 2186 quos
1947 2113 2030 2168 sib

2189 2113 2458 2186 πεποίητο·
2495 2115 2545 2169 οἱ
2582 2116 2674 2188 μὲν
2707 2116 2813 2191 γὰρ
2864 2115 3329 2193 σωματοφύλακες
3374 2115 3464 2172 καὶ
3513 2113 3813 2193 δορυφόροι

410 2217 634 2269 struere
664 2209 911 2265 insidias
970 2207 1400 2277 suspicabatur.
1466 2208 1551 2260 Ita
1607 2203 1922 2259 Andronici
1955 2201 2027 2256 ad

2191 2201 2360 2258 ἵποθὲν
2391 2225 2494 2258 που
2545 2209 2642 2260 τοῦ
2695 2202 2986 2278 βασιλικοῦ
3043 2209 3304 2266 κοιτῶνος
3360 2205 3548 2266 νυκτὸς
3607 2225 3815 2275 κατηυ-

412 2306 618 2357 ventus
643 2298 842 2355 multis
873 2297 1286 2352 detrimentum
1320 2303 1373 2349 et
1433 2308 1739 2349 mmrorem
1793 2295 1896 2366 aut
1933 2291 2036 2345 vita

2184 2293 2407 2362 νάζοντο,
2457 2290 2573 2348 ὁδέ
2630 2313 2692 2369 γε
2751 2293 2894 2348 κύων
2949 2294 3087 2368 πρὸς
3143 2300 3264 2355 ταῖς
3323 2293 3504 2370 θύραις
3563 2289 3808 2364 ἐδέδετο,

402 2391 699 2463 jacturam
733 2391 833 2443 aut
869 2385 1026 2442 aliud
1058 2390 1383 2440 extremum
1399 2381 1620 2438 malum
1655 2380 2026 2453 portendebat

2190 2381 2555 2460 [αλκεόφωνος
2613 2380 2688 2436 ὤν
2743 2381 2834 2437 καὶ
2891 2383 3028 2457 πρὸς
3102 2384 3367 2458 βραχεῖαν
3453 2381 3814 2457 διαταραττό-

408 2484 465 2535 Is
497 2479 654 2535 enim
679 2479 784 2542 vir,
819 2492 951 2531 cum
983 2490 1110 2530 eam
1140 2471 1319 2528 veluti
1352 2473 1564 2527 lineam
1598 2470 1657 2526 in
1706 2471 1903 2526 animo
1951 2486 2032 2526 ειιι

2187 2492 2328 2534 ιενος
2385 2469 2622 2548 ψόφησιν
2677 2472 2767 2526 καὶ
2815 2470 3104 2546 γινόμενος
3155 2471 3541 2547 ὑλακόμωρος.
3589 2472 3811 2546 Προϊὼν

409 2566 840 2638 descripsisset,
873 2566 944 2620 ad
978 2578 1154 2636 quam
1189 2560 1554 2618 crudelitatis
1612 2576 1732 2616 suae
1764 2559 2033 2615 amussim

2196 2559 2400 2616 ὲοῦτω
2457 2559 2764 2639 κατετρύφα
2823 2567 2925 2629 τῆς
2978 2564 3088 2615 τῶν
3147 2567 3817 2617 Κωνσταντινουπολιτῶν

411 2655 685 2726 exigeret,
718 2670 850 2710 eum
885 2651 997 2709 sibi
1028 2651 1180 2706 diem
1215 2651 1455 2722 periisse
1487 2648 1748 2720 putabat,
1781 2663 1899 2718 qua
1943 2662 2035 2701 no:

2187 2649 2408 2720 κύηθείας
2439 2650 2525 2704 καὶ
2560 2652 2633 2712 ὡς
2662 2650 2767 2705 ἀπὸ
2827 2651 2974 2724 ῥινὸς
3023 2649 3352 2724 ἑλκομένους
3406 2649 3672 2726 ἐχλεύαζε
3719 2651 3811 2705 καὶ

411 2743 786 2800 excellentem
843 2739 1099 2812 aliquem
1161 2739 1350 2794 virum
1412 2745 1506 2793 aut
1560 2735 1908 2808 jugulasset,
1959 2751 2031 2789 au

2189 2739 2303 2810 τρὸς
2335 2745 2508 2794 πᾶσαν
2537 2743 2646 2793 τῶν
2701 2739 3044 2812 κρατούντων
3105 2741 3386 2815 θεραπείαν
3441 2761 3500 2796 τε
3555 2741 3645 2794 καὶ
3701 2743 3813 2794 οω.

410 2836 782 2900 οεοαιοοεεοι,
814 2835 916 2885 aut
970 2828 1178 2884 saltem
1238 2827 1623 2898 objurgasset,
1653 2829 1756 2880 aut
1801 2823 2034 2878 Titanici

2191 2827 2316 2882 ιείαν
2348 2827 2584 2899 ἑτοίμως
2615 2822 2844 2903 ἔχοντας
2871 2826 3182 2902 ἒκωμῴδει,
3223 2829 3324 2886 ούκ
3376 2827 3538 2890 εἷ’δὼς
3593 2829 3668 2892 ὡς
3719 2830 3815 2884 ὑπ’

408 2922 570 2978 vultu
598 2918 921 2976 terruisset.
955 2917 1100 2972 Nam
1160 2930 1310 2970 save
1342 2914 1653 2985 paedagogo
1675 2912 1888 2968 similis
1918 2912 2028 2968 sub

2187 2913 2338 2968 ιύτῶν
2370 2916 2818 2989 καθαιρεθήσεται
2864 2921 2965 2984 τῆς
3021 2915 3169 2990 ἀρχῆ
3227 2916 3318 2970 καὶ
3373 2916 3438 2971 τὰ
3495 2920 3603 2971 τῶν
3658 2914 3811 2970 ὅλων

410 3013 547 3068 inde
580 3007 872 3076 ﬂagellum
905 3005 962 3059 in
1001 3019 1213 3076 pueros
1243 3001 1557 3074 quatienti,
1615 3001 1958 3073 tempestive
2003 3016 2031 3055 ε

2189 3005 2528 3073 ιποστήσεται
2583 3004 2856 3078 χείριστα,
2915 2999 3057 3059 ὥστε
3110 3005 3202 3059 καὶ
3266 3009 3374 3060 τῶν
3434 3006 3561 3076 παρ’
3639 3006 3813 3061 αὑτοῦ

409 3096 815 3168 intempestive
846 3093 1216 3163 objurgabat,
1252 3097 1312 3146 et
1353 3091 1424 3145 ad
1474 3090 1774 3160 quodlibet
1820 3090 2033 3145 verbun

2191 3093 2494 3167 mpmpévmv
2524 3090 2737 3172 ἐλάφων
2785 3093 2854 3148 τὰ
2899 3093 3121 3167 κέρατα,
3170 3094 3272 3149 ’ὀσα
3329 3091 3697 3169 δωδεκᾶδωρα
3740 3095 3815 3164 ἦν

409 3187 536 3244 suis
561 3185 800 3241 auribus
826 3183 1116 3251 ingratum
1142 3179 1636 3234 commovebatur.
1655 3181 1776 3244 Quo
1804 3178 2026 3233 {iebatu

2191 3180 2258 3236 ιαὶ
2328 3180 2470 3256 ;ἶχο’ν
2537 3201 2588 3236 τι
2657 3181 2953 3254 θαύματος,
3021 3187 3141 3244 ταῖς
3207 3183 3343 3237 κατὰ
3423 3184 3526 3252 τήν
3605 3183 3815 3260 ἀγορὰν

410 3293 479 3333 ea
517 3276 860 3343 tempestate
890 3229 1184 3325 vhomines
1242 3268 1434 3323 moesti
1494 3275 1551 3323 et
1607 3229 1762 3324 ρίΞο

2192 3229 2258 3236 ’“”⁷
2328 3229 2464 3256 ν·1ν,“”
2547 3229 2588 3236 ’⁷
2658 3229 2953 3254 ν’”⁷ι-’”’”·¹ν
3031 3229 3138 3244 ⁷’”⁷“¹
3209 3229 3343 3237 ’⁷““”’
3434 3229 3521 3252 ’⁷⁸⁷
3607 3229 3637 3237 “’
3685 3229 3808 3258 ⁷Γ”’

2192 3271 2350 3342 ;ψῖσιν
2382 3269 2603 3343 ἀνήρτα,
2635 3273 2713 3341 τῷ
2748 3270 2840 3342 μὲν
2881 3267 3058 3341 δοκελν
3099 3270 3175 3332 εἰς
3221 3265 3440 3340 ἔνδειξιν
3498 3275 3596 3326 τοῦ
3643 3229 3816 3348 μεγὲ-

409 3367 687 3426 viverent,
721 3376 827 3416 nec
859 3358 1048 3437 securi
1081 3373 1356 3413 somnum
1391 3360 1683 3428 caperent,
1729 3357 1829 3412 sed
1860 3355 2033 3412 subiti

2190 3376 2290 3420 Ιους
2322 3362 2430 3413 τῶν
2490 3359 2619 3433 παρ’
2675 3357 2840 3412 αὐτοῦ
2897 3356 3270 3430 ἁλισκομένων
3331 3359 3558 3435 ἀγρίων,
3616 3364 3696 3431 τῷ
3748 3357 3814 3415 δὲ

409 3452 596 3509 territi
631 3448 1174 3522 expergiscerentur
1208 3446 1598 3501 Andronicum
1641 3445 1698 3500 in
1732 3460 1794 3500 se
1840 3444 2033 3500 irrueri

2187 3446 2278 3501 ἱντι
2313 3443 2746 3521 διαμωκώμενος
2777 3446 2840 3502 τὸ
2898 3445 3206 3519 πολίτευμα
3248 3445 3340 3502 καὶ
3389 3444 3660 3522 διασύρων
3726 3447 3811 3511 εἷς

406 3543 540 3610 rati,
574 3545 676 3595 aut
706 3555 804 3595 eos
835 3553 1071 3593 cernere
1102 3552 1249 3606 quos
1277 3551 1450 3607 asper
1497 3534 1616 3599 ille,
1663 3533 2030 3604 implacabili:

2185 3539 2417 3611 ixpatciav
2483 3543 2588 3594 τῶν
2655 3542 2925 3614 γαμετῶν.
3019 3539 3289 3608 Ὁπηνίκα
3366 3535 3422 3594 δὲ
3501 3541 3638 3594 κατὰ
3702 3540 3809 3606 τὴν

403 3636 461 3688 et
486 3627 866 3686 inexorabilis
891 3625 1234 3681 trucidaret.
1261 3625 1405 3677 Nam
1431 3623 1582 3693 quod
1608 3621 1762 3676 Dcus
1782 3626 1838 3676 et
1877 3621 2027 3676 home

2188 3624 2542 3701 ιεγαλὸπολιν
2592 3628 2825 3701 γένοιτο,
2873 3631 2980 3680 τῶν
3027 3634 3128 3696 τῆς
3180 3625 3551 3701 Προποντίδος
3601 3648 3812 3706 τρυφη-

402 3719 671 3776 Christus
701 3714 972 3772 extremis
1004 3713 1367 3784 temporibus
1401 3711 1659 3766 futurum
1715 3725 1843 3765 esse
1883 3710 2026 3765 dixit

2183 3722 2272 3772 ιῶν
2340 3715 2566 3792 χωρίων
2623 3717 2712 3770 καὶ
2765 3722 3033 3790 περιττῶν
3101 3716 3526 3789 ἀπανιστάμενος
3579 3714 3807 3787 διαιτή-

399 3814 465 3864 ut
487 3807 643 3864 binis
670 3806 728 3860 in
753 3805 952 3861 eodem
978 3801 1123 3858 lecto
1148 3799 1504 3856 cubantibus
1531 3797 2023 3855 alterassumatur

2187 3827 2318 3873 ἐων,
2386 3805 2486 3860 οὐκ
2549 3807 2615 3874 ἦν
2685 3807 2760 3877 μή
2829 3802 3116 3883 ἀποφράδα
3178 3806 3448 3878 κρίνεσθαι
3511 3812 3613 3874 τήν
3676 3807 3811 3863 τότε

397 3897 543 3954 alter
568 3891 1022 3966 relinquatur,id
1045 3889 1291 3945 omnino
1315 3887 1432 3943 illis
1469 3887 1677 3944 diebus
1726 3887 2021 3942 accidebat

2181 3895 2390 3971 Hxépav'
2427 3893 2487 3949 ού
2543 3894 2644 3968 γὰρ
2695 3889 2762 3947 δι’
2805 3890 2935 3948 ἄλλ’
2979 3892 3112 3949 ἅττα
3159 3899 3407 3970 παρεῖναι
3448 3891 3616 3948 ἐδόκει
3648 3894 3684 3962 ἢ
3715 3895 3805 3958 ὡς

397 4002 528 4043 cum
561 3984 707 4040 alter
763 3983 1077 4052 conjugum
1137 3977 1212 4034 ad
1270 3993 1465 4049 pinnas
1520 3991 1760 4047 corpore
1798 3975 2021 4032 luenda:

2180 3984 2331 4045 ιύσων
2379 3982 2470 4038 καὶ
2528 3979 2813 4037 ἀπολέσων
2883 3981 3085 4036 ὁπόσον
3151 3982 3226 4043 ὡς
3293 3977 3582 4038 ἐπίϐουλον
3638 3980 3804 4037 ὑπω-

396 4075 592 4132 subito
624 4076 926 4143 raperetur
957 4069 1168 4140 (neque
1199 4066 1354 4121 enim
1391 4063 1736 4120 mulieribus
1767 4080 2020 4121 concess:

2181 4071 2399 4128 ιτεύετο.
2448 4071 2550 4128 Καὶ
2609 4072 2644 4138 ἡ
2693 4066 3040 4143 ’Δνδρονίκου
3078 4067 3348 4142 ἐπιδημία
3397 4077 3511 4133 τοῖς
3556 4068 3805 4132 πολλοῖς

395 4171 521 4221 erat
553 4161 873 4234 impunitas
909 4175 921 4213 :
955 4157 1097 4229 quin
1129 4161 1187 4211 et
1213 4155 1420 4210 harum
1456 4169 1568 4208 non
1623 4168 1817 4223 paucas
1861 4152 2019 4208 oculi:

2177 4161 2329 4234 ζημία
2386 4160 2478 4216 καὶ
2518 4158 2722 4232 ἀθυμία
2755 4157 2788 4228 ις
2821 4159 2909 4214 καὶ
2949 4164 3047 4215 τοῦ
3095 4161 3218 4235 βίὸυ
3265 4158 3497 4235 ἐκνημία
3551 4161 3644 4215 καὶ
3691 4167 3801 4216 πᾶν

396 4254 612 4310 orbata
643 4247 1197 4315 carcerem,famem,
1231 4243 1472 4299 verbera
1495 4241 1853 4312 tolerarunt),
1882 4248 2020 4313 pate

2179 4249 2294 4306 ἷλλο
2327 4272 2379 4305 τι
2422 4245 2650 4328 ἔσχατον
2696 4249 2861 4303 κακὸν
2915 4246 3341 4326 συλλελόγιστο,
3399 4247 3588 4320 ἐπειδή
3638 4269 3740 4323 περ
3774 4251 3803 4306 ὁ

390 4343 541 4397 ﬁlios
565 4339 902 4411 negligeret,
939 4334 1041 4391 lilii
1087 4339 1281 4406 patres
1339 4348 1455 4387 non
1518 4334 1837 4398 curarent;
1901 4332 1948 4385 si
1982 4331 2014 4384 i1

2179 4340 2283 4414 ινήρ
2315 4337 2442 4392 ὡσεὶ
2489 4337 2580 4392 καὶ
2629 4338 2894 4412 γρυμμήν
2945 4334 3372 4410 μονοδιάστατον
3419 4338 3510 4393 καὶ
3560 4344 3803 4412 μηκιζο-

387 4430 599 4486 iisdem
631 4428 856 4483 aedibus
900 4424 1063 4496 quini
1127 4427 1338 4490 essent,
1397 4420 1547 4476 terni
1608 4420 1764 4475 binis
1815 4424 1874 4475 et
1919 4419 2011 4475 bin

2179 4426 2288 4497 ιένη
2357 4426 2434 4487 είς
2475 4425 2538 4480 τὸ
2597 4423 2897 4479 λεπταλέον
2941 4425 3029 4480 καὶ
3080 4424 3318 4490 ἀπλατὲς
3360 4426 3415 4481 ἐν
3462 4431 3544 4498 τῷ
3589 4424 3803 4505 ἐδαφίῳ

392 4518 574 4573 ternis
604 4517 1074 4572 adversarentur.
1110 4511 1278 4567 Multi
1336 4509 1510 4566 etiam
1575 4507 1889 4564 Andronici
1929 4507 2016 4564 ira

2184 4523 2248 4586 ἧς
2281 4519 2468 4591 ψυχῆς
2503 4514 2744 4583 καθάπαξ
2802 4515 2902 4583 τήν
2963 4514 3256 4590 ὁξυχολίαν
3302 4516 3655 4590 προϋποθεὶς,
3702 4515 3802 4572 καί

391 4605 764 4671 cundiam,ut
791 4601 1210 4657 Sodomitieum
1246 4597 1792 4666 incendium,remis
1822 4602 1878 4652 et
1900 4597 2015 4653 velit

2172 4605 2281 4679 πρὸς
2355 4603 2556 4674 ταύτην
2630 4603 2771 4656 ἅπαν
2876 4602 3184 4658 ἀποστενῶν
3255 4605 3320 4658 τὸ
3395 4605 3796 4680 πραττόμενον,

390 4692 681 4765 fugientes
714 4705 885 4762 quam
921 4687 1261 4758 longissime
1292 4703 1326 4742 a
1367 4685 1556 4758 patria
1614 4685 1990 4742 discedebant

2173 4689 2385 4749 ιϐίωτον
2423 4690 2562 4764 ᾤετο
2598 4692 2703 4760 τὴν
2760 4691 2972 4766 ἡμέραν
3035 4693 3154 4757 καθ’
3219 4694 3285 4764 ἢν
3351 4694 3414 4749 οὐ
3480 4692 3797 4768 ξυνειλήφει

388 4784 491 4855 qui
520 4781 570 4837 si
600 4778 874 4836 exsilium
910 4791 1096 4846 usque
1125 4775 1194 4829 ad
1215 4773 1376 4828 illius
1399 4773 1618 4828 obitum
1645 4773 2011 4829 extendissen

2181 4785 2265 4838 ινᾶ
2293 4787 2401 4840 τῶν
2453 4781 2505 4838 ἐν
2557 4781 2874 4857 ὑπεροχαῖς,
2913 4783 2949 4850 ἤ
3001 4781 3243 4858 λύχνους
3291 4783 3390 4840 οὐκ
3442 4779 3619 4840 ἔσϐεσε
3675 4785 3797 4839 σώο

387 4870 582 4928 omnis
614 4868 750 4924 mali
780 4869 1042 4937 expertes
1069 4862 1546 4936 permansissent.
1578 4861 1743 4916 Nunc
1779 4862 1917 4918 dum
1955 4881 2011 4921 re

2167 4893 2340 4941 ιατος,
2381 4872 2416 4942 ἢ
2467 4867 2667 4941 ὁτουδή
2709 4890 2858 4934 τινος
2916 4868 2979 4925 ού
3034 4873 3315 4946 καθήψατο
3371 4871 3720 4947 φιλονείκως,
3753 4875 3791 4944 ἢ

384 4959 658 5017 familiari
691 4954 1026 5014 consultum
1061 4951 1403 5021 volunt,non
1427 4950 1662 5023 quidem
1697 4951 1753 5007 in
1777 4956 2008 5016 statuau

2175 4967 2274 5017 οὖν
2332 4959 2704 5033 ἐπιτιμητικῷ
2758 4958 3040 5034 βλέμματι
3087 4961 3178 5014 καὶ
3255 4963 3525 5034 Τιτανικῷ
3591 4956 3799 5036 ἐμϐρι-

385 5050 528 5107 salis
556 5053 695 5106 sunt
726 5044 953 5113 mutati,
991 5050 1054 5100 ut
1081 5042 1206 5099 Loti
1256 5057 1418 5106 uxor,
1479 5056 1667 5111 neque
1709 5040 1794 5096 sul
1844 5057 2008 5098 emor

2167 5052 2361 5122 ιήματι
2418 5049 2495 5122 μὴ
2551 5047 2800 5119 ἐξέστησε
2845 5051 2942 5103 τοῦ
2998 5055 3235 5126 φρονεῖν.
3291 5047 3630 5128 Παιδαγωγῷ
3682 5052 3791 5126 γὰρ

379 5143 549 5196 tuum
582 5139 914 5203 evaserunt,
948 5133 1049 5190 sed
1083 5131 1302 5204 alioqui
1334 5128 1550 5186 mentis
1594 5146 1786 5186 errore
1845 5131 2003 5188 ail'ect

2175 5135 2395 5216 μϐριθεῖ
2441 5137 2654 5206 ἐοικὼς,
2715 5138 2862 5210 θαμὰ
2911 5141 3019 5192 τῶν
3079 5138 3375 5213 μειρακίων
3433 5140 3791 5218 καταφέροντι

385 5229 536 5286 mala
561 5233 748 5284 morte
780 5225 1093 5298 perierunt.

2176 5230 2240 5298 ἢν
2303 5225 2597 5297 σκυτάλην,
2663 5223 2930 5300 εὐκαίρως
2985 5226 3224 5302 ἀκαίρως
3291 5226 3620 5298 ἐπέπληττεν
3677 5228 3799 5306 ἐφι-

383 5317 670 5387 στάμενος,
726 5313 816 5368 καὶ
875 5313 1012 5387 πρὸς
1067 5317 1242 5366 πᾶσαν
1301 5307 1469 5378 ἀκοήν
1527 5306 1710 5382 ἐκείνῳ
1765 5311 2063 5382 ἀνήδυντον
2120 5316 2486 5392 παρωξύνετο.
2557 5315 2944 5390 Κατηφιῶντες
3025 5312 3117 5370 οὖν
3191 5318 3242 5370 οἱ
3323 5316 3445 5373 τότε
3512 5315 3801 5390 ἄνθρωποι

378 5403 469 5456 καὶ
530 5403 919 5480 στυγνάζοντες
978 5395 1262 5457 ἐϐίωσκον.
1323 5393 1706 5460 Οὐδ’ὁῧπνος
1763 5399 2016 5479 δίφροντις
2071 5413 2188 5470 τοῖς
2245 5404 2483 5466 πολλοῖς
2541 5403 2630 5457 καὶ
2686 5399 2892 5458 ὀδυνῶν
2951 5400 3123 5473 ἀδαής
3175 5403 3264 5460 καὶ
3335 5405 3602 5479 μαλακὸς,
3661 5404 3805 5461 ἀλλ’

383 5488 692 5564 ὀφθαλμοῖς
758 5491 1020 5567 ἐφιζάνων
1087 5491 1273 5564 ἄκροις
1338 5486 1634 5564 ἀφίπτατο,
1701 5491 1790 5545 καὶ
1869 5491 2249 5570 διεψευσμένος
2315 5494 2382 5564 ἦν
2458 5493 2524 5548 τὰ
2619 5490 2806 5547 πολλὰ
2869 5491 2904 5562 ἥ
2975 5489 3305 5567 Ἀνδρονίκῳ
3367 5489 3806 5568 διασοϐούμενος

382 5571 510 5649 ὄναρ
567 5577 840 5639 πολλάκις
904 5577 1269 5657 ἐφισταμένῳ,
1309 5577 1342 5644 ἢ
1380 5575 1538 5638 ὅσους
1599 5578 1626 5631 ὁ
1681 5583 1890 5656 τραχὺς
1941 5584 2099 5649 οὗτος
2157 5585 2249 5640 καὶ
2300 5577 2684 5644 δυσεκϐίαστος
2747 5580 2836 5636 καὶ
2889 5581 3255 5655 ἀπαραίτητος
3312 5585 3412 5653 τήν
3467 5584 3635 5659 ὀργὴν
3693 5591 3805 5653 τῆς

383 5661 587 5724 οἰκείας
644 5665 908 5734 ἀπηνείας
980 5661 1130 5728 ἔθετο
1189 5665 1481 5739 πάρεργον.
1541 5666 1610 5723 Ὅ
1667 5667 1770 5741 γὰρ
1828 5667 1917 5726 ἰπὶ
1973 5671 2079 5728 τῶν
2135 5673 2382 5748 ἐσχάτων
2437 5665 2814 5744 συμϐήσεσθαι
2869 5673 3090 5746 ἡμερῶν
3143 5671 3171 5727 ὁ
3215 5674 3571 5745 Θεάνθρωπος
3610 5693 3808 5748 προη-
