  <div class='ocr_page' id='page_1' title='image "/cluster/home/n/w/nwhite01/storage/ocr_20150623/139/hvd.32044023361710/346.png"; bbox 0 0 4118 6200; ppageno 0'>
   <div class='ocr_carea' id='block_1_1' title="bbox 252 318 3670 436">
    <p class='ocr_par' dir='ltr' id='par_1_1' title="bbox 252 318 3670 436">
     <span class='ocr_line' id='line_1_1' title="bbox 252 318 3670 436; baseline 0 -2"><span class='ocrx_word' id='word_1_1' title='bbox 252 371 361 434; x_wconf 74' lang='grc'>681</span> <span class='ocrx_word' id='word_1_2' title='bbox 1278 318 1399 432; x_wconf 19' lang='lat' dir='ltr'>VDE</span> <span class='ocrx_word' id='word_1_3' title='bbox 1440 368 1888 432; x_wconf 76' lang='lat' dir='ltr'>ANDRONIGO</span> <span class='ocrx_word' id='word_1_4' title='bbox 1932 367 2315 430; x_wconf 70' lang='lat' dir='ltr'>COMNENO</span> <span class='ocrx_word' id='word_1_5' title='bbox 2362 367 2506 430; x_wconf 86' lang='lat' dir='ltr'><strong>LIB.</strong></span> <span class='ocrx_word' id='word_1_6' title='bbox 2554 369 2635 428; x_wconf 87' lang='lat' dir='ltr'>II.</span> <span class='ocrx_word' id='word_1_7' title='bbox 3550 374 3670 436; x_wconf 70' lang='lat'>682</span> 
     </span>
    </p>
   </div>
   <div class='ocr_carea' id='block_1_2' title="bbox 250 496 3671 581">
    <p class='ocr_par' dir='ltr' id='par_1_2' title="bbox 250 496 3671 581">
     <span class='ocr_line' id='line_1_2' title="bbox 250 496 3671 581; baseline 0.001 -23"><span class='ocrx_word' id='word_1_8' title='bbox 250 502 513 580; x_wconf 84' lang='grc' dir='ltr'>γόρευσε,</span> <span class='ocrx_word' id='word_1_9' title='bbox 536 498 795 570; x_wconf 85' lang='grc' dir='ltr'>δηλονότι</span> <span class='ocrx_word' id='word_1_10' title='bbox 820 524 847 555; x_wconf 77' lang='grc' dir='ltr'>ιι</span> <span class='ocrx_word' id='word_1_11' title='bbox 874 502 1127 559; x_wconf 84' lang='grc' dir='ltr'>Ἔσονται</span> <span class='ocrx_word' id='word_1_12' title='bbox 1181 503 1233 557; x_wconf 77' lang='grc' dir='ltr'>οἱ</span> <span class='ocrx_word' id='word_1_13' title='bbox 1265 499 1360 557; x_wconf 68' lang='grc' dir='ltr'>δύο</span> <span class='ocrx_word' id='word_1_14' title='bbox 1419 501 1506 557; x_wconf 72' lang='grc' dir='ltr'>ἐπὶ</span> <span class='ocrx_word' id='word_1_15' title='bbox 1563 499 1757 581; x_wconf 72' lang='grc' dir='ltr'>κλίνης</span> <span class='ocrx_word' id='word_1_16' title='bbox 1792 506 1938 574; x_wconf 75' lang='grc' dir='ltr'>μιᾶς,</span> <span class='ocrx_word' id='word_1_17' title='bbox 1980 502 2007 557; x_wconf 98' lang='lat'>6</span> <span class='ocrx_word' id='word_1_18' title='bbox 2042 502 2119 563; x_wconf 82' lang='grc' dir='ltr'>εἷς</span> <span class='ocrx_word' id='word_1_19' title='bbox 2172 496 2656 575; x_wconf 69' lang='grc' dir='ltr'>παραλαμϐάνεται</span> <span class='ocrx_word' id='word_1_20' title='bbox 2688 497 2776 556; x_wconf 76' lang='grc' dir='ltr'>καὶ</span> <span class='ocrx_word' id='word_1_21' title='bbox 2833 500 2860 554; x_wconf 86' lang='grc' dir='ltr'>ὁ</span> <span class='ocrx_word' id='word_1_22' title='bbox 2910 498 3098 576; x_wconf 68' lang='grc' dir='ltr'>’ἔτερος</span> <span class='ocrx_word' id='word_1_23' title='bbox 3126 499 3364 581; x_wconf 78' lang='grc' dir='ltr'>ἀφίεται,</span> <span class='ocrx_word' id='word_1_24' title='bbox 3421 528 3449 556; x_wconf 92' lang='grc'><strong>››</strong></span> <span class='ocrx_word' id='word_1_25' title='bbox 3507 510 3671 562; x_wconf 79' lang='grc' dir='ltr'>τοῦτο</span> 
     </span>
    </p>
   </div>
   <div class='ocr_carea' id='block_1_3' title="bbox 253 588 3676 667">
    <p class='ocr_par' dir='ltr' id='par_1_3' title="bbox 253 588 3676 667">
     <span class='ocr_line' id='line_1_3' title="bbox 253 588 3676 667; baseline 0.001 -20"><span class='ocrx_word' id='word_1_26' title='bbox 253 593 507 667; x_wconf 82' lang='grc' dir='ltr'>ἀτεχνῶς</span> <span class='ocrx_word' id='word_1_27' title='bbox 540 589 637 646; x_wconf 82' lang='grc' dir='ltr'>κάν</span> <span class='ocrx_word' id='word_1_28' title='bbox 688 595 809 653; x_wconf 87' lang='grc' dir='ltr'>ταῖς</span> <span class='ocrx_word' id='word_1_29' title='bbox 868 588 1100 666; x_wconf 81' lang='grc' dir='ltr'>ἡμέραις</span> <span class='ocrx_word' id='word_1_30' title='bbox 1148 592 1234 665; x_wconf 82' lang='grc' dir='ltr'>[Ρ.</span> <span class='ocrx_word' id='word_1_31' title='bbox 1295 593 1421 665; x_wconf 82' lang='grc'>208]</span> <span class='ocrx_word' id='word_1_32' title='bbox 1451 590 1677 655; x_wconf 84' lang='grc' dir='ltr'>ἐκείναις</span> <span class='ocrx_word' id='word_1_33' title='bbox 1706 589 1933 665; x_wconf 78' lang='grc' dir='ltr'>ἐγίνετο,</span> <span class='ocrx_word' id='word_1_34' title='bbox 1998 589 2116 651; x_wconf 73' lang='grc' dir='ltr'>ἑνός</span> <span class='ocrx_word' id='word_1_35' title='bbox 2168 610 2315 654; x_wconf 78' lang='grc' dir='ltr'>τινος</span> <span class='ocrx_word' id='word_1_36' title='bbox 2367 595 2476 646; x_wconf 79' lang='grc' dir='ltr'>τῶν</span> <span class='ocrx_word' id='word_1_37' title='bbox 2539 589 2799 645; x_wconf 80' lang='grc' dir='ltr'>συνεύνων</span> <span class='ocrx_word' id='word_1_38' title='bbox 2860 590 3080 662; x_wconf 75' lang='grc' dir='ltr'>ἐξάπινα</span> <span class='ocrx_word' id='word_1_39' title='bbox 3146 588 3676 667; x_wconf 72' lang='grc' dir='ltr'>συλλαμϐανομένου</span> 
     </span>
    </p>
   </div>
   <div class='ocr_carea' id='block_1_4' title="bbox 253 678 3676 757">
    <p class='ocr_par' dir='ltr' id='par_1_4' title="bbox 253 678 3676 757">
     <span class='ocr_line' id='line_1_4' title="bbox 253 678 3676 757; baseline 0.001 -20"><span class='ocrx_word' id='word_1_40' title='bbox 253 678 349 737; x_wconf 81' lang='grc' dir='ltr'>καὶ</span> <span class='ocrx_word' id='word_1_41' title='bbox 380 680 747 755; x_wconf 67' lang='grc' dir='ltr'>ἀπαγομένου</span> <span class='ocrx_word' id='word_1_42' title='bbox 777 679 914 755; x_wconf 83' lang='grc' dir='ltr'>πρὸς</span> <span class='ocrx_word' id='word_1_43' title='bbox 948 682 1263 753; x_wconf 69' lang='grc' dir='ltr'>σωματικήν</span> <span class='ocrx_word' id='word_1_44' title='bbox 1290 680 1549 740; x_wconf 65' lang='grc' dir='ltr'>κάκωσιν.</span> <span class='ocrx_word' id='word_1_45' title='bbox 1579 678 1716 739; x_wconf 71' lang='grc' dir='ltr'>Οὐδὲ</span> <span class='ocrx_word' id='word_1_46' title='bbox 1751 682 1852 757; x_wconf 80' lang='grc' dir='ltr'>γάρ</span> <span class='ocrx_word' id='word_1_47' title='bbox 1912 680 2003 735; x_wconf 83' lang='grc' dir='ltr'>καὶ</span> <span class='ocrx_word' id='word_1_48' title='bbox 2056 685 2303 755; x_wconf 88' lang='grc' dir='ltr'>γυναῖκες</span> <span class='ocrx_word' id='word_1_49' title='bbox 2359 679 2571 750; x_wconf 77' lang='grc' dir='ltr'>ἀπῆσαν</span> <span class='ocrx_word' id='word_1_50' title='bbox 2633 684 2729 736; x_wconf 78' lang='grc' dir='ltr'>τοῦ</span> <span class='ocrx_word' id='word_1_51' title='bbox 2790 681 2867 752; x_wconf 73' lang='grc' dir='ltr'>μὴ</span> <span class='ocrx_word' id='word_1_52' title='bbox 2902 679 3006 735; x_wconf 77' lang='grc' dir='ltr'>ὑπὸ</span> <span class='ocrx_word' id='word_1_53' title='bbox 3065 678 3225 753; x_wconf 78' lang='grc' dir='ltr'>δίκην</span> <span class='ocrx_word' id='word_1_54' title='bbox 3289 682 3503 738; x_wconf 77' lang='grc' dir='ltr'>πίπτειν</span> <span class='ocrx_word' id='word_1_55' title='bbox 3582 683 3676 739; x_wconf 82' lang='grc' dir='ltr'>καὶ</span> 
     </span>
    </p>
   </div>
   <div class='ocr_carea' id='block_1_5' title="bbox 255 766 3674 849">
    <p class='ocr_par' dir='ltr' id='par_1_5' title="bbox 255 766 3674 849">
     <span class='ocr_line' id='line_1_5' title="bbox 255 766 3674 849; baseline 0.001 -25"><span class='ocrx_word' id='word_1_56' title='bbox 255 770 327 824; x_wconf 76' lang='grc' dir='ltr'>τὰ</span> <span class='ocrx_word' id='word_1_57' title='bbox 408 768 718 824; x_wconf 83' lang='grc' dir='ltr'>ἀπευκταῖα</span> <span class='ocrx_word' id='word_1_58' title='bbox 803 769 1144 849; x_wconf 70' lang='grc' dir='ltr'>ὑφίστασθαι,</span> <span class='ocrx_word' id='word_1_59' title='bbox 1204 766 1349 825; x_wconf 84' lang='grc' dir='ltr'>ἀλλά</span> <span class='ocrx_word' id='word_1_60' title='bbox 1402 770 1494 826; x_wconf 86' lang='grc' dir='ltr'>καὶ</span> <span class='ocrx_word' id='word_1_61' title='bbox 1547 769 1754 825; x_wconf 70' lang='grc' dir='ltr'>τούτων</span> <span class='ocrx_word' id='word_1_62' title='bbox 1808 767 1907 823; x_wconf 70' lang='grc' dir='ltr'>οὐκ</span> <span class='ocrx_word' id='word_1_63' title='bbox 1966 767 2151 845; x_wconf 80' lang='grc' dir='ltr'>ὀλίγαι</span> <span class='ocrx_word' id='word_1_64' title='bbox 2214 769 2277 823; x_wconf 87' lang='grc' dir='ltr'>τὸ</span> <span class='ocrx_word' id='word_1_65' title='bbox 2332 772 2440 823; x_wconf 84' lang='grc' dir='ltr'>τῶν</span> <span class='ocrx_word' id='word_1_66' title='bbox 2507 768 2810 845; x_wconf 55' lang='grc' dir='ltr'>ὀφθαλμῶν</span> <span class='ocrx_word' id='word_1_67' title='bbox 2875 768 3165 825; x_wconf 83' lang='grc' dir='ltr'>ἀπώλεσαν</span> <span class='ocrx_word' id='word_1_68' title='bbox 3197 774 3310 845; x_wconf 66' lang='grc' dir='ltr'>φῶς</span> <span class='ocrx_word' id='word_1_69' title='bbox 3368 771 3459 826; x_wconf 79' lang='grc' dir='ltr'>καὶ</span> <span class='ocrx_word' id='word_1_70' title='bbox 3509 771 3674 846; x_wconf 87' lang='grc' dir='ltr'>λιμὸν</span> 
     </span>
    </p>
   </div>
   <div class='ocr_carea' id='block_1_6' title="bbox 257 855 3673 938">
    <p class='ocr_par' dir='ltr' id='par_1_6' title="bbox 257 855 3673 938">
     <span class='ocr_line' id='line_1_6' title="bbox 257 855 3673 938; baseline 0.001 -24"><span class='ocrx_word' id='word_1_71' title='bbox 257 858 355 914; x_wconf 86' lang='grc' dir='ltr'>καὶ</span> <span class='ocrx_word' id='word_1_72' title='bbox 416 858 654 936; x_wconf 75' lang='grc' dir='ltr'>φρουράν</span> <span class='ocrx_word' id='word_1_73' title='bbox 708 858 806 914; x_wconf 85' lang='grc' dir='ltr'>καὶ</span> <span class='ocrx_word' id='word_1_74' title='bbox 865 857 1155 932; x_wconf 69' lang='grc' dir='ltr'>αἰκισμοὺς</span> <span class='ocrx_word' id='word_1_75' title='bbox 1241 857 1543 930; x_wconf 68' lang='grc' dir='ltr'>ὑπέστησαν</span> <span class='ocrx_word' id='word_1_76' title='bbox 1595 860 1868 931; x_wconf 85' lang='grc' dir='ltr'>σώματος.</span> <span class='ocrx_word' id='word_1_77' title='bbox 1940 856 2038 911; x_wconf 72' lang='grc' dir='ltr'>Καὶ</span> <span class='ocrx_word' id='word_1_78' title='bbox 2121 858 2302 932; x_wconf 73' lang='grc' dir='ltr'>πατὴρ</span> <span class='ocrx_word' id='word_1_79' title='bbox 2370 855 2563 932; x_wconf 77' lang='grc' dir='ltr'>ἡλόγει</span> <span class='ocrx_word' id='word_1_80' title='bbox 2647 860 2870 927; x_wconf 73' lang='grc' dir='ltr'>τίκνων,</span> <span class='ocrx_word' id='word_1_81' title='bbox 2954 858 3046 913; x_wconf 84' lang='grc' dir='ltr'>καὶ</span> <span class='ocrx_word' id='word_1_82' title='bbox 3121 859 3257 921; x_wconf 70' lang='grc' dir='ltr'>υἱεῖς</span> <span class='ocrx_word' id='word_1_83' title='bbox 3344 859 3673 938; x_wconf 65' lang='grc' dir='ltr'>ὠλιγόρουν</span> 
     </span>
    </p>
   </div>
   <div class='ocr_carea' id='block_1_7' title="bbox 257 943 3678 1024">
    <p class='ocr_par' dir='ltr' id='par_1_7' title="bbox 257 943 3678 1024">
     <span class='ocr_line' id='line_1_7' title="bbox 257 943 3678 1024; baseline 0 -20"><span class='ocrx_word' id='word_1_84' title='bbox 257 948 488 1021; x_wconf 84' lang='grc' dir='ltr'>πατρός·</span> <span class='ocrx_word' id='word_1_85' title='bbox 520 948 610 1002; x_wconf 87' lang='grc' dir='ltr'>καὶ</span> <span class='ocrx_word' id='word_1_86' title='bbox 647 944 1020 1021; x_wconf 74' lang='grc' dir='ltr'>διεμερίζοντο</span> <span class='ocrx_word' id='word_1_87' title='bbox 1058 948 1212 1004; x_wconf 86' lang='grc' dir='ltr'>πὲντε</span> <span class='ocrx_word' id='word_1_88' title='bbox 1242 945 1294 1003; x_wconf 85' lang='grc' dir='ltr'>ἐν</span> <span class='ocrx_word' id='word_1_89' title='bbox 1321 945 1461 1022; x_wconf 74' lang='grc' dir='ltr'>οἷ’κῳ</span> <span class='ocrx_word' id='word_1_90' title='bbox 1490 948 1590 1020; x_wconf 80' lang='grc' dir='ltr'>ἐνὶ,</span> <span class='ocrx_word' id='word_1_91' title='bbox 1620 952 1767 1023; x_wconf 83' lang='grc' dir='ltr'>τρεῖς</span> <span class='ocrx_word' id='word_1_92' title='bbox 1798 945 1887 1002; x_wconf 76' lang='grc' dir='ltr'>ἐπὶ</span> <span class='ocrx_word' id='word_1_93' title='bbox 1945 943 2063 1001; x_wconf 85' lang='grc' dir='ltr'>δυσὶ</span> <span class='ocrx_word' id='word_1_94' title='bbox 2120 945 2212 1001; x_wconf 86' lang='grc' dir='ltr'>καὶ</span> <span class='ocrx_word' id='word_1_95' title='bbox 2272 944 2367 1001; x_wconf 75' lang='grc' dir='ltr'>δύο</span> <span class='ocrx_word' id='word_1_96' title='bbox 2424 946 2511 1001; x_wconf 81' lang='grc' dir='ltr'>ἐπὶ</span> <span class='ocrx_word' id='word_1_97' title='bbox 2567 948 2731 1022; x_wconf 85' lang='grc' dir='ltr'>τρισί.</span> <span class='ocrx_word' id='word_1_98' title='bbox 2768 945 2977 1003; x_wconf 83' lang='grc' dir='ltr'>Πολλοὶ</span> <span class='ocrx_word' id='word_1_99' title='bbox 3035 945 3093 1003; x_wconf 75' lang='grc' dir='ltr'>δὶ</span> <span class='ocrx_word' id='word_1_100' title='bbox 3148 949 3239 1004; x_wconf 79' lang='grc' dir='ltr'>καὶ</span> <span class='ocrx_word' id='word_1_101' title='bbox 3298 948 3372 1012; x_wconf 87' lang='grc' dir='ltr'>ὠς</span> <span class='ocrx_word' id='word_1_102' title='bbox 3432 948 3678 1024; x_wconf 61' lang='grc' dir='ltr'>Σοδομι-</span> 
     </span>
    </p>
   </div>
   <div class='ocr_carea' id='block_1_8' title="bbox 256 1033 3666 1118">
    <p class='ocr_par' dir='ltr' id='par_1_8' title="bbox 256 1033 3666 1118">
     <span class='ocr_line' id='line_1_8' title="bbox 256 1033 3666 1118; baseline 0 -24"><span class='ocrx_word' id='word_1_103' title='bbox 256 1038 411 1094; x_wconf 83' lang='grc' dir='ltr'>τικὸν</span> <span class='ocrx_word' id='word_1_104' title='bbox 468 1035 804 1112; x_wconf 73' lang='grc' dir='ltr'>ἰμπρησμὸν</span> <span class='ocrx_word' id='word_1_105' title='bbox 867 1037 959 1091; x_wconf 82' lang='grc' dir='ltr'>τὸν</span> <span class='ocrx_word' id='word_1_106' title='bbox 1013 1040 1111 1093; x_wconf 76' lang='grc' dir='ltr'>τοῦ</span> <span class='ocrx_word' id='word_1_107' title='bbox 1168 1035 1517 1113; x_wconf 75' lang='grc' dir='ltr'>Ἀνδρονίκου</span> <span class='ocrx_word' id='word_1_108' title='bbox 1566 1036 1735 1111; x_wconf 74' lang='grc' dir='ltr'>θυμὸν</span> <span class='ocrx_word' id='word_1_109' title='bbox 1795 1035 2179 1111; x_wconf 69' lang='grc' dir='ltr'>ἰκτρεπὸμενοι</span> <span class='ocrx_word' id='word_1_110' title='bbox 2232 1033 2466 1114; x_wconf 75' lang='grc' dir='ltr'>φυγάδες</span> <span class='ocrx_word' id='word_1_111' title='bbox 2525 1035 2641 1109; x_wconf 77' lang='grc' dir='ltr'>ὅλῳ</span> <span class='ocrx_word' id='word_1_112' title='bbox 2699 1034 2823 1092; x_wconf 89' lang='grc' dir='ltr'>ποδὶ</span> <span class='ocrx_word' id='word_1_113' title='bbox 2910 1044 3008 1107; x_wconf 80' lang='grc' dir='ltr'>τῆς</span> <span class='ocrx_word' id='word_1_114' title='bbox 3064 1035 3325 1113; x_wconf 83' lang='grc' dir='ltr'>πατρίδος</span> <span class='ocrx_word' id='word_1_115' title='bbox 3384 1038 3666 1118; x_wconf 85' lang='grc' dir='ltr'>γεγόνασιν</span> 
     </span>
    </p>
   </div>
   <div class='ocr_carea' id='block_1_9' title="bbox 269 1121 3670 1209">
    <p class='ocr_par' dir='ltr' id='par_1_9' title="bbox 269 1121 3670 1209">
     <span class='ocr_line' id='line_1_9' title="bbox 269 1121 3670 1209; baseline 0.001 -26"><span class='ocrx_word' id='word_1_116' title='bbox 269 1126 363 1183; x_wconf 83' lang='grc' dir='ltr'>καὶ</span> <span class='ocrx_word' id='word_1_117' title='bbox 393 1131 513 1188; x_wconf 69' lang='grc' dir='ltr'>τοῖς</span> <span class='ocrx_word' id='word_1_118' title='bbox 545 1124 605 1181; x_wconf 80' lang='grc' dir='ltr'>ἐκ</span> <span class='ocrx_word' id='word_1_119' title='bbox 641 1124 898 1202; x_wconf 85' lang='grc' dir='ltr'>γειτόνων</span> <span class='ocrx_word' id='word_1_120' title='bbox 929 1126 1228 1200; x_wconf 82' lang='grc' dir='ltr'>Ῥωμαίοις</span> <span class='ocrx_word' id='word_1_121' title='bbox 1282 1121 1651 1203; x_wconf 76' lang='grc' dir='ltr'>παρενὲϐαλον</span> <span class='ocrx_word' id='word_1_122' title='bbox 1684 1123 1909 1209; x_wconf 70' lang='grc' dir='ltr'>ἔθνεσιν,</span> <span class='ocrx_word' id='word_1_123' title='bbox 1963 1121 2014 1179; x_wconf 73' lang='grc' dir='ltr'>οἵ</span> <span class='ocrx_word' id='word_1_124' title='bbox 2069 1122 2160 1179; x_wconf 84' lang='grc' dir='ltr'>καὶ</span> <span class='ocrx_word' id='word_1_125' title='bbox 2195 1125 2344 1199; x_wconf 73' lang='grc' dir='ltr'>εἶχον</span> <span class='ocrx_word' id='word_1_126' title='bbox 2399 1123 2458 1180; x_wconf 76' lang='grc' dir='ltr'>ἄν</span> <span class='ocrx_word' id='word_1_127' title='bbox 2500 1125 2721 1188; x_wconf 69' lang='grc' dir='ltr'>ὶαυτοὺς</span> <span class='ocrx_word' id='word_1_128' title='bbox 2767 1126 3165 1192; x_wconf 68' lang='grc' dir='ltr'>ἀπειθεστάτους</span> <span class='ocrx_word' id='word_1_129' title='bbox 3217 1132 3414 1200; x_wconf 87' lang='grc' dir='ltr'>κακῶν,</span> <span class='ocrx_word' id='word_1_130' title='bbox 3474 1129 3519 1183; x_wconf 84' lang='grc' dir='ltr'>εί</span> <span class='ocrx_word' id='word_1_131' title='bbox 3570 1132 3670 1201; x_wconf 81' lang='grc' dir='ltr'>τήν</span> 
     </span>
    </p>
   </div>
   <div class='ocr_carea' id='block_1_10' title="bbox 270 1212 3667 1296">
    <p class='ocr_par' dir='ltr' id='par_1_10' title="bbox 270 1212 3667 1296">
     <span class='ocr_line' id='line_1_10' title="bbox 270 1212 3667 1296; baseline 0.001 -23"><span class='ocrx_word' id='word_1_132' title='bbox 270 1219 550 1296; x_wconf 75' lang='grc' dir='ltr'>φυγὴντῆ</span> <span class='ocrx_word' id='word_1_133' title='bbox 584 1212 930 1293; x_wconf 78' lang='grc' dir='ltr'>Ἀνδρονίκου</span> <span class='ocrx_word' id='word_1_134' title='bbox 964 1220 1078 1292; x_wconf 81' lang='grc' dir='ltr'>ζωῇ</span> <span class='ocrx_word' id='word_1_135' title='bbox 1123 1218 1547 1294; x_wconf 78' lang='grc' dir='ltr'>συνεμέτρησαν.</span> <span class='ocrx_word' id='word_1_136' title='bbox 1590 1219 1698 1274; x_wconf 79' lang='grc' dir='ltr'>Νῦν</span> <span class='ocrx_word' id='word_1_137' title='bbox 1769 1213 1828 1270; x_wconf 72' lang='grc' dir='ltr'>δὲ</span> <span class='ocrx_word' id='word_1_138' title='bbox 1879 1218 1985 1269; x_wconf 88' lang='grc' dir='ltr'>τῶν</span> <span class='ocrx_word' id='word_1_139' title='bbox 2041 1216 2158 1269; x_wconf 88' lang='grc' dir='ltr'>κατ’</span> <span class='ocrx_word' id='word_1_140' title='bbox 2215 1215 2365 1271; x_wconf 78' lang='grc' dir='ltr'>οἷκον</span> <span class='ocrx_word' id='word_1_141' title='bbox 2426 1216 2885 1291; x_wconf 65' lang='grc' dir='ltr'>μεταποιούμενοι</span> <span class='ocrx_word' id='word_1_142' title='bbox 2944 1218 3019 1280; x_wconf 86' lang='grc' dir='ltr'>είς</span> <span class='ocrx_word' id='word_1_143' title='bbox 3078 1218 3288 1290; x_wconf 78' lang='grc' dir='ltr'>στήλην</span> <span class='ocrx_word' id='word_1_144' title='bbox 3376 1220 3469 1293; x_wconf 75' lang='grc' dir='ltr'>μὲν</span> <span class='ocrx_word' id='word_1_145' title='bbox 3536 1219 3667 1283; x_wconf 87' lang='grc' dir='ltr'>ἁλὸς</span> 
     </span>
    </p>
   </div>
   <div class='ocr_carea' id='block_1_11' title="bbox 256 1302 3669 1387">
    <p class='ocr_par' dir='ltr' id='par_1_11' title="bbox 256 1302 3669 1387">
     <span class='ocr_line' id='line_1_11' title="bbox 256 1302 3669 1387; baseline 0.001 -25"><span class='ocrx_word' id='word_1_146' title='bbox 256 1309 401 1363; x_wconf 84' lang='grc' dir='ltr'>κατά</span> <span class='ocrx_word' id='word_1_147' title='bbox 431 1308 533 1377; x_wconf 73' lang='grc' dir='ltr'>τὴν</span> <span class='ocrx_word' id='word_1_148' title='bbox 562 1310 793 1382; x_wconf 82' lang='grc' dir='ltr'>γυναῖκα</span> <span class='ocrx_word' id='word_1_149' title='bbox 827 1307 956 1363; x_wconf 87' lang='grc' dir='ltr'>Λὼτ</span> <span class='ocrx_word' id='word_1_150' title='bbox 993 1306 1096 1362; x_wconf 83' lang='grc' dir='ltr'>οὐκ</span> <span class='ocrx_word' id='word_1_151' title='bbox 1120 1304 1423 1382; x_wconf 72' lang='grc' dir='ltr'>ἓπάγησαν,</span> <span class='ocrx_word' id='word_1_152' title='bbox 1451 1304 1576 1362; x_wconf 79' lang='grc' dir='ltr'>οὐδὲ</span> <span class='ocrx_word' id='word_1_153' title='bbox 1605 1305 1791 1382; x_wconf 76' lang='grc' dir='ltr'>νεκρὸς</span> <span class='ocrx_word' id='word_1_154' title='bbox 1823 1302 2151 1381; x_wconf 68' lang='grc' dir='ltr'>ἐγεγόνεισαν</span> <span class='ocrx_word' id='word_1_155' title='bbox 2183 1303 2301 1375; x_wconf 77' lang='grc' dir='ltr'>ἄλς,</span> <span class='ocrx_word' id='word_1_156' title='bbox 2357 1302 2545 1368; x_wconf 71' lang='grc' dir='ltr'>ἄλλως</span> <span class='ocrx_word' id='word_1_157' title='bbox 2605 1302 2662 1361; x_wconf 72' lang='grc' dir='ltr'>δὲ</span> <span class='ocrx_word' id='word_1_158' title='bbox 2694 1304 3058 1382; x_wconf 77' lang='grc' dir='ltr'>μωρανοέντες</span> <span class='ocrx_word' id='word_1_159' title='bbox 3085 1308 3147 1363; x_wconf 89' lang='grc' dir='ltr'>τὸ</span> <span class='ocrx_word' id='word_1_160' title='bbox 3180 1311 3275 1383; x_wconf 78' lang='grc' dir='ltr'>ζῇν</span> <span class='ocrx_word' id='word_1_161' title='bbox 3307 1308 3669 1387; x_wconf 73' lang='grc' dir='ltr'>κατέστρεψαν</span> 
     </span>
    </p>
   </div>
   <div class='ocr_carea' id='block_1_12' title="bbox 255 1401 465 1459">
    <p class='ocr_par' dir='ltr' id='par_1_12' title="bbox 255 1401 465 1459">
     <span class='ocr_line' id='line_1_12' title="bbox 255 1401 465 1459; baseline 0.005 -7"><span class='ocrx_word' id='word_1_162' title='bbox 255 1401 412 1452; x_wconf 83' lang='grc' dir='ltr'>κακᾶ</span> <span class='ocrx_word' id='word_1_163' title='bbox 422 1418 465 1459; x_wconf 90' lang='grc' dir='ltr'>ς.</span> 
     </span>
    </p>
   </div>
   <div class='ocr_carea' id='block_1_13' title="bbox 334 1480 1921 1564">
    <p class='ocr_par' dir='ltr' id='par_1_13' title="bbox 334 1480 1909 1564">
     <span class='ocr_line' id='line_1_13' title="bbox 334 1480 1909 1564; baseline 0.006 -26"><span class='ocrx_word' id='word_1_164' title='bbox 334 1488 406 1563; x_wconf 82' lang='grc' dir='ltr'>γ’.</span> <span class='ocrx_word' id='word_1_165' title='bbox 466 1484 621 1544; x_wconf 69' lang='grc' dir='ltr'>Οὕτω</span> <span class='ocrx_word' id='word_1_166' title='bbox 674 1482 721 1540; x_wconf 90' lang='grc' dir='ltr'>δ’</span> <span class='ocrx_word' id='word_1_167' title='bbox 777 1482 1141 1561; x_wconf 76' lang='grc' dir='ltr'>ὀργιλότητος</span> <span class='ocrx_word' id='word_1_168' title='bbox 1195 1480 1341 1564; x_wconf 74' lang='grc' dir='ltr'>ἔχων</span> <span class='ocrx_word' id='word_1_169' title='bbox 1388 1482 1761 1558; x_wconf 71' lang='grc' dir='ltr'>Ἀνδρόνικος,</span> <span class='ocrx_word' id='word_1_170' title='bbox 1820 1482 1909 1537; x_wconf 68' lang='grc' dir='ltr'>καὶ</span> 
     </span>
    </p>
   </div>
   <div class='ocr_carea' id='block_1_14' title="bbox 2028 1480 3673 1564">
    <p class='ocr_par' dir='ltr' id='par_1_14' title="bbox 2097 1485 3673 1547">
     <span class='ocr_line' id='line_1_14' title="bbox 2097 1485 3673 1547; baseline 0.004 -7"><span class='ocrx_word' id='word_1_171' title='bbox 2097 1485 2244 1542; x_wconf 67' lang='grc'>421</span> <span class='ocrx_word' id='word_1_172' title='bbox 2283 1486 2336 1542; x_wconf 89' lang='grc'>3.</span> <span class='ocrx_word' id='word_1_173' title='bbox 2396 1485 2520 1543; x_wconf 84' lang='lat' dir='ltr'><strong>Etsi</strong></span> <span class='ocrx_word' id='word_1_174' title='bbox 2573 1490 2771 1543; x_wconf 90' lang='lat' dir='ltr'><strong>autem</strong></span> <span class='ocrx_word' id='word_1_175' title='bbox 2822 1488 3194 1546; x_wconf 84' lang='lat' dir='ltr'>Andronicus</span> <span class='ocrx_word' id='word_1_176' title='bbox 3252 1491 3395 1547; x_wconf 88' lang='lat' dir='ltr'><strong>adeo</strong></span> <span class='ocrx_word' id='word_1_177' title='bbox 3445 1491 3673 1547; x_wconf 88' lang='lat' dir='ltr'><strong>iracun-</strong></span> 
     </span>
    </p>
   </div>
   <div class='ocr_carea' id='block_1_15' title="bbox 254 1572 1923 1651">
    <p class='ocr_par' dir='ltr' id='par_1_15' title="bbox 254 1572 1923 1651">
     <span class='ocr_line' id='line_1_15' title="bbox 254 1572 1923 1651; baseline -0.002 -20"><span class='ocrx_word' id='word_1_178' title='bbox 254 1575 444 1651; x_wconf 79' lang='grc' dir='ltr'>τραχὺ</span> <span class='ocrx_word' id='word_1_179' title='bbox 483 1575 569 1630; x_wconf 85' lang='grc' dir='ltr'>καὶ</span> <span class='ocrx_word' id='word_1_180' title='bbox 607 1572 851 1649; x_wconf 80' lang='grc' dir='ltr'>σκληρὸν</span> <span class='ocrx_word' id='word_1_181' title='bbox 915 1574 977 1629; x_wconf 86' lang='grc' dir='ltr'>τὸ</span> <span class='ocrx_word' id='word_1_182' title='bbox 1016 1576 1147 1643; x_wconf 72' lang='grc' dir='ltr'>ἦθος</span> <span class='ocrx_word' id='word_1_183' title='bbox 1211 1575 1425 1651; x_wconf 73' lang='grc' dir='ltr'>αὐχῶν,</span> <span class='ocrx_word' id='word_1_184' title='bbox 1467 1574 1556 1629; x_wconf 83' lang='grc' dir='ltr'>καὶ</span> <span class='ocrx_word' id='word_1_185' title='bbox 1596 1573 1923 1648; x_wconf 79' lang='grc' dir='ltr'>ἀμετάϐετος</span> 
     </span>
    </p>
   </div>
   <div class='ocr_carea' id='block_1_16' title="bbox 251 1660 1923 1735">
    <p class='ocr_par' dir='ltr' id='par_1_16' title="bbox 251 1660 1923 1735">
     <span class='ocr_line' id='line_1_16' title="bbox 251 1660 1923 1735; baseline -0.002 -15"><span class='ocrx_word' id='word_1_186' title='bbox 251 1666 350 1721; x_wconf 80' lang='grc' dir='ltr'>τὸν</span> <span class='ocrx_word' id='word_1_187' title='bbox 387 1664 451 1719; x_wconf 86' lang='grc' dir='ltr'>τὸ</span> <span class='ocrx_word' id='word_1_188' title='bbox 473 1660 748 1734; x_wconf 72' lang='grc' dir='ltr'>κολάζειν,</span> <span class='ocrx_word' id='word_1_189' title='bbox 782 1661 871 1717; x_wconf 75' lang='grc' dir='ltr'>καὶ</span> <span class='ocrx_word' id='word_1_190' title='bbox 904 1662 1114 1731; x_wconf 86' lang='grc' dir='ltr'>παίζων</span> <span class='ocrx_word' id='word_1_191' title='bbox 1170 1660 1224 1716; x_wconf 76' lang='grc' dir='ltr'>ἐν</span> <span class='ocrx_word' id='word_1_192' title='bbox 1275 1661 1390 1725; x_wconf 58' lang='grc' dir='ltr'>ταῖς</span> <span class='ocrx_word' id='word_1_193' title='bbox 1422 1667 1530 1717; x_wconf 80' lang='grc' dir='ltr'>τῶν</span> <span class='ocrx_word' id='word_1_194' title='bbox 1576 1662 1747 1723; x_wconf 78' lang='grc' dir='ltr'>πέλας</span> <span class='ocrx_word' id='word_1_195' title='bbox 1780 1683 1923 1735; x_wconf 86' lang='grc' dir='ltr'>συμ-</span> 
     </span>
    </p>
   </div>
   <div class='ocr_carea' id='block_1_17' title="bbox 254 1747 1923 1833">
    <p class='ocr_par' dir='ltr' id='par_1_17' title="bbox 254 1747 1923 1833">
     <span class='ocr_line' id='line_1_17' title="bbox 254 1747 1923 1833; baseline -0.002 -25"><span class='ocrx_word' id='word_1_196' title='bbox 254 1757 455 1833; x_wconf 67' lang='grc' dir='ltr'>φοραῖς</span> <span class='ocrx_word' id='word_1_197' title='bbox 485 1752 577 1807; x_wconf 77' lang='grc' dir='ltr'>καὶ</span> <span class='ocrx_word' id='word_1_198' title='bbox 635 1750 929 1823; x_wconf 84' lang='grc' dir='ltr'>κακώσεσι,</span> <span class='ocrx_word' id='word_1_199' title='bbox 988 1755 1094 1805; x_wconf 89' lang='grc' dir='ltr'>τῶν</span> <span class='ocrx_word' id='word_1_200' title='bbox 1153 1749 1341 1806; x_wconf 74' lang='grc' dir='ltr'>ἄλλων</span> <span class='ocrx_word' id='word_1_201' title='bbox 1386 1772 1445 1806; x_wconf 89' lang='grc' dir='ltr'>τε</span> <span class='ocrx_word' id='word_1_202' title='bbox 1500 1756 1618 1813; x_wconf 84' lang='grc' dir='ltr'>ταῖς</span> <span class='ocrx_word' id='word_1_203' title='bbox 1672 1747 1923 1824; x_wconf 80' lang='grc' dir='ltr'>καθαιρέ-</span> 
     </span>
    </p>
   </div>
   <div class='ocr_carea' id='block_1_18' title="bbox 258 1837 1922 1916">
    <p class='ocr_par' dir='ltr' id='par_1_18' title="bbox 258 1837 1922 1916">
     <span class='ocr_line' id='line_1_18' title="bbox 258 1837 1922 1916; baseline -0.003 -18"><span class='ocrx_word' id='word_1_204' title='bbox 258 1863 375 1898; x_wconf 85' lang='grc' dir='ltr'>σεσι</span> <span class='ocrx_word' id='word_1_205' title='bbox 407 1844 507 1913; x_wconf 74' lang='grc' dir='ltr'>τήν</span> <span class='ocrx_word' id='word_1_206' title='bbox 543 1837 688 1897; x_wconf 71' lang='grc' dir='ltr'>ἰδίαν</span> <span class='ocrx_word' id='word_1_207' title='bbox 750 1839 1106 1916; x_wconf 73' lang='grc' dir='ltr'>ἐπιτειχίζειν</span> <span class='ocrx_word' id='word_1_208' title='bbox 1173 1837 1412 1913; x_wconf 79' lang='grc' dir='ltr'>δοξάζων</span> <span class='ocrx_word' id='word_1_209' title='bbox 1453 1840 1631 1915; x_wconf 75' lang='grc' dir='ltr'>ἀρχὴν</span> <span class='ocrx_word' id='word_1_210' title='bbox 1690 1838 1779 1895; x_wconf 84' lang='grc' dir='ltr'>καὶ</span> <span class='ocrx_word' id='word_1_211' title='bbox 1807 1843 1922 1900; x_wconf 86' lang='grc' dir='ltr'>τοῖς</span> 
     </span>
    </p>
   </div>
   <div class='ocr_carea' id='block_1_19' title="bbox 257 1926 1920 2004">
    <p class='ocr_par' dir='ltr' id='par_1_19' title="bbox 257 1926 1920 2004">
     <span class='ocr_line' id='line_1_19' title="bbox 257 1926 1920 2004; baseline -0.004 -17"><span class='ocrx_word' id='word_1_212' title='bbox 257 1933 458 1987; x_wconf 67' lang='grc' dir='ltr'>ἑαυτοῦ</span> <span class='ocrx_word' id='word_1_213' title='bbox 515 1929 699 1986; x_wconf 77' lang='grc' dir='ltr'>παισῖν</span> <span class='ocrx_word' id='word_1_214' title='bbox 754 1928 1128 2004; x_wconf 73' lang='grc' dir='ltr'>ἐπικρατῦνειν</span> <span class='ocrx_word' id='word_1_215' title='bbox 1188 1931 1289 1999; x_wconf 70' lang='grc' dir='ltr'>τήν</span> <span class='ocrx_word' id='word_1_216' title='bbox 1352 1927 1652 2003; x_wconf 78' lang='grc' dir='ltr'>βασιλείαν,</span> <span class='ocrx_word' id='word_1_217' title='bbox 1711 1926 1801 1983; x_wconf 82' lang='grc' dir='ltr'>καὶ</span> <span class='ocrx_word' id='word_1_218' title='bbox 1858 1928 1920 1983; x_wconf 89' lang='grc' dir='ltr'>τὸ</span> 
     </span>
    </p>
   </div>
   <div class='ocr_carea' id='block_1_20' title="bbox 257 2016 1918 2098">
    <p class='ocr_par' dir='ltr' id='par_1_20' title="bbox 257 2016 1918 2098">
     <span class='ocr_line' id='line_1_20' title="bbox 257 2016 1918 2098; baseline -0.004 -21"><span class='ocrx_word' id='word_1_219' title='bbox 257 2028 364 2090; x_wconf 74' lang='grc' dir='ltr'>τῆς</span> <span class='ocrx_word' id='word_1_220' title='bbox 395 2024 581 2098; x_wconf 80' lang='grc' dir='ltr'>ψυχῆς</span> <span class='ocrx_word' id='word_1_221' title='bbox 608 2017 848 2075; x_wconf 70' lang='grc' dir='ltr'>ἐντεῦθεν</span> <span class='ocrx_word' id='word_1_222' title='bbox 880 2016 1052 2088; x_wconf 71' lang='grc' dir='ltr'>αὔξων</span> <span class='ocrx_word' id='word_1_223' title='bbox 1101 2016 1391 2091; x_wconf 82' lang='grc' dir='ltr'>ἡδόμενον,</span> <span class='ocrx_word' id='word_1_224' title='bbox 1443 2016 1597 2091; x_wconf 75' lang='grc' dir='ltr'>ὅμως</span> <span class='ocrx_word' id='word_1_225' title='bbox 1664 2016 1918 2092; x_wconf 68' lang='grc' dir='ltr'>καῖίάγα-</span> 
     </span>
    </p>
   </div>
   <div class='ocr_carea' id='block_1_21' title="bbox 261 2106 1920 2188">
    <p class='ocr_par' dir='ltr' id='par_1_21' title="bbox 261 2106 1920 2188">
     <span class='ocr_line' id='line_1_21' title="bbox 261 2106 1920 2188; baseline -0.002 -25"><span class='ocrx_word' id='word_1_226' title='bbox 261 2112 374 2165; x_wconf 85' lang='grc' dir='ltr'>Θῶν</span> <span class='ocrx_word' id='word_1_227' title='bbox 420 2114 674 2188; x_wconf 80' lang='grc' dir='ltr'>μετεῖχεν</span> <span class='ocrx_word' id='word_1_228' title='bbox 732 2107 831 2163; x_wconf 71' lang='grc' dir='ltr'>οὐκ</span> <span class='ocrx_word' id='word_1_229' title='bbox 886 2106 1091 2184; x_wconf 79' lang='grc' dir='ltr'>ὀλίγων</span> <span class='ocrx_word' id='word_1_230' title='bbox 1149 2108 1415 2185; x_wconf 72' lang='grc' dir='ltr'>πράξεων,</span> <span class='ocrx_word' id='word_1_231' title='bbox 1469 2108 1560 2161; x_wconf 78' lang='grc' dir='ltr'>καὶ</span> <span class='ocrx_word' id='word_1_232' title='bbox 1616 2106 1678 2161; x_wconf 77' lang='grc' dir='ltr'>οὗ</span> <span class='ocrx_word' id='word_1_233' title='bbox 1719 2106 1920 2161; x_wconf 78' lang='grc' dir='ltr'>παντά-</span> 
     </span>
    </p>
   </div>
   <div class='ocr_carea' id='block_1_22' title="bbox 253 2192 1919 2272">
    <p class='ocr_par' dir='ltr' id='par_1_22' title="bbox 253 2192 1919 2272">
     <span class='ocr_line' id='line_1_22' title="bbox 253 2192 1919 2272; baseline -0.003 -18"><span class='ocrx_word' id='word_1_234' title='bbox 253 2220 389 2255; x_wconf 84' lang='grc' dir='ltr'>πασι</span> <span class='ocrx_word' id='word_1_235' title='bbox 444 2194 721 2269; x_wconf 73' lang='grc' dir='ltr'>δήπουθεν</span> <span class='ocrx_word' id='word_1_236' title='bbox 768 2198 905 2272; x_wconf 85' lang='grc' dir='ltr'>πρὸς</span> <span class='ocrx_word' id='word_1_237' title='bbox 944 2198 1043 2265; x_wconf 73' lang='grc' dir='ltr'>τὴν</span> <span class='ocrx_word' id='word_1_238' title='bbox 1097 2193 1334 2251; x_wconf 80' lang='grc' dir='ltr'>ἐναντίαν</span> <span class='ocrx_word' id='word_1_239' title='bbox 1390 2194 1726 2251; x_wconf 64' lang='grc' dir='ltr'>ἀπονενευκει</span> <span class='ocrx_word' id='word_1_240' title='bbox 1791 2192 1919 2249; x_wconf 78' lang='grc' dir='ltr'>δια-</span> 
     </span>
    </p>
   </div>
   <div class='ocr_carea' id='block_1_23' title="bbox 250 2281 1919 2360">
    <p class='ocr_par' dir='ltr' id='par_1_23' title="bbox 250 2281 1919 2360">
     <span class='ocr_line' id='line_1_23' title="bbox 250 2281 1919 2360; baseline -0.004 -16"><span class='ocrx_word' id='word_1_241' title='bbox 250 2291 419 2359; x_wconf 78' lang='grc' dir='ltr'>θεσιν,</span> <span class='ocrx_word' id='word_1_242' title='bbox 484 2281 841 2358; x_wconf 73' lang='grc' dir='ltr'>σκηνοϐατῶν</span> <span class='ocrx_word' id='word_1_243' title='bbox 916 2285 982 2340; x_wconf 86' lang='grc' dir='ltr'>τά</span> <span class='ocrx_word' id='word_1_244' title='bbox 1048 2284 1296 2360; x_wconf 74' lang='grc' dir='ltr'>ὀλέθρια,</span> <span class='ocrx_word' id='word_1_245' title='bbox 1346 2283 1473 2340; x_wconf 86' lang='grc' dir='ltr'>ἀλλ’</span> <span class='ocrx_word' id='word_1_246' title='bbox 1530 2284 1595 2353; x_wconf 74' lang='grc' dir='ltr'>ἦν</span> <span class='ocrx_word' id='word_1_247' title='bbox 1655 2284 1730 2346; x_wconf 81' lang='grc' dir='ltr'>ὡς</span> <span class='ocrx_word' id='word_1_248' title='bbox 1812 2282 1919 2338; x_wconf 82' lang='grc' dir='ltr'>ἀπὸ</span> 
     </span>
    </p>
   </div>
   <div class='ocr_carea' id='block_1_24' title="bbox 248 2374 1919 2459">
    <p class='ocr_par' dir='ltr' id='par_1_24' title="bbox 248 2374 1919 2459">
     <span class='ocr_line' id='line_1_24' title="bbox 248 2374 1919 2459; baseline -0.004 -25"><span class='ocrx_word' id='word_1_249' title='bbox 248 2374 440 2459; x_wconf 74' lang='grc' dir='ltr'>ὄφεως</span> <span class='ocrx_word' id='word_1_250' title='bbox 490 2381 706 2452; x_wconf 80' lang='grc' dir='ltr'>σαρκῶν</span> <span class='ocrx_word' id='word_1_251' title='bbox 763 2374 971 2431; x_wconf 73' lang='grc' dir='ltr'>ἐκείνου</span> <span class='ocrx_word' id='word_1_252' title='bbox 1028 2374 1321 2430; x_wconf 80' lang='grc' dir='ltr'>πανάκειαν</span> <span class='ocrx_word' id='word_1_253' title='bbox 1382 2374 1714 2446; x_wconf 66' lang='grc' dir='ltr'>θηριάσασθαι</span> <span class='ocrx_word' id='word_1_254' title='bbox 1766 2393 1919 2448; x_wconf 81' lang='grc' dir='ltr'>περι-</span> 
     </span>
    </p>
   </div>
   <div class='ocr_carea' id='block_1_25' title="bbox 251 2458 1919 2543">
    <p class='ocr_par' dir='ltr' id='par_1_25' title="bbox 251 2458 1919 2543">
     <span class='ocr_line' id='line_1_25' title="bbox 251 2458 1919 2543; baseline -0.004 -21"><span class='ocrx_word' id='word_1_255' title='bbox 251 2470 510 2543; x_wconf 73' lang='grc' dir='ltr'>μάχητον</span> <span class='ocrx_word' id='word_1_256' title='bbox 602 2466 694 2521; x_wconf 76' lang='grc' dir='ltr'>καί</span> <span class='ocrx_word' id='word_1_257' title='bbox 784 2468 1058 2535; x_wconf 80' lang='grc' dir='ltr'>σώζουσαν</span> <span class='ocrx_word' id='word_1_258' title='bbox 1136 2463 1382 2537; x_wconf 71' lang='grc' dir='ltr'>εὑρεσοαι</span> <span class='ocrx_word' id='word_1_259' title='bbox 1456 2458 1759 2533; x_wconf 81' lang='grc' dir='ltr'>ἀντίδοτον,</span> <span class='ocrx_word' id='word_1_260' title='bbox 1827 2460 1919 2517; x_wconf 82' lang='grc' dir='ltr'>καὶ</span> 
     </span>
    </p>
   </div>
   <div class='ocr_carea' id='block_1_26' title="bbox 248 2548 1914 2631">
    <p class='ocr_par' dir='ltr' id='par_1_26' title="bbox 248 2548 1914 2631">
     <span class='ocr_line' id='line_1_26' title="bbox 248 2548 1914 2631; baseline -0.005 -18"><span class='ocrx_word' id='word_1_261' title='bbox 248 2557 436 2631; x_wconf 77' lang='grc' dir='ltr'>ὥσπερ</span> <span class='ocrx_word' id='word_1_262' title='bbox 464 2556 517 2630; x_wconf 70' lang='grc' dir='ltr'>ἐξ</span> <span class='ocrx_word' id='word_1_263' title='bbox 555 2557 799 2611; x_wconf 83' lang='grc' dir='ltr'>ἀκανθῶν</span> <span class='ocrx_word' id='word_1_264' title='bbox 827 2560 1096 2630; x_wconf 69' lang='grc' dir='ltr'>τρυγῆσαι</span> <span class='ocrx_word' id='word_1_265' title='bbox 1156 2550 1315 2628; x_wconf 78' lang='grc' dir='ltr'>ῥόδον</span> <span class='ocrx_word' id='word_1_266' title='bbox 1359 2549 1654 2622; x_wconf 66' lang='grc' dir='ltr'>ἡδῦπνοον,</span> <span class='ocrx_word' id='word_1_267' title='bbox 1694 2548 1731 2619; x_wconf 77' lang='grc' dir='ltr'>ἤ</span> <span class='ocrx_word' id='word_1_268' title='bbox 1788 2554 1914 2626; x_wconf 75' lang='grc' dir='ltr'>γοῦν</span> 
     </span>
    </p>
   </div>
   <div class='ocr_carea' id='block_1_27' title="bbox 248 2638 1915 2720">
    <p class='ocr_par' dir='ltr' id='par_1_27' title="bbox 248 2638 1915 2720">
     <span class='ocr_line' id='line_1_27' title="bbox 248 2638 1915 2720; baseline -0.005 -18"><span class='ocrx_word' id='word_1_269' title='bbox 248 2646 298 2718; x_wconf 71' lang='grc' dir='ltr'>ἐξ</span> <span class='ocrx_word' id='word_1_270' title='bbox 374 2640 694 2720; x_wconf 77' lang='grc' dir='ltr'>ἒλλεϐόρου</span> <span class='ocrx_word' id='word_1_271' title='bbox 750 2644 841 2699; x_wconf 83' lang='grc' dir='ltr'>καὶ</span> <span class='ocrx_word' id='word_1_272' title='bbox 923 2641 1156 2698; x_wconf 83' lang='grc' dir='ltr'>κωνείου</span> <span class='ocrx_word' id='word_1_273' title='bbox 1213 2640 1378 2716; x_wconf 73' lang='grc' dir='ltr'>ψαρσὶ</span> <span class='ocrx_word' id='word_1_274' title='bbox 1444 2638 1773 2715; x_wconf 71' lang='grc' dir='ltr'>παραθέσθαι</span> <span class='ocrx_word' id='word_1_275' title='bbox 1826 2639 1915 2694; x_wconf 86' lang='grc' dir='ltr'>καὶ</span> 
     </span>
    </p>
   </div>
   <div class='ocr_carea' id='block_1_28' title="bbox 248 2722 1917 2812">
    <p class='ocr_par' dir='ltr' id='par_1_28' title="bbox 248 2722 1917 2812">
     <span class='ocr_line' id='line_1_28' title="bbox 248 2722 1917 2812; baseline -0.005 -21"><span class='ocrx_word' id='word_1_276' title='bbox 248 2735 467 2812; x_wconf 79' lang='grc' dir='ltr'>ὄρτυξιν</span> <span class='ocrx_word' id='word_1_277' title='bbox 537 2732 727 2804; x_wconf 77' lang='grc' dir='ltr'>ἡδεῖαν</span> <span class='ocrx_word' id='word_1_278' title='bbox 790 2731 1046 2788; x_wconf 68' lang='grc' dir='ltr'>ἒστίασινσ</span> <span class='ocrx_word' id='word_1_279' title='bbox 1108 2730 1224 2787; x_wconf 73' lang='grc' dir='ltr'>ἐπεὶ</span> <span class='ocrx_word' id='word_1_280' title='bbox 1279 2730 1368 2784; x_wconf 77' lang='grc' dir='ltr'>καὶ</span> <span class='ocrx_word' id='word_1_281' title='bbox 1430 2727 1657 2805; x_wconf 80' lang='grc' dir='ltr'>δωρεαῖς</span> <span class='ocrx_word' id='word_1_282' title='bbox 1715 2722 1917 2792; x_wconf 70' lang='grc' dir='ltr'>ἔθαλπε</span> 
     </span>
    </p>
   </div>
   <div class='ocr_carea' id='block_1_29' title="bbox 246 2814 1993 2917">
    <p class='ocr_par' dir='ltr' id='par_1_29' title="bbox 246 2814 1993 2917">
     <span class='ocr_line' id='line_1_29' title="bbox 246 2814 1993 2917; baseline -0.006 -37"><span class='ocrx_word' id='word_1_283' title='bbox 246 2828 360 2880; x_wconf 85' lang='grc' dir='ltr'>τῶν</span> <span class='ocrx_word' id='word_1_284' title='bbox 393 2819 659 2894; x_wconf 74' lang='grc' dir='ltr'>ὕπηκόων</span> <span class='ocrx_word' id='word_1_285' title='bbox 690 2824 816 2884; x_wconf 75' lang='grc' dir='ltr'>τοὺς</span> <span class='ocrx_word' id='word_1_286' title='bbox 846 2818 1064 2892; x_wconf 78' lang='grc' dir='ltr'>ἐνδεεῖς,</span> <span class='ocrx_word' id='word_1_287' title='bbox 1125 2819 1172 2875; x_wconf 77' lang='grc' dir='ltr'>εἷ</span> <span class='ocrx_word' id='word_1_288' title='bbox 1236 2822 1395 2895; x_wconf 69' lang='grc' dir='ltr'>μόνον</span> <span class='ocrx_word' id='word_1_289' title='bbox 1447 2814 1671 2880; x_wconf 76' lang='grc' dir='ltr'>ἐλπίδος</span> <span class='ocrx_word' id='word_1_290' title='bbox 1730 2839 1782 2872; x_wconf 92' lang='grc' dir='ltr'>τι</span> <span class='ocrx_word' id='word_1_291' title='bbox 1815 2814 1917 2871; x_wconf 70' lang='grc' dir='ltr'>διε.</span> <span class='ocrx_word' id='word_1_292' title='bbox 1949 2852 1993 2917; x_wconf 76' lang='grc' dir='ltr'><strong>Β</strong></span> 
     </span>
    </p>
   </div>
   <div class='ocr_carea' id='block_1_30' title="bbox 258 2907 1917 2994">
    <p class='ocr_par' dir='ltr' id='par_1_30' title="bbox 258 2907 1917 2994">
     <span class='ocr_line' id='line_1_30' title="bbox 258 2907 1917 2994; baseline -0.006 -24"><span class='ocrx_word' id='word_1_293' title='bbox 258 2915 481 2994; x_wconf 75' lang='grc' dir='ltr'>φαίνετο</span> <span class='ocrx_word' id='word_1_294' title='bbox 531 2914 606 2976; x_wconf 81' lang='grc' dir='ltr'>ὡς</span> <span class='ocrx_word' id='word_1_295' title='bbox 668 2914 696 2967; x_wconf 93' lang='lat'>6</span> <span class='ocrx_word' id='word_1_296' title='bbox 755 2912 921 2968; x_wconf 79' lang='grc' dir='ltr'>αἰτῶν</span> <span class='ocrx_word' id='word_1_297' title='bbox 986 2911 1085 2967; x_wconf 76' lang='grc' dir='ltr'>οὐκ</span> <span class='ocrx_word' id='word_1_298' title='bbox 1146 2909 1443 2984; x_wconf 84' lang='grc' dir='ltr'>ἀποστυγεῖ</span> <span class='ocrx_word' id='word_1_299' title='bbox 1471 2907 1691 2976; x_wconf 80' lang='grc' dir='ltr'>ἐκεῖνον,</span> <span class='ocrx_word' id='word_1_300' title='bbox 1720 2909 1917 2962; x_wconf 83' lang='grc' dir='ltr'>παθαι-</span> 
     </span>
    </p>
   </div>
   <div class='ocr_carea' id='block_1_31' title="bbox 254 2992 1917 3079">
    <p class='ocr_par' dir='ltr' id='par_1_31' title="bbox 254 2992 1917 3079">
     <span class='ocr_line' id='line_1_31' title="bbox 254 2992 1917 3079; baseline -0.004 -21"><span class='ocrx_word' id='word_1_301' title='bbox 254 2992 490 3079; x_wconf 80' lang='grc' dir='ltr'>νόμενος</span> <span class='ocrx_word' id='word_1_302' title='bbox 552 3004 651 3071; x_wconf 71' lang='grc' dir='ltr'>τὴν</span> <span class='ocrx_word' id='word_1_303' title='bbox 710 3002 895 3078; x_wconf 75' lang='grc' dir='ltr'>ψυχήν</span> <span class='ocrx_word' id='word_1_304' title='bbox 951 2998 1032 3075; x_wconf 68' lang='grc' dir='ltr'>ἔφ’</span> <span class='ocrx_word' id='word_1_305' title='bbox 1095 3001 1179 3062; x_wconf 85' lang='grc' dir='ltr'>οῖς</span> <span class='ocrx_word' id='word_1_306' title='bbox 1226 2998 1525 3073; x_wconf 78' lang='grc' dir='ltr'>κακοεργὸς</span> <span class='ocrx_word' id='word_1_307' title='bbox 1577 2992 1917 3072; x_wconf 84' lang='grc' dir='ltr'>’Λνδρόνικος</span> 
     </span>
    </p>
   </div>
   <div class='ocr_carea' id='block_1_32' title="bbox 251 3083 1915 3163">
    <p class='ocr_par' dir='ltr' id='par_1_32' title="bbox 251 3083 1915 3163">
     <span class='ocr_line' id='line_1_32' title="bbox 251 3083 1915 3163; baseline -0.006 -14"><span class='ocrx_word' id='word_1_308' title='bbox 251 3090 550 3150; x_wconf 83' lang='grc' dir='ltr'>δείκνυται.</span> <span class='ocrx_word' id='word_1_309' title='bbox 584 3091 687 3147; x_wconf 86' lang='grc' dir='ltr'>Καὶ</span> <span class='ocrx_word' id='word_1_310' title='bbox 720 3091 819 3160; x_wconf 68' lang='grc' dir='ltr'>τὴν</span> <span class='ocrx_word' id='word_1_311' title='bbox 867 3093 977 3145; x_wconf 86' lang='grc' dir='ltr'>τῶν</span> <span class='ocrx_word' id='word_1_312' title='bbox 1040 3087 1174 3163; x_wconf 69' lang='grc' dir='ltr'>μέγα</span> <span class='ocrx_word' id='word_1_313' title='bbox 1230 3083 1541 3160; x_wconf 74' lang='grc' dir='ltr'>δυναμένων</span> <span class='ocrx_word' id='word_1_314' title='bbox 1600 3083 1915 3158; x_wconf 79' lang='grc' dir='ltr'>πλεονεξίαν</span> 
     </span>
    </p>
   </div>
   <div class='ocr_carea' id='block_1_33' title="bbox 251 3172 1913 3254">
    <p class='ocr_par' dir='ltr' id='par_1_33' title="bbox 251 3172 1913 3254">
     <span class='ocr_line' id='line_1_33' title="bbox 251 3172 1913 3254; baseline -0.006 -16"><span class='ocrx_word' id='word_1_315' title='bbox 251 3181 427 3243; x_wconf 71' lang='grc' dir='ltr'>οὕτως</span> <span class='ocrx_word' id='word_1_316' title='bbox 459 3178 714 3247; x_wconf 67' lang='grc' dir='ltr'>ἐκόλασε,</span> <span class='ocrx_word' id='word_1_317' title='bbox 753 3180 847 3234; x_wconf 77' lang='grc' dir='ltr'>καὶ</span> <span class='ocrx_word' id='word_1_318' title='bbox 876 3182 1067 3254; x_wconf 83' lang='grc' dir='ltr'>χεῖρας</span> <span class='ocrx_word' id='word_1_319' title='bbox 1097 3175 1401 3251; x_wconf 74' lang='grc' dir='ltr'>τάλλότρια</span> <span class='ocrx_word' id='word_1_320' title='bbox 1449 3172 1688 3253; x_wconf 50' lang='grc' dir='ltr'>διοιόσας</span> <span class='ocrx_word' id='word_1_321' title='bbox 1739 3175 1913 3236; x_wconf 73' lang='grc' dir='ltr'>οὕτως</span> 
     </span>
    </p>
   </div>
   <div class='ocr_carea' id='block_1_34' title="bbox 249 3262 1916 3343">
    <p class='ocr_par' dir='ltr' id='par_1_34' title="bbox 249 3262 1916 3343">
     <span class='ocr_line' id='line_1_34' title="bbox 249 3262 1916 3343; baseline -0.007 -15"><span class='ocrx_word' id='word_1_322' title='bbox 249 3271 593 3328; x_wconf 72' lang='grc' dir='ltr'>συνέστειλεν</span> <span class='ocrx_word' id='word_1_323' title='bbox 651 3267 792 3325; x_wconf 77' lang='grc' dir='ltr'>ὥστε</span> <span class='ocrx_word' id='word_1_324' title='bbox 853 3266 1245 3343; x_wconf 65' lang='grc' dir='ltr'>βασιλεύοντος</span> <span class='ocrx_word' id='word_1_325' title='bbox 1315 3264 1521 3320; x_wconf 79' lang='grc' dir='ltr'>ἐκείνου</span> <span class='ocrx_word' id='word_1_326' title='bbox 1576 3264 1631 3319; x_wconf 72' lang='grc' dir='ltr'>αἱ</span> <span class='ocrx_word' id='word_1_327' title='bbox 1688 3262 1916 3326; x_wconf 83' lang='grc' dir='ltr'>πλείους</span> 
     </span>
    </p>
   </div>
   <div class='ocr_carea' id='block_1_35' title="bbox 250 3352 1917 3440">
    <p class='ocr_par' dir='ltr' id='par_1_35' title="bbox 250 3352 1917 3440">
     <span class='ocr_line' id='line_1_35' title="bbox 250 3352 1917 3440; baseline -0.007 -22"><span class='ocrx_word' id='word_1_328' title='bbox 250 3360 516 3440; x_wconf 74' lang='grc' dir='ltr'>ἰπαρχίαι</span> <span class='ocrx_word' id='word_1_329' title='bbox 546 3360 684 3434; x_wconf 79' lang='grc' dir='ltr'>πρὸς</span> <span class='ocrx_word' id='word_1_330' title='bbox 728 3357 1051 3431; x_wconf 77' lang='grc' dir='ltr'>πληουσμὸν</span> <span class='ocrx_word' id='word_1_331' title='bbox 1109 3353 1382 3412; x_wconf 68' lang='grc' dir='ltr'>ἐπέδωκαν</span> <span class='ocrx_word' id='word_1_332' title='bbox 1428 3358 1537 3410; x_wconf 84' lang='grc' dir='ltr'>τῶν</span> <span class='ocrx_word' id='word_1_333' title='bbox 1596 3352 1917 3425; x_wconf 57' lang='grc' dir='ltr'>οἰκούντων,</span> 
     </span>
    </p>
   </div>
   <div class='ocr_carea' id='block_1_36' title="bbox 243 3439 1911 3525">
    <p class='ocr_par' dir='ltr' id='par_1_36' title="bbox 243 3439 1911 3525">
     <span class='ocr_line' id='line_1_36' title="bbox 243 3439 1911 3525; baseline -0.007 -18"><span class='ocrx_word' id='word_1_334' title='bbox 243 3439 519 3513; x_wconf 80' lang='grc' dir='ltr'>Ἕκαστος</span> <span class='ocrx_word' id='word_1_335' title='bbox 559 3449 666 3524; x_wconf 78' lang='grc' dir='ltr'>γὰρ</span> <span class='ocrx_word' id='word_1_336' title='bbox 697 3447 834 3503; x_wconf 81' lang='grc' dir='ltr'>κατά</span> <span class='ocrx_word' id='word_1_337' title='bbox 883 3446 945 3501; x_wconf 89' lang='grc' dir='ltr'>τὸ</span> <span class='ocrx_word' id='word_1_338' title='bbox 1004 3445 1349 3525; x_wconf 74' lang='grc' dir='ltr'>προφητικὸν</span> <span class='ocrx_word' id='word_1_339' title='bbox 1406 3440 1770 3519; x_wconf 72' lang='grc' dir='ltr'>παράγγελμα</span> <span class='ocrx_word' id='word_1_340' title='bbox 1824 3439 1911 3496; x_wconf 80' lang='grc' dir='ltr'>ἐπὶ</span> 
     </span>
    </p>
   </div>
   <div class='ocr_carea' id='block_1_37' title="bbox 244 3531 1915 3612">
    <p class='ocr_par' dir='ltr' id='par_1_37' title="bbox 244 3531 1915 3612">
     <span class='ocr_line' id='line_1_37' title="bbox 244 3531 1915 3612; baseline -0.007 -15"><span class='ocrx_word' id='word_1_341' title='bbox 244 3543 346 3612; x_wconf 70' lang='grc' dir='ltr'>τήν</span> <span class='ocrx_word' id='word_1_342' title='bbox 406 3540 562 3595; x_wconf 77' lang='grc' dir='ltr'>σκιὰν</span> <span class='ocrx_word' id='word_1_343' title='bbox 603 3540 713 3592; x_wconf 86' lang='grc' dir='ltr'>τῶν</span> <span class='ocrx_word' id='word_1_344' title='bbox 769 3532 1003 3611; x_wconf 69' lang='grc' dir='ltr'>δένδρων</span> <span class='ocrx_word' id='word_1_345' title='bbox 1058 3535 1223 3589; x_wconf 77' lang='grc' dir='ltr'>αὐτοῦ</span> <span class='ocrx_word' id='word_1_346' title='bbox 1282 3531 1612 3602; x_wconf 82' lang='grc' dir='ltr'>ἀνεκλίνετο,</span> <span class='ocrx_word' id='word_1_347' title='bbox 1670 3532 1759 3587; x_wconf 84' lang='grc' dir='ltr'>καὶ</span> <span class='ocrx_word' id='word_1_348' title='bbox 1822 3531 1915 3586; x_wconf 85' lang='grc' dir='ltr'>τὸν</span> 
     </span>
    </p>
   </div>
   <div class='ocr_carea' id='block_1_38' title="bbox 245 3619 1917 3703">
    <p class='ocr_par' dir='ltr' id='par_1_38' title="bbox 245 3619 1917 3703">
     <span class='ocr_line' id='line_1_38' title="bbox 245 3619 1917 3703; baseline -0.007 -18"><span class='ocrx_word' id='word_1_349' title='bbox 245 3636 353 3699; x_wconf 77' lang='grc' dir='ltr'>τῆς</span> <span class='ocrx_word' id='word_1_350' title='bbox 395 3626 652 3703; x_wconf 70' lang='grc' dir='ltr'>ἀμπέλου</span> <span class='ocrx_word' id='word_1_351' title='bbox 709 3625 917 3702; x_wconf 77' lang='grc' dir='ltr'>καρπὸν</span> <span class='ocrx_word' id='word_1_352' title='bbox 950 3622 1423 3703; x_wconf 83' lang='grc' dir='ltr'>συγκομιζόμενος</span> <span class='ocrx_word' id='word_1_353' title='bbox 1449 3622 1540 3677; x_wconf 83' lang='grc' dir='ltr'>καὶ</span> <span class='ocrx_word' id='word_1_354' title='bbox 1592 3628 1695 3698; x_wconf 75' lang='grc' dir='ltr'>γῆς</span> <span class='ocrx_word' id='word_1_355' title='bbox 1750 3619 1917 3675; x_wconf 76' lang='grc' dir='ltr'>εἰσοι-</span> 
     </span>
    </p>
   </div>
   <div class='ocr_carea' id='block_1_39' title="bbox 245 3706 1921 3794">
    <p class='ocr_par' dir='ltr' id='par_1_39' title="bbox 245 3706 1921 3794">
     <span class='ocr_line' id='line_1_39' title="bbox 245 3706 1921 3794; baseline -0.007 -19"><span class='ocrx_word' id='word_1_356' title='bbox 245 3718 550 3793; x_wconf 79' lang='grc' dir='ltr'>κιζόμενος</span> <span class='ocrx_word' id='word_1_357' title='bbox 630 3716 696 3773; x_wconf 71' lang='grc' dir='ltr'>τὰ</span> <span class='ocrx_word' id='word_1_358' title='bbox 769 3713 998 3794; x_wconf 70' lang='grc' dir='ltr'>ἐκφόρια</span> <span class='ocrx_word' id='word_1_359' title='bbox 1062 3712 1314 3787; x_wconf 63' lang='grc' dir='ltr'>ἀσμένως</span> <span class='ocrx_word' id='word_1_360' title='bbox 1376 3710 1532 3780; x_wconf 62' lang='grc' dir='ltr'>⁵ἤσθιε</span> <span class='ocrx_word' id='word_1_361' title='bbox 1587 3711 1673 3764; x_wconf 81' lang='grc' dir='ltr'>καὶ</span> <span class='ocrx_word' id='word_1_362' title='bbox 1744 3706 1921 3779; x_wconf 83' lang='grc' dir='ltr'>ἡδέως</span> 
     </span>
    </p>
   </div>
   <div class='ocr_carea' id='block_1_40' title="bbox 251 3796 1916 3880">
    <p class='ocr_par' dir='ltr' id='par_1_40' title="bbox 251 3796 1916 3880">
     <span class='ocr_line' id='line_1_40' title="bbox 251 3796 1916 3880; baseline -0.008 -16"><span class='ocrx_word' id='word_1_363' title='bbox 251 3805 539 3877; x_wconf 73' lang='grc' dir='ltr'>ἐκάθευδε,</span> <span class='ocrx_word' id='word_1_364' title='bbox 591 3806 668 3880; x_wconf 82' lang='grc' dir='ltr'>μὴ</span> <span class='ocrx_word' id='word_1_365' title='bbox 731 3802 1048 3880; x_wconf 69' lang='grc' dir='ltr'>φορολόγου</span> <span class='ocrx_word' id='word_1_366' title='bbox 1102 3800 1337 3870; x_wconf 72' lang='grc' dir='ltr'>ἀπειλὴν</span> <span class='ocrx_word' id='word_1_367' title='bbox 1379 3796 1779 3873; x_wconf 75' lang='grc' dir='ltr'>δεδιττόμενος,</span> <span class='ocrx_word' id='word_1_368' title='bbox 1840 3800 1916 3871; x_wconf 76' lang='grc' dir='ltr'>μή</span> 
     </span>
    </p>
   </div>
   <div class='ocr_carea' id='block_1_41' title="bbox 248 3887 1919 3966">
    <p class='ocr_par' dir='ltr' id='par_1_41' title="bbox 248 3887 1919 3966">
     <span class='ocr_line' id='line_1_41' title="bbox 248 3887 1919 3966; baseline -0.008 -12"><span class='ocrx_word' id='word_1_369' title='bbox 248 3896 607 3966; x_wconf 67' lang='grc' dir='ltr'>πλεονέκτην</span> <span class='ocrx_word' id='word_1_370' title='bbox 698 3894 733 3963; x_wconf 75' lang='grc' dir='ltr'><strong>ἢ</strong></span> <span class='ocrx_word' id='word_1_371' title='bbox 794 3893 1104 3964; x_wconf 71' lang='grc' dir='ltr'>συζητητήν</span> <span class='ocrx_word' id='word_1_372' title='bbox 1165 3888 1526 3964; x_wconf 79' lang='grc' dir='ltr'>εἷσπράκτορα</span> <span class='ocrx_word' id='word_1_373' title='bbox 1601 3888 1737 3943; x_wconf 80' lang='grc' dir='ltr'>κατὰ</span> <span class='ocrx_word' id='word_1_374' title='bbox 1793 3887 1919 3942; x_wconf 73' lang='grc' dir='ltr'>νοῦν</span> 
     </span>
    </p>
   </div>
   <div class='ocr_carea' id='block_1_42' title="bbox 264 3974 1917 4066">
    <p class='ocr_par' dir='ltr' id='par_1_42' title="bbox 264 3974 1917 4066">
     <span class='ocr_line' id='line_1_42' title="bbox 264 3974 1917 4066; baseline -0.007 -23"><span class='ocrx_word' id='word_1_375' title='bbox 264 3985 537 4066; x_wconf 51' lang='grc' dir='ltr'>στρέρων,</span> <span class='ocrx_word' id='word_1_376' title='bbox 577 3986 654 4060; x_wconf 73' lang='grc' dir='ltr'>μὴ</span> <span class='ocrx_word' id='word_1_377' title='bbox 695 3985 790 4039; x_wconf 87' lang='grc' dir='ltr'>τὸν</span> <span class='ocrx_word' id='word_1_378' title='bbox 851 3979 1249 4057; x_wconf 75' lang='grc' dir='ltr'>ἐκφυλλίζοντα</span> <span class='ocrx_word' id='word_1_379' title='bbox 1309 3974 1779 4051; x_wconf 75' lang='grc' dir='ltr'>ὑποϐλεπόμενος,</span> <span class='ocrx_word' id='word_1_380' title='bbox 1843 3978 1917 4050; x_wconf 82' lang='grc' dir='ltr'>μή</span> 
     </span>
    </p>
   </div>
   <div class='ocr_carea' id='block_1_43' title="bbox 258 4066 1919 4150">
    <p class='ocr_par' dir='ltr' id='par_1_43' title="bbox 258 4066 1919 4150">
     <span class='ocr_line' id='line_1_43' title="bbox 258 4066 1919 4150; baseline -0.008 -17"><span class='ocrx_word' id='word_1_381' title='bbox 258 4079 353 4133; x_wconf 82' lang='grc' dir='ltr'>τὸν</span> <span class='ocrx_word' id='word_1_382' title='bbox 380 4075 790 4150; x_wconf 78' lang='grc' dir='ltr'>καλαμώμενον</span> <span class='ocrx_word' id='word_1_383' title='bbox 846 4071 1273 4150; x_wconf 72' lang='grc' dir='ltr'>φανταζόμενος,</span> <span class='ocrx_word' id='word_1_384' title='bbox 1305 4066 1449 4125; x_wconf 80' lang='grc' dir='ltr'>ἀλλὰ</span> <span class='ocrx_word' id='word_1_385' title='bbox 1504 4067 1570 4122; x_wconf 81' lang='grc' dir='ltr'>τά</span> <span class='ocrx_word' id='word_1_386' title='bbox 1623 4070 1720 4122; x_wconf 79' lang='grc' dir='ltr'>τοῦ</span> <span class='ocrx_word' id='word_1_387' title='bbox 1788 4066 1919 4123; x_wconf 82' lang='grc' dir='ltr'>Καί-</span> 
     </span>
    </p>
   </div>
   <div class='ocr_carea' id='block_1_44' title="bbox 2027 1574 3669 1647">
    <p class='ocr_par' dir='ltr' id='par_1_44' title="bbox 2027 1574 3669 1647">
     <span class='ocr_line' id='line_1_44' title="bbox 2027 1574 3669 1647; baseline 0.005 -19"><span class='ocrx_word' id='word_1_388' title='bbox 2027 1574 2160 1642; x_wconf 87' lang='lat' dir='ltr'><strong>dus,</strong></span> <span class='ocrx_word' id='word_1_389' title='bbox 2194 1592 2364 1647; x_wconf 80' lang='lat' dir='ltr'>asper</span> <span class='ocrx_word' id='word_1_390' title='bbox 2394 1580 2450 1630; x_wconf 88' lang='lat' dir='ltr'>et</span> <span class='ocrx_word' id='word_1_391' title='bbox 2484 1575 2862 1633; x_wconf 80' lang='lat' dir='ltr'>inexorabilis</span> <span class='ocrx_word' id='word_1_392' title='bbox 2892 1582 3038 1643; x_wconf 88' lang='lat' dir='ltr'><strong>erat,</strong></span> <span class='ocrx_word' id='word_1_393' title='bbox 3093 1582 3158 1634; x_wconf 93' lang='lat' dir='ltr'>ut</span> <span class='ocrx_word' id='word_1_394' title='bbox 3190 1578 3439 1636; x_wconf 90' lang='lat' dir='ltr'><strong>aliorum</strong></span> <span class='ocrx_word' id='word_1_395' title='bbox 3500 1578 3669 1637; x_wconf 86' lang='lat' dir='ltr'><strong>malis</strong></span> 
     </span>
    </p>
   </div>
   <div class='ocr_carea' id='block_1_45' title="bbox 2026 1664 3673 1738">
    <p class='ocr_par' dir='ltr' id='par_1_45' title="bbox 2026 1664 3673 1738">
     <span class='ocr_line' id='line_1_45' title="bbox 2026 1664 3673 1738; baseline 0.005 -20"><span class='ocrx_word' id='word_1_396' title='bbox 2026 1664 2303 1735; x_wconf 79' lang='lat' dir='ltr'>gauderet</span> <span class='ocrx_word' id='word_1_397' title='bbox 2332 1669 2389 1720; x_wconf 92' lang='lat' dir='ltr'>et</span> <span class='ocrx_word' id='word_1_398' title='bbox 2418 1664 2549 1722; x_wconf 86' lang='lat' dir='ltr'><strong>aliis</strong></span> <span class='ocrx_word' id='word_1_399' title='bbox 2574 1666 2903 1724; x_wconf 80' lang='lat' dir='ltr'>evertendis</span> <span class='ocrx_word' id='word_1_400' title='bbox 2949 1684 3011 1723; x_wconf 92' lang='lat' dir='ltr'>se</span> <span class='ocrx_word' id='word_1_401' title='bbox 3071 1685 3243 1725; x_wconf 90' lang='lat' dir='ltr'><strong>suum</strong></span> <span class='ocrx_word' id='word_1_402' title='bbox 3305 1685 3673 1738; x_wconf 88' lang='lat' dir='ltr'><strong>suorumque</strong></span> 
     </span>
    </p>
   </div>
   <div class='ocr_carea' id='block_1_46' title="bbox 2026 1753 3671 1831">
    <p class='ocr_par' dir='ltr' id='par_1_46' title="bbox 2026 1753 3671 1831">
     <span class='ocr_line' id='line_1_46' title="bbox 2026 1753 3671 1831; baseline 0.005 -24"><span class='ocrx_word' id='word_1_403' title='bbox 2026 1753 2269 1809; x_wconf 88' lang='lat' dir='ltr'><strong>liberum</strong></span> <span class='ocrx_word' id='word_1_404' title='bbox 2304 1754 2615 1826; x_wconf 90' lang='lat' dir='ltr'><strong>imperium</strong></span> <span class='ocrx_word' id='word_1_405' title='bbox 2648 1755 2912 1813; x_wconf 89' lang='lat' dir='ltr'><strong>stalibire</strong></span> <span class='ocrx_word' id='word_1_406' title='bbox 2935 1761 3185 1829; x_wconf 87' lang='lat' dir='ltr'><strong>putaret,</strong></span> <span class='ocrx_word' id='word_1_407' title='bbox 3215 1773 3282 1815; x_wconf 89' lang='lat' dir='ltr'>ac</span> <span class='ocrx_word' id='word_1_408' title='bbox 3309 1758 3671 1831; x_wconf 88' lang='lat' dir='ltr'><strong>voluptatem</strong></span> 
     </span>
    </p>
   </div>
   <div class='ocr_carea' id='block_1_47' title="bbox 2026 1841 3667 1920">
    <p class='ocr_par' dir='ltr' id='par_1_47' title="bbox 2026 1841 3667 1920">
     <span class='ocr_line' id='line_1_47' title="bbox 2026 1841 3667 1920; baseline 0.005 -25"><span class='ocrx_word' id='word_1_409' title='bbox 2026 1841 2163 1897; x_wconf 90' lang='lat' dir='ltr'><strong>inde</strong></span> <span class='ocrx_word' id='word_1_410' title='bbox 2192 1847 2438 1914; x_wconf 89' lang='lat' dir='ltr'><strong>caperet,</strong></span> <span class='ocrx_word' id='word_1_411' title='bbox 2456 1847 2653 1899; x_wconf 90' lang='lat' dir='ltr'><strong>tamen</strong></span> <span class='ocrx_word' id='word_1_412' title='bbox 2670 1861 2783 1901; x_wconf 85' lang='lat' dir='ltr'>non</span> <span class='ocrx_word' id='word_1_413' title='bbox 2814 1862 3000 1917; x_wconf 90' lang='lat' dir='ltr'><strong>pauca</strong></span> <span class='ocrx_word' id='word_1_414' title='bbox 3032 1851 3186 1903; x_wconf 90' lang='lat' dir='ltr'><strong>recte</strong></span> <span class='ocrx_word' id='word_1_415' title='bbox 3212 1848 3667 1920; x_wconf 70' lang='lat' dir='ltr'>administravit,</span> 
     </span>
    </p>
   </div>
   <div class='ocr_carea' id='block_1_48' title="bbox 2027 1929 3668 2008">
    <p class='ocr_par' dir='ltr' id='par_1_48' title="bbox 2027 1929 3668 2008">
     <span class='ocr_line' id='line_1_48' title="bbox 2027 1929 3668 2008; baseline 0.007 -23"><span class='ocrx_word' id='word_1_416' title='bbox 2027 1947 2132 1986; x_wconf 89' lang='lat' dir='ltr'>nec</span> <span class='ocrx_word' id='word_1_417' title='bbox 2163 1929 2333 2003; x_wconf 89' lang='lat' dir='ltr'><strong>plane</strong></span> <span class='ocrx_word' id='word_1_418' title='bbox 2364 1932 2434 1987; x_wconf 90' lang='lat' dir='ltr'>ab</span> <span class='ocrx_word' id='word_1_419' title='bbox 2466 1932 2628 1989; x_wconf 90' lang='lat' dir='ltr'><strong>omni</strong></span> <span class='ocrx_word' id='word_1_420' title='bbox 2658 1932 2866 1991; x_wconf 88' lang='lat' dir='ltr'><strong>virtute</strong></span> <span class='ocrx_word' id='word_1_421' title='bbox 2912 1936 3320 2008; x_wconf 79' lang='lat' dir='ltr'>degeneravit;</span> <span class='ocrx_word' id='word_1_422' title='bbox 3351 1939 3448 1994; x_wconf 87' lang='lat' dir='ltr'>sed</span> <span class='ocrx_word' id='word_1_423' title='bbox 3506 1944 3567 1995; x_wconf 87' lang='lat' dir='ltr'>ut</span> <span class='ocrx_word' id='word_1_424' title='bbox 3597 1958 3668 1999; x_wconf 82' lang='lat' dir='ltr'>ex</span> 
     </span>
    </p>
   </div>
   <div class='ocr_carea' id='block_1_49' title="bbox 2024 2022 3667 2098">
    <p class='ocr_par' dir='ltr' id='par_1_49' title="bbox 2024 2022 3667 2098">
     <span class='ocr_line' id='line_1_49' title="bbox 2024 2022 3667 2098; baseline 0.005 -22"><span class='ocrx_word' id='word_1_425' title='bbox 2024 2023 2233 2093; x_wconf 67' lang='lat' dir='ltr'><strong>vipera</strong></span> <span class='ocrx_word' id='word_1_426' title='bbox 2265 2022 2562 2090; x_wconf 90' lang='lat' dir='ltr'><strong>carnibus,</strong></span> <span class='ocrx_word' id='word_1_427' title='bbox 2597 2022 2673 2077; x_wconf 88' lang='lat' dir='ltr'>ita</span> <span class='ocrx_word' id='word_1_428' title='bbox 2730 2039 2798 2078; x_wconf 82' lang='lat' dir='ltr'><strong>ex</strong></span> <span class='ocrx_word' id='word_1_429' title='bbox 2865 2025 2993 2096; x_wconf 86' lang='lat' dir='ltr'><strong>ipso</strong></span> <span class='ocrx_word' id='word_1_430' title='bbox 3054 2043 3285 2098; x_wconf 89' lang='lat' dir='ltr'><strong>quoque</strong></span> <span class='ocrx_word' id='word_1_431' title='bbox 3345 2032 3667 2085; x_wconf 87' lang='lat' dir='ltr'><strong>Panaceam</strong></span> 
     </span>
    </p>
   </div>
   <div class='ocr_carea' id='block_1_50' title="bbox 2023 2110 3665 2189">
    <p class='ocr_par' dir='ltr' id='par_1_50' title="bbox 2023 2110 3665 2189">
     <span class='ocr_line' id='line_1_50' title="bbox 2023 2110 3665 2189; baseline 0.004 -21"><span class='ocrx_word' id='word_1_432' title='bbox 2023 2112 2218 2168; x_wconf 82' lang='lat' dir='ltr'>venari</span> <span class='ocrx_word' id='word_1_433' title='bbox 2251 2110 2459 2167; x_wconf 90' lang='lat' dir='ltr'><strong>licebat</strong></span> <span class='ocrx_word' id='word_1_434' title='bbox 2487 2116 2546 2167; x_wconf 91' lang='lat' dir='ltr'>et</span> <span class='ocrx_word' id='word_1_435' title='bbox 2602 2110 2859 2169; x_wconf 88' lang='lat' dir='ltr'><strong>salutare</strong></span> <span class='ocrx_word' id='word_1_436' title='bbox 2886 2114 3214 2171; x_wconf 84' lang='lat' dir='ltr'><strong>antidotum</strong></span> <span class='ocrx_word' id='word_1_437' title='bbox 3270 2118 3573 2189; x_wconf 83' lang='lat' dir='ltr'>consequi,</span> <span class='ocrx_word' id='word_1_438' title='bbox 3609 2123 3665 2175; x_wconf 91' lang='lat' dir='ltr'>et</span> 
     </span>
    </p>
   </div>
   <div class='ocr_carea' id='block_1_51' title="bbox 2022 2200 3662 2279">
    <p class='ocr_par' dir='ltr' id='par_1_51' title="bbox 2022 2200 3662 2279">
     <span class='ocr_line' id='line_1_51' title="bbox 2022 2200 3662 2279; baseline 0.003 -22"><span class='ocrx_word' id='word_1_439' title='bbox 2022 2217 2092 2257; x_wconf 82' lang='lat' dir='ltr'><strong>ex</strong></span> <span class='ocrx_word' id='word_1_440' title='bbox 2119 2200 2341 2272; x_wconf 82' lang='lat' dir='ltr'>asperis</span> <span class='ocrx_word' id='word_1_441' title='bbox 2370 2200 2557 2272; x_wconf 85' lang='lat' dir='ltr'><strong>spinis</strong></span> <span class='ocrx_word' id='word_1_442' title='bbox 2589 2202 3026 2259; x_wconf 86' lang='lat' dir='ltr'><strong>euaveolentem</strong></span> <span class='ocrx_word' id='word_1_443' title='bbox 3076 2222 3267 2261; x_wconf 88' lang='lat' dir='ltr'><strong>rosam</strong></span> <span class='ocrx_word' id='word_1_444' title='bbox 3330 2207 3662 2279; x_wconf 79' lang='lat' dir='ltr'>decerpere,</span> 
     </span>
    </p>
   </div>
   <div class='ocr_carea' id='block_1_52' title="bbox 2024 2289 3662 2368">
    <p class='ocr_par' dir='ltr' id='par_1_52' title="bbox 2024 2289 3662 2368">
     <span class='ocr_line' id='line_1_52' title="bbox 2024 2289 3662 2368; baseline 0.004 -22"><span class='ocrx_word' id='word_1_445' title='bbox 2024 2295 2081 2347; x_wconf 89' lang='lat' dir='ltr'>et</span> <span class='ocrx_word' id='word_1_446' title='bbox 2102 2306 2169 2346; x_wconf 82' lang='lat' dir='ltr'><strong>ex</strong></span> <span class='ocrx_word' id='word_1_447' title='bbox 2198 2289 2491 2346; x_wconf 89' lang='lat' dir='ltr'><strong>belleboro</strong></span> <span class='ocrx_word' id='word_1_448' title='bbox 2515 2294 2572 2346; x_wconf 90' lang='lat' dir='ltr'>et</span> <span class='ocrx_word' id='word_1_449' title='bbox 2611 2291 2840 2348; x_wconf 89' lang='lat' dir='ltr'><strong>aconito</strong></span> <span class='ocrx_word' id='word_1_450' title='bbox 2864 2309 3104 2349; x_wconf 85' lang='lat' dir='ltr'>suavem</span> <span class='ocrx_word' id='word_1_451' title='bbox 3134 2294 3346 2351; x_wconf 85' lang='lat' dir='ltr'><strong>victum</strong></span> <span class='ocrx_word' id='word_1_452' title='bbox 3410 2296 3662 2368; x_wconf 65' lang='lat' dir='ltr'><strong>praebere</strong></span> 
     </span>
    </p>
   </div>
   <div class='ocr_carea' id='block_1_53' title="bbox 2024 2381 3665 2459">
    <p class='ocr_par' dir='ltr' id='par_1_53' title="bbox 2024 2381 3665 2459">
     <span class='ocr_line' id='line_1_53' title="bbox 2024 2381 3665 2459; baseline 0.004 -22"><span class='ocrx_word' id='word_1_453' title='bbox 2024 2382 2212 2454; x_wconf 90' lang='lat' dir='ltr'><strong>psaris</strong></span> <span class='ocrx_word' id='word_1_454' title='bbox 2264 2387 2322 2438; x_wconf 91' lang='lat' dir='ltr'>et</span> <span class='ocrx_word' id='word_1_455' title='bbox 2360 2381 2780 2438; x_wconf 85' lang='lat' dir='ltr'><strong>coturnicibus.</strong></span> <span class='ocrx_word' id='word_1_456' title='bbox 2834 2382 2980 2439; x_wconf 87' lang='lat' dir='ltr'><strong>Nam</strong></span> <span class='ocrx_word' id='word_1_457' title='bbox 3031 2384 3298 2440; x_wconf 86' lang='lat' dir='ltr'><strong>subditos</strong></span> <span class='ocrx_word' id='word_1_458' title='bbox 3376 2403 3665 2459; x_wconf 81' lang='lat' dir='ltr'><strong>pauperes</strong></span> 
     </span>
    </p>
   </div>
   <div class='ocr_carea' id='block_1_54' title="bbox 2024 2470 3667 2547">
    <p class='ocr_par' dir='ltr' id='par_1_54' title="bbox 2024 2470 3667 2547">
     <span class='ocr_line' id='line_1_54' title="bbox 2024 2470 3667 2547; baseline 0.005 -22"><span class='ocrx_word' id='word_1_459' title='bbox 2024 2470 2477 2543; x_wconf 83' lang='lat' dir='ltr'><strong>largitionnibus</strong></span> <span class='ocrx_word' id='word_1_460' title='bbox 2508 2472 2756 2540; x_wconf 85' lang='lat' dir='ltr'><strong>fovebat,</strong></span> <span class='ocrx_word' id='word_1_461' title='bbox 2801 2471 2849 2528; x_wconf 86' lang='lat' dir='ltr'>si</span> <span class='ocrx_word' id='word_1_462' title='bbox 2890 2489 3007 2544; x_wconf 91' lang='lat' dir='ltr'>qua</span> <span class='ocrx_word' id='word_1_463' title='bbox 3039 2472 3210 2529; x_wconf 91' lang='lat' dir='ltr'><strong>modo</strong></span> <span class='ocrx_word' id='word_1_464' title='bbox 3242 2490 3378 2547; x_wconf 90' lang='lat' dir='ltr'><strong>spes</strong></span> <span class='ocrx_word' id='word_1_465' title='bbox 3424 2477 3667 2534; x_wconf 78' lang='lat' dir='ltr'><strong>suberat</strong></span> 
     </span>
    </p>
   </div>
   <div class='ocr_carea' id='block_1_55' title="bbox 2022 2560 3667 2632">
    <p class='ocr_par' dir='ltr' id='par_1_55' title="bbox 2022 2560 3667 2632">
     <span class='ocr_line' id='line_1_55' title="bbox 2022 2560 3667 2632; baseline 0.004 -16"><span class='ocrx_word' id='word_1_466' title='bbox 2022 2575 2157 2617; x_wconf 89' lang='lat' dir='ltr'>cum</span> <span class='ocrx_word' id='word_1_467' title='bbox 2190 2561 2285 2631; x_wconf 87' lang='lat' dir='ltr'>qui</span> <span class='ocrx_word' id='word_1_468' title='bbox 2313 2576 2483 2632; x_wconf 85' lang='lat' dir='ltr'><strong>Opem</strong></span> <span class='ocrx_word' id='word_1_469' title='bbox 2518 2560 2873 2632; x_wconf 85' lang='lat' dir='ltr'><strong>implorabat</strong></span> <span class='ocrx_word' id='word_1_470' title='bbox 2934 2562 3260 2619; x_wconf 83' lang='lat' dir='ltr'><strong>Andronico</strong></span> <span class='ocrx_word' id='word_1_471' title='bbox 3318 2564 3392 2620; x_wconf 93' lang='lat' dir='ltr'>ob</span> <span class='ocrx_word' id='word_1_472' title='bbox 3446 2563 3667 2623; x_wconf 85' lang='lat' dir='ltr'><strong>scelera</strong></span> 
     </span>
    </p>
   </div>
   <div class='ocr_carea' id='block_1_56' title="bbox 2022 2649 3665 2712">
    <p class='ocr_par' dir='ltr' id='par_1_56' title="bbox 2022 2649 3665 2712">
     <span class='ocr_line' id='line_1_56' title="bbox 2022 2649 3665 2712; baseline 0.004 -7"><span class='ocrx_word' id='word_1_473' title='bbox 2022 2667 2135 2706; x_wconf 91' lang='lat' dir='ltr'>non</span> <span class='ocrx_word' id='word_1_474' title='bbox 2163 2649 2453 2705; x_wconf 85' lang='lat' dir='ltr'><strong>infensum</strong></span> <span class='ocrx_word' id='word_1_475' title='bbox 2476 2666 2628 2707; x_wconf 87' lang='lat' dir='ltr'><strong>esse.</strong></span> <span class='ocrx_word' id='word_1_476' title='bbox 2661 2654 2968 2708; x_wconf 86' lang='lat' dir='ltr'><strong>Procerum</strong></span> <span class='ocrx_word' id='word_1_477' title='bbox 3000 2652 3305 2709; x_wconf 76' lang='lat' dir='ltr'><strong>avaritiam</strong></span> <span class='ocrx_word' id='word_1_478' title='bbox 3338 2655 3418 2711; x_wconf 83' lang='lat' dir='ltr'>ita</span> <span class='ocrx_word' id='word_1_479' title='bbox 3451 2654 3665 2712; x_wconf 88' lang='lat' dir='ltr'><strong>multa-</strong></span> 
     </span>
    </p>
   </div>
   <div class='ocr_carea' id='block_1_57' title="bbox 2020 2738 3662 2815">
    <p class='ocr_par' dir='ltr' id='par_1_57' title="bbox 2020 2738 3662 2815">
     <span class='ocr_line' id='line_1_57' title="bbox 2020 2738 3662 2815; baseline 0.005 -20"><span class='ocrx_word' id='word_1_480' title='bbox 2020 2739 2104 2795; x_wconf 89' lang='lat' dir='ltr'>vit</span> <span class='ocrx_word' id='word_1_481' title='bbox 2132 2746 2419 2795; x_wconf 90' lang='lat' dir='ltr'><strong>etmanus</strong></span> <span class='ocrx_word' id='word_1_482' title='bbox 2451 2738 2623 2795; x_wconf 86' lang='lat' dir='ltr'><strong>alieni</strong></span> <span class='ocrx_word' id='word_1_483' title='bbox 2674 2739 2875 2796; x_wconf 88' lang='lat' dir='ltr'><strong>avidas</strong></span> <span class='ocrx_word' id='word_1_484' title='bbox 2929 2741 3011 2797; x_wconf 88' lang='lat' dir='ltr'>ita</span> <span class='ocrx_word' id='word_1_485' title='bbox 3063 2743 3434 2815; x_wconf 83' lang='lat' dir='ltr'><strong>compressit,</strong></span> <span class='ocrx_word' id='word_1_486' title='bbox 3488 2750 3552 2803; x_wconf 93' lang='lat' dir='ltr'>ut</span> <span class='ocrx_word' id='word_1_487' title='bbox 3594 2762 3662 2803; x_wconf 90' lang='lat' dir='ltr'>eo</span> 
     </span>
    </p>
   </div>
   <div class='ocr_carea' id='block_1_58' title="bbox 2022 2827 3652 2906">
    <p class='ocr_par' dir='ltr' id='par_1_58' title="bbox 2022 2827 3652 2906">
     <span class='ocr_line' id='line_1_58' title="bbox 2022 2827 3652 2906; baseline 0.004 -21"><span class='ocrx_word' id='word_1_488' title='bbox 2022 2828 2348 2901; x_wconf 88' lang='lat' dir='ltr'><strong>imperante</strong></span> <span class='ocrx_word' id='word_1_489' title='bbox 2377 2827 2577 2885; x_wconf 67' lang='lat' dir='ltr'><strong>multa:</strong></span> <span class='ocrx_word' id='word_1_490' title='bbox 2625 2830 2935 2900; x_wconf 76' lang='lat' dir='ltr'><strong>provincias</strong></span> <span class='ocrx_word' id='word_1_491' title='bbox 2993 2831 3214 2889; x_wconf 88' lang='lat' dir='ltr'><strong>colonis</strong></span> <span class='ocrx_word' id='word_1_492' title='bbox 3270 2839 3452 2891; x_wconf 63' lang='lat' dir='ltr'><strong>aucta:</strong></span> <span class='ocrx_word' id='word_1_493' title='bbox 3512 2835 3652 2906; x_wconf 88' lang='lat' dir='ltr'><strong>sint,</strong></span> 
     </span>
    </p>
   </div>
   <div class='ocr_carea' id='block_1_59' title="bbox 2021 2919 3655 2994">
    <p class='ocr_par' dir='ltr' id='par_1_59' title="bbox 2021 2919 3655 2994">
     <span class='ocr_line' id='line_1_59' title="bbox 2021 2919 3655 2994; baseline 0.003 -18"><span class='ocrx_word' id='word_1_494' title='bbox 2021 2935 2153 2976; x_wconf 89' lang='lat' dir='ltr'>cum</span> <span class='ocrx_word' id='word_1_495' title='bbox 2186 2919 2460 2991; x_wconf 88' lang='lat' dir='ltr'><strong>quisque,</strong></span> <span class='ocrx_word' id='word_1_496' title='bbox 2492 2920 2817 2976; x_wconf 86' lang='lat' dir='ltr'><strong>sccundum</strong></span> <span class='ocrx_word' id='word_1_497' title='bbox 2852 2921 3255 2994; x_wconf 89' lang='lat' dir='ltr'><strong>propheticum</strong></span> <span class='ocrx_word' id='word_1_498' title='bbox 3271 2924 3515 2993; x_wconf 90' lang='lat' dir='ltr'><strong>dictum,</strong></span> <span class='ocrx_word' id='word_1_499' title='bbox 3547 2926 3655 2981; x_wconf 90' lang='lat' dir='ltr'>sub</span> 
     </span>
    </p>
   </div>
   <div class='ocr_carea' id='block_1_60' title="bbox 2019 3008 3654 3081">
    <p class='ocr_par' dir='ltr' id='par_1_60' title="bbox 2019 3008 3654 3081">
     <span class='ocr_line' id='line_1_60' title="bbox 2019 3008 3654 3081; baseline 0.004 -17"><span class='ocrx_word' id='word_1_500' title='bbox 2019 3008 2227 3064; x_wconf 88' lang='lat' dir='ltr'><strong>umbra</strong></span> <span class='ocrx_word' id='word_1_501' title='bbox 2260 3025 2502 3065; x_wconf 82' lang='lat' dir='ltr'><strong>suarum</strong></span> <span class='ocrx_word' id='word_1_502' title='bbox 2558 3008 2836 3065; x_wconf 90' lang='lat' dir='ltr'><strong>arborum</strong></span> <span class='ocrx_word' id='word_1_503' title='bbox 2896 3010 3220 3081; x_wconf 87' lang='lat' dir='ltr'><strong>recubarct,</strong></span> <span class='ocrx_word' id='word_1_504' title='bbox 3253 3017 3310 3069; x_wconf 90' lang='lat' dir='ltr'>et</span> <span class='ocrx_word' id='word_1_505' title='bbox 3356 3014 3654 3072; x_wconf 82' lang='lat' dir='ltr'><strong>vindemia</strong></span> 
     </span>
    </p>
   </div>
   <div class='ocr_carea' id='block_1_61' title="bbox 2019 3099 3658 3179">
    <p class='ocr_par' dir='ltr' id='par_1_61' title="bbox 2019 3099 3658 3179">
     <span class='ocr_line' id='line_1_61' title="bbox 2019 3099 3658 3179; baseline 0.002 -22"><span class='ocrx_word' id='word_1_506' title='bbox 2019 3104 2255 3173; x_wconf 87' lang='lat' dir='ltr'><strong>peracta</strong></span> <span class='ocrx_word' id='word_1_507' title='bbox 2283 3104 2341 3155; x_wconf 90' lang='lat' dir='ltr'>et</span> <span class='ocrx_word' id='word_1_508' title='bbox 2369 3099 2638 3172; x_wconf 78' lang='lat' dir='ltr'><strong>frugibus</strong></span> <span class='ocrx_word' id='word_1_509' title='bbox 2693 3102 3074 3173; x_wconf 85' lang='lat' dir='ltr'><strong>comportatis</strong></span> <span class='ocrx_word' id='word_1_510' title='bbox 3133 3102 3398 3160; x_wconf 87' lang='lat' dir='ltr'><strong>hilariter</strong></span> <span class='ocrx_word' id='word_1_511' title='bbox 3454 3104 3658 3179; x_wconf 87' lang='lat' dir='ltr'><strong>epula-</strong></span> 
     </span>
    </p>
   </div>
   <div class='ocr_carea' id='block_1_62' title="bbox 2022 3185 3658 3259">
    <p class='ocr_par' dir='ltr' id='par_1_62' title="bbox 2022 3185 3658 3259">
     <span class='ocr_line' id='line_1_62' title="bbox 2022 3185 3658 3259; baseline 0.003 -17"><span class='ocrx_word' id='word_1_512' title='bbox 2022 3190 2197 3242; x_wconf 89' lang='lat' dir='ltr'><strong>retur.</strong></span> <span class='ocrx_word' id='word_1_513' title='bbox 2236 3190 2293 3242; x_wconf 93' lang='lat' dir='ltr'>et</span> <span class='ocrx_word' id='word_1_514' title='bbox 2321 3185 2574 3242; x_wconf 78' lang='lat' dir='ltr'><strong>suaviter</strong></span> <span class='ocrx_word' id='word_1_515' title='bbox 2606 3185 2890 3242; x_wconf 88' lang='lat' dir='ltr'><strong>dormiret</strong></span> <span class='ocrx_word' id='word_1_516' title='bbox 2934 3204 3048 3243; x_wconf 90' lang='lat' dir='ltr'>non</span> <span class='ocrx_word' id='word_1_517' title='bbox 3098 3190 3403 3259; x_wconf 69' lang='lat' dir='ltr'><strong>quaestoris</strong></span> <span class='ocrx_word' id='word_1_518' title='bbox 3462 3190 3658 3247; x_wconf 89' lang='lat' dir='ltr'><strong>minus</strong></span> 
     </span>
    </p>
   </div>
   <div class='ocr_carea' id='block_1_63' title="bbox 2020 3275 3651 3348">
    <p class='ocr_par' dir='ltr' id='par_1_63' title="bbox 2020 3275 3651 3348">
     <span class='ocr_line' id='line_1_63' title="bbox 2020 3275 3651 3348; baseline 0.004 -18"><span class='ocrx_word' id='word_1_519' title='bbox 2020 3275 2252 3344; x_wconf 85' lang='lat' dir='ltr'><strong>timens,</strong></span> <span class='ocrx_word' id='word_1_520' title='bbox 2284 3290 2397 3331; x_wconf 90' lang='lat' dir='ltr'>non</span> <span class='ocrx_word' id='word_1_521' title='bbox 2428 3280 2753 3333; x_wconf 83' lang='lat' dir='ltr'><strong>exactorem</strong></span> <span class='ocrx_word' id='word_1_522' title='bbox 2786 3291 3021 3332; x_wconf 76' lang='lat' dir='ltr'><strong>avarum</strong></span> <span class='ocrx_word' id='word_1_523' title='bbox 3078 3282 3462 3348; x_wconf 84' lang='lat' dir='ltr'><strong>exspectans:</strong></span> <span class='ocrx_word' id='word_1_524' title='bbox 3498 3280 3651 3337; x_wconf 74' lang='lat'><strong>422</strong></span> 
     </span>
    </p>
   </div>
   <div class='ocr_carea' id='block_1_64' title="bbox 2020 3363 3654 3435">
    <p class='ocr_par' dir='ltr' id='par_1_64' title="bbox 2020 3363 3654 3435">
     <span class='ocr_line' id='line_1_64' title="bbox 2020 3363 3654 3435; baseline 0.002 -15"><span class='ocrx_word' id='word_1_525' title='bbox 2020 3364 2119 3421; x_wconf 80' lang='lat' dir='ltr'>sed</span> <span class='ocrx_word' id='word_1_526' title='bbox 2151 3364 2202 3420; x_wconf 90' lang='lat' dir='ltr'>si</span> <span class='ocrx_word' id='word_1_527' title='bbox 2232 3363 2442 3421; x_wconf 64' lang='lat' dir='ltr'><strong>Caesari</strong></span> <span class='ocrx_word' id='word_1_528' title='bbox 2483 3364 2717 3421; x_wconf 73' lang='lat' dir='ltr'><strong>dederat</strong></span> <span class='ocrx_word' id='word_1_529' title='bbox 2763 3380 2891 3435; x_wconf 72' lang='lat' dir='ltr'>qum</span> <span class='ocrx_word' id='word_1_530' title='bbox 2949 3368 3117 3420; x_wconf 84' lang='lat' dir='ltr'><strong>erant</strong></span> <span class='ocrx_word' id='word_1_531' title='bbox 3171 3364 3431 3434; x_wconf 65' lang='lat' dir='ltr'><strong>Caesaris,</strong></span> <span class='ocrx_word' id='word_1_532' title='bbox 3483 3384 3654 3425; x_wconf 88' lang='lat' dir='ltr'><strong>nemo</strong></span> 
     </span>
    </p>
   </div>
   <div class='ocr_carea' id='block_1_65' title="bbox 2021 3452 3661 3525">
    <p class='ocr_par' dir='ltr' id='par_1_65' title="bbox 2021 3452 3661 3525">
     <span class='ocr_line' id='line_1_65' title="bbox 2021 3452 3661 3525; baseline 0.002 -16"><span class='ocrx_word' id='word_1_533' title='bbox 2021 3458 2145 3510; x_wconf 87' lang='lat' dir='ltr'><strong>erat</strong></span> <span class='ocrx_word' id='word_1_534' title='bbox 2188 3453 2290 3524; x_wconf 89' lang='lat' dir='ltr'>qui</span> <span class='ocrx_word' id='word_1_535' title='bbox 2331 3453 2465 3525; x_wconf 88' lang='lat' dir='ltr'><strong>plus</strong></span> <span class='ocrx_word' id='word_1_536' title='bbox 2496 3453 2569 3509; x_wconf 87' lang='lat' dir='ltr'>ab</span> <span class='ocrx_word' id='word_1_537' title='bbox 2627 3470 2694 3510; x_wconf 91' lang='lat' dir='ltr'>eo</span> <span class='ocrx_word' id='word_1_538' title='bbox 2741 3452 3065 3525; x_wconf 87' lang='lat' dir='ltr'><strong>postularet</strong></span> <span class='ocrx_word' id='word_1_539' title='bbox 3097 3454 3380 3511; x_wconf 88' lang='lat' dir='ltr'><strong>autetiam</strong></span> <span class='ocrx_word' id='word_1_540' title='bbox 3403 3456 3661 3513; x_wconf 86' lang='lat' dir='ltr'><strong>tunicam</strong></span> 
     </span>
    </p>
   </div>
   <div class='ocr_carea' id='block_1_66' title="bbox 2020 3541 3660 3618">
    <p class='ocr_par' dir='ltr' id='par_1_66' title="bbox 2020 3541 3660 3618">
     <span class='ocr_line' id='line_1_66' title="bbox 2020 3541 3660 3618; baseline 0.002 -19"><span class='ocrx_word' id='word_1_541' title='bbox 2020 3541 2336 3615; x_wconf 86' lang='lat' dir='ltr'><strong>aliquando</strong></span> <span class='ocrx_word' id='word_1_542' title='bbox 2371 3542 2691 3615; x_wconf 90' lang='lat' dir='ltr'><strong>eriperetet</strong></span> <span class='ocrx_word' id='word_1_543' title='bbox 2724 3543 3005 3601; x_wconf 82' lang='lat' dir='ltr'><strong>violenter</strong></span> <span class='ocrx_word' id='word_1_544' title='bbox 3034 3546 3101 3601; x_wconf 83' lang='lat' dir='ltr'>ad</span> <span class='ocrx_word' id='word_1_545' title='bbox 3140 3560 3342 3602; x_wconf 75' lang='lat' dir='ltr'><strong>necem</strong></span> <span class='ocrx_word' id='word_1_546' title='bbox 3376 3546 3660 3618; x_wconf 84' lang='lat' dir='ltr'><strong>adigeret.</strong></span> 
     </span>
    </p>
   </div>
   <div class='ocr_carea' id='block_1_67' title="bbox 2021 3633 3665 3707">
    <p class='ocr_par' dir='ltr' id='par_1_67' title="bbox 2021 3633 3665 3707">
     <span class='ocr_line' id='line_1_67' title="bbox 2021 3633 3665 3707; baseline 0.001 -18"><span class='ocrx_word' id='word_1_547' title='bbox 2021 3633 2168 3689; x_wconf 87' lang='lat' dir='ltr'>Nam</span> <span class='ocrx_word' id='word_1_548' title='bbox 2200 3637 2519 3705; x_wconf 67' lang='lat' dir='ltr'><strong>quasstores</strong></span> <span class='ocrx_word' id='word_1_549' title='bbox 2568 3634 2641 3690; x_wconf 87' lang='lat' dir='ltr'>ad</span> <span class='ocrx_word' id='word_1_550' title='bbox 2707 3634 3025 3691; x_wconf 85' lang='lat' dir='ltr'><strong>Andronici</strong></span> <span class='ocrx_word' id='word_1_551' title='bbox 3073 3635 3521 3707; x_wconf 84' lang='lat' dir='ltr'><strong>appellationem</strong></span> <span class='ocrx_word' id='word_1_552' title='bbox 3581 3636 3665 3692; x_wconf 83' lang='lat' dir='ltr'>ita</span> 
     </span>
    </p>
   </div>
   <div class='ocr_carea' id='block_1_68' title="bbox 2021 3722 3666 3803">
    <p class='ocr_par' dir='ltr' id='par_1_68' title="bbox 2021 3722 3666 3803">
     <span class='ocr_line' id='line_1_68' title="bbox 2021 3722 3666 3803; baseline 0.001 -25"><span class='ocrx_word' id='word_1_553' title='bbox 2021 3722 2414 3790; x_wconf 88' lang='lat' dir='ltr'><strong>terrebantur,</strong></span> <span class='ocrx_word' id='word_1_554' title='bbox 2448 3727 2512 3803; x_wconf 86' lang='lat' dir='ltr'>ut</span> <span class='ocrx_word' id='word_1_555' title='bbox 2543 3738 2780 3794; x_wconf 84' lang='lat' dir='ltr'><strong>rapaces</strong></span> <span class='ocrx_word' id='word_1_556' title='bbox 2825 3723 3042 3794; x_wconf 86' lang='lat' dir='ltr'><strong>alioqui</strong></span> <span class='ocrx_word' id='word_1_557' title='bbox 3103 3740 3314 3779; x_wconf 87' lang='lat' dir='ltr'><strong>manus</strong></span> <span class='ocrx_word' id='word_1_558' title='bbox 3367 3723 3537 3780; x_wconf 79' lang='lat' dir='ltr'><strong>facile</strong></span> <span class='ocrx_word' id='word_1_559' title='bbox 3594 3724 3666 3780; x_wconf 91' lang='lat' dir='ltr'>ab</span> 
     </span>
    </p>
   </div>
   <div class='ocr_carea' id='block_1_69' title="bbox 2024 3810 3665 3885">
    <p class='ocr_par' dir='ltr' id='par_1_69' title="bbox 2024 3810 3665 3885">
     <span class='ocr_line' id='line_1_69' title="bbox 2024 3810 3665 3885; baseline 0 -17"><span class='ocrx_word' id='word_1_560' title='bbox 2024 3811 2214 3868; x_wconf 89' lang='lat' dir='ltr'><strong>alieno</strong></span> <span class='ocrx_word' id='word_1_561' title='bbox 2237 3810 2621 3879; x_wconf 81' lang='lat' dir='ltr'><strong>abstinerent,</strong></span> <span class='ocrx_word' id='word_1_562' title='bbox 2665 3826 2733 3867; x_wconf 92' lang='lat' dir='ltr'>ac</span> <span class='ocrx_word' id='word_1_563' title='bbox 2778 3828 3019 3868; x_wconf 88' lang='lat' dir='ltr'><strong>munera</strong></span> <span class='ocrx_word' id='word_1_564' title='bbox 3054 3810 3208 3868; x_wconf 91' lang='lat' dir='ltr'><strong>ultro</strong></span> <span class='ocrx_word' id='word_1_565' title='bbox 3239 3829 3273 3867; x_wconf 88' lang='lat' dir='ltr'>a</span> <span class='ocrx_word' id='word_1_566' title='bbox 3329 3811 3665 3885; x_wconf 88' lang='lat' dir='ltr'><strong>provincia-</strong></span> 
     </span>
    </p>
   </div>
   <div class='ocr_carea' id='block_1_70' title="bbox 2025 3898 3663 3972">
    <p class='ocr_par' dir='ltr' id='par_1_70' title="bbox 2025 3898 3663 3972">
     <span class='ocr_line' id='line_1_70' title="bbox 2025 3898 3663 3972; baseline 0.002 -18"><span class='ocrx_word' id='word_1_567' title='bbox 2025 3898 2180 3955; x_wconf 89' lang='lat' dir='ltr'><strong>libus</strong></span> <span class='ocrx_word' id='word_1_568' title='bbox 2201 3899 2397 3956; x_wconf 91' lang='lat' dir='ltr'><strong>oblata</strong></span> <span class='ocrx_word' id='word_1_569' title='bbox 2435 3903 2716 3970; x_wconf 84' lang='lat' dir='ltr'><strong>tanquam</strong></span> <span class='ocrx_word' id='word_1_570' title='bbox 2749 3904 2941 3971; x_wconf 87' lang='lat' dir='ltr'><strong>pestes</strong></span> <span class='ocrx_word' id='word_1_571' title='bbox 2972 3898 3289 3972; x_wconf 88' lang='lat' dir='ltr'><strong>aliquando</strong></span> <span class='ocrx_word' id='word_1_572' title='bbox 3311 3917 3663 3958; x_wconf 87' lang='lat' dir='ltr'><strong>aversaren-</strong></span> 
     </span>
    </p>
   </div>
   <div class='ocr_carea' id='block_1_71' title="bbox 2026 3989 3662 4064">
    <p class='ocr_par' dir='ltr' id='par_1_71' title="bbox 2026 3989 3662 4064">
     <span class='ocr_line' id='line_1_71' title="bbox 2026 3989 3662 4064; baseline 0.002 -19"><span class='ocrx_word' id='word_1_573' title='bbox 2026 3993 2140 4045; x_wconf 88' lang='lat' dir='ltr'><strong>tur.</strong></span> <span class='ocrx_word' id='word_1_574' title='bbox 2173 3990 2243 4045; x_wconf 87' lang='lat' dir='ltr'>Et</span> <span class='ocrx_word' id='word_1_575' title='bbox 2270 3989 2418 4061; x_wconf 89' lang='lat' dir='ltr'><strong>quod</strong></span> <span class='ocrx_word' id='word_1_576' title='bbox 2449 3989 2643 4061; x_wconf 79' lang='lat' dir='ltr'><strong>majus</strong></span> <span class='ocrx_word' id='word_1_577' title='bbox 2678 3992 2787 4057; x_wconf 90' lang='lat' dir='ltr'><strong>est,</strong></span> <span class='ocrx_word' id='word_1_578' title='bbox 2820 4006 2954 4045; x_wconf 89' lang='lat' dir='ltr'>cum</span> <span class='ocrx_word' id='word_1_579' title='bbox 2988 3990 3369 4060; x_wconf 85' lang='lat' dir='ltr'><strong>magistratus</strong></span> <span class='ocrx_word' id='word_1_580' title='bbox 3412 3991 3471 4046; x_wconf 91' lang='lat' dir='ltr'>in</span> <span class='ocrx_word' id='word_1_581' title='bbox 3532 4007 3662 4064; x_wconf 84' lang='lat' dir='ltr'><strong>pro-</strong></span> 
     </span>
    </p>
   </div>
   <div class='ocr_carea' id='block_1_72' title="bbox 2024 4076 3668 4150">
    <p class='ocr_par' dir='ltr' id='par_1_72' title="bbox 2024 4076 3668 4150">
     <span class='ocr_line' id='line_1_72' title="bbox 2024 4076 3668 4150; baseline 0.002 -17"><span class='ocrx_word' id='word_1_582' title='bbox 2024 4077 2247 4134; x_wconf 89' lang='lat' dir='ltr'><strong>vincias</strong></span> <span class='ocrx_word' id='word_1_583' title='bbox 2317 4076 2644 4150; x_wconf 81' lang='lat' dir='ltr'><strong>ablegabat,</strong></span> <span class='ocrx_word' id='word_1_584' title='bbox 2708 4076 2873 4150; x_wconf 83' lang='lat' dir='ltr'><strong>larga</strong></span> <span class='ocrx_word' id='word_1_585' title='bbox 2948 4078 3034 4134; x_wconf 91' lang='lat' dir='ltr'>eis</span> <span class='ocrx_word' id='word_1_586' title='bbox 3091 4077 3384 4149; x_wconf 90' lang='lat' dir='ltr'><strong>stipendia</strong></span> <span class='ocrx_word' id='word_1_587' title='bbox 3465 4079 3668 4146; x_wconf 87' lang='lat' dir='ltr'><strong>dabat,</strong></span> 
     </span>
    </p>
   </div>
   <div class='ocr_carea' id='block_1_73' title="bbox 261 4154 1921 4251">
    <p class='ocr_par' dir='ltr' id='par_1_73' title="bbox 261 4154 1919 4244">
     <span class='ocr_line' id='line_1_73' title="bbox 261 4154 1919 4244; baseline -0.008 -21"><span class='ocrx_word' id='word_1_588' title='bbox 261 4187 425 4244; x_wconf 85' lang='grc' dir='ltr'>σαρος</span> <span class='ocrx_word' id='word_1_589' title='bbox 459 4166 690 4239; x_wconf 81' lang='grc' dir='ltr'>Καίσαρι</span> <span class='ocrx_word' id='word_1_590' title='bbox 720 4159 1015 4224; x_wconf 69' lang='grc' dir='ltr'>ἀποδιδοὺς</span> <span class='ocrx_word' id='word_1_591' title='bbox 1046 4156 1234 4215; x_wconf 71' lang='grc' dir='ltr'>οὐδὲνα</span> <span class='ocrx_word' id='word_1_592' title='bbox 1261 4159 1353 4214; x_wconf 89' lang='grc' dir='ltr'>τὸν</span> <span class='ocrx_word' id='word_1_593' title='bbox 1379 4154 1771 4212; x_wconf 75' lang='grc' dir='ltr'>ἑπιδιπλοῦντα</span> <span class='ocrx_word' id='word_1_594' title='bbox 1804 4156 1919 4231; x_wconf 78' lang='grc' dir='ltr'>εἶχε</span> 
     </span>
    </p>
   </div>
   <div class='ocr_carea' id='block_1_74' title="bbox 2028 4154 3673 4251">
    <p class='ocr_par' dir='ltr' id='par_1_74' title="bbox 2032 4164 3673 4241">
     <span class='ocr_line' id='line_1_74' title="bbox 2032 4164 3673 4241; baseline 0.001 -20"><span class='ocrx_word' id='word_1_595' title='bbox 2032 4164 2327 4237; x_wconf 82' lang='lat' dir='ltr'><strong>simulque</strong></span> <span class='ocrx_word' id='word_1_596' title='bbox 2348 4164 2733 4221; x_wconf 87' lang='lat' dir='ltr'><strong>denuntiabat</strong></span> <span class='ocrx_word' id='word_1_597' title='bbox 2764 4182 2912 4237; x_wconf 85' lang='lat' dir='ltr'><strong>quas</strong></span> <span class='ocrx_word' id='word_1_598' title='bbox 2944 4182 3143 4239; x_wconf 73' lang='lat' dir='ltr'><strong>poenas</strong></span> <span class='ocrx_word' id='word_1_599' title='bbox 3175 4169 3468 4237; x_wconf 74' lang='lat' dir='ltr'><strong>suajussa</strong></span> <span class='ocrx_word' id='word_1_600' title='bbox 3498 4167 3673 4241; x_wconf 88' lang='lat' dir='ltr'><strong>negli-</strong></span> 
     </span>
    </p>
   </div>
   <div class='ocr_carea' id='block_1_75' title="bbox 260 4242 1928 4331">
    <p class='ocr_par' dir='ltr' id='par_1_75' title="bbox 260 4242 1928 4331">
     <span class='ocr_line' id='line_1_75' title="bbox 260 4242 1928 4331; baseline -0.008 -18"><span class='ocrx_word' id='word_1_601' title='bbox 260 4242 538 4331; x_wconf 15' lang='grc' dir='ltr'>τὸήκὲρμα</span> <span class='ocrx_word' id='word_1_602' title='bbox 564 4253 657 4309; x_wconf 85' lang='grc' dir='ltr'>καὶ</span> <span class='ocrx_word' id='word_1_603' title='bbox 701 4253 765 4309; x_wconf 83' lang='grc' dir='ltr'>τὸ</span> <span class='ocrx_word' id='word_1_604' title='bbox 793 4249 1064 4308; x_wconf 73' lang='grc' dir='ltr'>τάλαντον</span> <span class='ocrx_word' id='word_1_605' title='bbox 1123 4246 1664 4317; x_wconf 74' lang='grc' dir='ltr'>πολυπλασιάζοντα,</span> <span class='ocrx_word' id='word_1_606' title='bbox 1717 4242 1829 4301; x_wconf 77' lang='grc' dir='ltr'>ἔστι</span> <span class='ocrx_word' id='word_1_607' title='bbox 1880 4243 1928 4300; x_wconf 72' lang='grc' dir='ltr'>δ’</span> 
     </span>
    </p>
   </div>
   <div class='ocr_carea' id='block_1_76' title="bbox 266 4335 1929 4423">
    <p class='ocr_par' dir='ltr' id='par_1_76' title="bbox 266 4335 1929 4423">
     <span class='ocr_line' id='line_1_76' title="bbox 266 4335 1929 4423; baseline -0.008 -20"><span class='ocrx_word' id='word_1_608' title='bbox 266 4346 360 4403; x_wconf 75' lang='grc' dir='ltr'>ὅτε</span> <span class='ocrx_word' id='word_1_609' title='bbox 388 4346 481 4400; x_wconf 84' lang='grc' dir='ltr'>καὶ</span> <span class='ocrx_word' id='word_1_610' title='bbox 511 4346 574 4400; x_wconf 86' lang='grc' dir='ltr'>τὸ</span> <span class='ocrx_word' id='word_1_611' title='bbox 604 4342 869 4423; x_wconf 82' lang='grc' dir='ltr'>χιτώνιον</span> <span class='ocrx_word' id='word_1_612' title='bbox 899 4341 1376 4417; x_wconf 79' lang='grc' dir='ltr'>προσαπαιτοῦντα</span> <span class='ocrx_word' id='word_1_613' title='bbox 1405 4335 1493 4391; x_wconf 78' lang='grc' dir='ltr'>καὶ</span> <span class='ocrx_word' id='word_1_614' title='bbox 1537 4336 1599 4390; x_wconf 87' lang='grc' dir='ltr'>τὸ</span> <span class='ocrx_word' id='word_1_615' title='bbox 1657 4336 1929 4411; x_wconf 76' lang='grc' dir='ltr'>ψυχάριον</span> 
     </span>
    </p>
   </div>
   <div class='ocr_carea' id='block_1_77' title="bbox 266 4422 1925 4509">
    <p class='ocr_par' dir='ltr' id='par_1_77' title="bbox 266 4422 1925 4509">
     <span class='ocr_line' id='line_1_77' title="bbox 266 4422 1925 4509; baseline -0.009 -16"><span class='ocrx_word' id='word_1_616' title='bbox 266 4436 408 4493; x_wconf 79' lang='grc' dir='ltr'>αὐτὸ</span> <span class='ocrx_word' id='word_1_617' title='bbox 483 4422 758 4493; x_wconf 77' lang='grc' dir='ltr'>πολλάκις</span> <span class='ocrx_word' id='word_1_618' title='bbox 824 4428 1271 4509; x_wconf 75' lang='grc' dir='ltr'>ἀναχρέμψασθαι</span> <span class='ocrx_word' id='word_1_619' title='bbox 1314 4425 1543 4506; x_wconf 32' lang='grc' dir='ltr'>,βιαίως</span> <span class='ocrx_word' id='word_1_620' title='bbox 1596 4422 1925 4501; x_wconf 72' lang='grc' dir='ltr'>ἐγκείμενον.</span> 
     </span>
    </p>
   </div>
   <div class='ocr_carea' id='block_1_78' title="bbox 264 4511 1927 4601">
    <p class='ocr_par' dir='ltr' id='par_1_78' title="bbox 264 4511 1927 4601">
     <span class='ocr_line' id='line_1_78' title="bbox 264 4511 1927 4601; baseline -0.008 -20"><span class='ocrx_word' id='word_1_621' title='bbox 264 4531 370 4582; x_wconf 83' lang='grc' dir='ltr'>ἹῙν</span> <span class='ocrx_word' id='word_1_622' title='bbox 403 4524 509 4601; x_wconf 82' lang='grc' dir='ltr'>γάρ</span> <span class='ocrx_word' id='word_1_623' title='bbox 542 4525 578 4594; x_wconf 94' lang='grc' dir='ltr'>ἡ</span> <span class='ocrx_word' id='word_1_624' title='bbox 606 4519 953 4598; x_wconf 70' lang='grc' dir='ltr'>’Δνδρονίκου</span> <span class='ocrx_word' id='word_1_625' title='bbox 984 4515 1273 4589; x_wconf 83' lang='grc' dir='ltr'>ἐπίκλησις</span> <span class='ocrx_word' id='word_1_626' title='bbox 1323 4515 1415 4571; x_wconf 79' lang='grc' dir='ltr'>οἷά</span> <span class='ocrx_word' id='word_1_627' title='bbox 1468 4536 1521 4570; x_wconf 89' lang='grc' dir='ltr'>τι</span> <span class='ocrx_word' id='word_1_628' title='bbox 1556 4511 1805 4587; x_wconf 64' lang='grc' dir='ltr'>ὀλέθριον</span> <span class='ocrx_word' id='word_1_629' title='bbox 1837 4521 1927 4576; x_wconf 85' lang='grc' dir='ltr'>καὶ</span> 
     </span>
    </p>
   </div>
   <div class='ocr_carea' id='block_1_79' title="bbox 266 4602 1927 4687">
    <p class='ocr_par' dir='ltr' id='par_1_79' title="bbox 266 4602 1927 4687">
     <span class='ocr_line' id='line_1_79' title="bbox 266 4602 1927 4687; baseline -0.007 -16"><span class='ocrx_word' id='word_1_630' title='bbox 266 4610 715 4670; x_wconf 78' lang='grc' dir='ltr'>διασκεδαστικδν</span> <span class='ocrx_word' id='word_1_631' title='bbox 768 4615 876 4666; x_wconf 82' lang='grc' dir='ltr'>τῶν</span> <span class='ocrx_word' id='word_1_632' title='bbox 930 4606 1253 4687; x_wconf 73' lang='grc' dir='ltr'>φορολόγων</span> <span class='ocrx_word' id='word_1_633' title='bbox 1307 4602 1524 4678; x_wconf 77' lang='grc' dir='ltr'>ἔπᾳσμα</span> <span class='ocrx_word' id='word_1_634' title='bbox 1568 4603 1658 4659; x_wconf 79' lang='grc' dir='ltr'>καὶ</span> <span class='ocrx_word' id='word_1_635' title='bbox 1717 4605 1927 4683; x_wconf 71' lang='grc' dir='ltr'>φαρμά-</span> 
     </span>
    </p>
   </div>
   <div class='ocr_carea' id='block_1_80' title="bbox 262 4691 1929 4778">
    <p class='ocr_par' dir='ltr' id='par_1_80' title="bbox 262 4691 1929 4778">
     <span class='ocr_line' id='line_1_80' title="bbox 262 4691 1929 4778; baseline -0.007 -18"><span class='ocrx_word' id='word_1_636' title='bbox 262 4724 473 4778; x_wconf 87' lang='grc' dir='ltr'>κευμα,</span> <span class='ocrx_word' id='word_1_637' title='bbox 521 4702 617 4757; x_wconf 87' lang='grc' dir='ltr'>καὶ</span> <span class='ocrx_word' id='word_1_638' title='bbox 674 4697 1041 4771; x_wconf 81' lang='grc' dir='ltr'>δυσήκουστον</span> <span class='ocrx_word' id='word_1_639' title='bbox 1095 4691 1373 4776; x_wconf 69' lang='grc' dir='ltr'>φόϐητρον</span> <span class='ocrx_word' id='word_1_640' title='bbox 1424 4699 1541 4754; x_wconf 86' lang='grc' dir='ltr'>τοῖς</span> <span class='ocrx_word' id='word_1_641' title='bbox 1598 4691 1716 4748; x_wconf 78' lang='grc' dir='ltr'>ὅσοι</span> <span class='ocrx_word' id='word_1_642' title='bbox 1783 4693 1929 4768; x_wconf 80' lang='grc' dir='ltr'>παρά</span> 
     </span>
    </p>
   </div>
   <div class='ocr_carea' id='block_1_81' title="bbox 260 4783 1928 4865">
    <p class='ocr_par' dir='ltr' id='par_1_81' title="bbox 260 4783 1928 4865">
     <span class='ocr_line' id='line_1_81' title="bbox 260 4783 1928 4865; baseline -0.008 -14"><span class='ocrx_word' id='word_1_643' title='bbox 260 4796 331 4851; x_wconf 74' lang='grc' dir='ltr'>τὰ</span> <span class='ocrx_word' id='word_1_644' title='bbox 414 4788 810 4865; x_wconf 71' lang='grc' dir='ltr'>διατεταγμένα</span> <span class='ocrx_word' id='word_1_645' title='bbox 899 4784 1275 4862; x_wconf 61' lang='grc' dir='ltr'>εἰσέπραττον,</span> <span class='ocrx_word' id='word_1_646' title='bbox 1337 4783 1426 4838; x_wconf 75' lang='grc' dir='ltr'>καὶ</span> <span class='ocrx_word' id='word_1_647' title='bbox 1510 4784 1777 4857; x_wconf 82' lang='grc' dir='ltr'>νάρκωσις</span> <span class='ocrx_word' id='word_1_648' title='bbox 1837 4784 1928 4838; x_wconf 83' lang='grc' dir='ltr'>καὶ</span> 
     </span>
    </p>
   </div>
   <div class='ocr_carea' id='block_1_82' title="bbox 264 4871 1925 4959">
    <p class='ocr_par' dir='ltr' id='par_1_82' title="bbox 264 4871 1925 4959">
     <span class='ocr_line' id='line_1_82' title="bbox 264 4871 1925 4959; baseline -0.007 -21"><span class='ocrx_word' id='word_1_649' title='bbox 264 4884 500 4958; x_wconf 67' lang='grc' dir='ltr'>πάρεσις</span> <span class='ocrx_word' id='word_1_650' title='bbox 560 4883 763 4959; x_wconf 77' lang='grc' dir='ltr'>χειρῶν</span> <span class='ocrx_word' id='word_1_651' title='bbox 824 4878 881 4932; x_wconf 85' lang='grc' dir='ltr'>αἳ</span> <span class='ocrx_word' id='word_1_652' title='bbox 939 4876 1075 4954; x_wconf 88' lang='grc' dir='ltr'>πρὸς</span> <span class='ocrx_word' id='word_1_653' title='bbox 1134 4874 1299 4948; x_wconf 83' lang='grc' dir='ltr'>μόνον</span> <span class='ocrx_word' id='word_1_654' title='bbox 1349 4872 1608 4950; x_wconf 56' lang='grc' dir='ltr'>ἀφεώρων</span> <span class='ocrx_word' id='word_1_655' title='bbox 1664 4871 1925 4948; x_wconf 79' lang='grc' dir='ltr'>πρότερον</span> 
     </span>
    </p>
   </div>
   <div class='ocr_carea' id='block_1_83' title="bbox 263 4958 1926 5037">
    <p class='ocr_par' dir='ltr' id='par_1_83' title="bbox 263 4958 1926 5037">
     <span class='ocr_line' id='line_1_83' title="bbox 263 4958 1926 5037; baseline -0.007 -8"><span class='ocrx_word' id='word_1_656' title='bbox 263 4973 329 5029; x_wconf 87' lang='grc' dir='ltr'>τὸ</span> <span class='ocrx_word' id='word_1_657' title='bbox 376 4958 595 5028; x_wconf 48' lang='grc' dir='ltr'>λαϐεῖν,</span> <span class='ocrx_word' id='word_1_658' title='bbox 624 4965 867 5029; x_wconf 78' lang='grc' dir='ltr'>Πολλοῖς</span> <span class='ocrx_word' id='word_1_659' title='bbox 902 4962 960 5020; x_wconf 74' lang='grc' dir='ltr'>δὶ</span> <span class='ocrx_word' id='word_1_660' title='bbox 997 4963 1087 5019; x_wconf 81' lang='grc' dir='ltr'>καὶ</span> <span class='ocrx_word' id='word_1_661' title='bbox 1140 4963 1203 5019; x_wconf 89' lang='grc' dir='ltr'>τὸ</span> <span class='ocrx_word' id='word_1_662' title='bbox 1271 4963 1356 5037; x_wconf 84' lang='grc' dir='ltr'>[Ρ.</span> <span class='ocrx_word' id='word_1_663' title='bbox 1416 4964 1541 5033; x_wconf 80' lang='grc'>209]</span> <span class='ocrx_word' id='word_1_664' title='bbox 1600 4958 1926 5024; x_wconf 63' lang='grc' dir='ltr'>ἐθελουσίως</span> 
     </span>
    </p>
   </div>
   <div class='ocr_carea' id='block_1_84' title="bbox 265 5050 1930 5138">
    <p class='ocr_par' dir='ltr' id='par_1_84' title="bbox 265 5050 1930 5138">
     <span class='ocr_line' id='line_1_84' title="bbox 265 5050 1930 5138; baseline -0.008 -21"><span class='ocrx_word' id='word_1_665' title='bbox 265 5057 752 5138; x_wconf 85' lang='grc' dir='ltr'>ἀποχαριζόμενον</span> <span class='ocrx_word' id='word_1_666' title='bbox 849 5052 1227 5128; x_wconf 69' lang='grc' dir='ltr'>ἀπεπὲμπετο,</span> <span class='ocrx_word' id='word_1_667' title='bbox 1282 5050 1461 5127; x_wconf 75' lang='grc' dir='ltr'>ὥσπερ</span> <span class='ocrx_word' id='word_1_668' title='bbox 1535 5052 1632 5121; x_wconf 73' lang='grc' dir='ltr'>σὴς</span> <span class='ocrx_word' id='word_1_669' title='bbox 1720 5052 1930 5131; x_wconf 63' lang='grc' dir='ltr'>ὑφορῶ-</span> 
     </span>
    </p>
   </div>
   <div class='ocr_carea' id='block_1_85' title="bbox 270 5142 1927 5226">
    <p class='ocr_par' dir='ltr' id='par_1_85' title="bbox 270 5142 1927 5226">
     <span class='ocr_line' id='line_1_85' title="bbox 270 5142 1927 5226; baseline -0.006 -19"><span class='ocrx_word' id='word_1_670' title='bbox 270 5172 433 5226; x_wconf 76' lang='grc' dir='ltr'>μενον</span> <span class='ocrx_word' id='word_1_671' title='bbox 461 5153 570 5205; x_wconf 86' lang='grc' dir='ltr'>τῶν</span> <span class='ocrx_word' id='word_1_672' title='bbox 601 5147 823 5209; x_wconf 75' lang='grc' dir='ltr'>ἐκείνοις</span> <span class='ocrx_word' id='word_1_673' title='bbox 851 5145 1189 5219; x_wconf 87' lang='grc' dir='ltr'>προσόντων,</span> <span class='ocrx_word' id='word_1_674' title='bbox 1233 5142 1268 5212; x_wconf 75' lang='grc' dir='ltr'><strong>ἢ</strong></span> <span class='ocrx_word' id='word_1_675' title='bbox 1334 5142 1486 5213; x_wconf 69' lang='grc' dir='ltr'>ἕτερα</span> <span class='ocrx_word' id='word_1_676' title='bbox 1544 5163 1625 5204; x_wconf 85' lang='grc' dir='ltr'>τις</span> <span class='ocrx_word' id='word_1_677' title='bbox 1658 5142 1927 5219; x_wconf 61' lang='grc' dir='ltr'>ιροαρτικὴ</span> 
     </span>
    </p>
   </div>
   <div class='ocr_carea' id='block_1_86' title="bbox 267 5227 1928 5313">
    <p class='ocr_par' dir='ltr' id='par_1_86' title="bbox 267 5227 1928 5313">
     <span class='ocr_line' id='line_1_86' title="bbox 267 5227 1928 5313; baseline -0.007 -18"><span class='ocrx_word' id='word_1_678' title='bbox 267 5238 507 5313; x_wconf 63' lang='grc' dir='ltr'>δύναμις</span> <span class='ocrx_word' id='word_1_679' title='bbox 537 5238 599 5293; x_wconf 84' lang='grc' dir='ltr'>τὸ</span> <span class='ocrx_word' id='word_1_680' title='bbox 638 5235 996 5311; x_wconf 82' lang='grc' dir='ltr'>προσεγγίζον</span> <span class='ocrx_word' id='word_1_681' title='bbox 1028 5231 1335 5288; x_wconf 85' lang='grc' dir='ltr'>ἀπολλῦσα.</span> <span class='ocrx_word' id='word_1_682' title='bbox 1377 5231 1455 5286; x_wconf 87' lang='grc' dir='ltr'>Τὸ</span> <span class='ocrx_word' id='word_1_683' title='bbox 1498 5228 1556 5285; x_wconf 70' lang='grc' dir='ltr'>δὲ</span> <span class='ocrx_word' id='word_1_684' title='bbox 1611 5227 1677 5300; x_wconf 79' lang='grc' dir='ltr'>δὴ</span> <span class='ocrx_word' id='word_1_685' title='bbox 1723 5237 1928 5304; x_wconf 82' lang='grc' dir='ltr'>μεῖζον,</span> 
     </span>
    </p>
   </div>
   <div class='ocr_carea' id='block_1_87' title="bbox 262 5318 1929 5404">
    <p class='ocr_par' dir='ltr' id='par_1_87' title="bbox 262 5318 1929 5404">
     <span class='ocr_line' id='line_1_87' title="bbox 262 5318 1929 5404; baseline -0.008 -17"><span class='ocrx_word' id='word_1_686' title='bbox 262 5332 360 5387; x_wconf 81' lang='grc' dir='ltr'>καὶ</span> <span class='ocrx_word' id='word_1_687' title='bbox 411 5327 603 5403; x_wconf 86' lang='grc' dir='ltr'>ἆδροῖς</span> <span class='ocrx_word' id='word_1_688' title='bbox 662 5327 921 5404; x_wconf 78' lang='grc' dir='ltr'>ὀψωνίοις</span> <span class='ocrx_word' id='word_1_689' title='bbox 992 5323 1216 5403; x_wconf 76' lang='grc' dir='ltr'>ἐνιαχοῦ</span> <span class='ocrx_word' id='word_1_690' title='bbox 1274 5318 1574 5400; x_wconf 66' lang='grc' dir='ltr'>ἐφοδιάζων</span> <span class='ocrx_word' id='word_1_691' title='bbox 1653 5320 1779 5384; x_wconf 73' lang='grc' dir='ltr'>τοὺς</span> <span class='ocrx_word' id='word_1_692' title='bbox 1835 5321 1929 5385; x_wconf 81' lang='grc' dir='ltr'>τὰς</span> 
     </span>
    </p>
   </div>
   <div class='ocr_carea' id='block_1_88' title="bbox 267 5410 1931 5496">
    <p class='ocr_par' dir='ltr' id='par_1_88' title="bbox 267 5410 1931 5496">
     <span class='ocr_line' id='line_1_88' title="bbox 267 5410 1931 5496; baseline -0.007 -19"><span class='ocrx_word' id='word_1_693' title='bbox 267 5418 580 5496; x_wconf 77' lang='grc' dir='ltr'>δημοσίους</span> <span class='ocrx_word' id='word_1_694' title='bbox 612 5413 1093 5489; x_wconf 74' lang='grc' dir='ltr'>ἀναζωννυμένους</span> <span class='ocrx_word' id='word_1_695' title='bbox 1122 5412 1321 5488; x_wconf 80' lang='grc' dir='ltr'>ἀρχὰς,</span> <span class='ocrx_word' id='word_1_696' title='bbox 1378 5411 1467 5467; x_wconf 84' lang='grc' dir='ltr'>καὶ</span> <span class='ocrx_word' id='word_1_697' title='bbox 1526 5411 1625 5466; x_wconf 86' lang='grc' dir='ltr'>’ὀσα</span> <span class='ocrx_word' id='word_1_698' title='bbox 1655 5410 1931 5466; x_wconf 76' lang='grc' dir='ltr'>πείσονται</span> 
     </span>
    </p>
   </div>
   <div class='ocr_carea' id='block_1_89' title="bbox 268 5497 1933 5581">
    <p class='ocr_par' dir='ltr' id='par_1_89' title="bbox 268 5497 1933 5581">
     <span class='ocr_line' id='line_1_89' title="bbox 268 5497 1933 5581; baseline -0.008 -14"><span class='ocrx_word' id='word_1_699' title='bbox 268 5509 424 5567; x_wconf 78' lang='grc' dir='ltr'>δεινά</span> <span class='ocrx_word' id='word_1_700' title='bbox 451 5510 549 5571; x_wconf 82' lang='grc' dir='ltr'>τὰς</span> <span class='ocrx_word' id='word_1_701' title='bbox 578 5504 743 5564; x_wconf 73' lang='grc' dir='ltr'>αῧτοῦ</span> <span class='ocrx_word' id='word_1_702' title='bbox 786 5499 1276 5581; x_wconf 79' lang='grc' dir='ltr'>παραϐλεψάμενοι</span> <span class='ocrx_word' id='word_1_703' title='bbox 1334 5498 1557 5561; x_wconf 75' lang='grc' dir='ltr'>ἐντολὰς</span> <span class='ocrx_word' id='word_1_704' title='bbox 1623 5497 1933 5576; x_wconf 66' lang='grc' dir='ltr'>προαγγέλ-</span> 
     </span>
    </p>
   </div>
   <div class='ocr_carea' id='block_1_90' title="bbox 268 5587 1932 5674">
    <p class='ocr_par' dir='ltr' id='par_1_90' title="bbox 268 5587 1932 5674">
     <span class='ocr_line' id='line_1_90' title="bbox 268 5587 1932 5674; baseline -0.008 -17"><span class='ocrx_word' id='word_1_705' title='bbox 268 5603 416 5674; x_wconf 87' lang='grc' dir='ltr'>λων,</span> <span class='ocrx_word' id='word_1_706' title='bbox 448 5599 628 5661; x_wconf 71' lang='grc' dir='ltr'>οὕτως</span> <span class='ocrx_word' id='word_1_707' title='bbox 658 5595 975 5670; x_wconf 68' lang='grc' dir='ltr'>ἐξέπεμπεν,</span> <span class='ocrx_word' id='word_1_708' title='bbox 1007 5591 1109 5649; x_wconf 76' lang='grc' dir='ltr'>οὐκ</span> <span class='ocrx_word' id='word_1_709' title='bbox 1176 5589 1371 5653; x_wconf 84' lang='grc' dir='ltr'>ὠνίους</span> <span class='ocrx_word' id='word_1_710' title='bbox 1407 5587 1606 5651; x_wconf 73' lang='grc' dir='ltr'>ταύτας</span> <span class='ocrx_word' id='word_1_711' title='bbox 1635 5594 1750 5651; x_wconf 84' lang='grc' dir='ltr'>τοῖς</span> <span class='ocrx_word' id='word_1_712' title='bbox 1806 5589 1932 5664; x_wconf 85' lang='grc' dir='ltr'>βου-</span> 
     </span>
    </p>
   </div>
   <div class='ocr_carea' id='block_1_91' title="bbox 262 5674 1932 5766">
    <p class='ocr_par' dir='ltr' id='par_1_91' title="bbox 262 5674 1932 5766">
     <span class='ocr_line' id='line_1_91' title="bbox 262 5674 1932 5766; baseline -0.009 -18"><span class='ocrx_word' id='word_1_713' title='bbox 262 5690 537 5766; x_wconf 64' lang='grc' dir='ltr'>λομένοις</span> <span class='ocrx_word' id='word_1_714' title='bbox 568 5681 907 5762; x_wconf 77' lang='grc' dir='ltr'>προϐάλλων</span> <span class='ocrx_word' id='word_1_715' title='bbox 941 5681 1032 5739; x_wconf 83' lang='grc' dir='ltr'>καὶ</span> <span class='ocrx_word' id='word_1_716' title='bbox 1064 5686 1179 5745; x_wconf 90' lang='grc' dir='ltr'>τοῖς</span> <span class='ocrx_word' id='word_1_717' title='bbox 1218 5680 1278 5736; x_wconf 70' lang='grc' dir='ltr'>ἐκ</span> <span class='ocrx_word' id='word_1_718' title='bbox 1344 5675 1577 5756; x_wconf 88' lang='grc' dir='ltr'>τριόδων</span> <span class='ocrx_word' id='word_1_719' title='bbox 1637 5674 1932 5747; x_wconf 78' lang='grc' dir='ltr'>ἀποδιδοὺς</span> 
     </span>
    </p>
   </div>
   <div class='ocr_carea' id='block_1_92' title="bbox 598 5797 1377 5869">
    <p class='ocr_par' dir='ltr' id='par_1_92' title="bbox 598 5797 1377 5869">
     <span class='ocr_line' id='line_1_92' title="bbox 598 5797 1377 5869; baseline -0.01 0"><span class='ocrx_word' id='word_1_720' title='bbox 598 5810 856 5869; x_wconf 57' lang='lat' dir='ltr'><strong>Peraea.</strong></span> <span class='ocrx_word' id='word_1_721' title='bbox 903 5805 1013 5867; x_wconf 80' lang='lat' dir='ltr'><strong>Gn.</strong></span> <span class='ocrx_word' id='word_1_722' title='bbox 1060 5797 1377 5865; x_wconf 85' lang='lat' dir='ltr'>CXXXIX.</span> 
     </span>
    </p>
   </div>
   <div class='ocr_carea' id='block_1_93' title="bbox 1966 5558 2015 5620">
    <p class='ocr_par' dir='ltr' id='par_1_93' title="bbox 1966 5558 2015 5620">
     <span class='ocr_line' id='line_1_93' title="bbox 1966 5558 2015 5620; baseline 0 0"><span class='ocrx_word' id='word_1_723' title='bbox 1966 5558 2015 5620; x_wconf 80' lang='grc' dir='ltr'>ι)</span> 
     </span>
    </p>
   </div>
   <div class='ocr_carea' id='block_1_94' title="bbox 2038 4254 3674 4329">
    <p class='ocr_par' dir='ltr' id='par_1_94' title="bbox 2038 4254 3674 4329">
     <span class='ocr_line' id='line_1_94' title="bbox 2038 4254 3674 4329; baseline 0.002 -19"><span class='ocrx_word' id='word_1_724' title='bbox 2038 4254 2313 4329; x_wconf 83' lang='lat' dir='ltr'><strong>gentibus</strong></span> <span class='ocrx_word' id='word_1_725' title='bbox 2341 4254 2705 4326; x_wconf 82' lang='lat' dir='ltr'><strong>irrogaturus</strong></span> <span class='ocrx_word' id='word_1_726' title='bbox 2744 4259 2919 4311; x_wconf 87' lang='lat' dir='ltr'><strong>esset.</strong></span> <span class='ocrx_word' id='word_1_727' title='bbox 2982 4254 3181 4327; x_wconf 86' lang='lat' dir='ltr'><strong>Neque</strong></span> <span class='ocrx_word' id='word_1_728' title='bbox 3230 4257 3385 4312; x_wconf 87' lang='lat' dir='ltr'><strong>enim</strong></span> <span class='ocrx_word' id='word_1_729' title='bbox 3444 4257 3674 4329; x_wconf 87' lang='lat' dir='ltr'><strong>publica</strong></span> 
     </span>
    </p>
   </div>
   <div class='ocr_carea' id='block_1_95' title="bbox 2038 4342 3672 4403">
    <p class='ocr_par' dir='ltr' id='par_1_95' title="bbox 2038 4342 3672 4403">
     <span class='ocr_line' id='line_1_95' title="bbox 2038 4342 3672 4403; baseline 0.002 -4"><span class='ocrx_word' id='word_1_730' title='bbox 2038 4359 2280 4399; x_wconf 80' lang='lat' dir='ltr'><strong>munera</strong></span> <span class='ocrx_word' id='word_1_731' title='bbox 2310 4343 2595 4399; x_wconf 76' lang='lat' dir='ltr'><strong>vendebat</strong></span> <span class='ocrx_word' id='word_1_732' title='bbox 2624 4347 2729 4399; x_wconf 92' lang='lat' dir='ltr'>aut</span> <span class='ocrx_word' id='word_1_733' title='bbox 2750 4342 2858 4399; x_wconf 88' lang='lat' dir='ltr'><strong>levi</strong></span> <span class='ocrx_word' id='word_1_734' title='bbox 2914 4345 3268 4401; x_wconf 84' lang='lat' dir='ltr'><strong>munusculo</strong></span> <span class='ocrx_word' id='word_1_735' title='bbox 3326 4346 3672 4403; x_wconf 90' lang='lat' dir='ltr'><strong>conciliatus</strong></span> 
     </span>
    </p>
   </div>
   <div class='ocr_carea' id='block_1_96' title="bbox 2036 4432 3674 4509">
    <p class='ocr_par' dir='ltr' id='par_1_96' title="bbox 2036 4432 3674 4509">
     <span class='ocr_line' id='line_1_96' title="bbox 2036 4432 3674 4509; baseline 0.001 -18"><span class='ocrx_word' id='word_1_736' title='bbox 2036 4432 2507 4499; x_wconf 84' lang='lat' dir='ltr'><strong>conferebat,sed</strong></span> <span class='ocrx_word' id='word_1_737' title='bbox 2539 4432 2814 4504; x_wconf 80' lang='lat' dir='ltr'><strong>gratuito,</strong></span> <span class='ocrx_word' id='word_1_738' title='bbox 2869 4432 3187 4505; x_wconf 86' lang='lat' dir='ltr'><strong>habitoque</strong></span> <span class='ocrx_word' id='word_1_739' title='bbox 3227 4433 3452 4492; x_wconf 88' lang='lat' dir='ltr'><strong>delectu</strong></span> <span class='ocrx_word' id='word_1_740' title='bbox 3489 4438 3674 4509; x_wconf 83' lang='lat' dir='ltr'><strong>magi-</strong></span> 
     </span>
    </p>
   </div>
   <div class='ocr_carea' id='block_1_97' title="bbox 2036 4522 3673 4601">
    <p class='ocr_par' dir='ltr' id='par_1_97' title="bbox 2036 4522 3673 4601">
     <span class='ocr_line' id='line_1_97' title="bbox 2036 4522 3673 4601; baseline 0.002 -21"><span class='ocrx_word' id='word_1_741' title='bbox 2036 4528 2255 4581; x_wconf 89' lang='lat' dir='ltr'><strong>stratus</strong></span> <span class='ocrx_word' id='word_1_742' title='bbox 2277 4522 2603 4580; x_wconf 90' lang='lat' dir='ltr'><strong>ordinabat.</strong></span> <span class='ocrx_word' id='word_1_743' title='bbox 2665 4526 2869 4595; x_wconf 88' lang='lat' dir='ltr'><strong>Itaque</strong></span> <span class='ocrx_word' id='word_1_744' title='bbox 2928 4524 3100 4580; x_wconf 87' lang='lat' dir='ltr'><strong>multi</strong></span> <span class='ocrx_word' id='word_1_745' title='bbox 3154 4524 3295 4581; x_wconf 89' lang='lat' dir='ltr'><strong>olim</strong></span> <span class='ocrx_word' id='word_1_746' title='bbox 3351 4526 3673 4601; x_wconf 79' lang='lat' dir='ltr'><strong>profugiet</strong></span> 
     </span>
    </p>
   </div>
   <div class='ocr_carea' id='block_1_98' title="bbox 2038 4611 3679 4689">
    <p class='ocr_par' dir='ltr' id='par_1_98' title="bbox 2038 4611 3679 4689">
     <span class='ocr_line' id='line_1_98' title="bbox 2038 4611 3679 4689; baseline 0.004 -20"><span class='ocrx_word' id='word_1_747' title='bbox 2038 4613 2286 4687; x_wconf 85' lang='lat' dir='ltr'><strong>publicis</strong></span> <span class='ocrx_word' id='word_1_748' title='bbox 2301 4611 2734 4670; x_wconf 85' lang='lat' dir='ltr'><strong>calamitatibus</strong></span> <span class='ocrx_word' id='word_1_749' title='bbox 2754 4614 3679 4689; x_wconf 85' lang='lat' dir='ltr'><strong>peneimmortui,quasiarchan-</strong></span> 
     </span>
    </p>
   </div>
   <div class='ocr_carea' id='block_1_99' title="bbox 2036 4703 3674 4779">
    <p class='ocr_par' dir='ltr' id='par_1_99' title="bbox 2036 4703 3674 4779">
     <span class='ocr_line' id='line_1_99' title="bbox 2036 4703 3674 4779; baseline 0.003 -20"><span class='ocrx_word' id='word_1_750' title='bbox 2036 4703 2151 4777; x_wconf 82' lang='lat' dir='ltr'><strong>geli</strong></span> <span class='ocrx_word' id='word_1_751' title='bbox 2182 4703 2325 4760; x_wconf 89' lang='lat' dir='ltr'><strong>tuba</strong></span> <span class='ocrx_word' id='word_1_752' title='bbox 2354 4705 2573 4772; x_wconf 83' lang='lat' dir='ltr'><strong>audita,</strong></span> <span class='ocrx_word' id='word_1_753' title='bbox 2605 4720 2675 4759; x_wconf 82' lang='lat' dir='ltr'><strong>ex</strong></span> <span class='ocrx_word' id='word_1_754' title='bbox 2730 4703 3012 4761; x_wconf 88' lang='lat' dir='ltr'><strong>diuturno</strong></span> <span class='ocrx_word' id='word_1_755' title='bbox 3072 4708 3311 4762; x_wconf 90' lang='lat' dir='ltr'><strong>veterno</strong></span> <span class='ocrx_word' id='word_1_756' title='bbox 3356 4708 3674 4779; x_wconf 83' lang='lat' dir='ltr'><strong>experrecti</strong></span> 
     </span>
    </p>
   </div>
   <div class='ocr_carea' id='block_1_100' title="bbox 2034 4792 3684 4866">
    <p class='ocr_par' dir='ltr' id='par_1_100' title="bbox 2034 4792 3684 4866">
     <span class='ocr_line' id='line_1_100' title="bbox 2034 4792 3684 4866; baseline 0.002 -17"><span class='ocrx_word' id='word_1_757' title='bbox 2034 4793 2385 4861; x_wconf 80' lang='lat' dir='ltr'><strong>revixeruni,</strong></span> <span class='ocrx_word' id='word_1_758' title='bbox 2445 4792 2691 4865; x_wconf 86' lang='lat' dir='ltr'><strong>pristina</strong></span> <span class='ocrx_word' id='word_1_759' title='bbox 2741 4792 3021 4851; x_wconf 80' lang='lat' dir='ltr'><strong>felicitate</strong></span> <span class='ocrx_word' id='word_1_760' title='bbox 3063 4801 3438 4866; x_wconf 88' lang='lat' dir='ltr'><strong>recuperata:</strong></span> <span class='ocrx_word' id='word_1_761' title='bbox 3501 4800 3558 4852; x_wconf 88' lang='lat' dir='ltr'>et</span> <span class='ocrx_word' id='word_1_762' title='bbox 3618 4800 3684 4852; x_wconf 88' lang='lat' dir='ltr'>ut</span> 
     </span>
    </p>
   </div>
   <div class='ocr_carea' id='block_1_101' title="bbox 2036 4881 3672 4956">
    <p class='ocr_par' dir='ltr' id='par_1_101' title="bbox 2036 4881 3672 4956">
     <span class='ocr_line' id='line_1_101' title="bbox 2036 4881 3672 4956; baseline -0.001 -17"><span class='ocrx_word' id='word_1_763' title='bbox 2036 4882 2353 4940; x_wconf 82' lang='lat' dir='ltr'><strong>Ezechielis</strong></span> <span class='ocrx_word' id='word_1_764' title='bbox 2373 4881 2517 4938; x_wconf 90' lang='lat' dir='ltr'><strong>visio</strong></span> <span class='ocrx_word' id='word_1_765' title='bbox 2550 4883 2737 4953; x_wconf 89' lang='lat' dir='ltr'><strong>docet,</strong></span> <span class='ocrx_word' id='word_1_766' title='bbox 2764 4899 2900 4939; x_wconf 91' lang='lat' dir='ltr'><strong>ossa</strong></span> <span class='ocrx_word' id='word_1_767' title='bbox 2928 4883 2999 4939; x_wconf 90' lang='lat' dir='ltr'>ad</span> <span class='ocrx_word' id='word_1_768' title='bbox 3035 4900 3167 4940; x_wconf 86' lang='lat' dir='ltr'><strong>ossa</strong></span> <span class='ocrx_word' id='word_1_769' title='bbox 3185 4884 3672 4956; x_wconf 86' lang='lat' dir='ltr'><strong>congerebantur,</strong></span> 
     </span>
    </p>
   </div>
   <div class='ocr_carea' id='block_1_102' title="bbox 2038 4971 3679 5045">
    <p class='ocr_par' dir='ltr' id='par_1_102' title="bbox 2038 4971 3679 5045">
     <span class='ocr_line' id='line_1_102' title="bbox 2038 4971 3679 5045; baseline -0.002 -15"><span class='ocrx_word' id='word_1_770' title='bbox 2038 4977 2204 5030; x_wconf 87' lang='lat' dir='ltr'><strong>artus</strong></span> <span class='ocrx_word' id='word_1_771' title='bbox 2221 4972 2465 5029; x_wconf 86' lang='lat' dir='ltr'><strong>artubus</strong></span> <span class='ocrx_word' id='word_1_772' title='bbox 2486 4972 3085 5045; x_wconf 86' lang='lat' dir='ltr'><strong>conjungebantur,et</strong></span> <span class='ocrx_word' id='word_1_773' title='bbox 3103 4973 3263 5028; x_wconf 90' lang='lat' dir='ltr'><strong>brevi</strong></span> <span class='ocrx_word' id='word_1_774' title='bbox 3281 4977 3544 5044; x_wconf 87' lang='lat' dir='ltr'><strong>tempore</strong></span> <span class='ocrx_word' id='word_1_775' title='bbox 3568 4971 3679 5041; x_wconf 87' lang='lat' dir='ltr'><strong>ple-</strong></span> 
     </span>
    </p>
   </div>
   <div class='ocr_carea' id='block_1_103' title="bbox 2038 5060 3686 5134">
    <p class='ocr_par' dir='ltr' id='par_1_103' title="bbox 2038 5060 3686 5134">
     <span class='ocr_line' id='line_1_103' title="bbox 2038 5060 3686 5134; baseline -0.002 -15"><span class='ocrx_word' id='word_1_776' title='bbox 2038 5078 2227 5134; x_wconf 76' lang='lat' dir='ltr'><strong>raeque</strong></span> <span class='ocrx_word' id='word_1_777' title='bbox 2259 5062 2433 5117; x_wconf 88' lang='lat' dir='ltr'><strong>urbes</strong></span> <span class='ocrx_word' id='word_1_778' title='bbox 2455 5066 2703 5118; x_wconf 85' lang='lat' dir='ltr'><strong>etvitam</strong></span> <span class='ocrx_word' id='word_1_779' title='bbox 2737 5060 2890 5118; x_wconf 71' lang='lat'>428</span> <span class='ocrx_word' id='word_1_780' title='bbox 2916 5066 2972 5116; x_wconf 89' lang='lat' dir='ltr'>et</span> <span class='ocrx_word' id='word_1_781' title='bbox 3005 5061 3280 5130; x_wconf 89' lang='lat' dir='ltr'><strong>pristinas</strong></span> <span class='ocrx_word' id='word_1_782' title='bbox 3297 5077 3434 5133; x_wconf 89' lang='lat' dir='ltr'><strong>opes</strong></span> <span class='ocrx_word' id='word_1_783' title='bbox 3451 5074 3686 5131; x_wconf 89' lang='lat' dir='ltr'><strong>recepe-</strong></span> 
     </span>
    </p>
   </div>
   <div class='ocr_carea' id='block_1_104' title="bbox 2040 5147 3685 5221">
    <p class='ocr_par' dir='ltr' id='par_1_104' title="bbox 2040 5147 3685 5221">
     <span class='ocr_line' id='line_1_104' title="bbox 2040 5147 3685 5221; baseline -0.002 -14"><span class='ocrx_word' id='word_1_784' title='bbox 2040 5155 2199 5208; x_wconf 90' lang='lat' dir='ltr'><strong>runt.</strong></span> <span class='ocrx_word' id='word_1_785' title='bbox 2231 5148 2445 5216; x_wconf 85' lang='lat' dir='ltr'><strong>Quodsi</strong></span> <span class='ocrx_word' id='word_1_786' title='bbox 2477 5150 2618 5221; x_wconf 92' lang='lat' dir='ltr'><strong>quid</strong></span> <span class='ocrx_word' id='word_1_787' title='bbox 2644 5165 2675 5205; x_wconf 91' lang='lat' dir='ltr'>e</span> <span class='ocrx_word' id='word_1_788' title='bbox 2708 5148 2951 5205; x_wconf 86' lang='lat' dir='ltr'><strong>Psalmis</strong></span> <span class='ocrx_word' id='word_1_789' title='bbox 2981 5148 3271 5204; x_wconf 87' lang='lat' dir='ltr'><strong>Davidicis</strong></span> <span class='ocrx_word' id='word_1_790' title='bbox 3299 5147 3685 5204; x_wconf 88' lang='lat' dir='ltr'><strong>inserendum</strong></span> 
     </span>
    </p>
   </div>
   <div class='ocr_carea' id='block_1_105' title="bbox 2039 5238 3690 5312">
    <p class='ocr_par' dir='ltr' id='par_1_105' title="bbox 2039 5238 3690 5312">
     <span class='ocr_line' id='line_1_105' title="bbox 2039 5238 3690 5312; baseline -0.002 -15"><span class='ocrx_word' id='word_1_791' title='bbox 2039 5247 2149 5312; x_wconf 90' lang='lat' dir='ltr'><strong>est,</strong></span> <span class='ocrx_word' id='word_1_792' title='bbox 2174 5242 2466 5298; x_wconf 88' lang='lat' dir='ltr'><strong>desertum</strong></span> <span class='ocrx_word' id='word_1_793' title='bbox 2502 5239 2743 5296; x_wconf 88' lang='lat' dir='ltr'><strong>mutavit</strong></span> <span class='ocrx_word' id='word_1_794' title='bbox 2768 5238 3009 5310; x_wconf 87' lang='lat' dir='ltr'><strong>paludes</strong></span> <span class='ocrx_word' id='word_1_795' title='bbox 3032 5242 3089 5294; x_wconf 92' lang='lat' dir='ltr'>et</span> <span class='ocrx_word' id='word_1_796' title='bbox 3119 5242 3328 5294; x_wconf 87' lang='lat' dir='ltr'><strong>terram</strong></span> <span class='ocrx_word' id='word_1_797' title='bbox 3359 5238 3584 5294; x_wconf 88' lang='lat' dir='ltr'><strong>aridam</strong></span> <span class='ocrx_word' id='word_1_798' title='bbox 3629 5238 3690 5294; x_wconf 89' lang='lat' dir='ltr'>in</span> 
     </span>
    </p>
   </div>
   <div class='ocr_carea' id='block_1_106' title="bbox 2041 5326 3688 5402">
    <p class='ocr_par' dir='ltr' id='par_1_106' title="bbox 2041 5326 3688 5402">
     <span class='ocr_line' id='line_1_106' title="bbox 2041 5326 3688 5402; baseline -0.002 -15"><span class='ocrx_word' id='word_1_799' title='bbox 2041 5330 2193 5387; x_wconf 85' lang='lat' dir='ltr'><strong>rivos</strong></span> <span class='ocrx_word' id='word_1_800' title='bbox 2224 5346 2533 5402; x_wconf 86' lang='lat' dir='ltr'><strong>aquarum.</strong></span> <span class='ocrx_word' id='word_1_801' title='bbox 2566 5327 2806 5384; x_wconf 83' lang='lat' dir='ltr'><strong>Publica</strong></span> <span class='ocrx_word' id='word_1_802' title='bbox 2835 5326 3135 5401; x_wconf 79' lang='lat' dir='ltr'><strong>vectigalia</strong></span> <span class='ocrx_word' id='word_1_803' title='bbox 3183 5327 3403 5400; x_wconf 89' lang='lat' dir='ltr'><strong>rapinis</strong></span> <span class='ocrx_word' id='word_1_804' title='bbox 3454 5331 3688 5385; x_wconf 86' lang='lat' dir='ltr'><strong>exacto-</strong></span> 
     </span>
    </p>
   </div>
   <div class='ocr_carea' id='block_1_107' title="bbox 2041 5416 3685 5492">
    <p class='ocr_par' dir='ltr' id='par_1_107' title="bbox 2041 5416 3685 5492">
     <span class='ocr_line' id='line_1_107' title="bbox 2041 5416 3685 5492; baseline 0 -19"><span class='ocrx_word' id='word_1_805' title='bbox 2041 5434 2173 5473; x_wconf 85' lang='lat' dir='ltr'>rum</span> <span class='ocrx_word' id='word_1_806' title='bbox 2209 5417 2597 5492; x_wconf 87' lang='lat' dir='ltr'><strong>reprimendis</strong></span> <span class='ocrx_word' id='word_1_807' title='bbox 2627 5418 2787 5474; x_wconf 87' lang='lat' dir='ltr'><strong>auxit</strong></span> <span class='ocrx_word' id='word_1_808' title='bbox 2819 5436 2834 5485; x_wconf 90' lang='lat'><strong>;</strong></span> <span class='ocrx_word' id='word_1_809' title='bbox 2861 5420 2917 5471; x_wconf 89' lang='lat' dir='ltr'>et</span> <span class='ocrx_word' id='word_1_810' title='bbox 2967 5416 3202 5473; x_wconf 90' lang='lat' dir='ltr'><strong>crebros</strong></span> <span class='ocrx_word' id='word_1_811' title='bbox 3252 5416 3581 5474; x_wconf 81' lang='lat' dir='ltr'><strong>exactiones</strong></span> <span class='ocrx_word' id='word_1_812' title='bbox 3612 5416 3685 5473; x_wconf 92' lang='lat' dir='ltr'>ab</span> 
     </span>
    </p>
   </div>
   <div class='ocr_carea' id='block_1_108' title="bbox 2042 5504 3682 5578">
    <p class='ocr_par' dir='ltr' id='par_1_108' title="bbox 2042 5504 3682 5578">
     <span class='ocr_line' id='line_1_108' title="bbox 2042 5504 3682 5578; baseline 0.001 -16"><span class='ocrx_word' id='word_1_813' title='bbox 2042 5504 2233 5563; x_wconf 87' lang='lat' dir='ltr'><strong>avaris</strong></span> <span class='ocrx_word' id='word_1_814' title='bbox 2254 5505 2643 5578; x_wconf 78' lang='lat' dir='ltr'><strong>quaestoribus</strong></span> <span class='ocrx_word' id='word_1_815' title='bbox 2674 5504 2986 5561; x_wconf 82' lang='lat' dir='ltr'><strong>obnoxium</strong></span> <span class='ocrx_word' id='word_1_816' title='bbox 3024 5504 3310 5578; x_wconf 89' lang='lat' dir='ltr'><strong>populum</strong></span> <span class='ocrx_word' id='word_1_817' title='bbox 3367 5504 3549 5564; x_wconf 89' lang='lat' dir='ltr'><strong>veluti</strong></span> <span class='ocrx_word' id='word_1_818' title='bbox 3575 5522 3682 5578; x_wconf 88' lang='lat' dir='ltr'>pa-</span> 
     </span>
    </p>
   </div>
   <div class='ocr_carea' id='block_1_109' title="bbox 2042 5593 3678 5669">
    <p class='ocr_par' dir='ltr' id='par_1_109' title="bbox 2042 5593 3678 5669">
     <span class='ocr_line' id='line_1_109' title="bbox 2042 5593 3678 5669; baseline 0.001 -18"><span class='ocrx_word' id='word_1_819' title='bbox 2042 5611 2176 5651; x_wconf 87' lang='lat' dir='ltr'>nem</span> <span class='ocrx_word' id='word_1_820' title='bbox 2207 5593 2616 5651; x_wconf 89' lang='lat' dir='ltr'><strong>devorantibus</strong></span> <span class='ocrx_word' id='word_1_821' title='bbox 2647 5596 2929 5665; x_wconf 87' lang='lat' dir='ltr'><strong>repertas,</strong></span> <span class='ocrx_word' id='word_1_822' title='bbox 2960 5597 3019 5651; x_wconf 89' lang='lat' dir='ltr'>et</span> <span class='ocrx_word' id='word_1_823' title='bbox 3037 5595 3353 5666; x_wconf 90' lang='lat' dir='ltr'><strong>quotannis</strong></span> <span class='ocrx_word' id='word_1_824' title='bbox 3376 5594 3545 5669; x_wconf 88' lang='lat' dir='ltr'><strong>quasi</strong></span> <span class='ocrx_word' id='word_1_825' title='bbox 3581 5597 3678 5653; x_wconf 87' lang='lat' dir='ltr'><strong>de-</strong></span> 
     </span>
    </p>
   </div>
   <div class='ocr_carea' id='block_1_110' title="bbox 2042 5682 3687 5756">
    <p class='ocr_par' dir='ltr' id='par_1_110' title="bbox 2042 5682 3687 5756">
     <span class='ocr_line' id='line_1_110' title="bbox 2042 5682 3687 5756; baseline 0.001 -15"><span class='ocrx_word' id='word_1_826' title='bbox 2042 5682 2230 5742; x_wconf 86' lang='lat' dir='ltr'><strong>bitum</strong></span> <span class='ocrx_word' id='word_1_827' title='bbox 2260 5682 2631 5756; x_wconf 79' lang='lat' dir='ltr'><strong>efﬂagitatas,</strong></span> <span class='ocrx_word' id='word_1_828' title='bbox 2671 5682 2743 5740; x_wconf 91' lang='lat' dir='ltr'>ad</span> <span class='ocrx_word' id='word_1_829' title='bbox 2778 5686 3003 5743; x_wconf 88' lang='lat' dir='ltr'><strong>certum</strong></span> <span class='ocrx_word' id='word_1_830' title='bbox 3028 5699 3341 5743; x_wconf 87' lang='lat' dir='ltr'><strong>numerum</strong></span> <span class='ocrx_word' id='word_1_831' title='bbox 3374 5684 3687 5743; x_wconf 85' lang='lat' dir='ltr'><strong>revocavit.</strong></span> 
     </span>
    </p>
   </div>
   <div class='ocr_carea' id='block_1_111' title="bbox 3284 5806 3364 5865">
    <p class='ocr_par' dir='ltr' id='par_1_111' title="bbox 3284 5806 3364 5865">
     <span class='ocr_line' id='line_1_111' title="bbox 3284 5806 3364 5865; baseline 0.013 -1"><span class='ocrx_word' id='word_1_832' title='bbox 3284 5806 3364 5865; x_wconf 78' lang='lat'><strong><em>22</em></strong></span> 
     </span>
    </p>
   </div>
  </div>
