  <div class='ocr_page' id='page_1' title='image "/cluster/home/n/w/nwhite01/storage/ocr_20150623/139/hvd.32044023361710/347.png"; bbox 0 0 4118 6200; ppageno 0'>
   <div class='ocr_carea' id='block_1_1' title="bbox 447 268 3820 370">
    <p class='ocr_par' dir='ltr' id='par_1_1' title="bbox 447 268 3820 370">
     <span class='ocr_line' id='line_1_1' title="bbox 447 268 3820 370; baseline -0.007 -17"><span class='ocrx_word' id='word_1_1' title='bbox 447 312 524 370; x_wconf 77' lang='lat'><strong>83</strong></span> <span class='ocrx_word' id='word_1_2' title='bbox 1719 279 2028 354; x_wconf 73' lang='grc' dir='ltr'>ΝΙΟΕΤᾸΞ</span> <span class='ocrx_word' id='word_1_3' title='bbox 2067 275 2490 340; x_wconf 66' lang='grc' dir='ltr'>ΕΗΟΝΙΑΤΕ</span> <span class='ocrx_word' id='word_1_4' title='bbox 3691 268 3820 329; x_wconf 72' lang='grc'>684</span> 
     </span>
    </p>
   </div>
   <div class='ocr_carea' id='block_1_2' title="bbox 412 399 3822 509">
    <p class='ocr_par' dir='ltr' id='par_1_2' title="bbox 412 399 3822 509">
     <span class='ocr_line' id='line_1_2' title="bbox 412 399 3822 509; baseline -0.027 -9"><span class='ocrx_word' id='word_1_5' title='bbox 412 437 680 509; x_wconf 79' lang='grc' dir='ltr'>ὁποιουδή</span> <span class='ocrx_word' id='word_1_6' title='bbox 711 453 861 496; x_wconf 90' lang='grc' dir='ltr'>τινος</span> <span class='ocrx_word' id='word_1_7' title='bbox 895 429 1156 505; x_wconf 85' lang='grc' dir='ltr'>δόματος,</span> <span class='ocrx_word' id='word_1_8' title='bbox 1189 423 1334 480; x_wconf 84' lang='grc' dir='ltr'>ἀλλά</span> <span class='ocrx_word' id='word_1_9' title='bbox 1365 419 1539 496; x_wconf 87' lang='grc' dir='ltr'>δῶρον</span> <span class='ocrx_word' id='word_1_10' title='bbox 1564 419 1658 478; x_wconf 87' lang='grc' dir='ltr'>τάς</span> <span class='ocrx_word' id='word_1_11' title='bbox 1691 413 2044 494; x_wconf 72' lang='grc' dir='ltr'>ἀρχαιρεσίας</span> <span class='ocrx_word' id='word_1_12' title='bbox 2074 412 2165 467; x_wconf 79' lang='grc' dir='ltr'>καὶ</span> <span class='ocrx_word' id='word_1_13' title='bbox 2197 407 2496 509; x_wconf 69' lang='grc' dir='ltr'>έπιλέγδην</span> <span class='ocrx_word' id='word_1_14' title='bbox 2528 403 2963 509; x_wconf 46' lang='grc' dir='ltr'>ῗεαρεχδμενος.κ</span> <span class='ocrx_word' id='word_1_15' title='bbox 2979 404 3138 462; x_wconf 67' lang='grc' dir='ltr'><strong>Ὅθεν</strong></span> <span class='ocrx_word' id='word_1_16' title='bbox 3208 402 3260 458; x_wconf 50' lang='grc' dir='ltr'>σι</span> <span class='ocrx_word' id='word_1_17' title='bbox 3313 399 3488 458; x_wconf 63' lang='grc' dir='ltr'>πάλαι</span> <span class='ocrx_word' id='word_1_18' title='bbox 3516 405 3600 474; x_wconf 69' lang='grc' dir='ltr'>τῷ</span> <span class='ocrx_word' id='word_1_19' title='bbox 3628 401 3822 477; x_wconf 58' lang='grc' dir='ltr'>χρόνῳ</span> 
     </span>
    </p>
   </div>
   <div class='ocr_carea' id='block_1_3' title="bbox 403 489 3826 607">
    <p class='ocr_par' dir='ltr' id='par_1_3' title="bbox 403 489 3826 607">
     <span class='ocr_line' id='line_1_3' title="bbox 414 489 1876 509; baseline -0.005 -11"><span class='ocrx_word' id='word_1_20' title='bbox 414 489 680 509; x_wconf 75' lang='grc'>-..------,</span> <span class='ocrx_word' id='word_1_21' title='bbox 963 489 975 505; x_wconf 89' lang='grc'>,</span> <span class='ocrx_word' id='word_1_22' title='bbox 1143 489 1153 496; x_wconf 90' lang='grc'>,</span> <span class='ocrx_word' id='word_1_23' title='bbox 1450 489 1460 496; x_wconf 87' lang='grc'>,</span> <span class='ocrx_word' id='word_1_24' title='bbox 1868 489 1876 490; x_wconf 60' lang='lat'><strong><em>,</em></strong></span> 
     </span>
     <span class='ocr_line' id='line_1_4' title="bbox 403 489 3826 607; baseline -0.014 -17"><span class='ocrx_word' id='word_1_25' title='bbox 403 526 796 607; x_wconf 82' lang='grc' dir='ltr'>παρασυρέντες</span> <span class='ocrx_word' id='word_1_26' title='bbox 862 519 952 574; x_wconf 79' lang='grc' dir='ltr'>καὶ</span> <span class='ocrx_word' id='word_1_27' title='bbox 1007 521 1126 579; x_wconf 87' lang='grc' dir='ltr'>τοῖς</span> <span class='ocrx_word' id='word_1_28' title='bbox 1179 516 1386 573; x_wconf 80' lang='grc' dir='ltr'>κοινοῖς</span> <span class='ocrx_word' id='word_1_29' title='bbox 1437 509 1724 586; x_wconf 74' lang='grc' dir='ltr'>πράγμασι</span> <span class='ocrx_word' id='word_1_30' title='bbox 1783 509 2004 560; x_wconf 90' lang='grc' dir='ltr'>νοσοῦσι</span> <span class='ocrx_word' id='word_1_31' title='bbox 2058 497 2465 576; x_wconf 69' lang='grc' dir='ltr'>κατενεχθέντες</span> <span class='ocrx_word' id='word_1_32' title='bbox 2504 497 2583 561; x_wconf 80' lang='grc' dir='ltr'>είς</span> <span class='ocrx_word' id='word_1_33' title='bbox 2623 499 2868 567; x_wconf 83' lang='grc' dir='ltr'>Θάνατον,</span> <span class='ocrx_word' id='word_1_34' title='bbox 2925 493 3108 570; x_wconf 83' lang='grc' dir='ltr'>ὥσπερ</span> <span class='ocrx_word' id='word_1_35' title='bbox 3167 489 3527 571; x_wconf 71' lang='grc' dir='ltr'>ἀρχαγγέλου</span> <span class='ocrx_word' id='word_1_36' title='bbox 3559 491 3713 551; x_wconf 85' lang='grc' dir='ltr'>τινὸς</span> <span class='ocrx_word' id='word_1_37' title='bbox 3744 489 3826 554; x_wconf 82' lang='grc' dir='ltr'>εἷς</span> 
     </span>
     <span class='ocr_line' id='line_1_5' title="bbox 1160 578 3821 607; baseline 0 0"><span class='ocrx_word' id='word_1_38' title='bbox 1160 602 1176 607; x_wconf 76' lang='grc'>-</span> <span class='ocrx_word' id='word_1_39' title='bbox 1246 601 1257 607; x_wconf 84' lang='grc'>-</span> <span class='ocrx_word' id='word_1_40' title='bbox 1571 599 1583 607; x_wconf 87' lang='grc'><em>.</em></span> <span class='ocrx_word' id='word_1_41' title='bbox 1778 593 1791 607; x_wconf 76' lang='grc' dir='ltr'><strong><em>ι</em></strong></span> <span class='ocrx_word' id='word_1_42' title='bbox 1989 592 2004 607; x_wconf 67' lang='grc' dir='ltr'>ο</span> <span class='ocrx_word' id='word_1_43' title='bbox 2151 590 2162 607; x_wconf 78' lang='grc'><strong><em>1</em></strong></span> <span class='ocrx_word' id='word_1_44' title='bbox 2435 589 2446 606; x_wconf 79' lang='lat' dir='ltr'>r</span> <span class='ocrx_word' id='word_1_45' title='bbox 2678 586 2695 607; x_wconf 59' lang='grc' dir='ltr'>κ</span> <span class='ocrx_word' id='word_1_46' title='bbox 2801 587 2815 606; x_wconf 74' lang='lat'><strong><em>\</em></strong></span> <span class='ocrx_word' id='word_1_47' title='bbox 2994 582 3016 607; x_wconf 56' lang='grc' dir='ltr'><strong>Χ</strong></span> <span class='ocrx_word' id='word_1_48' title='bbox 3041 605 3082 607; x_wconf 63' lang='lat'>__,</span> <span class='ocrx_word' id='word_1_49' title='bbox 3101 582 3152 607; x_wconf 49' lang='grc' dir='ltr'>3η</span> <span class='ocrx_word' id='word_1_50' title='bbox 3216 580 3467 607; x_wconf 60' lang='lat' dir='ltr'>l_.ln--__-</span> <span class='ocrx_word' id='word_1_51' title='bbox 3531 578 3821 607; x_wconf 32' lang='lat' dir='ltr'>_..&#39;----,._.-A-</span> 
     </span>
    </p>
   </div>
   <div class='ocr_carea' id='block_1_4' title="bbox 402 578 3821 680">
    <p class='ocr_par' dir='ltr' id='par_1_4' title="bbox 402 578 3821 680">
     <span class='ocr_line' id='line_1_6' title="bbox 411 578 1602 603; baseline -0.004 -17"><span class='ocrx_word' id='word_1_52' title='bbox 411 578 795 603; x_wconf 43' lang='grc' dir='ltr'>..--η--,,-.ν-.</span> <span class='ocrx_word' id='word_1_53' title='bbox 1115 578 1118 579; x_wconf 36' lang='grc' dir='ltr'>ν</span> <span class='ocrx_word' id='word_1_54' title='bbox 1483 578 1493 586; x_wconf 89' lang='grc'>,</span> <span class='ocrx_word' id='word_1_55' title='bbox 1565 578 1602 582; x_wconf 82' lang='lat'>_-</span> 
     </span>
     <span class='ocr_line' id='line_1_7' title="bbox 402 578 3821 680; baseline -0.012 -5"><span class='ocrx_word' id='word_1_56' title='bbox 402 585 726 676; x_wconf 44' lang='lat' dir='ltr'>15:.Exstvwv</span> <span class='ocrx_word' id='word_1_57' title='bbox 787 612 898 666; x_wconf 81' lang='grc' dir='ltr'>ὦτα</span> <span class='ocrx_word' id='word_1_58' title='bbox 963 601 1478 680; x_wconf 80' lang='grc' dir='ltr'>περισαλπίσάντος,</span> <span class='ocrx_word' id='word_1_59' title='bbox 1532 599 1626 653; x_wconf 84' lang='grc' dir='ltr'>τὸν</span> <span class='ocrx_word' id='word_1_60' title='bbox 1686 593 1910 672; x_wconf 86' lang='grc' dir='ltr'>χρόνιον</span> <span class='ocrx_word' id='word_1_61' title='bbox 1977 590 2330 647; x_wconf 86' lang='grc' dir='ltr'>ἀπεσείσαντο</span> <span class='ocrx_word' id='word_1_62' title='bbox 2383 589 2547 664; x_wconf 89' lang='grc' dir='ltr'>κάρον</span> <span class='ocrx_word' id='word_1_63' title='bbox 2605 586 2697 642; x_wconf 81' lang='grc' dir='ltr'>καὶ</span> <span class='ocrx_word' id='word_1_64' title='bbox 2757 587 2858 656; x_wconf 75' lang='grc' dir='ltr'>τήν</span> <span class='ocrx_word' id='word_1_65' title='bbox 2915 582 3153 641; x_wconf 70' lang='grc' dir='ltr'>παλαιὰν</span> <span class='ocrx_word' id='word_1_66' title='bbox 3212 580 3472 646; x_wconf 72' lang='grc' dir='ltr'>ἀπέθεντο</span> <span class='ocrx_word' id='word_1_67' title='bbox 3531 578 3821 656; x_wconf 75' lang='grc' dir='ltr'>νέκρωσιν·</span> 
     </span>
    </p>
   </div>
   <div class='ocr_carea' id='block_1_5' title="bbox 401 669 3819 770">
    <p class='ocr_par' dir='ltr' id='par_1_5' title="bbox 401 669 3819 770">
     <span class='ocr_line' id='line_1_8' title="bbox 401 669 3819 770; baseline -0.012 -6"><span class='ocrx_word' id='word_1_68' title='bbox 401 709 492 764; x_wconf 79' lang='grc' dir='ltr'>καὶ</span> <span class='ocrx_word' id='word_1_69' title='bbox 519 705 696 764; x_wconf 82' lang='grc' dir='ltr'>καθὼς</span> <span class='ocrx_word' id='word_1_70' title='bbox 748 702 783 770; x_wconf 77' lang='grc' dir='ltr'><strong>ἡ</strong></span> <span class='ocrx_word' id='word_1_71' title='bbox 840 701 938 754; x_wconf 85' lang='grc' dir='ltr'>τοῦ</span> <span class='ocrx_word' id='word_1_72' title='bbox 997 691 1258 764; x_wconf 75' lang='grc' dir='ltr'>Ἰεζεκιήλ</span> <span class='ocrx_word' id='word_1_73' title='bbox 1317 691 1501 766; x_wconf 83' lang='grc' dir='ltr'>’ὀρασις</span> <span class='ocrx_word' id='word_1_74' title='bbox 1563 685 1840 760; x_wconf 85' lang='grc' dir='ltr'>βούλεται,</span> <span class='ocrx_word' id='word_1_75' title='bbox 1908 683 2038 738; x_wconf 83' lang='grc' dir='ltr'>ὀστᾶ</span> <span class='ocrx_word' id='word_1_76' title='bbox 2091 683 2396 754; x_wconf 74' lang='grc' dir='ltr'>συνήγοντο</span> <span class='ocrx_word' id='word_1_77' title='bbox 2455 677 2594 752; x_wconf 86' lang='grc' dir='ltr'>πρὸς</span> <span class='ocrx_word' id='word_1_78' title='bbox 2655 677 2786 732; x_wconf 81' lang='grc' dir='ltr'>ὀστᾶ</span> <span class='ocrx_word' id='word_1_79' title='bbox 2839 676 2930 731; x_wconf 86' lang='grc' dir='ltr'>καί</span> <span class='ocrx_word' id='word_1_80' title='bbox 2987 673 3247 749; x_wconf 74' lang='grc' dir='ltr'>ἁρμονίαι</span> <span class='ocrx_word' id='word_1_81' title='bbox 3327 671 3464 746; x_wconf 87' lang='grc' dir='ltr'>πρὸς</span> <span class='ocrx_word' id='word_1_82' title='bbox 3525 669 3819 744; x_wconf 83' lang='grc' dir='ltr'>ἁρμονίας,</span> 
     </span>
    </p>
   </div>
   <div class='ocr_carea' id='block_1_6' title="bbox 397 758 3821 867">
    <p class='ocr_par' dir='ltr' id='par_1_6' title="bbox 397 758 3821 867">
     <span class='ocr_line' id='line_1_9' title="bbox 397 758 3821 867; baseline -0.011 -18"><span class='ocrx_word' id='word_1_83' title='bbox 397 797 488 850; x_wconf 78' lang='grc' dir='ltr'>καί</span> <span class='ocrx_word' id='word_1_84' title='bbox 515 793 571 849; x_wconf 81' lang='grc' dir='ltr'>ἐν</span> <span class='ocrx_word' id='word_1_85' title='bbox 608 792 808 867; x_wconf 81' lang='grc' dir='ltr'>βραχεῖ</span> <span class='ocrx_word' id='word_1_86' title='bbox 838 787 892 842; x_wconf 75' lang='grc' dir='ltr'>αἱ</span> <span class='ocrx_word' id='word_1_87' title='bbox 923 783 1174 840; x_wconf 88' lang='grc' dir='ltr'>πλεῖσται</span> <span class='ocrx_word' id='word_1_88' title='bbox 1203 786 1309 838; x_wconf 89' lang='grc' dir='ltr'>τῶν</span> <span class='ocrx_word' id='word_1_89' title='bbox 1339 781 1554 834; x_wconf 78' lang='grc' dir='ltr'>πόλεων</span> <span class='ocrx_word' id='word_1_90' title='bbox 1586 771 1878 831; x_wconf 77' lang='grc' dir='ltr'>ἀνεϐίωσαν</span> <span class='ocrx_word' id='word_1_91' title='bbox 1910 771 2001 828; x_wconf 75' lang='grc' dir='ltr'>καὶ</span> <span class='ocrx_word' id='word_1_92' title='bbox 2033 771 2096 827; x_wconf 86' lang='grc' dir='ltr'>τὸ</span> <span class='ocrx_word' id='word_1_93' title='bbox 2122 770 2314 846; x_wconf 86' lang='grc' dir='ltr'>πρώην</span> <span class='ocrx_word' id='word_1_94' title='bbox 2347 762 2622 824; x_wconf 72' lang='grc' dir='ltr'>ἀπέλαϐον</span> <span class='ocrx_word' id='word_1_95' title='bbox 2663 763 2940 840; x_wconf 65' lang='grc' dir='ltr'>εὔδαιμον.</span> <span class='ocrx_word' id='word_1_96' title='bbox 2975 763 3038 821; x_wconf 84' lang='grc' dir='ltr'>Εἰ</span> <span class='ocrx_word' id='word_1_97' title='bbox 3069 759 3128 818; x_wconf 76' lang='grc' dir='ltr'>δὲ</span> <span class='ocrx_word' id='word_1_98' title='bbox 3182 758 3263 816; x_wconf 88' lang='grc' dir='ltr'>δεῖ</span> <span class='ocrx_word' id='word_1_99' title='bbox 3315 781 3372 816; x_wconf 90' lang='grc' dir='ltr'>τι</span> <span class='ocrx_word' id='word_1_100' title='bbox 3425 759 3520 814; x_wconf 84' lang='grc' dir='ltr'>καὶ</span> <span class='ocrx_word' id='word_1_101' title='bbox 3575 763 3690 814; x_wconf 88' lang='grc' dir='ltr'>τῶν</span> <span class='ocrx_word' id='word_1_102' title='bbox 3721 761 3821 813; x_wconf 81' lang='grc' dir='ltr'>τοῦ</span> 
     </span>
     <span class='ocr_line' id='line_1_10' title="bbox 1688 848 3720 867; baseline -0 0"><span class='ocrx_word' id='word_1_103' title='bbox 1688 861 1713 867; x_wconf 79' lang='lat'>-.</span> <span class='ocrx_word' id='word_1_104' title='bbox 1881 861 1905 867; x_wconf 78' lang='grc'>-.</span> <span class='ocrx_word' id='word_1_105' title='bbox 2167 859 2181 867; x_wconf 92' lang='grc'><em>.</em></span> <span class='ocrx_word' id='word_1_106' title='bbox 2273 858 2331 867; x_wconf 85' lang='grc'>-.</span> <span class='ocrx_word' id='word_1_107' title='bbox 2533 855 2625 867; x_wconf 78' lang='grc'>....</span> <span class='ocrx_word' id='word_1_108' title='bbox 2878 855 2892 867; x_wconf 88' lang='grc'>.</span> <span class='ocrx_word' id='word_1_109' title='bbox 3001 860 3028 867; x_wconf 84' lang='lat'>_</span> <span class='ocrx_word' id='word_1_110' title='bbox 3124 853 3148 867; x_wconf 77' lang='lat'><em>..</em></span> <span class='ocrx_word' id='word_1_111' title='bbox 3227 849 3252 867; x_wconf 69' lang='grc' dir='ltr'>η.</span> <span class='ocrx_word' id='word_1_112' title='bbox 3437 851 3452 867; x_wconf 92' lang='grc'>.</span> <span class='ocrx_word' id='word_1_113' title='bbox 3541 848 3720 867; x_wconf 67' lang='grc' dir='ltr'>...η</span> 
     </span>
    </p>
   </div>
   <div class='ocr_carea' id='block_1_7' title="bbox 397 848 3821 960">
    <p class='ocr_par' dir='ltr' id='par_1_7' title="bbox 397 848 3821 960">
     <span class='ocr_line' id='line_1_11' title="bbox 397 848 3821 960; baseline -0.01 -20"><span class='ocrx_word' id='word_1_114' title='bbox 397 848 711 960; x_wconf 46' lang='grc' dir='ltr'>ψαλμῳιδοῦ</span> <span class='ocrx_word' id='word_1_115' title='bbox 743 873 908 936; x_wconf 75' lang='grc' dir='ltr'>Δαϐἲδ</span> <span class='ocrx_word' id='word_1_116' title='bbox 940 875 1168 938; x_wconf 86' lang='grc' dir='ltr'>ἐνταῦθα</span> <span class='ocrx_word' id='word_1_117' title='bbox 1199 872 1650 948; x_wconf 85' lang='grc' dir='ltr'>προσεπαγαγεῖν,</span> <span class='ocrx_word' id='word_1_118' title='bbox 1687 861 1837 930; x_wconf 74' lang='grc' dir='ltr'>ἔθετο</span> <span class='ocrx_word' id='word_1_119' title='bbox 1881 861 2087 936; x_wconf 82' lang='grc' dir='ltr'>ἔρημον</span> <span class='ocrx_word' id='word_1_120' title='bbox 2141 859 2216 923; x_wconf 85' lang='grc' dir='ltr'>είς</span> <span class='ocrx_word' id='word_1_121' title='bbox 2273 858 2467 931; x_wconf 88' lang='grc' dir='ltr'>λίμνας</span> <span class='ocrx_word' id='word_1_122' title='bbox 2528 855 2736 913; x_wconf 79' lang='grc' dir='ltr'>ὑδάτων</span> <span class='ocrx_word' id='word_1_123' title='bbox 2805 855 2896 910; x_wconf 78' lang='grc' dir='ltr'>καὶ</span> <span class='ocrx_word' id='word_1_124' title='bbox 2957 860 3059 930; x_wconf 79' lang='grc' dir='ltr'>γῆν</span> <span class='ocrx_word' id='word_1_125' title='bbox 3123 849 3350 927; x_wconf 77' lang='grc' dir='ltr'>ἃνυδρον</span> <span class='ocrx_word' id='word_1_126' title='bbox 3409 851 3488 915; x_wconf 72' lang='grc' dir='ltr'>εἷς</span> <span class='ocrx_word' id='word_1_127' title='bbox 3538 848 3821 922; x_wconf 75' lang='grc' dir='ltr'>διεξόδους</span> 
     </span>
    </p>
   </div>
   <div class='ocr_carea' id='block_1_8' title="bbox 396 941 3824 1039">
    <p class='ocr_par' dir='ltr' id='par_1_8' title="bbox 396 941 3824 1039">
     <span class='ocr_line' id='line_1_12' title="bbox 410 941 1540 960; baseline -0.014 0"><span class='ocrx_word' id='word_1_128' title='bbox 410 941 422 960; x_wconf 72' lang='grc'><strong>1</strong></span> <span class='ocrx_word' id='word_1_129' title='bbox 521 941 532 957; x_wconf 82' lang='grc'><strong>1</strong></span> <span class='ocrx_word' id='word_1_130' title='bbox 582 941 592 956; x_wconf 72' lang='grc' dir='ltr'>ι</span> <span class='ocrx_word' id='word_1_131' title='bbox 1245 941 1254 948; x_wconf 75' lang='grc' dir='ltr'>υ</span> <span class='ocrx_word' id='word_1_132' title='bbox 1461 941 1470 943; x_wconf 27' lang='grc' dir='ltr'>ἡ</span> <span class='ocrx_word' id='word_1_133' title='bbox 1529 941 1540 944; x_wconf 83' lang='grc'><strong><em>-</em></strong></span> 
     </span>
     <span class='ocr_line' id='line_1_13' title="bbox 396 941 3824 1039; baseline -0.008 -16"><span class='ocrx_word' id='word_1_134' title='bbox 396 971 634 1029; x_wconf 63' lang='grc' dir='ltr'>ὑδάτων,</span> <span class='ocrx_word' id='word_1_135' title='bbox 667 969 772 1029; x_wconf 77' lang='grc' dir='ltr'>Καὶ</span> <span class='ocrx_word' id='word_1_136' title='bbox 805 968 898 1030; x_wconf 83' lang='grc' dir='ltr'>τάς</span> <span class='ocrx_word' id='word_1_137' title='bbox 931 963 1230 1039; x_wconf 76' lang='grc' dir='ltr'>διασπορᾶς</span> <span class='ocrx_word' id='word_1_138' title='bbox 1261 959 1548 1031; x_wconf 81' lang='grc' dir='ltr'>ἐπισυνῆξε</span> <span class='ocrx_word' id='word_1_139' title='bbox 1571 961 1680 1012; x_wconf 90' lang='grc' dir='ltr'>τῶν</span> <span class='ocrx_word' id='word_1_140' title='bbox 1731 959 1827 1009; x_wconf 89' lang='grc' dir='ltr'>τοῦ</span> <span class='ocrx_word' id='word_1_141' title='bbox 1858 949 2132 1024; x_wconf 74' lang='grc' dir='ltr'>δημοσίου</span> <span class='ocrx_word' id='word_1_142' title='bbox 2177 945 2446 1005; x_wconf 87' lang='grc' dir='ltr'>τελεστῶν</span> <span class='ocrx_word' id='word_1_143' title='bbox 2505 947 2564 1002; x_wconf 82' lang='grc' dir='ltr'>ἐκ</span> <span class='ocrx_word' id='word_1_144' title='bbox 2615 951 2710 1002; x_wconf 83' lang='grc' dir='ltr'>τοῦ</span> <span class='ocrx_word' id='word_1_145' title='bbox 2756 949 2955 1001; x_wconf 86' lang='grc' dir='ltr'>παῦσαι</span> <span class='ocrx_word' id='word_1_146' title='bbox 3010 943 3137 1005; x_wconf 77' lang='grc' dir='ltr'>τοὺς</span> <span class='ocrx_word' id='word_1_147' title='bbox 3207 941 3267 997; x_wconf 81' lang='grc' dir='ltr'>ἐκ</span> <span class='ocrx_word' id='word_1_148' title='bbox 3323 945 3432 998; x_wconf 89' lang='grc' dir='ltr'>τῶν</span> <span class='ocrx_word' id='word_1_149' title='bbox 3494 942 3824 1018; x_wconf 88' lang='grc' dir='ltr'>πρακτόρων</span> 
     </span>
    </p>
   </div>
   <div class='ocr_carea' id='block_1_9' title="bbox 393 1028 3818 1134">
    <p class='ocr_par' dir='ltr' id='par_1_9' title="bbox 393 1028 3818 1134">
     <span class='ocr_line' id='line_1_14' title="bbox 393 1028 3818 1134; baseline -0.011 -15"><span class='ocrx_word' id='word_1_150' title='bbox 393 1059 798 1134; x_wconf 74' lang='grc' dir='ltr'>κονδυλισμοῦς</span> <span class='ocrx_word' id='word_1_151' title='bbox 831 1055 922 1111; x_wconf 78' lang='grc' dir='ltr'>καὶ</span> <span class='ocrx_word' id='word_1_152' title='bbox 954 1049 1234 1110; x_wconf 76' lang='grc' dir='ltr'>συστεῖλαι</span> <span class='ocrx_word' id='word_1_153' title='bbox 1265 1049 1341 1110; x_wconf 84' lang='grc' dir='ltr'>εἰς</span> <span class='ocrx_word' id='word_1_154' title='bbox 1375 1047 1678 1122; x_wconf 75' lang='grc' dir='ltr'>ὡρισμένον</span> <span class='ocrx_word' id='word_1_155' title='bbox 1711 1065 1764 1100; x_wconf 82' lang='grc' dir='ltr'>τι</span> <span class='ocrx_word' id='word_1_156' title='bbox 1795 1043 2016 1114; x_wconf 74' lang='grc' dir='ltr'>ζήτημα</span> <span class='ocrx_word' id='word_1_157' title='bbox 2068 1039 2162 1100; x_wconf 81' lang='grc' dir='ltr'>τάς</span> <span class='ocrx_word' id='word_1_158' title='bbox 2192 1035 2549 1108; x_wconf 69' lang='grc' dir='ltr'>ἐπαλλήλους</span> <span class='ocrx_word' id='word_1_159' title='bbox 2575 1035 2914 1106; x_wconf 69' lang='grc' dir='ltr'>ἀπαιτήσεις,</span> <span class='ocrx_word' id='word_1_160' title='bbox 2941 1033 3144 1095; x_wconf 83' lang='grc' dir='ltr'>όπόσας</span> <span class='ocrx_word' id='word_1_161' title='bbox 3179 1032 3230 1086; x_wconf 80' lang='grc' dir='ltr'>οἱ</span> <span class='ocrx_word' id='word_1_162' title='bbox 3264 1028 3432 1086; x_wconf 81' lang='grc' dir='ltr'>δεινοί</span> <span class='ocrx_word' id='word_1_163' title='bbox 3490 1035 3601 1086; x_wconf 90' lang='grc' dir='ltr'>τῶν</span> <span class='ocrx_word' id='word_1_164' title='bbox 3633 1029 3818 1110; x_wconf 82' lang='grc' dir='ltr'>φόρων</span> 
     </span>
    </p>
   </div>
   <div class='ocr_carea' id='block_1_10' title="bbox 396 1119 3822 1230">
    <p class='ocr_par' dir='ltr' id='par_1_10' title="bbox 396 1119 3822 1230">
     <span class='ocr_line' id='line_1_15' title="bbox 396 1119 3822 1230; baseline -0.01 -23"><span class='ocrx_word' id='word_1_165' title='bbox 396 1151 622 1230; x_wconf 79' lang='grc' dir='ltr'>ἐφεῦρον</span> <span class='ocrx_word' id='word_1_166' title='bbox 659 1147 890 1220; x_wconf 77' lang='grc' dir='ltr'>ζητηταί</span> <span class='ocrx_word' id='word_1_167' title='bbox 922 1145 1012 1199; x_wconf 77' lang='grc' dir='ltr'>καὶ</span> <span class='ocrx_word' id='word_1_168' title='bbox 1044 1142 1120 1206; x_wconf 79' lang='grc' dir='ltr'>εἷς</span> <span class='ocrx_word' id='word_1_169' title='bbox 1153 1137 1385 1219; x_wconf 70' lang='grc' dir='ltr'>ὄφλημα</span> <span class='ocrx_word' id='word_1_170' title='bbox 1415 1135 1774 1210; x_wconf 85' lang='grc' dir='ltr'>ἐπέκράτυναν</span> <span class='ocrx_word' id='word_1_171' title='bbox 1809 1130 2095 1202; x_wconf 81' lang='grc' dir='ltr'>ἐνιαύσιον,</span> <span class='ocrx_word' id='word_1_172' title='bbox 2129 1128 2182 1182; x_wconf 72' lang='grc' dir='ltr'>οἱ</span> <span class='ocrx_word' id='word_1_173' title='bbox 2248 1127 2304 1182; x_wconf 87' lang='grc' dir='ltr'>ἐν</span> <span class='ocrx_word' id='word_1_174' title='bbox 2362 1127 2563 1202; x_wconf 81' lang='grc' dir='ltr'>βρώσει</span> <span class='ocrx_word' id='word_1_175' title='bbox 2613 1123 2780 1202; x_wconf 76' lang='grc' dir='ltr'>ἄρτου</span> <span class='ocrx_word' id='word_1_176' title='bbox 2835 1123 2928 1179; x_wconf 85' lang='grc' dir='ltr'>τὸν</span> <span class='ocrx_word' id='word_1_177' title='bbox 2992 1123 3370 1179; x_wconf 78' lang='grc' dir='ltr'>ὑποπίπτοντα</span> <span class='ocrx_word' id='word_1_178' title='bbox 3429 1119 3576 1177; x_wconf 87' lang='grc' dir='ltr'>λεὼν</span> <span class='ocrx_word' id='word_1_179' title='bbox 3632 1139 3822 1176; x_wconf 83' lang='grc' dir='ltr'>κατεσ-</span> 
     </span>
    </p>
   </div>
   <div class='ocr_carea' id='block_1_11' title="bbox 399 1242 630 1305">
    <p class='ocr_par' dir='ltr' id='par_1_11' title="bbox 399 1242 630 1305">
     <span class='ocr_line' id='line_1_16' title="bbox 399 1242 630 1305; baseline 0.009 -9"><span class='ocrx_word' id='word_1_180' title='bbox 399 1242 630 1305; x_wconf 84' lang='grc' dir='ltr'>θίοντες.</span> 
     </span>
    </p>
   </div>
   <div class='ocr_carea' id='block_1_12' title="bbox 466 1303 2054 1408">
    <p class='ocr_par' dir='ltr' id='par_1_12' title="bbox 466 1321 2044 1408">
     <span class='ocr_line' id='line_1_17' title="bbox 466 1321 2044 1408; baseline -0.015 -11"><span class='ocrx_word' id='word_1_181' title='bbox 466 1345 614 1398; x_wconf 90' lang='lat' dir='ltr'><strong>Cum</strong></span> <span class='ocrx_word' id='word_1_182' title='bbox 636 1341 830 1395; x_wconf 87' lang='lat' dir='ltr'><strong>autem</strong></span> <span class='ocrx_word' id='word_1_183' title='bbox 891 1334 1048 1408; x_wconf 89' lang='lat' dir='ltr'><strong>apud</strong></span> <span class='ocrx_word' id='word_1_184' title='bbox 1102 1337 1415 1399; x_wconf 81' lang='lat' dir='ltr'><strong>Romanos,</strong></span> <span class='ocrx_word' id='word_1_185' title='bbox 1468 1341 1685 1397; x_wconf 88' lang='lat' dir='ltr'><strong>eosque</strong></span> <span class='ocrx_word' id='word_1_186' title='bbox 1751 1321 1930 1388; x_wconf 86' lang='lat' dir='ltr'><strong>solos,</strong></span> <span class='ocrx_word' id='word_1_187' title='bbox 1979 1322 2044 1374; x_wconf 91' lang='lat' dir='ltr'>ut</span> 
     </span>
    </p>
   </div>
   <div class='ocr_carea' id='block_1_13' title="bbox 2165 1303 3820 1408">
    <p class='ocr_par' dir='ltr' id='par_1_13' title="bbox 2228 1303 3820 1389">
     <span class='ocr_line' id='line_1_18' title="bbox 2228 1303 3820 1389; baseline -0.006 -17"><span class='ocrx_word' id='word_1_188' title='bbox 2228 1317 2424 1378; x_wconf 86' lang='grc' dir='ltr'>Ἔθους</span> <span class='ocrx_word' id='word_1_189' title='bbox 2459 1312 2516 1369; x_wconf 71' lang='grc' dir='ltr'>δὲ</span> <span class='ocrx_word' id='word_1_190' title='bbox 2546 1313 2907 1389; x_wconf 87' lang='grc' dir='ltr'>ἀλογωτάτου</span> <span class='ocrx_word' id='word_1_191' title='bbox 2945 1313 3094 1385; x_wconf 79' lang='grc' dir='ltr'>παρὰ</span> <span class='ocrx_word' id='word_1_192' title='bbox 3145 1311 3476 1384; x_wconf 87' lang='grc' dir='ltr'>Ῥωμαίοις,</span> <span class='ocrx_word' id='word_1_193' title='bbox 3536 1309 3615 1372; x_wconf 84' lang='grc' dir='ltr'>ὡς</span> <span class='ocrx_word' id='word_1_194' title='bbox 3654 1303 3820 1381; x_wconf 76' lang='grc' dir='ltr'>ἔοικε,</span> 
     </span>
    </p>
   </div>
   <div class='ocr_carea' id='block_1_14' title="bbox 2163 1397 3824 1479">
    <p class='ocr_par' dir='ltr' id='par_1_14' title="bbox 2163 1397 3824 1479">
     <span class='ocr_line' id='line_1_19' title="bbox 2163 1397 3824 1479; baseline -0.005 -20"><span class='ocrx_word' id='word_1_195' title='bbox 2163 1404 2352 1478; x_wconf 88' lang='grc' dir='ltr'>μόνοις</span> <span class='ocrx_word' id='word_1_196' title='bbox 2389 1404 2682 1479; x_wconf 77' lang='grc' dir='ltr'>ἰσχύοντος</span> <span class='ocrx_word' id='word_1_197' title='bbox 2742 1403 2826 1476; x_wconf 86' lang='grc' dir='ltr'>(τὸ</span> <span class='ocrx_word' id='word_1_198' title='bbox 2883 1399 2939 1457; x_wconf 82' lang='grc' dir='ltr'>δέ</span> <span class='ocrx_word' id='word_1_199' title='bbox 2995 1401 3107 1456; x_wconf 86' lang='grc' dir='ltr'>ἐστι</span> <span class='ocrx_word' id='word_1_200' title='bbox 3164 1399 3227 1456; x_wconf 85' lang='grc' dir='ltr'>τὸ</span> <span class='ocrx_word' id='word_1_201' title='bbox 3257 1401 3355 1462; x_wconf 87' lang='grc' dir='ltr'>τάς</span> <span class='ocrx_word' id='word_1_202' title='bbox 3407 1397 3824 1478; x_wconf 82' lang='grc' dir='ltr'>χειμαζομένας</span> 
     </span>
    </p>
   </div>
   <div class='ocr_carea' id='block_1_15' title="bbox 397 1415 2049 1505">
    <p class='ocr_par' dir='ltr' id='par_1_15' title="bbox 397 1415 2049 1505">
     <span class='ocr_line' id='line_1_20' title="bbox 397 1415 2049 1505; baseline -0.015 -15"><span class='ocrx_word' id='word_1_203' title='bbox 397 1432 630 1505; x_wconf 89' lang='lat' dir='ltr'><strong>opinor,</strong></span> <span class='ocrx_word' id='word_1_204' title='bbox 656 1425 1032 1498; x_wconf 83' lang='lat' dir='ltr'><strong>iniquissima</strong></span> <span class='ocrx_word' id='word_1_205' title='bbox 1079 1420 1441 1480; x_wconf 77' lang='lat' dir='ltr'>consuetudo</span> <span class='ocrx_word' id='word_1_206' title='bbox 1491 1415 1724 1479; x_wconf 84' lang='lat' dir='ltr'><strong>valeret,</strong></span> <span class='ocrx_word' id='word_1_207' title='bbox 1758 1417 1816 1468; x_wconf 87' lang='lat' dir='ltr'>ut</span> <span class='ocrx_word' id='word_1_208' title='bbox 1874 1424 2049 1466; x_wconf 87' lang='lat' dir='ltr'><strong>naves</strong></span> 
     </span>
    </p>
   </div>
   <div class='ocr_carea' id='block_1_16' title="bbox 394 1501 2030 1594">
    <p class='ocr_par' dir='ltr' id='par_1_16' title="bbox 394 1501 2030 1594">
     <span class='ocr_line' id='line_1_21' title="bbox 394 1501 2030 1594; baseline -0.015 -15"><span class='ocrx_word' id='word_1_209' title='bbox 394 1501 829 1594; x_wconf 76' lang='lat' dir='ltr'><strong>tempestatibus</strong></span> <span class='ocrx_word' id='word_1_210' title='bbox 860 1515 920 1570; x_wconf 89' lang='lat' dir='ltr'>in</span> <span class='ocrx_word' id='word_1_211' title='bbox 953 1513 1116 1569; x_wconf 88' lang='lat' dir='ltr'><strong>littus</strong></span> <span class='ocrx_word' id='word_1_212' title='bbox 1145 1511 1339 1582; x_wconf 78' lang='lat' dir='ltr'><strong>ejecta:</strong></span> <span class='ocrx_word' id='word_1_213' title='bbox 1381 1524 1495 1562; x_wconf 89' lang='lat' dir='ltr'>non</span> <span class='ocrx_word' id='word_1_214' title='bbox 1530 1504 1700 1560; x_wconf 85' lang='lat' dir='ltr'><strong>modo</strong></span> <span class='ocrx_word' id='word_1_215' title='bbox 1732 1520 1765 1556; x_wconf 88' lang='lat' dir='ltr'>a</span> <span class='ocrx_word' id='word_1_216' title='bbox 1793 1501 2030 1558; x_wconf 87' lang='lat' dir='ltr'><strong>nomine</strong></span> 
     </span>
    </p>
   </div>
   <div class='ocr_carea' id='block_1_17' title="bbox 404 1589 2054 1682">
    <p class='ocr_par' dir='ltr' id='par_1_17' title="bbox 404 1589 2054 1682">
     <span class='ocr_line' id='line_1_22' title="bbox 404 1589 2054 1682; baseline -0.014 -15"><span class='ocrx_word' id='word_1_217' title='bbox 404 1589 844 1682; x_wconf 74' lang='lat' dir='ltr'><strong>adjuvarentur,</strong></span> <span class='ocrx_word' id='word_1_218' title='bbox 897 1603 998 1659; x_wconf 87' lang='lat' dir='ltr'>sed</span> <span class='ocrx_word' id='word_1_219' title='bbox 1067 1601 1141 1656; x_wconf 84' lang='lat' dir='ltr'>ab</span> <span class='ocrx_word' id='word_1_220' title='bbox 1228 1596 1439 1654; x_wconf 76' lang='lat' dir='ltr'>accolis</span> <span class='ocrx_word' id='word_1_221' title='bbox 1540 1592 1747 1682; x_wconf 84' lang='lat' dir='ltr'><strong>quovis</strong></span> <span class='ocrx_word' id='word_1_222' title='bbox 1819 1589 2054 1646; x_wconf 77' lang='lat' dir='ltr'>turbine</span> 
     </span>
    </p>
   </div>
   <div class='ocr_carea' id='block_1_18' title="bbox 399 1676 2051 1763">
    <p class='ocr_par' dir='ltr' id='par_1_18' title="bbox 399 1676 2051 1763">
     <span class='ocr_line' id='line_1_23' title="bbox 399 1676 2051 1763; baseline -0.015 -7"><span class='ocrx_word' id='word_1_223' title='bbox 399 1676 742 1756; x_wconf 64' lang='lat' dir='ltr'><strong>saevioribus</strong></span> <span class='ocrx_word' id='word_1_224' title='bbox 795 1691 1214 1763; x_wconf 76' lang='lat' dir='ltr'>diriperentur,</span> <span class='ocrx_word' id='word_1_225' title='bbox 1271 1685 1319 1740; x_wconf 87' lang='lat' dir='ltr'>si</span> <span class='ocrx_word' id='word_1_226' title='bbox 1381 1701 1490 1756; x_wconf 87' lang='lat' dir='ltr'>qua</span> <span class='ocrx_word' id='word_1_227' title='bbox 1555 1681 1766 1738; x_wconf 83' lang='lat' dir='ltr'><strong>fluctus</strong></span> <span class='ocrx_word' id='word_1_228' title='bbox 1826 1676 2051 1749; x_wconf 87' lang='lat' dir='ltr'><strong>reliqua</strong></span> 
     </span>
    </p>
   </div>
   <div class='ocr_carea' id='block_1_19' title="bbox 395 1769 2052 1854">
    <p class='ocr_par' dir='ltr' id='par_1_19' title="bbox 395 1769 2052 1854">
     <span class='ocr_line' id='line_1_24' title="bbox 395 1769 2052 1854; baseline -0.015 -8"><span class='ocrx_word' id='word_1_229' title='bbox 395 1789 674 1853; x_wconf 79' lang='lat' dir='ltr'><strong>fecerant,</strong></span> <span class='ocrx_word' id='word_1_230' title='bbox 706 1780 1089 1854; x_wconf 68' lang='lat' dir='ltr'><strong>iniquissima:</strong></span> <span class='ocrx_word' id='word_1_231' title='bbox 1140 1777 1239 1834; x_wconf 86' lang='lat' dir='ltr'>isti</span> <span class='ocrx_word' id='word_1_232' title='bbox 1287 1774 1498 1832; x_wconf 80' lang='lat' dir='ltr'>rationi</span> <span class='ocrx_word' id='word_1_233' title='bbox 1540 1777 1659 1828; x_wconf 77' lang='lat' dir='ltr'>tam</span> <span class='ocrx_word' id='word_1_234' title='bbox 1701 1769 1911 1826; x_wconf 73' lang='lat' dir='ltr'><strong>acriter</strong></span> <span class='ocrx_word' id='word_1_235' title='bbox 1967 1774 2052 1823; x_wconf 85' lang='lat' dir='ltr'>est</span> 
     </span>
    </p>
   </div>
   <div class='ocr_carea' id='block_1_20' title="bbox 398 1862 2049 1946">
    <p class='ocr_par' dir='ltr' id='par_1_20' title="bbox 398 1862 2049 1946">
     <span class='ocr_line' id='line_1_25' title="bbox 398 1862 2049 1946; baseline -0.013 -11"><span class='ocrx_word' id='word_1_236' title='bbox 398 1879 764 1940; x_wconf 80' lang='lat' dir='ltr'>adversatus.</span> <span class='ocrx_word' id='word_1_237' title='bbox 796 1875 878 1931; x_wconf 86' lang='lat' dir='ltr'>ita</span> <span class='ocrx_word' id='word_1_238' title='bbox 909 1871 1216 1946; x_wconf 75' lang='lat' dir='ltr'>piraticam</span> <span class='ocrx_word' id='word_1_239' title='bbox 1252 1867 1410 1921; x_wconf 86' lang='lat' dir='ltr'><strong>illam</strong></span> <span class='ocrx_word' id='word_1_240' title='bbox 1465 1862 1840 1936; x_wconf 75' lang='lat' dir='ltr'>rapacitatem</span> <span class='ocrx_word' id='word_1_241' title='bbox 1890 1875 2049 1914; x_wconf 88' lang='lat' dir='ltr'><strong>com-</strong></span> 
     </span>
    </p>
   </div>
   <div class='ocr_carea' id='block_1_21' title="bbox 405 1949 2050 2042">
    <p class='ocr_par' dir='ltr' id='par_1_21' title="bbox 405 1949 2050 2042">
     <span class='ocr_line' id='line_1_26' title="bbox 405 1949 2050 2042; baseline -0.013 -18"><span class='ocrx_word' id='word_1_242' title='bbox 405 1966 656 2042; x_wconf 88' lang='lat' dir='ltr'><strong>pescuit,</strong></span> <span class='ocrx_word' id='word_1_243' title='bbox 693 1969 756 2019; x_wconf 91' lang='lat' dir='ltr'>ut</span> <span class='ocrx_word' id='word_1_244' title='bbox 785 1963 908 2018; x_wconf 69' lang='lat' dir='ltr'><strong>haec</strong></span> <span class='ocrx_word' id='word_1_245' title='bbox 939 1977 1052 2015; x_wconf 85' lang='lat' dir='ltr'>una</span> <span class='ocrx_word' id='word_1_246' title='bbox 1079 1975 1168 2014; x_wconf 89' lang='lat' dir='ltr'>res</span> <span class='ocrx_word' id='word_1_247' title='bbox 1201 1953 1600 2028; x_wconf 85' lang='lat' dir='ltr'><strong>amplissimas</strong></span> <span class='ocrx_word' id='word_1_248' title='bbox 1659 1952 1791 2020; x_wconf 88' lang='lat' dir='ltr'><strong>ejus</strong></span> <span class='ocrx_word' id='word_1_249' title='bbox 1847 1949 2050 2004; x_wconf 81' lang='lat' dir='ltr'>laudes</span> 
     </span>
    </p>
   </div>
   <div class='ocr_carea' id='block_1_22' title="bbox 405 2036 2052 2127">
    <p class='ocr_par' dir='ltr' id='par_1_22' title="bbox 405 2036 2052 2127">
     <span class='ocr_line' id='line_1_27' title="bbox 405 2036 2052 2127; baseline -0.013 -13"><span class='ocrx_word' id='word_1_250' title='bbox 405 2036 848 2127; x_wconf 75' lang='lat' dir='ltr'>complectatur.</span> <span class='ocrx_word' id='word_1_251' title='bbox 896 2050 1040 2106; x_wconf 83' lang='lat' dir='ltr'>Nam</span> <span class='ocrx_word' id='word_1_252' title='bbox 1093 2046 1287 2104; x_wconf 88' lang='lat' dir='ltr'><strong>audici</strong></span> <span class='ocrx_word' id='word_1_253' title='bbox 1372 2042 1603 2114; x_wconf 83' lang='lat' dir='ltr'><strong>quidem</strong></span> <span class='ocrx_word' id='word_1_254' title='bbox 1652 2055 1916 2111; x_wconf 85' lang='lat' dir='ltr'><strong>proceres</strong></span> <span class='ocrx_word' id='word_1_255' title='bbox 1992 2036 2052 2092; x_wconf 92' lang='lat' dir='ltr'>id</span> 
     </span>
    </p>
   </div>
   <div class='ocr_carea' id='block_1_23' title="bbox 405 2129 2053 2212">
    <p class='ocr_par' dir='ltr' id='par_1_23' title="bbox 405 2129 2053 2212">
     <span class='ocr_line' id='line_1_28' title="bbox 405 2129 2053 2212; baseline -0.013 -10"><span class='ocrx_word' id='word_1_256' title='bbox 405 2145 628 2202; x_wconf 88' lang='lat' dir='ltr'><strong>malum</strong></span> <span class='ocrx_word' id='word_1_257' title='bbox 687 2139 1052 2212; x_wconf 89' lang='lat' dir='ltr'><strong>deploratum</strong></span> <span class='ocrx_word' id='word_1_258' title='bbox 1110 2140 1166 2190; x_wconf 87' lang='lat' dir='ltr'>et</span> <span class='ocrx_word' id='word_1_259' title='bbox 1226 2129 1658 2188; x_wconf 81' lang='lat' dir='ltr'><strong>immedicabile</strong></span> <span class='ocrx_word' id='word_1_260' title='bbox 1716 2129 2053 2201; x_wconf 83' lang='lat' dir='ltr'><strong>judicabant</strong></span> 
     </span>
    </p>
   </div>
   <div class='ocr_carea' id='block_1_24' title="bbox 403 2217 2054 2293">
    <p class='ocr_par' dir='ltr' id='par_1_24' title="bbox 403 2217 2054 2293">
     <span class='ocr_line' id='line_1_29' title="bbox 403 2217 2054 2293; baseline -0.015 -1"><span class='ocrx_word' id='word_1_261' title='bbox 403 2233 461 2293; x_wconf 81' lang='lat' dir='ltr'>et</span> <span class='ocrx_word' id='word_1_262' title='bbox 509 2233 664 2290; x_wconf 75' lang='grc'>424</span> <span class='ocrx_word' id='word_1_263' title='bbox 739 2232 1022 2286; x_wconf 88' lang='lat' dir='ltr'><strong>vetustate</strong></span> <span class='ocrx_word' id='word_1_264' title='bbox 1080 2223 1532 2288; x_wconf 83' lang='lat' dir='ltr'><strong>conﬁrmatum;</strong></span> <span class='ocrx_word' id='word_1_265' title='bbox 1607 2236 1671 2274; x_wconf 88' lang='lat' dir='ltr'>ac</span> <span class='ocrx_word' id='word_1_266' title='bbox 1746 2217 1960 2272; x_wconf 88' lang='lat' dir='ltr'><strong>multos</strong></span> <span class='ocrx_word' id='word_1_267' title='bbox 2023 2231 2054 2270; x_wconf 88' lang='lat' dir='ltr'>e</span> 
     </span>
    </p>
   </div>
   <div class='ocr_carea' id='block_1_25' title="bbox 402 2305 2051 2397">
    <p class='ocr_par' dir='ltr' id='par_1_25' title="bbox 402 2305 2051 2397">
     <span class='ocr_line' id='line_1_30' title="bbox 402 2305 2051 2397; baseline -0.013 -16"><span class='ocrx_word' id='word_1_268' title='bbox 402 2322 810 2397; x_wconf 81' lang='lat' dir='ltr'><strong>superioribus</strong></span> <span class='ocrx_word' id='word_1_269' title='bbox 842 2314 1317 2388; x_wconf 81' lang='lat' dir='ltr'><strong>imperatoribus,</strong></span> <span class='ocrx_word' id='word_1_270' title='bbox 1375 2307 1668 2366; x_wconf 74' lang='lat' dir='ltr'><strong>fasciculis</strong></span> <span class='ocrx_word' id='word_1_271' title='bbox 1721 2305 2051 2361; x_wconf 81' lang='lat' dir='ltr'><strong>litterarum</strong></span> 
     </span>
    </p>
   </div>
   <div class='ocr_carea' id='block_1_26' title="bbox 399 2396 2051 2483">
    <p class='ocr_par' dir='ltr' id='par_1_26' title="bbox 399 2396 2051 2483">
     <span class='ocr_line' id='line_1_31' title="bbox 399 2396 2051 2483; baseline -0.014 -14"><span class='ocrx_word' id='word_1_272' title='bbox 399 2396 494 2482; x_wconf 9' lang='lat' dir='ltr'>ini</span> <span class='ocrx_word' id='word_1_273' title='bbox 539 2408 862 2483; x_wconf 85' lang='lat' dir='ltr'><strong>provincias</strong></span> <span class='ocrx_word' id='word_1_274' title='bbox 959 2403 1182 2471; x_wconf 86' lang='lat' dir='ltr'><strong>missis,</strong></span> <span class='ocrx_word' id='word_1_275' title='bbox 1262 2405 1521 2456; x_wconf 84' lang='lat' dir='ltr'><strong>extrema</strong></span> <span class='ocrx_word' id='word_1_276' title='bbox 1633 2396 2051 2465; x_wconf 83' lang='lat' dir='ltr'><strong>naufragorum</strong></span> 
     </span>
    </p>
   </div>
   <div class='ocr_carea' id='block_1_27' title="bbox 399 2483 2054 2576">
    <p class='ocr_par' dir='ltr' id='par_1_27' title="bbox 399 2483 2054 2576">
     <span class='ocr_line' id='line_1_32' title="bbox 399 2483 2054 2576; baseline -0.015 -16"><span class='ocrx_word' id='word_1_277' title='bbox 399 2499 812 2576; x_wconf 81' lang='lat' dir='ltr'><strong>spoliatoribus</strong></span> <span class='ocrx_word' id='word_1_278' title='bbox 839 2495 1142 2551; x_wconf 84' lang='lat' dir='ltr'><strong>minitatos</strong></span> <span class='ocrx_word' id='word_1_279' title='bbox 1171 2508 1184 2547; x_wconf 89' lang='lat'>:</span> <span class='ocrx_word' id='word_1_280' title='bbox 1219 2490 1321 2546; x_wconf 81' lang='lat' dir='ltr'>sed</span> <span class='ocrx_word' id='word_1_281' title='bbox 1363 2492 1634 2544; x_wconf 85' lang='lat' dir='ltr'><strong>conatum</strong></span> <span class='ocrx_word' id='word_1_282' title='bbox 1663 2483 1826 2539; x_wconf 89' lang='lat' dir='ltr'><strong>illum</strong></span> <span class='ocrx_word' id='word_1_283' title='bbox 1871 2484 2054 2538; x_wconf 86' lang='lat' dir='ltr'><strong>fuisse</strong></span> 
     </span>
    </p>
   </div>
   <div class='ocr_carea' id='block_1_28' title="bbox 417 2571 2050 2650">
    <p class='ocr_par' dir='ltr' id='par_1_28' title="bbox 417 2571 2050 2650">
     <span class='ocr_line' id='line_1_33' title="bbox 417 2571 2050 2650; baseline -0.013 -4"><span class='ocrx_word' id='word_1_284' title='bbox 417 2571 629 2648; x_wconf 53' lang='lat' dir='ltr'><strong>r-ritum</strong></span> <span class='ocrx_word' id='word_1_285' title='bbox 687 2589 744 2642; x_wconf 88' lang='lat' dir='ltr'>et</span> <span class='ocrx_word' id='word_1_286' title='bbox 815 2585 970 2638; x_wconf 90' lang='lat' dir='ltr'><strong>intra</strong></span> <span class='ocrx_word' id='word_1_287' title='bbox 1041 2579 1258 2650; x_wconf 88' lang='lat' dir='ltr'><strong>scripta</strong></span> <span class='ocrx_word' id='word_1_288' title='bbox 1332 2574 1692 2641; x_wconf 84' lang='lat' dir='ltr'><strong>substitisse,</strong></span> <span class='ocrx_word' id='word_1_289' title='bbox 1757 2571 2050 2626; x_wconf 83' lang='lat' dir='ltr'><strong>rubricam</strong></span> 
     </span>
    </p>
   </div>
   <div class='ocr_carea' id='block_1_29' title="bbox 2153 1485 3826 1566">
    <p class='ocr_par' dir='ltr' id='par_1_29' title="bbox 2153 1485 3826 1566">
     <span class='ocr_line' id='line_1_34' title="bbox 2153 1485 3826 1566; baseline -0.004 -18"><span class='ocrx_word' id='word_1_290' title='bbox 2153 1497 2304 1564; x_wconf 89' lang='grc' dir='ltr'>ναῦς,</span> <span class='ocrx_word' id='word_1_291' title='bbox 2364 1493 2468 1548; x_wconf 81' lang='grc' dir='ltr'>ὑπὸ</span> <span class='ocrx_word' id='word_1_292' title='bbox 2528 1493 2854 1566; x_wconf 75' lang='grc' dir='ltr'>πνευμάτων</span> <span class='ocrx_word' id='word_1_293' title='bbox 2912 1489 3001 1546; x_wconf 80' lang='grc' dir='ltr'>καὶ</span> <span class='ocrx_word' id='word_1_294' title='bbox 3058 1485 3310 1564; x_wconf 73' lang='grc' dir='ltr'>φλοίσϐῳ</span> <span class='ocrx_word' id='word_1_295' title='bbox 3382 1487 3664 1559; x_wconf 81' lang='grc' dir='ltr'>θαλαττίῳ</span> <span class='ocrx_word' id='word_1_296' title='bbox 3713 1494 3826 1542; x_wconf 80' lang='grc' dir='ltr'>’τα-</span> 
     </span>
    </p>
   </div>
   <div class='ocr_carea' id='block_1_30' title="bbox 2157 1576 3822 1655">
    <p class='ocr_par' dir='ltr' id='par_1_30' title="bbox 2157 1576 3822 1655">
     <span class='ocr_line' id='line_1_35' title="bbox 2157 1576 3822 1655; baseline -0.005 -17"><span class='ocrx_word' id='word_1_297' title='bbox 2157 1583 2541 1653; x_wconf 80' lang='grc' dir='ltr'>λαντευούσας,</span> <span class='ocrx_word' id='word_1_298' title='bbox 2599 1579 2808 1655; x_wconf 82' lang='grc' dir='ltr'>μηδένα</span> <span class='ocrx_word' id='word_1_299' title='bbox 2864 1579 3012 1655; x_wconf 80' lang='grc' dir='ltr'>ἔχειν</span> <span class='ocrx_word' id='word_1_300' title='bbox 3066 1580 3158 1634; x_wconf 77' lang='grc' dir='ltr'>τὸν</span> <span class='ocrx_word' id='word_1_301' title='bbox 3242 1576 3636 1653; x_wconf 75' lang='grc' dir='ltr'>συναιρόμενον</span> <span class='ocrx_word' id='word_1_302' title='bbox 3700 1577 3822 1630; x_wconf 85' lang='grc' dir='ltr'>καθ’</span> 
     </span>
    </p>
   </div>
   <div class='ocr_carea' id='block_1_31' title="bbox 2157 1662 3822 1744">
    <p class='ocr_par' dir='ltr' id='par_1_31' title="bbox 2157 1662 3822 1744">
     <span class='ocr_line' id='line_1_36' title="bbox 2157 1662 3822 1744; baseline -0.004 -17"><span class='ocrx_word' id='word_1_303' title='bbox 2157 1672 2249 1733; x_wconf 80' lang='grc' dir='ltr'>οῦς</span> <span class='ocrx_word' id='word_1_304' title='bbox 2307 1670 2368 1726; x_wconf 72' lang='grc' dir='ltr'>ἄν</span> <span class='ocrx_word' id='word_1_305' title='bbox 2431 1670 2654 1744; x_wconf 85' lang='grc' dir='ltr'>λιμένας</span> <span class='ocrx_word' id='word_1_306' title='bbox 2709 1669 2744 1739; x_wconf 74' lang='grc' dir='ltr'>ἢ</span> <span class='ocrx_word' id='word_1_307' title='bbox 2803 1669 3008 1731; x_wconf 85' lang='grc' dir='ltr'>τόπους</span> <span class='ocrx_word' id='word_1_308' title='bbox 3091 1662 3497 1744; x_wconf 71' lang='grc' dir='ltr'>ἐκϐράσσωνται</span> <span class='ocrx_word' id='word_1_309' title='bbox 3583 1665 3822 1740; x_wconf 84' lang='grc' dir='ltr'>κύμασιν</span> 
     </span>
    </p>
   </div>
   <div class='ocr_carea' id='block_1_32' title="bbox 2156 1761 2928 1836">
    <p class='ocr_par' dir='ltr' id='par_1_32' title="bbox 2156 1761 2928 1836">
     <span class='ocr_line' id='line_1_37' title="bbox 2156 1761 2928 1836; baseline -0.003 -18"><span class='ocrx_word' id='word_1_310' title='bbox 2156 1762 2535 1836; x_wconf 75' lang='grc' dir='ltr'>ἐλαυνόμεναι,</span> <span class='ocrx_word' id='word_1_311' title='bbox 2610 1761 2928 1817; x_wconf 67' lang='grc' dir='ltr'>τούναντίον</span> 
     </span>
    </p>
   </div>
   <div class='ocr_carea' id='block_1_33' title="bbox 2156 1847 3822 1928">
    <p class='ocr_par' dir='ltr' id='par_1_33' title="bbox 2156 1847 3822 1928">
     <span class='ocr_line' id='line_1_38' title="bbox 2156 1847 3822 1928; baseline -0.003 -21"><span class='ocrx_word' id='word_1_312' title='bbox 2156 1851 2379 1928; x_wconf 83' lang='grc' dir='ltr'>χείρους</span> <span class='ocrx_word' id='word_1_313' title='bbox 2411 1853 2541 1928; x_wconf 76' lang='grc' dir='ltr'>ὁρᾷν</span> <span class='ocrx_word' id='word_1_314' title='bbox 2571 1850 2699 1913; x_wconf 74' lang='grc' dir='ltr'>τοὺς</span> <span class='ocrx_word' id='word_1_315' title='bbox 2748 1848 2921 1906; x_wconf 83' lang='grc' dir='ltr'>ἐκεῖσέ</span> <span class='ocrx_word' id='word_1_316' title='bbox 2975 1871 3052 1920; x_wconf 84' lang='grc' dir='ltr'>πη</span> <span class='ocrx_word' id='word_1_317' title='bbox 3117 1848 3394 1924; x_wconf 75' lang='grc' dir='ltr'>λαχόντας</span> <span class='ocrx_word' id='word_1_318' title='bbox 3452 1851 3554 1918; x_wconf 75' lang='grc' dir='ltr'>τήν</span> <span class='ocrx_word' id='word_1_319' title='bbox 3603 1847 3822 1917; x_wconf 59' lang='grc' dir='ltr'>οῗκησιν</span> 
     </span>
    </p>
   </div>
   <div class='ocr_carea' id='block_1_34' title="bbox 2157 1938 3825 2018">
    <p class='ocr_par' dir='ltr' id='par_1_34' title="bbox 2157 1938 3825 2018">
     <span class='ocr_line' id='line_1_39' title="bbox 2157 1938 3825 2018; baseline -0.001 -22"><span class='ocrx_word' id='word_1_320' title='bbox 2157 1939 2502 2003; x_wconf 80' lang='grc' dir='ltr'>διασπῶντας</span> <span class='ocrx_word' id='word_1_321' title='bbox 2557 1939 2651 1995; x_wconf 71' lang='grc' dir='ltr'>καὶ</span> <span class='ocrx_word' id='word_1_322' title='bbox 2711 1939 3128 2018; x_wconf 79' lang='grc' dir='ltr'>ἀφαρπάζοντας</span> <span class='ocrx_word' id='word_1_323' title='bbox 3185 1938 3360 1993; x_wconf 83' lang='grc' dir='ltr'>ὁπόσα</span> <span class='ocrx_word' id='word_1_324' title='bbox 3413 1939 3491 2011; x_wconf 82' lang='grc' dir='ltr'><strong>μή</strong></span> <span class='ocrx_word' id='word_1_325' title='bbox 3551 1938 3825 2012; x_wconf 84' lang='grc' dir='ltr'>παρέσυρε</span> 
     </span>
    </p>
   </div>
   <div class='ocr_carea' id='block_1_35' title="bbox 2157 2025 3826 2104">
    <p class='ocr_par' dir='ltr' id='par_1_35' title="bbox 2157 2025 3826 2104">
     <span class='ocr_line' id='line_1_40' title="bbox 2157 2025 3826 2104; baseline -0.002 -19"><span class='ocrx_word' id='word_1_326' title='bbox 2157 2030 2444 2104; x_wconf 86' lang='grc' dir='ltr'>θάλασσα),</span> <span class='ocrx_word' id='word_1_327' title='bbox 2481 2028 2623 2085; x_wconf 85' lang='grc' dir='ltr'>οὑτω</span> <span class='ocrx_word' id='word_1_328' title='bbox 2652 2051 2740 2084; x_wconf 85' lang='grc' dir='ltr'>τοι</span> <span class='ocrx_word' id='word_1_329' title='bbox 2771 2029 2908 2103; x_wconf 77' lang='grc' dir='ltr'>πρὸς</span> <span class='ocrx_word' id='word_1_330' title='bbox 2940 2030 3040 2098; x_wconf 76' lang='grc' dir='ltr'>τήν</span> <span class='ocrx_word' id='word_1_331' title='bbox 3080 2027 3340 2098; x_wconf 88' lang='grc' dir='ltr'>τοιαύτην</span> <span class='ocrx_word' id='word_1_332' title='bbox 3386 2026 3615 2082; x_wconf 80' lang='grc' dir='ltr'>ἀτοπίαν</span> <span class='ocrx_word' id='word_1_333' title='bbox 3649 2025 3826 2088; x_wconf 67' lang='grc' dir='ltr'>πολὺς</span> 
     </span>
    </p>
   </div>
   <div class='ocr_carea' id='block_1_36' title="bbox 2157 2111 3826 2192">
    <p class='ocr_par' dir='ltr' id='par_1_36' title="bbox 2157 2111 3826 2192">
     <span class='ocr_line' id='line_1_41' title="bbox 2157 2111 3826 2192; baseline -0.004 -16"><span class='ocrx_word' id='word_1_334' title='bbox 2157 2119 2474 2176; x_wconf 68' lang='grc' dir='ltr'>ἀντέπνευσε</span> <span class='ocrx_word' id='word_1_335' title='bbox 2502 2120 2592 2174; x_wconf 85' lang='grc' dir='ltr'>καὶ</span> <span class='ocrx_word' id='word_1_336' title='bbox 2625 2119 2700 2181; x_wconf 83' lang='grc' dir='ltr'>εἷς</span> <span class='ocrx_word' id='word_1_337' title='bbox 2757 2123 2984 2192; x_wconf 81' lang='grc' dir='ltr'>πραεῖαν</span> <span class='ocrx_word' id='word_1_338' title='bbox 3027 2115 3189 2192; x_wconf 76' lang='grc' dir='ltr'>αῧραν</span> <span class='ocrx_word' id='word_1_339' title='bbox 3227 2111 3494 2191; x_wconf 73' lang='grc' dir='ltr'>μετέϐαλε</span> <span class='ocrx_word' id='word_1_340' title='bbox 3551 2119 3653 2186; x_wconf 71' lang='grc' dir='ltr'>τήν</span> <span class='ocrx_word' id='word_1_341' title='bbox 3716 2120 3826 2172; x_wconf 79' lang='grc' dir='ltr'>τῶν</span> 
     </span>
    </p>
   </div>
   <div class='ocr_carea' id='block_1_37' title="bbox 3020 1755 3824 1834">
    <p class='ocr_par' dir='ltr' id='par_1_37' title="bbox 3020 1755 3824 1834">
     <span class='ocr_line' id='line_1_42' title="bbox 3020 1755 3824 1834; baseline -0.005 -18"><span class='ocrx_word' id='word_1_342' title='bbox 3020 1761 3113 1834; x_wconf 70' lang='grc' dir='ltr'>μὲν</span> <span class='ocrx_word' id='word_1_343' title='bbox 3175 1761 3265 1815; x_wconf 79' lang='grc' dir='ltr'>οὗν</span> <span class='ocrx_word' id='word_1_344' title='bbox 3329 1760 3418 1814; x_wconf 79' lang='grc' dir='ltr'>καὶ</span> <span class='ocrx_word' id='word_1_345' title='bbox 3507 1755 3824 1832; x_wconf 80' lang='grc' dir='ltr'>καταιγίδος</span> 
     </span>
    </p>
   </div>
   <div class='ocr_carea' id='block_1_38' title="bbox 2157 2204 3829 2281">
    <p class='ocr_par' dir='ltr' id='par_1_38' title="bbox 2157 2204 3829 2281">
     <span class='ocr_line' id='line_1_43' title="bbox 2157 2204 3829 2281; baseline -0.003 -17"><span class='ocrx_word' id='word_1_346' title='bbox 2157 2209 2366 2265; x_wconf 80' lang='grc' dir='ltr'>πλοίων</span> <span class='ocrx_word' id='word_1_347' title='bbox 2418 2209 2909 2278; x_wconf 77' lang='grc' dir='ltr'>καταποντιστικὴν</span> <span class='ocrx_word' id='word_1_348' title='bbox 2976 2211 3086 2263; x_wconf 83' lang='grc' dir='ltr'>τῶν</span> <span class='ocrx_word' id='word_1_349' title='bbox 3145 2204 3418 2262; x_wconf 82' lang='grc' dir='ltr'>πλείστων</span> <span class='ocrx_word' id='word_1_350' title='bbox 3485 2207 3696 2281; x_wconf 67' lang='grc' dir='ltr'>ὁρμὴν,</span> <span class='ocrx_word' id='word_1_351' title='bbox 3754 2205 3829 2267; x_wconf 80' lang='grc' dir='ltr'>ὡς</span> 
     </span>
    </p>
   </div>
   <div class='ocr_carea' id='block_1_39' title="bbox 2157 2290 3827 2372">
    <p class='ocr_par' dir='ltr' id='par_1_39' title="bbox 2157 2290 3827 2372">
     <span class='ocr_line' id='line_1_44' title="bbox 2157 2290 3827 2372; baseline -0.004 -18"><span class='ocrx_word' id='word_1_352' title='bbox 2157 2299 2274 2354; x_wconf 81' lang='grc' dir='ltr'>ἀντὶ</span> <span class='ocrx_word' id='word_1_353' title='bbox 2305 2297 2531 2354; x_wconf 83' lang='grc' dir='ltr'>πολλῶν</span> <span class='ocrx_word' id='word_1_354' title='bbox 2579 2295 2634 2352; x_wconf 78' lang='grc' dir='ltr'>ἓν</span> <span class='ocrx_word' id='word_1_355' title='bbox 2695 2297 2771 2360; x_wconf 86' lang='grc' dir='ltr'>είς</span> <span class='ocrx_word' id='word_1_356' title='bbox 2813 2296 3088 2372; x_wconf 73' lang='grc' dir='ltr'>εὐφημίαν</span> <span class='ocrx_word' id='word_1_357' title='bbox 3121 2295 3308 2368; x_wconf 81' lang='grc' dir='ltr'>ἐκείνῳ</span> <span class='ocrx_word' id='word_1_358' title='bbox 3365 2300 3533 2351; x_wconf 88' lang='grc' dir='ltr'>τοῦτο</span> <span class='ocrx_word' id='word_1_359' title='bbox 3565 2295 3630 2350; x_wconf 87' lang='grc' dir='ltr'>τὸ</span> <span class='ocrx_word' id='word_1_360' title='bbox 3671 2290 3827 2372; x_wconf 79' lang='grc' dir='ltr'>ἔργον</span> 
     </span>
    </p>
   </div>
   <div class='ocr_carea' id='block_1_40' title="bbox 2157 2380 3827 2465">
    <p class='ocr_par' dir='ltr' id='par_1_40' title="bbox 2157 2380 3827 2465">
     <span class='ocr_line' id='line_1_45' title="bbox 2157 2380 3827 2465; baseline -0.003 -23"><span class='ocrx_word' id='word_1_361' title='bbox 2157 2387 2360 2465; x_wconf 79' lang='grc' dir='ltr'>ἀρκεῖν.</span> <span class='ocrx_word' id='word_1_362' title='bbox 2394 2388 2460 2444; x_wconf 77' lang='grc' dir='ltr'>Οἱ</span> <span class='ocrx_word' id='word_1_363' title='bbox 2514 2388 2610 2460; x_wconf 75' lang='grc' dir='ltr'>μέν</span> <span class='ocrx_word' id='word_1_364' title='bbox 2650 2387 2752 2462; x_wconf 79' lang='grc' dir='ltr'>γάρ</span> <span class='ocrx_word' id='word_1_365' title='bbox 2785 2387 2906 2462; x_wconf 78' lang='grc' dir='ltr'>περὶ</span> <span class='ocrx_word' id='word_1_366' title='bbox 2939 2387 3002 2440; x_wconf 89' lang='grc' dir='ltr'>τὸ</span> <span class='ocrx_word' id='word_1_367' title='bbox 3063 2383 3340 2460; x_wconf 85' lang='grc' dir='ltr'>βασίλειον</span> <span class='ocrx_word' id='word_1_368' title='bbox 3376 2385 3538 2458; x_wconf 80' lang='grc' dir='ltr'>βῆμα</span> <span class='ocrx_word' id='word_1_369' title='bbox 3570 2380 3827 2439; x_wconf 78' lang='grc' dir='ltr'>δυσίατον</span> 
     </span>
    </p>
   </div>
   <div class='ocr_carea' id='block_1_41' title="bbox 2154 2469 3826 2548">
    <p class='ocr_par' dir='ltr' id='par_1_41' title="bbox 2154 2469 3826 2548">
     <span class='ocr_line' id='line_1_46' title="bbox 2154 2469 3826 2548; baseline -0.004 -16"><span class='ocrx_word' id='word_1_370' title='bbox 2154 2479 2217 2532; x_wconf 88' lang='grc' dir='ltr'>τὸ</span> <span class='ocrx_word' id='word_1_371' title='bbox 2253 2477 2416 2531; x_wconf 85' lang='grc' dir='ltr'>κακὸν</span> <span class='ocrx_word' id='word_1_372' title='bbox 2570 2475 2756 2530; x_wconf 86' lang='grc' dir='ltr'>τέλεον</span> <span class='ocrx_word' id='word_1_373' title='bbox 2817 2469 3206 2548; x_wconf 74' lang='grc' dir='ltr'>ἀμετάϐλητον</span> <span class='ocrx_word' id='word_1_374' title='bbox 3267 2473 3394 2528; x_wconf 82' lang='grc' dir='ltr'>ὡσεὶ</span> <span class='ocrx_word' id='word_1_375' title='bbox 3431 2473 3525 2528; x_wconf 79' lang='grc' dir='ltr'>καὶ</span> <span class='ocrx_word' id='word_1_376' title='bbox 3587 2473 3668 2535; x_wconf 70' lang='grc' dir='ltr'>εἷς</span> <span class='ocrx_word' id='word_1_377' title='bbox 3720 2471 3826 2544; x_wconf 79' lang='grc' dir='ltr'>ἕξιν</span> 
     </span>
    </p>
   </div>
   <div class='ocr_carea' id='block_1_42' title="bbox 2159 2561 3829 2642">
    <p class='ocr_par' dir='ltr' id='par_1_42' title="bbox 2159 2561 3829 2642">
     <span class='ocr_line' id='line_1_47' title="bbox 2159 2561 3829 2642; baseline -0.002 -20"><span class='ocrx_word' id='word_1_378' title='bbox 2159 2565 2432 2638; x_wconf 78' lang='grc' dir='ltr'>ἐληλυθὸς</span> <span class='ocrx_word' id='word_1_379' title='bbox 2462 2567 2550 2620; x_wconf 80' lang='grc' dir='ltr'>καὶ</span> <span class='ocrx_word' id='word_1_380' title='bbox 2593 2565 2876 2642; x_wconf 73' lang='grc' dir='ltr'>προκόψαν</span> <span class='ocrx_word' id='word_1_381' title='bbox 2909 2564 2996 2619; x_wconf 84' lang='grc' dir='ltr'>ἐπὶ</span> <span class='ocrx_word' id='word_1_382' title='bbox 3030 2565 3092 2620; x_wconf 87' lang='grc' dir='ltr'>τὸ</span> <span class='ocrx_word' id='word_1_383' title='bbox 3131 2563 3408 2640; x_wconf 66' lang='grc' dir='ltr'>⁶χείριστον</span> <span class='ocrx_word' id='word_1_384' title='bbox 3447 2561 3647 2636; x_wconf 83' lang='grc' dir='ltr'>ᾧοντο·</span> <span class='ocrx_word' id='word_1_385' title='bbox 3683 2561 3829 2618; x_wconf 82' lang='grc' dir='ltr'>πολ-</span> 
     </span>
    </p>
   </div>
   <div class='ocr_carea' id='block_1_43' title="bbox 403 2653 2054 2751">
    <p class='ocr_par' dir='ltr' id='par_1_43' title="bbox 403 2660 2044 2751">
     <span class='ocr_line' id='line_1_48' title="bbox 403 2660 2044 2751; baseline -0.013 -15"><span class='ocrx_word' id='word_1_386' title='bbox 403 2673 838 2751; x_wconf 87' lang='lat' dir='ltr'><strong>imperatoriam</strong></span> <span class='ocrx_word' id='word_1_387' title='bbox 886 2669 1048 2726; x_wconf 90' lang='lat' dir='ltr'><strong>illius</strong></span> <span class='ocrx_word' id='word_1_388' title='bbox 1124 2666 1258 2723; x_wconf 82' lang='lat' dir='ltr'><strong>mali</strong></span> <span class='ocrx_word' id='word_1_389' title='bbox 1331 2663 1505 2720; x_wconf 85' lang='lat' dir='ltr'><strong>undis</strong></span> <span class='ocrx_word' id='word_1_390' title='bbox 1580 2660 1933 2728; x_wconf 84' lang='lat' dir='ltr'><strong>eluen.ibue,</strong></span> <span class='ocrx_word' id='word_1_391' title='bbox 1977 2663 2044 2715; x_wconf 88' lang='lat' dir='ltr'>ut</span> 
     </span>
    </p>
   </div>
   <div class='ocr_carea' id='block_1_44' title="bbox 2165 2653 3828 2751">
    <p class='ocr_par' dir='ltr' id='par_1_44' title="bbox 2165 2653 3828 2732">
     <span class='ocr_line' id='line_1_49' title="bbox 2165 2653 3828 2732; baseline -0.003 -21"><span class='ocrx_word' id='word_1_392' title='bbox 2165 2655 2290 2720; x_wconf 73' lang='grc' dir='ltr'>λοὺς</span> <span class='ocrx_word' id='word_1_393' title='bbox 2351 2657 2445 2730; x_wconf 76' lang='grc' dir='ltr'>μέν</span> <span class='ocrx_word' id='word_1_394' title='bbox 2513 2656 2614 2732; x_wconf 79' lang='grc' dir='ltr'>γὰρ</span> <span class='ocrx_word' id='word_1_395' title='bbox 2672 2655 2763 2710; x_wconf 88' lang='grc' dir='ltr'>καὶ</span> <span class='ocrx_word' id='word_1_396' title='bbox 2823 2658 2930 2710; x_wconf 86' lang='grc' dir='ltr'>τῶν</span> <span class='ocrx_word' id='word_1_397' title='bbox 2990 2653 3257 2729; x_wconf 81' lang='grc' dir='ltr'>πρότερον</span> <span class='ocrx_word' id='word_1_398' title='bbox 3345 2653 3828 2728; x_wconf 76' lang='grc' dir='ltr'>αὑταρχησάντων</span> 
     </span>
    </p>
   </div>
   <div class='ocr_carea' id='block_1_45' title="bbox 401 2749 2052 2834">
    <p class='ocr_par' dir='ltr' id='par_1_45' title="bbox 401 2749 2052 2834">
     <span class='ocr_line' id='line_1_50' title="bbox 401 2749 2052 2834; baseline -0.011 -10"><span class='ocrx_word' id='word_1_399' title='bbox 401 2749 736 2824; x_wconf 72' lang='lat' dir='ltr'><strong>litterzeilla:</strong></span> <span class='ocrx_word' id='word_1_400' title='bbox 793 2760 965 2834; x_wconf 85' lang='lat' dir='ltr'><strong>plane</strong></span> <span class='ocrx_word' id='word_1_401' title='bbox 995 2759 1054 2814; x_wconf 92' lang='lat' dir='ltr'><strong>in</strong></span> <span class='ocrx_word' id='word_1_402' title='bbox 1115 2773 1267 2828; x_wconf 89' lang='lat' dir='ltr'><strong>aqua</strong></span> <span class='ocrx_word' id='word_1_403' title='bbox 1321 2753 1550 2824; x_wconf 75' lang='lat' dir='ltr'><strong>scriptae</strong></span> <span class='ocrx_word' id='word_1_404' title='bbox 1605 2749 1936 2806; x_wconf 85' lang='lat' dir='ltr'><strong>viderentur</strong></span> <span class='ocrx_word' id='word_1_405' title='bbox 1995 2754 2052 2806; x_wconf 85' lang='lat' dir='ltr'>et</span> 
     </span>
    </p>
   </div>
   <div class='ocr_carea' id='block_1_46' title="bbox 401 2849 1329 2915">
    <p class='ocr_par' dir='ltr' id='par_1_46' title="bbox 401 2849 1329 2915">
     <span class='ocr_line' id='line_1_51' title="bbox 401 2849 1329 2915; baseline -0.015 -1"><span class='ocrx_word' id='word_1_406' title='bbox 401 2857 592 2915; x_wconf 85' lang='lat' dir='ltr'><strong>edicta</strong></span> <span class='ocrx_word' id='word_1_407' title='bbox 624 2855 834 2910; x_wconf 83' lang='lat' dir='ltr'><strong>frustra</strong></span> <span class='ocrx_word' id='word_1_408' title='bbox 852 2849 1329 2906; x_wconf 82' lang='lat' dir='ltr'><strong>subnotarentur.</strong></span> 
     </span>
    </p>
   </div>
   <div class='ocr_carea' id='block_1_47' title="bbox 2161 2739 3828 2820">
    <p class='ocr_par' dir='ltr' id='par_1_47' title="bbox 2161 2739 3828 2820">
     <span class='ocr_line' id='line_1_52' title="bbox 2161 2739 3828 2820; baseline -0.002 -21"><span class='ocrx_word' id='word_1_409' title='bbox 2161 2743 2452 2818; x_wconf 82' lang='grc' dir='ltr'>Ῥωμαίων</span> <span class='ocrx_word' id='word_1_410' title='bbox 2490 2743 2832 2820; x_wconf 75' lang='grc' dir='ltr'>βουληθῆναι</span> <span class='ocrx_word' id='word_1_411' title='bbox 2864 2748 2964 2811; x_wconf 74' lang='grc' dir='ltr'>τήν</span> <span class='ocrx_word' id='word_1_412' title='bbox 3019 2747 3118 2798; x_wconf 88' lang='grc' dir='ltr'>τοῦ</span> <span class='ocrx_word' id='word_1_413' title='bbox 3177 2739 3334 2805; x_wconf 79' lang='grc' dir='ltr'>ἔθους</span> <span class='ocrx_word' id='word_1_414' title='bbox 3389 2742 3592 2798; x_wconf 84' lang='grc' dir='ltr'>τούτου</span> <span class='ocrx_word' id='word_1_415' title='bbox 3623 2747 3828 2798; x_wconf 70' lang='grc' dir='ltr'>παῦσαι</span> 
     </span>
    </p>
   </div>
   <div class='ocr_carea' id='block_1_48' title="bbox 2161 2829 3828 2910">
    <p class='ocr_par' dir='ltr' id='par_1_48' title="bbox 2161 2829 3828 2910">
     <span class='ocr_line' id='line_1_53' title="bbox 2161 2829 3828 2910; baseline -0.002 -22"><span class='ocrx_word' id='word_1_416' title='bbox 2161 2832 2611 2910; x_wconf 74' lang='grc' dir='ltr'>παραλογέτητα,</span> <span class='ocrx_word' id='word_1_417' title='bbox 2642 2832 2734 2888; x_wconf 76' lang='grc' dir='ltr'>καὶ</span> <span class='ocrx_word' id='word_1_418' title='bbox 2787 2831 3059 2908; x_wconf 73' lang='grc' dir='ltr'>φακέλους</span> <span class='ocrx_word' id='word_1_419' title='bbox 3108 2830 3382 2887; x_wconf 83' lang='grc' dir='ltr'>ἀπολῦσαι</span> <span class='ocrx_word' id='word_1_420' title='bbox 3433 2829 3828 2909; x_wconf 69' lang='grc' dir='ltr'>διαταγμάτων</span> 
     </span>
    </p>
   </div>
   <div class='ocr_carea' id='block_1_49' title="bbox 408 2918 3830 3021">
    <p class='ocr_par' dir='ltr' id='par_1_49' title="bbox 408 2918 3830 3021">
     <span class='ocr_line' id='line_1_54' title="bbox 408 2918 3830 3021; baseline -0.008 -20"><span class='ocrx_word' id='word_1_421' title='bbox 408 2941 707 3021; x_wconf 76' lang='grc' dir='ltr'>βασιλικῶν</span> <span class='ocrx_word' id='word_1_422' title='bbox 741 2938 806 2994; x_wconf 83' lang='grc' dir='ltr'>τά</span> <span class='ocrx_word' id='word_1_423' title='bbox 837 2937 1106 3007; x_wconf 72' lang='grc' dir='ltr'>ἀνήκεστα</span> <span class='ocrx_word' id='word_1_424' title='bbox 1137 2930 1608 3005; x_wconf 71' lang='grc' dir='ltr'>διαπειλουμένων</span> <span class='ocrx_word' id='word_1_425' title='bbox 1638 2935 1754 2992; x_wconf 89' lang='grc' dir='ltr'>τοῖς</span> <span class='ocrx_word' id='word_1_426' title='bbox 1789 2925 2180 3000; x_wconf 82' lang='grc' dir='ltr'>ὂπλιζομένοις</span> <span class='ocrx_word' id='word_1_427' title='bbox 2211 2925 2345 2980; x_wconf 85' lang='grc' dir='ltr'>κατά</span> <span class='ocrx_word' id='word_1_428' title='bbox 2375 2921 2585 2979; x_wconf 86' lang='grc' dir='ltr'>πλοίων</span> <span class='ocrx_word' id='word_1_429' title='bbox 2615 2927 2723 2978; x_wconf 90' lang='grc' dir='ltr'>τῶν</span> <span class='ocrx_word' id='word_1_430' title='bbox 2755 2927 3001 2999; x_wconf 89' lang='grc' dir='ltr'>ναυαγῶν</span> <span class='ocrx_word' id='word_1_431' title='bbox 3033 2922 3124 2978; x_wconf 80' lang='grc' dir='ltr'>καὶ</span> <span class='ocrx_word' id='word_1_432' title='bbox 3156 2919 3518 2997; x_wconf 75' lang='grc' dir='ltr'>διαρπάζουσι</span> <span class='ocrx_word' id='word_1_433' title='bbox 3548 2921 3619 2976; x_wconf 81' lang='grc' dir='ltr'>τὰ</span> <span class='ocrx_word' id='word_1_434' title='bbox 3675 2918 3830 2976; x_wconf 83' lang='grc' dir='ltr'>ἔνδον</span> 
     </span>
    </p>
   </div>
   <div class='ocr_carea' id='block_1_50' title="bbox 407 3007 3829 3103">
    <p class='ocr_par' dir='ltr' id='par_1_50' title="bbox 407 3007 3829 3103">
     <span class='ocr_line' id='line_1_55' title="bbox 407 3007 3829 3103; baseline -0.008 -14"><span class='ocrx_word' id='word_1_435' title='bbox 407 3031 603 3090; x_wconf 76' lang='grc' dir='ltr'>αὐτῶν·</span> <span class='ocrx_word' id='word_1_436' title='bbox 634 3027 686 3086; x_wconf 85' lang='grc' dir='ltr'>ἐν</span> <span class='ocrx_word' id='word_1_437' title='bbox 717 3027 1000 3103; x_wconf 78' lang='grc' dir='ltr'>γράμμασι</span> <span class='ocrx_word' id='word_1_438' title='bbox 1032 3022 1088 3078; x_wconf 82' lang='grc' dir='ltr'>δέ</span> <span class='ocrx_word' id='word_1_439' title='bbox 1122 3022 1313 3096; x_wconf 90' lang='grc' dir='ltr'>μόνοις</span> <span class='ocrx_word' id='word_1_440' title='bbox 1341 3019 1409 3074; x_wconf 83' lang='grc' dir='ltr'>τά</span> <span class='ocrx_word' id='word_1_441' title='bbox 1437 3022 1662 3074; x_wconf 81' lang='grc' dir='ltr'>τοιαῦτα</span> <span class='ocrx_word' id='word_1_442' title='bbox 1693 3015 2034 3088; x_wconf 85' lang='grc' dir='ltr'>θεσπίσματα</span> <span class='ocrx_word' id='word_1_443' title='bbox 2065 3017 2298 3083; x_wconf 85' lang='grc' dir='ltr'>κεῖσθαι,</span> <span class='ocrx_word' id='word_1_444' title='bbox 2332 3013 2425 3067; x_wconf 83' lang='grc' dir='ltr'>οἶα</span> <span class='ocrx_word' id='word_1_445' title='bbox 2457 3012 2592 3067; x_wconf 75' lang='grc' dir='ltr'>κατά</span> <span class='ocrx_word' id='word_1_446' title='bbox 2636 3007 2888 3066; x_wconf 89' lang='grc' dir='ltr'>κλύδωνα</span> <span class='ocrx_word' id='word_1_447' title='bbox 2939 3014 3036 3064; x_wconf 89' lang='grc' dir='ltr'>τοῦ</span> <span class='ocrx_word' id='word_1_448' title='bbox 3067 3013 3236 3064; x_wconf 86' lang='grc' dir='ltr'>κακοῦ</span> <span class='ocrx_word' id='word_1_449' title='bbox 3275 3007 3695 3088; x_wconf 72' lang='grc' dir='ltr'>κορυφουμένου</span> <span class='ocrx_word' id='word_1_450' title='bbox 3735 3009 3829 3062; x_wconf 74' lang='grc' dir='ltr'>καὶ</span> 
     </span>
    </p>
   </div>
   <div class='ocr_carea' id='block_1_51' title="bbox 412 3095 3831 3195">
    <p class='ocr_par' dir='ltr' id='par_1_51' title="bbox 412 3095 3831 3195">
     <span class='ocr_line' id='line_1_56' title="bbox 412 3095 3831 3195; baseline -0.008 -17"><span class='ocrx_word' id='word_1_451' title='bbox 412 3119 715 3195; x_wconf 83' lang='grc' dir='ltr'>μεταρσίως</span> <span class='ocrx_word' id='word_1_452' title='bbox 745 3111 1037 3190; x_wconf 72' lang='grc' dir='ltr'>αἱρομένου</span> <span class='ocrx_word' id='word_1_453' title='bbox 1075 3111 1166 3168; x_wconf 85' lang='grc' dir='ltr'>καὶ</span> <span class='ocrx_word' id='word_1_454' title='bbox 1206 3111 1268 3166; x_wconf 80' lang='grc' dir='ltr'>τὸ</span> <span class='ocrx_word' id='word_1_455' title='bbox 1313 3107 1594 3184; x_wconf 84' lang='grc' dir='ltr'>βασιλικὸν</span> <span class='ocrx_word' id='word_1_456' title='bbox 1644 3103 2036 3183; x_wconf 72' lang='grc' dir='ltr'>ἀπαλείφοντος</span> <span class='ocrx_word' id='word_1_457' title='bbox 2085 3099 2472 3177; x_wconf 75' lang='grc' dir='ltr'>ἐρυθρόδανον,</span> <span class='ocrx_word' id='word_1_458' title='bbox 2525 3101 2600 3163; x_wconf 85' lang='grc' dir='ltr'>ὠς</span> <span class='ocrx_word' id='word_1_459' title='bbox 2661 3100 2881 3178; x_wconf 76' lang='grc' dir='ltr'>γράφειν</span> <span class='ocrx_word' id='word_1_460' title='bbox 2925 3095 3175 3170; x_wconf 69' lang='grc' dir='ltr'>ἄντικρυς</span> <span class='ocrx_word' id='word_1_461' title='bbox 3207 3099 3333 3159; x_wconf 75' lang='grc' dir='ltr'>τοὺς</span> <span class='ocrx_word' id='word_1_462' title='bbox 3361 3098 3674 3175; x_wconf 74' lang='grc' dir='ltr'>γράφοντας</span> <span class='ocrx_word' id='word_1_463' title='bbox 3712 3098 3831 3152; x_wconf 78' lang='grc' dir='ltr'>καθ’</span> 
     </span>
    </p>
   </div>
   <div class='ocr_carea' id='block_1_52' title="bbox 410 3190 2330 3286">
    <p class='ocr_par' dir='ltr' id='par_1_52' title="bbox 410 3190 2330 3286">
     <span class='ocr_line' id='line_1_57' title="bbox 410 3190 2330 3286; baseline -0.01 -20"><span class='ocrx_word' id='word_1_464' title='bbox 410 3213 590 3286; x_wconf 80' lang='grc' dir='ltr'>ὑγρῶν</span> <span class='ocrx_word' id='word_1_465' title='bbox 619 3205 796 3263; x_wconf 90' lang='grc' dir='ltr'>δοκεῖν</span> <span class='ocrx_word' id='word_1_466' title='bbox 829 3201 922 3260; x_wconf 79' lang='grc' dir='ltr'>καὶ</span> <span class='ocrx_word' id='word_1_467' title='bbox 963 3199 1428 3274; x_wconf 78' lang='grc' dir='ltr'>ὑποσημαίνεσθαι</span> <span class='ocrx_word' id='word_1_468' title='bbox 1455 3197 1632 3271; x_wconf 87' lang='grc' dir='ltr'>μάτην</span> <span class='ocrx_word' id='word_1_469' title='bbox 1655 3196 1720 3250; x_wconf 80' lang='grc' dir='ltr'>τὰ</span> <span class='ocrx_word' id='word_1_470' title='bbox 1760 3194 1934 3250; x_wconf 85' lang='grc' dir='ltr'>οἰκεῖα</span> <span class='ocrx_word' id='word_1_471' title='bbox 1965 3190 2330 3264; x_wconf 82' lang='grc' dir='ltr'>κελεύσματα.</span> 
     </span>
    </p>
   </div>
   <div class='ocr_carea' id='block_1_53' title="bbox 481 3283 2052 3364">
    <p class='ocr_par' dir='ltr' id='par_1_53' title="bbox 481 3283 2052 3364">
     <span class='ocr_line' id='line_1_58' title="bbox 481 3283 2052 3364; baseline -0.013 -8"><span class='ocrx_word' id='word_1_472' title='bbox 481 3283 533 3356; x_wconf 58' lang='grc'>4.</span> <span class='ocrx_word' id='word_1_473' title='bbox 563 3300 698 3364; x_wconf 70' lang='lat' dir='ltr'><strong>Quae</strong></span> <span class='ocrx_word' id='word_1_474' title='bbox 729 3312 864 3352; x_wconf 90' lang='lat' dir='ltr'>cum</span> <span class='ocrx_word' id='word_1_475' title='bbox 923 3293 987 3350; x_wconf 87' lang='lat' dir='ltr'>hi</span> <span class='ocrx_word' id='word_1_476' title='bbox 1031 3291 1336 3358; x_wconf 84' lang='lat' dir='ltr'><strong>dixissent,</strong></span> <span class='ocrx_word' id='word_1_477' title='bbox 1385 3287 1756 3344; x_wconf 90' lang='lat' dir='ltr'><strong>Andronicus</strong></span> <span class='ocrx_word' id='word_1_478' title='bbox 1809 3283 2052 3339; x_wconf 88' lang='lat' dir='ltr'><strong>circum-</strong></span> 
     </span>
    </p>
   </div>
   <div class='ocr_carea' id='block_1_54' title="bbox 410 3371 2053 3448">
    <p class='ocr_par' dir='ltr' id='par_1_54' title="bbox 410 3371 2053 3448">
     <span class='ocr_line' id='line_1_59' title="bbox 410 3371 2053 3448; baseline -0.013 -1"><span class='ocrx_word' id='word_1_479' title='bbox 410 3397 656 3447; x_wconf 87' lang='lat' dir='ltr'><strong>stantem</strong></span> <span class='ocrx_word' id='word_1_480' title='bbox 687 3392 954 3442; x_wconf 89' lang='lat' dir='ltr'><strong>senatum</strong></span> <span class='ocrx_word' id='word_1_481' title='bbox 1003 3380 1211 3439; x_wconf 87' lang='lat' dir='ltr'><strong>acriter</strong></span> <span class='ocrx_word' id='word_1_482' title='bbox 1255 3378 1526 3448; x_wconf 88' lang='lat' dir='ltr'><strong>intuitus,</strong></span> <span class='ocrx_word' id='word_1_483' title='bbox 1573 3381 1630 3432; x_wconf 86' lang='lat' dir='ltr'>et</span> <span class='ocrx_word' id='word_1_484' title='bbox 1669 3371 1924 3446; x_wconf 87' lang='lat' dir='ltr'><strong>suspirio</strong></span> <span class='ocrx_word' id='word_1_485' title='bbox 1983 3387 2053 3427; x_wconf 84' lang='lat' dir='ltr'><strong>ex</strong></span> 
     </span>
    </p>
   </div>
   <div class='ocr_carea' id='block_1_55' title="bbox 409 3464 2050 3548">
    <p class='ocr_par' dir='ltr' id='par_1_55' title="bbox 409 3464 2050 3548">
     <span class='ocr_line' id='line_1_60' title="bbox 409 3464 2050 3548; baseline -0.013 -12"><span class='ocrx_word' id='word_1_486' title='bbox 409 3479 546 3536; x_wconf 88' lang='lat' dir='ltr'><strong>imis</strong></span> <span class='ocrx_word' id='word_1_487' title='bbox 630 3473 964 3548; x_wconf 62' lang='lat' dir='ltr'><strong>praecordiis</strong></span> <span class='ocrx_word' id='word_1_488' title='bbox 1043 3471 1312 3526; x_wconf 84' lang='lat' dir='ltr'><strong>duclo:«</strong></span> <span class='ocrx_word' id='word_1_489' title='bbox 1378 3465 1556 3532; x_wconf 84' lang='lat' dir='ltr'><strong>Nihil,</strong></span> <span class='ocrx_word' id='word_1_490' title='bbox 1640 3464 1854 3535; x_wconf 91' lang='lat' dir='ltr'><strong>inquit,</strong></span> <span class='ocrx_word' id='word_1_491' title='bbox 1941 3465 2050 3525; x_wconf 88' lang='lat' dir='ltr'><strong>est,</strong></span> 
     </span>
    </p>
   </div>
   <div class='ocr_carea' id='block_1_56' title="bbox 409 3555 2051 3641">
    <p class='ocr_par' dir='ltr' id='par_1_56' title="bbox 409 3555 2051 3641">
     <span class='ocr_line' id='line_1_61' title="bbox 409 3555 2051 3641; baseline -0.013 -17"><span class='ocrx_word' id='word_1_492' title='bbox 409 3569 552 3641; x_wconf 89' lang='lat' dir='ltr'><strong>quin</strong></span> <span class='ocrx_word' id='word_1_493' title='bbox 601 3567 672 3622; x_wconf 90' lang='lat' dir='ltr'>ab</span> <span class='ocrx_word' id='word_1_494' title='bbox 757 3559 1210 3635; x_wconf 87' lang='lat' dir='ltr'><strong>imperatoribus</strong></span> <span class='ocrx_word' id='word_1_495' title='bbox 1295 3555 1594 3612; x_wconf 89' lang='lat' dir='ltr'><strong>emendari</strong></span> <span class='ocrx_word' id='word_1_496' title='bbox 1672 3557 1884 3624; x_wconf 82' lang='lat' dir='ltr'><strong>queat;</strong></span> <span class='ocrx_word' id='word_1_497' title='bbox 1945 3565 2051 3605; x_wconf 87' lang='lat' dir='ltr'>nec</span> 
     </span>
    </p>
   </div>
   <div class='ocr_carea' id='block_1_57' title="bbox 412 3645 2048 3729">
    <p class='ocr_par' dir='ltr' id='par_1_57' title="bbox 412 3645 2048 3729">
     <span class='ocr_line' id='line_1_62' title="bbox 412 3645 2048 3729; baseline -0.009 -15"><span class='ocrx_word' id='word_1_498' title='bbox 412 3659 587 3714; x_wconf 85' lang='lat' dir='ltr'><strong>ullam</strong></span> <span class='ocrx_word' id='word_1_499' title='bbox 610 3661 909 3729; x_wconf 88' lang='lat' dir='ltr'><strong>peccatum</strong></span> <span class='ocrx_word' id='word_1_500' title='bbox 962 3654 1070 3720; x_wconf 86' lang='lat' dir='ltr'><strong>est,</strong></span> <span class='ocrx_word' id='word_1_501' title='bbox 1120 3645 1279 3721; x_wconf 90' lang='lat' dir='ltr'><strong>quod</strong></span> <span class='ocrx_word' id='word_1_502' title='bbox 1325 3645 1476 3701; x_wconf 90' lang='lat' dir='ltr'><strong>vires</strong></span> <span class='ocrx_word' id='word_1_503' title='bbox 1515 3659 1718 3700; x_wconf 87' lang='lat' dir='ltr'><strong>eorum</strong></span> <span class='ocrx_word' id='word_1_504' title='bbox 1792 3650 2048 3715; x_wconf 81' lang='lat' dir='ltr'><strong>superet,</strong></span> 
     </span>
    </p>
   </div>
   <div class='ocr_carea' id='block_1_58' title="bbox 2235 3273 3829 3356">
    <p class='ocr_par' dir='ltr' id='par_1_58' title="bbox 2235 3273 3829 3356">
     <span class='ocr_line' id='line_1_63' title="bbox 2235 3273 3829 3356; baseline -0.003 -22"><span class='ocrx_word' id='word_1_505' title='bbox 2235 3275 2296 3335; x_wconf 86' lang='grc' dir='ltr'>δ’.</span> <span class='ocrx_word' id='word_1_506' title='bbox 2331 3275 2434 3335; x_wconf 76' lang='grc' dir='ltr'>Καὶ</span> <span class='ocrx_word' id='word_1_507' title='bbox 2465 3277 2518 3332; x_wconf 75' lang='grc' dir='ltr'>οἱ</span> <span class='ocrx_word' id='word_1_508' title='bbox 2554 3278 2646 3350; x_wconf 76' lang='grc' dir='ltr'>μὲν</span> <span class='ocrx_word' id='word_1_509' title='bbox 2675 3281 2900 3334; x_wconf 88' lang='grc' dir='ltr'>τοιαῦτα</span> <span class='ocrx_word' id='word_1_510' title='bbox 2939 3275 3281 3356; x_wconf 81' lang='grc' dir='ltr'>ἐφθέγγοντο·</span> <span class='ocrx_word' id='word_1_511' title='bbox 3317 3276 3346 3330; x_wconf 87' lang='grc' dir='ltr'>ὁ</span> <span class='ocrx_word' id='word_1_512' title='bbox 3391 3273 3452 3330; x_wconf 70' lang='grc' dir='ltr'>δὲ</span> <span class='ocrx_word' id='word_1_513' title='bbox 3489 3273 3728 3351; x_wconf 80' lang='grc' dir='ltr'>δριμέως</span> <span class='ocrx_word' id='word_1_514' title='bbox 3759 3277 3829 3332; x_wconf 83' lang='grc' dir='ltr'>τὸ</span> 
     </span>
    </p>
   </div>
   <div class='ocr_carea' id='block_1_59' title="bbox 2161 3359 3830 3442">
    <p class='ocr_par' dir='ltr' id='par_1_59' title="bbox 2161 3359 3830 3442">
     <span class='ocr_line' id='line_1_64' title="bbox 2161 3359 3830 3442; baseline -0.003 -19"><span class='ocrx_word' id='word_1_515' title='bbox 2161 3367 2459 3442; x_wconf 85' lang='grc' dir='ltr'>περιεστὼς</span> <span class='ocrx_word' id='word_1_516' title='bbox 2519 3365 2722 3422; x_wconf 81' lang='grc' dir='ltr'>ἐκεῖνον</span> <span class='ocrx_word' id='word_1_517' title='bbox 2803 3366 3020 3438; x_wconf 85' lang='grc' dir='ltr'>σύμπαν</span> <span class='ocrx_word' id='word_1_518' title='bbox 3088 3359 3565 3440; x_wconf 71' lang='grc' dir='ltr'>περιϐλεψάμενος</span> <span class='ocrx_word' id='word_1_519' title='bbox 3615 3363 3830 3439; x_wconf 84' lang='grc' dir='ltr'>γερού-</span> 
     </span>
    </p>
   </div>
   <div class='ocr_carea' id='block_1_60' title="bbox 2161 3451 3824 3530">
    <p class='ocr_par' dir='ltr' id='par_1_60' title="bbox 2161 3451 3824 3530">
     <span class='ocr_line' id='line_1_65' title="bbox 2161 3451 3824 3530; baseline -0.002 -18"><span class='ocrx_word' id='word_1_520' title='bbox 2161 3477 2302 3527; x_wconf 87' lang='grc' dir='ltr'>σιον,</span> <span class='ocrx_word' id='word_1_521' title='bbox 2333 3455 2578 3526; x_wconf 77' lang='grc' dir='ltr'>στενάξας</span> <span class='ocrx_word' id='word_1_522' title='bbox 2611 3456 2728 3510; x_wconf 82' lang='grc' dir='ltr'>εἷπε</span> <span class='ocrx_word' id='word_1_523' title='bbox 2770 3456 2906 3530; x_wconf 73' lang='grc' dir='ltr'>βαθὺ</span> <span class='ocrx_word' id='word_1_524' title='bbox 2946 3455 3021 3518; x_wconf 86' lang='grc' dir='ltr'>ὡς</span> <span class='ocrx_word' id='word_1_525' title='bbox 3058 3477 3084 3510; x_wconf 73' lang='grc' dir='ltr'>α</span> <span class='ocrx_word' id='word_1_526' title='bbox 3114 3451 3284 3512; x_wconf 74' lang='grc' dir='ltr'>Οὑδέν</span> <span class='ocrx_word' id='word_1_527' title='bbox 3345 3459 3463 3517; x_wconf 86' lang='grc' dir='ltr'>τοῖς</span> <span class='ocrx_word' id='word_1_528' title='bbox 3508 3453 3824 3529; x_wconf 80' lang='grc' dir='ltr'>βασιλεῦσιν</span> 
     </span>
    </p>
   </div>
   <div class='ocr_carea' id='block_1_61' title="bbox 2161 3539 3830 3620">
    <p class='ocr_par' dir='ltr' id='par_1_61' title="bbox 2161 3539 3830 3620">
     <span class='ocr_line' id='line_1_66' title="bbox 2161 3539 3830 3620; baseline -0.003 -21"><span class='ocrx_word' id='word_1_529' title='bbox 2161 3542 2517 3620; x_wconf 79' lang='grc' dir='ltr'>ἀδιόρθωτον,</span> <span class='ocrx_word' id='word_1_530' title='bbox 2551 3541 2662 3599; x_wconf 70' lang='grc' dir='ltr'>οὔδ’</span> <span class='ocrx_word' id='word_1_531' title='bbox 2693 3539 2806 3599; x_wconf 79' lang='grc' dir='ltr'>ἔστι</span> <span class='ocrx_word' id='word_1_532' title='bbox 2852 3565 2907 3598; x_wconf 88' lang='grc' dir='ltr'>τι</span> <span class='ocrx_word' id='word_1_533' title='bbox 2963 3548 3071 3598; x_wconf 88' lang='grc' dir='ltr'>τῶν</span> <span class='ocrx_word' id='word_1_534' title='bbox 3129 3540 3492 3614; x_wconf 84' lang='grc' dir='ltr'>πλημμελῶς</span> <span class='ocrx_word' id='word_1_535' title='bbox 3519 3540 3830 3616; x_wconf 83' lang='grc' dir='ltr'>γινομένων</span> 
     </span>
    </p>
   </div>
   <div class='ocr_carea' id='block_1_62' title="bbox 2163 3626 3818 3710">
    <p class='ocr_par' dir='ltr' id='par_1_62' title="bbox 2163 3626 3818 3710">
     <span class='ocr_line' id='line_1_67' title="bbox 2163 3626 3818 3710; baseline -0.002 -22"><span class='ocrx_word' id='word_1_536' title='bbox 2163 3635 2193 3688; x_wconf 81' lang='grc' dir='ltr'>ὅ</span> <span class='ocrx_word' id='word_1_537' title='bbox 2221 3635 2320 3702; x_wconf 71' lang='grc' dir='ltr'>τὴν</span> <span class='ocrx_word' id='word_1_538' title='bbox 2355 3633 2513 3710; x_wconf 77' lang='grc' dir='ltr'>ἰσχὺν</span> <span class='ocrx_word' id='word_1_539' title='bbox 2571 3633 2750 3689; x_wconf 83' lang='grc' dir='ltr'>αὑτῶν</span> <span class='ocrx_word' id='word_1_540' title='bbox 2813 3631 3228 3706; x_wconf 78' lang='grc' dir='ltr'>ὑπερπέπαικεν.</span> <span class='ocrx_word' id='word_1_541' title='bbox 3262 3626 3668 3688; x_wconf 76' lang='grc' dir='ltr'>Ἐϐλακεύοντο</span> <span class='ocrx_word' id='word_1_542' title='bbox 3700 3629 3818 3686; x_wconf 87' lang='grc' dir='ltr'>τοί-</span> 
     </span>
    </p>
   </div>
   <div class='ocr_carea' id='block_1_63' title="bbox 411 3718 2054 3820">
    <p class='ocr_par' dir='ltr' id='par_1_63' title="bbox 411 3718 2052 3820">
     <span class='ocr_line' id='line_1_68' title="bbox 411 3718 2052 3820; baseline -0.008 -16"><span class='ocrx_word' id='word_1_543' title='bbox 411 3718 750 3820; x_wconf 68' lang='grc' dir='ltr'>ὃυρει-ὶότθε</span> <span class='ocrx_word' id='word_1_544' title='bbox 781 3748 976 3798; x_wconf 86' lang='lat' dir='ltr'><strong>autem</strong></span> <span class='ocrx_word' id='word_1_545' title='bbox 1007 3718 1390 3810; x_wconf 78' lang='lat' dir='ltr'><strong>imperatores</strong></span> <span class='ocrx_word' id='word_1_546' title='bbox 1421 3741 1515 3790; x_wconf 90' lang='lat' dir='ltr'>aut</span> <span class='ocrx_word' id='word_1_547' title='bbox 1540 3749 1660 3788; x_wconf 88' lang='lat' dir='ltr'>rem</span> <span class='ocrx_word' id='word_1_548' title='bbox 1701 3732 1876 3788; x_wconf 89' lang='lat' dir='ltr'><strong>stulte</strong></span> <span class='ocrx_word' id='word_1_549' title='bbox 1915 3744 2052 3791; x_wconf 88' lang='lat' dir='ltr'><strong>sunt</strong></span> 
     </span>
    </p>
   </div>
   <div class='ocr_carea' id='block_1_64' title="bbox 2165 3718 3824 3820">
    <p class='ocr_par' dir='ltr' id='par_1_64' title="bbox 2165 3718 3824 3797">
     <span class='ocr_line' id='line_1_69' title="bbox 2165 3718 3824 3797; baseline 0 -21"><span class='ocrx_word' id='word_1_550' title='bbox 2165 3745 2277 3792; x_wconf 88' lang='grc' dir='ltr'>νυν,</span> <span class='ocrx_word' id='word_1_551' title='bbox 2312 3723 2383 3785; x_wconf 82' lang='grc' dir='ltr'>ὡς</span> <span class='ocrx_word' id='word_1_552' title='bbox 2414 3718 2607 3795; x_wconf 80' lang='grc' dir='ltr'>ἔοικεν,</span> <span class='ocrx_word' id='word_1_553' title='bbox 2650 3723 2701 3776; x_wconf 71' lang='grc' dir='ltr'>οἱ</span> <span class='ocrx_word' id='word_1_554' title='bbox 2760 3721 3021 3797; x_wconf 86' lang='grc' dir='ltr'>πρότερον</span> <span class='ocrx_word' id='word_1_555' title='bbox 3083 3718 3502 3796; x_wconf 80' lang='grc' dir='ltr'>αύτοκράτορες,</span> <span class='ocrx_word' id='word_1_556' title='bbox 3561 3722 3648 3794; x_wconf 87' lang='grc' dir='ltr'>[Ρ.</span> <span class='ocrx_word' id='word_1_557' title='bbox 3693 3721 3824 3793; x_wconf 73' lang='grc'>210]</span> 
     </span>
    </p>
   </div>
   <div class='ocr_carea' id='block_1_65' title="bbox 413 3821 2054 3912">
    <p class='ocr_par' dir='ltr' id='par_1_65' title="bbox 413 3821 2054 3912">
     <span class='ocr_line' id='line_1_70' title="bbox 413 3821 2054 3912; baseline -0.011 -16"><span class='ocrx_word' id='word_1_558' title='bbox 413 3838 670 3912; x_wconf 74' lang='lat' dir='ltr'><strong>aggressi</strong></span> <span class='ocrx_word' id='word_1_559' title='bbox 706 3836 806 3888; x_wconf 85' lang='lat' dir='ltr'>aut</span> <span class='ocrx_word' id='word_1_560' title='bbox 837 3847 899 3887; x_wconf 91' lang='lat' dir='ltr'><strong>se</strong></span> <span class='ocrx_word' id='word_1_561' title='bbox 935 3828 1130 3885; x_wconf 86' lang='lat' dir='ltr'><strong>dolere</strong></span> <span class='ocrx_word' id='word_1_562' title='bbox 1187 3823 1422 3897; x_wconf 86' lang='lat' dir='ltr'><strong>injuriis</strong></span> <span class='ocrx_word' id='word_1_563' title='bbox 1481 3821 1857 3879; x_wconf 87' lang='lat' dir='ltr'><strong>simularunt.</strong></span> <span class='ocrx_word' id='word_1_564' title='bbox 1911 3822 2054 3878; x_wconf 88' lang='lat' dir='ltr'><strong>Nam</strong></span> 
     </span>
    </p>
   </div>
   <div class='ocr_carea' id='block_1_66' title="bbox 414 3911 2061 3997">
    <p class='ocr_par' dir='ltr' id='par_1_66' title="bbox 414 3911 2061 3997">
     <span class='ocr_line' id='line_1_71' title="bbox 414 3911 2061 3997; baseline -0.01 -13"><span class='ocrx_word' id='word_1_565' title='bbox 414 3911 880 3997; x_wconf 81' lang='lat' dir='ltr'><strong>sicorruptelam</strong></span> <span class='ocrx_word' id='word_1_566' title='bbox 914 3917 1075 3976; x_wconf 88' lang='lat' dir='ltr'><strong>illam</strong></span> <span class='ocrx_word' id='word_1_567' title='bbox 1127 3931 1258 3971; x_wconf 88' lang='lat' dir='ltr'><strong>vere</strong></span> <span class='ocrx_word' id='word_1_568' title='bbox 1317 3927 1720 3986; x_wconf 86' lang='lat' dir='ltr'><strong>suppressam,</strong></span> <span class='ocrx_word' id='word_1_569' title='bbox 1783 3918 1837 3966; x_wconf 89' lang='lat' dir='ltr'>et</span> <span class='ocrx_word' id='word_1_570' title='bbox 1881 3911 2061 3968; x_wconf 86' lang='lat' dir='ltr'><strong>libere</strong></span> 
     </span>
    </p>
   </div>
   <div class='ocr_carea' id='block_1_67' title="bbox 420 3999 2058 4089">
    <p class='ocr_par' dir='ltr' id='par_1_67' title="bbox 420 3999 2058 4089">
     <span class='ocr_line' id='line_1_72' title="bbox 420 3999 2058 4089; baseline -0.011 -16"><span class='ocrx_word' id='word_1_571' title='bbox 420 4016 514 4089; x_wconf 84' lang='lat' dir='ltr'>agi</span> <span class='ocrx_word' id='word_1_572' title='bbox 545 4033 613 4071; x_wconf 89' lang='lat' dir='ltr'>ea</span> <span class='ocrx_word' id='word_1_573' title='bbox 667 4029 796 4086; x_wconf 82' lang='lat' dir='ltr'><strong>quae</strong></span> <span class='ocrx_word' id='word_1_574' title='bbox 854 4009 924 4066; x_wconf 87' lang='lat' dir='ltr'>ad</span> <span class='ocrx_word' id='word_1_575' title='bbox 987 4007 1311 4079; x_wconf 72' lang='lat' dir='ltr'><strong>aequitatem</strong></span> <span class='ocrx_word' id='word_1_576' title='bbox 1373 4001 1667 4075; x_wconf 86' lang='lat' dir='ltr'><strong>pertinent</strong></span> <span class='ocrx_word' id='word_1_577' title='bbox 1720 3999 2058 4072; x_wconf 84' lang='lat' dir='ltr'><strong>voluissent,</strong></span> 
     </span>
    </p>
   </div>
   <div class='ocr_carea' id='block_1_68' title="bbox 415 4089 2060 4163">
    <p class='ocr_par' dir='ltr' id='par_1_68' title="bbox 415 4089 2060 4163">
     <span class='ocr_line' id='line_1_73' title="bbox 415 4089 2060 4163; baseline -0.01 0"><span class='ocrx_word' id='word_1_578' title='bbox 415 4103 730 4163; x_wconf 88' lang='lat' dir='ltr'><strong>rubricatis</strong></span> <span class='ocrx_word' id='word_1_579' title='bbox 780 4098 992 4156; x_wconf 89' lang='lat' dir='ltr'><strong>litteris</strong></span> <span class='ocrx_word' id='word_1_580' title='bbox 1053 4094 1292 4152; x_wconf 89' lang='lat' dir='ltr'><strong>omissis</strong></span> <span class='ocrx_word' id='word_1_581' title='bbox 1347 4096 1404 4148; x_wconf 90' lang='lat' dir='ltr'>et</span> <span class='ocrx_word' id='word_1_582' title='bbox 1461 4089 1676 4146; x_wconf 83' lang='lat' dir='ltr'><strong>chartis</strong></span> <span class='ocrx_word' id='word_1_583' title='bbox 1753 4089 2060 4146; x_wconf 89' lang='lat' dir='ltr'><strong>inutilibus</strong></span> 
     </span>
    </p>
   </div>
   <div class='ocr_carea' id='block_1_69' title="bbox 412 4179 2058 4267">
    <p class='ocr_par' dir='ltr' id='par_1_69' title="bbox 412 4179 2058 4267">
     <span class='ocr_line' id='line_1_74' title="bbox 412 4179 2058 4267; baseline -0.011 -16"><span class='ocrx_word' id='word_1_584' title='bbox 412 4193 724 4267; x_wconf 86' lang='lat' dir='ltr'><strong>despectis,</strong></span> <span class='ocrx_word' id='word_1_585' title='bbox 757 4190 1118 4264; x_wconf 86' lang='lat' dir='ltr'><strong>cogitassent</strong></span> <span class='ocrx_word' id='word_1_586' title='bbox 1148 4181 1494 4256; x_wconf 82' lang='lat' dir='ltr'><strong>sanguinem</strong></span> <span class='ocrx_word' id='word_1_587' title='bbox 1529 4181 1690 4250; x_wconf 84' lang='lat' dir='ltr'><strong>ﬂere,</strong></span> <span class='ocrx_word' id='word_1_588' title='bbox 1722 4196 1836 4235; x_wconf 90' lang='lat' dir='ltr'>non</span> <span class='ocrx_word' id='word_1_589' title='bbox 1870 4179 2058 4252; x_wconf 76' lang='lat' dir='ltr'><strong>lacry-</strong></span> 
     </span>
    </p>
   </div>
   <div class='ocr_carea' id='block_1_70' title="bbox 412 4268 2060 4350">
    <p class='ocr_par' dir='ltr' id='par_1_70' title="bbox 412 4268 2060 4350">
     <span class='ocr_line' id='line_1_75' title="bbox 412 4268 2060 4350; baseline -0.01 -9"><span class='ocrx_word' id='word_1_590' title='bbox 412 4302 541 4342; x_wconf 89' lang='lat' dir='ltr'>mas</span> <span class='ocrx_word' id='word_1_591' title='bbox 573 4283 813 4338; x_wconf 88' lang='lat' dir='ltr'><strong>fundere</strong></span> <span class='ocrx_word' id='word_1_592' title='bbox 844 4296 942 4336; x_wconf 89' lang='lat' dir='ltr'>eos</span> <span class='ocrx_word' id='word_1_593' title='bbox 975 4277 1077 4350; x_wconf 93' lang='lat' dir='ltr'>qui</span> <span class='ocrx_word' id='word_1_594' title='bbox 1107 4273 1402 4340; x_wconf 88' lang='lat' dir='ltr'><strong>homines,</strong></span> <span class='ocrx_word' id='word_1_595' title='bbox 1435 4269 1588 4343; x_wconf 89' lang='lat' dir='ltr'><strong>apud</strong></span> <span class='ocrx_word' id='word_1_596' title='bbox 1653 4286 1802 4340; x_wconf 88' lang='lat' dir='ltr'><strong>quos</strong></span> <span class='ocrx_word' id='word_1_597' title='bbox 1858 4268 2060 4324; x_wconf 67' lang='lat' dir='ltr'><strong>fractae</strong></span> 
     </span>
    </p>
   </div>
   <div class='ocr_carea' id='block_1_71' title="bbox 413 4359 2060 4446">
    <p class='ocr_par' dir='ltr' id='par_1_71' title="bbox 413 4359 2060 4446">
     <span class='ocr_line' id='line_1_76' title="bbox 413 4359 2060 4446; baseline -0.01 -14"><span class='ocrx_word' id='word_1_598' title='bbox 413 4392 589 4432; x_wconf 83' lang='lat' dir='ltr'><strong>naves</strong></span> <span class='ocrx_word' id='word_1_599' title='bbox 620 4372 956 4446; x_wconf 81' lang='lat' dir='ltr'><strong>cjiciuntur,</strong></span> <span class='ocrx_word' id='word_1_600' title='bbox 993 4365 1242 4424; x_wconf 90' lang='lat' dir='ltr'><strong>occultis</strong></span> <span class='ocrx_word' id='word_1_601' title='bbox 1273 4364 1330 4418; x_wconf 90' lang='lat' dir='ltr'>in</span> <span class='ocrx_word' id='word_1_602' title='bbox 1361 4361 1504 4418; x_wconf 89' lang='lat' dir='ltr'><strong>mari</strong></span> <span class='ocrx_word' id='word_1_603' title='bbox 1538 4359 1696 4416; x_wconf 83' lang='lat' dir='ltr'><strong>saxis</strong></span> <span class='ocrx_word' id='word_1_604' title='bbox 1728 4365 1786 4415; x_wconf 89' lang='lat' dir='ltr'>et</span> <span class='ocrx_word' id='word_1_605' title='bbox 1815 4359 2060 4430; x_wconf 87' lang='lat' dir='ltr'><strong>rupibus</strong></span> 
     </span>
    </p>
   </div>
   <div class='ocr_carea' id='block_1_72' title="bbox 413 4449 2058 4533">
    <p class='ocr_par' dir='ltr' id='par_1_72' title="bbox 413 4449 2058 4533">
     <span class='ocr_line' id='line_1_77' title="bbox 413 4449 2058 4533; baseline -0.011 -12"><span class='ocrx_word' id='word_1_606' title='bbox 413 4465 680 4522; x_wconf 88' lang='lat' dir='ltr'><strong>duriores</strong></span> <span class='ocrx_word' id='word_1_607' title='bbox 710 4461 1124 4533; x_wconf 82' lang='lat' dir='ltr'><strong>experiuntur;</strong></span> <span class='ocrx_word' id='word_1_608' title='bbox 1167 4458 1222 4511; x_wconf 87' lang='lat' dir='ltr'>et</span> <span class='ocrx_word' id='word_1_609' title='bbox 1251 4469 1390 4510; x_wconf 86' lang='lat' dir='ltr'><strong>ense</strong></span> <span class='ocrx_word' id='word_1_610' title='bbox 1450 4450 1583 4507; x_wconf 88' lang='lat' dir='ltr'><strong>illos</strong></span> <span class='ocrx_word' id='word_1_611' title='bbox 1637 4449 2058 4518; x_wconf 83' lang='lat' dir='ltr'><strong>coercuissent,</strong></span> 
     </span>
    </p>
   </div>
   <div class='ocr_carea' id='block_1_73' title="bbox 416 4537 2061 4622">
    <p class='ocr_par' dir='ltr' id='par_1_73' title="bbox 416 4537 2061 4622">
     <span class='ocr_line' id='line_1_78' title="bbox 416 4537 2061 4622; baseline -0.009 -15"><span class='ocrx_word' id='word_1_612' title='bbox 416 4551 518 4622; x_wconf 88' lang='lat' dir='ltr'>qui</span> <span class='ocrx_word' id='word_1_613' title='bbox 549 4567 665 4606; x_wconf 88' lang='lat' dir='ltr'>non</span> <span class='ocrx_word' id='word_1_614' title='bbox 685 4552 903 4604; x_wconf 84' lang='lat' dir='ltr'><strong>frustra</strong></span> <span class='ocrx_word' id='word_1_615' title='bbox 933 4549 1220 4618; x_wconf 79' lang='lat' dir='ltr'><strong>gestator,</strong></span> <span class='ocrx_word' id='word_1_616' title='bbox 1253 4547 1309 4598; x_wconf 90' lang='lat' dir='ltr'>et</span> <span class='ocrx_word' id='word_1_617' title='bbox 1340 4541 1550 4597; x_wconf 88' lang='lat' dir='ltr'><strong>caditie</strong></span> <span class='ocrx_word' id='word_1_618' title='bbox 1607 4539 1843 4610; x_wconf 89' lang='lat' dir='ltr'><strong>iniquos</strong></span> <span class='ocrx_word' id='word_1_619' title='bbox 1892 4537 2061 4594; x_wconf 90' lang='lat' dir='ltr'><strong>dam-</strong></span> 
     </span>
    </p>
   </div>
   <div class='ocr_carea' id='block_1_74' title="bbox 415 4627 2059 4704">
    <p class='ocr_par' dir='ltr' id='par_1_74' title="bbox 415 4627 2059 4704">
     <span class='ocr_line' id='line_1_79' title="bbox 415 4627 2059 4704; baseline -0.011 -5"><span class='ocrx_word' id='word_1_620' title='bbox 415 4644 676 4699; x_wconf 86' lang='lat' dir='ltr'><strong>nassent.</strong></span> <span class='ocrx_word' id='word_1_621' title='bbox 712 4636 896 4704; x_wconf 86' lang='lat' dir='ltr'><strong>Nunc,</strong></span> <span class='ocrx_word' id='word_1_622' title='bbox 927 4639 992 4690; x_wconf 89' lang='lat' dir='ltr'>ut</span> <span class='ocrx_word' id='word_1_623' title='bbox 1022 4633 1166 4688; x_wconf 86' lang='lat' dir='ltr'><strong>nihil</strong></span> <span class='ocrx_word' id='word_1_624' title='bbox 1231 4631 1382 4687; x_wconf 72' lang='lat'>425</span> <span class='ocrx_word' id='word_1_625' title='bbox 1438 4629 1689 4698; x_wconf 84' lang='lat' dir='ltr'><strong>videtur,</strong></span> <span class='ocrx_word' id='word_1_626' title='bbox 1749 4627 1896 4682; x_wconf 87' lang='lat' dir='ltr'><strong>nihil</strong></span> <span class='ocrx_word' id='word_1_627' title='bbox 1946 4627 2059 4682; x_wconf 90' lang='lat' dir='ltr'><strong>nisi</strong></span> 
     </span>
    </p>
   </div>
   <div class='ocr_carea' id='block_1_75' title="bbox 420 4715 2062 4796">
    <p class='ocr_par' dir='ltr' id='par_1_75' title="bbox 420 4715 2062 4796">
     <span class='ocr_line' id='line_1_80' title="bbox 420 4715 2062 4796; baseline -0.01 -10"><span class='ocrx_word' id='word_1_628' title='bbox 420 4727 692 4786; x_wconf 84' lang='lat' dir='ltr'><strong>militiam</strong></span> <span class='ocrx_word' id='word_1_629' title='bbox 728 4727 1108 4796; x_wconf 88' lang='lat' dir='ltr'><strong>scripserunt,</strong></span> <span class='ocrx_word' id='word_1_630' title='bbox 1139 4728 1192 4776; x_wconf 89' lang='lat' dir='ltr'>et</span> <span class='ocrx_word' id='word_1_631' title='bbox 1243 4720 1300 4774; x_wconf 91' lang='lat' dir='ltr'><strong>in</strong></span> <span class='ocrx_word' id='word_1_632' title='bbox 1365 4717 1570 4774; x_wconf 89' lang='lat' dir='ltr'><strong>alienis</strong></span> <span class='ocrx_word' id='word_1_633' title='bbox 1628 4715 1802 4771; x_wconf 89' lang='lat' dir='ltr'><strong>malis</strong></span> <span class='ocrx_word' id='word_1_634' title='bbox 1859 4720 2062 4770; x_wconf 89' lang='lat' dir='ltr'><strong>contra</strong></span> 
     </span>
    </p>
   </div>
   <div class='ocr_carea' id='block_1_76' title="bbox 419 4805 2062 4894">
    <p class='ocr_par' dir='ltr' id='par_1_76' title="bbox 419 4805 2062 4894">
     <span class='ocr_line' id='line_1_81' title="bbox 419 4805 2062 4894; baseline -0.009 -19"><span class='ocrx_word' id='word_1_635' title='bbox 419 4834 598 4894; x_wconf 89' lang='lat' dir='ltr'><strong>quam</strong></span> <span class='ocrx_word' id='word_1_636' title='bbox 623 4816 788 4872; x_wconf 83' lang='lat' dir='ltr'><strong>decet</strong></span> <span class='ocrx_word' id='word_1_637' title='bbox 821 4812 1130 4885; x_wconf 86' lang='lat' dir='ltr'><strong>patientes,</strong></span> <span class='ocrx_word' id='word_1_638' title='bbox 1164 4807 1410 4862; x_wconf 85' lang='lat' dir='ltr'><strong>afﬂictos</strong></span> <span class='ocrx_word' id='word_1_639' title='bbox 1459 4805 1574 4878; x_wconf 88' lang='lat' dir='ltr'><strong>ipsi</strong></span> <span class='ocrx_word' id='word_1_640' title='bbox 1633 4820 1866 4875; x_wconf 88' lang='lat' dir='ltr'><strong>quoque</strong></span> <span class='ocrx_word' id='word_1_641' title='bbox 1922 4809 2062 4861; x_wconf 92' lang='lat' dir='ltr'><strong>sunt</strong></span> 
     </span>
    </p>
   </div>
   <div class='ocr_carea' id='block_1_77' title="bbox 413 4893 2061 4974">
    <p class='ocr_par' dir='ltr' id='par_1_77' title="bbox 413 4893 2061 4974">
     <span class='ocr_line' id='line_1_82' title="bbox 413 4893 2061 4974; baseline -0.009 -7"><span class='ocrx_word' id='word_1_642' title='bbox 413 4893 706 4972; x_wconf 80' lang='lat' dir='ltr'><strong>insectati,</strong></span> <span class='ocrx_word' id='word_1_643' title='bbox 762 4904 902 4960; x_wconf 88' lang='lat' dir='ltr'>dum</span> <span class='ocrx_word' id='word_1_644' title='bbox 961 4915 1170 4974; x_wconf 79' lang='lat' dir='ltr'><strong>pravos</strong></span> <span class='ocrx_word' id='word_1_645' title='bbox 1242 4912 1432 4953; x_wconf 86' lang='lat' dir='ltr'><strong>mores</strong></span> <span class='ocrx_word' id='word_1_646' title='bbox 1519 4910 1634 4949; x_wconf 92' lang='lat' dir='ltr'>non</span> <span class='ocrx_word' id='word_1_647' title='bbox 1720 4893 2061 4965; x_wconf 82' lang='lat' dir='ltr'><strong>corrigendo</strong></span> 
     </span>
    </p>
   </div>
   <div class='ocr_carea' id='block_1_78' title="bbox 416 4982 2058 5058">
    <p class='ocr_par' dir='ltr' id='par_1_78' title="bbox 416 4982 2058 5058">
     <span class='ocr_line' id='line_1_83' title="bbox 416 4982 2058 5058; baseline -0.01 0"><span class='ocrx_word' id='word_1_648' title='bbox 416 4999 924 5058; x_wconf 77' lang='lat' dir='ltr'><strong>confirmarunt.»</strong></span> <span class='ocrx_word' id='word_1_649' title='bbox 994 4991 1131 5056; x_wconf 71' lang='lat' dir='ltr'><strong>Quae</strong></span> <span class='ocrx_word' id='word_1_650' title='bbox 1197 5002 1330 5043; x_wconf 87' lang='lat' dir='ltr'>cum</span> <span class='ocrx_word' id='word_1_651' title='bbox 1416 4982 1680 5052; x_wconf 80' lang='lat' dir='ltr'><strong>dixisset,</strong></span> <span class='ocrx_word' id='word_1_652' title='bbox 1769 4983 2058 5053; x_wconf 85' lang='lat' dir='ltr'><strong>subjecit:</strong></span> 
     </span>
    </p>
   </div>
   <div class='ocr_carea' id='block_1_79' title="bbox 418 5073 2136 5160">
    <p class='ocr_par' dir='ltr' id='par_1_79' title="bbox 418 5073 2136 5160">
     <span class='ocr_line' id='line_1_84' title="bbox 418 5073 2136 5160; baseline -0.006 -20"><span class='ocrx_word' id='word_1_653' title='bbox 418 5113 444 5140; x_wconf 80' lang='grc'>‹‹</span> <span class='ocrx_word' id='word_1_654' title='bbox 477 5087 620 5153; x_wconf 86' lang='lat' dir='ltr'><strong>Viri,</strong></span> <span class='ocrx_word' id='word_1_655' title='bbox 663 5087 760 5160; x_wconf 84' lang='lat' dir='ltr'>qui</span> <span class='ocrx_word' id='word_1_656' title='bbox 796 5082 1084 5154; x_wconf 86' lang='lat' dir='ltr'><strong>sanguine</strong></span> <span class='ocrx_word' id='word_1_657' title='bbox 1143 5077 1285 5134; x_wconf 83' lang='lat' dir='ltr'><strong>mihi</strong></span> <span class='ocrx_word' id='word_1_658' title='bbox 1337 5075 1529 5146; x_wconf 89' lang='lat' dir='ltr'><strong>juncti</strong></span> <span class='ocrx_word' id='word_1_659' title='bbox 1573 5077 1674 5129; x_wconf 85' lang='lat' dir='ltr'>aut</span> <span class='ocrx_word' id='word_1_660' title='bbox 1717 5073 1830 5129; x_wconf 82' lang='lat' dir='ltr'><strong>fide</strong></span> <span class='ocrx_word' id='word_1_661' title='bbox 1869 5081 2058 5131; x_wconf 88' lang='lat' dir='ltr'><strong>vestra</strong></span> <span class='ocrx_word' id='word_1_662' title='bbox 2089 5091 2136 5156; x_wconf 71' lang='grc' dir='ltr'>Β</span> 
     </span>
    </p>
   </div>
   <div class='ocr_carea' id='block_1_80' title="bbox 413 5162 2053 5236">
    <p class='ocr_par' dir='ltr' id='par_1_80' title="bbox 413 5162 2053 5236">
     <span class='ocr_line' id='line_1_85' title="bbox 413 5162 2053 5236; baseline -0.01 0"><span class='ocrx_word' id='word_1_663' title='bbox 413 5195 598 5236; x_wconf 85' lang='lat' dir='ltr'><strong>meam</strong></span> <span class='ocrx_word' id='word_1_664' title='bbox 633 5171 1096 5233; x_wconf 84' lang='lat' dir='ltr'><strong>benevolentiam</strong></span> <span class='ocrx_word' id='word_1_665' title='bbox 1128 5164 1427 5224; x_wconf 83' lang='lat' dir='ltr'><strong>consecuti</strong></span> <span class='ocrx_word' id='word_1_666' title='bbox 1485 5162 1648 5228; x_wconf 90' lang='lat' dir='ltr'><strong>estis,</strong></span> <span class='ocrx_word' id='word_1_667' title='bbox 1711 5169 1767 5218; x_wconf 91' lang='lat' dir='ltr'>et</span> <span class='ocrx_word' id='word_1_668' title='bbox 1823 5164 2053 5236; x_wconf 85' lang='lat' dir='ltr'><strong>reliqua</strong></span> 
     </span>
    </p>
   </div>
   <div class='ocr_carea' id='block_1_81' title="bbox 415 5253 2060 5327">
    <p class='ocr_par' dir='ltr' id='par_1_81' title="bbox 415 5253 2060 5327">
     <span class='ocr_line' id='line_1_86' title="bbox 415 5253 2060 5327; baseline -0.007 -3"><span class='ocrx_word' id='word_1_669' title='bbox 415 5268 804 5325; x_wconf 85' lang='lat' dir='ltr'><strong>circumstans</strong></span> <span class='ocrx_word' id='word_1_670' title='bbox 854 5276 1088 5327; x_wconf 86' lang='lat' dir='ltr'><strong>corona,</strong></span> <span class='ocrx_word' id='word_1_671' title='bbox 1152 5256 1274 5312; x_wconf 87' lang='lat' dir='ltr'><strong>sive</strong></span> <span class='ocrx_word' id='word_1_672' title='bbox 1341 5255 1402 5310; x_wconf 93' lang='lat' dir='ltr'>in</span> <span class='ocrx_word' id='word_1_673' title='bbox 1477 5257 1742 5309; x_wconf 87' lang='lat' dir='ltr'><strong>senatum</strong></span> <span class='ocrx_word' id='word_1_674' title='bbox 1805 5253 2060 5327; x_wconf 85' lang='lat' dir='ltr'><strong>ascripta</strong></span> 
     </span>
    </p>
   </div>
   <div class='ocr_carea' id='block_1_82' title="bbox 417 5341 2059 5423">
    <p class='ocr_par' dir='ltr' id='par_1_82' title="bbox 417 5341 2059 5423">
     <span class='ocr_line' id='line_1_87' title="bbox 417 5341 2059 5423; baseline -0.008 -11"><span class='ocrx_word' id='word_1_675' title='bbox 417 5357 539 5411; x_wconf 85' lang='lat' dir='ltr'><strong>sive</strong></span> <span class='ocrx_word' id='word_1_676' title='bbox 598 5355 730 5410; x_wconf 86' lang='lat' dir='ltr'><strong>aliis</strong></span> <span class='ocrx_word' id='word_1_677' title='bbox 806 5349 1036 5423; x_wconf 87' lang='lat' dir='ltr'><strong>imperii</strong></span> <span class='ocrx_word' id='word_1_678' title='bbox 1096 5341 2059 5415; x_wconf 65' lang='lat' dir='ltr'><strong>muneribusgdestinata,audite,</strong></span> 
     </span>
    </p>
   </div>
   <div class='ocr_carea' id='block_1_83' title="bbox 413 5432 2056 5510">
    <p class='ocr_par' dir='ltr' id='par_1_83' title="bbox 413 5432 2056 5510">
     <span class='ocr_line' id='line_1_88' title="bbox 413 5432 2056 5510; baseline -0.006 -11"><span class='ocrx_word' id='word_1_679' title='bbox 413 5444 612 5499; x_wconf 87' lang='lat' dir='ltr'><strong>audite</strong></span> <span class='ocrx_word' id='word_1_680' title='bbox 657 5457 768 5498; x_wconf 90' lang='lat' dir='ltr'><strong>me.</strong></span> <span class='ocrx_word' id='word_1_681' title='bbox 829 5440 1057 5510; x_wconf 89' lang='lat' dir='ltr'><strong>Loquar</strong></span> <span class='ocrx_word' id='word_1_682' title='bbox 1111 5434 1268 5491; x_wconf 91' lang='lat' dir='ltr'><strong>enim</strong></span> <span class='ocrx_word' id='word_1_683' title='bbox 1317 5449 1431 5489; x_wconf 92' lang='lat' dir='ltr'>non</span> <span class='ocrx_word' id='word_1_684' title='bbox 1489 5447 1558 5487; x_wconf 90' lang='lat' dir='ltr'>ea</span> <span class='ocrx_word' id='word_1_685' title='bbox 1587 5445 1714 5502; x_wconf 65' lang='lat' dir='ltr'>qua</span> <span class='ocrx_word' id='word_1_686' title='bbox 1772 5447 1872 5487; x_wconf 86' lang='lat' dir='ltr'>aer</span> <span class='ocrx_word' id='word_1_687' title='bbox 1903 5432 2056 5490; x_wconf 86' lang='lat' dir='ltr'><strong>frus—</strong></span> 
     </span>
    </p>
   </div>
   <div class='ocr_carea' id='block_1_84' title="bbox 411 5519 2058 5602">
    <p class='ocr_par' dir='ltr' id='par_1_84' title="bbox 411 5519 2058 5602">
     <span class='ocr_line' id='line_1_89' title="bbox 411 5519 2058 5602; baseline -0.004 -15"><span class='ocrx_word' id='word_1_688' title='bbox 411 5535 506 5587; x_wconf 89' lang='lat' dir='ltr'>tra</span> <span class='ocrx_word' id='word_1_689' title='bbox 531 5530 797 5602; x_wconf 81' lang='lat' dir='ltr'><strong>dissipet,</strong></span> <span class='ocrx_word' id='word_1_690' title='bbox 831 5528 933 5584; x_wconf 88' lang='lat' dir='ltr'>sed</span> <span class='ocrx_word' id='word_1_691' title='bbox 966 5542 1032 5582; x_wconf 90' lang='lat' dir='ltr'>ea</span> <span class='ocrx_word' id='word_1_692' title='bbox 1063 5541 1192 5596; x_wconf 60' lang='lat' dir='ltr'><strong>qua;</strong></span> <span class='ocrx_word' id='word_1_693' title='bbox 1225 5521 1339 5579; x_wconf 85' lang='lat' dir='ltr'><strong>nisi</strong></span> <span class='ocrx_word' id='word_1_694' title='bbox 1371 5537 1477 5578; x_wconf 91' lang='lat' dir='ltr'>suo</span> <span class='ocrx_word' id='word_1_695' title='bbox 1521 5524 1784 5592; x_wconf 89' lang='lat' dir='ltr'><strong>tempore</strong></span> <span class='ocrx_word' id='word_1_696' title='bbox 1838 5519 1966 5592; x_wconf 87' lang='lat' dir='ltr'><strong>ipsa</strong></span> <span class='ocrx_word' id='word_1_697' title='bbox 1999 5539 2058 5580; x_wconf 87' lang='lat' dir='ltr'>re</span> 
     </span>
    </p>
   </div>
   <div class='ocr_carea' id='block_1_85' title="bbox 411 5609 2056 5698">
    <p class='ocr_par' dir='ltr' id='par_1_85' title="bbox 411 5609 2056 5698">
     <span class='ocr_line' id='line_1_90' title="bbox 411 5609 2056 5698; baseline -0.005 -21"><span class='ocrx_word' id='word_1_698' title='bbox 411 5618 803 5698; x_wconf 86' lang='lat' dir='ltr'><strong>apparebunt,</strong></span> <span class='ocrx_word' id='word_1_699' title='bbox 827 5633 920 5674; x_wconf 88' lang='lat' dir='ltr'>me</span> <span class='ocrx_word' id='word_1_700' title='bbox 954 5613 1128 5672; x_wconf 86' lang='lat' dir='ltr'><strong>edicti</strong></span> <span class='ocrx_word' id='word_1_701' title='bbox 1183 5615 1482 5670; x_wconf 86' lang='lat' dir='ltr'><strong>auctorem</strong></span> <span class='ocrx_word' id='word_1_702' title='bbox 1539 5609 1699 5682; x_wconf 79' lang='lat' dir='ltr'><strong>gravi</strong></span> <span class='ocrx_word' id='word_1_703' title='bbox 1763 5609 1846 5665; x_wconf 86' lang='lat' dir='ltr'>ira</span> <span class='ocrx_word' id='word_1_704' title='bbox 1895 5626 2056 5670; x_wconf 90' lang='lat' dir='ltr'><strong>com-</strong></span> 
     </span>
    </p>
   </div>
   <div class='ocr_carea' id='block_1_86' title="bbox 2165 3809 3831 3884">
    <p class='ocr_par' dir='ltr' id='par_1_86' title="bbox 2165 3809 3831 3884">
     <span class='ocr_line' id='line_1_91' title="bbox 2165 3809 3831 3884; baseline -0.003 -17"><span class='ocrx_word' id='word_1_705' title='bbox 2241 3811 2576 3867; x_wconf 83' lang='grc' dir='ltr'>ἐπλάττοντο</span> <span class='ocrx_word' id='word_1_706' title='bbox 2604 3812 2695 3867; x_wconf 89' lang='grc' dir='ltr'>τὸν</span> <span class='ocrx_word' id='word_1_707' title='bbox 2751 3809 2841 3867; x_wconf 84' lang='grc' dir='ltr'>ἐπὶ</span> <span class='ocrx_word' id='word_1_708' title='bbox 2897 3814 3014 3874; x_wconf 84' lang='grc' dir='ltr'>τοῖς</span> <span class='ocrx_word' id='word_1_709' title='bbox 3079 3809 3360 3874; x_wconf 84' lang='grc' dir='ltr'>κακίστοις</span> <span class='ocrx_word' id='word_1_710' title='bbox 3392 3810 3731 3884; x_wconf 86' lang='grc' dir='ltr'>ἀχθόμενον.</span> <span class='ocrx_word' id='word_1_711' title='bbox 3769 3809 3831 3865; x_wconf 79' lang='grc' dir='ltr'>Εἰ</span> 
     </span>
    </p>
   </div>
   <div class='ocr_carea' id='block_1_87' title="bbox 2165 3895 3832 3978">
    <p class='ocr_par' dir='ltr' id='par_1_87' title="bbox 2165 3895 3832 3978">
     <span class='ocr_line' id='line_1_92' title="bbox 2165 3895 3832 3978; baseline -0.002 -23"><span class='ocrx_word' id='word_1_712' title='bbox 2165 3901 2267 3978; x_wconf 84' lang='grc' dir='ltr'>γάρ</span> <span class='ocrx_word' id='word_1_713' title='bbox 2301 3901 2520 3972; x_wconf 76' lang='grc' dir='ltr'>ἀληθῶς</span> <span class='ocrx_word' id='word_1_714' title='bbox 2555 3895 2869 3970; x_wconf 74' lang='grc' dir='ltr'>ἠϐούλοντο</span> <span class='ocrx_word' id='word_1_715' title='bbox 2904 3899 3093 3970; x_wconf 77' lang='grc' dir='ltr'>στῆναί</span> <span class='ocrx_word' id='word_1_716' title='bbox 3122 3921 3254 3956; x_wconf 87' lang='grc' dir='ltr'>ποτε</span> <span class='ocrx_word' id='word_1_717' title='bbox 3297 3899 3364 3956; x_wconf 71' lang='grc' dir='ltr'>τὰ</span> <span class='ocrx_word' id='word_1_718' title='bbox 3427 3898 3700 3978; x_wconf 74' lang='grc' dir='ltr'>βιοφθόρα</span> <span class='ocrx_word' id='word_1_719' title='bbox 3738 3898 3832 3954; x_wconf 82' lang='grc' dir='ltr'>καὶ</span> 
     </span>
    </p>
   </div>
   <div class='ocr_carea' id='block_1_88' title="bbox 2167 3987 3831 4067">
    <p class='ocr_par' dir='ltr' id='par_1_88' title="bbox 2167 3987 3831 4067">
     <span class='ocr_line' id='line_1_93' title="bbox 2167 3987 3831 4067; baseline -0.002 -23"><span class='ocrx_word' id='word_1_720' title='bbox 2167 3988 2472 4067; x_wconf 62' lang='grc' dir='ltr'>παρρησίαν</span> <span class='ocrx_word' id='word_1_721' title='bbox 2530 3987 2679 4064; x_wconf 79' lang='grc' dir='ltr'>ἄγειν</span> <span class='ocrx_word' id='word_1_722' title='bbox 2738 3989 2911 4044; x_wconf 80' lang='grc' dir='ltr'>ὁπόσα</span> <span class='ocrx_word' id='word_1_723' title='bbox 2993 3989 3093 4058; x_wconf 74' lang='grc' dir='ltr'>τήν</span> <span class='ocrx_word' id='word_1_724' title='bbox 3193 3989 3452 4062; x_wconf 81' lang='grc' dir='ltr'>εὐνομίαν</span> <span class='ocrx_word' id='word_1_725' title='bbox 3528 3987 3831 4059; x_wconf 76' lang='grc' dir='ltr'>συνίστησι,</span> 
     </span>
    </p>
   </div>
   <div class='ocr_carea' id='block_1_89' title="bbox 2167 4077 3837 4156">
    <p class='ocr_par' dir='ltr' id='par_1_89' title="bbox 2167 4077 3837 4156">
     <span class='ocr_line' id='line_1_94' title="bbox 2167 4077 3837 4156; baseline -0.003 -20"><span class='ocrx_word' id='word_1_726' title='bbox 2167 4079 2654 4156; x_wconf 77' lang='grc' dir='ltr'>πάρηγκωνίσαντο</span> <span class='ocrx_word' id='word_1_727' title='bbox 2693 4077 2752 4133; x_wconf 73' lang='grc' dir='ltr'>ἄν</span> <span class='ocrx_word' id='word_1_728' title='bbox 2807 4081 2868 4134; x_wconf 84' lang='grc' dir='ltr'>τὸ</span> <span class='ocrx_word' id='word_1_729' title='bbox 2923 4079 2976 4134; x_wconf 86' lang='grc' dir='ltr'>ἐν</span> <span class='ocrx_word' id='word_1_730' title='bbox 3031 4084 3146 4142; x_wconf 91' lang='grc' dir='ltr'>τοῖς</span> <span class='ocrx_word' id='word_1_731' title='bbox 3211 4079 3541 4154; x_wconf 85' lang='grc' dir='ltr'>γράμμασιν</span> <span class='ocrx_word' id='word_1_732' title='bbox 3582 4077 3837 4154; x_wconf 79' lang='grc' dir='ltr'>ἐρυθρὸν,</span> 
     </span>
    </p>
   </div>
   <div class='ocr_carea' id='block_1_90' title="bbox 2165 4163 3836 4246">
    <p class='ocr_par' dir='ltr' id='par_1_90' title="bbox 2165 4163 3836 4246">
     <span class='ocr_line' id='line_1_95' title="bbox 2165 4163 3836 4246; baseline -0.002 -21"><span class='ocrx_word' id='word_1_733' title='bbox 2165 4171 2374 4225; x_wconf 77' lang='grc' dir='ltr'>καὶτὸν</span> <span class='ocrx_word' id='word_1_734' title='bbox 2406 4169 2617 4246; x_wconf 79' lang='grc' dir='ltr'>χάρτην</span> <span class='ocrx_word' id='word_1_735' title='bbox 2660 4169 2733 4232; x_wconf 83' lang='grc' dir='ltr'>ὡς</span> <span class='ocrx_word' id='word_1_736' title='bbox 2796 4167 2953 4224; x_wconf 68' lang='grc' dir='ltr'>οὐδὲν</span> <span class='ocrx_word' id='word_1_737' title='bbox 3015 4167 3346 4246; x_wconf 76' lang='grc' dir='ltr'>ὀνησιφόρον</span> <span class='ocrx_word' id='word_1_738' title='bbox 3395 4163 3836 4243; x_wconf 78' lang='grc' dir='ltr'>παραϐλεψάμε-</span> 
     </span>
    </p>
   </div>
   <div class='ocr_carea' id='block_1_91' title="bbox 2165 4255 3838 4332">
    <p class='ocr_par' dir='ltr' id='par_1_91' title="bbox 2165 4255 3838 4332">
     <span class='ocr_line' id='line_1_96' title="bbox 2165 4255 3838 4332; baseline -0.002 -17"><span class='ocrx_word' id='word_1_739' title='bbox 2165 4280 2250 4315; x_wconf 91' lang='grc' dir='ltr'>νοι</span> <span class='ocrx_word' id='word_1_740' title='bbox 2283 4255 2547 4315; x_wconf 72' lang='grc' dir='ltr'>ἐϐάλοντο</span> <span class='ocrx_word' id='word_1_741' title='bbox 2578 4258 2638 4314; x_wconf 76' lang='grc' dir='ltr'>ἄν</span> <span class='ocrx_word' id='word_1_742' title='bbox 2667 4258 2805 4314; x_wconf 82' lang='grc' dir='ltr'>κατά</span> <span class='ocrx_word' id='word_1_743' title='bbox 2834 4263 2961 4314; x_wconf 86' lang='grc' dir='ltr'>νοῦν</span> <span class='ocrx_word' id='word_1_744' title='bbox 2993 4259 3067 4320; x_wconf 83' lang='grc' dir='ltr'>ὡς</span> <span class='ocrx_word' id='word_1_745' title='bbox 3100 4256 3292 4332; x_wconf 72' lang='grc' dir='ltr'>α’ίμασι</span> <span class='ocrx_word' id='word_1_746' title='bbox 3325 4259 3644 4327; x_wconf 79' lang='grc' dir='ltr'>πενθοῦσιν,</span> <span class='ocrx_word' id='word_1_747' title='bbox 3708 4256 3838 4312; x_wconf 83' lang='grc' dir='ltr'>ἀλλ’</span> 
     </span>
    </p>
   </div>
   <div class='ocr_carea' id='block_1_92' title="bbox 2168 4343 3830 4424">
    <p class='ocr_par' dir='ltr' id='par_1_92' title="bbox 2168 4343 3830 4424">
     <span class='ocr_line' id='line_1_97' title="bbox 2168 4343 3830 4424; baseline -0.003 -19"><span class='ocrx_word' id='word_1_748' title='bbox 2168 4349 2295 4424; x_wconf 78' lang='grc' dir='ltr'>οὐχὶ</span> <span class='ocrx_word' id='word_1_749' title='bbox 2325 4347 2580 4421; x_wconf 81' lang='grc' dir='ltr'>δάκρυσιν</span> <span class='ocrx_word' id='word_1_750' title='bbox 2614 4346 2985 4404; x_wconf 75' lang='grc' dir='ltr'>ἐπιστένουσιν</span> <span class='ocrx_word' id='word_1_751' title='bbox 3041 4348 3092 4402; x_wconf 71' lang='grc' dir='ltr'>οἱ</span> <span class='ocrx_word' id='word_1_752' title='bbox 3153 4343 3436 4403; x_wconf 82' lang='grc' dir='ltr'>σπιλάδων</span> <span class='ocrx_word' id='word_1_753' title='bbox 3490 4349 3585 4402; x_wconf 78' lang='grc' dir='ltr'>καὶ</span> <span class='ocrx_word' id='word_1_754' title='bbox 3617 4350 3830 4424; x_wconf 79' lang='grc' dir='ltr'>πετρῶν</span> 
     </span>
    </p>
   </div>
   <div class='ocr_carea' id='block_1_93' title="bbox 2171 4437 3831 4518">
    <p class='ocr_par' dir='ltr' id='par_1_93' title="bbox 2171 4437 3831 4518">
     <span class='ocr_line' id='line_1_98' title="bbox 2171 4437 3831 4518; baseline -0.001 -24"><span class='ocrx_word' id='word_1_755' title='bbox 2171 4438 2388 4518; x_wconf 82' lang='grc' dir='ltr'>ὑφάλων</span> <span class='ocrx_word' id='word_1_756' title='bbox 2441 4437 2817 4514; x_wconf 83' lang='grc' dir='ltr'>τραχυτέρους</span> <span class='ocrx_word' id='word_1_757' title='bbox 2864 4437 3200 4513; x_wconf 86' lang='grc' dir='ltr'>εὑρίσκοντες</span> <span class='ocrx_word' id='word_1_758' title='bbox 3259 4437 3386 4513; x_wconf 87' lang='grc' dir='ltr'>παρ’</span> <span class='ocrx_word' id='word_1_759' title='bbox 3453 4439 3541 4498; x_wconf 84' lang='grc' dir='ltr'>οἷς</span> <span class='ocrx_word' id='word_1_760' title='bbox 3597 4437 3655 4490; x_wconf 68' lang='grc' dir='ltr'>αἱ</span> <span class='ocrx_word' id='word_1_761' title='bbox 3704 4442 3831 4506; x_wconf 76' lang='grc' dir='ltr'>νῆες</span> 
     </span>
    </p>
   </div>
   <div class='ocr_carea' id='block_1_94' title="bbox 2169 4522 3833 4600">
    <p class='ocr_par' dir='ltr' id='par_1_94' title="bbox 2169 4522 3833 4600">
     <span class='ocr_line' id='line_1_99' title="bbox 2169 4522 3833 4600; baseline -0.003 -16"><span class='ocrx_word' id='word_1_762' title='bbox 2169 4529 2344 4584; x_wconf 85' lang='grc' dir='ltr'>αὑτῶν</span> <span class='ocrx_word' id='word_1_763' title='bbox 2374 4522 2758 4600; x_wconf 75' lang='grc' dir='ltr'>ἐκϐράσσονται</span> <span class='ocrx_word' id='word_1_764' title='bbox 2818 4528 2922 4582; x_wconf 87' lang='grc' dir='ltr'>ὑπὸ</span> <span class='ocrx_word' id='word_1_765' title='bbox 2973 4523 3274 4595; x_wconf 86' lang='grc' dir='ltr'>κλύδωνος,</span> <span class='ocrx_word' id='word_1_766' title='bbox 3332 4525 3422 4581; x_wconf 80' lang='grc' dir='ltr'>καὶ</span> <span class='ocrx_word' id='word_1_767' title='bbox 3471 4527 3595 4582; x_wconf 87' lang='grc' dir='ltr'>κατ’</span> <span class='ocrx_word' id='word_1_768' title='bbox 3655 4524 3833 4581; x_wconf 74' lang='grc' dir='ltr'>αὐτῶν</span> 
     </span>
    </p>
   </div>
   <div class='ocr_carea' id='block_1_95' title="bbox 2168 4611 3838 4696">
    <p class='ocr_par' dir='ltr' id='par_1_95' title="bbox 2168 4611 3838 4696">
     <span class='ocr_line' id='line_1_100' title="bbox 2168 4611 3838 4696; baseline -0.002 -24"><span class='ocrx_word' id='word_1_769' title='bbox 2168 4616 2472 4694; x_wconf 77' lang='grc' dir='ltr'>ἐχρήσαντο</span> <span class='ocrx_word' id='word_1_770' title='bbox 2504 4616 2565 4671; x_wconf 77' lang='grc' dir='ltr'>ἄν</span> <span class='ocrx_word' id='word_1_771' title='bbox 2597 4621 2676 4690; x_wconf 79' lang='grc' dir='ltr'>τῷ</span> <span class='ocrx_word' id='word_1_772' title='bbox 2739 4617 2876 4694; x_wconf 79' lang='grc' dir='ltr'>ξίφει</span> <span class='ocrx_word' id='word_1_773' title='bbox 2946 4619 3021 4690; x_wconf 84' lang='grc' dir='ltr'>μή</span> <span class='ocrx_word' id='word_1_774' title='bbox 3064 4615 3396 4696; x_wconf 82' lang='grc' dir='ltr'>φορουμένῳ</span> <span class='ocrx_word' id='word_1_775' title='bbox 3452 4617 3631 4689; x_wconf 81' lang='grc' dir='ltr'>μάτην</span> <span class='ocrx_word' id='word_1_776' title='bbox 3693 4611 3838 4688; x_wconf 72' lang='grc' dir='ltr'>μηδὲ</span> 
     </span>
    </p>
   </div>
   <div class='ocr_carea' id='block_1_96' title="bbox 2171 4701 3836 4783">
    <p class='ocr_par' dir='ltr' id='par_1_96' title="bbox 2171 4701 3836 4783">
     <span class='ocr_line' id='line_1_101' title="bbox 2171 4701 3836 4783; baseline -0.002 -19"><span class='ocrx_word' id='word_1_777' title='bbox 2171 4707 2314 4781; x_wconf 78' lang='grc' dir='ltr'>εἰκῇ,</span> <span class='ocrx_word' id='word_1_778' title='bbox 2362 4707 2453 4762; x_wconf 80' lang='grc' dir='ltr'>καὶ</span> <span class='ocrx_word' id='word_1_779' title='bbox 2492 4701 2694 4762; x_wconf 66' lang='grc' dir='ltr'>ἔϐαλον</span> <span class='ocrx_word' id='word_1_780' title='bbox 2746 4705 2806 4761; x_wconf 76' lang='grc' dir='ltr'>ἂν</span> <span class='ocrx_word' id='word_1_781' title='bbox 2867 4705 2942 4768; x_wconf 84' lang='grc' dir='ltr'>εἷς</span> <span class='ocrx_word' id='word_1_782' title='bbox 3000 4703 3239 4783; x_wconf 72' lang='grc' dir='ltr'>κεφαλὰς</span> <span class='ocrx_word' id='word_1_783' title='bbox 3287 4703 3510 4778; x_wconf 89' lang='grc' dir='ltr'>ἀνόμων</span> <span class='ocrx_word' id='word_1_784' title='bbox 3571 4705 3836 4760; x_wconf 85' lang='grc' dir='ltr'>θάνατον.</span> 
     </span>
    </p>
   </div>
   <div class='ocr_carea' id='block_1_97' title="bbox 2170 4792 3836 4870">
    <p class='ocr_par' dir='ltr' id='par_1_97' title="bbox 2170 4792 3836 4870">
     <span class='ocr_line' id='line_1_102' title="bbox 2170 4792 3836 4870; baseline -0.003 -18"><span class='ocrx_word' id='word_1_785' title='bbox 2170 4799 2280 4854; x_wconf 70' lang='grc' dir='ltr'>Νῦν</span> <span class='ocrx_word' id='word_1_786' title='bbox 2312 4793 2380 4866; x_wconf 86' lang='grc' dir='ltr'>δ’,</span> <span class='ocrx_word' id='word_1_787' title='bbox 2413 4796 2487 4858; x_wconf 84' lang='grc' dir='ltr'>ὡς</span> <span class='ocrx_word' id='word_1_788' title='bbox 2546 4795 2866 4869; x_wconf 84' lang='grc' dir='ltr'>πέπεισμαι,</span> <span class='ocrx_word' id='word_1_789' title='bbox 2919 4795 3224 4870; x_wconf 75' lang='grc' dir='ltr'>γράφοντες</span> <span class='ocrx_word' id='word_1_790' title='bbox 3283 4792 3616 4870; x_wconf 73' lang='grc' dir='ltr'>αὐτόχρημα</span> <span class='ocrx_word' id='word_1_791' title='bbox 3655 4812 3836 4863; x_wconf 84' lang='grc' dir='ltr'>πονη-</span> 
     </span>
    </p>
   </div>
   <div class='ocr_carea' id='block_1_98' title="bbox 2171 4881 3839 4964">
    <p class='ocr_par' dir='ltr' id='par_1_98' title="bbox 2171 4881 3839 4964">
     <span class='ocr_line' id='line_1_103' title="bbox 2171 4881 3839 4964; baseline -0.004 -23"><span class='ocrx_word' id='word_1_792' title='bbox 2171 4886 2288 4960; x_wconf 85' lang='grc' dir='ltr'>ρίαν</span> <span class='ocrx_word' id='word_1_793' title='bbox 2322 4881 2583 4964; x_wconf 80' lang='grc' dir='ltr'>ἕγραφον,</span> <span class='ocrx_word' id='word_1_794' title='bbox 2612 4885 2744 4940; x_wconf 79' lang='grc' dir='ltr'>κάπὶ</span> <span class='ocrx_word' id='word_1_795' title='bbox 2799 4889 2918 4946; x_wconf 82' lang='grc' dir='ltr'>τοῖς</span> <span class='ocrx_word' id='word_1_796' title='bbox 2952 4882 3141 4940; x_wconf 74' lang='grc' dir='ltr'>ἄλλων</span> <span class='ocrx_word' id='word_1_797' title='bbox 3172 4889 3370 4948; x_wconf 87' lang='grc' dir='ltr'>κακοῖς</span> <span class='ocrx_word' id='word_1_798' title='bbox 3399 4883 3499 4938; x_wconf 85' lang='grc' dir='ltr'>ούκ</span> <span class='ocrx_word' id='word_1_799' title='bbox 3541 4881 3839 4944; x_wconf 86' lang='grc' dir='ltr'>ἐπαινετῶς</span> 
     </span>
    </p>
   </div>
   <div class='ocr_carea' id='block_1_99' title="bbox 2172 4971 3836 5050">
    <p class='ocr_par' dir='ltr' id='par_1_99' title="bbox 2172 4971 3836 5050">
     <span class='ocr_line' id='line_1_104' title="bbox 2172 4971 3836 5050; baseline -0.004 -18"><span class='ocrx_word' id='word_1_800' title='bbox 2172 4973 2603 5048; x_wconf 80' lang='grc' dir='ltr'>ἐπιδεικνύμενοι</span> <span class='ocrx_word' id='word_1_801' title='bbox 2669 4975 2733 5030; x_wconf 84' lang='grc' dir='ltr'>τὸ</span> <span class='ocrx_word' id='word_1_802' title='bbox 2768 4973 3120 5050; x_wconf 86' lang='grc' dir='ltr'>μακρόθυμον</span> <span class='ocrx_word' id='word_1_803' title='bbox 3190 4979 3310 5036; x_wconf 84' lang='grc' dir='ltr'>τοῖς</span> <span class='ocrx_word' id='word_1_804' title='bbox 3363 4971 3650 5048; x_wconf 79' lang='grc' dir='ltr'>πάσχουσι</span> <span class='ocrx_word' id='word_1_805' title='bbox 3710 4993 3836 5026; x_wconf 88' lang='grc' dir='ltr'>συν-</span> 
     </span>
    </p>
   </div>
   <div class='ocr_carea' id='block_1_100' title="bbox 2173 5061 3839 5138">
    <p class='ocr_par' dir='ltr' id='par_1_100' title="bbox 2173 5061 3839 5138">
     <span class='ocr_line' id='line_1_105' title="bbox 2173 5061 3839 5138; baseline -0.002 -18"><span class='ocrx_word' id='word_1_806' title='bbox 2173 5064 2473 5130; x_wconf 88' lang='grc' dir='ltr'>επετίθεντο</span> <span class='ocrx_word' id='word_1_807' title='bbox 2533 5067 2624 5118; x_wconf 78' lang='grc' dir='ltr'>καί</span> <span class='ocrx_word' id='word_1_808' title='bbox 2684 5063 2860 5132; x_wconf 73' lang='grc' dir='ltr'>αὐτοὶ,</span> <span class='ocrx_word' id='word_1_809' title='bbox 2921 5065 3011 5120; x_wconf 78' lang='grc' dir='ltr'>καὶ</span> <span class='ocrx_word' id='word_1_810' title='bbox 3083 5063 3446 5138; x_wconf 79' lang='grc' dir='ltr'>ἐπεκράτυνον</span> <span class='ocrx_word' id='word_1_811' title='bbox 3495 5061 3714 5136; x_wconf 78' lang='grc' dir='ltr'>μᾶλλον</span> <span class='ocrx_word' id='word_1_812' title='bbox 3771 5061 3839 5116; x_wconf 80' lang='grc' dir='ltr'>τά</span> 
     </span>
    </p>
   </div>
   <div class='ocr_carea' id='block_1_101' title="bbox 2172 5147 3838 5229">
    <p class='ocr_par' dir='ltr' id='par_1_101' title="bbox 2172 5147 3838 5229">
     <span class='ocr_line' id='line_1_106' title="bbox 2172 5147 3838 5229; baseline -0.002 -20"><span class='ocrx_word' id='word_1_813' title='bbox 2172 5154 2274 5210; x_wconf 84' lang='grc' dir='ltr'>οὐκ</span> <span class='ocrx_word' id='word_1_814' title='bbox 2350 5152 2630 5208; x_wconf 75' lang='grc' dir='ltr'>ἐπαινετέι</span> <span class='ocrx_word' id='word_1_815' title='bbox 2703 5147 2888 5227; x_wconf 73' lang='grc' dir='ltr'>ἔθιμα,</span> <span class='ocrx_word' id='word_1_816' title='bbox 2951 5155 3034 5216; x_wconf 86' lang='grc' dir='ltr'>οἷς</span> <span class='ocrx_word' id='word_1_817' title='bbox 3083 5154 3185 5222; x_wconf 81' lang='grc' dir='ltr'>τήν</span> <span class='ocrx_word' id='word_1_818' title='bbox 3272 5151 3481 5208; x_wconf 88' lang='grc' dir='ltr'>τούτων</span> <span class='ocrx_word' id='word_1_819' title='bbox 3543 5149 3838 5229; x_wconf 84' lang='grc' dir='ltr'>διόρθωσιν</span> 
     </span>
    </p>
   </div>
   <div class='ocr_carea' id='block_1_102' title="bbox 2171 5242 3831 5320">
    <p class='ocr_par' dir='ltr' id='par_1_102' title="bbox 2171 5242 3831 5320">
     <span class='ocr_line' id='line_1_107' title="bbox 2171 5242 3831 5320; baseline -0.004 -19"><span class='ocrx_word' id='word_1_820' title='bbox 2171 5245 2382 5310; x_wconf 74' lang='grc' dir='ltr'>ἑκόντες</span> <span class='ocrx_word' id='word_1_821' title='bbox 2412 5243 2843 5320; x_wconf 78' lang='grc' dir='ltr'>ἐκπεριίσταντο.</span> <span class='ocrx_word' id='word_1_822' title='bbox 2877 5269 2906 5298; x_wconf 87' lang='grc'>››</span> <span class='ocrx_word' id='word_1_823' title='bbox 2945 5246 3105 5302; x_wconf 80' lang='grc' dir='ltr'>Ταῦτ’</span> <span class='ocrx_word' id='word_1_824' title='bbox 3161 5243 3423 5320; x_wconf 80' lang='grc' dir='ltr'>είρηκὼς,</span> <span class='ocrx_word' id='word_1_825' title='bbox 3457 5269 3486 5296; x_wconf 83' lang='grc' dir='ltr'>(ι</span> <span class='ocrx_word' id='word_1_826' title='bbox 3513 5242 3767 5316; x_wconf 77' lang='grc' dir='ltr'>1Ἀνδρες,</span> <span class='ocrx_word' id='word_1_827' title='bbox 3804 5267 3831 5294; x_wconf 76' lang='lat' dir='ltr'>n</span> 
     </span>
    </p>
   </div>
   <div class='ocr_carea' id='block_1_103' title="bbox 2169 5333 3831 5412">
    <p class='ocr_par' dir='ltr' id='par_1_103' title="bbox 2169 5333 3831 5412">
     <span class='ocr_line' id='line_1_108' title="bbox 2169 5333 3831 5412; baseline -0.002 -20"><span class='ocrx_word' id='word_1_828' title='bbox 2169 5341 2537 5412; x_wconf 77' lang='grc' dir='ltr'>προσεπῆγεν,</span> <span class='ocrx_word' id='word_1_829' title='bbox 2569 5357 2599 5387; x_wconf 81' lang='grc' dir='ltr'>ιι</span> <span class='ocrx_word' id='word_1_830' title='bbox 2648 5333 2700 5390; x_wconf 68' lang='grc' dir='ltr'>οἳ</span> <span class='ocrx_word' id='word_1_831' title='bbox 2752 5335 2868 5408; x_wconf 81' lang='grc' dir='ltr'>μεθ’</span> <span class='ocrx_word' id='word_1_832' title='bbox 2926 5334 3066 5409; x_wconf 81' lang='grc' dir='ltr'>αἷμά</span> <span class='ocrx_word' id='word_1_833' title='bbox 3119 5355 3212 5408; x_wconf 90' lang='grc' dir='ltr'>μοι</span> <span class='ocrx_word' id='word_1_834' title='bbox 3252 5335 3678 5410; x_wconf 80' lang='grc' dir='ltr'>προσῳκείωσθε</span> <span class='ocrx_word' id='word_1_835' title='bbox 3737 5333 3831 5388; x_wconf 78' lang='grc' dir='ltr'>καὶ</span> 
     </span>
    </p>
   </div>
   <div class='ocr_carea' id='block_1_104' title="bbox 2169 5417 3840 5502">
    <p class='ocr_par' dir='ltr' id='par_1_104' title="bbox 2169 5417 3840 5502">
     <span class='ocr_line' id='line_1_109' title="bbox 2169 5417 3840 5502; baseline -0.002 -20"><span class='ocrx_word' id='word_1_836' title='bbox 2169 5428 2319 5488; x_wconf 77' lang='grc' dir='ltr'>ὅσοις</span> <span class='ocrx_word' id='word_1_837' title='bbox 2350 5429 2385 5498; x_wconf 80' lang='grc' dir='ltr'>ἡ</span> <span class='ocrx_word' id='word_1_838' title='bbox 2445 5426 2580 5501; x_wconf 86' lang='grc' dir='ltr'>πρὸς</span> <span class='ocrx_word' id='word_1_839' title='bbox 2638 5425 2738 5499; x_wconf 71' lang='grc' dir='ltr'>ἐμὲ</span> <span class='ocrx_word' id='word_1_840' title='bbox 2795 5424 2978 5488; x_wconf 90' lang='grc' dir='ltr'>πίστις</span> <span class='ocrx_word' id='word_1_841' title='bbox 3027 5417 3238 5480; x_wconf 72' lang='grc' dir='ltr'>εὔνοιαν</span> <span class='ocrx_word' id='word_1_842' title='bbox 3291 5419 3686 5502; x_wconf 72' lang='grc' dir='ltr'>έπεϐράϐευσε,</span> <span class='ocrx_word' id='word_1_843' title='bbox 3739 5424 3840 5480; x_wconf 82' lang='grc' dir='ltr'>καὶ</span> 
     </span>
    </p>
   </div>
   <div class='ocr_carea' id='block_1_105' title="bbox 2169 5512 3839 5600">
    <p class='ocr_par' dir='ltr' id='par_1_105' title="bbox 2169 5512 3839 5600">
     <span class='ocr_line' id='line_1_110' title="bbox 2169 5512 3839 5600; baseline -0.002 -27"><span class='ocrx_word' id='word_1_844' title='bbox 2169 5517 2230 5600; x_wconf 58' lang='lat' dir='ltr'>ep</span> <span class='ocrx_word' id='word_1_845' title='bbox 2263 5516 2619 5594; x_wconf 84' lang='grc' dir='ltr'>περιεστηκὸς</span> <span class='ocrx_word' id='word_1_846' title='bbox 2661 5512 2718 5570; x_wconf 80' lang='grc' dir='ltr'>δέ</span> <span class='ocrx_word' id='word_1_847' title='bbox 2748 5514 2969 5588; x_wconf 81' lang='grc' dir='ltr'>λοιπὸν,</span> <span class='ocrx_word' id='word_1_848' title='bbox 3001 5513 3128 5571; x_wconf 77' lang='grc' dir='ltr'>ὅσον</span> <span class='ocrx_word' id='word_1_849' title='bbox 3164 5535 3224 5572; x_wconf 85' lang='grc' dir='ltr'>τε</span> <span class='ocrx_word' id='word_1_850' title='bbox 3290 5514 3367 5578; x_wconf 83' lang='grc' dir='ltr'>εἷς</span> <span class='ocrx_word' id='word_1_851' title='bbox 3415 5514 3704 5591; x_wconf 87' lang='grc' dir='ltr'>γερουσίαν</span> <span class='ocrx_word' id='word_1_852' title='bbox 3757 5513 3839 5588; x_wconf 72' lang='grc' dir='ltr'>ἐγο</span> 
     </span>
    </p>
   </div>
   <div class='ocr_carea' id='block_1_106' title="bbox 2169 5603 3836 5687">
    <p class='ocr_par' dir='ltr' id='par_1_106' title="bbox 2169 5603 3836 5687">
     <span class='ocr_line' id='line_1_111' title="bbox 2169 5603 3836 5687; baseline -0.002 -25"><span class='ocrx_word' id='word_1_853' title='bbox 2169 5607 2411 5684; x_wconf 86' lang='grc' dir='ltr'>κέκριται</span> <span class='ocrx_word' id='word_1_854' title='bbox 2441 5605 2532 5663; x_wconf 76' lang='grc' dir='ltr'>καὶ</span> <span class='ocrx_word' id='word_1_855' title='bbox 2571 5605 2696 5662; x_wconf 85' lang='grc' dir='ltr'>’ὸσον</span> <span class='ocrx_word' id='word_1_856' title='bbox 2728 5603 2782 5669; x_wconf 79' lang='grc' dir='ltr'>ἐς</span> <span class='ocrx_word' id='word_1_857' title='bbox 2811 5606 2874 5662; x_wconf 85' lang='grc' dir='ltr'>τὸ</span> <span class='ocrx_word' id='word_1_858' title='bbox 2937 5603 3128 5673; x_wconf 79' lang='grc' dir='ltr'>ἄλλως</span> <span class='ocrx_word' id='word_1_859' title='bbox 3191 5604 3525 5687; x_wconf 87' lang='grc' dir='ltr'>ὑπουργικὸν</span> <span class='ocrx_word' id='word_1_860' title='bbox 3556 5609 3629 5683; x_wconf 79' lang='grc' dir='ltr'>τῇ</span> <span class='ocrx_word' id='word_1_861' title='bbox 3681 5605 3836 5684; x_wconf 85' lang='grc' dir='ltr'>βασι-</span> 
     </span>
    </p>
   </div>
  </div>
