4118 6200
260 368 381 431 685

1297 375 1397 435 ne
1440 375 1904 439 ANDRONICO
1948 375 2329 442 COMNENO
2376 383 2521 443 LIB.
2570 381 2647 444 ιι.

253 499 387 574 λείᾳ
466 502 758 575 Ῥωμαίων
843 498 1369 580 ἀποκεκλήρωται,
1433 508 1694 564 ἀκούσατὲ
1782 529 1903 583 μου,

2027 514 2384 573 movebunt:
2443 526 2508 573 ea
2565 533 2698 574 vero
2753 517 2906 575 acris
2938 524 2996 576 et
3040 519 3428 579 intolerabilis
3468 522 3528 579 in
3579 540 3678 584 eos

250 589 542 646 ἀκούσατε.
606 588 921 666 Φϐἐγξομαι
979 591 1083 668 γὰρ
1115 593 1224 669 οὐχ
1254 595 1353 649 ὅσα
1398 616 1497 670 περ
1548 596 1656 669 ἀήρ
1715 594 1917 676 διαφο-

250 682 411 754 ρήσει
442 678 726 750 ἀτίλεστα,
756 679 885 736 ἀλλ’
916 682 1112 748 ὁπόσα,
1144 682 1191 737 εἰ
1219 685 1298 754 μή
1355 685 1448 741 τὸν
1475 684 1658 741 εἰκότα
1716 685 1917 761 χρόνον

251 766 342 821 ἐπ’
376 761 537 843 ἔργον
566 761 920 838 ἐκϐήσονται,
949 768 1042 824 τὸν
1107 769 1203 843 μὶν
1252 771 1316 826 τὸ
1374 774 1631 843 ποιητὲον
1664 771 1763 846 ἐμὲ
1795 770 1917 828 δια-

252 857 620 931 κελευόμενον
653 856 967 930 ἐκμήνωσιν
1027 859 1103 921 εἰς
1164 859 1353 936 ὀργὴν,
1405 863 1441 932 ἡ
1500 859 1557 917 δὲ
1587 863 1782 937 βαρεῖά
1831 884 1914 927 τις

251 946 349 1002 καὶ
403 945 764 1004 δυσύποιστος
822 946 1151 1023 ἰπενσκήψει
1236 955 1353 1012 τοῖς
1409 950 1560 1027 παρὰ
1613 953 1681 1007 τὰ
1738 948 1914 1008 διατεο

253 1037 503 1114 ταγμὲνα
558 1058 656 1111 μοι
712 1037 1008 1115 πράττουσι
1067 1040 1157 1094 καὶ
1214 1039 1459 1116 αρχικῶν
1514 1041 1616 1097 οὐκ
1668 1044 1915 1115 ἒμπαζο-

258 1125 449 1200 μένοις
477 1124 626 1188 ὅλως
660 1130 877 1205 φωνῶν.
934 1128 1121 1203 Χρεὼν
1184 1129 1277 1203 μὲν
1338 1130 1428 1185 οῦν
1484 1131 1573 1186 καὶ
1629 1128 1810 1187 τᾶλλα
1846 1131 1914 1187 τὰ

249 1211 603 1284 κοινοὸλαϐῆ
689 1218 778 1274 καὶ
860 1219 1155 1299 κρεσιφόρα
1239 1221 1532 1295 Ῥωμαίοις
1587 1220 1911 1292 παύσασθαι,

250 1308 345 1362 καὶ
378 1303 614 1363 ἔστωσαν
646 1305 851 1370 εἰδότες
911 1310 961 1363 οἱ
1020 1309 1111 1364 τὸν
1169 1308 1504 1382 πλεονέκτην
1564 1311 1682 1387 βίον
1744 1332 1906 1385 μεταο

250 1394 549 1459 διώκοντες
579 1397 676 1469 ὡς,
708 1395 755 1451 εἶ
790 1397 867 1470 μὴ
900 1396 1155 1470 λήξουσιν
1192 1396 1471 1463 ἐθελονταὶ
1511 1406 1611 1471 τῆς
1668 1404 1776 1455 τῶν
1808 1398 1906 1456 ἀλ·

247 1485 496 1563 λοτρίων
557 1485 806 1565 ἐφέσεως,
880 1488 969 1542 καὶ
1026 1488 1093 1543 τὰ
1177 1488 1350 1544 οἰκεῖα
1436 1489 1906 1566 προσαπολέσουσι

242 1577 338 1629 καὶ
387 1582 507 1638 τοῖς
561 1579 669 1631 τῶν
723 1577 970 1647 πενήτων
1030 1576 1505 1655 ἐκφυσηθήσονται
1562 1586 1905 1656 στεναγμοῖς,

246 1665 436 1740 ὥσπερ
492 1662 544 1719 ἐν
603 1662 817 1742 σφοδρᾷ
873 1663 1105 1721 λαίλαπι
1136 1671 1272 1741 χοῦς
1310 1667 1416 1722 ἀπὸ
1456 1670 1754 1741 προσώπου
1806 1676 1911 1743 γῆς

244 1754 606 1828 ἐκριπίζεται,
644 1752 883 1827 μάλιστα
951 1751 1007 1810 δὲ
1061 1756 1125 1810 τὸ
1176 1762 1296 1819 ταῖς
1354 1758 1538 1812 ναυσὶν
1572 1756 1908 1823 ἐπιτίθεσθαι

2022 605 2332 676 desaeviet,
2394 605 2497 678 qui
2566 607 2721 664 dicto
2772 609 3155 682 magistratus
3204 627 3320 667 non
3372 612 3680 672 audientes

2023 709 2193 749 secus
2248 711 2315 750 ac
2359 695 2513 767 jussi
2546 697 2808 754 fecerint.
2861 696 3001 754 Cum
3049 704 3247 756 autem
3280 700 3391 757 alia
3440 718 3681 775 quoque

2023 784 2104 839 rei
2169 784 2413 855 publicas
2472 786 2963 844 incommodantia
3020 795 3076 844 et
3117 787 3341 846 cladem
3393 791 3678 851 Romanis

2020 873 2392 945 importantia
2451 875 2789 947 abroganda
2844 876 2987 946 sint,
3037 877 3305 936 homines
3366 895 3432 936 ex
3510 889 3676 955 rapto

2018 962 2207 1019 vivere
2258 962 2416 1020 soliti
2470 966 2730 1033 sciunto,
2792 968 2904 1023 nisi
2955 968 3106 1024 ultro
3162 974 3430 1041 appetere
3483 971 3677 1030 aliena

2018 1052 2321 1119 desierint,
2370 1054 2543 1111 etiam
2600 1072 2709 1112 sua
2741 1056 3061 1115 amissuros
3092 1066 3145 1114 et
3207 1076 3532 1132 pauperum
3564 1078 3671 1118 su-

2018 1140 2217 1212 spiriis
2262 1144 2377 1197 non
2409 1159 2576 1200 secus
2606 1146 2857 1216 ejectum
2892 1146 2961 1201 iri
2992 1164 3163 1219 quam
3214 1149 3401 1219 pulvis
3434 1167 3467 1207 a
3495 1150 3674 1208 vebe-

2020 1232 2201 1286 menti
2232 1231 2465 1289 turbine
2497 1233 2830 1306 dissipatur,
2862 1252 2961 1292 eos
3014 1239 3339 1308 praesertim
3392 1240 3493 1311 qui
3529 1256 3671 1298 nau-

2017 1318 2215 1392 fragiis
2236 1319 2589 1378 insidiantur
2609 1328 2665 1378 et
2689 1325 2946 1382 sarcinas
2968 1325 3257 1399 diripiunt
3277 1334 3331 1383 et
3353 1328 3671 1401 aliquando

2016 1408 2173 1479 ipsas
2232 1426 2404 1467 naves
2463 1411 2759 1469 dissecant
2814 1420 2869 1470 et
2924 1415 3378 1476 comminuunt.
3429 1418 3487 1474 Si
3536 1419 3670 1491 quis

2015 1506 2270 1554 vestrum
2323 1500 2498 1571 igitur
2540 1506 2736 1557 nostra
2767 1503 2922 1559 426
2961 1504 3308 1561 auctoritate
3360 1506 3668 1578 magistra-

2017 1594 2138 1643 tum
2197 1589 2449 1660 aliquem
2518 1590 2691 1661 gerit,
2750 1592 2798 1648 si
2857 1592 2993 1664 quis
3062 1593 3276 1650 fundos
3338 1595 3667 1652 maritimos

2017 1676 2297 1747 possidet,
2350 1677 2401 1733 is
2453 1677 2707 1749 primum
2761 1696 2823 1735 se
2873 1681 3092 1752 ipsum,
3136 1682 3344 1739 deinde
3399 1681 3667 1743 subditos

2016 1781 2247 1838 quoque
2286 1766 2355 1821 ad
2408 1766 2636 1838 justam
2692 1769 2791 1825 Dei
2844 1775 2900 1825 et
2946 1769 3180 1843 imperii
3230 1773 3414 1829 nostri
3465 1774 3668 1831 obser-

243 1843 339 1897 καὶ
373 1840 688 1920 διαρπάζειν
746 1845 875 1908 τοὺς
931 1845 1190 1922 φόρτους,
1249 1844 1420 1901 ἐνίοτε
1480 1844 1537 1903 δὲ
1590 1848 1680 1902 καὶ
1737 1848 1903 1912 αὐτὰς

2014 1856 2276 1911 vantiam
2307 1872 2373 1912 ac
2420 1858 2794 1914 reverentiam
2830 1840 3154 1917 conﬁrmet.
3191 1861 3453 1919 Profecto
3496 1880 3668 1936 pmna

244 1933 712 2010 κατατεμαχίζειν
742 1934 834 1990 καὶ
864 1933 1249 2015 ἀπογομφοῦν.
1309 1933 1380 1993 Εἴ
1417 1957 1501 2001 τις
1541 1935 1721 1992 τοίνυν
1757 1937 1909 2011 ὑμῶν

245 2023 437 2099 ἀρχὴν
496 2022 554 2079 ἐκ
594 2027 695 2079 τοῦ
754 2023 1028 2100 ἡμετέρου
1081 2025 1310 2100 κράτους
1366 2027 1592 2102 χειρίζει
1633 2028 1667 2098 ἢ
1721 2026 1774 2083 εἷ’
1823 2048 1907 2091 τις

244 2112 522 2183 ἀκινήτων
579 2110 866 2188 παραλίων
925 2113 1135 2189 κύριος,
1217 2116 1592 2189 καταρτισάτω
1643 2117 1905 2193 πρότερον

244 2202 463 2270 ἑαυτὸν,
496 2204 615 2259 εἶτα
642 2203 826 2259 καὶτὸ
884 2204 1130 2275 ὑπήκοον
1187 2204 1263 2267 εἷς
1323 2202 1446 2268 δέος
1499 2206 1563 2262 τὸ
1617 2212 1716 2261 τοῦ
1775 2211 1908 2263 Θεοῦ

243 2292 330 2348 καὶ
361 2295 463 2364 τῆς
493 2291 635 2367 ἐμῆς
669 2291 952 2369 βασιλείας
1001 2293 1313 2365 ὑποστολὴν
1371 2298 1462 2351 καὶ
1504 2294 1663 2351 αἷδώ·
1698 2299 1733 2369 ἢ
1797 2300 1904 2371 μὴν

240 2382 305 2439 ix
328 2389 434 2454 τῆς
494 2386 682 2458 ψυχῆς
748 2387 1146 2455 ζητηθήσεσται
1211 2381 1634 2441 πολλαπλάσιον
1683 2386 1746 2441 τὸ
1786 2385 1905 2441 ἀδί-

240 2492 405 2545 κημα
429 2476 530 2528 τοῦ
568 2474 672 2541 τήν
702 2471 972 2547 ἐπαρχίαν
1017 2471 1293 2537 διέποντος
1322 2475 1357 2544 ἢ
1408 2475 1501 2531 τὸν
1531 2475 1692 2552 ἀγρὸν
1744 2477 1906 2533 κατέ-

243 2582 473 2638 χοντος,
504 2560 605 2619 κᾶν
636 2561 722 2633 ε’ἰη
765 2562 926 2627 αὐτὸς
958 2563 1053 2637 μὲν
1081 2563 1261 2628 ἀθῶος
1327 2564 1485 2639 χερσὶ
1541 2566 1630 2620 καὶ
1668 2567 1904 2642 καθαρὸς

237 2654 305 2725 τῇ
374 2649 598 2726 καρδίᾳ,
654 2652 707 2708 οἱ
770 2650 816 2706 δ’
877 2649 1374 2729 ὑποδρηστεόοντες
1430 2653 1617 2728 ἐκείνῳ
1647 2656 1745 2724 τὴν
1782 2656 1903 2719 ἄθε-

243 2761 380 2814 σμον
422 2744 617 2815 πρᾶξιν
676 2739 1068 2799 ἀποτελέσωσι,
1107 2747 1323 2816 Λοιμοῦ
1362 2745 1469 2819 γὰρ
1529 2745 1903 2821 μαστιγουμέ-

240 2851 333 2885 νου
372 2830 569 2905 κυρίου
597 2832 661 2886 τὸ
694 2830 797 2889 ὑπὸ
838 2836 1000 2908 χεῖρα
1030 2837 1151 2887 νοῦν
1209 2832 1367 2888 οἷ’σει’
1429 2834 1520 2889 καὶ
1574 2832 1757 2910 ὥσπερ
1789 2834 1901 2904 ἐξοο

245 2924 546 2993 μοιοῦσθαι
576 2924 657 2993 τῷ
696 2921 925 2996 ἄρχοντι
984 2920 1138 2999 φιλεῖ
1190 2923 1253 2978 τὸ
1312 2922 1620 2998 ἀρχόμενον
1650 2923 1900 3000 προτέρῳ

241 3008 446 3085 δρῶντι
499 3010 567 3065 τὰ
611 3011 689 3084 μή
739 3010 989 3067 ἐπαινετᾶ
1041 3009 1398 3090 ἐφεπόμενον,
1438 3012 1580 3068 οὕτω
1646 3012 1734 3069 καὶ
1796 3035 1902 3087 μα-

242 3100 555 3172 στιζομὲνῳ
653 3098 742 3153 καὶ
856 3094 1207 3179 ἀναγκαστῶς
1298 3101 1760 3175 μεταμανθάνοντι
1840 3104 1901 3158 τὸ

236 3193 398 3264 κοινῇ
450 3196 698 3245 συνοῖσον
758 3187 1008 3268 ἐφέψεται
1061 3192 1126 3247 τὸ
1194 3192 1434 3262 ὑπήκοον
1492 3193 1626 3248 κατὰ
1703 3191 1896 3264 πόδας,

237 3280 334 3334 ὅσα
364 3279 458 3335 καί
493 3280 665 3354 μητρὶ
704 3285 877 3343 παῖςυ
911 3283 1021 3337 Ἵνα
1061 3277 1117 3337 δὲ
1174 3279 1355 3353 εἰδῆτε
1412 3283 1500 3338 καὶ
1558 3284 1648 3338 τὸν
1698 3282 1898 3359 τρόπον

233 3376 332 3439 τῆς
398 3365 737 3440 ἐκδικήσεως
885 3365 1436 3442 καθυποὸληθήσεται
1505 3374 1533 3427 ὁ
1597 3379 1696 3443 τῆς
1754 3372 1893 3445 ἐμῆς

233 3462 517 3533 παρήκοος
550 3456 777 3529 ἐντολῆς
807 3461 892 3532 [Ρ.
927 3463 1075 3533 2H],
1120 3458 1209 3519 ἐπὶ
1245 3466 1344 3517 τοῦ
1401 3462 1551 3516 ἱστοῦ
1609 3462 1918 3535 ἀπαιωρηο’

233 3550 459 3619 θήσεται
506 3551 606 3614 τῆς
662 3549 819 3611 νεώς·
869 3548 915 3604 εἰ
974 3546 1031 3605 δὲ
1076 3554 1266 3609 τοῦτον
1307 3550 1575 3626 παρέσυρε
1629 3548 1894 3628 φλοῖσὸος

234 3635 556 3709 θαλάττιος,
631 3635 715 3716 ἔφ’
800 3637 1020 3713 ὑψηλῆς
1102 3637 1697 3712 ἀνασκολοπισθήσεται
1767 3662 1894 3698 σκο-

2019 1943 2210 1999 delicli
2243 1944 2546 2018 multiplex
2577 1946 2647 2002 ab
2679 1963 2745 2003 eo
2776 1948 3056 2021 exigetur,
3091 1949 3186 2020 qui
3222 1950 3311 2006 vel
3354 1953 3668 2022 provincia:

2017 2038 2226 2105 praeest
2254 2032 2339 2090 vel
2370 2050 2574 2106 agrum
2625 2035 2903 2106 possidet.
2940 2038 3153 2103 Quodsi
3188 2037 3311 2109 ipse
3362 2047 3413 2095 et
3467 2041 3660 2095 animo

2016 2138 2048 2176 a
2088 2121 2340 2177 facinore
2392 2122 2752 2179 abhorruerit
2782 2131 2836 2180 et
2881 2140 3093 2181 manus
3142 2124 3511 2192 abstinuerit,
3559 2127 3661 2184 sed

2017 2209 2273 2267 ministri
2303 2210 2428 2282 ejus
2457 2211 2649 2268 scelus
2679 2211 2737 2268 id
2770 2212 3138 2281 admiserint,
3172 2214 3227 2269 id
3261 2215 3374 2286 ipsi
3403 2214 3661 2287 imputa-

2017 2298 2188 2356 bitur.
2252 2300 2396 2358 Nam
2455 2301 2505 2357 si
2563 2300 2879 2359 sceleratus
2929 2302 3201 2360 dominus
3253 2303 3657 2378 ﬂagellabitur,

2015 2390 2250 2447 servitia
2304 2389 2673 2462 resipiscent.
2733 2393 2798 2447 Et
2857 2399 2917 2447 ut
2972 2394 3194 2450 subditi
3250 2395 3309 2450 in
3370 2393 3661 2452 illaudatis

2014 2478 2186 2535 rebus
2244 2478 2561 2552 principem
2622 2479 2825 2536 imitari
2875 2481 3085 2549 solent,
3131 2483 3211 2538 ita
3266 2483 3466 2554 etiam,
3501 2484 3549 2539 si
3608 2483 3658 2541 is

2013 2567 2336 2640 ﬂagellatur
2394 2573 2451 2624 et
2506 2567 2751 2641 publica:
2808 2569 3046 2627 utilitati
3104 2571 3318 2628 servire
3376 2578 3656 2644 cogatur,

2013 2657 2071 2713 bi
2118 2673 2249 2714 eum
2315 2662 2380 2713 ut
2432 2664 2676 2714 matrem
2735 2658 2889 2715 ﬁlius
2946 2664 3283 2732 sequentur.
3334 2666 3407 2720 Ut
3465 2670 3657 2720 autem

2013 2761 2192 2819 pceuaa
2268 2762 2501 2820 quoque
2559 2748 2797 2804 modum
2858 2749 3153 2817 noveritis,
3230 2766 3406 2823 quam
3480 2752 3657 2808 edicti

2014 2836 2125 2892 mei
2156 2840 2521 2908 contemptor
2562 2837 2703 2905 luet,
2736 2837 2795 2892 in
2826 2837 2975 2895 malo
3007 2838 3171 2897 navis
3216 2839 3511 2909 pendebit.
3554 2841 3656 2898 Sin

2011 2942 2144 2982 cum
2200 2927 2412 2982 ﬂuctus
2460 2927 2722 2983 marinus
2776 2928 3118 2997 deturbarit,
3178 2928 3238 2984 in
3289 2928 3405 2985 alto
3462 2929 3657 2986 littore

2010 3016 2279 3087 editaque
2306 3015 2783 3088 speculalisslmas
2805 3018 2997 3075 arbori
3025 3035 3151 3091 quze
3174 3018 3235 3076 in
3263 3019 3332 3076 iis
3354 3021 3655 3078 montibus

2010 3107 2149 3161 credi
2199 3108 2430 3180 poterit,
2461 3106 2771 3178 afﬁgetur;
2828 3111 2894 3163 ut
2922 3108 3018 3179 qui
3058 3108 3253 3164 medio
3286 3108 3431 3166 mari
3491 3110 3654 3166 navi-

2010 3197 2152 3266 gant
2206 3208 2339 3250 eum
2389 3193 2768 3265 conspiciant,
2800 3192 2959 3249 velut
3014 3195 3085 3251 de
3136 3199 3389 3252 antenna
3437 3196 3651 3266 velum,

2010 3282 2473 3355 prominentem,
2529 3285 2704 3353 atque
2759 3282 2820 3339 in
2872 3286 3029 3339 terra
3087 3284 3470 3355 naufragum,
3550 3301 3650 3341 suo

2007 3370 2271 3445 exemplo
2324 3374 2565 3428 casteros
2623 3375 2956 3429 monentem
3010 3388 3084 3428 ne
3139 3373 3286 3430 427
3352 3375 3650 3447 naufragia

2006 3461 2279 3518 invadant
2316 3464 2373 3517 et
2420 3476 2592 3517 naves
2635 3460 2909 3533 spolient,
2958 3463 3451 3533 quemadmodum
3500 3469 3648 3521 Deus

2003 3567 2204 3607 arcum
2237 3566 2407 3607 suum
2441 3550 2500 3606 in
2531 3550 2790 3607 nubibus
2819 3552 3147 3624 suspendit,
3181 3552 3277 3624 qui
3308 3558 3649 3625 argumento

2005 3645 2158 3698 esset
2188 3655 2302 3695 non
2338 3638 2456 3695 fore
2484 3637 2735 3709 amplius
2766 3638 3070 3695 diluvium.
3106 3661 3134 3689 ››

235 3732 390 3796 πιᾶς,
426 3727 687 3804 μεγίστης
718 3727 867 3790 τινὸς
894 3728 985 3783 καὶ
1022 3728 1292 3793 ἱθυτενοῦς
1316 3728 1379 3785 ἐκ
1406 3734 1514 3785 τῶν
1547 3729 1717 3786 ἐκεῖσὲ
1773 3753 1878 3787 που
1940 3732 2108 3807 όρέων
2167 3726 2586 3800 ἀποτμηθείσης
2617 3721 2803 3797 δοκοῦ,
2850 3725 2927 3781 ἵν’
2960 3725 3101 3782 οὕτω
3135 3726 3223 3782 καὶ
3253 3732 3369 3790 τοῖς
3400 3728 3537 3783 κατὰ
3581 3729 3650 3784 τὰ

241 3818 427 3891 ἀχανῆ
466 3815 922 3891 ναυτιλλομένοις
951 3816 1168 3896 πελάγη
1202 3820 1497 3894 περίοπτος
1525 3817 1703 3877 ἔσοιτο
1735 3821 1809 3884 ὡς
1840 3820 2036 3898 λαῖφος
2071 3818 2122 3875 ἰν
2151 3815 2349 3892 περαίᾳ
2373 3815 2808 3895 προφαινόμενος
2837 3816 2929 3871 καὶ
2983 3815 3215 3891 ναυαγὸς
3247 3814 3300 3870 ἒν
3331 3820 3404 3892 γῇ
3438 3814 3645 3872 δεικνῦ-

246 3926 411 3977 μενος
442 3905 535 3961 καὶ
569 3906 645 3969 εἰς
680 3903 966 3980 σύμϐολον
995 3904 1562 3983 παραλαμϐανόμενος
1593 3915 1690 3966 τοῦ
1724 3912 1800 3984 μή
1834 3905 2108 3987 προϐῆναι
2164 3907 2256 3963 καὶ
2310 3903 2470 3961 είσέτι
2501 3908 2722 3980 θραῦσιν
2770 3908 2913 3975 νηῶν
2945 3905 3037 3960 καὶ
3073 3909 3179 3960 τῶν
3209 3904 3434 3962 ἐνόντων
3462 3908 3650 3971 αὐταῖς

245 3999 634 4071 προνόμευσιν,
666 3996 802 4052 καθᾶ
827 3998 914 4052 καὶ
948 3997 1080 4058 Θεὸς
1107 3995 1161 4052 ἐν
1191 3996 1308 4072 ἀέρι
1339 3999 1400 4053 τὸ
1433 3999 1624 4055 ἑαυτοῦ
1652 4000 1807 4070 τόξον
1864 3998 2115 4056 ἐνέτεινεν
2175 3996 2251 4058 εἰς
2310 3998 2537 4067 σημεῖον
2569 3998 2666 4050 τοῦ
2710 3992 2905 4069 μηκέτι
2935 3991 3144 4049 ἔσεσθαι
3178 3991 3325 4072 ὕδωρ
3358 3994 3434 4060 εἷς
3464 4017 3659 4054 κατακο

246 4082 486 4157 λυσμόν,
519 4109 549 4137 ι)

313 4175 373 4231 ε’.
434 4175 540 4232 Καὶ
598 4176 626 4229 ὁ
686 4176 1048 4254 μὲνφαμενος
1085 4180 1258 4232 ταῦτα
1324 4176 1461 4253 πρὸς
1522 4179 1727 4253 ἑτέροις
1780 4180 1898 4254 εἶχε

239 4265 334 4319 τὸν
366 4268 512 4335 νοῦν,
568 4266 659 4320 τὸν
715 4262 850 4340 ἄγαν
899 4266 1318 4345 χαρακτηρίζων
1348 4268 1745 4341 παθαινόμενον
1806 4266 1896 4323 καὶ

239 4353 471 4422 εἰκάζω)
505 4355 596 4409 τὸν
630 4352 760 4428 μηδ’
791 4352 940 4416 ὅλως
996 4351 1432 4431 παραδεξόμενον
1485 4361 1593 4411 τῶν
1627 4355 1894 4427 δοξάντων

241 4442 608 4516 μεταποίησιν
668 4445 705 4512 ἤ
768 4442 943 4520 ῥοπὴν
974 4441 1361 4523 φιλάνθρωπον
1418 4443 1501 4523 ἐφ’
1541 4447 1627 4508 οἷς
1684 4447 1900 4523 ἀπειρή-

236 4551 397 4589 νατο*
442 4533 496 4587 οἳ
529 4528 576 4586 δ’
607 4532 904 4604 ἀκηκοότες
941 4531 1378 4598 ἀπολιθωθὲντες
1444 4539 1513 4606 τῷ
1555 4532 1660 4590 δέει
1702 4539 1900 4610 μικροῦ

238 4620 431 4695 (πείρᾳ
460 4621 561 4694 γὰρ
592 4619 790 4696 ᾔδεσαν
830 4621 904 4684 ὡς
954 4622 1057 4677 οὐκ
1113 4619 1230 4677 οἶδε
1266 4622 1477 4692 παίζειν
1529 4620 1900 4698 Ἀνδρόνικος,

238 4707 361 4765 οὐδ’
392 4708 542 4765 ἄλλα
575 4710 668 4783 μὲν
706 4712 764 4765 ἓν
789 4716 907 4774 τοῖς
947 4710 1220 4774 τοιούτοις
1250 4711 1591 4790 φθέγγεσθαι,
1625 4711 1769 4769 ἄλλα
1844 4711 1900 4769 δὲ

236 4797 454 4863 κεύθειν
483 4796 536 4853 ἐν
567 4804 688 4862 ταῖς
734 4799 965 4877 φρεσὶν),
999 4800 1100 4874 ὀψὲ
1148 4801 1241 4855 καὶ
1301 4801 1465 4875 μόλις
1513 4800 1564 4856 ἒν
1632 4807 1712 4874 τῷ
1770 4814 1898 4868 καθ-

238 4891 440 4943 εστῶτι
499 4888 806 4964 γενόμενοι,
866 4887 1163 4953 ἐπιστολὰς
1220 4889 1523 4966 γράψαντες
1582 4888 1671 4946 διὰ
1723 4913 1899 4972 ταχυ-

236 4975 470 5053 ὂρόμων
534 4976 836 5053 ἐξέπεμψαν
894 4985 1014 5036 τοῖς
1081 4983 1187 5034 τῶν
1263 4981 1530 5058 σφετέρων
1594 4979 1904 5047 ἐπιστάταις

234 5066 544 5140 κτημάτων
596 5067 687 5123 καὶ
751 5073 869 5132 τοῖς
922 5068 1035 5124 ἀντ’
1092 5067 1266 5124 αὐτῶν
1325 5067 1569 5126 διέπουσι
1628 5068 1898 5145 δημοσίας

238 5158 445 5231 ἀρχὰς,
479 5156 666 5214 πολλὰ
696 5157 911 5220 τούτοις
943 5156 1368 5230 ἐπισκήπτοντες
1406 5161 1493 5215 καὶ
1553 5160 1897 5234 παράκλησιν

239 5250 420 5303 πᾶσαν
478 5246 767 5323 ἐπάγοντες
824 5252 1123 5323 προσσχεῖν
1191 5268 1249 5304 τε
1305 5250 1391 5304 καὶ
1464 5249 1898 5325 ἐπαγρυπνιιςσειν

243 5337 455 5409 μήπως
511 5334 758 5412 ναυαγίῳ
814 5334 1114 5411 ἐγκύρσασα
1165 5340 1293 5399 ναῦς
1347 5337 1545 5393 ἐσεῖταί
1590 5358 1642 5392 τι
1699 5357 1903 5393 πεπον-

240 5429 371 5488 θυῖα
402 5422 601 5493 δεινὸν,
634 5427 679 5480 εἴ
741 5422 800 5481 δὲ
864 5422 1111 5494 δυνατὸν,
1142 5426 1231 5481 καὶ
1289 5431 1406 5488 τοῖς
1463 5426 1686 5499 ἀνέμοις
1718 5426 1902 5489 αὐτοῖς

238 5512 506 5589 ἐπιτιμᾷν
535 5514 571 5585 ἢ
616 5514 754 5570 κατᾶ
790 5516 892 5584 τὴν
955 5514 1161 5572 Αἰόλου
1220 5516 1557 5592 μυθολογίαν
1591 5516 1778 5579 ἀσκοῖς
1837 5517 1901 5571 τὰ

236 5602 525 5677 πνεύματα
591 5598 1023 5679 συλλαμϐάνειν,
1070 5604 1156 5659 ἳνα
1244 5606 1320 5678 μὴ
1389 5602 1702 5682 καταιγίδας
1756 5604 1899 5681 ἐγεί-

236 5712 382 5771 ρωσι
469 5693 561 5749 καὶ
653 5694 754 5764 τὴν
864 5688 1050 5769 ἅλμην
1132 5689 1586 5771 διαταράσσωσιν.
1675 5692 1903 5769 Ἀμέλει

2078 4180 2128 4234 5.
2163 4176 2302 4240 Quae
2331 4190 2466 4233 cum
2511 4174 2754 4232 dixisset
2808 4190 3083 4248 maguum
3133 4175 3392 4233 dolorem
3434 4194 3548 4249 prae
3592 4195 3656 4235 se

2009 4270 2237 4332 terens,
2296 4280 2545 4336 eumque
2609 4263 2941 4336 exprimens
2996 4265 3097 4335 qui
3166 4283 3271 4322 nec
3338 4268 3652 4324 consilium

2008 4361 2339 4415 mutaturus
2389 4370 2494 4411 nec
2524 4356 2591 4411 de
2642 4355 2936 4411 sententiae
2976 4355 3282 4412 severitate
3332 4357 3650 4431 quidquam

2010 4446 2366 4503 remissurus
2396 4447 2571 4513 esset,
2605 4442 2734 4500 aliis
2763 4442 2937 4499 rebus
3001 4443 3260 4500 intentus
3291 4444 3418 4501 fuit.
3470 4444 3654 4502 Audi-

2008 4540 2164 4593 tores
2245 4550 2418 4600 vero,
2495 4532 2855 4605 experientia
2925 4533 3114 4589 edocti
3188 4532 3411 4592 nescire
3469 4536 3656 4609 jocari

2011 4622 2430 4691 Andronicum,
2462 4637 2568 4678 nec
2612 4620 2723 4677 alia
2754 4621 2937 4693 loqui,
2969 4621 3082 4678 alia
3111 4624 3323 4681 sentire
3366 4624 3429 4682 in
3481 4629 3656 4684 rebus

2008 4710 2368 4782 bujusmodi,
2446 4715 2603 4768 metu
2682 4710 3094 4782 trepidabant;
3154 4719 3209 4768 et
3271 4712 3365 4769 vix
3423 4715 3654 4772 tandem

2009 4801 2220 4858 animis
2260 4799 2528 4872 receptis,
2573 4816 2674 4871 per
2711 4799 3043 4859 veredarios
3071 4808 3473 4873 procuratores
3519 4819 3657 4860 suos

2008 4894 2064 4947 et
2110 4890 2169 4947 in
2223 4889 2661 4963 magistratibus
2708 4906 2877 4945 suam
2931 4890 3117 4947 vicem
3163 4892 3444 4949 obeuntes
3493 4907 3655 4947 seve-

2009 4980 2233 5037 rissime
2291 4987 2638 5036 monuerunt
2685 4995 2750 5036 ac
2779 4978 3047 5036 obtestati
3104 4984 3259 5048 sunt,
3292 4984 3356 5035 ut
3403 4979 3653 5052 vigilan-

2007 5069 2232 5128 tissime
2263 5074 2507 5125 caveant
2529 5084 2600 5124 ne
2630 5071 2974 5140 tempestate
3005 5068 3179 5123 fracta
3212 5067 3371 5124 navis
3393 5067 3651 5137 laedatur,

2009 5161 2106 5217 sed
2139 5158 2348 5232 potius,
2383 5158 2430 5215 si
2480 5156 2602 5214 ﬁeri
2643 5157 2843 5227 possit,
2895 5157 3055 5229 ipsos
3086 5156 3259 5213 etiam
3309 5165 3510 5214 ventos
3561 5156 3655 5212 in-

2008 5255 2243 5320 crepent
2302 5254 2437 5314 aut,
2496 5250 2560 5301 ut
2615 5246 2687 5301 de
2741 5244 2901 5301 .Eilo
2968 5244 3345 5312 fabulantur,
3424 5245 3653 5303 utribus

2008 5335 2331 5401 includunt,
2383 5351 2455 5391 ne
2504 5332 2838 5390 turbinibus
2888 5349 3045 5390 mare
3092 5335 3402 5405 exagitent.
3455 5334 3539 5391 Ab
3587 5349 3655 5391 eo

2011 5437 2267 5499 tempore
2321 5423 2487 5481 nulla
2517 5423 2683 5480 navis
2706 5424 2919 5494 jactata
2966 5423 3233 5480 ﬂuctibus
3264 5423 3446 5482 ullam
3481 5425 3655 5483 sarci-

2009 5531 2216 5575 narum
2276 5514 2557 5582 iacturam
2634 5513 2809 5580 fecit,
2867 5517 2966 5570 aut
3023 5520 3183 5585 parte
3255 5514 3652 5573 tabulatorum

2009 5602 2255 5678 spoliata
2284 5610 2392 5671 est,
2439 5608 2534 5659 aut
2564 5600 2782 5659 malum
2812 5618 3158 5661 ancoramve
3198 5611 3298 5660 aut
3349 5605 3654 5664 minimum

2011 5690 2363 5766 funiculum,
2415 5691 2632 5751 nedum
2674 5691 2795 5751 ulla
2841 5697 3205 5752 armamenta
3261 5694 3479 5753 amisit.
3532 5698 3654 5754 Imo

3561 391 3678 453 686
3760 398 3763 403 '
