  <div class='ocr_page' id='page_1' title='image "/cluster/home/n/w/nwhite01/storage/ocr_20150623/139/hvd.32044023361710/349.png"; bbox 0 0 4112 6218; ppageno 0'>
   <div class='ocr_carea' id='block_1_1' title="bbox 421 358 535 419">
    <p class='ocr_par' dir='ltr' id='par_1_1' title="bbox 421 358 535 419">
     <span class='ocr_line' id='line_1_1' title="bbox 421 358 535 419; baseline -0.009 0"><span class='ocrx_word' id='word_1_1' title='bbox 421 358 535 419; x_wconf 78' lang='lat'>687</span> 
     </span>
    </p>
   </div>
   <div class='ocr_carea' id='block_1_2' title="bbox 1754 346 2540 414">
    <p class='ocr_par' dir='ltr' id='par_1_2' title="bbox 1754 346 2540 414">
     <span class='ocr_line' id='line_1_2' title="bbox 1754 346 2540 414; baseline -0.006 -1"><span class='ocrx_word' id='word_1_2' title='bbox 1754 346 2075 414; x_wconf 68' lang='grc' dir='ltr'>ΝΙΟΕΤιΕ</span> <span class='ocrx_word' id='word_1_3' title='bbox 2118 349 2540 412; x_wconf 66' lang='grc' dir='ltr'>ΟΗΟΝΙΑΤΛεὶ</span> 
     </span>
    </p>
   </div>
   <div class='ocr_carea' id='block_1_3' title="bbox 3789 39 3993 120">
    <p class='ocr_par' dir='ltr' id='par_1_3' title="bbox 3789 39 3993 120">
     <span class='ocr_line' id='line_1_3' title="bbox 3789 39 3993 120; baseline 0 0"><span class='ocrx_word' id='word_1_4' title='bbox 3789 39 3993 120; x_wconf 56' lang='grc' dir='ltr'><strong><em>Ψ</em></strong></span> 
     </span>
    </p>
   </div>
   <div class='ocr_carea' id='block_1_4' title="bbox 3699 353 3828 414">
    <p class='ocr_par' dir='ltr' id='par_1_4' title="bbox 3699 353 3828 414">
     <span class='ocr_line' id='line_1_4' title="bbox 3699 353 3828 414; baseline 0 0"><span class='ocrx_word' id='word_1_5' title='bbox 3699 353 3828 414; x_wconf 85' lang='grc'>688</span> 
     </span>
    </p>
   </div>
   <div class='ocr_carea' id='block_1_5' title="bbox 407 477 2058 560">
    <p class='ocr_par' dir='ltr' id='par_1_5' title="bbox 407 483 2058 560">
     <span class='ocr_line' id='line_1_5' title="bbox 407 483 2058 560; baseline -0.004 -11"><span class='ocrx_word' id='word_1_6' title='bbox 407 491 526 548; x_wconf 88' lang='lat' dir='ltr'><strong>sive</strong></span> <span class='ocrx_word' id='word_1_7' title='bbox 553 491 739 548; x_wconf 77' lang='lat' dir='ltr'><strong>ventis</strong></span> <span class='ocrx_word' id='word_1_8' title='bbox 761 489 820 546; x_wconf 90' lang='lat' dir='ltr'>in</span> <span class='ocrx_word' id='word_1_9' title='bbox 851 494 1059 545; x_wconf 86' lang='lat' dir='ltr'><strong>terram</strong></span> <span class='ocrx_word' id='word_1_10' title='bbox 1085 492 1356 560; x_wconf 88' lang='lat' dir='ltr'><strong>ageretur</strong></span> <span class='ocrx_word' id='word_1_11' title='bbox 1385 487 1507 545; x_wconf 81' lang='lat' dir='ltr'><strong>sive</strong></span> <span class='ocrx_word' id='word_1_12' title='bbox 1537 484 1794 558; x_wconf 86' lang='lat' dir='ltr'><strong>scopulis</strong></span> <span class='ocrx_word' id='word_1_13' title='bbox 1815 483 2058 542; x_wconf 93' lang='lat' dir='ltr'><strong>occultis</strong></span> 
     </span>
    </p>
   </div>
   <div class='ocr_carea' id='block_1_6' title="bbox 2169 477 3832 560">
    <p class='ocr_par' dir='ltr' id='par_1_6' title="bbox 2172 477 3832 556">
     <span class='ocr_line' id='line_1_6' title="bbox 2172 477 3832 556; baseline 0.001 -18"><span class='ocrx_word' id='word_1_14' title='bbox 2172 503 2259 538; x_wconf 86' lang='grc' dir='ltr'>τοι</span> <span class='ocrx_word' id='word_1_15' title='bbox 2290 481 2352 537; x_wconf 71' lang='grc' dir='ltr'>ἐκ</span> <span class='ocrx_word' id='word_1_16' title='bbox 2377 477 2542 537; x_wconf 82' lang='grc' dir='ltr'>τοῦδε</span> <span class='ocrx_word' id='word_1_17' title='bbox 2571 479 2676 536; x_wconf 82' lang='grc' dir='ltr'>οὐκ</span> <span class='ocrx_word' id='word_1_18' title='bbox 2712 479 2782 549; x_wconf 74' lang='grc' dir='ltr'>ἦν</span> <span class='ocrx_word' id='word_1_19' title='bbox 2836 479 2967 555; x_wconf 81' lang='grc' dir='ltr'>ὃρᾷν</span> <span class='ocrx_word' id='word_1_20' title='bbox 3031 477 3229 536; x_wconf 82' lang='grc' dir='ltr'>πλοῖον</span> <span class='ocrx_word' id='word_1_21' title='bbox 3280 479 3312 537; x_wconf 80' lang='grc' dir='ltr'>ε</span> <span class='ocrx_word' id='word_1_22' title='bbox 3339 481 3629 556; x_wconf 82' lang='grc' dir='ltr'>περιπεσὸν</span> <span class='ocrx_word' id='word_1_23' title='bbox 3685 483 3832 540; x_wconf 81' lang='grc' dir='ltr'>κλύ-</span> 
     </span>
    </p>
   </div>
   <div class='ocr_carea' id='block_1_7' title="bbox 414 573 2058 649">
    <p class='ocr_par' dir='ltr' id='par_1_7' title="bbox 414 573 2058 649">
     <span class='ocr_line' id='line_1_7' title="bbox 414 573 2058 649; baseline -0.004 -13"><span class='ocrx_word' id='word_1_24' title='bbox 414 579 582 636; x_wconf 87' lang='lat' dir='ltr'><strong>allisa</strong></span> <span class='ocrx_word' id='word_1_25' title='bbox 632 580 1024 649; x_wconf 75' lang='lat' dir='ltr'>frangeretur,</span> <span class='ocrx_word' id='word_1_26' title='bbox 1087 591 1203 632; x_wconf 87' lang='lat' dir='ltr'>non</span> <span class='ocrx_word' id='word_1_27' title='bbox 1263 575 1432 632; x_wconf 80' lang='lat' dir='ltr'>aliter</span> <span class='ocrx_word' id='word_1_28' title='bbox 1479 574 1631 632; x_wconf 72' lang='lat'><strong>428</strong></span> <span class='ocrx_word' id='word_1_29' title='bbox 1682 573 2058 646; x_wconf 73' lang='lat' dir='ltr'>spectabatur</span> 
     </span>
    </p>
   </div>
   <div class='ocr_carea' id='block_1_8' title="bbox 412 662 2055 742">
    <p class='ocr_par' dir='ltr' id='par_1_8' title="bbox 412 662 2055 742">
     <span class='ocr_line' id='line_1_8' title="bbox 412 662 2055 742; baseline -0.004 -18"><span class='ocrx_word' id='word_1_30' title='bbox 412 685 587 742; x_wconf 87' lang='lat' dir='ltr'><strong>quam</strong></span> <span class='ocrx_word' id='word_1_31' title='bbox 633 666 838 739; x_wconf 77' lang='lat' dir='ltr'><strong>cymba</strong></span> <span class='ocrx_word' id='word_1_32' title='bbox 885 665 1215 733; x_wconf 88' lang='lat' dir='ltr'><strong>Charontis,</strong></span> <span class='ocrx_word' id='word_1_33' title='bbox 1273 679 1386 736; x_wconf 76' lang='lat' dir='ltr'>qua</span> <span class='ocrx_word' id='word_1_34' title='bbox 1425 682 1493 722; x_wconf 81' lang='lat' dir='ltr'><strong>ex</strong></span> <span class='ocrx_word' id='word_1_35' title='bbox 1532 664 1794 721; x_wconf 79' lang='lat' dir='ltr'>faucibus</span> <span class='ocrx_word' id='word_1_36' title='bbox 1844 662 2055 720; x_wconf 76' lang='lat' dir='ltr'><strong>inferni</strong></span> 
     </span>
    </p>
   </div>
   <div class='ocr_carea' id='block_1_9' title="bbox 412 753 2057 826">
    <p class='ocr_par' dir='ltr' id='par_1_9' title="bbox 412 753 2057 826">
     <span class='ocr_line' id='line_1_9' title="bbox 412 753 2057 826; baseline -0.003 -13"><span class='ocrx_word' id='word_1_37' title='bbox 412 756 620 812; x_wconf 68' lang='lat' dir='ltr'><strong>animai</strong></span> <span class='ocrx_word' id='word_1_38' title='bbox 660 754 1043 826; x_wconf 69' lang='lat' dir='ltr'>veherentur;</span> <span class='ocrx_word' id='word_1_39' title='bbox 1075 761 1175 810; x_wconf 88' lang='lat' dir='ltr'>aut</span> <span class='ocrx_word' id='word_1_40' title='bbox 1207 758 1272 810; x_wconf 91' lang='lat' dir='ltr'>ut</span> <span class='ocrx_word' id='word_1_41' title='bbox 1300 771 1478 810; x_wconf 70' lang='lat' dir='ltr'><strong>sacras</strong></span> <span class='ocrx_word' id='word_1_42' title='bbox 1531 770 1703 810; x_wconf 87' lang='lat' dir='ltr'><strong>naves</strong></span> <span class='ocrx_word' id='word_1_43' title='bbox 1752 770 1786 809; x_wconf 72' lang='grc' dir='ltr'>ο</span> <span class='ocrx_word' id='word_1_44' title='bbox 1841 753 2057 826; x_wconf 89' lang='lat' dir='ltr'><strong>populo</strong></span> 
     </span>
    </p>
   </div>
   <div class='ocr_carea' id='block_1_10' title="bbox 411 843 2056 918">
    <p class='ocr_par' dir='ltr' id='par_1_10' title="bbox 411 843 2056 918">
     <span class='ocr_line' id='line_1_10' title="bbox 411 843 2056 918; baseline -0.002 -17"><span class='ocrx_word' id='word_1_45' title='bbox 411 855 463 901; x_wconf 90' lang='lat' dir='ltr'>et</span> <span class='ocrx_word' id='word_1_46' title='bbox 495 844 934 918; x_wconf 71' lang='lat' dir='ltr'>magistratibus</span> <span class='ocrx_word' id='word_1_47' title='bbox 983 843 1270 901; x_wconf 88' lang='lat' dir='ltr'><strong>submisse</strong></span> <span class='ocrx_word' id='word_1_48' title='bbox 1307 844 1671 914; x_wconf 84' lang='lat' dir='ltr'><strong>curabantur,</strong></span> <span class='ocrx_word' id='word_1_49' title='bbox 1720 860 1793 900; x_wconf 90' lang='lat' dir='ltr'>ne</span> <span class='ocrx_word' id='word_1_50' title='bbox 1823 844 1965 915; x_wconf 91' lang='lat' dir='ltr'><strong>quid</strong></span> <span class='ocrx_word' id='word_1_51' title='bbox 1998 843 2056 898; x_wconf 90' lang='lat' dir='ltr'>in</span> 
     </span>
    </p>
   </div>
   <div class='ocr_carea' id='block_1_11' title="bbox 413 932 1843 1006">
    <p class='ocr_par' dir='ltr' id='par_1_11' title="bbox 413 932 1843 1006">
     <span class='ocr_line' id='line_1_11' title="bbox 413 932 1843 1006; baseline -0.002 -15"><span class='ocrx_word' id='word_1_52' title='bbox 413 944 563 992; x_wconf 88' lang='lat' dir='ltr'><strong>terra</strong></span> <span class='ocrx_word' id='word_1_53' title='bbox 591 935 924 991; x_wconf 82' lang='lat' dir='ltr'><strong>amitterent</strong></span> <span class='ocrx_word' id='word_1_54' title='bbox 955 935 1112 1006; x_wconf 86' lang='lat' dir='ltr'><strong>quod</strong></span> <span class='ocrx_word' id='word_1_55' title='bbox 1149 951 1305 991; x_wconf 86' lang='lat' dir='ltr'><strong>mare</strong></span> <span class='ocrx_word' id='word_1_56' title='bbox 1340 951 1452 991; x_wconf 90' lang='lat' dir='ltr'>non</span> <span class='ocrx_word' id='word_1_57' title='bbox 1483 932 1843 990; x_wconf 83' lang='lat' dir='ltr'><strong>abstulisset.</strong></span> 
     </span>
    </p>
   </div>
   <div class='ocr_carea' id='block_1_12' title="bbox 2167 567 3830 650">
    <p class='ocr_par' dir='ltr' id='par_1_12' title="bbox 2167 567 3830 650">
     <span class='ocr_line' id='line_1_12' title="bbox 2167 567 3830 650; baseline 0.001 -23"><span class='ocrx_word' id='word_1_58' title='bbox 2167 570 2300 627; x_wconf 86' lang='grc' dir='ltr'>δωνι</span> <span class='ocrx_word' id='word_1_59' title='bbox 2325 571 2473 646; x_wconf 88' lang='grc' dir='ltr'>παρά</span> <span class='ocrx_word' id='word_1_60' title='bbox 2501 591 2598 626; x_wconf 90' lang='grc' dir='ltr'>του</span> <span class='ocrx_word' id='word_1_61' title='bbox 2627 573 2737 626; x_wconf 78' lang='grc' dir='ltr'>τῶν</span> <span class='ocrx_word' id='word_1_62' title='bbox 2767 568 3014 626; x_wconf 76' lang='grc' dir='ltr'>ἁπάντων</span> <span class='ocrx_word' id='word_1_63' title='bbox 3045 567 3327 646; x_wconf 81' lang='grc' dir='ltr'>διηρπάγη</span> <span class='ocrx_word' id='word_1_64' title='bbox 3381 591 3433 627; x_wconf 87' lang='grc' dir='ltr'>τι</span> <span class='ocrx_word' id='word_1_65' title='bbox 3491 576 3590 628; x_wconf 77' lang='grc' dir='ltr'>τοῦ</span> <span class='ocrx_word' id='word_1_66' title='bbox 3620 570 3830 650; x_wconf 75' lang='grc' dir='ltr'>φόρτου</span> 
     </span>
    </p>
   </div>
   <div class='ocr_carea' id='block_1_13' title="bbox 2165 658 3832 739">
    <p class='ocr_par' dir='ltr' id='par_1_13' title="bbox 2165 658 3832 739">
     <span class='ocr_line' id='line_1_13' title="bbox 2165 658 3832 739; baseline 0.001 -22"><span class='ocrx_word' id='word_1_67' title='bbox 2165 665 2202 735; x_wconf 74' lang='grc' dir='ltr'><strong>ἢ</strong></span> <span class='ocrx_word' id='word_1_68' title='bbox 2248 660 2410 737; x_wconf 81' lang='grc' dir='ltr'>μέρος</span> <span class='ocrx_word' id='word_1_69' title='bbox 2451 666 2560 717; x_wconf 77' lang='grc' dir='ltr'>τῶν</span> <span class='ocrx_word' id='word_1_70' title='bbox 2617 663 3095 736; x_wconf 67' lang='grc' dir='ltr'>καταστρωμάτων</span> <span class='ocrx_word' id='word_1_71' title='bbox 3141 658 3397 737; x_wconf 69' lang='grc' dir='ltr'>ἀφῄρητο</span> <span class='ocrx_word' id='word_1_72' title='bbox 3454 662 3490 732; x_wconf 80' lang='grc' dir='ltr'>ἢ</span> <span class='ocrx_word' id='word_1_73' title='bbox 3542 663 3832 739; x_wconf 73' lang='grc' dir='ltr'>καθῄρητο</span> 
     </span>
    </p>
   </div>
   <div class='ocr_carea' id='block_1_14' title="bbox 2167 745 3830 828">
    <p class='ocr_par' dir='ltr' id='par_1_14' title="bbox 2167 745 3830 828">
     <span class='ocr_line' id='line_1_14' title="bbox 2167 745 3830 828; baseline 0.001 -20"><span class='ocrx_word' id='word_1_74' title='bbox 2167 752 2260 808; x_wconf 88' lang='grc' dir='ltr'>τὸν</span> <span class='ocrx_word' id='word_1_75' title='bbox 2285 751 2498 822; x_wconf 70' lang='grc' dir='ltr'>ἴστὸνῆ</span> <span class='ocrx_word' id='word_1_76' title='bbox 2532 749 2766 828; x_wconf 77' lang='grc' dir='ltr'>ἄγκυραν</span> <span class='ocrx_word' id='word_1_77' title='bbox 2810 745 3116 808; x_wconf 76' lang='grc' dir='ltr'>ἀπεϐάλετο</span> <span class='ocrx_word' id='word_1_78' title='bbox 3173 750 3210 822; x_wconf 72' lang='grc' dir='ltr'><strong>ἢ</strong></span> <span class='ocrx_word' id='word_1_79' title='bbox 3264 757 3374 809; x_wconf 82' lang='grc' dir='ltr'>τῶν</span> <span class='ocrx_word' id='word_1_80' title='bbox 3435 751 3626 811; x_wconf 72' lang='grc' dir='ltr'>ὃπλων</span> <span class='ocrx_word' id='word_1_81' title='bbox 3678 757 3830 817; x_wconf 87' lang='grc' dir='ltr'>τινὸς</span> 
     </span>
    </p>
   </div>
   <div class='ocr_carea' id='block_1_15' title="bbox 2172 839 3827 920">
    <p class='ocr_par' dir='ltr' id='par_1_15' title="bbox 2172 839 3827 920">
     <span class='ocr_line' id='line_1_15' title="bbox 2172 839 3827 920; baseline 0.002 -24"><span class='ocrx_word' id='word_1_82' title='bbox 2172 841 2431 916; x_wconf 77' lang='grc' dir='ltr'>ἐστέρητο</span> <span class='ocrx_word' id='word_1_83' title='bbox 2464 841 2635 920; x_wconf 84' lang='grc' dir='ltr'>μέχρι</span> <span class='ocrx_word' id='word_1_84' title='bbox 2659 841 2750 896; x_wconf 79' lang='grc' dir='ltr'>καὶ</span> <span class='ocrx_word' id='word_1_85' title='bbox 2787 842 3056 916; x_wconf 76' lang='grc' dir='ltr'>μηρίνθου</span> <span class='ocrx_word' id='word_1_86' title='bbox 3088 839 3318 913; x_wconf 78' lang='grc' dir='ltr'>λεπτῆς,</span> <span class='ocrx_word' id='word_1_87' title='bbox 3351 841 3498 899; x_wconf 78' lang='grc' dir='ltr'>ἀλλά</span> <span class='ocrx_word' id='word_1_88' title='bbox 3552 845 3827 918; x_wconf 81' lang='grc' dir='ltr'>πνεύμασι</span> 
     </span>
    </p>
   </div>
   <div class='ocr_carea' id='block_1_16' title="bbox 2172 927 3832 1008">
    <p class='ocr_par' dir='ltr' id='par_1_16' title="bbox 2172 927 3832 1008">
     <span class='ocr_line' id='line_1_16' title="bbox 2172 927 3832 1008; baseline 0.003 -22"><span class='ocrx_word' id='word_1_89' title='bbox 2172 933 2242 1005; x_wconf 80' lang='grc' dir='ltr'>τῇ</span> <span class='ocrx_word' id='word_1_90' title='bbox 2294 929 2480 1006; x_wconf 82' lang='grc' dir='ltr'>χέρσῳ</span> <span class='ocrx_word' id='word_1_91' title='bbox 2537 931 2876 1003; x_wconf 85' lang='grc' dir='ltr'>ἐκπτυόμενα</span> <span class='ocrx_word' id='word_1_92' title='bbox 2932 927 2970 1000; x_wconf 70' lang='grc' dir='ltr'>ἤ</span> <span class='ocrx_word' id='word_1_93' title='bbox 3028 933 3282 1008; x_wconf 84' lang='grc' dir='ltr'>χοιράσιν</span> <span class='ocrx_word' id='word_1_94' title='bbox 3337 933 3675 1008; x_wconf 82' lang='grc' dir='ltr'>ἀρασσόμενα</span> <span class='ocrx_word' id='word_1_95' title='bbox 3733 933 3832 992; x_wconf 76' lang='grc' dir='ltr'>πέ-</span> 
     </span>
    </p>
   </div>
   <div class='ocr_carea' id='block_1_17' title="bbox 415 1017 3836 1101">
    <p class='ocr_par' dir='ltr' id='par_1_17' title="bbox 415 1017 3836 1101">
     <span class='ocr_line' id='line_1_17' title="bbox 415 1017 3836 1101; baseline 0.001 -23"><span class='ocrx_word' id='word_1_96' title='bbox 415 1043 569 1099; x_wconf 87' lang='grc' dir='ltr'>τραις</span> <span class='ocrx_word' id='word_1_97' title='bbox 628 1022 663 1092; x_wconf 77' lang='grc' dir='ltr'><strong>ἥ</strong></span> <span class='ocrx_word' id='word_1_98' title='bbox 721 1017 1023 1097; x_wconf 80' lang='grc' dir='ltr'>προϐόλοις</span> <span class='ocrx_word' id='word_1_99' title='bbox 1071 1021 1574 1098; x_wconf 72' lang='grc' dir='ltr'>καταρῥηγνύμενα,</span> <span class='ocrx_word' id='word_1_100' title='bbox 1629 1021 1758 1076; x_wconf 81' lang='grc' dir='ltr'>ὡσεὶ</span> <span class='ocrx_word' id='word_1_101' title='bbox 1812 1020 1903 1076; x_wconf 88' lang='grc' dir='ltr'>καὶ</span> <span class='ocrx_word' id='word_1_102' title='bbox 1969 1019 2270 1096; x_wconf 83' lang='grc' dir='ltr'>Χαρωνικά</span> <span class='ocrx_word' id='word_1_103' title='bbox 2333 1021 2641 1096; x_wconf 80' lang='grc' dir='ltr'>ψυχαγωγά</span> <span class='ocrx_word' id='word_1_104' title='bbox 2687 1020 2882 1077; x_wconf 85' lang='grc' dir='ltr'>ἀκάτια</span> <span class='ocrx_word' id='word_1_105' title='bbox 2937 1020 2997 1076; x_wconf 81' lang='grc' dir='ltr'>ἐκ</span> <span class='ocrx_word' id='word_1_106' title='bbox 3047 1022 3280 1096; x_wconf 89' lang='grc' dir='ltr'>στομίου</span> <span class='ocrx_word' id='word_1_107' title='bbox 3336 1017 3468 1093; x_wconf 65' lang='grc' dir='ltr'>ᾅδου</span> <span class='ocrx_word' id='word_1_108' title='bbox 3520 1023 3836 1101; x_wconf 79' lang='grc' dir='ltr'><strong>ἀναγόμενα</strong></span> 
     </span>
    </p>
   </div>
   <div class='ocr_carea' id='block_1_18' title="bbox 423 1106 3832 1192">
    <p class='ocr_par' dir='ltr' id='par_1_18' title="bbox 423 1106 3832 1192">
     <span class='ocr_line' id='line_1_18' title="bbox 423 1106 3832 1192; baseline 0.001 -26"><span class='ocrx_word' id='word_1_109' title='bbox 423 1107 801 1167; x_wconf 72' lang='grc' dir='ltr'>ὑπεϐλέποντο</span> <span class='ocrx_word' id='word_1_110' title='bbox 831 1111 1347 1187; x_wconf 86' lang='grc' dir='ltr'>ἀντιπαρερχόμενα</span> <span class='ocrx_word' id='word_1_111' title='bbox 1377 1113 1412 1181; x_wconf 81' lang='grc' dir='ltr'>ἣ</span> <span class='ocrx_word' id='word_1_112' title='bbox 1447 1112 1522 1174; x_wconf 81' lang='grc' dir='ltr'>ὡς</span> <span class='ocrx_word' id='word_1_113' title='bbox 1553 1106 1804 1186; x_wconf 77' lang='grc' dir='ltr'>θεωρίδες</span> <span class='ocrx_word' id='word_1_114' title='bbox 1835 1116 1960 1179; x_wconf 75' lang='grc' dir='ltr'>νῆες</span> <span class='ocrx_word' id='word_1_115' title='bbox 2003 1110 2518 1188; x_wconf 72' lang='grc' dir='ltr'>ἀμφιπεριείποντο,</span> <span class='ocrx_word' id='word_1_116' title='bbox 2549 1110 2640 1165; x_wconf 83' lang='grc' dir='ltr'>καὶ</span> <span class='ocrx_word' id='word_1_117' title='bbox 2675 1111 2792 1184; x_wconf 82' lang='grc' dir='ltr'>μεθ’</span> <span class='ocrx_word' id='word_1_118' title='bbox 2832 1109 3146 1180; x_wconf 75' lang='grc' dir='ltr'>ὑποστολῆς</span> <span class='ocrx_word' id='word_1_119' title='bbox 3175 1111 3328 1187; x_wconf 73' lang='grc' dir='ltr'>εἶχον</span> <span class='ocrx_word' id='word_1_120' title='bbox 3378 1111 3832 1192; x_wconf 70' lang='grc' dir='ltr'>ἀμφιπνούμενον</span> 
     </span>
    </p>
   </div>
   <div class='ocr_carea' id='block_1_19' title="bbox 427 1195 3832 1277">
    <p class='ocr_par' dir='ltr' id='par_1_19' title="bbox 427 1195 3832 1277">
     <span class='ocr_line' id='line_1_19' title="bbox 427 1195 3832 1277; baseline 0.001 -21"><span class='ocrx_word' id='word_1_121' title='bbox 427 1204 593 1264; x_wconf 77' lang='grc' dir='ltr'>αύτᾶς</span> <span class='ocrx_word' id='word_1_122' title='bbox 623 1201 714 1256; x_wconf 83' lang='grc' dir='ltr'>τὸν</span> <span class='ocrx_word' id='word_1_123' title='bbox 748 1199 922 1256; x_wconf 85' lang='grc' dir='ltr'>πολὺν</span> <span class='ocrx_word' id='word_1_124' title='bbox 951 1201 1042 1256; x_wconf 83' lang='grc' dir='ltr'>καὶ</span> <span class='ocrx_word' id='word_1_125' title='bbox 1075 1197 1266 1272; x_wconf 82' lang='grc' dir='ltr'>λαώδη</span> <span class='ocrx_word' id='word_1_126' title='bbox 1297 1198 1496 1275; x_wconf 79' lang='grc' dir='ltr'>ὅμιλον</span> <span class='ocrx_word' id='word_1_127' title='bbox 1555 1199 1642 1256; x_wconf 79' lang='grc' dir='ltr'>καὶ</span> <span class='ocrx_word' id='word_1_128' title='bbox 1694 1199 1758 1254; x_wconf 89' lang='grc' dir='ltr'>τὸ</span> <span class='ocrx_word' id='word_1_129' title='bbox 1808 1199 2051 1273; x_wconf 81' lang='grc' dir='ltr'>χειρίζον</span> <span class='ocrx_word' id='word_1_130' title='bbox 2108 1198 2205 1260; x_wconf 67' lang='grc' dir='ltr'>τὰς</span> <span class='ocrx_word' id='word_1_131' title='bbox 2261 1195 2461 1274; x_wconf 79' lang='grc' dir='ltr'>ἀρχὰς,</span> <span class='ocrx_word' id='word_1_132' title='bbox 2524 1201 2600 1272; x_wconf 68' lang='grc' dir='ltr'>μή</span> <span class='ocrx_word' id='word_1_133' title='bbox 2660 1197 2766 1254; x_wconf 84' lang='grc' dir='ltr'>πού</span> <span class='ocrx_word' id='word_1_134' title='bbox 2832 1219 2884 1255; x_wconf 90' lang='grc' dir='ltr'>τι</span> <span class='ocrx_word' id='word_1_135' title='bbox 2914 1199 3050 1256; x_wconf 81' lang='grc' dir='ltr'>κατὰ</span> <span class='ocrx_word' id='word_1_136' title='bbox 3081 1200 3278 1276; x_wconf 89' lang='grc' dir='ltr'>χέρσον</span> <span class='ocrx_word' id='word_1_137' title='bbox 3311 1200 3654 1258; x_wconf 77' lang='grc' dir='ltr'>ἀπολέσωσιν</span> <span class='ocrx_word' id='word_1_138' title='bbox 3685 1202 3716 1258; x_wconf 78' lang='grc'>8</span> <span class='ocrx_word' id='word_1_139' title='bbox 3751 1204 3832 1277; x_wconf 78' lang='grc' dir='ltr'>μὴ</span> 
     </span>
    </p>
   </div>
   <div class='ocr_carea' id='block_1_20' title="bbox 421 1284 3836 1370">
    <p class='ocr_par' dir='ltr' id='par_1_20' title="bbox 421 1284 3836 1370">
     <span class='ocr_line' id='line_1_20' title="bbox 421 1284 3836 1370; baseline 0.001 -24"><span class='ocrx_word' id='word_1_140' title='bbox 421 1288 639 1348; x_wconf 79' lang='grc' dir='ltr'>κλύδων</span> <span class='ocrx_word' id='word_1_141' title='bbox 670 1290 984 1370; x_wconf 71' lang='grc' dir='ltr'>ἠφάντωσεν</span> <span class='ocrx_word' id='word_1_142' title='bbox 1013 1287 1191 1352; x_wconf 80' lang='grc' dir='ltr'>ἀΛιος,</span> <span class='ocrx_word' id='word_1_143' title='bbox 1225 1289 1328 1348; x_wconf 82' lang='grc' dir='ltr'>Καὶ</span> <span class='ocrx_word' id='word_1_144' title='bbox 1359 1290 1423 1360; x_wconf 71' lang='grc' dir='ltr'>ἦν</span> <span class='ocrx_word' id='word_1_145' title='bbox 1455 1288 1698 1365; x_wconf 78' lang='grc' dir='ltr'>ἀτεχνῶς</span> <span class='ocrx_word' id='word_1_146' title='bbox 1726 1287 1942 1362; x_wconf 68' lang='grc' dir='ltr'>γαλήνη</span> <span class='ocrx_word' id='word_1_147' title='bbox 1971 1284 2277 1362; x_wconf 69' lang='grc' dir='ltr'>διαγελῶσαι</span> <span class='ocrx_word' id='word_1_148' title='bbox 2307 1285 2366 1343; x_wconf 83' lang='grc' dir='ltr'>ἐκ</span> <span class='ocrx_word' id='word_1_149' title='bbox 2396 1285 2568 1359; x_wconf 80' lang='grc' dir='ltr'>ζάλης</span> <span class='ocrx_word' id='word_1_150' title='bbox 2591 1287 2680 1343; x_wconf 84' lang='grc' dir='ltr'>καὶ</span> <span class='ocrx_word' id='word_1_151' title='bbox 2713 1285 2890 1358; x_wconf 80' lang='grc' dir='ltr'>δεξιᾶς</span> <span class='ocrx_word' id='word_1_152' title='bbox 2921 1285 3092 1353; x_wconf 79' lang='grc' dir='ltr'>ὅντως</span> <span class='ocrx_word' id='word_1_153' title='bbox 3125 1291 3401 1368; x_wconf 74' lang='grc' dir='ltr'>θειοτέρας</span> <span class='ocrx_word' id='word_1_154' title='bbox 3429 1289 3738 1358; x_wconf 80' lang='grc' dir='ltr'>ἀλλοίωσις</span> <span class='ocrx_word' id='word_1_155' title='bbox 3765 1293 3836 1348; x_wconf 81' lang='grc' dir='ltr'>τὸ</span> 
     </span>
    </p>
   </div>
   <div class='ocr_carea' id='block_1_21' title="bbox 423 1382 722 1456">
    <p class='ocr_par' dir='ltr' id='par_1_21' title="bbox 423 1382 722 1456">
     <span class='ocr_line' id='line_1_21' title="bbox 423 1382 722 1456; baseline 0.003 -20"><span class='ocrx_word' id='word_1_156' title='bbox 423 1382 722 1456; x_wconf 88' lang='grc' dir='ltr'>ὁρώμενον.</span> 
     </span>
    </p>
   </div>
   <div class='ocr_carea' id='block_1_22' title="bbox 484 1466 2055 1544">
    <p class='ocr_par' dir='ltr' id='par_1_22' title="bbox 484 1466 2055 1544">
     <span class='ocr_line' id='line_1_22' title="bbox 484 1466 2055 1544; baseline -0.004 -14"><span class='ocrx_word' id='word_1_157' title='bbox 484 1474 567 1530; x_wconf 90' lang='lat' dir='ltr'><strong>Ita</strong></span> <span class='ocrx_word' id='word_1_158' title='bbox 619 1489 688 1530; x_wconf 83' lang='lat' dir='ltr'><strong>ex</strong></span> <span class='ocrx_word' id='word_1_159' title='bbox 739 1479 1074 1544; x_wconf 88' lang='lat' dir='ltr'><strong>tempestate</strong></span> <span class='ocrx_word' id='word_1_160' title='bbox 1132 1471 1322 1530; x_wconf 83' lang='lat' dir='ltr'><strong>subita</strong></span> <span class='ocrx_word' id='word_1_161' title='bbox 1370 1469 1757 1542; x_wconf 88' lang='lat' dir='ltr'><strong>tranquillitas</strong></span> <span class='ocrx_word' id='word_1_162' title='bbox 1815 1466 2055 1539; x_wconf 82' lang='lat' dir='ltr'><strong>exstitit,</strong></span> 
     </span>
    </p>
   </div>
   <div class='ocr_carea' id='block_1_23' title="bbox 415 1557 2056 1620">
    <p class='ocr_par' dir='ltr' id='par_1_23' title="bbox 415 1557 2056 1620">
     <span class='ocr_line' id='line_1_23' title="bbox 415 1557 2056 1620; baseline -0.002 -2"><span class='ocrx_word' id='word_1_163' title='bbox 415 1568 573 1620; x_wconf 90' lang='lat' dir='ltr'><strong>utea</strong></span> <span class='ocrx_word' id='word_1_164' title='bbox 613 1561 856 1620; x_wconf 90' lang='lat' dir='ltr'><strong>mutatio</strong></span> <span class='ocrx_word' id='word_1_165' title='bbox 907 1561 1180 1618; x_wconf 90' lang='lat' dir='ltr'><strong>divinitus</strong></span> <span class='ocrx_word' id='word_1_166' title='bbox 1231 1561 1493 1618; x_wconf 90' lang='lat' dir='ltr'><strong>instituta</strong></span> <span class='ocrx_word' id='word_1_167' title='bbox 1537 1559 1842 1616; x_wconf 77' lang='lat' dir='ltr'><strong>videretur.</strong></span> <span class='ocrx_word' id='word_1_168' title='bbox 1893 1557 2056 1614; x_wconf 84' lang='lat' dir='ltr'><strong>Idem</strong></span> 
     </span>
    </p>
   </div>
   <div class='ocr_carea' id='block_1_24' title="bbox 417 1647 2058 1723">
    <p class='ocr_par' dir='ltr' id='par_1_24' title="bbox 417 1647 2058 1723">
     <span class='ocr_line' id='line_1_24' title="bbox 417 1647 2058 1723; baseline -0.002 -16"><span class='ocrx_word' id='word_1_169' title='bbox 417 1651 741 1708; x_wconf 79' lang='lat' dir='ltr'><strong>maximum</strong></span> <span class='ocrx_word' id='word_1_170' title='bbox 799 1651 1204 1723; x_wconf 68' lang='lat' dir='ltr'><strong>aqueductum</strong></span> <span class='ocrx_word' id='word_1_171' title='bbox 1265 1650 1752 1714; x_wconf 88' lang='lat' dir='ltr'><strong>subterraneum,</strong></span> <span class='ocrx_word' id='word_1_172' title='bbox 1833 1647 1932 1721; x_wconf 89' lang='lat' dir='ltr'>qui</span> <span class='ocrx_word' id='word_1_173' title='bbox 1998 1647 2058 1703; x_wconf 87' lang='lat' dir='ltr'>in</span> 
     </span>
    </p>
   </div>
   <div class='ocr_carea' id='block_1_25' title="bbox 417 1737 2056 1811">
    <p class='ocr_par' dir='ltr' id='par_1_25' title="bbox 417 1737 2056 1811">
     <span class='ocr_line' id='line_1_25' title="bbox 417 1737 2056 1811; baseline -0.002 -15"><span class='ocrx_word' id='word_1_174' title='bbox 417 1740 610 1797; x_wconf 87' lang='lat' dir='ltr'><strong>medio</strong></span> <span class='ocrx_word' id='word_1_175' title='bbox 665 1740 784 1796; x_wconf 86' lang='lat' dir='ltr'><strong>foro</strong></span> <span class='ocrx_word' id='word_1_176' title='bbox 853 1755 967 1796; x_wconf 90' lang='lat' dir='ltr'>non</span> <span class='ocrx_word' id='word_1_177' title='bbox 1027 1743 1388 1811; x_wconf 81' lang='lat' dir='ltr'><strong>stagnantem</strong></span> <span class='ocrx_word' id='word_1_178' title='bbox 1447 1742 1505 1794; x_wconf 93' lang='lat' dir='ltr'>et</span> <span class='ocrx_word' id='word_1_179' title='bbox 1574 1737 1898 1794; x_wconf 89' lang='lat' dir='ltr'><strong>morbidam</strong></span> <span class='ocrx_word' id='word_1_180' title='bbox 1957 1737 2056 1792; x_wconf 88' lang='lat' dir='ltr'>sed</span> 
     </span>
    </p>
   </div>
   <div class='ocr_carea' id='block_1_26' title="bbox 413 1825 2065 1900">
    <p class='ocr_par' dir='ltr' id='par_1_26' title="bbox 413 1825 2065 1900">
     <span class='ocr_line' id='line_1_26' title="bbox 413 1825 2065 1900; baseline -0.003 -14"><span class='ocrx_word' id='word_1_181' title='bbox 413 1831 713 1887; x_wconf 82' lang='lat' dir='ltr'><strong>fontanam</strong></span> <span class='ocrx_word' id='word_1_182' title='bbox 747 1833 802 1884; x_wconf 90' lang='lat' dir='ltr'>et</span> <span class='ocrx_word' id='word_1_183' title='bbox 832 1827 1141 1900; x_wconf 90' lang='lat' dir='ltr'><strong>potabilem</strong></span> <span class='ocrx_word' id='word_1_184' title='bbox 1175 1844 1378 1900; x_wconf 89' lang='lat' dir='ltr'><strong>aquam</strong></span> <span class='ocrx_word' id='word_1_185' title='bbox 1412 1827 1764 1896; x_wconf 80' lang='lat' dir='ltr'><strong>ell&#39;underet,</strong></span> <span class='ocrx_word' id='word_1_186' title='bbox 1801 1825 2065 1882; x_wconf 79' lang='lat' dir='ltr'><strong>maximis</strong></span> 
     </span>
    </p>
   </div>
   <div class='ocr_carea' id='block_1_27' title="bbox 416 1915 2063 1990">
    <p class='ocr_par' dir='ltr' id='par_1_27' title="bbox 416 1915 2063 1990">
     <span class='ocr_line' id='line_1_27' title="bbox 416 1915 2063 1990; baseline -0.003 -15"><span class='ocrx_word' id='word_1_187' title='bbox 416 1918 747 1990; x_wconf 85' lang='lat' dir='ltr'><strong>sumptibus</strong></span> <span class='ocrx_word' id='word_1_188' title='bbox 796 1919 1112 1984; x_wconf 84' lang='lat' dir='ltr'><strong>renovavit,</strong></span> <span class='ocrx_word' id='word_1_189' title='bbox 1165 1916 1413 1990; x_wconf 83' lang='lat' dir='ltr'><strong>tlydrale</strong></span> <span class='ocrx_word' id='word_1_190' title='bbox 1461 1915 1633 1974; x_wconf 83' lang='lat' dir='ltr'><strong>ﬂuvio</strong></span> <span class='ocrx_word' id='word_1_191' title='bbox 1664 1918 1722 1972; x_wconf 90' lang='lat' dir='ltr'>in</span> <span class='ocrx_word' id='word_1_192' title='bbox 1772 1932 1904 1972; x_wconf 88' lang='lat' dir='ltr'>eum</span> <span class='ocrx_word' id='word_1_193' title='bbox 1953 1916 2063 1970; x_wconf 92' lang='lat' dir='ltr'><strong>de-</strong></span> 
     </span>
    </p>
   </div>
   <div class='ocr_carea' id='block_1_28' title="bbox 417 2003 2064 2078">
    <p class='ocr_par' dir='ltr' id='par_1_28' title="bbox 417 2003 2064 2078">
     <span class='ocr_line' id='line_1_28' title="bbox 417 2003 2064 2078; baseline -0.002 -15"><span class='ocrx_word' id='word_1_194' title='bbox 417 2007 634 2063; x_wconf 87' lang='lat' dir='ltr'><strong>rivato:</strong></span> <span class='ocrx_word' id='word_1_195' title='bbox 693 2005 766 2061; x_wconf 87' lang='lat' dir='ltr'>ad</span> <span class='ocrx_word' id='word_1_196' title='bbox 825 2009 987 2076; x_wconf 87' lang='lat' dir='ltr'><strong>cujus</strong></span> <span class='ocrx_word' id='word_1_197' title='bbox 1050 2006 1263 2078; x_wconf 87' lang='lat' dir='ltr'><strong>primos</strong></span> <span class='ocrx_word' id='word_1_198' title='bbox 1296 2007 1483 2061; x_wconf 81' lang='lat' dir='ltr'><strong>fontes</strong></span> <span class='ocrx_word' id='word_1_199' title='bbox 1519 2005 1722 2062; x_wconf 88' lang='lat' dir='ltr'><strong>turrim</strong></span> <span class='ocrx_word' id='word_1_200' title='bbox 1779 2003 2064 2062; x_wconf 77' lang='lat' dir='ltr'><strong>exstruxit</strong></span> 
     </span>
    </p>
   </div>
   <div class='ocr_carea' id='block_1_29' title="bbox 421 2094 2066 2152">
    <p class='ocr_par' dir='ltr' id='par_1_29' title="bbox 421 2094 2066 2152">
     <span class='ocr_line' id='line_1_29' title="bbox 421 2094 2066 2152; baseline -0.002 0"><span class='ocrx_word' id='word_1_201' title='bbox 421 2101 478 2152; x_wconf 87' lang='lat' dir='ltr'>et</span> <span class='ocrx_word' id='word_1_202' title='bbox 533 2097 687 2152; x_wconf 71' lang='lat' dir='ltr'><strong>mdes</strong></span> <span class='ocrx_word' id='word_1_203' title='bbox 744 2096 816 2150; x_wconf 90' lang='lat' dir='ltr'>ad</span> <span class='ocrx_word' id='word_1_204' title='bbox 877 2095 1253 2152; x_wconf 69' lang='lat' dir='ltr'><strong>aestivandum</strong></span> <span class='ocrx_word' id='word_1_205' title='bbox 1317 2095 1577 2152; x_wconf 89' lang='lat' dir='ltr'><strong>idoneas.</strong></span> <span class='ocrx_word' id='word_1_206' title='bbox 1640 2098 1715 2150; x_wconf 79' lang='lat' dir='ltr'>Ex</span> <span class='ocrx_word' id='word_1_207' title='bbox 1780 2111 1848 2150; x_wconf 88' lang='lat' dir='ltr'>eo</span> <span class='ocrx_word' id='word_1_208' title='bbox 1909 2094 2066 2150; x_wconf 79' lang='lat' dir='ltr'><strong>fonte</strong></span> 
     </span>
    </p>
   </div>
   <div class='ocr_carea' id='block_1_30' title="bbox 415 2182 2066 2258">
    <p class='ocr_par' dir='ltr' id='par_1_30' title="bbox 415 2182 2066 2258">
     <span class='ocr_line' id='line_1_30' title="bbox 415 2182 2066 2258; baseline -0.002 -17"><span class='ocrx_word' id='word_1_209' title='bbox 415 2186 607 2242; x_wconf 89' lang='lat' dir='ltr'><strong>adhuc</strong></span> <span class='ocrx_word' id='word_1_210' title='bbox 662 2193 973 2258; x_wconf 89' lang='lat' dir='ltr'><strong>aquantur,</strong></span> <span class='ocrx_word' id='word_1_211' title='bbox 1025 2186 1126 2256; x_wconf 89' lang='lat' dir='ltr'>qui</span> <span class='ocrx_word' id='word_1_212' title='bbox 1175 2185 1244 2240; x_wconf 87' lang='lat' dir='ltr'>ad</span> <span class='ocrx_word' id='word_1_213' title='bbox 1313 2184 1660 2240; x_wconf 81' lang='lat' dir='ltr'><strong>Blachernas</strong></span> <span class='ocrx_word' id='word_1_214' title='bbox 1708 2188 1766 2240; x_wconf 91' lang='lat' dir='ltr'>et</span> <span class='ocrx_word' id='word_1_215' title='bbox 1823 2182 2066 2238; x_wconf 89' lang='lat' dir='ltr'><strong>interius</strong></span> 
     </span>
    </p>
   </div>
   <div class='ocr_carea' id='block_1_31' title="bbox 415 2273 2066 2342">
    <p class='ocr_par' dir='ltr' id='par_1_31' title="bbox 415 2273 2066 2342">
     <span class='ocr_line' id='line_1_31' title="bbox 415 2273 2066 2342; baseline -0.002 -11"><span class='ocrx_word' id='word_1_216' title='bbox 415 2276 589 2332; x_wconf 88' lang='lat' dir='ltr'><strong>etiam</strong></span> <span class='ocrx_word' id='word_1_217' title='bbox 643 2274 704 2330; x_wconf 88' lang='lat' dir='ltr'>in</span> <span class='ocrx_word' id='word_1_218' title='bbox 773 2274 913 2330; x_wconf 88' lang='lat' dir='ltr'><strong>urbe</strong></span> <span class='ocrx_word' id='word_1_219' title='bbox 971 2273 1256 2329; x_wconf 86' lang='lat' dir='ltr'><strong>habitant.</strong></span> <span class='ocrx_word' id='word_1_220' title='bbox 1315 2278 1461 2329; x_wconf 84' lang='lat' dir='ltr'><strong>Nam</strong></span> <span class='ocrx_word' id='word_1_221' title='bbox 1543 2274 1601 2328; x_wconf 91' lang='lat' dir='ltr'>id</span> <span class='ocrx_word' id='word_1_222' title='bbox 1661 2289 1806 2342; x_wconf 90' lang='lat' dir='ltr'><strong>cpus</strong></span> <span class='ocrx_word' id='word_1_223' title='bbox 1883 2275 2066 2328; x_wconf 88' lang='lat' dir='ltr'><strong>morte</strong></span> 
     </span>
    </p>
   </div>
   <div class='ocr_carea' id='block_1_32' title="bbox 421 2359 2066 2434">
    <p class='ocr_par' dir='ltr' id='par_1_32' title="bbox 421 2359 2066 2434">
     <span class='ocr_line' id='line_1_32' title="bbox 421 2359 2066 2434; baseline -0.002 -15"><span class='ocrx_word' id='word_1_224' title='bbox 421 2364 551 2434; x_wconf 83' lang='lat' dir='ltr'><strong>ejus</strong></span> <span class='ocrx_word' id='word_1_225' title='bbox 599 2363 991 2434; x_wconf 86' lang='lat' dir='ltr'><strong>interruptum</strong></span> <span class='ocrx_word' id='word_1_226' title='bbox 1053 2369 1164 2428; x_wconf 89' lang='lat' dir='ltr'><strong>est,</strong></span> <span class='ocrx_word' id='word_1_227' title='bbox 1215 2361 1528 2434; x_wconf 79' lang='lat' dir='ltr'><strong>quominus</strong></span> <span class='ocrx_word' id='word_1_228' title='bbox 1578 2377 1732 2432; x_wconf 86' lang='lat' dir='ltr'><strong>aqua</strong></span> <span class='ocrx_word' id='word_1_229' title='bbox 1776 2360 1833 2414; x_wconf 91' lang='lat' dir='ltr'>in</span> <span class='ocrx_word' id='word_1_230' title='bbox 1879 2359 2066 2415; x_wconf 89' lang='lat' dir='ltr'><strong>medio</strong></span> 
     </span>
    </p>
   </div>
   <div class='ocr_carea' id='block_1_33' title="bbox 423 2450 2066 2524">
    <p class='ocr_par' dir='ltr' id='par_1_33' title="bbox 423 2450 2066 2524">
     <span class='ocr_line' id='line_1_33' title="bbox 423 2450 2066 2524; baseline -0.001 -17"><span class='ocrx_word' id='word_1_231' title='bbox 423 2468 650 2524; x_wconf 90' lang='lat' dir='ltr'><strong>quoque</strong></span> <span class='ocrx_word' id='word_1_232' title='bbox 693 2453 815 2508; x_wconf 85' lang='lat' dir='ltr'><strong>foro</strong></span> <span class='ocrx_word' id='word_1_233' title='bbox 870 2452 1146 2508; x_wconf 81' lang='lat' dir='ltr'><strong>exsiliret.</strong></span> <span class='ocrx_word' id='word_1_234' title='bbox 1179 2450 1366 2506; x_wconf 86' lang='lat' dir='ltr'><strong>Secuti</strong></span> <span class='ocrx_word' id='word_1_235' title='bbox 1428 2456 1627 2505; x_wconf 86' lang='lat' dir='ltr'><strong>autem</strong></span> <span class='ocrx_word' id='word_1_236' title='bbox 1685 2452 2066 2519; x_wconf 78' lang='lat' dir='ltr'><strong>imperatores</strong></span> 
     </span>
    </p>
   </div>
   <div class='ocr_carea' id='block_1_34' title="bbox 417 2537 2064 2612">
    <p class='ocr_par' dir='ltr' id='par_1_34' title="bbox 417 2537 2064 2612">
     <span class='ocr_line' id='line_1_34' title="bbox 417 2537 2064 2612; baseline -0.001 -18"><span class='ocrx_word' id='word_1_237' title='bbox 417 2539 477 2594; x_wconf 89' lang='lat' dir='ltr'>in</span> <span class='ocrx_word' id='word_1_238' title='bbox 503 2541 656 2596; x_wconf 86' lang='lat' dir='ltr'><strong>hunc</strong></span> <span class='ocrx_word' id='word_1_239' title='bbox 680 2557 868 2612; x_wconf 90' lang='lat' dir='ltr'><strong>usque</strong></span> <span class='ocrx_word' id='word_1_240' title='bbox 887 2541 1038 2595; x_wconf 89' lang='lat' dir='ltr'><strong>diem</strong></span> <span class='ocrx_word' id='word_1_241' title='bbox 1061 2540 1116 2594; x_wconf 93' lang='lat' dir='ltr'>id</span> <span class='ocrx_word' id='word_1_242' title='bbox 1134 2555 1280 2610; x_wconf 89' lang='lat' dir='ltr'><strong>opus</strong></span> <span class='ocrx_word' id='word_1_243' title='bbox 1299 2537 1378 2594; x_wconf 91' lang='lat' dir='ltr'>ita</span> <span class='ocrx_word' id='word_1_244' title='bbox 1394 2545 1690 2602; x_wconf 90' lang='lat' dir='ltr'><strong>curarunt,</strong></span> <span class='ocrx_word' id='word_1_245' title='bbox 1712 2542 1772 2592; x_wconf 91' lang='lat' dir='ltr'>ut</span> <span class='ocrx_word' id='word_1_246' title='bbox 1789 2537 2064 2605; x_wconf 74' lang='lat' dir='ltr'><strong>Isaacius,</strong></span> 
     </span>
    </p>
   </div>
   <div class='ocr_carea' id='block_1_35' title="bbox 419 2627 2064 2702">
    <p class='ocr_par' dir='ltr' id='par_1_35' title="bbox 419 2627 2064 2702">
     <span class='ocr_line' id='line_1_35' title="bbox 419 2627 2064 2702; baseline -0.002 -16"><span class='ocrx_word' id='word_1_247' title='bbox 419 2631 519 2702; x_wconf 91' lang='lat' dir='ltr'>qui</span> <span class='ocrx_word' id='word_1_248' title='bbox 580 2631 909 2688; x_wconf 85' lang='lat' dir='ltr'><strong>Andtonico</strong></span> <span class='ocrx_word' id='word_1_249' title='bbox 957 2646 1074 2686; x_wconf 88' lang='lat' dir='ltr'>una</span> <span class='ocrx_word' id='word_1_250' title='bbox 1121 2646 1254 2685; x_wconf 89' lang='lat' dir='ltr'>cum</span> <span class='ocrx_word' id='word_1_251' title='bbox 1314 2630 1560 2700; x_wconf 78' lang='lat' dir='ltr'><strong>imperio</strong></span> <span class='ocrx_word' id='word_1_252' title='bbox 1613 2627 1784 2684; x_wconf 77' lang='lat' dir='ltr'><strong>vitam</strong></span> <span class='ocrx_word' id='word_1_253' title='bbox 1836 2627 2064 2699; x_wconf 78' lang='lat' dir='ltr'><strong>eripuit,</strong></span> 
     </span>
    </p>
   </div>
   <div class='ocr_carea' id='block_1_36' title="bbox 416 2715 2068 2785">
    <p class='ocr_par' dir='ltr' id='par_1_36' title="bbox 416 2715 2068 2785">
     <span class='ocr_line' id='line_1_36' title="bbox 416 2715 2068 2785; baseline -0.003 -8"><span class='ocrx_word' id='word_1_254' title='bbox 416 2725 474 2777; x_wconf 89' lang='lat' dir='ltr'>et</span> <span class='ocrx_word' id='word_1_255' title='bbox 503 2719 705 2776; x_wconf 88' lang='lat' dir='ltr'><strong>turrim</strong></span> <span class='ocrx_word' id='word_1_256' title='bbox 737 2730 787 2777; x_wconf 93' lang='lat' dir='ltr'>et</span> <span class='ocrx_word' id='word_1_257' title='bbox 820 2721 972 2776; x_wconf 69' lang='lat' dir='ltr'><strong>aedes</strong></span> <span class='ocrx_word' id='word_1_258' title='bbox 998 2717 1427 2775; x_wconf 84' lang='lat' dir='ltr'><strong>amoenissimas</strong></span> <span class='ocrx_word' id='word_1_259' title='bbox 1458 2717 1721 2785; x_wconf 89' lang='lat' dir='ltr'><strong>diruerit,</strong></span> <span class='ocrx_word' id='word_1_260' title='bbox 1754 2733 1824 2772; x_wconf 78' lang='lat' dir='ltr'><strong>ex</strong></span> <span class='ocrx_word' id='word_1_261' title='bbox 1853 2715 2068 2772; x_wconf 91' lang='lat' dir='ltr'><strong>invidia</strong></span> 
     </span>
    </p>
   </div>
   <div class='ocr_carea' id='block_1_37' title="bbox 416 2808 1638 2882">
    <p class='ocr_par' dir='ltr' id='par_1_37' title="bbox 416 2808 1638 2882">
     <span class='ocr_line' id='line_1_37' title="bbox 416 2808 1638 2882; baseline -0.003 -14"><span class='ocrx_word' id='word_1_262' title='bbox 416 2811 694 2868; x_wconf 86' lang='lat' dir='ltr'><strong>nimirum</strong></span> <span class='ocrx_word' id='word_1_263' title='bbox 732 2810 1107 2882; x_wconf 87' lang='lat' dir='ltr'><strong>pulcherrimi</strong></span> <span class='ocrx_word' id='word_1_264' title='bbox 1137 2808 1310 2864; x_wconf 86' lang='lat' dir='ltr'><strong>istius</strong></span> <span class='ocrx_word' id='word_1_265' title='bbox 1344 2809 1638 2865; x_wconf 82' lang='lat' dir='ltr'><strong>facinoris.</strong></span> 
     </span>
    </p>
   </div>
   <div class='ocr_carea' id='block_1_38' title="bbox 2239 1465 3838 1546">
    <p class='ocr_par' dir='ltr' id='par_1_38' title="bbox 2239 1465 3838 1546">
     <span class='ocr_line' id='line_1_38' title="bbox 2239 1465 3838 1546; baseline 0.005 -24"><span class='ocrx_word' id='word_1_266' title='bbox 2239 1465 2411 1530; x_wconf 78' lang='grc' dir='ltr'>Οὗτος</span> <span class='ocrx_word' id='word_1_267' title='bbox 2442 1465 2735 1524; x_wconf 76' lang='grc' dir='ltr'>ἀνεκαίνισε</span> <span class='ocrx_word' id='word_1_268' title='bbox 2785 1466 3062 1546; x_wconf 72' lang='grc' dir='ltr'>μεγίσταις</span> <span class='ocrx_word' id='word_1_269' title='bbox 3113 1465 3376 1535; x_wconf 86' lang='grc' dir='ltr'>δαπάναις</span> <span class='ocrx_word' id='word_1_270' title='bbox 3425 1470 3516 1526; x_wconf 83' lang='grc' dir='ltr'>καὶ</span> <span class='ocrx_word' id='word_1_271' title='bbox 3573 1471 3664 1527; x_wconf 79' lang='grc' dir='ltr'>τὸν</span> <span class='ocrx_word' id='word_1_272' title='bbox 3725 1492 3838 1529; x_wconf 83' lang='grc' dir='ltr'>πα-</span> 
     </span>
    </p>
   </div>
   <div class='ocr_carea' id='block_1_39' title="bbox 2168 1553 3836 1637">
    <p class='ocr_par' dir='ltr' id='par_1_39' title="bbox 2168 1553 3836 1637">
     <span class='ocr_line' id='line_1_39' title="bbox 2168 1553 3836 1637; baseline 0.004 -25"><span class='ocrx_word' id='word_1_273' title='bbox 2168 1553 2325 1613; x_wconf 77' lang='grc' dir='ltr'>λαιόν</span> <span class='ocrx_word' id='word_1_274' title='bbox 2359 1557 2613 1634; x_wconf 78' lang='grc' dir='ltr'>ὑπόγειον</span> <span class='ocrx_word' id='word_1_275' title='bbox 2645 1557 2880 1634; x_wconf 82' lang='grc' dir='ltr'>ἀγωγὸν,</span> <span class='ocrx_word' id='word_1_276' title='bbox 2924 1558 2985 1622; x_wconf 81' lang='grc' dir='ltr'>ὃς</span> <span class='ocrx_word' id='word_1_277' title='bbox 3043 1559 3166 1633; x_wconf 81' lang='grc' dir='ltr'>περὶ</span> <span class='ocrx_word' id='word_1_278' title='bbox 3226 1559 3395 1634; x_wconf 85' lang='grc' dir='ltr'>μέσην</span> <span class='ocrx_word' id='word_1_279' title='bbox 3454 1557 3646 1634; x_wconf 78' lang='grc' dir='ltr'>ἔξεισιν</span> <span class='ocrx_word' id='word_1_280' title='bbox 3703 1563 3836 1637; x_wconf 84' lang='grc' dir='ltr'>ἆγο-</span> 
     </span>
    </p>
   </div>
   <div class='ocr_carea' id='block_1_40' title="bbox 2172 1645 3831 1723">
    <p class='ocr_par' dir='ltr' id='par_1_40' title="bbox 2172 1645 3831 1723">
     <span class='ocr_line' id='line_1_40' title="bbox 2172 1645 3831 1723; baseline 0.006 -24"><span class='ocrx_word' id='word_1_281' title='bbox 2172 1646 2264 1720; x_wconf 72' lang='grc' dir='ltr'>ρέιν</span> <span class='ocrx_word' id='word_1_282' title='bbox 2298 1645 2520 1716; x_wconf 82' lang='grc' dir='ltr'>ὑετίζων</span> <span class='ocrx_word' id='word_1_283' title='bbox 2553 1649 2791 1712; x_wconf 83' lang='grc' dir='ltr'>κάτωθεν</span> <span class='ocrx_word' id='word_1_284' title='bbox 2826 1645 2972 1723; x_wconf 71' lang='grc' dir='ltr'>ὕδωρ</span> <span class='ocrx_word' id='word_1_285' title='bbox 3026 1647 3132 1723; x_wconf 88' lang='grc' dir='ltr'>ούχ</span> <span class='ocrx_word' id='word_1_286' title='bbox 3187 1647 3356 1712; x_wconf 73' lang='grc' dir='ltr'>ἑστὼς</span> <span class='ocrx_word' id='word_1_287' title='bbox 3411 1650 3505 1706; x_wconf 81' lang='grc' dir='ltr'>καὶ</span> <span class='ocrx_word' id='word_1_288' title='bbox 3569 1650 3831 1723; x_wconf 76' lang='grc' dir='ltr'>νοσῶδες,</span> 
     </span>
    </p>
   </div>
   <div class='ocr_carea' id='block_1_41' title="bbox 2169 1733 3832 1814">
    <p class='ocr_par' dir='ltr' id='par_1_41' title="bbox 2169 1733 3832 1814">
     <span class='ocr_line' id='line_1_41' title="bbox 2169 1733 3832 1814; baseline 0.005 -25"><span class='ocrx_word' id='word_1_289' title='bbox 2169 1733 2316 1790; x_wconf 86' lang='grc' dir='ltr'>ἀλλά</span> <span class='ocrx_word' id='word_1_290' title='bbox 2373 1742 2681 1812; x_wconf 84' lang='grc' dir='ltr'>πηγιμαῖον</span> <span class='ocrx_word' id='word_1_291' title='bbox 2741 1736 2830 1792; x_wconf 76' lang='grc' dir='ltr'>καὶ</span> <span class='ocrx_word' id='word_1_292' title='bbox 2887 1737 3123 1812; x_wconf 87' lang='grc' dir='ltr'>πότιμον</span> <span class='ocrx_word' id='word_1_293' title='bbox 3167 1738 3244 1801; x_wconf 88' lang='grc' dir='ltr'>ὡς</span> <span class='ocrx_word' id='word_1_294' title='bbox 3295 1737 3677 1814; x_wconf 84' lang='grc' dir='ltr'>πλανώμενον·</span> <span class='ocrx_word' id='word_1_295' title='bbox 3735 1742 3832 1798; x_wconf 83' lang='grc' dir='ltr'>τὸν</span> 
     </span>
    </p>
   </div>
   <div class='ocr_carea' id='block_1_42' title="bbox 2172 1823 3836 1905">
    <p class='ocr_par' dir='ltr' id='par_1_42' title="bbox 2172 1823 3836 1905">
     <span class='ocr_line' id='line_1_42' title="bbox 2172 1823 3836 1905; baseline 0.005 -27"><span class='ocrx_word' id='word_1_296' title='bbox 2172 1823 2277 1899; x_wconf 80' lang='grc' dir='ltr'>γάρ</span> <span class='ocrx_word' id='word_1_297' title='bbox 2307 1824 2554 1898; x_wconf 86' lang='grc' dir='ltr'>ποταμὸν</span> <span class='ocrx_word' id='word_1_298' title='bbox 2585 1823 2856 1901; x_wconf 78' lang='grc' dir='ltr'>Ὑδράλην</span> <span class='ocrx_word' id='word_1_299' title='bbox 2890 1825 3226 1902; x_wconf 78' lang='grc' dir='ltr'>ἐπωχέτευσε</span> <span class='ocrx_word' id='word_1_300' title='bbox 3283 1829 3364 1901; x_wconf 80' lang='grc' dir='ltr'>τῷ</span> <span class='ocrx_word' id='word_1_301' title='bbox 3392 1827 3604 1886; x_wconf 75' lang='grc' dir='ltr'>αὓλῶνι</span> <span class='ocrx_word' id='word_1_302' title='bbox 3651 1831 3836 1905; x_wconf 81' lang='grc' dir='ltr'>τούτῳ</span> 
     </span>
    </p>
   </div>
   <div class='ocr_carea' id='block_1_43' title="bbox 2175 1910 3833 1996">
    <p class='ocr_par' dir='ltr' id='par_1_43' title="bbox 2175 1910 3833 1996">
     <span class='ocr_line' id='line_1_43' title="bbox 2175 1910 3833 1996; baseline 0.005 -28"><span class='ocrx_word' id='word_1_303' title='bbox 2175 1917 2270 1969; x_wconf 73' lang='grc' dir='ltr'>τοῦ</span> <span class='ocrx_word' id='word_1_304' title='bbox 2325 1910 2544 1983; x_wconf 75' lang='grc' dir='ltr'>ὕδατος,</span> <span class='ocrx_word' id='word_1_305' title='bbox 2603 1915 2693 1970; x_wconf 83' lang='grc' dir='ltr'>καὶ</span> <span class='ocrx_word' id='word_1_306' title='bbox 2752 1917 2873 1991; x_wconf 86' lang='grc' dir='ltr'>περὶ</span> <span class='ocrx_word' id='word_1_307' title='bbox 2934 1916 3028 1978; x_wconf 79' lang='grc' dir='ltr'>τὰς</span> <span class='ocrx_word' id='word_1_308' title='bbox 3085 1918 3306 1992; x_wconf 82' lang='grc' dir='ltr'>πρώτας</span> <span class='ocrx_word' id='word_1_309' title='bbox 3389 1918 3586 1976; x_wconf 85' lang='grc' dir='ltr'>τούτου</span> <span class='ocrx_word' id='word_1_310' title='bbox 3645 1922 3833 1996; x_wconf 79' lang='grc' dir='ltr'>πηγάς</span> 
     </span>
    </p>
   </div>
   <div class='ocr_carea' id='block_1_44' title="bbox 2173 2000 3835 2087">
    <p class='ocr_par' dir='ltr' id='par_1_44' title="bbox 2173 2000 3835 2087">
     <span class='ocr_line' id='line_1_44' title="bbox 2173 2000 3835 2087; baseline 0.005 -29"><span class='ocrx_word' id='word_1_311' title='bbox 2173 2000 2378 2079; x_wconf 87' lang='grc' dir='ltr'>πύργον</span> <span class='ocrx_word' id='word_1_312' title='bbox 2435 2019 2494 2059; x_wconf 79' lang='grc' dir='ltr'>τε</span> <span class='ocrx_word' id='word_1_313' title='bbox 2552 2001 2940 2078; x_wconf 81' lang='grc' dir='ltr'>ἀνῳκοδόμησε</span> <span class='ocrx_word' id='word_1_314' title='bbox 2985 2007 3071 2062; x_wconf 80' lang='grc' dir='ltr'>καὶ</span> <span class='ocrx_word' id='word_1_315' title='bbox 3134 2007 3415 2082; x_wconf 82' lang='grc' dir='ltr'>οἰκήματα</span> <span class='ocrx_word' id='word_1_316' title='bbox 3443 2008 3638 2086; x_wconf 67' lang='grc' dir='ltr'>ἤγειρε</span> <span class='ocrx_word' id='word_1_317' title='bbox 3687 2011 3835 2087; x_wconf 84' lang='grc' dir='ltr'>πρὸς</span> 
     </span>
    </p>
   </div>
   <div class='ocr_carea' id='block_1_45' title="bbox 2176 2089 3836 2168">
    <p class='ocr_par' dir='ltr' id='par_1_45' title="bbox 2176 2089 3836 2168">
     <span class='ocr_line' id='line_1_45' title="bbox 2176 2089 3836 2168; baseline 0.006 -22"><span class='ocrx_word' id='word_1_318' title='bbox 2176 2093 2393 2168; x_wconf 63' lang='grc' dir='ltr'>θερινὴν</span> <span class='ocrx_word' id='word_1_319' title='bbox 2472 2089 2742 2164; x_wconf 84' lang='grc' dir='ltr'>διαίτησιν</span> <span class='ocrx_word' id='word_1_320' title='bbox 2809 2093 3114 2166; x_wconf 70' lang='grc' dir='ltr'>ἐπιτήδεια.</span> <span class='ocrx_word' id='word_1_321' title='bbox 3174 2099 3281 2154; x_wconf 83' lang='grc' dir='ltr'>Καὶ</span> <span class='ocrx_word' id='word_1_322' title='bbox 3356 2103 3446 2154; x_wconf 81' lang='grc' dir='ltr'>νῦν</span> <span class='ocrx_word' id='word_1_323' title='bbox 3511 2099 3570 2154; x_wconf 81' lang='grc' dir='ltr'>ἐκ</span> <span class='ocrx_word' id='word_1_324' title='bbox 3627 2101 3836 2156; x_wconf 87' lang='grc' dir='ltr'>τούτου</span> 
     </span>
    </p>
   </div>
   <div class='ocr_carea' id='block_1_46' title="bbox 2177 2178 3835 2262">
    <p class='ocr_par' dir='ltr' id='par_1_46' title="bbox 2177 2178 3835 2262">
     <span class='ocr_line' id='line_1_46' title="bbox 2177 2178 3835 2262; baseline 0.005 -27"><span class='ocrx_word' id='word_1_325' title='bbox 2177 2178 2487 2256; x_wconf 72' lang='grc' dir='ltr'>ὑδρεύονται</span> <span class='ocrx_word' id='word_1_326' title='bbox 2520 2182 2711 2239; x_wconf 81' lang='grc' dir='ltr'>ὀπόσοι</span> <span class='ocrx_word' id='word_1_327' title='bbox 2743 2185 2864 2258; x_wconf 86' lang='grc' dir='ltr'>περὶ</span> <span class='ocrx_word' id='word_1_328' title='bbox 2923 2185 3018 2248; x_wconf 69' lang='grc' dir='ltr'>τὰς</span> <span class='ocrx_word' id='word_1_329' title='bbox 3073 2185 3386 2262; x_wconf 78' lang='grc' dir='ltr'>Βλαχέρνας</span> <span class='ocrx_word' id='word_1_330' title='bbox 3429 2187 3516 2242; x_wconf 78' lang='grc' dir='ltr'>καὶ</span> <span class='ocrx_word' id='word_1_331' title='bbox 3574 2186 3652 2244; x_wconf 76' lang='grc' dir='ltr'>ἔτι</span> <span class='ocrx_word' id='word_1_332' title='bbox 3739 2187 3835 2244; x_wconf 71' lang='grc' dir='ltr'>ἔνο</span> 
     </span>
    </p>
   </div>
   <div class='ocr_carea' id='block_1_47' title="bbox 2176 2266 3849 2352">
    <p class='ocr_par' dir='ltr' id='par_1_47' title="bbox 2176 2266 3849 2352">
     <span class='ocr_line' id='line_1_47' title="bbox 2176 2266 3849 2352; baseline 0.005 -28"><span class='ocrx_word' id='word_1_333' title='bbox 2176 2266 2383 2345; x_wconf 79' lang='grc' dir='ltr'>δοτέρω</span> <span class='ocrx_word' id='word_1_334' title='bbox 2411 2278 2512 2340; x_wconf 74' lang='grc' dir='ltr'>τῆς</span> <span class='ocrx_word' id='word_1_335' title='bbox 2547 2271 2762 2336; x_wconf 87' lang='grc' dir='ltr'>πόλεως</span> <span class='ocrx_word' id='word_1_336' title='bbox 2818 2275 2918 2344; x_wconf 74' lang='grc' dir='ltr'>τήν</span> <span class='ocrx_word' id='word_1_337' title='bbox 2979 2271 3194 2346; x_wconf 79' lang='grc' dir='ltr'>οἷ’κησιν</span> <span class='ocrx_word' id='word_1_338' title='bbox 3255 2270 3476 2351; x_wconf 78' lang='grc' dir='ltr'>ἔλαχον.</span> <span class='ocrx_word' id='word_1_339' title='bbox 3526 2275 3665 2334; x_wconf 76' lang='grc' dir='ltr'>Ούδὶ</span> <span class='ocrx_word' id='word_1_340' title='bbox 3723 2278 3849 2352; x_wconf 77' lang='grc' dir='ltr'>γὰρ</span> 
     </span>
    </p>
   </div>
   <div class='ocr_carea' id='block_1_48' title="bbox 2177 2357 3843 2439">
    <p class='ocr_par' dir='ltr' id='par_1_48' title="bbox 2177 2357 3843 2439">
     <span class='ocr_line' id='line_1_48' title="bbox 2177 2357 3843 2439; baseline 0.005 -26"><span class='ocrx_word' id='word_1_341' title='bbox 2177 2358 2314 2414; x_wconf 79' lang='grc' dir='ltr'>ἅπαν</span> <span class='ocrx_word' id='word_1_342' title='bbox 2340 2359 2402 2414; x_wconf 87' lang='grc' dir='ltr'>τὸ</span> <span class='ocrx_word' id='word_1_343' title='bbox 2436 2357 2724 2436; x_wconf 81' lang='grc' dir='ltr'>ὑδροχεῖον</span> <span class='ocrx_word' id='word_1_344' title='bbox 2769 2360 3148 2435; x_wconf 70' lang='grc' dir='ltr'>έπεοκεύαστο,</span> <span class='ocrx_word' id='word_1_345' title='bbox 3194 2364 3284 2419; x_wconf 83' lang='grc' dir='ltr'>’ἱνα</span> <span class='ocrx_word' id='word_1_346' title='bbox 3338 2365 3427 2419; x_wconf 81' lang='grc' dir='ltr'>καὶ</span> <span class='ocrx_word' id='word_1_347' title='bbox 3480 2366 3618 2420; x_wconf 86' lang='grc' dir='ltr'>κατά</span> <span class='ocrx_word' id='word_1_348' title='bbox 3659 2367 3843 2439; x_wconf 75' lang='grc' dir='ltr'>μέσην</span> 
     </span>
    </p>
   </div>
   <div class='ocr_carea' id='block_1_49' title="bbox 2173 2447 3844 2527">
    <p class='ocr_par' dir='ltr' id='par_1_49' title="bbox 2173 2447 3844 2527">
     <span class='ocr_line' id='line_1_49' title="bbox 2173 2447 3844 2527; baseline 0.004 -24"><span class='ocrx_word' id='word_1_349' title='bbox 2173 2449 2273 2518; x_wconf 82' lang='grc' dir='ltr'>τήν</span> <span class='ocrx_word' id='word_1_350' title='bbox 2303 2447 2504 2524; x_wconf 75' lang='grc' dir='ltr'>ἀγορὰν</span> <span class='ocrx_word' id='word_1_351' title='bbox 2567 2447 2823 2506; x_wconf 84' lang='grc' dir='ltr'>ἐκδίδωσι</span> <span class='ocrx_word' id='word_1_352' title='bbox 2888 2451 2951 2506; x_wconf 87' lang='grc' dir='ltr'>τὸ</span> <span class='ocrx_word' id='word_1_353' title='bbox 3009 2449 3154 2527; x_wconf 72' lang='grc' dir='ltr'>ὕδωρ</span> <span class='ocrx_word' id='word_1_354' title='bbox 3217 2450 3733 2526; x_wconf 81' lang='grc' dir='ltr'>διαυλωνιζόμενον’</span> <span class='ocrx_word' id='word_1_355' title='bbox 3807 2455 3844 2511; x_wconf 78' lang='grc' dir='ltr'><strong>ὁ</strong></span> 
     </span>
    </p>
   </div>
   <div class='ocr_carea' id='block_1_50' title="bbox 2176 2537 3838 2619">
    <p class='ocr_par' dir='ltr' id='par_1_50' title="bbox 2176 2537 3838 2619">
     <span class='ocr_line' id='line_1_50' title="bbox 2176 2537 3838 2619; baseline 0.008 -28"><span class='ocrx_word' id='word_1_356' title='bbox 2176 2539 2278 2614; x_wconf 85' lang='grc' dir='ltr'>γάρ</span> <span class='ocrx_word' id='word_1_357' title='bbox 2314 2537 2470 2616; x_wconf 80' lang='grc' dir='ltr'>μίτος</span> <span class='ocrx_word' id='word_1_358' title='bbox 2498 2537 2700 2596; x_wconf 80' lang='grc' dir='ltr'>ἐκεῖνον</span> <span class='ocrx_word' id='word_1_359' title='bbox 2757 2539 3078 2598; x_wconf 74' lang='grc' dir='ltr'>ἐπιλέλοιπε</span> <span class='ocrx_word' id='word_1_360' title='bbox 3143 2549 3240 2612; x_wconf 76' lang='grc' dir='ltr'>τῆς</span> <span class='ocrx_word' id='word_1_361' title='bbox 3302 2548 3466 2612; x_wconf 72' lang='grc' dir='ltr'>ζωῆς.</span> <span class='ocrx_word' id='word_1_362' title='bbox 3537 2546 3622 2617; x_wconf 73' lang='grc' dir='ltr'>[Ρ.</span> <span class='ocrx_word' id='word_1_363' title='bbox 3683 2547 3838 2619; x_wconf 71' lang='grc'>212].</span> 
     </span>
    </p>
   </div>
   <div class='ocr_carea' id='block_1_51' title="bbox 2176 2625 3840 2708">
    <p class='ocr_par' dir='ltr' id='par_1_51' title="bbox 2176 2625 3840 2708">
     <span class='ocr_line' id='line_1_51' title="bbox 2176 2625 3840 2708; baseline 0.003 -24"><span class='ocrx_word' id='word_1_364' title='bbox 2176 2629 2449 2684; x_wconf 78' lang='grc' dir='ltr'>Τοσοῦτον</span> <span class='ocrx_word' id='word_1_365' title='bbox 2519 2625 2566 2684; x_wconf 84' lang='grc' dir='ltr'>δ’</span> <span class='ocrx_word' id='word_1_366' title='bbox 2631 2628 2872 2703; x_wconf 76' lang='grc' dir='ltr'>ἐμέλησε</span> <span class='ocrx_word' id='word_1_367' title='bbox 2925 2637 3040 2694; x_wconf 80' lang='grc' dir='ltr'>τοῖς</span> <span class='ocrx_word' id='word_1_368' title='bbox 3121 2633 3238 2706; x_wconf 82' lang='grc' dir='ltr'>μετ’</span> <span class='ocrx_word' id='word_1_369' title='bbox 3323 2633 3524 2688; x_wconf 79' lang='grc' dir='ltr'>ἐκεῖνον</span> <span class='ocrx_word' id='word_1_370' title='bbox 3589 2631 3840 2708; x_wconf 74' lang='grc' dir='ltr'>ἄρξασιν,</span> 
     </span>
    </p>
   </div>
   <div class='ocr_carea' id='block_1_52' title="bbox 2177 2714 3841 2796">
    <p class='ocr_par' dir='ltr' id='par_1_52' title="bbox 2177 2714 3841 2796">
     <span class='ocr_line' id='line_1_52' title="bbox 2177 2714 3841 2796; baseline 0.005 -26"><span class='ocrx_word' id='word_1_371' title='bbox 2177 2715 2295 2771; x_wconf 77' lang='grc' dir='ltr'>ὅσοι</span> <span class='ocrx_word' id='word_1_372' title='bbox 2325 2714 2460 2778; x_wconf 77' lang='grc' dir='ltr'>τέως</span> <span class='ocrx_word' id='word_1_373' title='bbox 2519 2717 2570 2779; x_wconf 79' lang='grc' dir='ltr'>ἐς</span> <span class='ocrx_word' id='word_1_374' title='bbox 2631 2715 2790 2794; x_wconf 76' lang='grc' dir='ltr'>δεῦρο</span> <span class='ocrx_word' id='word_1_375' title='bbox 2849 2718 3162 2790; x_wconf 78' lang='grc' dir='ltr'>άνάσσουσι,</span> <span class='ocrx_word' id='word_1_376' title='bbox 3216 2721 3384 2796; x_wconf 83' lang='grc' dir='ltr'>πέρας</span> <span class='ocrx_word' id='word_1_377' title='bbox 3435 2722 3692 2778; x_wconf 84' lang='grc' dir='ltr'>ἐπιθεῖναι</span> <span class='ocrx_word' id='word_1_378' title='bbox 3748 2719 3841 2796; x_wconf 72' lang='grc' dir='ltr'>τῷ</span> 
     </span>
    </p>
   </div>
   <div class='ocr_carea' id='block_1_53' title="bbox 2175 2805 3834 2886">
    <p class='ocr_par' dir='ltr' id='par_1_53' title="bbox 2175 2805 3834 2886">
     <span class='ocr_line' id='line_1_53' title="bbox 2175 2805 3834 2886; baseline 0.007 -27"><span class='ocrx_word' id='word_1_379' title='bbox 2175 2811 2505 2880; x_wconf 70' lang='grc' dir='ltr'>κοινωφελεῖ</span> <span class='ocrx_word' id='word_1_380' title='bbox 2531 2807 2710 2880; x_wconf 84' lang='grc' dir='ltr'>τούτῳ</span> <span class='ocrx_word' id='word_1_381' title='bbox 2743 2805 2908 2883; x_wconf 78' lang='grc' dir='ltr'>ἔργῳ,</span> <span class='ocrx_word' id='word_1_382' title='bbox 2940 2807 3078 2865; x_wconf 79' lang='grc' dir='ltr'>ὥστε</span> <span class='ocrx_word' id='word_1_383' title='bbox 3106 2810 3196 2865; x_wconf 80' lang='grc' dir='ltr'>καὶ</span> <span class='ocrx_word' id='word_1_384' title='bbox 3247 2811 3274 2865; x_wconf 86' lang='grc' dir='ltr'>ὁ</span> <span class='ocrx_word' id='word_1_385' title='bbox 3330 2815 3524 2867; x_wconf 76' lang='grc' dir='ltr'>τοῦτον</span> <span class='ocrx_word' id='word_1_386' title='bbox 3558 2814 3834 2886; x_wconf 77' lang='grc' dir='ltr'>μεταστή-</span> 
     </span>
    </p>
   </div>
   <div class='ocr_carea' id='block_1_54' title="bbox 427 2895 3835 2977">
    <p class='ocr_par' dir='ltr' id='par_1_54' title="bbox 427 2895 3835 2977">
     <span class='ocr_line' id='line_1_54' title="bbox 427 2895 3835 2977; baseline 0.003 -29"><span class='ocrx_word' id='word_1_387' title='bbox 427 2921 524 2962; x_wconf 80' lang='grc' dir='ltr'>σας</span> <span class='ocrx_word' id='word_1_388' title='bbox 551 2905 652 2968; x_wconf 77' lang='grc' dir='ltr'>τῆς</span> <span class='ocrx_word' id='word_1_389' title='bbox 675 2901 858 2977; x_wconf 81' lang='grc' dir='ltr'>ἀρχῆς</span> <span class='ocrx_word' id='word_1_390' title='bbox 887 2897 1002 2972; x_wconf 84' lang='grc' dir='ltr'>ἅμα</span> <span class='ocrx_word' id='word_1_391' title='bbox 1030 2897 1119 2953; x_wconf 77' lang='grc' dir='ltr'>καὶ</span> <span class='ocrx_word' id='word_1_392' title='bbox 1150 2903 1252 2966; x_wconf 80' lang='grc' dir='ltr'>τῆς</span> <span class='ocrx_word' id='word_1_393' title='bbox 1286 2901 1433 2966; x_wconf 74' lang='grc' dir='ltr'>ζωῆς</span> <span class='ocrx_word' id='word_1_394' title='bbox 1453 2895 1724 2958; x_wconf 85' lang='grc' dir='ltr'>’ίσαάκιος</span> <span class='ocrx_word' id='word_1_395' title='bbox 1753 2896 1846 2952; x_wconf 90' lang='grc' dir='ltr'>τόν</span> <span class='ocrx_word' id='word_1_396' title='bbox 1874 2915 1932 2952; x_wconf 90' lang='grc' dir='ltr'>τε</span> <span class='ocrx_word' id='word_1_397' title='bbox 1961 2895 2168 2970; x_wconf 83' lang='grc' dir='ltr'>πύργον</span> <span class='ocrx_word' id='word_1_398' title='bbox 2196 2897 2492 2970; x_wconf 57' lang='grc' dir='ltr'>κατήρειψε</span> <span class='ocrx_word' id='word_1_399' title='bbox 2520 2896 2636 2970; x_wconf 37' lang='grc' dir='ltr'>ακαὶ</span> <span class='ocrx_word' id='word_1_400' title='bbox 2691 2897 2787 2960; x_wconf 72' lang='grc' dir='ltr'>τὰς</span> <span class='ocrx_word' id='word_1_401' title='bbox 2848 2898 3204 2974; x_wconf 73' lang='grc' dir='ltr'>χαριεστάτοις</span> <span class='ocrx_word' id='word_1_402' title='bbox 3264 2899 3508 2972; x_wconf 69' lang='grc' dir='ltr'>οῗκτςσεις</span> <span class='ocrx_word' id='word_1_403' title='bbox 3538 2897 3835 2976; x_wconf 71' lang='grc' dir='ltr'>κατέϐαλε,</span> 
     </span>
    </p>
   </div>
   <div class='ocr_carea' id='block_1_55' title="bbox 425 2983 2248 3066">
    <p class='ocr_par' dir='ltr' id='par_1_55' title="bbox 425 2983 2248 3066">
     <span class='ocr_line' id='line_1_55' title="bbox 425 2983 2248 3066; baseline -0.003 -22"><span class='ocrx_word' id='word_1_404' title='bbox 425 2992 637 3066; x_wconf 62' lang='grc' dir='ltr'>φθονῶν</span> <span class='ocrx_word' id='word_1_405' title='bbox 670 2985 855 3062; x_wconf 84' lang='grc' dir='ltr'>ὥσπερ</span> <span class='ocrx_word' id='word_1_406' title='bbox 885 2984 1220 3062; x_wconf 73' lang='grc' dir='ltr'>Ἀνδρονίκῳ</span> <span class='ocrx_word' id='word_1_407' title='bbox 1256 2992 1359 3055; x_wconf 80' lang='grc' dir='ltr'>τῆς</span> <span class='ocrx_word' id='word_1_408' title='bbox 1389 2983 1693 3056; x_wconf 76' lang='grc' dir='ltr'>καλλίστης</span> <span class='ocrx_word' id='word_1_409' title='bbox 1722 2985 1946 3053; x_wconf 86' lang='grc' dir='ltr'>ταυτησί</span> <span class='ocrx_word' id='word_1_410' title='bbox 1981 2983 2248 3060; x_wconf 78' lang='grc' dir='ltr'>πράξεως·</span> 
     </span>
    </p>
   </div>
   <div class='ocr_carea' id='block_1_56' title="bbox 484 3076 2143 3149">
    <p class='ocr_par' dir='ltr' id='par_1_56' title="bbox 484 3076 2143 3149">
     <span class='ocr_line' id='line_1_56' title="bbox 484 3076 2143 3149; baseline -0.001 -15"><span class='ocrx_word' id='word_1_411' title='bbox 484 3081 639 3136; x_wconf 68' lang='lat'><strong>429</strong></span> <span class='ocrx_word' id='word_1_412' title='bbox 725 3080 791 3136; x_wconf 90' lang='lat' dir='ltr'>In</span> <span class='ocrx_word' id='word_1_413' title='bbox 869 3079 1146 3148; x_wconf 70' lang='lat' dir='ltr'><strong>praetoriis</strong></span> <span class='ocrx_word' id='word_1_414' title='bbox 1213 3077 1653 3149; x_wconf 81' lang='lat' dir='ltr'><strong>magistratibus</strong></span> <span class='ocrx_word' id='word_1_415' title='bbox 1728 3076 2143 3142; x_wconf 80' lang='lat' dir='ltr'><strong>reﬁciendisC</strong></span> 
     </span>
    </p>
   </div>
   <div class='ocr_carea' id='block_1_57' title="bbox 409 3164 2066 3238">
    <p class='ocr_par' dir='ltr' id='par_1_57' title="bbox 409 3164 2066 3238">
     <span class='ocr_line' id='line_1_57' title="bbox 409 3164 2066 3238; baseline -0.002 -16"><span class='ocrx_word' id='word_1_416' title='bbox 409 3167 563 3222; x_wconf 86' lang='lat' dir='ltr'><strong>viros</strong></span> <span class='ocrx_word' id='word_1_417' title='bbox 585 3172 922 3238; x_wconf 68' lang='lat' dir='ltr'><strong>praestantes</strong></span> <span class='ocrx_word' id='word_1_418' title='bbox 942 3175 992 3222; x_wconf 91' lang='lat' dir='ltr'>et</span> <span class='ocrx_word' id='word_1_419' title='bbox 1009 3165 1286 3222; x_wconf 86' lang='lat' dir='ltr'><strong>senatorii</strong></span> <span class='ocrx_word' id='word_1_420' title='bbox 1305 3165 1528 3220; x_wconf 84' lang='lat' dir='ltr'><strong>ordinis</strong></span> <span class='ocrx_word' id='word_1_421' title='bbox 1551 3165 1805 3237; x_wconf 90' lang='lat' dir='ltr'><strong>optimos</strong></span> <span class='ocrx_word' id='word_1_422' title='bbox 1830 3164 2066 3236; x_wconf 79' lang='lat' dir='ltr'><strong>delegit,</strong></span> 
     </span>
    </p>
   </div>
   <div class='ocr_carea' id='block_1_58' title="bbox 411 3252 2068 3327">
    <p class='ocr_par' dir='ltr' id='par_1_58' title="bbox 411 3252 2068 3327">
     <span class='ocr_line' id='line_1_58' title="bbox 411 3252 2068 3327; baseline -0.002 -16"><span class='ocrx_word' id='word_1_423' title='bbox 411 3259 469 3312; x_wconf 90' lang='lat' dir='ltr'>et</span> <span class='ocrx_word' id='word_1_424' title='bbox 525 3255 901 3327; x_wconf 82' lang='lat' dir='ltr'><strong>amplissimis</strong></span> <span class='ocrx_word' id='word_1_425' title='bbox 973 3254 1316 3311; x_wconf 83' lang='lat' dir='ltr'><strong>muneribus</strong></span> <span class='ocrx_word' id='word_1_426' title='bbox 1370 3254 1620 3310; x_wconf 86' lang='lat' dir='ltr'><strong>donatos</strong></span> <span class='ocrx_word' id='word_1_427' title='bbox 1653 3252 1959 3325; x_wconf 82' lang='lat' dir='ltr'><strong>ablegavit,</strong></span> <span class='ocrx_word' id='word_1_428' title='bbox 2009 3259 2068 3308; x_wconf 89' lang='lat' dir='ltr'>ut</span> 
     </span>
    </p>
   </div>
   <div class='ocr_carea' id='block_1_59' title="bbox 418 3339 2066 3416">
    <p class='ocr_par' dir='ltr' id='par_1_59' title="bbox 418 3339 2066 3416">
     <span class='ocr_line' id='line_1_59' title="bbox 418 3339 2066 3416; baseline -0.002 -16"><span class='ocrx_word' id='word_1_429' title='bbox 418 3343 715 3400; x_wconf 78' lang='lat' dir='ltr'><strong>beneflciis</strong></span> <span class='ocrx_word' id='word_1_430' title='bbox 766 3343 944 3400; x_wconf 87' lang='lat' dir='ltr'><strong>tantis</strong></span> <span class='ocrx_word' id='word_1_431' title='bbox 989 3343 1172 3400; x_wconf 87' lang='lat' dir='ltr'><strong>ornati</strong></span> <span class='ocrx_word' id='word_1_432' title='bbox 1207 3342 1402 3399; x_wconf 89' lang='lat' dir='ltr'><strong>minus</strong></span> <span class='ocrx_word' id='word_1_433' title='bbox 1452 3358 1654 3416; x_wconf 82' lang='lat' dir='ltr'><strong>graves</strong></span> <span class='ocrx_word' id='word_1_434' title='bbox 1682 3347 1878 3398; x_wconf 88' lang='lat' dir='ltr'><strong>essent</strong></span> <span class='ocrx_word' id='word_1_435' title='bbox 1924 3339 2066 3398; x_wconf 88' lang='lat' dir='ltr'><strong>civi-</strong></span> 
     </span>
    </p>
   </div>
   <div class='ocr_carea' id='block_1_60' title="bbox 420 3429 2064 3503">
    <p class='ocr_par' dir='ltr' id='par_1_60' title="bbox 420 3429 2064 3503">
     <span class='ocr_line' id='line_1_60' title="bbox 420 3429 2064 3503; baseline -0.001 -14"><span class='ocrx_word' id='word_1_436' title='bbox 420 3433 643 3490; x_wconf 87' lang='lat' dir='ltr'><strong>tatibus</strong></span> <span class='ocrx_word' id='word_1_437' title='bbox 670 3437 724 3489; x_wconf 89' lang='lat' dir='ltr'>et</span> <span class='ocrx_word' id='word_1_438' title='bbox 751 3433 1128 3490; x_wconf 80' lang='lat' dir='ltr'><strong>defendendis</strong></span> <span class='ocrx_word' id='word_1_439' title='bbox 1169 3448 1237 3489; x_wconf 87' lang='lat' dir='ltr'>ac</span> <span class='ocrx_word' id='word_1_440' title='bbox 1286 3430 1654 3489; x_wconf 84' lang='lat' dir='ltr'><strong>sublevandis</strong></span> <span class='ocrx_word' id='word_1_441' title='bbox 1712 3429 2064 3503; x_wconf 86' lang='lat' dir='ltr'><strong>pauperibus</strong></span> 
     </span>
    </p>
   </div>
   <div class='ocr_carea' id='block_1_61' title="bbox 422 3519 2065 3594">
    <p class='ocr_par' dir='ltr' id='par_1_61' title="bbox 422 3519 2065 3594">
     <span class='ocr_line' id='line_1_61' title="bbox 422 3519 2065 3594; baseline -0.002 -15"><span class='ocrx_word' id='word_1_442' title='bbox 422 3538 648 3594; x_wconf 86' lang='lat' dir='ltr'><strong>semper</strong></span> <span class='ocrx_word' id='word_1_443' title='bbox 677 3521 905 3578; x_wconf 84' lang='lat' dir='ltr'><strong>intenti.</strong></span> <span class='ocrx_word' id='word_1_444' title='bbox 940 3523 1068 3590; x_wconf 82' lang='lat' dir='ltr'><strong>Qui,</strong></span> <span class='ocrx_word' id='word_1_445' title='bbox 1101 3537 1234 3578; x_wconf 91' lang='lat' dir='ltr'>cum</span> <span class='ocrx_word' id='word_1_446' title='bbox 1286 3519 1514 3578; x_wconf 87' lang='lat' dir='ltr'><strong>abunde</strong></span> <span class='ocrx_word' id='word_1_447' title='bbox 1545 3525 1877 3592; x_wconf 81' lang='lat' dir='ltr'><strong>suppeteret</strong></span> <span class='ocrx_word' id='word_1_448' title='bbox 1915 3521 2065 3576; x_wconf 85' lang='lat' dir='ltr'><strong>unde</strong></span> 
     </span>
    </p>
   </div>
   <div class='ocr_carea' id='block_1_62' title="bbox 419 3609 2063 3686">
    <p class='ocr_par' dir='ltr' id='par_1_62' title="bbox 419 3609 2063 3686">
     <span class='ocr_line' id='line_1_62' title="bbox 419 3609 2063 3686; baseline -0.004 -16"><span class='ocrx_word' id='word_1_449' title='bbox 419 3615 671 3670; x_wconf 85' lang='lat' dir='ltr'><strong>viverent</strong></span> <span class='ocrx_word' id='word_1_450' title='bbox 720 3614 877 3686; x_wconf 86' lang='lat' dir='ltr'><strong>(nam</strong></span> <span class='ocrx_word' id='word_1_451' title='bbox 926 3614 1335 3685; x_wconf 85' lang='lat' dir='ltr'><strong>quadragenas</strong></span> <span class='ocrx_word' id='word_1_452' title='bbox 1385 3616 1442 3667; x_wconf 89' lang='lat' dir='ltr'>et</span> <span class='ocrx_word' id='word_1_453' title='bbox 1486 3619 1794 3682; x_wconf 82' lang='lat' dir='ltr'><strong>octogenae</strong></span> <span class='ocrx_word' id='word_1_454' title='bbox 1842 3609 2063 3680; x_wconf 76' lang='lat' dir='ltr'><strong>argenti</strong></span> 
     </span>
    </p>
   </div>
   <div class='ocr_carea' id='block_1_63' title="bbox 419 3701 2063 3774">
    <p class='ocr_par' dir='ltr' id='par_1_63' title="bbox 419 3701 2063 3774">
     <span class='ocr_line' id='line_1_63' title="bbox 419 3701 2063 3774; baseline -0.001 -14"><span class='ocrx_word' id='word_1_455' title='bbox 419 3706 606 3762; x_wconf 84' lang='lat' dir='ltr'><strong>minas</strong></span> <span class='ocrx_word' id='word_1_456' title='bbox 662 3721 859 3762; x_wconf 84' lang='lat' dir='ltr'><strong>secum</strong></span> <span class='ocrx_word' id='word_1_457' title='bbox 933 3705 1336 3774; x_wconf 85' lang='lat' dir='ltr'><strong>auferebant),</strong></span> <span class='ocrx_word' id='word_1_458' title='bbox 1408 3706 1688 3773; x_wconf 88' lang='lat' dir='ltr'><strong>tanquam</strong></span> <span class='ocrx_word' id='word_1_459' title='bbox 1759 3701 2063 3773; x_wconf 87' lang='lat' dir='ltr'><strong>sacrilegio</strong></span> 
     </span>
    </p>
   </div>
   <div class='ocr_carea' id='block_1_64' title="bbox 406 3790 2063 3867">
    <p class='ocr_par' dir='ltr' id='par_1_64' title="bbox 406 3790 2063 3867">
     <span class='ocr_line' id='line_1_64' title="bbox 406 3790 2063 3867; baseline -0.001 -16"><span class='ocrx_word' id='word_1_460' title='bbox 406 3797 581 3852; x_wconf 73' lang='lat' dir='ltr'><strong>etiam</strong></span> <span class='ocrx_word' id='word_1_461' title='bbox 613 3796 686 3852; x_wconf 85' lang='lat' dir='ltr'>iis</span> <span class='ocrx_word' id='word_1_462' title='bbox 731 3797 1103 3853; x_wconf 79' lang='lat' dir='ltr'><strong>abstinebant</strong></span> <span class='ocrx_word' id='word_1_463' title='bbox 1154 3811 1277 3867; x_wconf 67' lang='lat' dir='ltr'><strong>quas</strong></span> <span class='ocrx_word' id='word_1_464' title='bbox 1329 3811 1362 3850; x_wconf 78' lang='grc' dir='ltr'>α</span> <span class='ocrx_word' id='word_1_465' title='bbox 1408 3790 1860 3865; x_wconf 86' lang='lat' dir='ltr'><strong>provincialibus</strong></span> <span class='ocrx_word' id='word_1_466' title='bbox 1911 3791 2063 3849; x_wconf 88' lang='lat' dir='ltr'><strong>ultro</strong></span> 
     </span>
    </p>
   </div>
   <div class='ocr_carea' id='block_1_65' title="bbox 406 3879 2061 3956">
    <p class='ocr_par' dir='ltr' id='par_1_65' title="bbox 406 3879 2061 3956">
     <span class='ocr_line' id='line_1_65' title="bbox 406 3879 2061 3956; baseline -0.003 -14"><span class='ocrx_word' id='word_1_467' title='bbox 406 3884 831 3950; x_wconf 85' lang='lat' dir='ltr'><strong>oll‘erebantur,</strong></span> <span class='ocrx_word' id='word_1_468' title='bbox 891 3885 1039 3956; x_wconf 82' lang='lat' dir='ltr'><strong>quod</strong></span> <span class='ocrx_word' id='word_1_469' title='bbox 1090 3891 1188 3939; x_wconf 89' lang='lat' dir='ltr'>aut</span> <span class='ocrx_word' id='word_1_470' title='bbox 1227 3899 1259 3940; x_wconf 91' lang='lat' dir='ltr'>e</span> <span class='ocrx_word' id='word_1_471' title='bbox 1317 3899 1494 3938; x_wconf 89' lang='lat' dir='ltr'><strong>manu</strong></span> <span class='ocrx_word' id='word_1_472' title='bbox 1551 3883 1807 3952; x_wconf 88' lang='lat' dir='ltr'><strong>potentis</strong></span> <span class='ocrx_word' id='word_1_473' title='bbox 1879 3879 2061 3952; x_wconf 77' lang='lat' dir='ltr'><strong>erepti</strong></span> 
     </span>
    </p>
   </div>
   <div class='ocr_carea' id='block_1_66' title="bbox 407 3968 2062 4030">
    <p class='ocr_par' dir='ltr' id='par_1_66' title="bbox 407 3968 2062 4030">
     <span class='ocr_line' id='line_1_66' title="bbox 407 3968 2062 4030; baseline -0.002 0"><span class='ocrx_word' id='word_1_474' title='bbox 407 3982 506 4030; x_wconf 84' lang='lat' dir='ltr'>aut</span> <span class='ocrx_word' id='word_1_475' title='bbox 555 3973 684 4030; x_wconf 89' lang='lat' dir='ltr'><strong>aliis</strong></span> <span class='ocrx_word' id='word_1_476' title='bbox 733 3973 1032 4030; x_wconf 79' lang='lat' dir='ltr'><strong>beneﬁciis</strong></span> <span class='ocrx_word' id='word_1_477' title='bbox 1091 3971 1282 4028; x_wconf 80' lang='lat' dir='ltr'><strong>all&#39;ccti</strong></span> <span class='ocrx_word' id='word_1_478' title='bbox 1313 3975 1538 4028; x_wconf 87' lang='lat' dir='ltr'><strong>essent.</strong></span> <span class='ocrx_word' id='word_1_479' title='bbox 1592 3968 1754 4026; x_wconf 88' lang='lat' dir='ltr'><strong>Unde</strong></span> <span class='ocrx_word' id='word_1_480' title='bbox 1803 3968 2062 4026; x_wconf 88' lang='lat' dir='ltr'><strong>civitates</strong></span> 
     </span>
    </p>
   </div>
   <div class='ocr_carea' id='block_1_67' title="bbox 406 4059 2060 4134">
    <p class='ocr_par' dir='ltr' id='par_1_67' title="bbox 406 4059 2060 4134">
     <span class='ocr_line' id='line_1_67' title="bbox 406 4059 2060 4134; baseline -0.004 -14"><span class='ocrx_word' id='word_1_481' title='bbox 406 4063 610 4134; x_wconf 81' lang='lat' dir='ltr'><strong>exiguo</strong></span> <span class='ocrx_word' id='word_1_482' title='bbox 658 4068 918 4134; x_wconf 86' lang='lat' dir='ltr'><strong>tempore</strong></span> <span class='ocrx_word' id='word_1_483' title='bbox 967 4065 1306 4129; x_wconf 84' lang='lat' dir='ltr'><strong>creverunt,</strong></span> <span class='ocrx_word' id='word_1_484' title='bbox 1359 4068 1508 4116; x_wconf 89' lang='lat' dir='ltr'><strong>terra</strong></span> <span class='ocrx_word' id='word_1_485' title='bbox 1555 4059 1888 4132; x_wconf 86' lang='lat' dir='ltr'><strong>centuplum</strong></span> <span class='ocrx_word' id='word_1_486' title='bbox 1944 4060 2060 4115; x_wconf 84' lang='lat' dir='ltr'><strong>fru-</strong></span> 
     </span>
    </p>
   </div>
   <div class='ocr_carea' id='block_1_68' title="bbox 412 4148 2059 4224">
    <p class='ocr_par' dir='ltr' id='par_1_68' title="bbox 412 4148 2059 4224">
     <span class='ocr_line' id='line_1_68' title="bbox 412 4148 2059 4224; baseline -0.003 -14"><span class='ocrx_word' id='word_1_487' title='bbox 412 4159 569 4210; x_wconf 91' lang='lat' dir='ltr'><strong>ctum</strong></span> <span class='ocrx_word' id='word_1_488' title='bbox 601 4153 751 4223; x_wconf 88' lang='lat' dir='ltr'><strong>tulit,</strong></span> <span class='ocrx_word' id='word_1_489' title='bbox 783 4169 1013 4208; x_wconf 86' lang='lat' dir='ltr'><strong>annona</strong></span> <span class='ocrx_word' id='word_1_490' title='bbox 1044 4168 1218 4224; x_wconf 86' lang='lat' dir='ltr'><strong>parvo</strong></span> <span class='ocrx_word' id='word_1_491' title='bbox 1265 4150 1464 4208; x_wconf 88' lang='lat' dir='ltr'><strong>veniit.</strong></span> <span class='ocrx_word' id='word_1_492' title='bbox 1502 4148 1688 4205; x_wconf 85' lang='lat' dir='ltr'><strong>Facile</strong></span> <span class='ocrx_word' id='word_1_493' title='bbox 1720 4163 1948 4220; x_wconf 89' lang='lat' dir='ltr'><strong>quoque</strong></span> <span class='ocrx_word' id='word_1_494' title='bbox 1997 4165 2059 4206; x_wconf 88' lang='lat' dir='ltr'>se</span> 
     </span>
    </p>
   </div>
   <div class='ocr_carea' id='block_1_69' title="bbox 410 4237 2058 4314">
    <p class='ocr_par' dir='ltr' id='par_1_69' title="bbox 410 4237 2058 4314">
     <span class='ocr_line' id='line_1_69' title="bbox 410 4237 2058 4314; baseline -0.002 -16"><span class='ocrx_word' id='word_1_495' title='bbox 410 4243 480 4298; x_wconf 90' lang='lat' dir='ltr'>ab</span> <span class='ocrx_word' id='word_1_496' title='bbox 511 4243 580 4298; x_wconf 87' lang='lat' dir='ltr'>iis</span> <span class='ocrx_word' id='word_1_497' title='bbox 617 4242 766 4299; x_wconf 88' lang='lat' dir='ltr'><strong>adiri</strong></span> <span class='ocrx_word' id='word_1_498' title='bbox 796 4259 1004 4314; x_wconf 88' lang='lat' dir='ltr'><strong>passus</strong></span> <span class='ocrx_word' id='word_1_499' title='bbox 1033 4249 1119 4298; x_wconf 88' lang='lat' dir='ltr'>est</span> <span class='ocrx_word' id='word_1_500' title='bbox 1152 4239 1516 4296; x_wconf 77' lang='lat' dir='ltr'><strong>Andronicus</strong></span> <span class='ocrx_word' id='word_1_501' title='bbox 1546 4239 1647 4310; x_wconf 90' lang='lat' dir='ltr'>qui</span> <span class='ocrx_word' id='word_1_502' title='bbox 1681 4238 1751 4296; x_wconf 90' lang='lat' dir='ltr'>de</span> <span class='ocrx_word' id='word_1_503' title='bbox 1781 4237 2058 4294; x_wconf 86' lang='lat' dir='ltr'><strong>violentia</strong></span> 
     </span>
    </p>
   </div>
   <div class='ocr_carea' id='block_1_70' title="bbox 407 4324 2060 4404">
    <p class='ocr_par' dir='ltr' id='par_1_70' title="bbox 407 4324 2060 4404">
     <span class='ocr_line' id='line_1_70' title="bbox 407 4324 2060 4404; baseline -0.004 -18"><span class='ocrx_word' id='word_1_504' title='bbox 407 4335 709 4402; x_wconf 86' lang='lat' dir='ltr'><strong>potentum</strong></span> <span class='ocrx_word' id='word_1_505' title='bbox 754 4331 1170 4404; x_wconf 87' lang='lat' dir='ltr'><strong>querebantur,</strong></span> <span class='ocrx_word' id='word_1_506' title='bbox 1223 4327 1385 4384; x_wconf 89' lang='lat' dir='ltr'><strong>nulla</strong></span> <span class='ocrx_word' id='word_1_507' title='bbox 1429 4341 1810 4399; x_wconf 87' lang='lat' dir='ltr'><strong>personarum</strong></span> <span class='ocrx_word' id='word_1_508' title='bbox 1861 4324 2060 4381; x_wconf 87' lang='lat' dir='ltr'><strong>habita</strong></span> 
     </span>
    </p>
   </div>
   <div class='ocr_carea' id='block_1_71' title="bbox 2247 3071 3838 3158">
    <p class='ocr_par' dir='ltr' id='par_1_71' title="bbox 2247 3071 3838 3158">
     <span class='ocr_line' id='line_1_71' title="bbox 2247 3071 3838 3158; baseline 0.004 -27"><span class='ocrx_word' id='word_1_509' title='bbox 2247 3074 2547 3131; x_wconf 78' lang='grc' dir='ltr'>Ἀναποιῶν</span> <span class='ocrx_word' id='word_1_510' title='bbox 2581 3071 2636 3130; x_wconf 72' lang='grc' dir='ltr'>δέ</span> <span class='ocrx_word' id='word_1_511' title='bbox 2689 3074 2778 3130; x_wconf 82' lang='grc' dir='ltr'>καὶ</span> <span class='ocrx_word' id='word_1_512' title='bbox 2833 3075 2926 3139; x_wconf 66' lang='grc' dir='ltr'>τᾶς</span> <span class='ocrx_word' id='word_1_513' title='bbox 2983 3078 3318 3152; x_wconf 76' lang='grc' dir='ltr'>πραιτωρίας</span> <span class='ocrx_word' id='word_1_514' title='bbox 3374 3079 3571 3157; x_wconf 73' lang='grc' dir='ltr'>ἀρχὰς,</span> <span class='ocrx_word' id='word_1_515' title='bbox 3632 3078 3838 3158; x_wconf 76' lang='grc' dir='ltr'>ἄνδρας</span> 
     </span>
    </p>
   </div>
   <div class='ocr_carea' id='block_1_72' title="bbox 2173 3161 3834 3242">
    <p class='ocr_par' dir='ltr' id='par_1_72' title="bbox 2173 3161 3834 3242">
     <span class='ocr_line' id='line_1_72' title="bbox 2173 3161 3834 3242; baseline 0.005 -24"><span class='ocrx_word' id='word_1_516' title='bbox 2173 3161 2446 3237; x_wconf 86' lang='grc' dir='ltr'>λογίμους</span> <span class='ocrx_word' id='word_1_517' title='bbox 2478 3165 2567 3218; x_wconf 86' lang='grc' dir='ltr'>καὶ</span> <span class='ocrx_word' id='word_1_518' title='bbox 2596 3168 2706 3219; x_wconf 80' lang='grc' dir='ltr'>τῶν</span> <span class='ocrx_word' id='word_1_519' title='bbox 2737 3163 2843 3220; x_wconf 83' lang='grc' dir='ltr'>ἀπὸ</span> <span class='ocrx_word' id='word_1_520' title='bbox 2871 3167 2969 3235; x_wconf 68' lang='grc' dir='ltr'>τῆς</span> <span class='ocrx_word' id='word_1_521' title='bbox 3003 3166 3213 3242; x_wconf 76' lang='grc' dir='ltr'>βουλῆς</span> <span class='ocrx_word' id='word_1_522' title='bbox 3241 3167 3497 3239; x_wconf 74' lang='grc' dir='ltr'>ἀρίστους</span> <span class='ocrx_word' id='word_1_523' title='bbox 3534 3169 3720 3232; x_wconf 76' lang='grc' dir='ltr'>αὐταῖς</span> <span class='ocrx_word' id='word_1_524' title='bbox 3754 3171 3834 3240; x_wconf 79' lang='grc' dir='ltr'>ἦν</span> 
     </span>
    </p>
   </div>
   <div class='ocr_carea' id='block_1_73' title="bbox 2172 3250 3835 3335">
    <p class='ocr_par' dir='ltr' id='par_1_73' title="bbox 2172 3250 3835 3335">
     <span class='ocr_line' id='line_1_73' title="bbox 2172 3250 3835 3335; baseline 0.006 -29"><span class='ocrx_word' id='word_1_525' title='bbox 2172 3251 2428 3331; x_wconf 73' lang='grc' dir='ltr'>ἐφιστῶν.</span> <span class='ocrx_word' id='word_1_526' title='bbox 2471 3250 2649 3309; x_wconf 84' lang='grc' dir='ltr'>Ἀλλά</span> <span class='ocrx_word' id='word_1_527' title='bbox 2678 3253 2766 3308; x_wconf 76' lang='grc' dir='ltr'>καὶ</span> <span class='ocrx_word' id='word_1_528' title='bbox 2826 3252 3146 3330; x_wconf 66' lang='grc' dir='ltr'>ἀδροτέτοις</span> <span class='ocrx_word' id='word_1_529' title='bbox 3203 3256 3441 3332; x_wconf 79' lang='grc' dir='ltr'>ἐπαίρων</span> <span class='ocrx_word' id='word_1_530' title='bbox 3501 3257 3835 3335; x_wconf 71' lang='grc' dir='ltr'>φιλοδωρή-</span> 
     </span>
    </p>
   </div>
   <div class='ocr_carea' id='block_1_74' title="bbox 2174 3341 3834 3421">
    <p class='ocr_par' dir='ltr' id='par_1_74' title="bbox 2174 3341 3834 3421">
     <span class='ocr_line' id='line_1_74' title="bbox 2174 3341 3834 3421; baseline 0.005 -25"><span class='ocrx_word' id='word_1_531' title='bbox 2174 3359 2326 3413; x_wconf 82' lang='grc' dir='ltr'>μασι,</span> <span class='ocrx_word' id='word_1_532' title='bbox 2357 3342 2763 3418; x_wconf 80' lang='grc' dir='ltr'>τεθραμμένους</span> <span class='ocrx_word' id='word_1_533' title='bbox 2796 3341 2940 3400; x_wconf 78' lang='grc' dir='ltr'>εἷ’ποι</span> <span class='ocrx_word' id='word_1_534' title='bbox 2971 3343 3034 3400; x_wconf 84' lang='grc' dir='ltr'>ἃν</span> <span class='ocrx_word' id='word_1_535' title='bbox 3093 3367 3174 3408; x_wconf 89' lang='grc' dir='ltr'>τις</span> <span class='ocrx_word' id='word_1_536' title='bbox 3233 3351 3353 3408; x_wconf 80' lang='grc' dir='ltr'>ταῖς</span> <span class='ocrx_word' id='word_1_537' title='bbox 3414 3348 3688 3412; x_wconf 82' lang='grc' dir='ltr'>εὐποιίαις</span> <span class='ocrx_word' id='word_1_538' title='bbox 3747 3347 3834 3421; x_wconf 69' lang='grc' dir='ltr'>ἒξ-</span> 
     </span>
    </p>
   </div>
   <div class='ocr_carea' id='block_1_75' title="bbox 2173 3428 3832 3515">
    <p class='ocr_par' dir='ltr' id='par_1_75' title="bbox 2173 3428 3832 3515">
     <span class='ocr_line' id='line_1_75' title="bbox 2173 3428 3832 3515; baseline 0.006 -31"><span class='ocrx_word' id='word_1_539' title='bbox 2173 3428 2399 3502; x_wconf 85' lang='grc' dir='ltr'>έπεμπε,</span> <span class='ocrx_word' id='word_1_540' title='bbox 2499 3432 2961 3507; x_wconf 76' lang='grc' dir='ltr'>προμηθούμενος</span> <span class='ocrx_word' id='word_1_541' title='bbox 3020 3431 3255 3490; x_wconf 75' lang='grc' dir='ltr'>ἐντεῦθεν</span> <span class='ocrx_word' id='word_1_542' title='bbox 3317 3439 3414 3491; x_wconf 80' lang='grc' dir='ltr'>τοῦ</span> <span class='ocrx_word' id='word_1_543' title='bbox 3502 3437 3832 3515; x_wconf 76' lang='grc' dir='ltr'>ἀνεπαχθῶς</span> 
     </span>
    </p>
   </div>
   <div class='ocr_carea' id='block_1_76' title="bbox 2170 3518 3832 3603">
    <p class='ocr_par' dir='ltr' id='par_1_76' title="bbox 2170 3518 3832 3603">
     <span class='ocr_line' id='line_1_76' title="bbox 2170 3518 3832 3603; baseline 0.007 -31"><span class='ocrx_word' id='word_1_544' title='bbox 2170 3526 2288 3580; x_wconf 78' lang='grc' dir='ltr'>ταῖς</span> <span class='ocrx_word' id='word_1_545' title='bbox 2343 3518 2536 3575; x_wconf 86' lang='grc' dir='ltr'>πόλεσι</span> <span class='ocrx_word' id='word_1_546' title='bbox 2597 3519 2924 3578; x_wconf 63' lang='grc' dir='ltr'>στέλλεσθαι</span> <span class='ocrx_word' id='word_1_547' title='bbox 2983 3523 3075 3578; x_wconf 84' lang='grc' dir='ltr'>καὶ</span> <span class='ocrx_word' id='word_1_548' title='bbox 3154 3527 3250 3580; x_wconf 70' lang='grc' dir='ltr'>τοῦ</span> <span class='ocrx_word' id='word_1_549' title='bbox 3331 3530 3465 3603; x_wconf 73' lang='grc' dir='ltr'>σφᾶς</span> <span class='ocrx_word' id='word_1_550' title='bbox 3545 3525 3832 3599; x_wconf 79' lang='grc' dir='ltr'>έπιμόνως</span> 
     </span>
    </p>
   </div>
   <div class='ocr_carea' id='block_1_77' title="bbox 2169 3609 3832 3689">
    <p class='ocr_par' dir='ltr' id='par_1_77' title="bbox 2169 3609 3832 3689">
     <span class='ocr_line' id='line_1_77' title="bbox 2169 3609 3832 3689; baseline 0.009 -27"><span class='ocrx_word' id='word_1_551' title='bbox 2169 3609 2528 3683; x_wconf 68' lang='grc' dir='ltr'>προσανέχειν</span> <span class='ocrx_word' id='word_1_552' title='bbox 2571 3613 2648 3682; x_wconf 73' lang='grc' dir='ltr'>τῷ</span> <span class='ocrx_word' id='word_1_553' title='bbox 2681 3609 2824 3684; x_wconf 74' lang='grc' dir='ltr'>έλέῳ</span> <span class='ocrx_word' id='word_1_554' title='bbox 2880 3612 2972 3667; x_wconf 85' lang='grc' dir='ltr'>καὶ</span> <span class='ocrx_word' id='word_1_555' title='bbox 3037 3616 3106 3688; x_wconf 82' lang='grc' dir='ltr'>τῇ</span> <span class='ocrx_word' id='word_1_556' title='bbox 3148 3613 3317 3689; x_wconf 75' lang='grc' dir='ltr'>κρίσει</span> <span class='ocrx_word' id='word_1_557' title='bbox 3372 3618 3479 3670; x_wconf 76' lang='grc' dir='ltr'>τῶν</span> <span class='ocrx_word' id='word_1_558' title='bbox 3532 3622 3832 3677; x_wconf 84' lang='grc' dir='ltr'>ταπεινῶν.</span> 
     </span>
    </p>
   </div>
   <div class='ocr_carea' id='block_1_78' title="bbox 2172 3693 3832 3782">
    <p class='ocr_par' dir='ltr' id='par_1_78' title="bbox 2172 3693 3832 3782">
     <span class='ocr_line' id='line_1_78' title="bbox 2172 3693 3832 3782; baseline 0.007 -30"><span class='ocrx_word' id='word_1_559' title='bbox 2172 3695 2240 3752; x_wconf 79' lang='lat' dir='ltr'><strong>Ol</strong></span> <span class='ocrx_word' id='word_1_560' title='bbox 2275 3693 2332 3750; x_wconf 76' lang='grc' dir='ltr'>δὲ</span> <span class='ocrx_word' id='word_1_561' title='bbox 2365 3693 2606 3772; x_wconf 83' lang='grc' dir='ltr'>διαρκῶς</span> <span class='ocrx_word' id='word_1_562' title='bbox 2643 3703 2751 3754; x_wconf 82' lang='grc' dir='ltr'>τῶν</span> <span class='ocrx_word' id='word_1_563' title='bbox 2785 3697 3112 3772; x_wconf 71' lang='grc' dir='ltr'>ἐπιτηδείων</span> <span class='ocrx_word' id='word_1_564' title='bbox 3149 3697 3370 3778; x_wconf 79' lang='grc' dir='ltr'>ἔχοντες</span> <span class='ocrx_word' id='word_1_565' title='bbox 3405 3703 3528 3778; x_wconf 83' lang='grc' dir='ltr'>(ἀνά</span> <span class='ocrx_word' id='word_1_566' title='bbox 3565 3705 3832 3782; x_wconf 78' lang='grc' dir='ltr'>τεσσαρά-</span> 
     </span>
    </p>
   </div>
   <div class='ocr_carea' id='block_1_79' title="bbox 2166 3786 3833 3872">
    <p class='ocr_par' dir='ltr' id='par_1_79' title="bbox 2166 3786 3833 3872">
     <span class='ocr_line' id='line_1_79' title="bbox 2166 3786 3833 3872; baseline 0.007 -31"><span class='ocrx_word' id='word_1_567' title='bbox 2166 3807 2332 3842; x_wconf 81' lang='grc' dir='ltr'>κοντα</span> <span class='ocrx_word' id='word_1_568' title='bbox 2358 3786 2460 3864; x_wconf 81' lang='grc' dir='ltr'>γάρ</span> <span class='ocrx_word' id='word_1_569' title='bbox 2493 3788 2581 3843; x_wconf 86' lang='grc' dir='ltr'>καὶ</span> <span class='ocrx_word' id='word_1_570' title='bbox 2615 3789 2716 3844; x_wconf 84' lang='grc' dir='ltr'>άνά</span> <span class='ocrx_word' id='word_1_571' title='bbox 2767 3787 3094 3864; x_wconf 81' lang='grc' dir='ltr'>όγδοόκοντα</span> <span class='ocrx_word' id='word_1_572' title='bbox 3150 3794 3499 3868; x_wconf 84' lang='grc' dir='ltr'>νομίσματος</span> <span class='ocrx_word' id='word_1_573' title='bbox 3555 3797 3833 3872; x_wconf 74' lang='grc' dir='ltr'>ἀργυρέου</span> 
     </span>
    </p>
   </div>
   <div class='ocr_carea' id='block_1_80' title="bbox 2174 3873 3827 3959">
    <p class='ocr_par' dir='ltr' id='par_1_80' title="bbox 2174 3873 3827 3959">
     <span class='ocr_line' id='line_1_80' title="bbox 2174 3873 3827 3959; baseline 0.008 -29"><span class='ocrx_word' id='word_1_574' title='bbox 2174 3881 2308 3948; x_wconf 82' lang='grc' dir='ltr'>μνᾶς</span> <span class='ocrx_word' id='word_1_575' title='bbox 2337 3873 2688 3957; x_wconf 72' lang='grc' dir='ltr'>ἀπεφέροντο)</span> <span class='ocrx_word' id='word_1_576' title='bbox 2720 3877 2902 3955; x_wconf 81' lang='grc' dir='ltr'>ὥσπερ</span> <span class='ocrx_word' id='word_1_577' title='bbox 2963 3881 3122 3956; x_wconf 73' lang='grc' dir='ltr'>ἰερῶν</span> <span class='ocrx_word' id='word_1_578' title='bbox 3178 3884 3484 3958; x_wconf 63' lang='grc' dir='ltr'>χρημάτων</span> <span class='ocrx_word' id='word_1_579' title='bbox 3538 3882 3827 3959; x_wconf 74' lang='grc' dir='ltr'>ἐφείδοντο</span> 
     </span>
    </p>
   </div>
   <div class='ocr_carea' id='block_1_81' title="bbox 2169 3963 3827 4050">
    <p class='ocr_par' dir='ltr' id='par_1_81' title="bbox 2169 3963 3827 4050">
     <span class='ocr_line' id='line_1_81' title="bbox 2169 3963 3827 4050; baseline 0.007 -31"><span class='ocrx_word' id='word_1_580' title='bbox 2169 3963 2204 4020; x_wconf 82' lang='grc' dir='ltr'>ἅ</span> <span class='ocrx_word' id='word_1_581' title='bbox 2231 3965 2376 4042; x_wconf 86' lang='grc' dir='ltr'>παρά</span> <span class='ocrx_word' id='word_1_582' title='bbox 2405 3988 2568 4022; x_wconf 88' lang='grc' dir='ltr'>τινων</span> <span class='ocrx_word' id='word_1_583' title='bbox 2623 3967 2712 4024; x_wconf 79' lang='grc' dir='ltr'>καὶ</span> <span class='ocrx_word' id='word_1_584' title='bbox 2766 3967 3098 4045; x_wconf 79' lang='grc' dir='ltr'>αὐθαιρέτως</span> <span class='ocrx_word' id='word_1_585' title='bbox 3132 3971 3283 4050; x_wconf 79' lang='grc' dir='ltr'>σφίσι</span> <span class='ocrx_word' id='word_1_586' title='bbox 3326 3972 3644 4050; x_wconf 79' lang='grc' dir='ltr'>παρείχοντο</span> <span class='ocrx_word' id='word_1_587' title='bbox 3701 3976 3827 4031; x_wconf 84' lang='grc' dir='ltr'>ἀνθ’</span> 
     </span>
    </p>
   </div>
   <div class='ocr_carea' id='block_1_82' title="bbox 2167 4052 3832 4137">
    <p class='ocr_par' dir='ltr' id='par_1_82' title="bbox 2167 4052 3832 4137">
     <span class='ocr_line' id='line_1_82' title="bbox 2167 4052 3832 4137; baseline 0.006 -28"><span class='ocrx_word' id='word_1_588' title='bbox 2167 4052 2240 4109; x_wconf 84' lang='grc' dir='ltr'>ὦν</span> <span class='ocrx_word' id='word_1_589' title='bbox 2279 4055 2340 4110; x_wconf 85' lang='grc' dir='ltr'>ἐκ</span> <span class='ocrx_word' id='word_1_590' title='bbox 2395 4057 2582 4132; x_wconf 87' lang='grc' dir='ltr'>χειρὸς</span> <span class='ocrx_word' id='word_1_591' title='bbox 2638 4055 2899 4114; x_wconf 77' lang='grc' dir='ltr'>δυνάστου</span> <span class='ocrx_word' id='word_1_592' title='bbox 2949 4059 3278 4137; x_wconf 75' lang='grc' dir='ltr'>ἐρῥύσθησαν</span> <span class='ocrx_word' id='word_1_593' title='bbox 3333 4063 3369 4133; x_wconf 76' lang='grc' dir='ltr'><strong>ἢ</strong></span> <span class='ocrx_word' id='word_1_594' title='bbox 3428 4083 3571 4126; x_wconf 90' lang='grc' dir='ltr'>τινος</span> <span class='ocrx_word' id='word_1_595' title='bbox 3630 4062 3832 4130; x_wconf 72' lang='grc' dir='ltr'>ἄλλως</span> 
     </span>
    </p>
   </div>
   <div class='ocr_carea' id='block_1_83' title="bbox 2168 4145 3832 4228">
    <p class='ocr_par' dir='ltr' id='par_1_83' title="bbox 2168 4145 3832 4228">
     <span class='ocr_line' id='line_1_83' title="bbox 2168 4145 3832 4228; baseline 0.001 -30"><span class='ocrx_word' id='word_1_596' title='bbox 2168 4145 2368 4220; x_wconf 79' lang='grc' dir='ltr'>ἀγαθοῦ</span> <span class='ocrx_word' id='word_1_597' title='bbox 2427 4148 2850 4222; x_wconf 69' lang='grc' dir='ltr'>μετεσχτςκασιν.</span> <span class='ocrx_word' id='word_1_598' title='bbox 2906 4150 3061 4206; x_wconf 88' lang='grc' dir='ltr'>Ὀθεν</span> <span class='ocrx_word' id='word_1_599' title='bbox 3113 4147 3202 4205; x_wconf 75' lang='grc' dir='ltr'>διὰ</span> <span class='ocrx_word' id='word_1_600' title='bbox 3256 4149 3494 4228; x_wconf 83' lang='grc' dir='ltr'>βραχέος</span> <span class='ocrx_word' id='word_1_601' title='bbox 3549 4152 3624 4216; x_wconf 77' lang='grc' dir='ltr'>είς</span> <span class='ocrx_word' id='word_1_602' title='bbox 3675 4153 3832 4226; x_wconf 84' lang='grc' dir='ltr'>πλη-</span> 
     </span>
    </p>
   </div>
   <div class='ocr_carea' id='block_1_84' title="bbox 2167 4232 3836 4318">
    <p class='ocr_par' dir='ltr' id='par_1_84' title="bbox 2167 4232 3836 4318">
     <span class='ocr_line' id='line_1_84' title="bbox 2167 4232 3836 4318; baseline 0.008 -33"><span class='ocrx_word' id='word_1_603' title='bbox 2167 4232 2372 4304; x_wconf 85' lang='grc' dir='ltr'>θυσμὸν</span> <span class='ocrx_word' id='word_1_604' title='bbox 2432 4233 2490 4287; x_wconf 78' lang='grc' dir='ltr'>αἱ</span> <span class='ocrx_word' id='word_1_605' title='bbox 2554 4232 2747 4298; x_wconf 83' lang='grc' dir='ltr'>πόλεις</span> <span class='ocrx_word' id='word_1_606' title='bbox 2795 4232 3088 4306; x_wconf 81' lang='grc' dir='ltr'>ἐπέδωκαν,</span> <span class='ocrx_word' id='word_1_607' title='bbox 3147 4239 3182 4306; x_wconf 77' lang='grc' dir='ltr'>ἢ</span> <span class='ocrx_word' id='word_1_608' title='bbox 3233 4259 3291 4294; x_wconf 85' lang='grc' dir='ltr'>τε</span> <span class='ocrx_word' id='word_1_609' title='bbox 3345 4245 3414 4312; x_wconf 84' lang='grc' dir='ltr'>γῆ</span> <span class='ocrx_word' id='word_1_610' title='bbox 3473 4241 3539 4294; x_wconf 86' lang='grc' dir='ltr'>τά</span> <span class='ocrx_word' id='word_1_611' title='bbox 3598 4239 3836 4318; x_wconf 72' lang='grc' dir='ltr'>ἐκφόρια</span> 
     </span>
    </p>
   </div>
   <div class='ocr_carea' id='block_1_85' title="bbox 2166 4319 3831 4406">
    <p class='ocr_par' dir='ltr' id='par_1_85' title="bbox 2166 4319 3831 4406">
     <span class='ocr_line' id='line_1_85' title="bbox 2166 4319 3831 4406; baseline 0.008 -32"><span class='ocrx_word' id='word_1_612' title='bbox 2166 4319 2300 4375; x_wconf 85' lang='grc' dir='ltr'>κατά</span> <span class='ocrx_word' id='word_1_613' title='bbox 2330 4320 2651 4386; x_wconf 71' lang='grc' dir='ltr'>ἑκατοστύας</span> <span class='ocrx_word' id='word_1_614' title='bbox 2683 4321 2943 4396; x_wconf 82' lang='grc' dir='ltr'>ἀνέδωκε,</span> <span class='ocrx_word' id='word_1_615' title='bbox 2998 4324 3090 4381; x_wconf 85' lang='grc' dir='ltr'>καὶ</span> <span class='ocrx_word' id='word_1_616' title='bbox 3122 4324 3313 4403; x_wconf 75' lang='grc' dir='ltr'>ὀλίγου</span> <span class='ocrx_word' id='word_1_617' title='bbox 3342 4329 3408 4384; x_wconf 79' lang='grc' dir='ltr'>τά</span> <span class='ocrx_word' id='word_1_618' title='bbox 3448 4330 3586 4404; x_wconf 85' lang='grc' dir='ltr'>πρὸς</span> <span class='ocrx_word' id='word_1_619' title='bbox 3627 4331 3692 4386; x_wconf 87' lang='grc' dir='ltr'>τὸ</span> <span class='ocrx_word' id='word_1_620' title='bbox 3726 4335 3831 4406; x_wconf 76' lang='grc' dir='ltr'>ζῇν</span> 
     </span>
    </p>
   </div>
   <div class='ocr_carea' id='block_1_86' title="bbox 403 4405 2058 4507">
    <p class='ocr_par' dir='ltr' id='par_1_86' title="bbox 403 4415 2053 4490">
     <span class='ocr_line' id='line_1_86' title="bbox 403 4415 2053 4490; baseline -0.003 -17"><span class='ocrx_word' id='word_1_621' title='bbox 403 4419 665 4484; x_wconf 85' lang='lat' dir='ltr'><strong>ratione;</strong></span> <span class='ocrx_word' id='word_1_622' title='bbox 721 4419 822 4488; x_wconf 88' lang='lat' dir='ltr'><strong>jus</strong></span> <span class='ocrx_word' id='word_1_623' title='bbox 887 4435 921 4473; x_wconf 91' lang='lat' dir='ltr'>a</span> <span class='ocrx_word' id='word_1_624' title='bbox 968 4418 1133 4490; x_wconf 89' lang='lat' dir='ltr'><strong>justo</strong></span> <span class='ocrx_word' id='word_1_625' title='bbox 1206 4417 1470 4481; x_wconf 87' lang='lat' dir='ltr'><strong>removit,</strong></span> <span class='ocrx_word' id='word_1_626' title='bbox 1546 4415 1648 4472; x_wconf 87' lang='lat' dir='ltr'>sed</span> <span class='ocrx_word' id='word_1_627' title='bbox 1727 4430 1935 4486; x_wconf 86' lang='lat' dir='ltr'><strong>genere</strong></span> <span class='ocrx_word' id='word_1_628' title='bbox 2003 4421 2053 4470; x_wconf 86' lang='lat' dir='ltr'>et</span> 
     </span>
    </p>
   </div>
   <div class='ocr_carea' id='block_1_87' title="bbox 2169 4405 3831 4507">
    <p class='ocr_par' dir='ltr' id='par_1_87' title="bbox 2169 4405 3831 4497">
     <span class='ocr_line' id='line_1_87' title="bbox 2169 4405 3831 4497; baseline 0.007 -33"><span class='ocrx_word' id='word_1_629' title='bbox 2169 4405 2478 4469; x_wconf 80' lang='grc' dir='ltr'>ἀπεδίδοτο.</span> <span class='ocrx_word' id='word_1_630' title='bbox 2530 4415 2634 4468; x_wconf 79' lang='grc' dir='ltr'>Ἰῐν</span> <span class='ocrx_word' id='word_1_631' title='bbox 2695 4409 2752 4468; x_wconf 76' lang='grc' dir='ltr'>δὲ</span> <span class='ocrx_word' id='word_1_632' title='bbox 2807 4414 2900 4469; x_wconf 84' lang='grc' dir='ltr'>καὶ</span> <span class='ocrx_word' id='word_1_633' title='bbox 2960 4420 3076 4478; x_wconf 81' lang='grc' dir='ltr'>τοῖς</span> <span class='ocrx_word' id='word_1_634' title='bbox 3133 4422 3405 4473; x_wconf 79' lang='grc' dir='ltr'>κατειπεῖν</span> <span class='ocrx_word' id='word_1_635' title='bbox 3469 4415 3667 4497; x_wconf 76' lang='grc' dir='ltr'>ἔχουσι</span> <span class='ocrx_word' id='word_1_636' title='bbox 3716 4425 3831 4478; x_wconf 78' lang='grc' dir='ltr'>τῶν</span> 
     </span>
    </p>
   </div>
   <div class='ocr_carea' id='block_1_88' title="bbox 405 4503 2048 4578">
    <p class='ocr_par' dir='ltr' id='par_1_88' title="bbox 405 4503 2048 4578">
     <span class='ocr_line' id='line_1_88' title="bbox 405 4503 2048 4578; baseline -0.002 -17"><span class='ocrx_word' id='word_1_637' title='bbox 405 4507 609 4576; x_wconf 89' lang='lat' dir='ltr'><strong>opibus</strong></span> <span class='ocrx_word' id='word_1_638' title='bbox 655 4506 910 4562; x_wconf 87' lang='lat' dir='ltr'><strong>illustres</strong></span> <span class='ocrx_word' id='word_1_639' title='bbox 951 4523 1110 4578; x_wconf 70' lang='lat' dir='ltr'><strong>asque</strong></span> <span class='ocrx_word' id='word_1_640' title='bbox 1141 4522 1208 4562; x_wconf 85' lang='lat' dir='ltr'>ac</span> <span class='ocrx_word' id='word_1_641' title='bbox 1268 4503 1458 4563; x_wconf 88' lang='lat' dir='ltr'><strong>tenuis</strong></span> <span class='ocrx_word' id='word_1_642' title='bbox 1489 4504 1733 4561; x_wconf 71' lang='lat' dir='ltr'><strong>fortunas</strong></span> <span class='ocrx_word' id='word_1_643' title='bbox 1785 4503 2048 4560; x_wconf 81' lang='lat' dir='ltr'><strong>homines</strong></span> 
     </span>
    </p>
   </div>
   <div class='ocr_carea' id='block_1_89' title="bbox 406 4593 2048 4666">
    <p class='ocr_par' dir='ltr' id='par_1_89' title="bbox 406 4593 2048 4666">
     <span class='ocr_line' id='line_1_89' title="bbox 406 4593 2048 4666; baseline 0 -18"><span class='ocrx_word' id='word_1_644' title='bbox 406 4595 464 4648; x_wconf 90' lang='lat' dir='ltr'>in</span> <span class='ocrx_word' id='word_1_645' title='bbox 491 4595 588 4662; x_wconf 85' lang='lat' dir='ltr'><strong>jus</strong></span> <span class='ocrx_word' id='word_1_646' title='bbox 623 4593 904 4650; x_wconf 81' lang='lat' dir='ltr'><strong>adductos</strong></span> <span class='ocrx_word' id='word_1_647' title='bbox 936 4610 1002 4650; x_wconf 85' lang='lat' dir='ltr'><strong>ex</strong></span> <span class='ocrx_word' id='word_1_648' title='bbox 1033 4612 1199 4666; x_wconf 70' lang='lat' dir='ltr'><strong>siquo</strong></span> <span class='ocrx_word' id='word_1_649' title='bbox 1247 4595 1484 4650; x_wconf 84' lang='lat' dir='ltr'><strong>audivit.</strong></span> <span class='ocrx_word' id='word_1_650' title='bbox 1518 4593 1858 4660; x_wconf 78' lang='lat' dir='ltr'><strong>Insolentss,</strong></span> <span class='ocrx_word' id='word_1_651' title='bbox 1905 4609 2048 4665; x_wconf 87' lang='lat' dir='ltr'><strong>quos</strong></span> 
     </span>
    </p>
   </div>
   <div class='ocr_carea' id='block_1_90' title="bbox 401 4681 2046 4754">
    <p class='ocr_par' dir='ltr' id='par_1_90' title="bbox 401 4681 2046 4754">
     <span class='ocr_line' id='line_1_90' title="bbox 401 4681 2046 4754; baseline 0 -17"><span class='ocrx_word' id='word_1_652' title='bbox 401 4697 536 4737; x_wconf 87' lang='lat' dir='ltr'>cum</span> <span class='ocrx_word' id='word_1_653' title='bbox 583 4681 847 4738; x_wconf 86' lang='lat' dir='ltr'><strong>obscuris</strong></span> <span class='ocrx_word' id='word_1_654' title='bbox 895 4682 1231 4738; x_wconf 86' lang='lat' dir='ltr'><strong>hominibus</strong></span> <span class='ocrx_word' id='word_1_655' title='bbox 1271 4683 1406 4753; x_wconf 86' lang='lat' dir='ltr'><strong>jure</strong></span> <span class='ocrx_word' id='word_1_656' title='bbox 1455 4698 1626 4754; x_wconf 86' lang='lat' dir='ltr'><strong>agere</strong></span> <span class='ocrx_word' id='word_1_657' title='bbox 1675 4682 1948 4753; x_wconf 84' lang='lat' dir='ltr'><strong>pudebat,</strong></span> <span class='ocrx_word' id='word_1_658' title='bbox 1999 4681 2046 4738; x_wconf 86' lang='lat' dir='ltr'>si</span> 
     </span>
    </p>
   </div>
   <div class='ocr_carea' id='block_1_91' title="bbox 401 4771 2042 4844">
    <p class='ocr_par' dir='ltr' id='par_1_91' title="bbox 401 4771 2042 4844">
     <span class='ocr_line' id='line_1_91' title="bbox 401 4771 2042 4844; baseline -0.002 -14"><span class='ocrx_word' id='word_1_659' title='bbox 401 4773 645 4830; x_wconf 87' lang='lat' dir='ltr'><strong>convicti</strong></span> <span class='ocrx_word' id='word_1_660' title='bbox 676 4776 870 4830; x_wconf 86' lang='lat' dir='ltr'><strong>essent</strong></span> <span class='ocrx_word' id='word_1_661' title='bbox 921 4771 1286 4842; x_wconf 84' lang='lat' dir='ltr'><strong>injuriarutn,</strong></span> <span class='ocrx_word' id='word_1_662' title='bbox 1319 4773 1469 4842; x_wconf 87' lang='lat' dir='ltr'><strong>quod</strong></span> <span class='ocrx_word' id='word_1_663' title='bbox 1522 4788 1800 4843; x_wconf 86' lang='lat' dir='ltr'><strong>pauperes</strong></span> <span class='ocrx_word' id='word_1_664' title='bbox 1846 4771 2042 4844; x_wconf 87' lang='lat' dir='ltr'><strong>oppri-</strong></span> 
     </span>
    </p>
   </div>
   <div class='ocr_carea' id='block_1_92' title="bbox 403 4860 2045 4933">
    <p class='ocr_par' dir='ltr' id='par_1_92' title="bbox 403 4860 2045 4933">
     <span class='ocr_line' id='line_1_92' title="bbox 403 4860 2045 4933; baseline -0.002 -13"><span class='ocrx_word' id='word_1_665' title='bbox 403 4867 628 4921; x_wconf 76' lang='lat' dir='ltr'><strong>merent</strong></span> <span class='ocrx_word' id='word_1_666' title='bbox 668 4871 764 4918; x_wconf 86' lang='lat' dir='ltr'>aut</span> <span class='ocrx_word' id='word_1_667' title='bbox 814 4863 1024 4933; x_wconf 79' lang='lat' dir='ltr'><strong>pugnis</strong></span> <span class='ocrx_word' id='word_1_668' title='bbox 1071 4860 1390 4930; x_wconf 73' lang='lat' dir='ltr'><strong>caederent,</strong></span> <span class='ocrx_word' id='word_1_669' title='bbox 1437 4861 1686 4931; x_wconf 87' lang='lat' dir='ltr'><strong>graviter</strong></span> <span class='ocrx_word' id='word_1_670' title='bbox 1737 4860 2045 4932; x_wconf 86' lang='lat' dir='ltr'><strong>castigatos</strong></span> 
     </span>
    </p>
   </div>
   <div class='ocr_carea' id='block_1_93' title="bbox 397 4947 2042 5022">
    <p class='ocr_par' dir='ltr' id='par_1_93' title="bbox 397 4947 2042 5022">
     <span class='ocr_line' id='line_1_93' title="bbox 397 4947 2042 5022; baseline -0.001 -14"><span class='ocrx_word' id='word_1_671' title='bbox 397 4970 500 5022; x_wconf 89' lang='lat' dir='ltr'>pro</span> <span class='ocrx_word' id='word_1_672' title='bbox 532 4953 727 5010; x_wconf 83' lang='lat' dir='ltr'><strong>dilecti</strong></span> <span class='ocrx_word' id='word_1_673' title='bbox 760 4952 931 5008; x_wconf 91' lang='lat' dir='ltr'><strong>modo</strong></span> <span class='ocrx_word' id='word_1_674' title='bbox 965 4949 1268 5006; x_wconf 87' lang='lat' dir='ltr'><strong>multabat.</strong></span> <span class='ocrx_word' id='word_1_675' title='bbox 1291 4947 1620 5021; x_wconf 88' lang='lat' dir='ltr'><strong>Aliquando</strong></span> <span class='ocrx_word' id='word_1_676' title='bbox 1654 4949 2042 5006; x_wconf 84' lang='lat' dir='ltr'><strong>Dadibrenum</strong></span> 
     </span>
    </p>
   </div>
   <div class='ocr_carea' id='block_1_94' title="bbox 395 5038 2044 5116">
    <p class='ocr_par' dir='ltr' id='par_1_94' title="bbox 395 5038 2044 5116">
     <span class='ocr_line' id='line_1_94' title="bbox 395 5038 2044 5116; baseline -0.002 -15"><span class='ocrx_word' id='word_1_677' title='bbox 395 5045 788 5112; x_wconf 86' lang='lat' dir='ltr'><strong>Theodorum,</strong></span> <span class='ocrx_word' id='word_1_678' title='bbox 837 5058 1010 5116; x_wconf 83' lang='lat' dir='ltr'><strong>quem</strong></span> <span class='ocrx_word' id='word_1_679' title='bbox 1045 5041 1201 5097; x_wconf 75' lang='lat'>430</span> <span class='ocrx_word' id='word_1_680' title='bbox 1241 5057 1420 5110; x_wconf 87' lang='lat' dir='ltr'><strong>supra</strong></span> <span class='ocrx_word' id='word_1_681' title='bbox 1454 5038 1630 5095; x_wconf 82' lang='lat' dir='ltr'><strong>Alexii</strong></span> <span class='ocrx_word' id='word_1_682' title='bbox 1682 5039 2044 5109; x_wconf 88' lang='lat' dir='ltr'><strong>imperatoris</strong></span> 
     </span>
    </p>
   </div>
   <div class='ocr_carea' id='block_1_95' title="bbox 395 5129 2045 5207">
    <p class='ocr_par' dir='ltr' id='par_1_95' title="bbox 395 5129 2045 5207">
     <span class='ocr_line' id='line_1_95' title="bbox 395 5129 2045 5207; baseline -0.002 -18"><span class='ocrx_word' id='word_1_683' title='bbox 395 5135 863 5207; x_wconf 63' lang='lat' dir='ltr'><strong>praelocutionem</strong></span> <span class='ocrx_word' id='word_1_684' title='bbox 891 5131 1188 5202; x_wconf 86' lang='lat' dir='ltr'><strong>adjuvisse</strong></span> <span class='ocrx_word' id='word_1_685' title='bbox 1215 5130 1602 5195; x_wconf 80' lang='lat' dir='ltr'><strong>ostendimus,</strong></span> <span class='ocrx_word' id='word_1_686' title='bbox 1632 5129 1865 5200; x_wconf 83' lang='lat' dir='ltr'><strong>quidam</strong></span> <span class='ocrx_word' id='word_1_687' title='bbox 1897 5129 2045 5202; x_wconf 83' lang='lat' dir='ltr'><strong>agri-</strong></span> 
     </span>
    </p>
   </div>
   <div class='ocr_carea' id='block_1_96' title="bbox 395 5219 2042 5294">
    <p class='ocr_par' dir='ltr' id='par_1_96' title="bbox 395 5219 2042 5294">
     <span class='ocr_line' id='line_1_96' title="bbox 395 5219 2042 5294; baseline -0.002 -14"><span class='ocrx_word' id='word_1_688' title='bbox 395 5223 530 5283; x_wconf 80' lang='lat' dir='ltr'><strong>colae</strong></span> <span class='ocrx_word' id='word_1_689' title='bbox 561 5227 930 5290; x_wconf 80' lang='lat' dir='ltr'><strong>accusarunt,</strong></span> <span class='ocrx_word' id='word_1_690' title='bbox 963 5222 1115 5294; x_wconf 81' lang='lat' dir='ltr'><strong>quod</strong></span> <span class='ocrx_word' id='word_1_691' title='bbox 1169 5222 1316 5289; x_wconf 88' lang='lat' dir='ltr'><strong>apud</strong></span> <span class='ocrx_word' id='word_1_692' title='bbox 1351 5237 1413 5276; x_wconf 89' lang='lat' dir='ltr'>se</span> <span class='ocrx_word' id='word_1_693' title='bbox 1443 5219 1771 5275; x_wconf 88' lang='lat' dir='ltr'><strong>divertisset</strong></span> <span class='ocrx_word' id='word_1_694' title='bbox 1810 5236 1876 5275; x_wconf 89' lang='lat' dir='ltr'>ac</span> <span class='ocrx_word' id='word_1_695' title='bbox 1907 5235 2042 5276; x_wconf 86' lang='lat' dir='ltr'>cum</span> 
     </span>
    </p>
   </div>
   <div class='ocr_carea' id='block_1_97' title="bbox 397 5310 2042 5383">
    <p class='ocr_par' dir='ltr' id='par_1_97' title="bbox 397 5310 2042 5383">
     <span class='ocr_line' id='line_1_97' title="bbox 397 5310 2042 5383; baseline -0.002 -14"><span class='ocrx_word' id='word_1_696' title='bbox 397 5315 649 5371; x_wconf 77' lang='lat' dir='ltr'><strong>servitiis</strong></span> <span class='ocrx_word' id='word_1_697' title='bbox 700 5320 756 5371; x_wconf 87' lang='lat' dir='ltr'>et</span> <span class='ocrx_word' id='word_1_698' title='bbox 807 5314 1094 5383; x_wconf 86' lang='lat' dir='ltr'><strong>jumentis</strong></span> <span class='ocrx_word' id='word_1_699' title='bbox 1152 5312 1297 5377; x_wconf 82' lang='lat' dir='ltr'><strong>suis,</strong></span> <span class='ocrx_word' id='word_1_700' title='bbox 1355 5311 1629 5366; x_wconf 88' lang='lat' dir='ltr'><strong>omnibus</strong></span> <span class='ocrx_word' id='word_1_701' title='bbox 1695 5310 2042 5367; x_wconf 72' lang='lat' dir='ltr'><strong>necessariis</strong></span> 
     </span>
    </p>
   </div>
   <div class='ocr_carea' id='block_1_98' title="bbox 398 5399 2040 5475">
    <p class='ocr_par' dir='ltr' id='par_1_98' title="bbox 398 5399 2040 5475">
     <span class='ocr_line' id='line_1_98' title="bbox 398 5399 2040 5475; baseline 0 -18"><span class='ocrx_word' id='word_1_702' title='bbox 398 5406 672 5475; x_wconf 82' lang='lat' dir='ltr'><strong>acceptis,</strong></span> <span class='ocrx_word' id='word_1_703' title='bbox 729 5405 1030 5460; x_wconf 81' lang='lat' dir='ltr'><strong>discedens</strong></span> <span class='ocrx_word' id='word_1_704' title='bbox 1069 5401 1215 5458; x_wconf 90' lang='lat' dir='ltr'><strong>nihil</strong></span> <span class='ocrx_word' id='word_1_705' title='bbox 1263 5400 1542 5458; x_wconf 82' lang='lat' dir='ltr'><strong>solvisset.</strong></span> <span class='ocrx_word' id='word_1_706' title='bbox 1593 5399 1753 5464; x_wconf 83' lang='lat' dir='ltr'><strong>Quol</strong></span> <span class='ocrx_word' id='word_1_707' title='bbox 1805 5399 1901 5455; x_wconf 91' lang='lat' dir='ltr'>ubi</span> <span class='ocrx_word' id='word_1_708' title='bbox 1941 5416 2040 5457; x_wconf 83' lang='lat' dir='ltr'><strong>ve-</strong></span> 
     </span>
    </p>
   </div>
   <div class='ocr_carea' id='block_1_99' title="bbox 396 5487 2042 5563">
    <p class='ocr_par' dir='ltr' id='par_1_99' title="bbox 396 5487 2042 5563">
     <span class='ocr_line' id='line_1_99' title="bbox 396 5487 2042 5563; baseline 0.002 -20"><span class='ocrx_word' id='word_1_709' title='bbox 396 5505 526 5544; x_wconf 89' lang='lat' dir='ltr'>rum</span> <span class='ocrx_word' id='word_1_710' title='bbox 558 5509 682 5548; x_wconf 88' lang='lat' dir='ltr'><strong>esse</strong></span> <span class='ocrx_word' id='word_1_711' title='bbox 731 5492 1031 5562; x_wconf 82' lang='lat' dir='ltr'><strong>comperit,</strong></span> <span class='ocrx_word' id='word_1_712' title='bbox 1062 5490 1256 5563; x_wconf 82' lang='lat' dir='ltr'><strong>ipsum</strong></span> <span class='ocrx_word' id='word_1_713' title='bbox 1303 5488 1609 5547; x_wconf 85' lang='lat' dir='ltr'><strong>duodecim</strong></span> <span class='ocrx_word' id='word_1_714' title='bbox 1659 5487 1848 5562; x_wconf 86' lang='lat' dir='ltr'><strong>plagis</strong></span> <span class='ocrx_word' id='word_1_715' title='bbox 1897 5491 2042 5546; x_wconf 80' lang='lat' dir='ltr'><strong>fuste</strong></span> 
     </span>
    </p>
   </div>
   <div class='ocr_carea' id='block_1_100' title="bbox 390 5577 2039 5654">
    <p class='ocr_par' dir='ltr' id='par_1_100' title="bbox 390 5577 2039 5654">
     <span class='ocr_line' id='line_1_100' title="bbox 390 5577 2039 5654; baseline 0.001 -21"><span class='ocrx_word' id='word_1_716' title='bbox 390 5577 717 5650; x_wconf 81' lang='lat' dir='ltr'><strong>castigavit,</strong></span> <span class='ocrx_word' id='word_1_717' title='bbox 768 5586 824 5638; x_wconf 88' lang='lat' dir='ltr'>et</span> <span class='ocrx_word' id='word_1_718' title='bbox 853 5597 922 5638; x_wconf 80' lang='lat' dir='ltr'>ex</span> <span class='ocrx_word' id='word_1_719' title='bbox 976 5581 1114 5637; x_wconf 80' lang='lat' dir='ltr'><strong>ﬁsco</strong></span> <span class='ocrx_word' id='word_1_720' title='bbox 1163 5580 1440 5654; x_wconf 83' lang='lat' dir='ltr'><strong>agricolis</strong></span> <span class='ocrx_word' id='word_1_721' title='bbox 1482 5579 1656 5652; x_wconf 90' lang='lat' dir='ltr'><strong>longe</strong></span> <span class='ocrx_word' id='word_1_722' title='bbox 1702 5579 1836 5650; x_wconf 89' lang='lat' dir='ltr'><strong>plus</strong></span> <span class='ocrx_word' id='word_1_723' title='bbox 1866 5595 2039 5651; x_wconf 88' lang='lat' dir='ltr'><strong>quam</strong></span> 
     </span>
    </p>
   </div>
   <div class='ocr_carea' id='block_1_101' title="bbox 390 5666 2040 5742">
    <p class='ocr_par' dir='ltr' id='par_1_101' title="bbox 390 5666 2040 5742">
     <span class='ocr_line' id='line_1_101' title="bbox 390 5666 2040 5742; baseline 0.003 -22"><span class='ocrx_word' id='word_1_724' title='bbox 390 5666 590 5738; x_wconf 87' lang='lat' dir='ltr'><strong>quanti</strong></span> <span class='ocrx_word' id='word_1_725' title='bbox 639 5674 759 5724; x_wconf 90' lang='lat' dir='ltr'><strong>erat</strong></span> <span class='ocrx_word' id='word_1_726' title='bbox 813 5669 1092 5725; x_wconf 85' lang='lat' dir='ltr'><strong>damnum</strong></span> <span class='ocrx_word' id='word_1_727' title='bbox 1143 5670 1286 5726; x_wconf 86' lang='lat' dir='ltr'><strong>solvi</strong></span> <span class='ocrx_word' id='word_1_728' title='bbox 1327 5670 1523 5742; x_wconf 86' lang='lat' dir='ltr'><strong>jussit.</strong></span> <span class='ocrx_word' id='word_1_729' title='bbox 1579 5667 1821 5740; x_wconf 86' lang='lat' dir='ltr'><strong>Scripsit</strong></span> <span class='ocrx_word' id='word_1_730' title='bbox 1860 5673 1919 5725; x_wconf 89' lang='lat' dir='ltr'>et</span> <span class='ocrx_word' id='word_1_731' title='bbox 1966 5669 2040 5725; x_wconf 87' lang='lat' dir='ltr'>ad</span> 
     </span>
    </p>
   </div>
   <div class='ocr_carea' id='block_1_102' title="bbox 2165 4497 3824 4582">
    <p class='ocr_par' dir='ltr' id='par_1_102' title="bbox 2165 4497 3824 4582">
     <span class='ocr_line' id='line_1_102' title="bbox 2165 4497 3824 4582; baseline 0.006 -28"><span class='ocrx_word' id='word_1_732' title='bbox 2165 4497 2495 4574; x_wconf 83' lang='grc' dir='ltr'>χειροδικῶν</span> <span class='ocrx_word' id='word_1_733' title='bbox 2549 4501 2911 4573; x_wconf 83' lang='grc' dir='ltr'>εύέντευκτος,</span> <span class='ocrx_word' id='word_1_734' title='bbox 2971 4504 3062 4560; x_wconf 86' lang='grc' dir='ltr'>καὶ</span> <span class='ocrx_word' id='word_1_735' title='bbox 3091 4505 3358 4579; x_wconf 89' lang='grc' dir='ltr'>πρόσωπα</span> <span class='ocrx_word' id='word_1_736' title='bbox 3411 4508 3489 4580; x_wconf 75' lang='grc' dir='ltr'>μὴ</span> <span class='ocrx_word' id='word_1_737' title='bbox 3525 4503 3824 4582; x_wconf 70' lang='grc' dir='ltr'>λαμϐάνων</span> 
     </span>
    </p>
   </div>
   <div class='ocr_carea' id='block_1_103' title="bbox 2159 4587 3823 4670">
    <p class='ocr_par' dir='ltr' id='par_1_103' title="bbox 2159 4587 3823 4670">
     <span class='ocr_line' id='line_1_103' title="bbox 2159 4587 3823 4670; baseline 0.007 -27"><span class='ocrx_word' id='word_1_738' title='bbox 2159 4587 2257 4644; x_wconf 86' lang='grc' dir='ltr'>ούκ</span> <span class='ocrx_word' id='word_1_739' title='bbox 2285 4590 2413 4664; x_wconf 78' lang='grc' dir='ltr'>ᾗρεν</span> <span class='ocrx_word' id='word_1_740' title='bbox 2445 4589 2551 4646; x_wconf 89' lang='grc' dir='ltr'>ἀπὸ</span> <span class='ocrx_word' id='word_1_741' title='bbox 2580 4595 2678 4646; x_wconf 79' lang='grc' dir='ltr'>τοῦ</span> <span class='ocrx_word' id='word_1_742' title='bbox 2709 4588 2923 4648; x_wconf 77' lang='grc' dir='ltr'>δικαίου</span> <span class='ocrx_word' id='word_1_743' title='bbox 2951 4593 3014 4649; x_wconf 92' lang='grc' dir='ltr'>τὸ</span> <span class='ocrx_word' id='word_1_744' title='bbox 3073 4591 3302 4667; x_wconf 82' lang='grc' dir='ltr'>δίκαιον,</span> <span class='ocrx_word' id='word_1_745' title='bbox 3361 4594 3488 4652; x_wconf 88' lang='grc' dir='ltr'>ἀλλ’</span> <span class='ocrx_word' id='word_1_746' title='bbox 3548 4595 3635 4653; x_wconf 68' lang='grc' dir='ltr'>ἐπ’</span> <span class='ocrx_word' id='word_1_747' title='bbox 3699 4597 3823 4670; x_wconf 72' lang='grc' dir='ltr'>ἴσης</span> 
     </span>
    </p>
   </div>
   <div class='ocr_carea' id='block_1_104' title="bbox 2158 4680 3822 4762">
    <p class='ocr_par' dir='ltr' id='par_1_104' title="bbox 2158 4680 3822 4762">
     <span class='ocr_line' id='line_1_104' title="bbox 2158 4680 3822 4762; baseline 0.005 -28"><span class='ocrx_word' id='word_1_748' title='bbox 2158 4682 2239 4752; x_wconf 75' lang='grc' dir='ltr'>τῷ</span> <span class='ocrx_word' id='word_1_749' title='bbox 2267 4680 2366 4748; x_wconf 77' lang='grc' dir='ltr'>τήν</span> <span class='ocrx_word' id='word_1_750' title='bbox 2398 4680 2574 4754; x_wconf 78' lang='grc' dir='ltr'>τύχην</span> <span class='ocrx_word' id='word_1_751' title='bbox 2607 4681 2886 4757; x_wconf 78' lang='grc' dir='ltr'>χθαμαλῷ</span> <span class='ocrx_word' id='word_1_752' title='bbox 2929 4683 3021 4738; x_wconf 87' lang='grc' dir='ltr'>τὸν</span> <span class='ocrx_word' id='word_1_753' title='bbox 3077 4684 3170 4739; x_wconf 81' lang='grc' dir='ltr'>καὶ</span> <span class='ocrx_word' id='word_1_754' title='bbox 3226 4684 3367 4762; x_wconf 74' lang='grc' dir='ltr'>γένει</span> <span class='ocrx_word' id='word_1_755' title='bbox 3431 4686 3520 4741; x_wconf 75' lang='grc' dir='ltr'>καὶ</span> <span class='ocrx_word' id='word_1_756' title='bbox 3580 4685 3822 4760; x_wconf 81' lang='grc' dir='ltr'>πλούτῳ</span> 
     </span>
    </p>
   </div>
   <div class='ocr_carea' id='block_1_105' title="bbox 2157 4769 3820 4851">
    <p class='ocr_par' dir='ltr' id='par_1_105' title="bbox 2157 4769 3820 4851">
     <span class='ocr_line' id='line_1_105' title="bbox 2157 4769 3820 4851; baseline 0.006 -31"><span class='ocrx_word' id='word_1_757' title='bbox 2157 4769 2352 4841; x_wconf 81' lang='grc' dir='ltr'>σεμνὸν</span> <span class='ocrx_word' id='word_1_758' title='bbox 2391 4770 2646 4845; x_wconf 82' lang='grc' dir='ltr'>παράγων</span> <span class='ocrx_word' id='word_1_759' title='bbox 2707 4771 2796 4826; x_wconf 73' lang='grc' dir='ltr'>ἐπὶ</span> <span class='ocrx_word' id='word_1_760' title='bbox 2855 4771 2917 4827; x_wconf 88' lang='grc' dir='ltr'>τὸ</span> <span class='ocrx_word' id='word_1_761' title='bbox 2975 4770 3252 4847; x_wconf 83' lang='grc' dir='ltr'>κρίνεσθαι</span> <span class='ocrx_word' id='word_1_762' title='bbox 3307 4774 3629 4851; x_wconf 74' lang='grc' dir='ltr'>ἀμφοτέρων</span> <span class='ocrx_word' id='word_1_763' title='bbox 3684 4797 3820 4832; x_wconf 88' lang='grc' dir='ltr'>νου-</span> 
     </span>
    </p>
   </div>
   <div class='ocr_carea' id='block_1_106' title="bbox 2153 4859 3816 4936">
    <p class='ocr_par' dir='ltr' id='par_1_106' title="bbox 2153 4859 3816 4936">
     <span class='ocr_line' id='line_1_106' title="bbox 2153 4859 3816 4936; baseline 0.006 -24"><span class='ocrx_word' id='word_1_764' title='bbox 2153 4859 2426 4933; x_wconf 86' lang='grc' dir='ltr'>νεχόντως</span> <span class='ocrx_word' id='word_1_765' title='bbox 2471 4864 2837 4936; x_wconf 81' lang='grc' dir='ltr'>κατηκροᾶτο,</span> <span class='ocrx_word' id='word_1_766' title='bbox 2905 4861 2996 4918; x_wconf 82' lang='grc' dir='ltr'>καὶ</span> <span class='ocrx_word' id='word_1_767' title='bbox 3055 4862 3391 4936; x_wconf 81' lang='grc' dir='ltr'>ἐπέπληττεν</span> <span class='ocrx_word' id='word_1_768' title='bbox 3464 4866 3659 4929; x_wconf 75' lang='grc' dir='ltr'>ἱκανῶς</span> <span class='ocrx_word' id='word_1_769' title='bbox 3719 4867 3816 4922; x_wconf 71' lang='grc' dir='ltr'>καὶ</span> 
     </span>
    </p>
   </div>
   <div class='ocr_carea' id='block_1_107' title="bbox 2155 4944 3814 5029">
    <p class='ocr_par' dir='ltr' id='par_1_107' title="bbox 2155 4944 3814 5029">
     <span class='ocr_line' id='line_1_107' title="bbox 2155 4944 3814 5029; baseline 0.007 -28"><span class='ocrx_word' id='word_1_770' title='bbox 2155 4944 2310 5018; x_wconf 80' lang='grc' dir='ltr'>δίκην</span> <span class='ocrx_word' id='word_1_771' title='bbox 2362 4948 2593 5004; x_wconf 79' lang='grc' dir='ltr'>ἐπετίθει</span> <span class='ocrx_word' id='word_1_772' title='bbox 2654 4949 2920 5025; x_wconf 76' lang='grc' dir='ltr'>ἀνάλογον</span> <span class='ocrx_word' id='word_1_773' title='bbox 2991 4956 3072 5024; x_wconf 78' lang='grc' dir='ltr'>τῷ</span> <span class='ocrx_word' id='word_1_774' title='bbox 3128 4953 3315 5029; x_wconf 84' lang='grc' dir='ltr'>γαύρῳ</span> <span class='ocrx_word' id='word_1_775' title='bbox 3383 4954 3471 5010; x_wconf 65' lang='grc' dir='ltr'>καὶ</span> <span class='ocrx_word' id='word_1_776' title='bbox 3528 4951 3814 5028; x_wconf 76' lang='grc' dir='ltr'>ἀδοξοῦντι</span> 
     </span>
    </p>
   </div>
   <div class='ocr_carea' id='block_1_108' title="bbox 2157 5035 3813 5116">
    <p class='ocr_par' dir='ltr' id='par_1_108' title="bbox 2157 5035 3813 5116">
     <span class='ocr_line' id='line_1_108' title="bbox 2157 5035 3813 5116; baseline 0.007 -26"><span class='ocrx_word' id='word_1_777' title='bbox 2157 5037 2290 5110; x_wconf 83' lang='grc' dir='ltr'>μετά</span> <span class='ocrx_word' id='word_1_778' title='bbox 2347 5035 2581 5108; x_wconf 84' lang='grc' dir='ltr'>πένητος</span> <span class='ocrx_word' id='word_1_779' title='bbox 2637 5039 2932 5113; x_wconf 78' lang='grc' dir='ltr'>κρίνεσθαι,</span> <span class='ocrx_word' id='word_1_780' title='bbox 2993 5041 3038 5095; x_wconf 85' lang='grc' dir='ltr'>εἰ</span> <span class='ocrx_word' id='word_1_781' title='bbox 3111 5043 3430 5116; x_wconf 66' lang='grc' dir='ltr'>πεφώραται</span> <span class='ocrx_word' id='word_1_782' title='bbox 3515 5039 3719 5100; x_wconf 81' lang='grc' dir='ltr'>ἀδικῶν</span> <span class='ocrx_word' id='word_1_783' title='bbox 3776 5047 3813 5115; x_wconf 76' lang='grc' dir='ltr'><strong>ἢ</strong></span> 
     </span>
    </p>
   </div>
   <div class='ocr_carea' id='block_1_109' title="bbox 2153 5121 3810 5210">
    <p class='ocr_par' dir='ltr' id='par_1_109' title="bbox 2153 5121 3810 5210">
     <span class='ocr_line' id='line_1_109' title="bbox 2153 5121 3810 5210; baseline 0.007 -31"><span class='ocrx_word' id='word_1_784' title='bbox 2153 5121 2418 5180; x_wconf 73' lang='grc' dir='ltr'>ἐκθλίϐων</span> <span class='ocrx_word' id='word_1_785' title='bbox 2453 5128 2544 5182; x_wconf 83' lang='grc' dir='ltr'>καὶ</span> <span class='ocrx_word' id='word_1_786' title='bbox 2575 5127 2837 5200; x_wconf 71' lang='grc' dir='ltr'>πλήττων</span> <span class='ocrx_word' id='word_1_787' title='bbox 2869 5133 3060 5207; x_wconf 80' lang='grc' dir='ltr'>πυγμῇ</span> <span class='ocrx_word' id='word_1_788' title='bbox 3103 5131 3194 5186; x_wconf 85' lang='grc' dir='ltr'>τὸν</span> <span class='ocrx_word' id='word_1_789' title='bbox 3227 5126 3472 5210; x_wconf 71' lang='grc' dir='ltr'>ἔγγιστα.</span> <span class='ocrx_word' id='word_1_790' title='bbox 3505 5134 3643 5189; x_wconf 71' lang='grc' dir='ltr'>Ποτὶ</span> <span class='ocrx_word' id='word_1_791' title='bbox 3712 5131 3810 5190; x_wconf 74' lang='grc' dir='ltr'>οὖν</span> 
     </span>
    </p>
   </div>
   <div class='ocr_carea' id='block_1_110' title="bbox 2149 5214 3820 5298">
    <p class='ocr_par' dir='ltr' id='par_1_110' title="bbox 2149 5214 3820 5298">
     <span class='ocr_line' id='line_1_110' title="bbox 2149 5214 3820 5298; baseline 0.005 -28"><span class='ocrx_word' id='word_1_792' title='bbox 2149 5219 2342 5286; x_wconf 74' lang='grc' dir='ltr'>καιροῦ</span> <span class='ocrx_word' id='word_1_793' title='bbox 2375 5214 2727 5291; x_wconf 81' lang='grc' dir='ltr'>περιέστησαν</span> <span class='ocrx_word' id='word_1_794' title='bbox 2761 5217 2920 5275; x_wconf 83' lang='grc' dir='ltr'>αύτὸν</span> <span class='ocrx_word' id='word_1_795' title='bbox 2977 5219 3026 5290; x_wconf 78' lang='grc' dir='ltr'>ἐξ</span> <span class='ocrx_word' id='word_1_796' title='bbox 3084 5221 3371 5298; x_wconf 83' lang='grc' dir='ltr'>ἀγροικίας</span> <span class='ocrx_word' id='word_1_797' title='bbox 3429 5222 3592 5292; x_wconf 80' lang='grc' dir='ltr'>τινὶς,</span> <span class='ocrx_word' id='word_1_798' title='bbox 3636 5229 3820 5279; x_wconf 77' lang='grc' dir='ltr'>κατα-</span> 
     </span>
    </p>
   </div>
   <div class='ocr_carea' id='block_1_111' title="bbox 2151 5300 3816 5386">
    <p class='ocr_par' dir='ltr' id='par_1_111' title="bbox 2151 5300 3816 5386">
     <span class='ocr_line' id='line_1_111' title="bbox 2151 5300 3816 5386; baseline 0.005 -26"><span class='ocrx_word' id='word_1_799' title='bbox 2151 5300 2386 5369; x_wconf 81' lang='grc' dir='ltr'>6οῶντες</span> <span class='ocrx_word' id='word_1_800' title='bbox 2421 5309 2516 5361; x_wconf 81' lang='grc' dir='ltr'>τοῦ</span> <span class='ocrx_word' id='word_1_801' title='bbox 2548 5302 2885 5381; x_wconf 71' lang='grc' dir='ltr'>Δαδιδρηνοῢ</span> <span class='ocrx_word' id='word_1_802' title='bbox 2932 5305 3218 5386; x_wconf 80' lang='grc' dir='ltr'>Θεοδώρου</span> <span class='ocrx_word' id='word_1_803' title='bbox 3278 5312 3352 5375; x_wconf 83' lang='grc' dir='ltr'>ὡς</span> <span class='ocrx_word' id='word_1_804' title='bbox 3400 5309 3816 5377; x_wconf 79' lang='grc' dir='ltr'>καταλύσαντος</span> 
     </span>
    </p>
   </div>
   <div class='ocr_carea' id='block_1_112' title="bbox 2149 5395 3820 5476">
    <p class='ocr_par' dir='ltr' id='par_1_112' title="bbox 2149 5395 3820 5476">
     <span class='ocr_line' id='line_1_112' title="bbox 2149 5395 3820 5476; baseline 0.005 -27"><span class='ocrx_word' id='word_1_805' title='bbox 2149 5395 2298 5470; x_wconf 76' lang='grc' dir='ltr'>παρὰ</span> <span class='ocrx_word' id='word_1_806' title='bbox 2338 5395 2517 5472; x_wconf 79' lang='grc' dir='ltr'>σφίσιν</span> <span class='ocrx_word' id='word_1_807' title='bbox 2551 5395 2604 5450; x_wconf 73' lang='grc' dir='ltr'>έν</span> <span class='ocrx_word' id='word_1_808' title='bbox 2652 5400 2732 5470; x_wconf 81' lang='grc' dir='ltr'>τῷ</span> <span class='ocrx_word' id='word_1_809' title='bbox 2787 5395 3131 5472; x_wconf 70' lang='grc' dir='ltr'>παροδεύειν,</span> <span class='ocrx_word' id='word_1_810' title='bbox 3163 5399 3254 5454; x_wconf 82' lang='grc' dir='ltr'>καὶ</span> <span class='ocrx_word' id='word_1_811' title='bbox 3286 5395 3658 5476; x_wconf 73' lang='grc' dir='ltr'>πορισαμένου</span> <span class='ocrx_word' id='word_1_812' title='bbox 3715 5403 3820 5475; x_wconf 75' lang='grc' dir='ltr'>μὲν</span> 
     </span>
    </p>
   </div>
   <div class='ocr_carea' id='block_1_113' title="bbox 2149 5483 3818 5564">
    <p class='ocr_par' dir='ltr' id='par_1_113' title="bbox 2149 5483 3818 5564">
     <span class='ocr_line' id='line_1_113' title="bbox 2149 5483 3818 5564; baseline 0.005 -24"><span class='ocrx_word' id='word_1_813' title='bbox 2149 5483 2289 5540; x_wconf 76' lang='grc' dir='ltr'>ὅσων</span> <span class='ocrx_word' id='word_1_814' title='bbox 2344 5484 2624 5554; x_wconf 78' lang='grc' dir='ltr'>ἐσπάνιζεν</span> <span class='ocrx_word' id='word_1_815' title='bbox 2681 5485 2846 5550; x_wconf 82' lang='grc' dir='ltr'>αὐτὸς</span> <span class='ocrx_word' id='word_1_816' title='bbox 2901 5488 2995 5543; x_wconf 83' lang='grc' dir='ltr'>καὶ</span> <span class='ocrx_word' id='word_1_817' title='bbox 3050 5491 3086 5558; x_wconf 79' lang='grc' dir='ltr'>ἡ</span> <span class='ocrx_word' id='word_1_818' title='bbox 3123 5489 3392 5564; x_wconf 81' lang='grc' dir='ltr'>ὑπηρεσία</span> <span class='ocrx_word' id='word_1_819' title='bbox 3430 5489 3595 5546; x_wconf 78' lang='grc' dir='ltr'>αὐτοῦ</span> <span class='ocrx_word' id='word_1_820' title='bbox 3628 5488 3818 5549; x_wconf 69' lang='grc' dir='ltr'>ἀπαυκ</span> 
     </span>
    </p>
   </div>
   <div class='ocr_carea' id='block_1_114' title="bbox 2148 5571 3818 5652">
    <p class='ocr_par' dir='ltr' id='par_1_114' title="bbox 2148 5571 3818 5652">
     <span class='ocr_line' id='line_1_114' title="bbox 2148 5571 3818 5652; baseline 0.005 -24"><span class='ocrx_word' id='word_1_821' title='bbox 2148 5571 2240 5628; x_wconf 86' lang='grc' dir='ltr'>καὶ</span> <span class='ocrx_word' id='word_1_822' title='bbox 2272 5573 2339 5628; x_wconf 73' lang='grc' dir='ltr'>τὰ</span> <span class='ocrx_word' id='word_1_823' title='bbox 2392 5573 2657 5649; x_wconf 75' lang='grc' dir='ltr'>ὀχήματα</span> <span class='ocrx_word' id='word_1_824' title='bbox 2707 5573 3010 5650; x_wconf 82' lang='grc' dir='ltr'>ξύμπαντα,</span> <span class='ocrx_word' id='word_1_825' title='bbox 3045 5574 3216 5651; x_wconf 71' lang='grc' dir='ltr'>μηδέν</span> <span class='ocrx_word' id='word_1_826' title='bbox 3250 5575 3298 5634; x_wconf 82' lang='grc' dir='ltr'>δ’</span> <span class='ocrx_word' id='word_1_827' title='bbox 3325 5575 3585 5652; x_wconf 82' lang='grc' dir='ltr'>ἀπόδομα</span> <span class='ocrx_word' id='word_1_828' title='bbox 3639 5601 3818 5640; x_wconf 64' lang='grc' dir='ltr'>κατα-</span> 
     </span>
    </p>
   </div>
   <div class='ocr_carea' id='block_1_115' title="bbox 2151 5661 3818 5747">
    <p class='ocr_par' dir='ltr' id='par_1_115' title="bbox 2151 5661 3818 5747">
     <span class='ocr_line' id='line_1_115' title="bbox 2151 5661 3818 5747; baseline 0.005 -28"><span class='ocrx_word' id='word_1_829' title='bbox 2151 5661 2376 5740; x_wconf 69' lang='grc' dir='ltr'>θεμένου</span> <span class='ocrx_word' id='word_1_830' title='bbox 2410 5663 2462 5719; x_wconf 83' lang='grc' dir='ltr'>ἐν</span> <span class='ocrx_word' id='word_1_831' title='bbox 2514 5667 2595 5738; x_wconf 78' lang='grc' dir='ltr'>τῷ</span> <span class='ocrx_word' id='word_1_832' title='bbox 2650 5663 3018 5740; x_wconf 76' lang='grc' dir='ltr'>μεθίστασθαι.</span> <span class='ocrx_word' id='word_1_833' title='bbox 3073 5669 3229 5726; x_wconf 80' lang='grc' dir='ltr'>Ἔστι</span> <span class='ocrx_word' id='word_1_834' title='bbox 3287 5663 3336 5723; x_wconf 81' lang='grc' dir='ltr'>δ’</span> <span class='ocrx_word' id='word_1_835' title='bbox 3389 5669 3420 5724; x_wconf 88' lang='grc' dir='ltr'><strong>ὁ</strong></span> <span class='ocrx_word' id='word_1_836' title='bbox 3469 5664 3818 5747; x_wconf 80' lang='grc' dir='ltr'>Δαδιϐρηνὸς</span> 
     </span>
    </p>
   </div>
  </div>
