4112 6218
301 410 417 472 689

1350 409 1452 469 DE
1494 409 1957 473 ANDRONIGO
2003 411 2386 476 COMNENO
2429 413 2587 479 LIB.
2634 417 2709 477 ll.

3607 419 3727 480 690

301 546 464 608 οὗτος
497 537 608 598 ὅνὸ
651 539 820 616 λόγος
879 538 1153 613 ἐδήλωσεν
1207 538 1408 607 ἀνωθεν
1459 542 1799 620 ὑιιτηρετ.;,-εη,ιι
1845 547 1953 619 {uel

2076 549 2363 621 quosdam
2398 549 2836 622 magistratibus
2867 551 3176 625 fungentes
3205 552 3720 623 hujusmodilitte-

299 636 498 712 ἑτέρων
526 636 597 706 τῇ
623 637 721 689 τοῦ
769 630 1039 708 βασιλέως
1082 632 1332 706 ’Λλεξίου
1378 638 1672 710 πνιγμονῇ.
1730 634 1959 698 Δικάσας

301 723 395 782 οὖν
455 725 593 798 μετὰ
646 728 753 778 τῶν
813 722 1123 798 ἀγροτέρων
1195 721 1436 792 ἐκείνων,
1509 725 1598 779 καὶ
1689 722 1949 796 ἀληθείας

305 815 478 888 εύρὼν
506 811 746 888 ἐχόμενα
774 811 843 867 τὰ
873 809 1171 886 λεγόμενα,
1201 812 1362 867 αὐτὸν
1426 813 1521 886 μὶν
1572 810 1644 868 δι’
1673 812 1962 870 ἀλλακτῶν

303 900 592 959 ἐπαίδευσε
643 897 880 970 δώδεκα,
909 901 1008 969 τήν
1040 898 1097 956 δὲ
1133 907 1243 957 τῶν
1289 900 1660 958 ἀναλωλάτων
1706 905 1876 977 τιμῆν
1910 902 1964 966 ἐς

303 991 368 1049 τὸ
400 990 826 1048 πολλαπλάσιον
880 988 1129 1048 ἐκέλευσε
1176 991 1499 1057 καταθέσθαι
1551 998 1668 1056 τοῖς
1716 993 1807 1048 ἐπὶ
1850 998 1960 1049 τῶν

309 1082 608 1159 χρυσώνων
632 1084 742 1137 τῶν
772 1080 1098 1157 βασιλικῶν.
1133 1084 1374 1158 Ἔγραψε
1406 1080 1464 1137 δὲ
1501 1082 1593 1137 καὶ
1635 1082 1770 1153 πρός
1814 1103 1962 1146 τινας

2073 654 2215 695 ras:
2252 661 2280 689 »
2336 638 2482 696 Vere
2542 640 2824 696 mendacii
2884 643 3179 714 princeps,
3235 644 3503 714 prudenti
3590 662 3719 701 meo

2084 727 2311 797 judicio
2340 729 2709 800 imprudens,
2741 738 2794 786 ct
2818 738 2874 785 tu
2890 728 3105 786 holitor
3137 731 3433 802 venalicia,
3458 734 3721 790 auditum

2077 820 2166 874 est
2207 823 2405 873 nostro
2464 819 2710 886 imperio
2767 836 2869 875 vos
2919 820 3151 875 studere
3198 820 3455 891 injuriis.
3520 822 3722 878 Enim-

2080 923 2217 963 vero
2249 907 2620 978 autinjurias
2678 912 2779 964 aut
2833 909 3013 964 vitam
3075 909 3404 981 relinquite.
3445 911 3591 967 Nam
3626 928 3722 967 vos

2090 994 2341 1067 injurias
2373 1011 2499 1051 esse
2530 1001 2587 1053 et
2640 997 2826 1053 vivere
2892 1015 3084 1070 neque
3131 999 3248 1055 Deo
3297 1007 3597 1072 acceptum
3632 1004 3722 1055 est

2072 1085 2415 1156 nequemihi
2446 1101 2610 1142 servo
2632 1087 2761 1157 ejus
2795 1087 3115 1144 tolerabile.
3154 1110 3182 1138 »

307 1177 418 1228 τῶν
452 1172 520 1228 τὰ
553 1169 795 1245 δημόσια
828 1171 1178 1245 ἐνεργούντων
1215 1170 1511 1241 ἐπιστολὴν
1544 1168 1777 1248 ἔχουσαν
1812 1169 2006 1235 οὓτως·
2039 1196 2069 1224 ‹‹
2097 1170 2353 1243 Ἀληθινὶ
2384 1176 2496 1249 (19)
2549 1179 2645 1230 τοῦ
2692 1172 2922 1248 ψεύδους
2970 1176 3348 1253 πρωτάγγελε,
3404 1177 3466 1233 σὺ
3507 1176 3723 1233 ἀσύνετέ

311 1283 406 1335 μοι
438 1262 683 1330 Συνέσιε,
724 1259 901 1316 καὶσὺ
931 1260 1164 1336 ἀγοραῖε
1201 1266 1447 1336 Ααχανᾶ,
1503 1259 1768 1332 {iacuerat
1816 1265 1884 1335 τῇ
1938 1258 2193 1337 βασιλείᾳ
2243 1283 2347 1334 μου
2397 1260 2599 1318 ἀδικεῖν
2647 1260 2787 1339 ὔμᾶς
2827 1266 2894 1319 τε
2935 1264 3141 1335 πολλὰ,
3202 1263 3358 1336 καὶῆ
3396 1266 3459 1321 τὸ
3516 1263 3718 1320 ἀδικεῖν

303 1351 496 1408 ἐάσατε
531 1348 561 1420 ἥ
591 1352 656 1405 τὸ
690 1354 807 1425 ζῇν·
842 1349 904 1405 τὸ
948 1351 1055 1426 γὰρ
1093 1348 1295 1406 ἀδικεῖν
1330 1351 1472 1424 ὑμᾶς
1504 1352 1593 1407 καὶ
1627 1356 1722 1426 ζῇν
1756 1348 1878 1406 οὕτε
1902 1354 1983 1424 τῷ
2008 1355 2123 1424 Θεῷ
2152 1350 2371 1427 ἀρεστόν
2403 1350 2543 1407 ἐστιν
2576 1349 2692 1409 οὔτ’
2722 1352 2846 1427 ἐμοὶ
2872 1358 2951 1425 τῷ
2984 1351 3166 1427 δούλῳ
3224 1356 3373 1428 αὐτῷ
3419 1354 3654 1413 ἀνεκτόν,
3690 1379 3719 1406 ››

378 1443 655 1499 Τοσοῦτον
684 1437 732 1495 δ’
764 1438 966 1517 ἀπεῖχε
1004 1442 1107 1510 τήν
1139 1439 1262 1498 τότε
1290 1440 1379 1496 καὶ
1437 1445 1528 1496 νῦν
1582 1443 1707 1514 περὶ
1751 1438 1961 1517 δογμά-

301 1551 415 1586 των
472 1529 624 1594 θείων
677 1533 985 1604 κρατοῦσαν
1042 1530 1366 1585 κατάστασιν
1422 1528 1681 1601 ἐπαινεῖν,
1749 1531 1784 1599 ἣ
1839 1530 1964 1605 περὶ

302 1623 441 1677 Θεοῦ
484 1641 539 1675 τι
597 1616 777 1695 λέγειν
837 1620 930 1674 καὶ
987 1618 1202 1675 ἀκούειν
1262 1619 1346 1674 ἀεὶ
1403 1619 1716 1694 καινότερον
1777 1616 1962 1693 ἤθελε,

2143 1442 2391 1498 Tantum
2427 1459 2595 1515 porro
2634 1444 2819 1500 abfuit
2854 1450 2917 1499 ut
2946 1446 3434 1501 consuetudinem
3486 1451 3541 1501 et
3573 1451 3711 1502 tunc

2072 1537 2130 1587 et
2152 1547 2309 1589 nunc
2340 1538 2628 1606 receptam
2664 1535 2732 1589 de
2758 1533 2970 1590 divinis
2996 1536 3363 1606 dogmatibus
3405 1535 3716 1607 disputan-

2074 1621 2128 1676 di
2160 1621 2448 1692 probaret,
2494 1630 2592 1677 aut
2622 1624 2694 1678 de
2746 1623 2862 1681 Deo
2922 1623 3055 1679 novi
3110 1623 3329 1696 aliquid
3384 1625 3476 1679 vel
3526 1624 3718 1680 dicere

306 1707 606 1764 καὶταῦτα
658 1714 758 1777 τῆς
817 1707 1091 1781 ἡμετέρας
1147 1706 1338 1785 σοφίας
1386 1707 1488 1763 οὐκ
1538 1705 1688 1783 ἄκρῳ
1745 1703 1953 1782 λιχανιῖ.

2074 1709 2157 1765 vel
2189 1708 2581 1767 audirevellet
2627 1711 2829 1785 (idque
2884 1728 3017 1768 cum
3077 1721 3331 1769 nostram
3391 1713 3718 1769 doctrinam

297 1796 647 1875 γεγευμένος,
707 1794 849 1853 ὥστε
900 1798 990 1853 καὶ
1048 1800 1130 1870 τῷ
1194 1798 1327 1852 νέων
1400 1801 1626 1872 Πατρῶν
1695 1794 1963 1870 Εὗθυμίῳ

300 1889 501 1964 (μέγας
534 1885 581 1942 δ’
617 1885 672 1942 ἐν
704 1885 894 1963 λόγοις
927 1886 1085 1951 οὗτος
1120 1887 1187 1956 ἦν
1221 1887 1248 1941 ὁ
1274 1885 1437 1962 ἀνὴρ)
1468 1887 1553 1960 [Ρ.
1586 1886 1713 1961 213]
1752 1884 1841 1940 καὶ
1881 1889 1960 1957 τῷ

305 1977 531 2049 Κινάμῳ
561 1975 780 2050 Ἰωάννῃ
809 1974 871 2032 οὗ
907 1974 1067 2049 μόνον
1110 1974 1407 2047 ἐπέπληξεν
1463 1973 1611 2038 ἐντὸς
1648 1978 1745 2044 τῆς
1798 1975 1956 2050 βασι-

300 2064 464 2121 λείου
498 2070 699 2137 σκηνῆς
730 2066 868 2121 κατὰ
903 2060 966 2120 τι)
1025 2061 1304 2120 Λοπάδιον
1354 2062 1771 2139 διαλεγομένοις
1832 2063 1958 2138 περὶ

295 2163 403 2227 τῆς
444 2180 472 2209 ‹‹
504 2157 564 2215 Ὀ
600 2158 786 2231 Πατήρ
818 2177 926 2230 μου
961 2157 1163 2230 μείζων
1198 2156 1304 2230 μού
1337 2154 1448 2211 ἐστι
1482 2180 1504 2210 ι
1539 2159 1636 2210 τοῦ
1685 2155 1955 2230 θεανθρώ-

294 2266 407 2302 που
438 2248 645 2327 φωνῆς,
678 2244 825 2302 ἄλλα
870 2244 961 2301 καὶ
1018 2245 1155 2301 κατὰ
1212 2249 1309 2301 τοῦ
1355 2241 1654 2301 Ῥυνδακοῦ
1703 2247 1955 2317 ποταμοῦ

298 2336 603 2394 ἀκοντίσειν
663 2333 985 2412 χαλεπήνας
1043 2332 1354 2406 ἐπείλησεν,
1414 2334 1460 2389 εἰ
1519 2334 1595 2409 μή
1653 2332 1953 2389 παύσαιντο

294 2426 629 2499 ποιούμενοι
673 2427 796 2500 περὶ
837 2427 970 2481 Θεοῦ
1019 2425 1117 2495 τὴν
1158 2419 1412 2495 διάλεξιν.
1450 2423 1561 2479 Καὶ
1607 2424 1684 2497 μὴ
1735 2421 1953 2478 κάκεῖνό

294 2534 369 2589 γε
416 2517 647 2588 σημεῖον
685 2516 783 2568 τοῦ
844 2512 922 2586 μὴ
982 2513 1208 2585 πάμπαν
1250 2509 1675 2586 ἐκτεθηριῶσθαι
1733 2508 1957 2586 Ἀνδρό-

286 2621 461 2658 νικον”
494 2606 592 2658 τοῦ
621 2599 724 2678 γὰρ
758 2601 932 2677 Λόγου
985 2601 1152 2677 λόγον
1206 2602 1490 2672 τιθέμενος
1541 2598 1604 2654 ού
1663 2599 1956 2676 πόρῥωτῆς

290 2688 636 2765 ἀλουργίδος
662 2688 791 2746 τοὺς
824 2691 1053 2766 πατέρας
1110 2689 1292 2766 λόγων
1345 2687 1577 2761 έτίΟετο,
1624 2688 1752 2745 ἀλλ’
1798 2686 1955 2766 ἐγγὺς

290 2778 449 2858 ἄγων
482 2784 581 2836 τοῦ
630 2779 827 2855 θρόνου
879 2778 970 2835 καὶ
1031 2776 1263 2855 δωρεαῖς
1323 2777 1644 2843 διαθάλπων
1707 2782 1953 2853 συχναῖς,

292 2870 393 2926 καὶ
451 2873 622 2944 τιμῆς
673 2869 869 2925 οῦκουν
925 2868 1226 2944 ἐλαχίστης
1318 2864 1669 2942 μεταδιδοὺς,
1750 2864 1956 2923 ἐδείκνυ

296 2960 491 3017 ἑαυτὸν
522 2959 610 3014 καὶ
637 2957 963 3039 φιλοσοφίαν
1004 2953 1426 3032 οὖρανοϐάμονα
1478 2956 1612 3032 μέγα
1662 2978 1711 3011 τι
1764 2960 1960 3033 χρῆμα

2072 1815 2187 1855 non
2219 1799 2468 1857 summis
2497 1804 2725 1856 tantum
2754 1800 2933 1857 labris
2963 1801 3298 1874 attigisset),
3331 1808 3393 1857 ul
3432 1818 3714 1860 novarum

2069 1887 2367 1944 Patrarum
2431 1889 2772 1962 episeOpum
2844 1891 3258 1963 Euthymium,
3311 1892 3459 1947 431
3524 1892 3711 1949 virum

2065 1977 2561 2046 eruditissimum,
2592 1987 2643 2035 et
2686 1979 2995 2034 Cinamum
3048 1981 3351 2049 Joannem,
3412 1981 3483 2035 ad
3521 1981 3704 2053 Lopa-

2066 2066 2227 2121 dium
2260 2067 2331 2123 de
2363 2066 2461 2123 illo
2492 2066 2703 2124 Christi
2746 2069 2900 2125 dicto
2930 2070 3097 2124 Pater
3141 2071 3324 2140 major
3372 2078 3449 2126 est
3503 2087 3591 2125 mc
3647 2070 3707 2126 in

2066 2171 2172 2210 suo
2198 2155 2573 2212 tabernaculo
2604 2157 2952 2213 disserentes
2983 2157 3387 2229 objurgarit,et
3415 2158 3475 2212 in
3509 2158 3708 2231 Rhyn-

2065 2244 2274 2300 dacum
2308 2262 2532 2302 amnem
2563 2247 2931 2317 abjeeturum
2981 2251 3237 2303 minatus
3295 2247 3395 2312 sit,
3454 2248 3511 2302 ni
3562 2247 3709 2303 desi-

2067 2339 2304 2391 sterent.
2338 2334 2463 2389 Fuit
2491 2339 2690 2391 autem
2738 2334 2882 2391 illud
2940 2339 3304 2408 argumento,
3367 2353 3484 2393 non
3543 2337 3714 2409 plane

2066 2421 2364 2480 efferatum
2422 2425 2608 2481 fuisse
2663 2426 3082 2492 Andronicum,
3163 2429 3313 2497 quod
3373 2426 3716 2483 eruditionis

2066 2514 2344 2570 rationem
2366 2513 2574 2569 habuit
2608 2532 2622 2581 ;
2655 2518 2712 2570 et
2736 2515 2998 2570 eruditos
3031 2532 3143 2571 non
3180 2515 3376 2587 procul
3411 2531 3720 2588 apurpura

2072 2604 2169 2659 sed
2205 2619 2410 2674 propre
2438 2597 2653 2658 solium
2685 2620 2857 2659 suum
2914 2605 3223 2661 collocatos
3257 2609 3311 2660 et
3370 2604 3718 2661 muneribus

2068 2692 2471 2763 frequentibus
2504 2692 2667 2762 fovit,
2702 2700 2756 2749 et
2811 2693 3062 2749 honores
3115 2693 3198 2750 eis
3254 2709 3371 2749 non
3430 2694 3717 2749 minimos

2068 2779 2354 2848 habendo,
2408 2780 2699 2837 cmlestem
2761 2782 3105 2854 sapientiam
3164 2782 3607 2854 divinarumque
3635 2798 3718 2837 re-

2070 2885 2201 2926 rum
2250 2869 2532 2938 doctores,
2594 2871 2839 2927 disertos
2898 2875 2955 2927 et
2992 2870 3389 2943 jurisperitos,
3444 2885 3709 2941 magnam

2074 2974 2192 3015 rem
2216 2966 2270 3014 et
2299 2958 2517 3014 summi
2550 2959 2720 3031 pretii
2754 2976 2817 3016 se
2855 2961 3146 3017 aestimare
3177 2960 3504 3018 declaravit.

299 3051 556 3125 οἰόμενον
584 3050 675 3105 καὶ
701 3047 959 3105 πλείστου
1015 3050 1357 3123 τιμώμενον,
1411 3047 1503 3102 καὶ
1560 3047 1819 3122 σοφιστήν
1884 3045 2292 3122 ἐγκωμιάζοντα
2348 3044 2757 3123 καλιῤῥήμονα,
2807 3046 2896 3103 καὶ
2943 3048 3070 3111 τοὺς
3122 3042 3468 3125 νομοτριϐεῖς
3517 3044 3714 3124 ἄνδρας

300 3140 433 3215 περὶ
470 3138 732 3196 πλείστου
765 3138 915 3213 μάλα
942 3137 1247 3212 τιθέμενον.

380 3233 444 3296 ς’.
479 3233 592 3300 Τήν
623 3227 680 3287 δέ
719 3232 772 3286 οἱ
818 3233 916 3286 τοῦ
966 3232 1198 3301 σκήνους
1235 3228 1518 3296 κατάθεσιν
1568 3227 1620 3292 ἐς
1677 3230 1767 3285 τὸν
1826 3227 1949 3283 ναὸν

2137 3230 2192 3285 6.
2224 3229 2346 3287 Jam
2379 3229 2517 3303 quia
2548 3247 2612 3286 se
2640 3228 2701 3285 in
2731 3228 2851 3286 sedc
2910 3229 3302 3302 pulcherrima
3359 3234 3417 3287 et
3467 3229 3715 3302 amplis-

300 3327 416 3378 τῶν
448 3323 619 3401 ἁγίων
652 3323 1066 3396 Τεσσαράκοντα
1097 3323 1400 3397 Μαρτύρων
1436 3319 1733 3396 βουληθεὶς
1788 3321 1961 3390 ποιή-

304 3423 497 3476 σασθαι
548 3413 621 3474 ὡς
678 3410 874 3469 κάλλει
932 3410 1231 3468 κάλλιστον
1283 3410 1373 3466 καὶ
1435 3411 1647 3486 μεγέθει
1709 3409 1958 3485 μέγιστον

303 3501 549 3576 καὶπερὶ
608 3501 670 3555 τὸ
727 3499 936 3575 καίριον
996 3502 1088 3556 καὶ
1151 3498 1311 3574 μέσον
1372 3498 1797 3576 ἀνεγηγερμένον
1856 3504 1957 3567 τῆς

304 3590 523 3654 πόλεως
564 3592 773 3647 ἅπαντα
802 3590 1118 3668 φιλοτίμως
1155 3589 1224 3645 τὰ
1272 3588 1620 3660 πεπονηκότα
1672 3589 1809 3663 μέρη
1859 3591 1956 3642 τοῦ

301 3680 559 3755 τεμένους
615 3674 855 3735 ὑπέϐαλε
936 3678 1028 3733 καὶ
1102 3679 1165 3733 τὸ
1247 3673 1575 3733 ἀποσϐεσθὲν
1654 3674 1952 3751 ἀνέθα).ψεν

300 3768 712 3848 ἀγλαόμορφον,
769 3769 868 3839 τήν
929 3787 990 3822 τε
1043 3770 1140 3823 τοῦ
1199 3769 1459 3841 Σωτῆρος
1541 3767 1702 3840 ἡμῶν
1773 3764 1955 3819 εἰκόνα

302 3863 567 3936 Χριστοῦ,
603 3856 672 3913 δι’
700 3859 768 3928 ἧς
800 3856 1071 3931 ὁμιλῆσαι
1103 3876 1235 3912 ποτε
1264 3860 1344 3930 τῷ
1396 3855 1618 3930 βασιλεῖ
1663 3858 1953 3933 Μαυρικίῳ

299 3949 473 4025 λόγος
527 3949 691 4025 αἱρεῖ,
740 3945 1020 4016 πολυτελῆ
1081 3940 1373 4021 περιέϐαλε
1412 3943 1645 4020 κόσμον,
1700 3948 1789 4003 καὶ
1849 3950 1949 4019 τὴν

294 4043 588 4119 πορφυρᾶν
624 4036 887 4114 μεγίστην
918 4034 1150 4107 πλυνὸν,
1180 4035 1250 4104 ἦς
1268 4041 1386 4097 τοῖς
1420 4033 1632 4111 χείλεσι
1657 4035 1951 4112 φρικώδεις

297 4127 399 4185 δύο
419 4126 872 4206 ἀμφιελίττονται
916 4123 1201 4201 δράκοντες
1229 4125 1307 4187 εἷς
1334 4123 1532 4187 ὁλκοὺς
1560 4123 1953 4200 λορδούμενοι,

297 4223 486 4293 θαῦμα
519 4216 748 4288 ἰδέσθαι,
788 4216 850 4272 ἐκ
896 4219 993 4271 τοῦ
1042 4216 1179 4272 κατά
1225 4215 1289 4271 τὸ
1348 4215 1489 4291 μέγα
1535 4213 1800 4272 παλάτιον
1859 4238 1954 4287 κη·

295 4308 430 4365 πίου
461 4308 610 4382 παρά
663 4308 767 4377 τὴν
807 4304 1027 4363 αὔλειον
1071 4307 1372 4382 μετήνεγκε
1418 4308 1515 4360 τοῦ
1562 4305 1689 4373 νεὼ,
1740 4307 1955 4362 κάγεῖσε

291 4396 367 4453 τὰ
401 4398 503 4466 τῆς
534 4391 881 4469 ὁμευνὲτιδος
936 4391 1101 4449 αὐτοῦ
1161 4393 1555 4467 μετακεκόμικε
1611 4391 1840 4465 λείψανα
1895 4391 1956 4449 ὲκ

289 4492 400 4556 τῆς
443 4490 543 4540 τοῦ
589 4482 920 4562 Ἀγκουρίου
981 4489 1177 4558 μονῆς,
1236 4476 1361 4537 ἔνθα
1414 4482 1606 4557 πρώην
1670 4481 1950 4540 ἐτέθαπτο.

2067 3318 2213 3375 sima
2244 3323 2301 3375 et
2330 3319 2388 3374 in
2424 3318 2613 3377 media
2644 3319 2788 3376 urbe
2805 3318 2937 3387 sita,
2979 3320 3078 3375 LX
3106 3319 3445 3393 Martyrum,
3481 3319 3714 3392 sepeliri

2064 3408 2309 3477 volebat,
2344 3424 2545 3466 omnes
2576 3410 2701 3480 eius
2725 3407 2925 3481 templi
2958 3415 3145 3479 partes
3166 3410 3433 3467 ruinosae
3451 3409 3717 3466 studiose

2064 3497 2283 3568 refecit,
2315 3502 2371 3553 et
2401 3498 2825 3556 exolescentem
2870 3498 3361 3571 pulchritudinem
3412 3498 3712 3556 reconcin-

2065 3587 2911 3656 navit;ethristiServatoris
2971 3589 3155 3644 nostri
3217 3588 3557 3661 imaginem,
3614 3606 3710 3660 per

2063 3693 2239 3750 quam
2276 3676 2413 3733 olim
2451 3693 2583 3734 cum
2641 3677 2988 3750 imperatore
3045 3679 3323 3735 Mauricio
3380 3678 3706 3735 collocutus

2062 3783 2192 3825 esse
2221 3768 2422 3837 fertur,
2484 3767 2674 3840 magis
2725 3767 3009 3839 impensis
3068 3768 3329 3834 ornavit;
3378 3772 3434 3823 et
3497 3768 3704 3839 ingens

2061 3857 2206 3913 illud
2288 3856 2757 3929 porphyreticum
2840 3856 3072 3922 solium,
3133 3856 3304 3926 cujus
3370 3856 3532 3912 labra
3586 3858 3699 3912 duo

2062 3946 2332 4002 horrendi
2390 3954 2688 4017 serpentes
2765 3945 2918 4001 432
2973 3944 3231 4001 sinuosis
3300 3943 3699 4001 voluminibus

2059 4033 2511 4105 amplectuntur,
2547 4033 2808 4089 mirabile
2865 4049 3033 4105 opus,
3091 4050 3159 4089 ex
3209 4032 3442 4089 hortulo
3503 4033 3697 4105 magni

2060 4122 2256 4196 palatii
2290 4122 2347 4177 in
2379 4123 2509 4194 ejus
2540 4120 2744 4194 templi
2788 4122 3141 4178 vestibulum
3206 4121 3527 4193 transtulit,
3592 4122 3700 4177 ibi-

2058 4212 2307 4283 demque
2340 4211 2546 4283 prioris
2578 4228 2692 4268 suae
2724 4210 2996 4283 conjugis
3039 4210 3312 4285 reliquias
3348 4227 3414 4268 ex
3467 4210 3700 4267 Ancurii

2060 4301 2410 4358 monasterio
2441 4299 2753 4357 translatas
2782 4300 3064 4373 reposuit.
3110 4300 3486 4357 Extrinsecus
3536 4301 3703 4372 juxta

2059 4389 2544 4461 septentrionales
2573 4390 2701 4461 ejus
2732 4390 2931 4463 templi
2965 4390 3112 4447 fores
3134 4391 3190 4445 in
3214 4389 3468 4447 maxime.
3500 4388 3700 4445 tabula

2059 4485 2316 4538 statuam
2349 4497 2515 4536 suam
2548 4479 2869 4546 collocavit,
2921 4497 3035 4536 non
3073 4480 3441 4553 imperatorio
3476 4480 3702 4553 regiove

293 4576 532 4647 Ἐξωθεν
562 4571 619 4631 δὲ
647 4573 775 4649 περὶ
824 4573 922 4636 τὰς
980 4571 1229 4649 ἀρκτῴας
1282 4571 1373 4627 καὶ
1430 4572 1549 4626 κατ’
1615 4570 1810 4647 ἀγορὰν
1864 4592 1953 4626 τε·-

2068 4570 2289 4641 babitu,
2322 4587 2434 4626 non
2484 4585 2656 4626 aureo
2714 4574 2920 4625 ornatu
2970 4569 3067 4626 sed
3126 4571 3309 4626 instar
3366 4568 3699 4628 mrummosi

288 4664 615 4743 τραμμένας
645 4668 744 4720 τοῦ
784 4663 889 4719 νεὼ
939 4667 1048 4718 τῶν
1096 4662 1264 4740 ἁγίων
1313 4662 1724 4737 Τεσσαράκοντα
1769 4660 1946 4725 πύλας

290 4755 389 4813 ἐπὶ
423 4753 663 4830 μεγάλου
713 4753 941 4815 πίνακος
996 4750 1278 4823 ἀνέστησεν
1334 4751 1545 4823 ἑαυτὸν,
1592 4750 1695 4806 οὐκ
1750 4748 1946 4806 ἐσταλ-

292 4845 463 4921 μένον
524 4842 823 4920 βασιλικῶς
890 4838 1015 4897 οὐδὲ
1072 4843 1526 4916 χρυσοφοροῦντα
1584 4840 1657 4902 ὡς
1716 4837 1941 4913 ἃνακτά,

286 4930 443 4990 ἀλλά
471 4953 592 4989 τινα
620 4928 900 4987 πολύτλαν
933 4928 1210 5006 ἐργατικὸν
1260 4928 1320 4985 ἐκ
1364 4927 1626 4984 καλαίνου
1678 4932 1791 5003 (20)
1845 4930 1939 5005 βα-

288 5031 430 5100 φῆς,
470 5019 823 5097 ἐνδεδυμένου
879 5021 1199 5099 ἀμπεχόνην
1242 5018 1304 5083 ἐς
1342 5017 1573 5095 γλουτὸν
1626 5017 1936 5098 ἀμφισχιδῆ

2058 4660 2328 4733 operarii,
2362 4661 2526 4732 nigra
2558 4663 2712 4717 veste
2742 4659 2949 4730 induti,
2994 4660 3133 4716 ﬁssa
3166 4676 3351 4731 usque
3380 4660 3453 4716 ad
3502 4677 3696 4732 suras,

2053 4765 2186 4807 cum
2221 4749 2373 4806 albis
2401 4750 2585 4807 ocreis
2616 4766 2801 4822 usque
2825 4750 2897 4806 ad
2954 4766 3143 4823 genua
3200 4750 3651 4807 ascendentibus
3679 4767 3693 4807 :

2054 4841 2155 4913 qui
2188 4839 2394 4897 falcem
2426 4856 2655 4913 gravem
2686 4844 2744 4896 et
2773 4854 3047 4913 magnam
3098 4855 3273 4896 manu
3310 4846 3511 4896 tenens
3567 4840 3692 4895 for-

2053 4929 2454 4987 mosissimum
2484 4928 2908 4987 adolescentem
2942 4946 3128 5002 usque
3176 4929 3247 4985 ad
3305 4927 3581 4983 humeros
3639 4933 3698 4983 et

2050 5020 2245 5077 fauces
2279 5019 2725 5091 prominentem,
2784 5019 2941 5076 velut
2999 5019 3362 5087 incurvatus,
3427 5031 3696 5086 compre-

1684 5158 1853 5221 Hier.
1890 5156 2098 5219 Wolfii
2130 5160 2319 5219 notae.

369 5317 476 5386 (i9)
507 5316 628 5372 Hoc
656 5313 1101 5386 epistoliumex
1129 5314 1357 5386 vetusto
1390 5309 1591 5386 codice
1624 5309 1860 5386 adjeci,_
1881 5310 1942 5364 in

292 5380 484 5460 eoque
515 5380 912 5460 conve'rtendo
945 5383 1125 5460 etiam
1156 5383 1353 5460 Graeca
1382 5383 1645 5460 virorum
1700 5380 1943 5460 nomine

293 5451 504 5517 Latina
530 5466 844 5529 utcunque!
866 5454 1001 5523 feci,
1031 5458 1097 5529 ut
1113 5454 1392 5526 epitheta,
1415 5470 1548 5529 qua;
1569 5459 1625 5529 et
1654 5451 1946 5529 antitheta

295 5538 454 5600 sunt,
484 5531 686 5603 aliquo
710 5520 887 5603 modo
909 5520 1408 5603 exprimérentur.
1433 5520 1833 5603 ltc’AltntttvoB
1853 5522 1944 5576 καὶ

298 5595 844 5659 Sanciae-nomina
874 5595 1018 5655 satis
1069 5597 1227 5655 clara
1274 5601 1454 5653 sunt:
1508 5595 1755 5668 Λαχανάν
1805 5610 1941 5650 vero

295 5674 492 5750 ἀγοράν
526 5672 803 5750 appellat,
837 5669 995 5750 quod
1028 5668 1189 5750 olera
1230 5668 1292 5724 in
1340 5668 1467 5750 {ore
1497 5671 1793 5750 veneunt.
1820 5668 1944 5750 "Est

296 5733 356 5805 et
380 5733 1083 5821 παρωνομασίαοῖιεεάᾶω
1137 5742 1199 5797 in
1250 5740 1440 5797 verbis
1487 5734 1688 5793 ἀδικεῖν
1723 5742 1780 5794 et
1810 5733 1846 5805 ἤ
1875 5736 1938 5790 τὸ

2056 5311 2175 5381 ζῇν·
2213 5308 2426 5382 Grazeaa
2470 5306 2640 5382 enim
2682 5303 3184 5382 pronuntiationis
3232 5303 3479 5382 studiosi
3518 5322 3551 5356 κ
3578 5302 3702 5360 fere

2054 5374 2161 5451 per
2193 5394 2229 5451 e_
2258 5379 2528 5451 Latinum
2562 5374 2837 5451 efferunt,
2871 5374 3058 5451 adie‘in
3089 5377 3195 5451 isto
3217 5374 3326 5451 cin_.

2127 5449 2239 5519 (20)
2288 5445 2555 5502 Καλάνου.
2608 5448 2877 5519 Fortasse
2927 5442 3213 5519 κελαινοῦ,
3258 5446 3409 5519 nigri
3463 5447 3695 5504 coloris.

2056 5516 2548 5592 Vetus—tuscode;
2573 5518 2752 5574 habet
2781 5516 3058 5592 γερανέου,
3091 5518 3286 5592 gruini
3328 5516 3559 5590 coloris,
3593 5522 3695 5592 qui

2062 5535 2332 5576 vetustus
2361 5535 2544 5575 codex
2573 5535 2752 5574 navet
2781 5535 3058 5644 γερανεου,
3091 5535 3286 5589 grumi
3328 5535 3559 5590 COIOI‘lS,
3593 5538 3693 5592 qui

2053 5592 2175 5647 fere
2215 5597 2305 5646 est
2333 5590 2726 5671 ferrugineus.
2760 5593 2841 5644 Κα
2885 5608 3011 5644 ανον
3071 5589 3427 5661 adjectivum
3472 5608 3693 5649 nomen

2050 5678 2346 5736 nusquam
2378 5677 2627 5733 reperio.
