4112 6218
407 343 519 407 691

1727 335 2048 400 ΝΙΟΕΤᾹ.
2089 332 2510 396 CHONIATJI

3695 342 3823 405 692

405 483 699 542 hendatct
738 479 1022 553 implicet,
1085 494 1199 551 qua
1253 477 1514 552 imagine
1569 475 2054 552 pratercuntibus

2166 463 2621 538 καταϐαίνουσαν,
2678 466 2768 524 καὶ
2835 467 3057 532 λευκαῖς
3093 474 3324 546 κρηπῖσι
3373 471 3820 550 περιστολλόμε-

404 571 733 632 clarissime
764 586 873 626 sua
900 569 1158 624 facinora
1213 567 1581 642 depingebat,
1639 571 1696 623 et
1752 582 1867 639 quo
1926 563 2048 620 suis

2166 578 2247 614 νον
2278 557 2406 620 τοὺς
2455 556 2628 622 πόδας
2688 553 3106 625 ἀναϐαινούσαις
3159 560 3237 626 εἷς
3272 562 3489 639 γόνατα,
3547 566 3639 620 καὶ
3697 563 3822 641 δρέ-

411 661 685 720 edocebat
715 663 779 714 ut
807 657 1032 712 herede
1063 655 1291 729 imperii
1313 657 1506 714 occiso
1547 672 1826 729 sponsam
1887 653 2050 709 illius

408 749 523 809 sibi
555 747 930 804 matrimonio
955 745 1268 818 junxisset.
1304 746 1519 802 llabuit
1545 746 1721 802 etiam
1751 745 1815 801 in'
1857 743 2050 801 animo

409 854 619 896 aeream
650 853 815 894 suam
849 841 1105 892 statuam
1150 852 1326 909 super
1380 836 1653 892 columna
1705 835 1762 890 in
1815 832 2052 890 sublimi

410 943 570 985 enco
619 925 996 999 tetrapleuro,
1048 925 1148 981 ubi
1210 925 1350 982 nudi
1408 925 1724 997 Cupidines
1773 925 1962 996 pomis
1991 937 2054 978 se

411 1017 661 1075 invicem
692 1020 919 1090 petunt,
953 1016 1102 1086 quod
1135 1013 1587 1071 Anemodulium
1619 1017 1850 1082 vocant,
1901 1013 2053 1069 488

406 1106 650 1180 erigere.
687 1105 976 1177 Imagines
1003 1103 1172 1160 Xenas
1223 1103 1634 1176 imperatricis,
1698 1101 1876 1158 Alexii
1933 1118 2054 1158 ma-

411 1195 542 1262 tris,
580 1210 758 1267 quam
781 1193 1110 1258 suﬂ‘ccavit,
1146 1192 1310 1264 prius
1340 1191 1421 1248 ibi
1451 1191 1799 1265 depictas,in
1833 1207 2055 1262 rugosas

409 1284 656 1344 aniculae
689 1283 898 1342 faciem
956 1282 1416 1340 transformavit.
1477 1281 2054 1340 Commiserationem

411 1375 910 1450 prmtcreuntium,
937 1375 986 1431 si
1011 1373 1298 1430 illustrem
1330 1371 1490 1428 illam
1521 1377 1579 1428 et
1605 1371 2056 1446 pulcherrimam

407 1466 657 1523 formam
689 1472 862 1536 alque
894 1462 1054 1520 omni
1082 1461 1888 1535 admirationedignissimam
1920 1477 2054 1536 spe-

413 1558 658 1621 ctarent,
690 1553 927 1624 veritus,
965 1551 1273 1624 plerasque
1330 1550 1550 1607 aboleri
1602 1565 1812 1622 passus
1867 1555 1976 1620 est,
2003 1555 2060 1609 et

415 1662 582 1703 suam
636 1644 947 1716 imaginem
1003 1642 1206 1698 habitu
1266 1642 1640 1715 imperatorio
1699 1645 1803 1698 aut
1881 1641 2057 1698 Alexii

414 1750 641 1807 sponsae
671 1738 960 1790 astantem
990 1736 1092 1788 aut
1119 1731 1362 1788 seorsim
1419 1731 1640 1802 reponi.
1675 1732 1810 1789 Post
1839 1731 2057 1788 omnia.

2158 669 2321 705 πανον
2384 649 2724 723 περικαμπὶς
2780 651 3089 729 κατέχοντα
3137 655 3206 725 τῇ
3265 651 3438 728 χειρὶ,
3501 655 3663 729 βριθύ
3723 655 3815 712 καί

2163 737 2300 814 μίγα
2348 737 2440 792 καὶ
2487 732 2767 812 στιϐαρὸν,
2800 738 3162 824 συμμάρπτον
3210 744 3291 813 τῷ
3350 739 3622 799 ἐπικλινεῖ
3677 747 3822 824 σχή-

2167 845 2292 899 ματι
2350 823 2441 880 καὶ
2501 829 2799 903 σαγηνεῦον
2860 823 3008 889 ἒντὸς
3062 825 3406 904 ἂγαλματίαν
3466 823 3821 905 μειρακίσκον

2160 913 2265 979 ἓως
2302 917 2576 994 φάρυγγος
2615 917 2704 972 καὶ
2759 914 2930 991 ὢμων
2986 917 3451 995 προοαινὸμενον,
3500 918 3681 976 ἐκεῖνα
3729 917 3823 976 διὰ

2161 1012 2264 1077 τῆς
2306 1005 2511 1068 εἰκόνος
2566 1005 2693 1068 τοὺς
2751 1003 3154 1083 παροδεύοντας
3207 1012 3362 1081 μυῶν
3418 1009 3666 1087 ἀτεχνῶς
3723 1011 3820 1066 καὶ

2167 1091 2438 1150 διδάσκων
2493 1092 2716 1164 στηλῶν
2772 1095 2859 1149 καὶ
2921 1089 3168 1171 κῦρϐεων
3226 1102 3413 1152 πασῶν
3466 1098 3818 1174 ὑψηλότερον

2165 1183 2256 1238 καὶ
2282 1183 2452 1248 τιθεὶς
2482 1188 2597 1246 τοῖς
2633 1182 2995 1259 βουλομένοις
3056 1184 3286 1260 ὐπόψια,
3335 1181 3474 1262 ἅπερ
3525 1189 3679 1264 εἶχεν
3729 1189 3822 1245 ἐπὶ

2164 1277 2273 1328 τῶν
2319 1268 2494 1350 ἔργων
2554 1274 2884 1346 ήνομηκὼς,
2937 1274 3032 1330 τὸν
3087 1272 3444 1352 κληρονόμον
3501 1276 3828 1351 ἀπεκτονὼς

2168 1364 2255 1420 καὶ
2289 1363 2388 1432 τὴν
2430 1363 2610 1439 ἀρχὴν
2661 1362 2775 1436 ἃμα
2822 1363 2914 1418 καὶ
2961 1364 3060 1433 τήν
3118 1361 3326 1421 ὄίκοιτιν
3384 1363 3595 1423 ἐκείνου
3643 1369 3824 1442 ὲαυτῷ

2172 1452 2670 1529 μνηστευσάμενος.
2705 1449 2884 1508 Ἀλλᾶ
2911 1451 3001 1507 καὶ
3032 1451 3121 1508 ἐπὶ
3152 1455 3334 1518 κίονος
3378 1454 3517 1512 κατᾶ
3560 1457 3624 1513 τὸ
3670 1457 3826 1534 χαλ-

2167 1545 2295 1598 κοῦν
2331 1540 2602 1618 μετέωρον
2651 1540 3075 1616 τετράπλευρον,
3127 1541 3179 1598 ἐν
3212 1545 3258 1617 ᾧ
3287 1546 3483 1620 γυμνοὶ
3537 1543 3821 1622 περιελη-

2172 1627 2356 1706 μᾶτων
2406 1625 2819 1706 μηλοϐολοῦσιν
2869 1630 3156 1702 ἀλλήλους
3206 1635 3258 1689 οἱ
3311 1635 3570 1710 Ἔρωτες,
3603 1636 3635 1692 ὅ
3661 1637 3824 1695 Ἀνε-

2172 1718 2470 1794 μοδούλιον
2547 1719 2834 1791 κέκληται,
2908 1720 3094 1777 ἑαυτὸν
3168 1721 3488 1794 ἀναστήσειν
3581 1722 3820 1800 ἐμελέτα

402 1824 572 1896 juxta
601 1822 784 1878 eadem
807 1826 1147 1878 sanctorum
1181 1835 1252 1876 xx.
1276 1821 1616 1894 magnificas
1647 1821 1798 1877 aedes
1827 1820 2056 1891 struxit,

2169 1808 2438 1884 χαλκοῦν,
2495 1808 2689 1884 καίπερ
2735 1810 2830 1871 τὰς
2882 1809 3092 1874 εἰκόνας
3147 1813 3248 1878 τῆς
3298 1811 3582 1888 βασιλίδος
3633 1816 3819 1888 Ξὲνης

407 1912 470 1968 in
504 1911 885 1984 quibus,cum
919 1909 1200 1981 templum
1239 1907 1405 1966 vellet
1436 1909 2056 1981 ingredi,versarctur;

411 2005 469 2058 et
493 2001 631 2071 quia
667 1997 1004 2056 recentibus
1061 2014 1188 2054 suis
1245 1997 1412 2056 factis
1469 1997 1718 2071 parietes
1769 1996 2064 2054 coloribus

413 2092 514 2146 aut
545 2087 810 2144 alborum
829 2085 1760 2160 calculcrumjnterpositicnibus
1781 2087 2062 2144 adornare

419 2193 536 2235 non
561 2179 807 2250 poterat,
839 2176 909 2232 ad
928 2191 997 2232 ea
1027 2177 1314 2234 convertit
1343 2175 1609 2234 animum
1665 2177 1881 2248 quibus
1929 2180 2063 2233 ante

411 2265 728 2339 imperium
762 2265 950 2322 fuerat
979 2269 1318 2338 occupatus.
1349 2266 1422 2322 Ea
1457 2272 1620 2322 erant
1643 2265 2060 2339 aurigationes,

412 2359 772 2431 venationes,
796 2358 1076 2432 slrepitus
1096 2359 1312 2427 avium,
1372 2358 1619 2414 latratus
1650 2374 1885 2426 canum,
1946 2374 2065 2415 cer-

412 2467 620 2508 vorum
655 2451 1037 2523 leporumque
1059 2458 1327 2516 venatus,
1360 2465 1634 2520 aprorum
1689 2454 1747 2505 et
1797 2449 2064 2505 zumbro-

413 2557 548 2597 rum
579 2539 872 2596 confessio
903 2540 1010 2610 (est
1039 2546 1230 2595 autem
1261 2539 1546 2594 zumbrns
1571 2538 1715 2606 fere,
1748 2553 1876 2610 qua
1909 2538 2063 2610 apud

407 2628 844 2702 Tauroscythas
866 2627 1244 2700 potissimum
1280 2627 1563 2698 nascitur,
1599 2630 1658 2683 et
1690 2644 1828 2684 urso
1857 2631 1914 2684 et
1943 2627 2061 2684 leo-

410 2718 592 2792 pardo
624 2717 856 2790 major),
879 2721 936 2773 et
972 2715 1090 2773 vita
1129 2716 1374 2789 agrestis
1431 2715 1490 2772 in
1547 2717 1837 2787 tentoriis,
1908 2711 2063 2774 484

413 2813 472 2866 et
508 2806 773 2865 convivia
821 2822 890 2862 ex
946 2813 1156 2862 venatu
1206 2804 1524 2877 simplicia,
1584 2813 1640 2862 et
1697 2805 2064 2863 Andronicus

411 2897 708 2956 cervinam
740 2901 842 2952 aut
874 2911 1201 2968 aprugnam
1234 2895 1361 2951 suis
1420 2894 1695 2951 manibus
1745 2895 1803 2950 in
1849 2895 2062 2952 frustra

409 3001 617 3044 secans
647 2988 706 3042 et
734 2984 1044 3054 diligenter
1063 3000 1290 3052 essene,
1323 2987 1382 3040 et
1411 2983 1466 3039 id
1499 2999 1687 3056 genus
1744 2984 1880 3054 alia,
1934 3001 2062 3056 qua;

411 3075 589 3132 vitam
613 3073 869 3130 hominis
903 3076 1321 3144 repraesentant
1352 3088 1513 3140 arcu,
1541 3071 1730 3139 gladio
1760 3077 1819 3129 et
1849 3073 2060 3131 veloci-

410 3163 522 3220 bus
552 3163 719 3234 equis
748 3161 897 3228 freti,
933 3160 1120 3231 patria
1159 3161 1280 3216 sive
1348 3159 1423 3216 ob
1447 3160 1880 3231 simplicitatem
1937 3161 2060 3219 sive

417 3251 692 3308 virtutem
724 3266 888 3306 suam
921 3248 1268 3306 exsulantis.
1303 3249 1508 3306 Verum
1538 3248 1902 3306 Andronicus
1939 3250 2058 3308 for-

413 3346 620 3398 tunam
653 3355 818 3395 suam
842 3354 978 3395 cum
1010 3338 1280 3395 Davidica
1309 3337 1709 3410 comparabat,
1743 3354 1921 3411 seque
1971 3341 2059 3396 in-

414 3429 580 3487 vidiae
613 3429 755 3486 retia
786 3444 949 3500 aeque
983 3432 1047 3483 ut
1077 3426 1245 3484 illum
1293 3426 1540 3483 evitasse
1587 3427 1793 3483 multis
1837 3428 2060 3487 exsiliis

415 3525 608 3576 actum
658 3517 866 3574 aiebat°
915 3517 1208 3574 Interdum
1279 3531 1414 3572 suas
1470 3531 1562 3572 res
1645 3513 2058 3589 amplificando

415 3607 584 3665 illum
616 3623 822 3680 parum
848 3623 880 3662 a
912 3606 1216 3662 Palaestina
1247 3605 1568 3678 Sicelagam
1625 3606 1974 3677 pervenisse,
2005 3617 2059 3666 et

413 3697 836 3756 Amalechitam
889 3695 1082 3769 gladio
1135 3695 1475 3762 confecisse,
1523 3699 1582 3752 et
1637 3697 1778 3754 adeo
1824 3698 2059 3756 sordide

409 3787 622 3844 vixisse
653 3791 720 3844 ut
747 3785 1030 3842 Nabalem
1061 3784 1235 3842 etiam
1284 3783 1588 3841 occisurus
1645 3785 1840 3849 fuerit.
1899 3789 2055 3860 quod

409 3872 724 3948 postulatis
757 3889 872 3928 non
905 3871 1109 3927 statim
1167 3874 1515 3927 annuisset:
1575 3887 1639 3928 se
1679 3887 1816 3928 vero
1867 3876 2055 3930 totum

406 3979 554 4038 pene
579 3962 870 4019 Orientem
904 3968 1281 4033 pervagatum
1315 3962 1383 4016 ad
1411 3975 1617 4018 omnes
1647 3966 1850 4033 gentes
1917 3978 2054 4033 apo-

407 4053 616 4110 stolico
647 4066 804 4108 more
843 4049 1058 4106 Christi
1118 4064 1332 4105 nomen
1392 4047 1705 4121 pertulisse
1753 4053 1810 4106 et
1853 4051 2053 4122 praedi-

407 4158 594 4211 casse,
627 4144 684 4197 et
713 4154 1072 4213 quocunque
1103 4138 1441 4206 transisset,
1483 4138 1736 4194 summis
1781 4138 2052 4195 attentum

405 4247 536 4289 esse
563 4228 912 4299 honoribus,
943 4232 1002 4284 et
1033 4243 1168 4284 eum
1213 4226 1530 4283 honorifico
1561 4227 1842 4284 comitatu
1875 4243 2055 4284 receso

403 4319 714 4377 sisse.Hac
745 4334 862 4374 non
897 4316 1180 4373 indiserte
1194 4316 1711 4384 commemorabat,
1729 4316 2054 4389 praesertim

403 4409 454 4466 si
484 4423 618 4465 cum
648 4407 791 4463 viris
823 4405 1066 4462 eruditis
1081 4410 1138 4462 et
1168 4404 1578 4477 eloquentibus
1607 4405 2052 4479 colloqueretur,

403 4497 576 4553 rebus
607 4495 801 4553 adhuc
834 4495 1078 4567 integris
1099 4499 1156 4549 et
1199 4494 1558 4566 tranquillis.

2167 1903 2268 1968 τῆς
2298 1902 2397 1954 τοῦ
2433 1897 2701 1974 βασιλέως
2733 1897 2978 1969 Ἀλεξίου
3012 1901 3244 1975 μητρὸς,
3271 1899 3338 1971 ἢν
3371 1899 3462 1958 διὰ
3508 1909 3822 1980 πνιγμονῆς

2165 1991 2263 2043 τοῦ
2321 1992 2415 2061 ζῇν
2477 1988 2791 2062 άπεξένωσε,
2859 1989 2997 2065 πρὸς
3072 1991 3398 2066 γεραιτάτην
3465 1993 3558 2048 καὶ
3624 1995 3824 2069 ῥικνήν

2174 2083 2620 2158 μεταζωγραφῶν
2671 2081 2915 2155 μορφήν,
2972 2082 3066 2136 τὸν
3116 2080 3177 2138 ἐκ
3225 2089 3332 2138 τῶν
3379 2084 3686 2161 παριόντων
3726 2085 3826 2143 καὶ

2171 2168 2460 2242 θεωμένων
2509 2169 2572 2224 τὸ
2634 2167 2888 2244 λαμπρὸν
2957 2169 3128 2228 ἐκεῖνο
3177 2170 3266 2227 καί
3324 2173 3823 2248 περικαλλέστατον

2171 2255 2319 2322 εἶδος
2359 2258 2450 2315 καὶ
2499 2264 2596 2315 τοῦ
2663 2260 3026 2334 θαυμάζεσθαι
3077 2262 3372 2334 ἀξιώτατον
3427 2261 3828 2341 ὗποϐλεπόμε-

2167 2369 2257 2412 νος
2284 2346 2461 2419 ἔλεον,
2487 2349 2585 2410 τὰς
2615 2345 2672 2404 δὲ
2701 2347 2926 2412 πλείους
2954 2349 3047 2406 καὶ
3077 2352 3226 2426 [214]
3257 2350 3574 2428 ἀπαλείφειν
3625 2351 3826 2422 ἒνδοὺς

2165 2441 2282 2498 τοῖς
2329 2434 2597 2508 ἐθέλουσι,
2653 2437 2744 2492 καὶ
2796 2439 3182 2517 μετεγγράφειν
3233 2439 3394 2496 αὐτὸν
3448 2439 3502 2496 ἒν
3555 2444 3822 2518 σχήματι

2171 2522 2443 2604 βασιλικῷ
2468 2530 2539 2602 τῇ
2572 2526 2819 2600 ’Λλεξίου
2851 2533 3068 2603 μνηστῇ
3099 2531 3482 2605 συνιστάμενον
3514 2529 3552 2602 ἤ
3583 2535 3674 2589 καὶ
3697 2535 3822 2599 καθ’

2166 2616 2357 2672 ἑαυτὸν
2388 2611 2502 2687 ἰδίᾳ
2528 2615 2892 2689 τυπούμενον.
2957 2617 3086 2676 Ἐπὶ
3130 2625 3292 2674 πᾶσιν
3349 2619 3633 2698 ἀνεγείρας
3680 2621 3822 2678 κατά

2163 2705 2255 2762 τὸν
2313 2704 2444 2760 νεὼν
2504 2707 2614 2761 τῶν
2677 2708 3086 2781 Τεσσαράκοντα
3150 2707 3454 2784 Μαρτύρων
3525 2707 3818 2782 πολυτελῆ

2167 2794 2444 2868 οἰκήματα
2493 2795 2668 2867 ἑαυτῷ
2726 2793 2997 2870 ἀφώρισεν
3047 2795 3124 2860 είς
3183 2796 3481 2869 ἑνοίκησιν,
3534 2799 3699 2868 ἡνίκα
3755 2799 3820 2856 ἄν

2168 2883 2420 2963 ἀφίκοιτο
2449 2884 2588 2960 πρὸς
2625 2885 2686 2941 τὸ
2724 2883 2966 2959 τέμενος.
3021 2887 3116 2956 Μή
3167 2887 3311 2966 ἔχων
3361 2885 3410 2943 δ’
3460 2887 3552 2944 οὖν
3603 2890 3666 2946 ὲκ
3709 2896 3821 2948 τῶν

2167 2974 2496 3052 προσφάτων
2537 2973 2626 3029 καὶ
2673 2979 2874 3051 νεαρῶν
2935 2974 3100 3032 αὐτοῦ
3155 2977 3398 3052 πράξεων
3455 2981 3823 3038 καταπάττειν

2164 3061 2291 3124 τοὺς
2326 3059 2531 3136 δόμους
2586 3068 2666 3136 τῷ
2711 3064 2817 3119 τῶν
2871 3066 3182 3140 χρωμάτων
3237 3073 3601 3142 συγκερασμῷ
3630 3067 3667 3139 ἢ
3699 3075 3822 3133 ταῖς

2169 3150 2397 3214 λεπταῖς
2444 3152 2892 3210 καταποικίλλειν
2945 3159 3054 3210 τῶν
3098 3153 3353 3234 ψηφίδων
3397 3155 3688 3230 ἐνθέσεσιν,
3742 3159 3822 3222 εἷς

2169 3243 2238 3299 τὰ
2266 3243 2372 3314 πρὸ
2402 3249 2504 3313 τῆς
2535 3242 2817 3319 βασιλείας
2847 3239 3074 3320 ἔϐλεψεν
3110 3242 3263 3322 ἔργα,
3311 3246 3403 3302 καὶ
3450 3248 3519 3318 ἦν
3569 3250 3824 3322 ἱππηλά-

2169 3354 2260 3390 σια
2287 3335 2378 3390 καὶ
2407 3335 2705 3410 κυνηγέσια
2756 3337 3210 3414 ζωγραφούμενα,
3253 3336 3521 3414 κλωγμὸς
3573 3348 3818 3412 πτηνῶν,

2168 3423 2403 3496 θεϋσμὸς
2457 3428 2648 3496 κυνῶν,
2712 3420 3078 3506 ἐλαφηϐολίαι
3143 3426 3234 3482 καὶ
3291 3425 3478 3504 λαγῶν
3530 3429 3818 3506 θηρεύσεις

2167 3512 2256 3596 καὶ
2295 3509 2634 3587 χαυλιόδους
2694 3517 2787 3576 σῦς
2847 3511 3320 3590 διακοντιζόμενος
3378 3517 3470 3572 καὶ
3533 3524 3819 3596 ζοῦμπρος

2167 3595 2589 3674 διελαυνόμενος
2655 3598 2840 3675 δόρατι
2899 3606 3065 3674 (ζῶον
3120 3599 3178 3659 δὲ
3235 3603 3393 3670 οῦτος
3445 3606 3508 3661 τὸ
3582 3595 3817 3684 μέγεθος

2168 3692 2301 3767 ὑπὲρ
2350 3689 2549 3767 ἄρκτον
2610 3693 2841 3764 μυθικὴν
2898 3694 2990 3748 καὶ
3050 3690 3318 3769 πάρδαλιν
3379 3697 3620 3769 πικτῆν,
3677 3698 3818 3754 κατά

2163 3781 2290 3842 τοὺς
2358 3782 2738 3858 Ταυροσκύθας
2794 3780 3063 3858 φυόμενον
3104 3782 3344 3857 μάλιστα
3400 3786 3493 3841 καὶ
3541 3787 3817 3860 τρεφόμε-

2165 3874 2300 3944 νον),
2338 3869 2427 3926 καί
2463 3870 2592 3947 βίος
2631 3871 2941 3947 ἀγροικικὸς
2987 3871 3076 3926 καὶ
3127 3872 3390 3946 σκηνίτης
3438 3876 3522 3930 καί
3573 3873 3816 3938 ἑστίασις

2168 3960 2228 4018 ἐκ
2255 3965 2361 4018 τῶν
2409 3959 2793 4037 θηρευομένων
2834 3959 3076 4038 σχέδιος,
3129 3963 3217 4018 καὶ
3263 3963 3423 4028 αὐτὸς
3472 3961 3814 4038 Ἀνδρόνικος

2169 4048 2488 4126 μιστύλλων
2515 4049 2821 4126 ζαῦτογειρὶ
2872 4050 3031 4126 κρέας
3085 4050 3334 4131 ὲλάφειον
3379 4051 3416 4124 ἤ
3446 4053 3656 4131 κάπρου
3714 4077 3820 4128 μο-

2165 4141 2447 4209 νάζοντος,
2477 4138 2568 4194 καί
2611 4139 2792 4195 ὀπτῶν
2839 4137 3212 4218 περιφραδέως
3271 4143 3423 4216 πυρὶ,
3474 4145 3566 4199 καὶ
3612 4147 3826 4211 τοιαῦθ’

2163 4224 2342 4304 ἕτερα,
2401 4227 2574 4284 ὁπόσα
2630 4230 3016 4304 τεκμηριάζειν
3092 4227 3282 4306 ἔχουσι
3376 4233 3562 4306 βίοτον
3622 4231 3821 4308 ἀνδρὸς

2165 4315 2491 4382 πεποιθότος
2525 4315 2613 4373 ἐπὶ
2652 4318 2794 4390 τόξῳ
2844 4317 2935 4373 καὶ
2985 4317 3232 4396 ῥομφαίᾳ
3288 4320 3378 4376 καὶ
3424 4319 3628 4388 ’ίπποις
3676 4321 3820 4380 ὦκύο

2163 4427 2314 4477 ποσι,
2373 4404 2661 4485 φεύγοντός
2719 4426 2779 4462 τε
2875 4408 2976 4478 τήν
3063 4409 3422 4484 ἐνεγκαμένην
3478 4407 3554 4466 δι’
3613 4411 3819 4470 οἰκείαν

2093 4477 2138 4542 D
2170 4477 2496 4570 ἀϐελτερίαν
2523 4493 2560 4565 ἤ
2593 4494 2812 4570 ἀρετήν.
2842 4497 2904 4554 Ὁ
2938 4477 2990 4552 δ’
3022 4477 3488 4575 Ἀνδρόνικος-καὶ
3539 4501 3618 4564 εἷς
3651 4498 3820 4558 Δαϐξδ

402 4583 564 4658 ἀνῆγε
601 4581 664 4637 τὰ
696 4582 908 4647 ἑαυτοῦ,
941 4582 1029 4637 καὶ
1059 4583 1178 4636 κατ’
1207 4579 1413 4637 ἔκεῖνον
1475 4577 1630 4659 ἔλεγε
1672 4583 1762 4637 καί
1815 4584 1976 4646 αὐτὸς
2034 4583 2102 4640 τὰ
2165 4588 2263 4642 τοῦ
2321 4586 2518 4662 ιρθόνου
2576 4582 2943 4659 ἐκδιδράσκειν
3002 4586 3174 4644 πάλαι
3235 4591 3478 4665 θήρατρα
3535 4590 3628 4646 καὲ
3685 4592 3820 4665 πρὸς

401 4670 500 4740 τήν
532 4667 829 4738 ἀλλοτρίαν
879 4667 1153 4733 πολλάκις
1210 4671 1727 4741 μετασκευάσασθαι.
1787 4672 2118 4746 ’Υπεξαίρων
2176 4671 2223 4730 δ’
2253 4672 2360 4741 ἔσθ’
2419 4673 2526 4744 ὀπη
2560 4674 2624 4728 τὰ
2682 4675 2896 4749 ἑαυτοῦ,
2935 4677 3026 4734 τὸν
3080 4679 3174 4750 μὲν
3223 4677 3434 4734 καθίσαι
3477 4684 3588 4736 τῶν
3653 4683 3818 4757 ὁρίων

398 4765 498 4830 τῆς
551 4757 918 4827 Παλαιστίνης
973 4756 1170 4822 ἄποθεν
1237 4760 1414 4834 βραχὺ
1473 4761 1608 4816 κατὰ
1663 4764 1762 4831 τὴν
1826 4760 2054 4818 Σικελᾶν
2119 4758 2294 4840 ἔλεγε.
2364 4763 2453 4818 καὶ
2513 4764 2831 4840 συγκόπτειν
2895 4765 2986 4821 τὸν
3067 4766 3447 4840 Ἀμαληκίτην
3541 4756 3815 4847 μαχαίρᾳ,

399 4849 488 4905 καὶ
520 4847 804 4926 γλίσχρως
837 4847 1068 4920 ἀποζῇν,
1101 4846 1238 4903 ὥστε
1284 4848 1373 4903 καὶ
1423 4849 1514 4904 τὸν
1563 4845 1755 4907 Νάὸκλ
1804 4851 2114 4916 ἀπεκτονὼς
2170 4854 2236 4922 ἦν
2295 4851 2354 4907 ἂν
2412 4853 2498 4910 ὅτι
2545 4855 2620 4928 μὴ
2673 4853 2773 4910 οὐκ
2829 4857 2978 4932 εἶχεν
3039 4856 3142 4912 ἀντὶ
3200 4863 3390 4934 χεῖρας
3446 4861 3510 4915 τὸ
3567 4845 3814 4933 αἰτηθένο

399 4940 587 4996 ἑαυτὸν
618 4935 674 4994 δὲ
700 4936 771 4994 δι’
809 4937 972 4992 ἐθνῶν
1003 4941 1110 4992 τῶν
1145 4937 1292 5009 ἑῴων
1322 4936 1570 4993 ἁπάντων
1625 4937 1818 5016 σχεδὸν
1869 4939 2024 5014 ἶὲναι,
2076 4943 2164 4997 καὶ
2215 4941 2302 4998 ἐπὶ
2352 4947 2480 4998 πᾶσι
2538 4943 2602 4998 τὸ
2656 4947 2756 4998 τοῦ
2810 4945 3050 5020 Χριστοῦ
3109 4947 3370 5022 βαστάσαι
3438 4948 3530 5005 καὶ
3587 4952 3820 5026 κηρῦξαι

396 5027 779 5090 ἀποστολικῶς
843 5022 1039 5100 ὅνθμαι
1103 5030 1274 5100 τιμῶν
1323 5047 1382 5082 τε
1444 5030 1552 5082 τῶν
1611 5027 1866 5084 ἀνωτάτω
1929 5028 2258 5108 μεταλαχεῑν
2317 5029 2386 5086 δι’
2439 5033 2515 5086 ὧν
2581 5029 2869 5108 διήρχετο,
2929 5034 3018 5089 καὶ
3083 5033 3548 5112 προπεμπόμενον
3609 5022 3816 5098 aint-

399 5121 637 5176 στασθαι.
710 5117 806 5174 Καὶ
873 5121 1039 5173 ταῦτα
1107 5117 1205 5190 μὲν
1265 5112 1462 5191 διεξῄει
1523 5117 1657 5190 μετὰ
1725 5118 2084 5195 πειθανάγκης
2143 5122 2360 5193 ἱκανῆς,
2419 5121 2606 5184 ὁποῖος
2675 5120 2902 5193 ἐκεῖνος,
2962 5124 3050 5178 καὶ
3123 5123 3366 5198 μάλιστα
3422 5123 3489 5193 ἧν
3558 5126 3818 5205 ἀνδράσιν

401 5209 605 5284 ὡμίλει
652 5208 823 5282 λόγου
882 5205 968 5262 καὶ
1038 5205 1230 5282 σοφίας
1291 5206 1638 5283 μετέχουσιν,
1707 5205 1783 5264 ἔτι
1852 5213 1958 5263 τῶν
2016 5210 2350 5286 πραγμάτων
2411 5209 2799 5287 γαληνιώντων
2865 5213 2956 5267 καὶ
3020 5214 3288 5289 ἠρεμαίαν
3353 5214 3592 5291 ἐχόντων
3655 5221 3822 5274 κατά’

403 5318 604 5354 στασιν.

467 5388 522 5442 7.
551 5390 684 5453 Quae
717 5396 912 5444 autem
947 5392 1246 5460 postremo
1268 5386 1526 5445 instituit
1559 5395 1615 5445 et
1663 5406 1731 5446 ex
1771 5393 1935 5464 parte
1965 5389 2053 5446 in-

2239 5391 2301 5462 ζ’.
2335 5391 2416 5447 Τὰ
2465 5388 2522 5446 δὲ
2567 5388 2888 5447 τελευτῶντι
2947 5393 3096 5466 αὐτῷ
3149 5391 3524 5470 μελετώμενα,
3586 5395 3699 5469 ἤδη
3759 5395 3820 5454 δὲ

399 5473 650 5542 cboavit,
685 5481 742 5531 et
771 5478 1016 5534 extremi
1047 5478 1260 5534 furoris
1294 5483 1460 5535 erant
1510 5482 1568 5536 et
1623 5494 1852 5537 omnem
1913 5496 2049 5537 cru-

399 5559 660 5618 delitatis
695 5563 1123 5622 immanitatem
1153 5568 1529 5637 superabant.
1565 5568 1711 5625 Nam
1743 5584 1877 5626 cum
1940 5569 2046 5626 im-

397 5648 628 5724 perium
661 5650 932 5708 imminui
965 5661 1018 5709 et
1062 5653 1501 5715 multitudinem
1551 5657 1808 5716 hostium
1865 5661 2047 5718 instar

2162 5481 2250 5534 καὶ
2285 5480 2464 5555 ἀρχὴν
2527 5475 2879 5554 λαμϐάνοντα
2925 5479 3184 5558 γίνεσθαι,
3247 5482 3487 5560 ἀσχάτης
3539 5486 3610 5556 ἦν
3671 5488 3823 5543 ἀπο-

2158 5569 2312 5631 νοίας
2375 5570 2740 5644 ἀποκυήματα
2798 5571 2888 5627 καὶ
2943 5571 3369 5648 παρεληλακὸτα
3423 5580 3600 5632 πᾶσαν
3643 5577 3820 5634 ἀπαν-

2156 5660 2400 5735 θρωπίας
2471 5655 2808 5738 ὑπερϐολήν.
2869 5663 3045 5740 Ὁρῶν
3101 5663 3200 5740 γάρ
3261 5665 3327 5720 τα
3386 5665 3481 5740 μὶν
3547 5669 3647 5739 τῆς
3701 5667 3812 5725 ὑπ-
