4118 6200
311 425 439 487 693

1364 424 1467 484 DE
1512 420 1957 484 ANDRONICO
2001 421 2376 484 COMNENO
2419 424 2570 487 LIB.
2617 423 2696 484 II.

3621 426 3738 491 604

318 558 526 614 ἐκεῖνον
558 560 741 637 ἀρχῆς
768 557 1192 634 σμικρυνόμενα,
1220 555 1348 618 τοὺς
1397 554 1453 612 δὲ
1500 555 1807 630 πολεμίους
1841 558 1961 612 κατὲ

2091 557 2344 614 hibernis
2378 558 2609 615 nivibus
2659 558 2818 615 aucti
2868 558 3134 617 torrentis
3164 563 3219 617 et
3259 563 3419 618 extra
3472 560 3627 633 ripas
3655 563 3741 621 ef-

314 650 445 710 τοῦς
475 647 526 718 ἐξ
588 643 818 723 ὄμϐρων
875 647 1184 718 πλήθοντας
1239 646 1523 721 ποταμοὺς
1562 646 1652 703 καὶ
1683 647 1778 710 τὰς
1810 643 1981 722 ὄχθας

321 739 711 814 ὕπερανιᾶντας
760 739 828 793 τὰ
876 737 927 793 ἐν
987 738 1142 793 ποσὶν
1212 737 1609 812 ἐξερημοῦντας
1679 738 1767 792 καὶ
1817 758 1980 792 κατα-

314 826 644 899 κλύζοντας,
687 828 823 882 κατὰ
874 826 1055 902 βραχύ
1114 847 1171 881 τε
1226 827 1326 896 τήν
1384 825 1669 883 πολιτείαν
1702 825 1978 901 ἐλευθερο-

320 920 633 991 στομοῦσαν
691 916 783 972 καὶ
840 916 978 991 πρὸς
1034 916 1361 972 ἀποστασίαν
1425 915 1855 991 ὑποκινουμένην
1900 919 1981 978 οἷς

318 1008 398 1082 μὴ
451 1003 964 1084 ςρροντιδυκοπεῖται
1021 1007 1153 1081 ὑπὲρ
1209 1005 1406 1076 αὐτῶν,
1467 1005 1595 1061 ἀλΛ’
1644 1005 1717 1068 ὼς
1768 1006 1841 1068 είς
1882 1006 1981 1061 κά-

328 1120 495 1175 ρωμα
548 1100 720 1155 ὕπνου
749 1099 1095 1177 κατενεχθεὶς
1140 1095 1254 1153 οὔθ’
1298 1099 1422 1173 ὁρᾷν
1472 1095 1724 1154 οὔτ’ὰῖειν
1756 1093 1873 1174 ἕχει
1918 1099 1981 1154 τα

316 1189 424 1245 ὑπὸ
512 1193 621 1245 τῶν
710 1187 1242 1261 ἐπιστρατευσάντων
1340 1184 1503 1242 ἐθνῶν
1609 1187 1975 1260 ἀνομουμενα,

317 1275 558 1349 ὠδίνησέ
611 1296 671 1332 τε
726 1276 893 1331 πόνον
956 1275 1044 1331 καὶ
1106 1276 1335 1350 ἂνομίαν
1394 1274 1670 1348 ἀπέτεκεν,
1705 1274 1766 1331 οὖ
1817 1277 1975 1331 τόσον

315 1367 533 1424 οἴκοθεν
566 1365 689 1421 ὅσον
726 1367 816 1444 ὑφ’
848 1366 1043 1441 ἑτέρων
1075 1365 1154 1429 είς
1202 1367 1270 1421 τὰ
1319 1364 1497 1422 ἄτοπα
1526 1364 1973 1441 ἐποτρυνόμενος.

315 1456 383 1513 ⁸Η
418 1457 565 1529 [215]
597 1450 652 1509 δὲ
681 1454 746 1523 ἦν
770 1454 833 1509 τὸ
865 1456 942 1527 μή
979 1453 1144 1527 μόνον
1176 1454 1337 1516 ὅσους
1369 1451 1693 1531 συνείληφεν
1726 1452 1778 1507 ἐν
1812 1473 1978 1530 ιρρου-

314 1549 443 1620 ραῖς
475 1544 687 1615 θανάτῳ
722 1540 1069 1615 ὑποδικάσαι,
1119 1542 1212 1597 καὶ
1266 1543 1361 1604 οὓς
1395 1544 1490 1616 μὶν
1526 1543 1825 1617 μαχαίραις
1854 1542 1975 1597 ἀνε-

313 1630 454 1703 λεῖν,
488 1631 581 1696 οὕς
611 1628 668 1687 δὲ
699 1632 975 1703 θαλάσσης
1008 1631 1284 1687 ἀκοντίσαι
1314 1632 1488 1705 βυθῷ,
1510 1631 1583 1685 ὧν
1612 1630 1668 1686 δὲ
1696 1630 1978 1693 ἀκινάκαις

312 1720 612 1795 ἀναρρῆξαι
661 1720 756 1782 τας
826 1720 1113 1797 γαστέρας,
1164 1720 1255 1775 καὶ
1305 1717 1512 1781 ἄλλους
1563 1716 1749 1781 ἄλλως
1782 1719 1973 1790 ὓπεξα-

314 1815 507 1886 γαγεῖν
544 1813 641 1864 τοῦ
675 1809 853 1884 βιοῦν,
901 1806 1049 1864 ἀλλᾶ
1101 1810 1189 1863 καὶ
1245 1808 1380 1863 κατὰ
1419 1812 1527 1863 τῶν
1561 1806 1971 1881 συναπτομένων

2085 647 2199 704 fusi
2230 649 2396 705 obvia
2444 664 2687 721 qumque
2718 653 2963 717 vastare,
2998 658 3051 705 et
3103 651 3253 707 435
3290 649 3554 707 subditos
3596 667 3735 723 pau-

2086 737 2251 793 latim
2310 737 2564 809 incipere
2624 738 2863 795 liberius
2920 738 3076 811 loqui
3161 740 3541 797 deteotionem
3601 756 3736 813 Spe-

2088 838 2241 886 ctare
2302 828 2732 898 animadvertit,
2783 830 2933 901 quod
2988 829 3206 886 nullam
3261 830 3484 901 imperii
3536 821 3733 887 curam

2086 918 2444 990 susciperet,
2509 918 2611 974 sed
2686 918 2861 974 veluti
2939 927 3171 976 veterno
3246 934 3555 992 oppressus
3629 920 3732 975 ho-

2087 1010 2259 1064 stium
2331 1008 2716 1079 grassationes
2771 1024 2954 1080 neque
3010 1009 3233 1066 videret
3308 1025 3493 1081 neque
3570 1010 3737 1065 audi-

2087 1105 2192 1165 ret,
2225 1097 2496 1169 parturiit
2525 1097 2781 1153 laborem
2832 1103 2890 1155 et
2918 1098 3141 1172 peperit
3188 1096 3578 1169 iniquitatem,
3620 1114 3736 1153 non

2085 1192 2201 1244 tam
2257 1206 2361 1244 sua
2419 1193 2624 1259 sponte
2680 1205 2854 1261 quam
2915 1188 3161 1244 aliorum
3215 1188 3472 1245 consiliis
3527 1188 3739 1246 incita-

2084 1281 2219 1345 tus;
2279 1278 2380 1348 qui
2432 1278 2745 1333 mouebant
2806 1283 2869 1333 ut
2928 1283 3209 1351 quotquot
3270 1278 3331 1333 in
3406 1278 3737 1335 carceribus

2087 1370 2456 1436 tenerentur,
2513 1366 2719 1438 capitis
2777 1366 3076 1436 damnati,
3141 1365 3239 1422 alii
3286 1366 3734 1437 jugularentur,

2082 1454 2180 1513 alii
2238 1456 2297 1511 in
2356 1456 2597 1511 fundum
2667 1456 2840 1512 maris
2912 1456 3430 1529 demergerentur,
3490 1455 3737 1513 aliorum

2082 1548 2311 1601 ventres
2386 1544 2853 1611 dissecarentur,
2922 1544 3021 1600 alii
3092 1544 3347 1617 denique
3406 1545 3535 1600 aliis
3610 1562 3734 1602 mo-

2083 1632 2172 1689 dis
2226 1649 2255 1689 e
2316 1633 2504 1690 medio
2561 1632 2932 1703 tollerentur,
3007 1632 3124 1688 imo
3199 1644 3262 1689 ut
3326 1634 3729 1690 damnatorum

2082 1724 2306 1795 cognati
2361 1740 2588 1796 quoque
2633 1724 2899 1780 eamdem
2949 1723 3127 1795 gladii
3175 1724 3358 1781 aciem
3406 1724 3731 1780 sentirent:

2082 1829 2266 1884 neque
2318 1814 2474 1869 enim
2550 1813 2868 1885 quidquam
2931 1812 3169 1884 proﬁci,
3248 1813 3297 1869 si
3355 1829 3470 1870 uno
3546 1815 3731 1886 capite

312 1899 535 1959 τούτοις
591 1896 727 1973 πρὸς
784 1897 936 1973 γένος
994 1895 1319 1969 ἠκονηκέναι
1374 1897 1437 1953 τὸ
1493 1897 1664 1976 ξίφος.
1721 1921 1749 1948 ‹‹
1782 1897 1885 1972 γὰρ
1918 1922 1961 1967 ››ε

441 1990 454 2003 \
612 1984 637 2003 ν
875 1986 889 2003 I
991 1987 1003 2003 Ι
1193 1985 1207 2003 ἳ
1374 1998 1389 2003 -
1436 1986 1448 2003 1
1654 1991 1679 2002 ~
1787 1983 1807 2003 ἱ
1861 1986 1871 2003 Ι

2086 1906 2308 1960 resecto
2389 1903 2556 1971 plura
2630 1908 3006 1959 renascantur
3065 1919 3171 1959 nec
3245 1904 3395 1958 ferro
3470 1903 3733 1960 stridenti

316 1990 515 2062 φησὶν,
548 2013 573 2040 ‹‹
607 1984 815 2062 ὄνειαρ,
845 1986 891 2042 εἰ
941 1987 1144 2061 κόρσης
1189 1985 1551 2060 ἐκτμηθείσης
1586 1991 1713 2060 μιᾶς
1745 1983 1973 2042 πλείονα

310 2079 676 2155 ἐκφυήσονται
734 2078 964 2153 κὰρηνα,
1026 2082 1143 2140 τοῖς
1213 2073 1271 2131 δὲ
1340 2076 1441 2131 οὐκ
1496 2075 1684 2152 ἐπάγει
1740 2097 1823 2138 τις
1882 2076 1972 2131 τὸν

309 2166 545 2240 σίδηρον
606 2166 862 2237 σίζοντσ;
915 2164 1251 2229 Ἐπαινετέος
1315 2164 1367 2221 ἐν
1424 2164 1602 2237 τούτῳ
1663 2164 1903 2238 μάλιστα
1942 2166 1969 2220 ὁ

306 2259 543 2331 ἡμίθεος
598 2257 686 2312 καὶ
744 2257 916 2331 ἥρως,
979 2255 1275 2331 Ἡρακλῆς,
1336 2257 1419 2311 ὅτι
1471 2256 1563 2311 τὸν
1603 2254 1819 2311 Ἰόλεων
1853 2254 1968 2310 ἐπι-

302 2347 512 2403 χέοντα
569 2346 693 2421 εἶχε
747 2346 837 2400 καὶ
894 2344 957 2400 τὸ
1012 2347 1111 2413 τῆς
1184 2341 1348 2419 ὅδρας
1406 2342 1718 2421 παλιμνρυὶς
1777 2343 1969 2420 ἀφανί-

300 2444 487 2508 ζοντα.
522 2462 552 2490 υ
585 2438 770 2493 Ἔνθεν
800 2456 886 2491 τοι
919 2434 1009 2491 καὶ
1046 2433 1407 2506 ἐκκλησιάσας
1448 2435 1509 2490 τὸ
1567 2433 1751 2511 φίλιον
1784 2433 1968 2508 ἐκείνῳ

304 2528 585 2600 σύστημα,
619 2526 709 2581 καὶ
752 2530 858 2581 τῶν
911 2521 1177 2580 δικαστῶν
1227 2524 1418 2579 ὁπόσοι
1474 2524 1779 2599 χρημάτων
1810 2520 1966 2580 ὢνιοι

298 2618 394 2672 καῖ
502 2616 604 2685 τήν
711 2613 1002 2691 βασιλικήν
1103 2612 1621 2690 περιπαπταίνοντες
1696 2614 1966 2685 τρᾶπεζαν

299 2706 545 2781 καθάπερ
607 2706 659 2759 οἱ
717 2709 884 2781 γῦπες
932 2704 997 2758 τὰ
1056 2705 1373 2776 θνησιμαῖα,
1424 2700 1760 2779 ἐκτραγῳδεῖ
1789 2698 1963 2758 ὁπόσα

295 2792 731 2869 ἐπονηρεῦσιντο
794 2791 991 2849 Ἰταλοὶ
1058 2794 1149 2847 καὶ
1232 2790 1369 2855 οἵοις
1449 2798 1639 2854 κακοῖς
1696 2788 1965 2867 περιϐάλ-

302 2883 498 2939 λουσιν
554 2881 823 2958 ἐπαρχίας
879 2882 975 2944 τὰς
1032 2881 1304 2957 ἐσπερίας,
1361 2882 1449 2935 καὶ
1509 2882 1635 2943 ὅσας
1692 2884 1960 2956 παρεστή-

301 2994 468 3029 σαντο
525 2970 716 3033 πόλεις
772 2972 926 3044 νόμῳ
1001 2969 1271 3045 πολέμουο
1341 2971 1430 3026 καὶ
1490 2969 1553 3037 ἦν
1609 2969 1708 3025 οὐκ
1764 2968 1959 3032 ἄλλοις

302 3064 403 3132 τήν
502 3061 675 3118 αἰτίαν
740 3062 947 3117 τούτων
1004 3059 1293 3130 ἀνατιθείς,
1360 3058 1488 3116 ἀλλ’
1556 3057 1709 3135 ο⁹ίπερ
1774 3060 1960 3134 ἐκείνῳ

300 3152 640 3229 ἆντίφρονες,
700 3150 892 3206 ὁπόσὸι
942 3172 1001 3206 τε
1054 3149 1269 3210 τούτοις
1313 3150 1431 3214 καθ’
1462 3152 1603 3223 αἷμα
1632 3148 1722 3204 καὶ
1755 3150 1959 3205 εὔνοιαν

298 3241 741 3318 προσῳκείωντο.
789 3239 1033 3301 Τούτους
1080 3240 1183 3314 γὰρ
1237 3239 1337 3308 τὴν
1389 3235 1738 3314 Ἀνδρονίκου
1797 3235 1955 3312 διψᾷν

2086 1991 2379 2048 tollantur.
2406 1992 2467 2047 In
2495 2008 2561 2048 ea
2591 2008 2651 2047 re
2681 1991 2927 2047 maxime
2956 1990 3313 2047 laudandum
3340 2008 3462 2047 esse
3495 1993 3727 2048 heroem

2079 2086 2136 2137 et
2184 2081 2509 2137 semideum
2562 2081 2889 2145 Herculem,
2950 2080 3101 2150 quod
3159 2081 3380 2135 Iolaum
3444 2081 3726 2148 asciverit,

2078 2170 2172 2243 qui
2198 2170 2511 2227 redivivam
2563 2169 2803 2239 hydram
2836 2174 3123 2226 exureret.
3165 2169 3367 2241 Itaque
3406 2172 3724 2225 amicorum

2077 2269 2131 2317 et
2189 2259 2673 2316 mercenariorum
2728 2260 2994 2329 judicum
3053 2257 3296 2315 concilio
3356 2261 3572 2327 coacto,
3628 2259 3726 2331 qui

2078 2366 2342 2406 mensam
2385 2349 2817 2421 imperatoriam
2873 2354 2933 2404 ut
2961 2348 3216 2404 vultures
3266 2350 3537 2404 cadavera
3586 2364 3726 2405 cou-

2075 2440 2463 2505 seclabantur,
2496 2439 2793 2494 atrocibus
2834 2436 3022 2493 verbis
3064 2444 3477 2493 commemorat
3506 2441 3724 2509 quanta

2074 2528 2243 2585 fuerit
2299 2527 2576 2584 Italorum
2635 2526 3008 2598 improbitas,
3063 2535 3114 2583 et
3171 2528 3404 2600 quantis
3461 2526 3719 2584 cladibus

2073 2615 2463 2674 Occidentales
2512 2616 2837 2689 provincias
2866 2617 3021 2672 486
3054 2616 3331 2685 afﬁciant,
3363 2620 3500 2687 quot
3549 2617 3722 2674 urbes

2071 2706 2126 2760 vi
2156 2705 2557 2776 expugnarint.
2591 2704 2837 2760 Causam
2870 2720 3067 2761 earum
3109 2719 3297 2761 rerum
3331 2705 3562 2762 nonnisi
3605 2705 3719 2761 Ro-

2072 2795 2283 2860 manis,
2317 2795 2410 2864 qui
2444 2794 2553 2849 sibi
2586 2794 2986 2861 adversentur,
3025 2810 3339 2865 eorumque
3371 2794 3635 2865 cognatis
3666 2803 3747 2851 ett

2070 2883 2269 2939 amicis
2299 2884 2697 2939 ascribendam
2748 2899 2896 2940 esse.
2930 2884 3041 2939 Eos
3082 2884 3242 2940 sitire
3291 2883 3599 2940 Andronici
3629 2884 3719 2939 in-

2070 2972 2329 3040 teritum,
2389 2978 2447 3029 et
2503 2988 2724 3028 omnem
2765 2988 2991 3029 movere
3043 2972 3315 3044 lapidem,
3365 2978 3428 3027 ut
3472 2973 3718 3046 imperio

2069 3061 2407 3119 deturbatus
2441 3062 2764 3118 miserrime
2795 3062 3083 3119 concidat.
3117 3063 3299 3128 Quam
3352 3062 3719 3132 cupiditatem

2066 3166 2197 3208 cum
2228 3167 2332 3224 per
2365 3150 2667 3223 populares
2698 3152 2768 3206 ad
2803 3151 3018 3207 exitum
3063 3152 3375 3222 perducere
3406 3155 3718 3223 nequeant,

2068 3241 2322 3297 alienum
2380 3258 2450 3298 ex
2506 3240 2827 3313 longinquo
2885 3241 3198 3298 exercitum
3257 3257 3593 3307 accersere,
3651 3258 3719 3297 ac

294 3332 602 3400 ἀπώλειαν,
659 3331 750 3386 καὶ
804 3330 978 3386 πάντα
1034 3330 1219 3385 κάλων
1272 3334 1464 3397 κινεῖν,
1522 3328 1691 3393 εἲπως
1728 3335 1826 3397 τῆς
1858 3329 1949 3403 ἀρ-

2071 3331 2323 3389 locustas
2353 3331 2589 3397 imitari,
2625 3346 2749 3401 quae
2783 3329 3028 3386 ﬂammis
3066 3330 3295 3387 evitatis
3339 3346 3489 3402 aqua
3536 3330 3717 3387 suffo-

296 3430 409 3500 χῆς
470 3422 872 3501 ἐκσφαιρισθείη
935 3417 1281 3494 Ἀνδρόνικος
1331 3420 1419 3475 καὶ
1481 3424 1722 3475 πεσεῖται
1754 3423 1953 3492 πτῶμα

295 3512 685 3588 παγχάλεπον,
720 3512 812 3580 Μή
846 3506 1076 3586 ἔχοντας
1127 3506 1174 3564 δ’
1224 3509 1317 3563 οὗν
1347 3506 1499 3582 ὅμως
1532 3505 1620 3562 διὰ
1652 3507 1952 3582 συνάρσεως

295 3604 586 3679 ὁμογενῶν
648 3599 795 3678 σφίσι
856 3597 1042 3655 δοῦναι
1101 3599 1199 3667 τήν
1257 3592 1432 3675 ἔφεσιν
1497 3596 1712 3671 πέρατι,
1781 3594 1955 3652 ἀλλα-

699 3689 986 3764 ὑπερὸριον
1069 3687 1381 3763 εἰσενεγκεῖν
1484 3687 1761 3763 στρατιὰν,
1864 3688 1953 3741 καὶ

293 3782 493 3837 ταυτὸν
568 3777 821 3855 ἄντικρυς
896 3776 1026 3853 δρᾷν
1096 3782 1176 3849 τῷ

1278 3780 1385 3831 τῶν
1461 3773 1697 3849 ἀκρίδων
1793 3770 1952 3845 ἔθνει,

293 3871 353 3927 αἳ
432 3871 497 3926 τὸ
602 3873 708 3946 πῦρ
811 3865 1262 3942 ἐκδιδράσκουσαι
1337 3871 1454 3929 τοῖς
1558 3862 1742 3921 ὕδασιν
1816 3865 1954 3923 ἀπο-

293 3961 605 4037 πνίγονται.
657 3956 869 4015 ‹‹Έλλ’
930 3959 994 4013 οὐ
1058 3958 1133 4032 μὰ
1190 3958 1253 4012 τὸ
1312 3963 1481 4032 γῆρας
1511 3959 1693 4026 τθδτθν
1736 3979 1765 4007 ’³
1797 3958 1953 4030 φησὶθ

298 4075 329 4107 α
362 4052 723 4126 χαιρήσουσιν
771 4048 823 4103 οἱ
873 4046 1165 4125 φίλεχθροι
1215 4044 1306 4101 καὶ
1365 4043 1777 4123 πολεμοχαρεῖς
1830 4047 1956 4104 Ἀν-

290 4140 559 4215 δρονίιῳ,
635 4137 763 4194 ἀλλ’
832 4137 862 4191 ὅ
922 4140 1112 4201 παθεῖν
1192 4131 1538 4210 Ἀνδρόνικον
1639 4133 1954 4210 γλίχονται,

286 4232 444 4288 τοῦτ’
548 4226 701 4284 αὐτοὶ
804 4228 941 4301 πρὸς
1048 4222 1400 4301 Ἀνδρονίκου
1489 4222 1783 4281 πείσονται,
1886 4223 1953 4282 ΕΞ

287 4317 354 4376 δὲ
413 4318 472 4374 τὸ
533 4316 804 4393 μόρσιμον
882 4313 959 4378 εἷς
1036 4311 1169 4385 ’ᾅδου
1244 4310 1474 4387 δώματα
1546 4311 1825 4389 ἐφέλκεται
1864 4310 1954 4366 καὶ

292 3691 449 3768 τρίαν
528 3691 620 3746 καὶ

283 4405 666 4482 Ἀνδρόνικον,
769 4403 923 4459 αὐτοὶ
1033 4402 1435 4477 καθηγήσονται
1539 4400 1629 4455 καὶ
1733 4400 1955 4456 ὑπανοίο

282 4501 442 4570 ξουσι
531 4497 793 4570 πρότερον
894 4494 996 4563 τὴν
1101 4489 1256 4551 ὁδόν.
1362 4492 1482 4555 Εἶθ’
1585 4490 1759 4551 οὓτως
1836 4490 1956 4545 ἐπι-

282 4592 638 4664 πορευσεῖται
716 4581 1092 4658 Ἀνδρόνικος.
1170 4606 1199 4634 ››
1274 4583 1429 4636 Ταῦτ’
1508 4581 1700 4646 εἰπὼν,
1757 4580 1847 4635 καὶ
1891 4581 1953 4635 τὸ

2064 3425 2304 3476 centur:
2342 3441 2367 3472 ι
2400 3419 2612 3476 Verum
2666 3424 3025 3476 senectutem
3058 3420 3225 3486 hanc,
3269 3420 3481 3493 inquit,
3516 3427 3711 3487 testor,

2065 3526 2179 3566 non
2231 3509 2564 3581 gaudebunt
2595 3509 2818 3565 inimici
2879 3518 2932 3566 et
2974 3511 3168 3567 hostes
3213 3509 3551 3576 Andronici,
3611 3511 3710 3566 sed

2064 3615 2194 3671 qua:
2224 3600 2284 3654 in
2338 3599 2730 3656 Andronicum
2773 3600 3114 3666 moliuntur,
3148 3614 3216 3655 ea
3257 3600 3329 3654 ab
3377 3599 3705 3656 Andronico

2063 3688 2475 3762 perpetiantur.
2523 3688 2623 3745 Sin
2682 3689 2798 3744 fata
2854 3689 2928 3745 ad
2979 3689 3195 3745 inferos
3239 3688 3486 3758 adigunt
3534 3687 3710 3744 etiam

2065 3778 2481 3849 Andronicum,
2503 3778 2616 3850 ipsi
2647 3779 2991 3834 antecedent.
3019 3785 3073 3833 et
3094 3776 3246 3832 viam
3272 3775 3707 3848 praeparabunt:

2063 3871 2336 3938 sequetur
2392 3866 2802 3924 Andronicus.
2866 3866 2995 3921 Haec
3043 3865 3310 3933 locutus,
3372 3865 3714 3936 adjectaque

2064 3956 2307 4013 Paulina
2358 3954 2455 4011 illa
2504 3956 2815 4024 sententia,
2861 3979 2888 4007 «
2922 3955 3050 4011 Non
3108 3955 3314 4012 faciam
3368 3955 3523 4025 quod
3581 3955 3711 4011 volo

2064 4050 2306 4115 bonum,
2329 4048 2433 4104 sed
2457 4049 2668 4104 malum
2699 4048 2851 4119 quod
2877 4046 3010 4103 uolo
3043 4062 3338 4119 peragam,
3363 4046 3709 4103 adversariis

2064 4144 2264 4197 contra
2312 4152 2405 4193 me
2459 4137 2870 4203 militantibus,
2904 4143 2957 4191 et
2990 4136 3061 4191 ad
3112 4151 3182 4191 ea
3239 4152 3329 4192 me
3357 4136 3715 4208 compellen-

2064 4228 2221 4284 tibus
2277 4245 2311 4283 a
2368 4225 2585 4298 quibus
2641 4224 2923 4281 abhorreo
2950 4267 2964 4293 ,
3001 4247 3028 4274 ››
3062 4226 3347 4283 malorum
3380 4226 3709 4282 remedium

2064 4316 2376 4389 qumrebat.
2418 4320 2561 4371 Cum
2616 4319 2807 4371 autem
2850 4314 3131 4385 conjurati
3166 4315 3290 4385 ejus
3334 4313 3561 4386 magnis
3611 4331 3714 4371 vo-

2065 4405 2227 4461 cibus
2258 4406 2683 4461 exclamassent
2704 4402 2994 4461 tollendos
3024 4419 3123 4459 eos
3150 4420 3181 4459 e
3212 4410 3364 4458 terra
3394 4418 3462 4460 ac
3492 4404 3715 4460 nemini

2065 4495 2415 4567 parcendum
2470 4494 2619 4550 487
2683 4509 2832 4561 esse,
2863 4492 2923 4548 in
2983 4508 3184 4549 omnes
3211 4508 3310 4549 eos
3372 4491 3469 4563 qui
3509 4492 3599 4549 vel
3654 4494 3717 4550 in

2065 4583 2396 4640 carceribus
2440 4584 2787 4639 tenebantur
2827 4584 2911 4639 vel
2956 4581 3016 4637 in
3061 4581 3327 4637 exsilium
3379 4581 3491 4637 acti
3535 4589 3716 4653 erant,

281 4683 390 4735 τοῦ
424 4674 646 4732 Παύλου
699 4673 1086 4751 παραιφάμενος
1139 4695 1167 4725 ι(
1198 4675 1358 4728 Ὥστε
1407 4669 1515 4746 οὐχ
1544 4672 1573 4725 ὅ
1600 4670 1745 4735 θέλω
1788 4675 1950 4726 τοῦτο

2071 4674 2121 4731 in
2153 4689 2356 4730 omnes
2399 4688 2600 4730 eorum
2635 4671 2886 4729 cultores
2917 4676 2974 4728 et
3004 4676 3278 4741 cognatos
3311 4671 3593 4727 sententia
3621 4687 3717 4729 ca-

286 4765 557 4843 δρᾶσαιμι
591 4764 815 4841 ἀγαθὸν,
869 4761 997 4818 ἀλλ’
1030 4760 1060 4817 ὅ
1100 4760 1161 4817 οὖ
1223 4759 1366 4825 θέλω
1425 4760 1589 4816 κακὸν
1639 4764 1800 4816 τοῦτο
1832 4757 1950 4815 δια-

285 4855 636 4930 πραξαίμην,
706 4850 1270 4926 ἀντιστρατευομένων
1350 4869 1444 4923 μοι
1516 4854 1623 4904 τῶν
1693 4848 1947 4905 ἐναντίων

284 4945 383 5001 καὶ
453 4940 982 5020 αἰχμαλωτιζόντων
1050 4939 1125 5004 εἷς
1188 4939 1255 4994 τὰ
1313 4939 1455 5013 παρὰ
1512 4939 1848 5021 προαίρεσιν,
1919 4964 1947 4990 ››

284 5033 581 5110 θεραπείαν
657 5032 888 5103 ἐζήτησε
954 5033 1051 5086 τοῦ
1130 5031 1321 5084 κακαῦ.
1396 5028 1664 5102 Ἀράντων
1734 5025 1789 5085 δὲ
1848 5030 1945 5099 τήν

283 5126 478 5205 ιρωνὴν
538 5127 648 5178 τῶν
716 5121 777 5177 ἐκ
814 5127 914 5191 τῆς
982 5118 1185 5175 ἐκείνου
1255 5119 1484 5195 φατρίας
1551 5118 1789 5190 πάντων,
1857 5120 1945 5174 καί

282 5215 435 5291 μέγα
498 5213 806 5290 κραξοὶντων
880 5208 1048 5285 αἶ’ρειν
1125 5206 1321 5269 αὖτοὺς
1395 5206 1453 5263 ἐκ
1517 5215 1616 5277 τῆς
1687 5216 1790 5286 γῆς
1855 5207 1945 5265 καὶ

278 5304 566 5382 φείσασθαι
629 5299 882 5376 μηδενὸς,
940 5301 1196 5374 κυροῦται
1257 5300 1291 5366 ἡ
1343 5300 1449 5353 τῶν
1506 5297 1651 5352 ὅλων
1696 5297 1942 5372 ἀφάντω·

278 5415 368 5457 σις
402 5394 562 5457 ὅσους
614 5412 674 5447 τε
713 5392 833 5469 εἶχε
885 5386 1229 5462 συνειληφὼς
1287 5384 1341 5441 ἐν
1400 5391 1658 5465 φρουραῖς
1705 5387 1795 5441 καὶ
1826 5386 1944 5440 ὅσοι

277 5487 386 5554 τὴν
451 5483 747 5557 ὑπερορίαν
804 5477 1219 5555 κατεκρίθησαν,
1292 5476 1382 5531 καὶ
1437 5476 1500 5531 τὸ
1559 5474 1943 5548 θεραπευτικὸν

281 5573 499 5630 τούτων
554 5571 646 5627 καὶ
704 5570 981 5645 συγγενές.
1040 5566 1139 5624 Καὶ
1202 5562 1269 5635 δὴ
1327 5565 1497 5638 τόμος
1539 5565 1697 5625 εὐθὺς
1726 5560 1944 5639 ἐδέχετο

2064 4762 2256 4837 pilalis
2290 4762 2404 4819 lata
2436 4769 2526 4819 est
2556 4770 2610 4819 et
2649 4762 2709 4818 in
2744 4760 2974 4818 libellos
3008 4760 3205 4829 relata,
3239 4762 3715 4833 protosecretario

2061 4854 2334 4918 dictante,
2365 4852 2695 4909 libellorum
2718 4850 3050 4923 supplicum
3081 4852 3364 4923 magistro
3390 4850 3711 4918 laborante,

2061 4940 2448 5015 protonotario
2508 4941 2697 4997 dromi
2735 4941 3112 4997 acclamante.
3157 4940 3412 5004 Quorum
3458 4939 3713 4995 nomini-

2061 5033 2164 5089 bus
2208 5048 2439 5104 parcsm
2489 5032 2548 5087 in
2599 5030 2930 5102 praesentia,
2966 5037 3027 5085 ut
3075 5032 3131 5083 et
3179 5044 3379 5084 eorum
3428 5027 3526 5097 qui
3578 5031 3712 5098 post

2059 5123 2116 5177 in
2167 5120 2454 5193 ejusmodi
2501 5120 2677 5176 rebus
2723 5136 2880 5174 vanas
2930 5115 3187 5190 gloriolae
3226 5131 3401 5171 causa
3450 5118 3552 5170 aut
3598 5116 3712 5170 An-

2058 5211 2283 5267 dronici
2332 5212 2488 5266 metu
2548 5225 2753 5278 operas
2810 5209 3116 5272 navarunt,
3174 5218 3419 5275 quorum
3478 5203 3594 5258 dux
3651 5207 3709 5259 et

2055 5304 2256 5357 auctor
2292 5299 2401 5356 fuit
2429 5294 3094 5364 Hagiochristopboriles
3138 5294 3487 5363 Stephanus,
3535 5294 3706 5366 cujus

2056 5406 2163 5445 vox
2195 5390 2360 5461 quasi
2417 5387 2632 5442 tonitru
2680 5386 2740 5440 in
2785 5383 2997 5453 palatio
3053 5382 3380 5451 resonabat,
3431 5387 3485 5438 et
3527 5383 3712 5440 instar

2056 5477 2333 5533 torrentis
2368 5492 2466 5531 eos
2498 5472 2870 5530 abstrahebat
2914 5488 3059 5542 quos
3108 5479 3409 5541 suspectos
3458 5472 3706 5529 habebat

2056 5566 2447 5621 Andronicus.

285 5665 358 5720 τὰ
448 5658 890 5732 ὁποτυπούμενα,
960 5652 1393 5732 ὑπαγορεύοντος
1482 5657 1578 5708 τοῦ
1628 5655 2136 5728 »μπρωτασηκρήτιῆ
2204 5651 2684 5731 ἁμφιπονουμένου
2768 5649 2866 5706 τοῦ
2944 5648 3033 5705 ἐπὶ
3101 5652 3207 5704 τῶν
3272 5646 3529 5721 δεήσεων,
3599 5648 3696 5707 τοῦ

284 5752 346 5810 δὲ
414 5749 856 5827 πρωτονοταρίου
921 5749 1021 5803 τοῦ
1089 5741 1298 5821 δρόμου
1362 5748 1482 5806 ταῖς
1544 5747 1748 5820 φωναῖς
1808 5740 2199 5814 ἀλαλάζοντος.
2269 5745 2352 5803 Ta‘:
2420 5740 2476 5798 δὶ
2542 5740 2782 5817 ὀνόματα
2847 5739 3055 5797 τούτων
3113 5738 3203 5795 καὶ
3268 5743 3356 5795 νῦν
3422 5740 3696 5819 παρείσθω
