4118 6200
420 355 544 416 695

1744 345 2054 407 NlCE'l‘lE
2098 346 2535 407 ΟΗΟΝΙΑΤΛΞ

3721 345 3838 409 696

427 507 521 561 μοι
581 480 672 539 καί
710 485 820 536 τῶν
867 481 1094 550 καθεξῆς
1156 479 1366 549 ὁμοίως
1424 478 1906 551 συμπραττόντων,
1958 475 2074 531 ὅσοι
2141 477 2233 531 τὸν
2297 477 2419 552 περὶ
2487 483 2585 534 τοῦ
2634 482 2796 532 κενοῦ
2827 474 3076 553 δοξαρίου
3104 474 3393 552 τρέχοντες
3435 474 3689 552 ώρακίων
3721 477 3840 534 τότε

424 575 512 631 καῖ
565 571 858 648 ώρῥώδουν
914 565 1248 641 Ἀνδρόικον“
1301 569 1375 621 ὧν
1427 570 1823 640 πρωτοστάτης
1871 569 1936 635 ἧν
1995 565 2084 620 καὶ
2136 567 2438 643 ταξίαρχος
2491 570 2519 622 6
2570 570 3173 646 Ἀγιοχριστοφορίτης
3254 567 3543 645 Στέορανος,
3600 570 3683 638 τῷ
3749 570 3842 620 τοῦ

392 720 400 726 ,
429 665 737 741 φθὲγματος
775 655 1070 735 βροντώδει
1102 655 1456 712 καταδουπῶν
1487 655 1553 711 τά
1581 655 1868 731 ἀνάκτορα,
1900 656 1988 712 καὶ
2018 655 2156 711 καθά
2185 677 2238 712 τι
2273 657 2445 730 ῥεῦμα
2475 659 2747 731 ποτάμιον
2773 655 2863 728 ὀξυ
2889 658 3036 730 [216]
3058 655 3355 732 καχλάζων
3388 656 3479 710 καὶ
3509 654 3839 730 παρασύρων

427 754 489 807 τὸ
531 750 724 805 δοκοῦν
754 746 1085 824 Ἀνδρονίκῳ
1120 747 1434 805 ὑπεύθυνον.

499 841 553 895 8.
584 841 707 896 Fuit
732 845 929 896 autem
962 841 1090 910 ejus
1121 838 1324 910 scripti
1357 837 1700 909 hujusmodi
1731 838 2069 894 exordium:
2103 842 2162 905 Α

431 929 721 984 Divinitus
751 926 1014 999 impulsi,
1048 945 1162 982 non
1201 928 1376 997 jussu
1411 929 1794 998 magistratus
1824 931 1881 984 et
1913 927 2072 999 prin-

426 1018 577 1092 cipis
625 1035 691 1074 ac
742 1017 1115 1090 imperatoris
1173 1017 1382 1083 nostri,
1415 1015 1784 1071 decernimus
1830 1021 1887 1072 et
1937 1032 2073 1087 pro-

425 1109 772 1166 nuntiamus
792 1125 821 1164 e
847 1125 907 1163 re
938 1106 1174 1178 publica
1205 1111 1425 1176 esse,ct
1449 1106 1713 1177 privatim
1744 1105 2074 1161 Andronico

424 1204 825 1256 Romanorum
886 1197 1165 1252 servatori
1244 1196 1406 1265 utile,
1467 1201 1532 1251 ut
1587 1200 1964 1252 contumaces
2019 1198 2075 1250 et

424 1288 687 1346 seditiosi
739 1287 1005 1343 funditus
1055 1286 1362 1349 intereant,
1420 1286 1520 1357 qui
1565 1285 1964 1358 comprehensi
2013 1285 2074 1340 in

421 1393 654 1436 carcere
684 1381 959 1432 tenentur
989 1380 1045 1431 et
1074 1375 1131 1430 in
1180 1374 1449 1431 exsilium
1483 1375 1595 1430 acti
1632 1378 1792 1440 sunt,
1839 1389 2073 1430 eorum-

422 1484 536 1540 que
596 1465 914 1522 necessarii
971 1469 1029 1520 et
1079 1464 1307 1535 cognati
1381 1463 1711 1535 capiantur,
1761 1469 1818 1518 et
1871 1478 2075 1518 omnes

424 1557 652 1614 ultimis
684 1553 994 1626 suppliciis
1024 1551 1373 1608 alﬁeiantur.
1399 1553 1494 1608 Sic
1516 1551 1671 1607 enim
1704 1556 1761 1607 et
1793 1551 2074 1607 Androni-

428 1662 555 1713 cus,
607 1645 703 1716 qui
736 1643 978 1699 numine
1034 1642 1287 1714 prepitio
1339 1641 1571 1714 imperii
1626 1649 1857 1712 sceptra
1904 1641 2073 1714 gerit,

429 1749 463 1790 ο
494 1733 744 1806 publicis
774 1733 932 1788 curis
983 1741 1037 1787 et
1067 1731 1416 1788 insidiarum
1464 1735 1617 1786 metu
1667 1731 1933 1786 nonnihil
1984 1745 2077 1785 re-

431 1823 712 1895 spirabit;
771 1827 830 1878 et
885 1821 1067 1877 Siculi
1143 1821 1349 1892 coeptis
1405 1820 1705 1887 desistant,
1771 1821 1923 1877 488
1977 1820 2074 1876 ubi

432 1914 727 1968 neminem
766 1909 1074 1966 habuerint
1106 1926 1276 1981 aquo
1310 1910 1801 1981 quemadmodum
1827 1909 2074 1965 Romani

433 2001 810 2073 Oppugnandi
857 2000 976 2055 sint
1007 1999 1343 2056 doceantur.
1377 1999 1522 2054 Nam
1557 2015 1687 2054 cum
1721 2004 1773 2054 et
1814 1999 1852 2053 ii
1885 1999 1982 2070 qui
2016 1999 2074 2054 in

429 2091 666 2147 vincula
697 2089 942 2160 conlecti
973 2092 1030 2145 et
1059 2087 1155 2161 qui
1189 2087 1374 2144 oculis
1409 2088 1616 2160 privati
1649 2093 1810 2155 sunt,
1833 2087 2077 2144 consilia

429 2182 698 2254 improba
743 2197 858 2236 non
911 2179 1161 2235 referant
1219 2179 1277 2233 in
1332 2178 1564 2246 melius,
1617 2178 1720 2234 sed
1776 2179 1834 2234 in
1887 2179 2077 2250 priore

427 2270 717 2328 sententia
772 2273 1159 2340 perseverent,
1219 2267 1381 2323 nulla
1439 2267 1583 2322 ratio
1652 2271 1914 2338 superest
1962 2284 2079 2339 qua

426 2359 676 2432 improbi
726 2359 794 2414 ad
830 2374 1035 2414 sanam
1084 2360 1342 2413 mentem
1375 2358 1750 2424 reducantur,
1798 2356 1908 2411 nisi
1949 2357 2077 2412 vitae

426 2450 669 2521 ereptio,
703 2465 829 2520 qua:
865 2451 929 2502 ut
960 2463 1126 2502 sacra
1156 2450 1213 2502 et
1243 2445 1520 2502 salutaris
1576 2445 1832 2501 anchora
1879 2449 2079 2501 contra

428 2537 701 2594 vecordes
758 2542 814 2592 et
872 2537 1174 2591 dementes
1233 2539 1324 2590 est
1381 2535 1765 2606 usurpanda;
1826 2551 2076 2606 quorum

427 2643 506 2684 eae
583 2630 720 2682 sunt
773 2625 1155 2696 intemperize,
1208 2628 1272 2679 ut
1323 2641 1438 2679 non
1499 2622 1968 2679 animadvertant
2017 2639 2078 2678 se

430 2722 632 2776 contra
657 2717 960 2773 stimulum
981 2714 1170 2772 calciti
1188 2731 1283 2769 are
1303 2719 1359 2769 et
1381 2715 1640 2787 gladium
1657 2718 1855 2771 contra
1873 2719 2080 2770 semet-

432 2807 592 2880 ipsos
625 2821 855 2862 acuere.
897 2809 1027 2859 llaec
1059 2809 1113 2858 et
1143 2803 1485 2874 hujusmodi
1519 2803 1655 2870 alia,
1689 2807 1754 2858 ut
1783 2820 1850 2859 ex
1881 2802 2080 2858 multis

437 2914 624 2968 pauca
648 2896 913 2961 referam,
930 2892 1217 2948 nefarium
1240 2891 1388 2946 illud
1403 2893 1699 2948 decretum
1720 2893 2076 2948 continebat.

435 2987 801 3059 Sequebatur
858 2999 1059 3038 eorum
1117 2980 1481 3037 enumeratio
1541 2981 1642 3052 qui
1689 2981 2074 3053 comprehen-

434 3075 609 3131 dendi
662 3079 720 3129 et
768 3089 898 3128 mox
953 3070 1254 3126 occidendi
1301 3074 1505 3124 erant:
1557 3069 1987 3141 cxprimebatur
2025 3074 2081 3125 et

434 3165 647 3219 modus
703 3178 818 3234 quo
885 3160 1139 3231 quisque
1195 3158 1490 3214 tollendus
1550 3168 1719 3215 esset.
1781 3161 1898 3230 Ego
1947 3176 2079 3216 vero

433 3269 567 3308 eum
603 3250 716 3307 alia
748 3249 976 3305 illorum
1023 3248 1326 3303 hominum
1361 3254 1488 3304 acta
1517 3249 1769 3306 demiror
1799 3255 1854 3305 et
1899 3249 2078 3305 scele—

433 3341 727 3397 ratissima
775 3339 995 3408 judico,
1041 3344 1166 3392 tum
1225 3338 1456 3393 decreto
1516 3339 1624 3395 isto
1681 3339 2078 3410 obstupesco;

432 3447 620 3502 neque
666 3428 993 3502 perspicere
1026 3443 1267 3498 possum
1317 3428 1456 3500 quid
1489 3428 1547 3484 in
1597 3445 1663 3484 eo
1695 3429 1878 3486 secuti
1936 3429 2078 3494 sint,

429 3524 530 3575 aut
561 3535 674 3590 quo
710 3517 932 3587 judicio
964 3532 1137 3573 suum
1169 3517 1541 3588 parricidium
1589 3517 1704 3572 Deo
1751 3517 2077 3590 adscripse-

430 3609 569 3674 rint,
613 3606 995 3676 divinumque
1053 3612 1275 3660 motum
1312 3605 1368 3659 id
1410 3606 1780 3676 impudenter
1823 3607 2075 3678 appella-

431 3698 550 3752 rint
587 3697 742 3768 quod
781 3695 1001 3767 primus
1034 3694 1280 3749 humani
1326 3695 1556 3766 generis
1590 3695 1776 3751 hostis
1807 3696 1891 3751 eis
1924 3695 2078 3751 haud

431 3787 606 3843 dubie
637 3787 949 3859 suggessit,
975 3801 1108 3841 cum
1135 3784 1291 3840 aliud
1313 3801 1547 3841 sumere
1579 3784 1931 3857 principium
1963 3803 2079 3842 mo-

432 3875 652 3931 destius
680 3879 736 3930 et
760 3873 1119 3946 probabilius
1151 3873 1436 3940 licuisset,
1461 3878 1634 3944 atque
1664 3891 1694 3928 a
1727 3873 2080 3930 coatumelia

429 3961 530 4018 Dei
567 3962 889 4029 abstinere;
925 3961 1076 4016 439
1109 3961 1206 4031 qui
1240 3961 1502 4017 caedibus
1533 3962 1687 4017 haud
1739 3962 2075 4029 delectatur,

429 4068 534 4109 nec
561 4055 808 4107 mortem
835 4051 986 4118 fecit,
1010 4052 1105 4106 sed
1131 4050 1429 4106 hominem
1463 4051 1533 4106 ad
1571 4051 1748 4106 vitam
1785 4052 2074 4120 condidit;

427 4141 487 4195 in
522 4141 693 4212 cujus
741 4145 1057 4211 conspectu
1116 4155 1219 4194 vox
1251 4139 1556 4208 sanguinis
1615 4140 1776 4196 Abeli
1827 4140 2073 4209 clamat;

426 4229 525 4302 qui
567 4234 763 4301 aperte
813 4229 1118 4284 denuntiat
1164 4245 1227 4284 se
1279 4227 1451 4284 malle
1505 4236 1569 4284 ut
1617 4235 1886 4301 peccator
1935 4247 2074 4286 eon-

423 4336 628 4374 versus
685 4319 840 4373 vivat
900 4335 1076 4389 quam
1141 4322 1204 4372 ut
1265 4318 1571 4374 moriatur.
1628 4317 1934 4374 Enimvero
1989 4319 2073 4375 illi

425 4407 719 4463 damnatis
752 4407 1025 4462 omnibus
1058 4421 1086 4461 e
1122 4406 1368 4462 concilio
1399 4405 1815 4462 discesserunt.
1850 4409 2075 4464 Andro-

425 4498 590 4552 nicus
621 4514 755 4552 vero
781 4497 1048 4565 judicum
1095 4497 1348 4552 nefarias
1379 4497 1718 4566 sententias,
1770 4496 1924 4553 haud
1960 4498 2074 4554 seio

430 4602 544 4658 quo
577 4585 841 4650 consilio,
879 4586 934 4638 in
981 4585 1194 4641 scrinio
1227 4602 1333 4640 suo
1380 4586 1687 4658 diligenter
1735 4589 2072 4653 asservavit,

430 4674 655 4748 proviso
729 4673 996 4730 fortassis
1053 4673 1386 4729 imminenti
1446 4675 1661 4732 exitio.
1721 4680 1865 4732 Nam
1941 4693 2074 4733 cum

429 4762 886 4834 comprehensus
919 4766 1092 4832 esset,
1146 4769 1203 4817 et
1233 4780 1266 4817 a
1304 4778 1588 4818 concursu
1625 4764 1822 4836 populi
1858 4767 2072 4822 facino-

429 4871 556 4910 rum
590 4870 828 4910 suorum
887 4855 1167 4908 rationem
1221 4853 2072 4928 redderejuberetur,'culpam

2261 837 2331 905 η’.
2365 836 2502 911 Εἶχε
2533 834 2590 891 δὲ
2632 837 2698 891 τὰ
2744 837 3300 911 ὑπομνηματιζόμενα
3345 836 3548 891 οὑτωσί
3592 857 3714 898 πως
3747 842 3841 905 τῆς

2180 927 2575 1003 φροιμιοὶσεως·
2632 949 2660 976 ‹‹
2700 927 2890 990 Θεόθεν
2949 927 3279 996 κινηθέντες,
3330 925 3418 980 καὶ
3471 924 3570 979 οὐκ
3617 924 3672 995 ἐξ
3729 925 3842 998 ὀριο

2181 1019 2322 1087 σμοῦ
2379 1019 2476 1070 τοῦ
2533 1015 2796 1090 κραταιοῦ
2853 1015 2941 1070 καὶ
3003 1014 3156 1088 ἁγίου
3215 1017 3378 1087 ἡμῶν
3436 1013 3690 1069 αὐθὲντου
3752 1015 3841 1068 καὶ

2183 1101 2480 1178 βασιλέως,
2585 1103 3025 1182 ψηφηφορώμὲν
3101 1124 3160 1159 τε
3231 1104 3323 1160 καὶ
3424 1103 3843 1178 ἀποφαινόμεθα

2181 1199 2431 1248 συνοῖσον
2462 1193 2599 1248 εἶναι
2628 1196 2805 1266 κοινῇ,
2855 1195 2944 1248 καὶ
3009 1190 3120 1264 ἰδίᾳ
3171 1191 3451 1254 λυσιτελὲς
3506 1191 3842 1267 Ἀνδρονίκῳ

2179 1287 2258 1356 τῷ
2313 1290 2523 1359 σωτῆρι
2581 1284 2893 1358 Ῥωμαίων,
2954 1281 3123 1358 ἄρδην
3178 1281 3527 1339 ἀπολωλέναι
3576 1283 3736 1357 οἷπερ
3773 1285 3844 1347 ὡς

2180 1370 2430 1434 αὐθάδεις
2502 1374 2592 1427 καὶ
2669 1369 2985 1434 στασιώδεις
3091 1372 3494 1450 συλληφθέντες
3570 1373 3843 1450 φυλακαῖς

2180 1460 2546 1538 ἐνείργνυνται
2605 1462 2639 1532 ἤ
2693 1465 2792 1533 την
2855 1461 3152 1536 ἀλλοτρίαν
3221 1462 3386 1518 οίκεῖν
3435 1462 3843 1540 ἀφωρίσθησαν,

2181 1557 2513 1630 συσχεθῆναι
2556 1547 2614 1606 δὶ
2672 1552 2764 1606 καὶ
2827 1552 2953 1613 τοὺς
3022 1551 3244 1612 τούτοις
3311 1554 3687 1626 προσήκοντας
3755 1554 3845 1607 καὶ

2179 1642 2300 1704 καθ’
2399 1643 2538 1713 αἷμα
2642 1640 3096 1714 συναπτομένους,
3171 1641 3258 1696 καὶ
3353 1641 3566 1713 θανάτῳ
3642 1643 3845 1706 πάντας

2183 1724 2584 1800 ὑποϐληθῆναι·
2632 1731 2777 1786 οὕτω
2827 1732 2932 1805 γὰρ
2983 1730 3043 1784 ἃν
3092 1731 3180 1784 καὶ
3224 1727 3569 1805 Ἀνδρόνικον
3596 1730 3840 1806 γένοιτο,

2181 1821 2274 1876 τὸν
2315 1819 2494 1896 ἀγαθῇ
2552 1823 2697 1898 τύχῃ
2754 1819 3044 1894 Ῥωμαίων
3099 1824 3164 1876 τὰ
3217 1829 3316 1891 τῆς
3377 1819 3662 1896 βασιλείας
3706 1829 3845 1892 σκῆ-

2182 1928 2325 1985 πτρα
2393 1907 2668 1980 διέποντα,
2750 1910 2931 1986 βραχύ
2999 1931 3052 1964 τι
3119 1915 3248 1987 γοῦν
3320 1910 3668 1982 ἀναπνεῦσαι,
3727 1917 3846 1973 ταῖς

2182 2003 2385 2061 κοιναῖς
2419 1999 2660 2077 ιρροντίσι
2706 1998 3054 2074 βαλλόμενον
3105 2000 3194 2053 καί
3246 1999 3342 2060 τάς
3391 2003 3500 2054 τῶν
3532 1994 3848 2056 ἐπιϐούλων

2183 2090 2682 2164 κακογνωμοσύνας
2763 2084 3232 2162 ὑποϐλεπόμενον,
3326 2089 3416 2144 καὶ
3513 2089 3712 2154 αὖτοὺς
3791 2089 3847 2146 δὲ

2181 2175 2308 2239 τοὺς
2365 2176 2681 2240 ἀλλοεθνεῖς
2740 2176 3076 2240 Σικελιώτας
3127 2179 3250 2232 ἇσαί
3291 2199 3422 2234 ποτε
3450 2178 3658 2234 παλινω
3700 2177 3844 2251 δίαν,

2194 2263 2401 2339 μηδὲνα
2456 2263 2533 2321 ἔτι
2588 2267 2681 2322 τὸν
2739 2266 2924 2330 αὐτοῖς
2979 2267 3362 2346 ὑφηγούμενον
3414 2265 3628 2344 ἔχοντας
3661 2269 3846 2326 όπόσα

2190 2358 2301 2431 χρὴ
2377 2357 2515 2411 κατά
2588 2357 2875 2430 Ῥωμαίων
2967 2363 3168 2414 ποιεῖν.
3246 2359 3441 2420 Πάντες
3513 2358 3613 2434 γὰρ
3691 2360 3850 2415 οὗτοι

2189 2445 2533 2522 συσχεθέντες
2591 2447 2679 2500 καὶ
2736 2444 2862 2507 τους
2910 2447 3231 2524 ὀφθαλμοὺς
3281 2447 3660 2523 ἐξορυχθέντες
3709 2448 3850 2522 ἀμε-

2186 2534 2422 2598 ταθέτως
2471 2532 2663 2612 ἔχουσι
2719 2540 2816 2603 τῆς
2867 2536 3169 2603 κακονοίας,
3219 2535 3306 2590 καὶ
3358 2533 3536 2597 οὐδείς
3586 2536 3703 2592 ἐστι
3750 2542 3848 2592 τοῦ

2190 2621 2394 2678 λοιποῦ
2433 2624 2636 2697 τρόπος
2671 2624 2697 2678 6
2734 2624 3084 2700 σωφρονίσων
3136 2624 3356 2695 αὐτοὺς,
3403 2626 3540 2698 μόνη
3595 2622 3653 2680 δὲ
3683 2627 3717 2695 ἡ
3751 2629 3848 2681 τοῦ

2192 2715 2287 2785 ζῇν
2363 2710 2715 2768 ὑπολείπεται
2775 2714 3044 2786 στέρησις,
3114 2713 3180 2782 ἦν
3235 2715 3310 2775 ὡς
3366 2712 3684 2771 τελευταίαν
3758 2718 3848 2770 καί

2190 2802 2451 2876 σώτειραν
2507 2799 2743 2877 ἄγκυραν
2805 2799 2890 2857 δεῖ
2943 2805 3092 2876 ἡμᾶς
3159 2801 3434 2880 ἆπιχαλᾷν
3506 2810 3630 2866 τοῖς
3681 2806 3853 2861 κακό-

2190 2911 2405 2970 φροσιν,
2463 2889 2516 2946 o'i
2571 2891 2830 2948 τοσοῦτόν
2892 2893 2994 2947 είσι
3053 2889 3450 2970 φρενοϐλαϐεῖς
3501 2898 3681 2951 τεκαὶ
3712 2896 3852 2953 ἀποο

2188 2979 2444 3054 τρόπαιοι
2495 2982 2569 3045 ὡς
2627 2983 2760 3056 πρὸς
2815 2981 3008 3058 κέντρα
3061 2981 3333 3053 λακτίζειν
3380 2983 3470 3038 καὶ
3506 2986 3585 3058 μὴ
3619 2987 3851 3043 συνιέναι

2193 3067 2340 3131 ὅλως
2397 3071 2474 3132 ὡς
2525 3072 2644 3126 καθ’
2703 3072 2905 3126 ἑαυτῶν
2947 3072 2999 3127 οἱ
3050 3069 3388 3149 λασιόκωφοι
3434 3075 3536 3143 τήν
3574 3076 3848 3153 μάχαιραν

2191 3162 2470 3234 θήγουσιν.
2518 3185 2546 3212 ››
2580 3161 2734 3217 Οὕτω
2771 3163 2866 3234 μὲν
2916 3161 3010 3217 οὖν
3051 3163 3141 3218 καὶ
3181 3169 3424 3235 τοιαῦτα,
3474 3166 3551 3228 ὡς
3599 3164 3662 3222 ἐκ
3709 3167 3850 3223 πολι

2189 3247 2300 3304 λῶν
2352 3249 2516 3325 ὀλίγα
2567 3250 2756 3317 εἶπεῖν,
2809 3249 3007 3326 διεξῄει
3060 3254 3121 3307 τὸ
3171 3250 3400 3326 ἄθεσμον
3454 3253 3631 3311 ἐκεῖνο
3664 3257 3846 3313 θέσπι-

2191 3358 2321 3411 σμα,
2371 3335 2563 3416 ἑφεξῆς
2615 3337 2662 3394 δ’
2712 3340 2739 3392 ὁ
2789 3344 2897 3394 τῶν
2959 3339 3499 3416 συλληφθησομὲνων
3533 3344 3623 3398 καὶ
3650 3357 3843 3418 τεθνη-

2190 3427 2429 3499 ξομένων
2504 3429 2571 3497 ἦν
2646 3427 2968 3504 κατάλογος.
3071 3427 3436 3501 Ὑπεδηλοῦτο
3513 3429 3574 3488 δὲ
3647 3435 3736 3488 καὶ
3813 3437 3841 3490 ὁ

2188 3514 2388 3590 τρόπος
2490 3519 2608 3580 καθ’
2683 3515 2740 3572 δν
2843 3517 3200 3589 ἀποθνήσκειν
3274 3518 3490 3576 ἓκαστοι
3568 3519 3836 3596 ἤμελλον.

2189 3607 2329 3681 Ἐγὼ
2389 3610 2516 3682 γοῦν
2585 3607 2673 3662 καὶ
2775 3609 2869 3668 τὰς
2972 3607 3145 3671 ἄλλας
3251 3611 3343 3683 μὶν
3447 3615 3555 3666 τῶν
3633 3611 3841 3687 ἀνδρῶν

2185 3696 2416 3750 τουτωνὶ
2475 3697 2692 3770 πράξεις
2757 3697 2846 3751 δια
2906 3697 3180 3770 θαύματος
3237 3700 3456 3773 τίθεμαι
3503 3703 3596 3756 καὶ
3627 3702 3840 3764 ἀνοσίας

2186 3787 2518 3841 παντάπασιν
2569 3787 2808 3863 ἥγημαι,
2859 3789 2959 3858 τήν
3013 3786 3069 3844 δὲ
3118 3793 3208 3844 νῦν
3253 3790 3641 3868 ἀφηγουμὲνην
3693 3792 3830 3846 ἀπό-

2193 3896 2350 3951 φασιν
2394 3875 2483 3930 καὶ
2536 3876 2654 3931 λίαν
2712 3873 3259 3952 ὒπερεκπέπληγμαι,
3290 3881 3382 3934 καὶ
3414 3881 3662 3953 θαυμάζω
3691 3881 3825 3956 πρὸς

2186 3965 2238 4018 τί
2262 3967 2782 4040 περατωθησόμενον
2828 3967 3029 4036 ταύτην
3082 3965 3380 4043 ἕκύρωσαν,
3442 3969 3477 4039 ἢ
3541 3975 3651 4033 πῶς
3698 3971 3832 4025 ποτὶ

2189 4052 2462 4127 κρίνοντες
2529 4056 2626 4124 τὴν
2679 4056 2884 4109 ἑαυτῶν
2937 4056 3253 4134 μιαιιρονίαν
3317 4065 3633 4130 προσῆπτον
3701 4065 3833 4130 Θεῷ,

2183 4143 2270 4197 καὶ
2329 4143 2544 4213 κίνησιν
2612 4145 2789 4199 θεόθεν
2850 4143 3278 4220 ἁνερυθριάστως
3348 4146 3631 4221 ὠνόμαζον
3691 4150 3756 4219 ἦν
3811 4151 3837 4205 ὁ

2185 4231 2424 4307 ἀρχῆθεν
2485 4232 2932 4308 ἀνθρωποκτόνος
2989 4235 3175 4309 σκέψιν
3235 4234 3418 4298 αὐτοῖς
3493 4238 3835 4315 ὑφηγήσατο,

2183 4320 2297 4394 ἐξὸν
2331 4322 2527 4396 ἑτέρως
2556 4324 3009 4398 προοιμιάζεσθαι
3043 4324 3134 4378 καὶ
3191 4326 3266 4397 μή
3310 4323 3544 4390 ἀναιδῶς
3577 4329 3726 4384 οὕτω
3751 4327 3834 4384 καὶ

2181 4407 2644 4486 ἀπεριθαμϐητως
2708 4414 3053 4489 φθεγγενθαι,
3114 4412 3251 4486 μηδὲ
3302 4420 3482 4492 γυμνῇ
3525 4422 3595 4491 τῇ
3628 4417 3834 4496 κεφαλῇ

2177 4499 2239 4554 τὸ
2273 4501 2414 4554 θεῖον
2473 4507 2822 4580 συκοφαντεῖν
2885 4502 2960 4564 ὡς
3014 4509 3210 4577 χαῖρον
3265 4504 3510 4577 αἳμασιν,
3547 4507 3834 4583 δπρώτως

2181 4587 2257 4650 εἷς
2326 4589 2386 4642 τὸ
2455 4589 2590 4644 εἶναι
2653 4591 2744 4644 τὸν
2812 4589 3096 4665 ἄνθρωπον
3163 4587 3337 4649 ἔκτισε
3390 4595 3465 4668 μή
3536 4598 3835 4668 πεποιηκὸς

2181 4677 2428 4747 θάνατον,
2480 4680 2565 4733 καὶ
2625 4679 2687 4732 οὗ
2740 4678 2968 4734 ἐνώπιον
3030 4683 3181 4758 φωνῆ
3233 4681 3462 4756 αἳματος
3508 4681 3679 4742 ’Ἅϐελ
3714 4688 3832 4761 βοᾷ,

2178 4765 2265 4820 καί
2329 4767 2357 4820 6'
2414 4765 2712 4842 διαρῥηδην
2790 4769 3020 4846 κέκραγε
3099 4773 3176 4844 μή
3237 4771 3525 4846 βούλεσθαι
3580 4777 3670 4830 τὸν
3738 4779 3830 4830 τοῦ

2181 4856 2516 4931 ἁμαρτωλοῦ
2571 4858 2799 4924 θάνατον
2875 4862 2948 4923 ὡς
3033 4863 3095 4916 τὸ
3155 4862 3471 4939 ἐπιστρέψαι
3532 4866 3689 4922 αὐτὸν
3743 4866 3827 4922 καὶ

425 4948 481 5002 in
507 4945 736 5017 judices
773 4947 824 4999 et
873 4947 1146 4999 senatum
1201 4943 1602 5012 transferebat,
1635 4945 1735 5016 qui
1786 4945 2072 5018 supplicia

2185 4951 2360 5016 ζῆσαι.
2414 4948 2514 5005 Καὶ
2565 4951 2616 5004 οἱ
2680 4951 2777 5022 μὲν
2829 4949 2970 5006 οὕτω
3023 4953 3222 5015 παντὸς
3269 4953 3550 5010 ἀπώλειαν
3591 4961 3831 5030 καταψη-

425 5038 801 5091 deeerncrent
850 5034 909 5087 in
942 5049 1038 5088 eos
1074 5049 1107 5088 a
1156 5031 1372 5104 quibus
1403 5037 1536 5090 ante
1569 5034 1877 5106 imperium
1928 5044 1981 5091 et
2014 5037 2070 5090 in

420 5128 548 5196 ipso
581 5124 826 5196 imperio
868 5124 1128 5178 offensus
1175 5129 1348 5179 esset.
1383 5123 1455 5179 Se
1497 5139 1632 5180 vero
1665 5124 1895 5179 illorum
1941 5143 2071 5181 sen-

419 5216 620 5269 tentiis
652 5213 962 5268 inscrvisse
994 5216 1208 5283 (neque
1242 5213 1396 5266 enim
1430 5213 1642 5267 frustra
1672 5217 1932 5285 gestasse
1953 5214 2075 5285 gla-

423 5303 610 5370 dium)
643 5311 695 5357 ct
729 5319 967 5358 manum
1003 5318 1202 5358 eorum
1235 5301 1530 5372 sulfragiis
1572 5304 2068 5360 aceommodasse.

417 5393 563 5447 Tum
621 5397 816 5446 autem
877 5408 1010 5445 cum
1089 5390 1238 5446 latas
1292 5391 1615 5448 sententias
1687 5398 2070 5450 exsecuturus

421 5485 596 5543 esset,
641 5480 798 5534 titius
829 5481 955 5549 ejus
1008 5479 1235 5535 Manuel
1271 5481 1693 5538 sebastocrator
1745 5485 2066 5555 refragatus

420 5568 754 5640 pernegavit
781 5585 842 5624 se
873 5585 1296 5626 consensurum
1329 5571 1387 5626 in
1416 5577 1564 5638 acta,
1611 5590 1736 5644 quae
1771 5590 1884 5629 non
1919 5574 2067 5629 fiant

427 5654 766 5711 auctoritate
807 5655 1197 5726 imperatoris,
1231 5663 1293 5713 ut
1321 5659 1431 5730 ipsi
1457 5661 1690 5730 judices
1735 5662 1796 5718 in
1831 5663 2065 5724 exordio

2185 5039 2469 5114 φισαμενοι
2525 5039 2616 5093 τὸν
2680 5040 2953 5115 σύλλογον
3015 5040 3214 5098 ἐκεῖνον
3279 5041 3551 5100 διέλυσαν
3623 5045 3831 5121 Ἀνδρό-

2182 5147 2332 5188 νικος
2367 5125 2422 5182 δέ
2458 5129 2550 5190 τὰς
2599 5127 2684 5183 ἐπὶ
2736 5135 2853 5192 ταῖς
2903 5130 3121 5206 πράξεσι
3166 5134 3386 5197 ταύταις
3419 5141 3540 5199 ταῖς
3570 5143 3830 5210 μυσαραῖς

2181 5215 2520 5292 ἐκτιθεμὲνας
2599 5216 2910 5282 δικαστικάς
2977 5224 3194 5298 ψήφους
3259 5224 3355 5279 ἀνά
3419 5233 3611 5300 χεῖρας
3677 5225 3828 5302 δεχό-

2184 5328 2343 5380 μενος
2394 5307 2684 5386 ὲφύλαττεν
2737 5308 2789 5363 ἐν
2838 5316 3112 5387 φωριαμῷ
3174 5311 3453 5391 ἀσφαλῶς,
3507 5315 3606 5371 οὐκ
3660 5315 3756 5372 οἶδ’
3803 5317 3830 5371 ὅ

2177 5417 2226 5450 τι
2292 5393 2690 5468 διανοούμενος,
2756 5400 2908 5471 οἶμαι
2959 5397 3014 5455 δὲ
3071 5401 3134 5456 τὸ
3183 5401 3438 5476 ἐσόμενον
3487 5406 3821 5480 προσκοπού·

2181 5506 2358 5558 μενος,
2392 5486 2480 5540 καὶ
2515 5483 2709 5548 δεδιὼς
2756 5485 2925 5564 φόϐον
2976 5489 3033 5552 ὃς
3086 5489 3317 5560 ἐπῆλθεν
3347 5494 3494 5565 αὐτῷ
3526 5496 3821 5568 μετέπειτα.

2177 5576 2470 5649 Συσχεθεῖς
2503 5575 2628 5652 γὰρ,
2660 5577 2750 5632 καὶ
2785 5575 2982 5654 λόγους
3030 5579 3104 5635 ὢν
3151 5577 3472 5655 διεπράξατο
3506 5587 3658 5660 [217]
3688 5586 3823 5659 παρὰ

2172 5669 2276 5718 τῶν
2327 5664 2772 5737 συνεληλυθότων
2827 5667 3308 5746 εἶ’σπραττόμενος,
3341 5673 3530 5731 ἑαυτὸν
3576 5675 3820 5746 ἀπηλλο-
