4112 6218
320 392 447 455 697

1347 395 1447 457 DE
1490 393 1950 457 ANDRONICO
1995 390 2364 455 COMNENO
2411 393 2557 454 LIB.
2607 393 2683 453 ll.

3620 391 3741 451 698

322 524 480 603 τρίου
516 528 628 580 τῶν
683 523 995 602 γενομένων
1026 524 1105 604 ἐφ’
1167 527 1258 590 οῖς
1306 546 1451 589 τινας
1498 525 1879 602 παρελύπησεν
1938 528 1973 597 ἢ

2091 526 2401 584 fateantur.
2459 529 2744 582 Preterea
2799 540 2862 583 se
2918 522 3076 581 nullo
3133 524 3306 579 modo
3350 539 3420 580 ea
3457 522 3739 599 suﬁragia

324 614 595 671 κακώσεσι
635 619 978 687 σωματικαῖς
1005 610 1371 684 καθυπὲϐαλε,
1418 617 1509 671 καὶ
1560 614 1691 679 τοὺς
1751 616 1845 689 μὶν
1902 613 1983 670 δι-

323 702 525 765 καστὰς
556 698 755 780 ἔφασκε
811 703 903 758 καὶ
957 704 1058 774 τὴν
1107 703 1388 780 γερουσίαν
1449 703 1837 783 ἀποφαίνεσθαι
1886 704 1983 759 τὰς

317 791 595 868 τιμωρίας
680 793 741 856 ἅς
817 792 1119 863 ὑπέστησαν
1201 794 1291 848 καὶ
1376 793 1569 856 ὁποίας
1651 792 1981 858 πεπόνθασιν

324 884 379 939 οἱ
408 880 906 957 προσκεκρουκότες
964 881 1111 954 αύτῷ
1167 882 1277 957 πρὸ
1317 889 1418 953 τῆς
1471 882 1652 959 ἀρχῆς
1702 882 1792 938 καὶ
1846 882 1982 937 κατᾶ

319 976 421 1043 τήν
459 968 741 1049 βασιλείαν
810 974 1003 1041 αύτὴν,
1064 971 1224 1028 αὐτὸν
1279 970 1336 1028 δὲ
1389 976 1508 1036 ταῖς
1566 971 1783 1028 ἐκείνων
1840 974 1980 1048 γνώ-

321 1083 449 1138 μαις
481 1064 771 1137 ὑπηρετεῖν
806 1059 973 1136 (μηδὲ
1030 1062 1134 1138 γὰρ
1196 1062 1316 1138 εἲκῇ
1375 1068 1559 1142 φορεῖν
1617 1064 1715 1133 τὴν
1775 1063 1979 1140 μάχαι-

317 1156 434 1230 ραν)
472 1152 564 1207 καὶ
592 1155 731 1231 χρᾷν
762 1152 862 1220 τὴν
904 1156 1067 1227 χεῖρα
1134 1151 1211 1214 εἰς
1268 1150 1437 1228 πέρας
1471 1153 1544 1207 ὧν
1602 1152 1975 1230 ἀπεφαίνοντο.

314 1244 454 1299 Τότε
492 1239 543 1297 δ’
599 1239 690 1296 οὖν
730 1241 830 1311 τὴν
884 1239 1247 1317 ἐξενεχθεῖσαν
1316 1245 1500 1320 ψῆφον
1558 1241 1810 1318 πληροῦν
1865 1242 1981 1299 ἐπε-

317 1325 542 1401 ϐάλετο,
573 1330 711 1405 πρὸς
738 1326 805 1399 ἤν
838 1330 866 1386 ὁ
906 1331 1024 1392 υἱὸς
1080 1331 1247 1386 αὐτοῦ
1297 1333 1326 1386 ὁ
1368 1327 1815 1409 σεϐαστοκράτωρ
1845 1332 1977 1388 άπε-

317 1416 541 1490 πήδησε
563 1416 849 1489 Μανουὴλ,
899 1417 1066 1475 εἰπὼν
1130 1416 1404 1494 μηδαμῶς
1456 1421 1790 1485 συντίθεσθαι
1845 1418 1979 1498 πρᾶ-

317 1511 396 1583 εει
430 1510 550 1579 ἣτις
581 1510 654 1582 μή
687 1509 808 1574 καθ’
864 1510 1094 1584 ὁρισμὸν
1152 1508 1393 1566 τελεῖται
1456 1510 1757 1587 βασιλικὸν,
1797 1512 1873 1576 ὡς
1925 1512 1978 1568 οἳ

317 1598 664 1669 θεσπίζοντες
733 1594 1271 1674 προαναϐαλλονται,
1341 1599 1432 1656 καὶ
1508 1598 1699 1665 ἄλλως
1787 1599 1845 1656 δὶ
1896 1603 1973 1674 μὴ

313 1687 651 1767 ἀνασχέσθαι
730 1688 979 1744 ὁπωσοῦν
1062 1709 1197 1747 ποτε
1279 1691 1544 1769 ἀπόφασιν
1596 1690 1974 1747 οἶγειώσασθαι

312 1777 420 1834 ὑπὸ
448 1782 629 1853 κρῖμα
663 1777 895 1842 θανάτου
939 1779 1176 1834 τιθεῖσαν
1217 1778 1412 1856 σχεδὸν
1467 1780 1530 1836 τὸ
1588 1781 1973 1857 Πανρώμαιον,

2092 617 2499 689 proba'urum,
2559 632 2689 688 quae
2721 630 2866 688 pene
2923 614 3217 670 Romanos
3264 629 3469 671 omnes
3525 616 3734 686 capiti

2091 706 2247 763 440
2286 706 2698 773 condemnent,
2731 708 2905 776 atque
2934 703 3111 761 etiam
3144 701 3586 775 provincialium
3622 721 3735 760 non

2090 811 2308 868 paucos
2340 795 2582 867 perdant
2609 810 2622 850 :
2652 793 3051 850 carniﬁcinam
3083 789 3413 848 enimillam
3445 792 3506 848 in
3537 792 3739 849 inﬁni-

2087 893 2214 941 tum
2261 889 2689 958 grassaturam,
2730 883 2845 940 alio
2890 884 2962 940 ob
2995 881 3153 939 aliud
3200 881 3425 939 crimen
3471 898 3734 954 compre-

2088 972 2270 1030 henso
2327 978 2388 1029 et
2446 973 2654 1039 occiso,
2713 973 2813 1047 qui
2872 989 2988 1028 non
3043 972 3290 1030 extorris
3339 971 3440 1041 sit,
3500 987 3606 1027 nec
3666 987 3735 1027 ex

2088 1079 2304 1136 quercu
2337 1063 2644 1120 natus.sed
2675 1065 2945 1135 parentes
2974 1066 3253 1133 cognatos
3285 1060 3492 1117 afﬁnes
3513 1060 3735 1117 amicos

2086 1152 2320 1210 habeat.
2375 1154 2657 1209 Caeterum
2701 1150 2842 1207 illud
2889 1151 3157 1224 judicum
3202 1151 3523 1218 decretum,
3559 1149 3730 1220 jussu

2084 1247 2457 1321 imperatoris
2504 1247 2750 1318 editum,
2813 1263 2913 1305 eos
2967 1264 3173 1305 omnes
3230 1249 3330 1319 qui
3384 1249 3443 1303 in
3484 1246 3733 1304 diversis

2086 1337 2401 1410 provinciis
2444 1338 2697 1411 dispersi
2737 1341 2794 1394 et
2841 1337 3032 1394 ubivis
3081 1338 3141 1394 in
3181 1336 3515 1394 carceribus
3545 1341 3733 1407 erant,

2083 1426 2145 1483 in
2171 1444 2354 1484 unum
2403 1427 2621 1497 locum,
2669 1427 2826 1483 velut
2855 1443 2989 1484 oves
3040 1426 3378 1483 mactationi
3408 1424 3731 1482 destinatas

2082 1514 2144 1571 in
2203 1532 2387 1572 unum
2440 1515 2773 1584 macellum,
2832 1515 3110 1589 cogebat;
3161 1531 3229 1572 ac
3288 1531 3426 1571 suas
3483 1515 3732 1586 quisque

2083 1622 2288 1679 pmnas
2367 1605 2693 1674 dedissent,
2764 1605 2903 1676 nisi,
2990 1609 3055 1659 ut
3111 1603 3397 1677 prOpheta
3447 1604 3733 1676 loquitur,

2086 1697 2238 1753 Deus
2269 1712 2443 1752 suum
2483 1694 2739 1766 gladium
2776 1694 2834 1751 in
2881 1693 3188 1766 fugitivum
3226 1694 3553 1761 draconem,
3587 1690 3734 1748 obli-

2082 1801 2264 1859 quum
2313 1784 2506 1855 illum,
2563 1791 2621 1840 in
2667 1800 2854 1859 aquas
2907 1783 3316 1856 refugientem,
3362 1781 3731 1848 strinxisset;

309 1867 405 1922 καὶ
440 1867 517 1940 μὴ
553 1864 718 1939 μόνον
747 1866 1107 1945 ἀφανίζουσαν
1168 1869 1361 1924 ὁπόσοι
1421 1868 1708 1943 Ῥωμαίων
1753 1871 1971 1946 προήλ-

2085 1875 2202 1947 qui,
2237 1880 2299 1930 ut
2328 1872 2488 1930 molli
2522 1877 2579 1930 et
2610 1872 2862 1929 delicata
2893 1871 2995 1929 illa
3011 1873 3140 1929 vitae
3171 1871 3396 1928 ratione
3427 1869 3728 1971 indicavit,

312 1957 504 2026 θῦσαν,
535 1954 800 2012 ἀλλὰκαὶ
858 1957 985 2019 τοὺς
1045 1956 1096 2028 ἐξ
1150 1955 1313 2021 ἐθνῶν
1374 1959 1505 2034 οὐχὶ
1572 1960 1799 2035 βραχεῖς
1853 1957 1975 2015 διαο

311 2044 661 2124 φθείρουσαν·
695 2046 772 2109 εἰς
802 2045 905 2122 γὰρ
939 2043 1162 2119 ἄπειρον
1227 2046 1684 2120 ἀποτελευτησειν
1741 2050 1841 2119 τὴν
1894 2070 1976 2105 τε-

2086 1962 2233 2019 nihil
2286 1962 2448 2019 aliud
2493 1961 2816 2034 expetebat,
2874 1960 3022 2018 nihil
3070 1960 3231 2019 aliud
3275 1958 3569 2033 cogitabat
3614 1957 3729 2016 nisi

2084 2051 2267 2108 vitam
2298 2049 2711 2124 voluptariam.

309 2132 538 2205 λευτῆν,
569 2140 668 2191 τοῦ
702 2136 798 2208 μὲν
829 2133 918 2191 διὰ
942 2133 1100 2192 τόνδε
1130 2132 1660 2212 ξυλλαμὸανομένου
1713 2158 1772 2194 τε
1822 2139 1914 2194 καὶ
1979 2135 2392 2216 ἀναιρουμένου,
2447 2136 2697 2194 κάκείνου
2730 2139 2806 2212 μή
2844 2135 3109 2200 ἀπόλιδος
3140 2134 3526 2212 εὑρισκομένου
3590 2133 3734 2209 μηδέ

312 2224 543 2301 φυέντος
570 2222 679 2279 ἀπὸ
712 2221 894 2299 δρυὸς,
936 2221 1064 2281 ἀλλ’
1096 2225 1156 2281 ἐκ
1194 2225 1398 2302 πατρὸς
1428 2226 1519 2281 καὶ
1552 2226 1761 2302 μητρὸς
1791 2228 1825 2297 ἢ
1861 2231 1994 2303 γοῦν
2047 2227 2098 2298 ἒξ
2157 2226 2470 2304 ἀγχιστείας
2500 2227 2561 2281 τὸ
2613 2227 3017 2301 συναπτόμενον
3051 2226 3126 2289 εἰς
3154 2227 3308 2302 γένος
3339 2224 3430 2281 καὶ
3459 2226 3521 2280 τὸ
3541 2222 3726 2304 φίλιον

308 2312 724 2390 ἀναφαίνοντος.
758 2314 856 2369 Καὶ
897 2311 964 2384 δὴ
997 2313 1105 2369 ἀπὸ
1135 2312 1522 2391 διαταγμάτων
1556 2314 1858 2390 βασιλικῶν
1888 2317 2071 2392 ἀρχὴν
2103 2313 2394 2391 δεξάμενον
2426 2317 2489 2373 τὸ
2519 2313 2830 2374 δικαστικόν
2859 2320 3019 2373 τοῦτο
3049 2316 3442 2391 γνωμάτευμα,
3473 2312 3726 2388 ἤμελλον

311 2402 389 2467 ὧς
419 2398 676 2480 πρόϐατα
702 2406 913 2484 σφαγῆς
943 2402 1019 2465 εἷς
1047 2403 1102 2459 ’ὲν
1142 2405 1461 2481 συνάγεσθαι
1493 2404 1786 2482 ἄθροισμα,
1820 2407 1871 2462 οἱ
1903 2407 1954 2462 ἓν
1986 2405 2269 2487 διαφόροις
2302 2407 2592 2484 ἐπαρχίαις
2624 2408 3024 2474 ἒκτοπισθὲντες
3046 2408 3138 2464 καὶ
3168 2408 3221 2462 οἱ
3241 2412 3361 2469 ταῖς
3382 2403 3731 2476 ὁπουδήποτε

311 2494 771 2572 καθειργνύμενοι
802 2494 1094 2573 φυλακαῖς,
1129 2494 1267 2553 ὣστε
1294 2494 1524 2555 ’ἑκαστον
1555 2497 1872 2578 υφίστασθαι
1906 2498 2136 2563 θάνατον
2168 2497 2247 2562 εἷς
2279 2500 2337 2556 δν
2377 2500 2677 2580 ἀφώριστο,
2713 2500 2761 2557 εἶ
2820 2502 2897 2574 μὴ
2928 2499 3065 2556 κατᾶ
3108 2499 3199 2556 τὸν
3238 2500 3531 2577 προφήτην
3562 2496 3729 2552 εἴπεῖν

311 2585 415 2653 τήν
476 2583 683 2641 οῖκείαν
746 2585 1023 2663 μάχαιραν
1079 2582 1345 2643 ἐπέϐαλεν
1408 2587 1436 2643 ὁ
1496 2589 1627 2650 Θεὸς
1682 2587 1773 2643 ini
1827 2588 1921 2643 τὸν
1982 2586 2295 2660 ἀποστάτην
2355 2588 2645 2667 δράκοντα,
2703 2591 2793 2646 τὸν
2848 2587 3096 2656 σκολιὸν,
3152 2590 3243 2645 τὸν
3282 2589 3335 2644 δν
3366 2593 3482 2651 τοῖς
3542 2584 3728 2642 ὕδασιν

310 2673 699 2751 ὑποφεύγοντα
770 2678 838 2749 τῇ
915 2676 1173 2753 καθύγρῳ
1244 2676 1441 2754 ταύτῃ,
1515 2677 1591 2741 ὠς
1666 2673 1854 2748 ἔδειξε,
1935 2678 2119 2754 βιοτῇ,
2195 2678 2286 2735 καὶ
2365 2676 2537 2753 μηδὲν
2612 2680 2746 2755 ὑπὶρ
2801 2681 2869 2735 τα
2926 2680 3183 2756 ὁρώμενα
3260 2678 3352 2733 καὶ
3440 2676 3554 2752 βίον
3635 2676 3727 2732 τὸν

309 2761 577 2835 ἢδονικὸν
609 2766 1034 2840 φανταζόμενον·

374 2854 444 2911 θ’.
503 2848 706 2923 Συνέϐη
777 2853 835 2910 δὲ
888 2877 942 2912 τι
993 2856 1083 2912 καὶ
1133 2854 1318 2934 ἓτερον
1396 2858 1473 2921 είς
1558 2858 1659 2927 τήν
1714 2857 1973 2927 τοιαύτην

305 2942 478 3000 αὐτὸν
531 2940 939 3021 ἐκτραχηλίσαν
1016 2945 1334 3020 ἐνθύμησιν.
1392 2947 1568 3022 Ὁρῶν
1630 2946 1729 3022 γὰρ
1796 2946 1972 3001 ἀπαν-

302 3032 546 3110 ταχόθεν
589 3032 747 3089 στενά
776 3034 829 3090 οἱ
858 3034 926 3090 τὰ
952 3035 1270 3110 πράγματα,
1301 3034 1390 3090 καὶ
1430 3036 1558 3098 τοὺς
1604 3032 1664 3090 ἐκ
1718 3034 1974 3098 Σικελίας

2154 2859 2208 2917 9.
2244 2860 2469 2917 Accidit
2509 2859 2685 2918 etiam
2732 2859 2890 2917 aliud
2939 2860 3245 2933 quiddam,
3296 2858 3452 2932 quod
3483 2874 3619 2916 eum
3666 2858 3727 2914 in

2084 2950 2304 3005 tantam
2354 2950 2783 3006 immanitatem
2814 2948 3070 3022 impulit.
3094 2949 3254 3019 Nam
3300 2964 3431 3004 cum
3475 2946 3736 3022 undique

2083 3037 2144 3094 in
2176 3044 2366 3096 artum
2418 3058 2558 3098 suas
2584 3040 2781 3114 copias
2818 3040 2969 3114 cogi,
3000 3044 3060 3097 et
3088 3039 3318 3098 Siculos
3340 3040 3591 3112 jamjam
3626 3054 3734 3097 suo

310 3123 446 3179 ὅσον
502 3118 718 3178 ούδὲπω
772 3124 906 3179 κατὰ
985 3121 1230 3203 κεφαλὴν
1287 3124 1453 3181 αὐτοῦ
1517 3122 1976 3200 ἐπιστησομένους

2088 3127 2264 3202 capiti
2304 3129 2613 3187 imminere
2669 3132 2728 3187 et
2773 3135 3054 3203 tanquam
3107 3129 3449 3204 Typhonem
3493 3134 3730 3186 centum

312 3212 411 3268 καὶ
444 3211 518 3275 ὡς
560 3211 994 3293 ἑκατογκέφαλον
1057 3216 1291 3281 Τυφῶνα
1344 3212 1793 3285 ηταπιέσοντας,
1847 3215 1977 3278 τοὺς

314 3299 365 3357 δ’
394 3298 547 3363 ἐντὸς
589 3301 684 3356 τὸν
741 3299 912 3358 αὐτοῦ
962 3302 1189 3366 θάνατον
1228 3299 1502 3378 διψῶντας
1558 3303 1861 3375 ἐπισκοπήν
1921 3324 1979 3360 τε

317 3388 665 3466 ἡγουμένους
723 3393 861 3445 Θεοῦ
926 3391 1018 3446 καὶ
1072 3389 1225 3447 λύσιν
1264 3390 1588 3463 δοξάζοντας
1623 3397 1733 3449 τῶν
1799 3393 1980 3449 κακῶν

323 3480 428 3548 τὴν
483 3478 651 3535 αὐτοῦ
708 3477 967 3536 ἀνάλυσιν
1020 3479 1080 3536 ἐκ
1133 3485 1232 3536 τοῦ
1275 3481 1556 3555 σώματος,
1586 3482 1678 3538 καὶ
1729 3484 1831 3552 τήν
1872 3483 1977 3539 ἀπὸ

325 3570 424 3623 τοῦ
454 3567 603 3632 θείου
640 3565 697 3624 δὲ
728 3569 1085 3649 ὑφορώμενος
1139 3569 1521 3646 ἔγκατάΑειψιν
1577 3574 1660 3633 οἷς
1710 3570 1981 3646 πολυτρό-

327 3677 446 3721 πως
489 3657 554 3713 τὸ
595 3655 863 3733 ὑπερέχον
909 3655 1167 3732 ἰδάμασε,
1222 3658 1314 3714 καὶ
1371 3663 1539 3715 ταῦτα
1579 3657 1979 3735 διατεινόμενος

326 3745 388 3802 ἐκ
412 3753 515 3817 τῆς
552 3745 728 3812 αὐλῆς
768 3746 901 3802 εἶναι
931 3751 1178 3824 Χριστοῦ
1223 3748 1315 3804 καὶ
1357 3749 1421 3804 τὸ
1473 3749 1608 3805 αύτὸ
1636 3749 1789 3827 γένος
1863 3756 1981 3816 τοῖς

328 3829 742 3909 ἰκθλιῦομὲνοις
808 3835 1025 3913 λαχὼν,
1080 3839 1218 3914 πρὸς
1273 3839 1374 3909 τήν
1441 3834 1531 3893 διὰ
1580 3839 1814 3903 θωπείας
1871 3840 1982 3898 εἳτε

322 3924 411 3979 καὶ
452 3926 738 4001 θεραπείας
773 3929 881 3981 τῶν
907 3928 1115 4002 ’ἐναγῶν
1182 3924 1456 4001 δαιμόνων
1515 3928 1826 4003 πρόγνωσιν
1873 3932 1980 3985 τῶν

331 4011 645 4086 μελλόντων
676 4014 841 4089 ὁρμᾷ,
872 4015 1012 4071 καθά
1040 4016 1131 4071 καὶ
1188 4016 1218 4070 ὁ
1274 4014 1508 4078 παλαιὸς
1549 4014 1753 4080 ἐκεῖνος
1794 4015 1978 4074 Σαούλ

329 4102 401 4164 εἰς
432 4103 527 4165 τᾶς
556 4102 1029 4180 ἐγγαστριμύθους
1085 4104 1303 4182 ὕστερον
1361 4100 1612 4182 ἔϐλεψεν,
1671 4104 1735 4171 ἅς
1789 4105 1981 4164 ἐδίωκε

327 4192 590 4268 πρότερον
655 4193 719 4248 τὸ
759 4199 899 4257 θεῖον
955 4195 1128 4267 ἑαυτῷ
1183 4194 1526 4269 ἱλεούμενος.
1578 4196 1681 4252 Καὶ
1747 4194 1814 4266 δὴ
1882 4198 1982 4267 τὴν

328 4282 548 4351 θυτικήν
635 4284 1062 4359 καταργηθεῖσαν
1123 4282 1327 4355 πᾶλαι,
1378 4285 1520 4358 ὁρῶν
1575 4285 1667 4339 καὶ
1739 4286 1839 4354 τήν
1890 4282 1982 4341 διὰ

323 4370 523 4441 ταύτης
590 4368 836 4441 δήλωσιν
923 4376 1030 4427 τῶν
1128 4372 1400 4447 ἐσομένων
1485 4373 1807 4443 τεθνηκυῖαν
1888 4370 1979 4429 καὶ

2087 3220 2343 3287 capitum
2406 3235 2814 3302 oppressuros,
2875 3218 3028 3278 cives
3084 3235 3216 3276 vero
3275 3223 3519 3276 mortem
3562 3234 3732 3276 suam

2087 3309 2249 3367 sitire
2296 3313 2354 3367 et
2400 3327 2572 3368 suum
2622 3309 2926 3369 interitum
2975 3311 3243 3367 divinum
3287 3309 3639 3368 beneﬁcium
3680 3316 3736 3366 et

2087 3399 2372 3456 malorum
2398 3400 2721 3457 remedium
2747 3400 3082 3458 existimare
3110 3400 3546 3467 cerneret,441
3588 3415 3735 3470 pra:-

2085 3492 2359 3560 tereaque
2389 3505 2452 3546 se
2512 3493 2751 3563 propter
2802 3487 3161 3562 multiplices
3205 3504 3508 3559 procerum
3547 3488 3733 3543 caedes

2088 3595 2123 3635 a
2144 3583 2262 3636 Deo
2325 3580 2622 3636 desertum
2648 3578 2963 3650 judicaret,
2995 3576 3268 3650 quamvis
3311 3593 3376 3633 se
3408 3577 3479 3632 ad
3516 3575 3733 3632 Christi

2087 3668 2395 3725 mandram
2415 3668 2706 3743 pertinere
2727 3666 3402 3739 afﬂrmaret,iisdemque
3425 3664 3731 3722 elementis

2089 3761 2378 3815 constaret
2426 3757 2644 3830 quibus
2698 3757 2740 3812 ii
2787 3772 2937 3828 quos
2992 3755 3375 3826 exstirpabat,
3415 3753 3486 3810 ad
3529 3753 3730 3810 futura

2089 3862 2192 3918 per
2230 3846 2535 3903 noxiorum
2577 3846 2908 3901 dmmonum
2958 3843 3184 3900 cultum
3234 3840 3640 3914 cognoscenda
3669 3858 3731 3899 se

2087 3935 2391 4003 convertit,
2424 3938 2488 3990 ut
2511 3938 2568 3991 et
2598 3932 2813 3990 Saulus
2834 3931 2975 3988 olim
3008 3932 3078 3987 ad
3095 3930 3729 4004 engastrimythostan-

2086 4019 2219 4076 dem
2252 4019 2416 4088 abiit,
2468 4035 2614 4093 quos
2642 4022 2779 4074 ante
2810 4018 3084 4089 placandi
3118 4017 3379 4075 numinis
3408 4018 3599 4092 gratia
3628 4035 3730 4091 pe-

2087 4108 2332 4181 pulerat.
2387 4108 2530 4165 Nam
2589 4123 2723 4165 cum
2781 4107 3182 4181 aruspicinam
3238 4111 3376 4166 ante
3440 4107 3728 4181 plurimos

2087 4214 2272 4256 annos
2302 4196 2655 4255 obsolevisse
2694 4201 2752 4254 et
2778 4196 3013 4270 penitus
3051 4198 3330 4256 abolitam
3368 4213 3518 4262 esse,
3548 4211 3727 4269 augu-

2087 4288 2268 4345 ralem
2321 4287 2462 4343 item
2520 4285 3019 4358 superstitionem,
3052 4291 3117 4342 ut
3154 4290 3213 4342 et
3262 4285 3625 4343 somniorum
3670 4289 3728 4340 et

2086 4376 2348 4433 ominum
2364 4374 2932 4448 interpretationem,
2962 4375 3083 4447 iam
3107 4373 3246 4432 olim
3265 4390 3294 4430 θ
3308 4374 3586 4432 Romanis
3603 4374 3727 4430 ﬁni-

320 4456 553 4537 ἄφαντον
612 4456 722 4531 ἤδη
780 4459 1139 4528 παντάπασιν,
1191 4459 1452 4524 ὡσαύτως
1505 4460 1594 4517 καὶ
1650 4463 1751 4532 τήν
1785 4457 1855 4517 δι’
1885 4461 1976 4537 ὀρ·-

2085 4468 2198 4523 bus
2227 4465 2510 4531 evolasse,
2552 4464 2710 4522 solos
2739 4478 2873 4520 vero
2894 4481 2994 4522 eos
3016 4464 3386 4537 impostores,
3418 4465 3561 4539 quis
3578 4464 3727 4538 pelvi

320 4548 476 4605 νίθων
514 4549 833 4626 περιεργίας
881 4549 1052 4607 πάλαι
1112 4551 1427 4608 ἂποπτᾶσαν
1493 4551 1545 4623 ἐξ
1611 4551 1778 4626 ὁρίων
1842 4553 1979 4617 Ῥω,

322 4648 558 4715 μαϊκῶν,
593 4639 1000 4717 ἐνυπνιασμούς
1030 4664 1089 4699 τε
1109 4643 1200 4699 καί
1220 4641 1647 4720 κλῃδονισμοὺς,
1691 4643 1887 4718 μόνους
1917 4641 1975 4700 δὲ

317 4732 444 4795 τοὺς
463 4728 553 4787 διὰ
577 4729 794 4787 πλυνῶν
816 4733 908 4788 καὶ
931 4730 1226 4789 λεκανίδων
1276 4734 1694 4812 φενακομάντεις
1734 4733 1971 4810 περιλειο

318 4823 597 4897 πομὲνους
628 4823 782 4896 [218]
813 4824 904 4878 καὶ
933 4822 1063 4887 τοὺς
1095 4825 1217 4880 ὅσοι
1272 4823 1369 4890 τᾶς
1426 4829 1533 4880 τῶν
1564 4824 1772 4900 ἄστρων
1806 4822 1973 4889 θέσεις

311 4913 822 4991 περισκοπεύουσιν,
882 4915 995 4990 οὐχ
1021 4916 1185 4984 ἧττον
1225 4919 1540 4978 πλανῶντες
1578 4915 1721 4992 ἤπερ
1752 4913 1973 4971 πλανώ-

317 5025 500 5078 μενοι,
559 5002 661 5074 τήν
721 5004 815 5078 μὶν
869 5002 1232 5079 ἀστρονομίαν
1287 5009 1366 5077 τῷ
1419 5006 1556 5068 τέως
1615 5004 1690 5068 ὡς
1745 5006 1971 5078 συνηθε-

316 5096 510 5167 στέραν
559 5094 651 5149 καὶ
710 5093 1035 5171 ἆξυμφανῶς
1091 5094 1158 5149 τὰ
1219 5092 1972 5175 μέλλοντανὺπεμφαίνουσαν

317 5181 638 5258 ὑπερέθετο,
695 5181 880 5261 ἐφίησι
921 5178 968 5237 δ’
1017 5180 1150 5239 ὅλον
1216 5184 1403 5240 ἑαυτὸν
1433 5188 1552 5245 τοῖς
1610 5182 1804 5249 θ’ίτινες
1832 5184 1975 5259 ἀμυ-

315 5272 464 5350 δρῶς
495 5273 548 5329 ἐν
604 5279 722 5336 ταῖς
777 5271 1009 5335 πλυνοῖς
1079 5271 1238 5329 ὕδασι
1291 5275 1682 5350 τεκμαίρονται
1736 5274 1802 5330 τὰ
1854 5272 1972 5332 ἰσό-

310 5386 444 5439 μενα
510 5360 602 5419 καί
661 5363 737 5428 ὡς
801 5361 893 5417 οἷά
935 5382 1085 5425 τινας
1152 5363 1372 5427 ἀκτῖνας
1452 5361 1619 5435 ἡλίου
1704 5382 1975 5439 παραυγα-

304 5453 502 5525 ζούσας
554 5450 866 5527 ἰνδάλματα
923 5456 1032 5509 τῶν
1097 5447 1400 5529 ἔμπροσθεν
1460 5453 1662 5511 ἐκεῖθεν
1723 5451 1973 5527 ἐνοπτρί-

304 5550 509 5616 ζονται,
562 5541 740 5605 Δύτός
804 5541 902 5616 μὶν
955 5539 1045 5598 οὖν
1111 5547 1357 5619 παρεῖναι
1423 5549 1545 5606 τοῖς
1618 5540 1972 5615 τελουμένοις

308 5633 602 5705 ἀπείπατο,
664 5629 950 5702 ἐκκλίνων,
998 5630 1073 5695 ὠς
1121 5626 1287 5705 ἔοικε,
1340 5634 1441 5703 τήν
1477 5629 1718 5690 κωτίλον
1750 5632 1965 5710 φήμην,

309 5720 346 5793 ἤ
400 5721 470 5778 τὰ
524 5719 578 5778 ἰν
641 5723 867 5799 κρυπτῷ
928 5717 1180 5797 δρώμενα
1245 5722 1401 5800 διορᾷ
1457 5722 1549 5778 κάι
1599 5720 1783 5794 τίθησι
1845 5726 1964 5785 τοῖς

2088 4555 2373 4624 divinant,
2405 4560 2465 4612 et
2492 4552 2592 4627 qui
2641 4558 2942 4611 astrenum
2994 4553 3223 4628 positus
3253 4554 3535 4611 rimantes
3565 4570 3729 4626 teque

2084 4644 2296 4702 fallunt
2314 4659 2381 4701 ac
2409 4642 2718 4710 falluntur,
2736 4660 3048 4716 superesse
3063 4649 3471 4715 cernerct,tum
3487 4662 3562 4718 qu
3573 4645 3726 4702 idem

2030 4726 2045 4744 ⁸
2080 4733 2459 4808 astrologiam
2489 4738 2554 4791 ut
2595 4732 2784 4807 magis
2814 4733 3162 4793 familiarem
3191 4739 3249 4792 et
3292 4736 3488 4793 futura
3515 4736 3727 4793 obscu-

2083 4824 2205 4882 rius
2237 4825 2581 4881 innuentem
2614 4826 2898 4896 seposuit,
2931 4840 3109 4897 seque
3139 4828 3329 4883 totum
3363 4825 3626 4898 permisit
3656 4824 3728 4882 iis

2084 4916 2187 4990 qui
2254 4916 2450 4973 futura
2501 4916 2658 4973 442
2717 4931 2787 4972 ex
2816 4916 2984 4987 aquis
3038 4916 3209 4989 quasi
3267 4934 3366 4988 per
3412 4915 3723 4989 caliginem

2083 5005 2430 5079 conjiciunt,
2455 5007 2514 5061 et
2557 5003 2842 5077 imagines
2871 5006 3206 5060 futurarum
3252 5020 3446 5061 rerum
3468 5007 3629 5060 velut
3656 5019 3726 5061 ex

2084 5093 2294 5151 umbra
2341 5090 2625 5149 solarium
2670 5091 2972 5148 radiorum
3024 5095 3454 5148 consectantur.
3486 5095 3568 5148 Ac
3597 5091 3724 5164 ipse

2082 5184 2317 5256 quidem
2349 5181 2390 5237 ii
2439 5179 2742 5237 nocturnis
2778 5179 2963 5237 sacris
2998 5180 3282 5236 interesse
3322 5178 3531 5249 noluit,
3563 5184 3722 5237 metu

2085 5274 2275 5338 fama,
2327 5275 2394 5328 ut
2449 5268 2719 5332 arbitror,
2776 5284 2901 5340 qua
2934 5284 3001 5324 ea
3044 5285 3175 5340 quae
3222 5269 3280 5323 in
3318 5269 3544 5325 occulto
3575 5270 3726 5327 ﬁunt

2083 5361 2361 5435 perspicit
2391 5363 2450 5416 et
2487 5358 2762 5415 omnibus
2794 5362 3045 5414 enarrat.
3105 5358 3219 5416 Sed
3249 5357 3535 5416 nefarium
3578 5360 3723 5418 illud

2082 5466 2363 5508 arcanum
2394 5446 3045 5521 Hagiochristophoritaa
3075 5448 3368 5520 Stephano
3387 5450 3557 5520 cujus
3573 5468 3725 5524 stupe

2085 5540 2440 5597 mentionem
2485 5536 2754 5605 fecimus,
2798 5535 3059 5594 mandat.
3091 5537 3145 5594 Is
3176 5553 3306 5596 vero
3349 5540 3522 5597 Setho
3552 5540 3725 5597 adhi-

2078 5632 2224 5699 bito,
2284 5629 2386 5703 qui
2439 5628 2512 5684 ab
2570 5627 2809 5683 ineunte
2863 5629 3032 5684 aetate
3087 5627 3424 5687 istiusmodi
3469 5631 3723 5690 oraculis

2079 5719 2311 5779 deditus
2367 5716 2569 5777 oculos
2614 5720 2924 5791 propterea
3007 5716 3298 5777 Manuelis
3351 5719 3722 5792 imperatoris
