4116 6206
335 426 452 491 699

1653 417 1967 480 NlCETIE
2009 419 2433 484 ΟΗΟΝΙΑΤᾹΞ

3626 429 3749 489 700

332 561 509 634 jussu
541 557 836 624 amiserat,
897 557 962 611 ut
1005 569 1183 624 supra
1229 550 1630 625 exposuimus,
1681 555 1838 608 certo
1870 551 1985 608 ritu

2101 552 2294 608 ἅπασιν
2345 549 2568 634 ἕκφορα,
2627 557 2908 630 ἂνατίθησι
2979 554 3034 614 δὶ
3088 558 3187 626 τήν
3248 557 3488 632 μυσαρᾶν
3541 555 3746 629 ταύτην

343 652 536 722 (quem
570 645 714 702 mibi
746 659 850 721 nec
875 643 1025 699 scire
1056 658 1162 699 nec
1200 641 1491 712 explicare
1519 640 1840 714 jucundum
1875 645 1985 708 est,

336 744 394 795 et
422 736 659 793 aliunde
687 738 883 806 petere
915 733 1080 804 licet)
1129 735 1502 804 percontatur
1531 730 1663 804 quis
1695 733 1826 804 post
1867 735 1988 786 An-

337 827 646 886 dronicum
685 826 762 882 sit
801 823 1201 897 imperaturus
1256 825 1358 877 aut
1403 820 1711 894 imperium
1763 819 1815 876 ei
1863 835 1985 876 sre-

337 922 568 990 pturus.
605 915 938 987 Respondet
958 909 1150 967 malus
1180 911 1410 984 genius,
1443 925 1508 966 ac
1534 909 1728 982 potius
1744 909 1989 966 obscure

338 1013 404 1063 ut
429 1007 488 1061 in
520 1007 710 1077 aquis,
745 1004 937 1074 iisque
982 1001 1260 1066 turbidis,
1307 999 1530 1073 aliquot
1583 999 1802 1072 primas
1832 997 1988 1054 litte-

344 1113 457 1165 ras,
493 1097 716 1168 integro
748 1092 986 1150 nomine
1036 1107 1150 1147 non
1178 1107 1472 1163 expresso,
1507 1089 1800 1161 designat,
1839 1088 1992 1143 unde

341 1184 600 1245 Isaacius
633 1181 1087 1255 intelligeretur:
1121 1179 1222 1234 sed
1257 1181 1515 1251 primum
1539 1183 1774 1234 ostensa
1798 1177 1991 1233 littera

343 1276 382 1334 S
413 1275 600 1330 instar
629 1271 947 1327 dimidiatae
995 1268 1167 1332 lunae,
1203 1284 1268 1324 ac
1300 1267 1510 1324 deinde
1552 1266 1864 1338 subjuncla
1896 1265 1993 1321 lit-

343 1367 469 1421 tera
492 1362 552 1432 I;
585 1365 651 1418 ut
679 1359 986 1418 oraculum
1033 1361 1188 1414 esset
1219 1356 1551 1424 obscurius,
1583 1362 1636 1412 et
1681 1355 1784 1412 fati
1814 1355 1990 1411 veluti

340 1451 649 1520 stimulas;
711 1454 814 1506 aut
851 1457 909 1505 ut
962 1448 1157 1505 verius
1204 1447 1417 1512 dicam,
1477 1446 1629 1518 quod
1690 1462 1803 1501 non
1839 1445 1986 1501 satis

342 1547 513 1602 norat
568 1546 924 1598 nocturnum
1001 1537 1145 1594 illud
1195 1541 1253 1593 et
1301 1536 1542 1592 infinitas
1600 1535 1993 1608 improbitatis

347 1629 725 1694 daemonium,
754 1625 1135 1699 perplexitate
1166 1623 1505 1692 involverat,
1532 1641 1602 1680 ne
1633 1623 1797 1697 argui
1833 1640 1992 1680 men-

346 1718 496 1776 dacii
531 1721 748 1790 posset.
813 1717 1011 1787 Itaque
1065 1712 1436 1772 Andronicus
1485 1715 1636 1769 448
1694 1729 1795 1770 eas
1828 1715 1993 1770 Isau-

347 1823 481 1864 rum
531 1805 860 1878 significare
911 1804 1173 1877 putabat,
1213 1809 1274 1860 et
1322 1820 1454 1860 eum
1495 1819 1623 1859 esse
1667 1803 1996 1860 afﬁrmabat

2089 644 2473 717 νυκτεργασίαν
2556 650 2636 717 τῷ
2717 647 3276 724 Ἀγιοχριστοφορίτῃ
3337 649 3613 725 Στεφάνῳ,
3686 647 3748 702 οὗ

2090 728 2364 795 πολλάκις
2395 732 2768 808 ἐμνήσθημεν.
2820 738 2882 795 ὐ
2938 733 2996 792 δὲ
3059 737 3153 792 τὸν
3195 738 3330 805 Σὴθ¹
3381 731 3748 813 παραλαϐὼν,

2090 817 2150 875 ἐκ
2213 819 2509 895 βούπαιδος
2565 824 2948 900 τετελεσμένον
3001 827 3068 881 τὰ
3124 825 3303 882 τοιαδὶ
3359 829 3453 882 καὶ
3532 825 3746 881 τούτων

2087 907 2264 965 ἕνεκεν
2320 909 2611 968 ἐκκοπέντα
2675 915 2772 977 τὰς
2857 917 3020 991 κόρας
3087 915 3231 992 παρᾶ
3309 920 3408 970 τοῦ
3476 915 3746 991 βασιλέως

2090 997 2377 1070 Μανουήλ,
2409 1001 2486 1064 ὡς
2520 1000 2572 1056 ἐν
2598 1009 2716 1065 τοῖς
2749 1004 2872 1079 περὶ
2931 1002 3138 1059 ἐκείνου
3186 1004 3377 1078 λόγοις
3428 1003 3749 1078 εἰρήκαμεν,

2091 1085 2105 1107 2
2175 1088 2186 1106 Ι
2433 1088 2446 1110 1
2611 1088 2635 1108 κ
2666 1093 2677 1113 9
2721 1090 2748 1110 Ὺ
2821 1087 2874 1109 3"
3142 1091 3149 1106 ν
3386 1093 3401 1112 \
3506 1093 3522 1110 ἢ
3681 1096 3709 1108 ο

2091 1109 2358 1162 εριυτησιν
2391 1093 2574 1162 τιθησι
2607 1103 2657 1146 οι
2710 1113 2785 1146 ων
2818 1109 3034 1168 εορασεν
3096 1095 3219 1166 (ὅσα
3275 1091 3404 1165 ἐμοι
3465 1113 3563 1165 μεν
3610 1114 3750 1165 γνω-

2090 1175 2176 1231 ναί
2233 1198 2290 1232 τε
2357 1178 2446 1234 καὶ
2505 1178 2672 1236 εἷ’πεῖν
2745 1180 2852 1260 οὑχ
2930 1178 3059 1252 ἡδὺ,
3140 1183 3326 1255 μαθεῖν
3389 1179 3434 1236 δ’
3495 1179 3752 1252 ἑτέρωθεν

2093 1262 2261 1335 ἔξεστι
2291 1271 2412 1330 τοῖς
2444 1266 2832 1342 βουλομὲνοις)
2865 1266 3058 1325 εἰδέναι
3109 1270 3167 1332 ὃς
3201 1269 3342 1324 ἐστιν
3390 1270 3418 1324 ὁ
3473 1268 3610 1343 μετᾶ
3661 1269 3755 1324 τὸν

2098 1352 2397 1428 βασιλέαᾶ
2570 1358 2584 1380 ’
2674 1354 2698 1374 ’⁵
2754 1357 2766 1374 ’
2985 1356 3010 1380 ”
3132 1357 3146 1376 “
3285 1378 3306 1394 ν
3391 1359 3414 1392 ·’
3636 1358 3649 1378 ’
3699 1360 3713 1375 ⁸

2271 1398 2292 1409 -
2399 1357 2538 1430 ρξων
2587 1368 2920 1434 Δνορονικον
2975 1379 3010 1428 η
3059 1379 3148 1414 και
3202 1357 3532 1433 παραλλσων
3595 1379 3751 1414 αυτον

2092 1449 2194 1512 τῆς
2241 1445 2442 1521 ἀρχῆς.
2514 1447 2592 1504 Τὸ
2658 1443 2716 1502 δὲ
2766 1449 3007 1523 πονηρὸν
3045 1447 3385 1523 ἀποκρίνεται
3445 1451 3678 1522 πνεῦμα,
3718 1448 3754 1519 ἤ

2101 1531 2316 1606 μᾶλλον
2354 1531 2614 1610 ἀμυδρῶς
2645 1535 2720 1599 ὡς
2751 1534 2803 1592 ἐν
2843 1534 3022 1608 ὕδασι,
3090 1537 3178 1592 καῗ⁵
3209 1536 3425 1600 τούτοις
3479 1535 3755 1609 θολεροῖς,

2098 1619 2457 1699 διαχαράττει
2523 1628 2630 1679 τῶν
2673 1625 3010 1702 γραμμάτων
3065 1628 3186 1681 τινα
3241 1627 3510 1684 Ἰσαακιον
3553 1624 3754 1682 ἐννοεῖν

2099 1706 2551 1784 ὑπεμϐοἱλλοντα,
2576 1713 2687 1793 οὑχ
2716 1715 2852 1770 ἅπαν
2887 1715 3060 1786 ξυνθὶν
3082 1715 3145 1772 τὸ
3176 1710 3370 1789 ὄνομα,
3403 1713 3550 1770 ἀλλᾶ
3581 1716 3757 1790 σίγμα

2097 1800 2544 1876 προϋποθέμενον
2579 1802 2769 1858 ὁποῖον
2800 1803 2864 1859 τὸ
2904 1810 3003 1873 τῆς
3042 1803 3281 1876 σελήνης
3329 1805 3634 1878 ἡμίτομον,
3664 1805 3756 1860 καὶ

348 1895 640 1953 Isaacium
673 1895 1060 1962 Comneuum,
1082 1893 1182 1965 qui
1213 1893 1463 1965 Cyprum
1500 1909 1601 1964 per
1623 1892 1991 1965 tyrannidem

2099 1889 2296 1946 τούτου
2329 1889 2548 1956 ὄπισθεν
2608 1890 2952 1949 διατυπῶσαν
2992 1893 3146 1965 ἰῶτα,
3203 1893 3280 1957 εἷς
3329 1895 3394 1950 τὸ
3449 1894 3758 1972 ἀξυμφανῖ-ες

342 1985 670 2059 oppressit;
718 1999 962 2054 eumque
1027 1988 1306 2054 perpetuo
1359 1986 1703 2055 Suspectum
1743 1982 1992 2038 habebat

343 2079 410 2132 ut
466 2071 695 2146 imperii
732 2087 1151 2128 successorem.
1212 2075 1355 2127 Nam
1422 2089 1489 2127 ex
1531 2071 1754 2127 Isauria
1792 2070 1848 2126 in
1892 2071 1994 2142 Cy-

346 2179 519 2237 prum
573 2166 809 2218 venerat
858 2160 1032 2216 homo
1077 2159 1670 2229 maleficentissimus,
1706 2161 1990 2232 pernicio-

347 2267 451 2308 sus
503 2249 770 2313 Telchin.
829 2264 990 2304 mare
1051 2247 1484 2304 calamitatibus
1551 2255 1896 2317 exaestuans,
1937 2254 1996 2304 et

349 2345 516 2398 atrox
564 2339 718 2396 furia
775 2338 831 2394 in
879 2337 1078 2394 beatos
1143 2341 1274 2392 ante
1329 2335 1623 2393 insulares
1679 2335 1996 2393 crudeliter

349 2433 638 2504 grassata.
697 2426 841 2484 Nam
871 2426 1108 2499 scriptis
1157 2443 1254 2482 eos
1301 2425 1570 2491 miseror,
1602 2424 1703 2498 qui
1739 2426 1882 2498 ipsis
1914 2426 1991 2481 fa-

350 2521 460 2576 ctis
491 2517 790 2591 publicum
822 2515 966 2572 illud
1015 2515 1404 2572 infortunium
1439 2519 1578 2571 sunt
1601 2515 1846 2587 experti.
1879 2517 1991 2570 An-

348 2609 627 2666 dronicus
686 2623 822 2666 vero
884 2605 1130 2662 miratus
1180 2604 1505 2670 oraculum,
1540 2628 1565 2655 «
1615 2603 1740 2661 Non
1801 2603 1994 2672 modo,

348 2697 561 2769 inquit,
628 2695 700 2752 de
757 2710 1096 2752 successore
1151 2692 1536 2766 interrogato,
1593 2693 1693 2750 sed
1761 2698 1995 2764 tempus

349 2786 520 2845 etiam
546 2784 799 2856 adjicito.
820 2806 848 2834 »
871 2783 1038 2839 Facta
1063 2782 1237 2839 etiam
1257 2782 1338 2855 de
1369 2787 1630 2854 tempore
1651 2784 1992 2854 quaestione,

351 2877 544 2933 aerius
571 2874 667 2930 ille
697 2878 755 2930 et
797 2872 1094 2930 terrestris
1151 2871 1418 2944 spiritus,
1459 2871 1822 2937 carminibus
1867 2887 1994 2944 ques

351 2963 596 3038 proferri
656 2963 816 3020 nefas
876 2967 968 3019 est
1013 2969 1288 3019 evocatus
1356 2965 1412 3017 ct
1459 2977 1592 3016 cum
1634 2961 1884 3033 strepitu
1936 2960 1995 3016 in

349 3071 562 3127 aquam
598 3052 861 3124 illapsus,
896 3051 1049 3107 intra
1079 3051 1503 3106 Exaltationem
1527 3051 1720 3108 crucis
1753 3067 1992 3124 respon-

350 3145 455 3202 dit.
504 3143 628 3198 llaec
671 3147 862 3198 autem
929 3140 1096 3196 initio
1138 3140 1497 3212 Septembris
1544 3143 1673 3196 acta
1707 3144 1869 3197 sunt.
1899 3141 1994 3196 Se-

347 3233 538 3292 cundo
563 3241 737 3304 etiam
769 3246 1045 3304 responso
1071 3229 1295 3296 audito,
1327 3245 1461 3286 cum
1508 3229 1741 3286 insuavi
1765 3233 1822 3286 et
1853 3229 1996 3286 falso

351 3341 419 3382 ac
449 3323 622 3397 plane
667 3321 952 3380 Sardonio
997 3321 1160 3377 risu:
1195 3342 1224 3371 ‹‹
1254 3320 1511 3390 Vanum,
1561 3319 1754 3391 inquit
1781 3321 1994 3376 Andro-

349 3412 536 3480 nicus,
569 3416 660 3468 est
687 3411 844 3468 istud
890 3409 1226 3478 oraculum;
1261 3409 1360 3483 qui
1415 3409 1572 3466 enim
1602 3409 1860 3466 Isaacius
1904 3407 1998 3463 in-

354 3506 446 3560 tra
477 3506 596 3557 tam
623 3517 842 3574 paucos
871 3501 996 3557 dies
1027 3499 1210 3572 Cypro
1239 3498 1510 3555 advenire
1533 3498 1998 3570 mequeimperio

349 3595 606 3649 evertere
655 3589 916 3663 poterit?
947 3611 975 3640 »
1007 3589 1200 3662 anue
1248 3587 1422 3645 verba
1462 3587 1693 3660 penitus
1721 3587 1994 3659 neglexit.

348 3679 492 3737 Cum
525 3685 720 3736 autem
749 3677 1006 3736 Joannes
1029 3683 1340 3752 tyrannus,
1361 3675 1480 3732 Beli
1497 3675 1678 3747 judex
1695 3676 1767 3732 ab
1787 3679 2000 3734 Andro-

347 3768 478 3827 nico
502 3769 866 3842 designatus,
901 3783 1084 3840 eaque
1107 3767 1179 3822 de
1208 3769 1364 3822 444
1393 3781 1573 3822 causa
1602 3765 1995 3838 cupiditatum

343 3862 471 3933 ejus
525 3860 782 3916 fervidus
826 3858 1118 3924 minister,
1168 3856 1413 3913 dixisset
1465 3854 1758 3912 Isaacium
1811 3857 1997 3928 Ange-

342 3949 465 4006 lum
496 3966 526 4006 ο
561 3947 753 4005 medio
798 3945 1120 4003 tollendum
1169 3961 1318 4015 esse,
1353 3960 1425 4002 ne
1485 3945 1629 4001 forte
1658 3943 1892 4001 oraculo
1922 3945 1992 4000 ad

344 4039 513 4096 illum
578 4037 902 4111 pertinente
957 4036 1070 4108 ipsi
1137 4035 1460 4110 longinqua
1507 4035 1994 4110 imaginarentur,

343 4128 416 4188 iis
447 4144 576 4208 quae
625 4132 762 4184 ante
821 4127 1000 4200 pedes
1049 4129 1247 4184 essent
1286 4124 1594 4201 neglectis,
1629 4141 1702 4182 ne
1749 4125 1834 4182 sic
1865 4125 1996 4198 qui-

347 4218 478 4275 dem
509 4217 856 4275 divinationi
887 4233 1172 4273 assensus
1219 4220 1346 4280 est;
1379 4231 1446 4272 ac
1477 4215 1669 4286 potius
1695 4215 1992 4272 hominem

344 4308 570 4378 derisit,
602 4308 759 4380 quod
793 4306 904 4364 tale
935 4306 1154 4378 aliquid
1183 4305 1254 4362 de
1296 4304 1516 4362 Isaaclo
1546 4304 1766 4378 Angelo
1797 4303 1992 4376 suspi-

343 4402 592 4466 caretur,
627 4413 800 4470 quem
827 4404 888 4452 ut
909 4394 1144 4452 mollem
1175 4400 1228 4450 et
1260 4393 1536 4466 ignavum
1571 4409 1674 4449 nec
1701 4393 1771 4449 ad
1807 4392 1987 4449 ullam

342 4502 467 4542 rem
513 4487 828 4556 gerendam
880 4485 1154 4541 idoneum
1204 4483 1635 4540 contemnebat.
1685 4483 1830 4540 Nam
1871 4483 1989 4540 fata

345 4575 648 4645 urgebant,
676 4581 730 4629 et
754 4579 907 4630 Deus
940 4573 1140 4644 utique
1167 4571 1265 4628 illo
1297 4571 1637 4643 prudentior
1661 4575 1804 4629 erat.

2103 1978 2233 2056 ἃγον
2289 1979 2526 2037 ἐντεῦθεν
2573 1982 2636 2037 τὸ
2699 1985 2983 2056 μάντευμα
3032 1982 3124 2038 καὶ
3177 1986 3293 2040 οἱον
3341 1987 3436 2040 τοῦ
3495 1982 3759 2057 ἐσομένου

2101 2067 2471 2143 προκέντημα,
2521 2067 2558 2140 ἤ
2627 2069 3008 2146 ἀληθεστέρως
3050 2071 3243 2141 εἰπεῖν,
3301 2071 3331 2126 ὅ
3391 2075 3465 2146 μὴ
3525 2073 3761 2147 ἁκριτῶς

2102 2157 2390 2228 ἠπίστατο,
2495 2163 2654 2214 τοῦτο
2749 2164 2818 2234 τῇ
2913 2160 3143 2239 ἀσαφείᾳ
3242 2160 3610 2235 ὑπομελαῖνον
3691 2161 3757 2215 τὸ

2101 2246 2414 2324 πολυμερὲς
2494 2249 2596 2319 τὴν
2655 2249 2842 2305 κακίαν
2901 2251 3222 2324 νυκτινόμον
3293 2247 3590 2324 δαιμόνιον,
3656 2251 3752 2306 τὸν

2099 2339 2200 2391 τοῦ
2289 2333 2522 2410 ψεύδους
2620 2335 3010 2412 ἐκτρεπόμενον
3087 2337 3346 2417 ἔλεγχον.
3428 2341 3586 2394 Ὥστε
3661 2338 3760 2394 καὶ

2105 2421 2444 2499 Ἀνδρόνικος
2489 2431 2737 2502 Ἵσαυρον
2801 2428 3156 2499 ὑπετόπασεν,
3191 2428 3240 2498 ἐξ
3308 2429 3382 2484 ὧν
3416 2430 3639 2500 ἢκουσε,
3695 2430 3764 2484 τα

2103 2512 2330 2591 ὀφθέντα
2387 2513 2786 2589 διασημαίνειν,
2845 2516 2934 2572 καὶ
2989 2520 3181 2574 τοῦτον
3239 2520 3378 2572 εἶναι
3447 2517 3762 2594 ἰσχυρίζετο

2099 2603 2192 2658 τὸν
2245 2605 2533 2676 Κομνηνὸν
2591 2606 2879 2675 ³1σαοὶκιον,
2940 2606 2998 2670 ὅς
3073 2609 3173 2676 τῆς
3256 2607 3472 2683 Κύπρου
3538 2629 3763 2664 κατετυ-

2103 2690 2355 2767 ράννευσε
2417 2693 2508 2748 καὶ
2549 2693 2606 2749 ὅν
2673 2693 2898 2771 ἐνήγετο
2971 2697 3292 2752 ὑποπτεύειν
3321 2693 3626 2773 ἐνδελεχῶς
3685 2697 3761 2760 ὡς

2105 2779 2372 2862 διάδοχον
2450 2783 2594 2856 ἀύτῷ
2647 2788 2751 2850 τῆς
2805 2785 3008 2862 ἀρχῆς,
3067 2783 3255 2856 ἐπειδή
3345 2787 3432 2842 καὶ
3494 2788 3764 2862 Ἱσαυρίας

2103 2869 2314 2940 ἀπάρας
2371 2869 2448 2933 εἷς
2487 2872 2704 2948 Κύπρον
2796 2872 3045 2952 ἀφίκετο,
3110 2875 3412 2951 κακοεργὸς
3467 2875 3541 2937 ὡς
3610 2875 3766 2930 οὔπω

2101 2955 2284 3034 ἕτερος
2341 2958 2430 3014 καὶ
2479 2959 2810 3039 φθοροποιὸς
2869 2961 3083 3038 Τελχὶν
3149 2961 3239 3018 καὶ
3290 2960 3534 3018 θάλασσα
3593 2957 3766 3020 πελαέ

2103 3047 2328 3124 γίζουσα
2371 3050 2656 3126 συμφορὰς
2707 3051 2740 3121 ἦ
2817 3056 2948 3128 γοῦν
3008 3050 3220 3128 ἐριννὺς
3275 3052 3600 3128 ἐπιμανεῖσα
3643 3059 3763 3118 τοῖς

2105 3137 2298 3214 πρώην
2389 3135 2676 3213 εὐδαίμοσι
2763 3147 2864 3212 τῆς
2959 3143 3128 3212 νήσου
3198 3143 3400 3214 ταύτης
3451 3143 3761 3218 οἰκήτορσιο

2111 3233 2476 3301 συμπαθητιῶ
2522 3228 2626 3305 γὰρ
2685 3229 2738 3286 ἓν
2773 3231 2982 3305 ῥήμασι
3046 3236 3164 3296 τοῖς
3213 3230 3267 3288 ἐν
3328 3233 3611 3310 πράγμασι
3668 3255 3765 3290 πε-

2109 3314 2460 3393 πειραμὲνοις
2512 3322 2610 3374 τοῦ
2670 3321 2829 3392 κοινῇ
2873 3320 3243 3394 συμπεσόντος
3301 3320 3527 3384 ἐκείνοις
3568 3328 3761 3381 κακοῦ.

2105 3406 2479 3482 Ἀγασάμενος
2535 3404 2582 3462 δ’
2663 3405 3017 3484 Ἀνδρόνικος
3065 3411 3158 3466 τὸν
3235 3411 3515 3486 χρησμὸν,
3574 3437 3602 3463 ‹‹
3670 3414 3763 3483 Μὴ

2105 3495 2300 3572 ἐρώτα,
2337 3522 2364 3549 ››
2397 3497 2532 3570 εἶπε,
2558 3523 2586 3550 ‹‹
2612 3499 2774 3572 μόνον
2805 3500 2897 3556 τὸν
2927 3497 3323 3576 διαδεξόμενον,
3355 3501 3503 3558 ἀλλὰ
3529 3504 3762 3577 πρόσθες

2102 3586 2189 3640 καὶ
2221 3587 2312 3642 τὸν
2343 3589 2557 3662 καιρόν.
2593 3613 2621 3638 ν)
2661 3588 2960 3664 Γενομένης
3011 3590 3104 3645 οὗν
3163 3591 3253 3646 καὶ
3317 3590 3440 3667 περὶ
3486 3598 3586 3648 τοῦ
3639 3614 3761 3649 καιο

2105 3679 2205 3750 ροῦ
2234 3673 2579 3750 ἐρωτήσεως,
2641 3676 2874 3752 ἐμπεσὸν
2934 3681 3022 3734 καὶ
3081 3683 3332 3758 ψοφῆσαν
3379 3685 3460 3752 τῷ
3487 3679 3642 3738 ὕδατι
3698 3683 3762 3738 τὸ

2102 3763 2318 3839 ἀερικὸν
2404 3766 2494 3820 καὶ
2591 3768 2871 3843 γεωχαρές
2958 3773 3170 3842 πνεῦμα
3253 3763 3608 3842 πεφοίϐασται
3685 3769 3760 3826 δι’

2102 3853 2460 3927 ἀπᾳσμάτων,
2522 3856 2686 3911 ὁποῖα
2755 3858 2832 3930 μή
2892 3855 3160 3936 ἐκφαίνειν
3223 3861 3426 3935 χρεὼν,
3483 3860 3554 3922 ὡς
3604 3861 3751 3923 ἐντὸς

2100 3947 2208 3998 τῶν
2242 3945 2464 4020 ἡμερῶν
2514 3952 2614 4014 τῆς
2677 3946 2936 4021 ὑψώσεως
3002 3953 3100 4003 τοῦ
3143 3951 3398 4024 σταυροῦ
3431 3952 3494 4020 ἦν
3547 3946 3606 4004 δὲ
3658 3950 3756 4024 ἆρο

2105 4031 2344 4107 χόμενος
2401 4034 2428 4088 ὁ
2487 4029 2863 4112 Σεπτὲμϐριος
2943 4036 3076 4109 μὴν,
3127 4039 3217 4093 ὅτε
3294 4042 3463 4096 ταῦτα
3531 4037 3760 4116 ἐγίνετο.

2102 4123 2190 4185 Ὧς
2239 4119 2296 4177 δὲ
2343 4124 2575 4193 ἠκηκόει
2629 4124 2723 4179 καὶ
2778 4124 2845 4182 τὰ
2901 4125 3026 4200 περὶ
3082 4133 3182 4196 τῆς
3242 4123 3490 4202 δευτέρας
3543 4124 3764 4202 Ἀνδρό-

2103 4232 2250 4273 νικος
2312 4212 2580 4280 πεύσεως,
2629 4209 2793 4284 ἀηδές
2845 4233 2897 4268 τι
2963 4213 3076 4286 καὶ,
3119 4212 3504 4290 διεψευσμένον
3549 4215 3762 4291 μειδιᾶ-

2105 4321 2198 4366 σας
2235 4301 2326 4356 καὶ
2375 4301 2618 4377 ἀτεχνῶς
2650 4300 2970 4386 Σαρξόνιον,
3028 4305 3116 4360 καὶ
3178 4306 3344 4362 εῗπὼν
3385 4305 3460 4368 ὠς
3502 4306 3677 4382 λῆρος
3727 4307 3756 4362 ό

2103 4390 2360 4469 χρησμὸς
2427 4391 2766 4466 οὗτος,(ποῐ’›
2822 4393 2927 4470 γὰρ
2981 4390 3266 4466 δυνήσεται
3326 4394 3595 4459 Ἰσαάκιος
3655 4395 3765 4454 Κυ-

2099 4481 2296 4556 πρόθεν
2350 4479 2721 4538 καταπλεῦσαι
2761 4479 2851 4538 διὰ
2909 4484 3141 4560 μετρίων
3193 4487 3333 4541 πάνυ
3397 4508 3451 4542 τι
3522 4491 3759 4544 τουτωνὶ

2099 4573 2322 4647 ἡμερῶν
2354 4570 2443 4625 καὶ
2473 4571 2719 4628 καθελεῖν
2771 4573 2930 4629 αὐτὸν
2971 4581 3072 4645 τῆς
3124 4574 3304 4652 ἀρχῆς
3349 4577 3388 4648 ;)
3419 4579 3572 4652 [2t9]
3639 4567 3760 4633 οὐδ’

341 4661 491 4722 ὅλως
547 4661 816 4736 προσέσχε
851 4664 968 4720 τοῖς
1027 4658 1360 4735 εἰρημένοις.
1395 4663 1680 4730 Φήσαντος
1734 4657 1791 4716 δὲ
1819 4664 1916 4715 τοῦ
1947 4659 2053 4715 ἀπὸ
2097 4662 2250 4734 Τυρᾶ
2289 4659 2538 4716 Ἰωάννου
2572 4662 2658 4732 (ἦν
2715 4659 2761 4718 δ’
2820 4663 2980 4726 οὗτος
3019 4663 3213 4739 κριτής
3239 4670 3342 4721 τοῦ
3375 4665 3566 4737 Βήλου
3621 4672 3756 4742 παρ’

344 4747 696 4826 Ἀνδρονίκου
746 4743 1215 4824 προϐεϐλημένος,
1274 4747 1364 4802 καὶ
1448 4750 1648 4824 θερμὸς
1740 4746 1832 4804 διὰ
1894 4752 2059 4804 τοῦτο
2111 4753 2219 4804 τῶν
2281 4748 2445 4805 αὑτοῦ
2504 4749 2832 4825 θελημπὶτων
2903 4752 3199 4828 ὑπηρέτης)
3257 4755 3331 4817 ὠς
3397 4753 3481 4810 δεῖ
3547 4755 3755 4826 συλλη-

348 4839 547 4916 φθέντα
604 4838 654 4910 ἔξ
713 4837 1012 4913 ἀνθρώπων
1061 4838 1310 4913 γενέσθαι
1365 4837 1456 4892 τὸν
1526 4838 1791 4894 Ἰσαάκιον
1847 4836 2140 4915 Ἄγγελον,
2207 4841 2410 4912 μήπως
2471 4838 2548 4902 εἷς
2605 4844 2800 4897 τοῦτον
2859 4843 3103 4923 ἀφορῶσι
3161 4844 3230 4899 τὰ
3280 4849 3378 4900 τοῦ
3449 4845 3760 4919 μαντεύμα-

342 4949 458 5002 τος,
492 4927 644 4985 αὐτοὶ
713 4924 770 4984 δὲ
822 4926 890 4983 τὰ
938 4925 1220 5004 πόρρωθεν
1279 4926 1641 5005 φαντάζονται
1694 4927 1769 4982 τὰ
1828 4925 1879 4982 ἐν
1939 4928 2097 4983 ποσὶν
2153 4921 2585 5002 ὑπερϐαίνοντες,
2619 4926 2732 4985 οὐδ’
2766 4921 2915 4986 οὕτω.
2965 4936 3042 5004 τῷ
3073 4931 3527 5012 χρησμῳδήματι
3589 4930 3759 4990 ἔθετο.

343 5020 669 5080 Τοὺναντίον
734 5020 830 5094 μὲν
889 5018 981 5074 οὑν
1043 5016 1135 5076 καὶ
1224 5015 1433 5091 μωκίαν
1514 5015 1740 5094 κατέχεε
1821 5021 1922 5073 τοῦ
2003 5015 2110 5072 ἀπὸ
2181 5020 2350 5092 Τυρᾶ,
2434 5016 2479 5072 εἰ
2567 5023 2789 5075 τοιαῦτα
2857 5018 3004 5083 ὅλως
3090 5023 3409 5100 φαντάζεται
3489 5023 3760 5080 ἰσαακίου

341 5108 496 5168 ἕνεκα
550 5115 695 5168 τοῦς
758 5106 1044 5186 Ἀγγέλου,
1105 5108 1392 5182 ἒξουθενῶν
1461 5106 1576 5181 ’ἁμα
1633 5108 1688 5170 ἒς
1757 5106 2114 5182 μαλακότητα
2169 5107 2332 5175 ἢοους
2407 5106 2498 5162 τὸν
2577 5104 2750 5183 ἄνδρα
2830 5109 2920 5165 καὶ
3005 5111 3142 5186 πρὸς
3190 5111 3349 5168 οὐδὲν
3426 5114 3760 5188 καυόρθωμα

343 5205 534 5258 τοῦτον
591 5197 821 5272 ὲνδὲξιον
900 5199 1035 5255 εἶναι
1112 5195 1542 5272 διατεινόμενοςο
1619 5196 1818 5274 ἤγγιζε
1893 5197 1998 5274 γὰρ
2071 5197 2134 5252 τὸ
2215 5196 2510 5271 μόρσιμον,
2585 5197 2678 5252 καὶ
2753 5200 2822 5269 ἦν
2898 5199 2962 5256 τὸ
3039 5205 3186 5265 θεῖον
3262 5202 3429 5258 αὑτοῦ

341 5304 520 5366 τερον.

414 5384 500 5440 10.
558 5383 844 5440 Caeterum
930 5377 1568 5453 Hagiochristopborita
1625 5377 1982 5452 Stephanus,
2169 5376 2220 5431 ι’.

3524 5224 3616 5258 συν
3625 5205 3755 5259 ετώ-

341 5471 515 5528 homo
549 5471 820 5545 impiger,
852 5468 1059 5542 quovis
1084 5469 1256 5526 modo
1285 5467 1509 5525 domini
1541 5467 1984 5541 etimperatoris

341 5560 434 5616 sui
474 5558 651 5615 saluti
709 5558 1042 5616 consultum
1099 5557 1323 5628 volens,
1373 5557 1659 5615 lsaacium
1699 5555 1984 5630 Angelum

343 5647 838 5720 comprehendere
887 5646 1115 5717 statuit,
1148 5663 1214 5703 ao
1268 5648 1519 5718 primum
1565 5646 1624 5702 in
1655 5647 1984 5704 custodiam

339 5740 499 5808 dare,
547 5733 758 5792 deinde
803 5735 1118 5792 Andronici
1175 5736 1460 5794 arbitratu
1486 5737 1769 5794 occidere.
1802 5735 1988 5809 Igitur

2281 5371 2435 5444 Πλὴν
2515 5377 2852 5454 θερμουργὸς
2934 5372 3008 5434 ὥν
3066 5379 3094 5432 ὁ
3161 5381 3754 5459 ’Δγιοχριστοφορίτης

2095 5465 2388 5542 Στέφανος,
2437 5465 2528 5519 καὶ
2592 5470 2690 5522 τοῦ
2741 5466 2932 5543 κυρίου
3012 5467 3286 5544 βασιλέως
3327 5469 3601 5533 παντοίως
3651 5491 3754 5540 κη-

2095 5551 2346 5628 δόμενος,
2429 5554 2522 5610 τὸν
2593 5557 2860 5614 ἰσαάκιον
2917 5555 3182 5634 ’Λγγελον
3257 5557 3554 5633 προσέθετο
3625 5557 3752 5614 συλ·

2097 5640 2285 5702 λαϐεῖν
2342 5647 2433 5704 καὶ
2491 5652 2683 5724 πρῶτα
2752 5646 2847 5720 μὶν
2907 5643 3128 5720 ἐνεῖρξαι
3185 5645 3429 5724 φυλακῇ,
3487 5649 3605 5705 εἶτα
3658 5650 3749 5705 καὶ

2729 5737 2760 5760 Υ

2094 5737 2309 5812 θανάτῳ
2367 5738 2662 5815 ὑπαγαγεῖν
2721 5737 2767 5810 ᾧ
2833 5735 2894 5791 ξίν
2974 5733 3329 5814 ’Δνὸρόνικος
3386 5734 3750 5814 δοκιμάσειεν,
