4116 6206
341 413 454 480 701

1374 411 1473 471 DE
1520 405 1984 473 ANDRONICO
2027 402 2400 468 COMNENO
2446 404 2591 465 LIB.
2640 403 2714 463 Il.

3642 409 3764 469 702

346 546 552 603 Οὐκοῦν
610 540 687 605 είς
755 543 855 611 τήν
911 539 1087 599 οἰκίαν
1182 541 1449 599 Ἰσαακίου
1541 538 1997 616 παραγενόμενος,

2118 538 2271 595 ades
2300 536 2532 605 lsaacii,
2563 553 2695 610 quis
2739 552 2919 611 prope
2968 537 3278 611 Periblepti
3339 539 3759 598 monasterium

346 634 512 711 ἐγγὺς
566 635 726 689 οὖσαν
799 638 899 701 τῆς
981 638 1153 706 μονῆς
1227 640 1327 703 τῆς
1405 626 1802 707 Περιὸλὲπτου,
1878 627 2002 704 περὶ

352 721 540 794 δείλην
558 730 659 792 τῆς
692 719 979 793 ἑνδεκάτης
1008 726 1106 777 τοῦ
1148 716 1527 797 Σεπτεμϐρίου
1557 720 1732 795 μηνὸς
1757 722 1855 775 τοῦ
1886 716 2003 789 ἔξα-

351 813 648 890 χιλιοστοῦ
708 813 1132 868 ἑπτακοσιοστοῦ
1179 810 1533 881 ἐνενηκοστοῦ
1605 809 1696 865 καὶ
1746 809 2003 884 τετάρτου

347 899 527 969 ἔτους,
559 903 649 957 καὶ
688 902 786 971 τήν
839 900 1056 957 αὔλειον
1107 900 1363 957 εἰσελθὼν
1413 900 1692 956 ἑπὲττατεν
1753 898 2004 970 Ἰσαακίῳ

344 991 634 1057 κατελθεῖν
665 991 755 1047 καὶ
805 986 1030 1046 ’ἕπεσθαί
1080 991 1131 1046 οἷ
1178 987 1305 1055 ἔνθα
1353 988 1415 1044 ἂν
1466 990 1706 1065 προάγῃ.
1758 990 1872 1045 Τοῦ
1925 984 2001 1053 δὲ,

351 1081 425 1143 ὠς
503 1080 650 1144 εἰκὸς
723 1074 1201 1153 ἀναϐαλλομένου,
1280 1079 1365 1134 ὅτι
1439 1079 1530 1132 καὶ
1610 1076 1777 1151 μόνον
1819 1075 2004 1153 ὀφθεὶς

343 1166 559 1228 ἐκεῖνος
589 1168 753 1223 κακὸν
815 1160 1045 1244 ἔσχατον
1095 1163 1517 1241 ωλλελόγιστο,
1569 1165 1596 1219 ό
1649 1162 1705 1219 δὲ
1751 1162 1840 1218 καὶ
1884 1162 2003 1237 βίαν

350 1262 689 1332 προσεπῆγε,
720 1254 811 1310 καὶ
850 1260 969 1317 τοῖς
1020 1258 1268 1309 συνοῦσιν
1323 1254 1551 1327 ἐπετίμα
1599 1255 1677 1328 μὴ
1727 1252 1817 1307 καὶ
1865 1251 2003 1327 πρὸς

343 1349 444 1417 τήν
504 1346 729 1420 πρώτην
778 1339 1058 1413 ἀναϐολὴν
1124 1343 1453 1418 ἁπτομένοις
1518 1343 1689 1398 αὐτοῦ
1732 1345 1839 1396 τῶν
1882 1360 2003 1415 τρι-

347 1439 469 1515 χῶν
501 1436 586 1489 καὶ
619 1433 947 1507 λαζομὲνοις
992 1430 1054 1488 ἐκ
1098 1436 1196 1487 τοῦ
1254 1431 1462 1509 γενείου
1509 1431 1598 1486 καὶ
1647 1429 1857 1503 ἀτίμως
1906 1432 2003 1485 τοῦ

344 1521 629 1597 δωματίου
694 1523 1022 1598 κατάγουσιν
1093 1522 1183 1576 καὶ
1252 1521 1521 1597 ἀπάγουσι
1605 1518 1691 1576 ἐπὶ
1758 1516 2001 1597 κεφαλὴν

341 1614 666 1687 ὠθούμενον
710 1612 802 1666 καὶ
849 1612 1190 1683 τυπτόμενον
1244 1610 1320 1675 εἷς
1376 1611 1443 1679 ἤν
1498 1607 1560 1665 ἅν
1620 1609 1782 1671 αὐτὸς
1839 1618 2003 1678 καθηο

340 1705 583 1782 γήσηται
639 1702 927 1775 κάθειρξιν.
989 1700 1097 1757 Καὶ
1156 1700 1207 1754 0i
1283 1700 1380 1773 μὲν
1437 1695 1633 1754 ὀπαδοῖ
1708 1698 1847 1773 πρὸς
1884 1702 2001 1759 τοῖς

346 1790 798 1867 ἔπιτεταγμένοις
873 1792 1031 1859 ἦσαν,
1109 1789 1137 1844 6
1214 1786 1261 1844 δ’
1334 1787 1601 1851 Ἰσαάκιος
1674 1790 1774 1858 τὴν
1833 1789 2001 1860 θήραν

345 1879 476 1937 ἰδὼν
525 1879 762 1960 ἄφυκτον
821 1880 909 1934 καὶ
981 1876 1419 1950 ἀνυπεξάλυκτον
1474 1879 1573 1947 τὴν
1636 1877 1870 1953 σαγήνην
1934 1875 2001 1945 ἥν

343 1967 677 2044 ἱφήπλωσεν
737 1970 767 2025 6
830 1967 1074 2032 ἐπελθὼν
1123 1966 1315 2039 ἐκείνῳ
1375 1965 1692 2034 ἁσπαλιεὺς,
1749 1967 1839 2020 καὶ
1882 1963 1992 2036 ἤδη

341 2059 703 2136 συνέχουσαν,
732 2058 794 2114 οὗ
828 2054 1134 2131 δειλανδρεῖ
1181 2053 1304 2112 οῧτν
1352 2058 1459 2130 μὴν
1509 2053 1837 2134 φιλοψυχεῖ,
1868 2053 1994 2110 ἀλλ’

346 2148 422 2210 ὡς
492 2147 887 2220 τεθνηξόμενος
955 2145 1269 2219 προτίθεται
1338 2144 1698 2220 μαχέσασθαι,
1766 2144 1813 2198 εἳ
1879 2163 1998 2207 πως

344 2236 476 2313 οὐχὶ
552 2236 887 2307 τεθνήξεται,
927 2232 964 2303 ἤ
1018 2232 1231 2309 μᾶλλον
1310 2235 1384 2308 μή
1459 2231 1607 2308 ’ἔχων
1685 2230 1838 2289 ἄνετα
1876 2252 1997 2309 κρο-

342 2326 516 2382 αίνειν
547 2326 624 2388 ὡς
685 2326 714 2380 6
771 2323 1074 2394 ἀκοστήσας
1126 2323 1422 2398 Ὀμήρειος
1476 2322 1661 2384 ἳππως
1718 2321 1807 2377 καὶ
1866 2318 1994 2377 ποδὶ

339 2415 479 2471 κατὰ
518 2410 724 2469 πεδίων
782 2408 1050 2487 ἐλευθέρῳ
1106 2410 1357 2491 φέρεσθαι
1410 2413 1469 2486 (ἡ
1525 2412 1629 2487 γὰρ
1680 2412 1823 2486 ἅρπη
1882 2407 1990 2482 ἤδη

341 2503 559 2560 ἐτέτατο
590 2503 680 2558 καὶ
710 2504 745 2572 ἡ
779 2501 1054 2577 σύλληψις
1107 2500 1213 2557 οὐκ
1258 2501 1324 2570 ἦν
1377 2497 1693 2580 δυσχερὴς),
1747 2505 1996 2575 μιμεῖται

338 2595 430 2650 τὸν
482 2592 944 2668 πολεμιστήριον,
993 2590 1082 2647 καὶ
1131 2591 1191 2646 τὸ
1251 2589 1343 2653 οὖς
1392 2589 1693 2660 ἀναστήσας
1736 2590 1810 2652 ὡς
1859 2588 1998 2665 πρὸς

340 2680 623 2758 σάλπιγγα
687 2682 937 2760 ἠχοῦσαν
986 2680 1048 2735 τὸ
1105 2676 1354 2734 ἐνυάλιον
1406 2678 1497 2734 καὶ
1564 2679 1751 2755 φρίξας
1813 2679 1994 2751 κόμην

338 2774 440 2844 τήν
503 2770 829 2847 ἐπαυχένιον
883 2770 972 2825 καὶ
1033 2768 1305 2849 φριμάξας
1353 2767 1524 2842 ὁμόσε
1599 2771 1776 2847 χωρεῖ
1832 2787 1998 2823 κατα-

344 2862 624 2941 φρονητὴς
685 2860 876 2940 ξιφῶν,
946 2858 1255 2936 ὑπερόπτης
1323 2859 1538 2933 Ἀρεος,
1596 2855 1836 2913 ἀπειλῶν
1882 2855 2000 2913 οὐδ’

336 2952 599 3009 ὁπωσοῦν
675 2948 1070 3024 ξμπαζόμενος.
1150 2947 1374 3022 Ἀμέλει
1447 2945 1537 3002 καὶ
1614 2947 1688 3010 ὡς
1766 2946 1883 3022 εἶχε
1933 2947 1998 3003 τὸ

336 3040 497 3119 ξίφος
555 3036 899 3111 σπασάμενος
955 3036 1099 3115 (εἶχε
1155 3033 1212 3091 δὲ
1263 3034 1721 3112 ἀπερικαλύπτως
1768 3042 1868 3106 τῆς
1909 3055 1996 3092 κε-

347 3129 557 3207 φαλῆς,
622 3126 686 3181 τὸ
737 3123 793 3181 δὲ
833 3130 993 3200 σῶμα
1034 3123 1233 3199 λωπίῳ
1295 3122 1571 3201 διχρώμῳ
1610 3129 1826 3200 συνεῖχε
1874 3124 1995 3200 περὶ

337 3220 436 3288 τὴν
472 3214 587 3289 ἰξὺν
617 3209 1020 3286 καταϐαίνοντι,
1081 3210 1263 3269 ἔκτοτε
1311 3211 1370 3269 δὲ
1417 3210 1782 3289 διαιρουμὲνῳ
1836 3210 1999 3289 διχῆ)

340 3306 432 3363 καὶ
478 3306 574 3361 τὸν
622 3302 797 3360 ἵππον
855 3300 1054 3365 ἀναϐάς
1108 3305 1209 3373 τὴν
1254 3309 1418 3379 χεῖρα
1474 3303 1732 3359 ἀνατείνει
1793 3304 1994 3383 ξιφήρη

340 3397 483 3451 κατὰ
544 3400 647 3464 τῆς
686 3397 783 3449 τοῦ
845 3390 1440 3472 Ἀγιοχριστοιρορίτου
1505 3391 1769 3471 κεφαλῆς.
1823 3393 1884 3450 Ὀ
1942 3391 1997 3448 δὲ

334 3487 436 3555 τὴν
505 3482 776 3540 Ἰσαακίου
841 3484 1023 3558 ὁρμήν
1089 3482 1353 3553 πτοηθεῖς
1420 3479 1835 3561 ἐκξιφισαμένου
1904 3482 1995 3537 καὶ

338 3577 680 3636 θανατῶντος
755 3569 1076 3646 προδήλως,
1157 3571 1523 3645 μεταστρέψας
1593 3572 1692 3640 τὴν
1765 3570 1993 3644 ἡμίονον

336 3664 374 3740 ᾖ
404 3662 613 3739 ἔποχος
640 3663 731 3732 ἦν,
761 3662 852 3716 καὶ
884 3661 1057 3737 συχνά
1082 3660 1370 3735 κεντρίζων
1402 3660 1500 3729 τήν
1559 3660 1857 3736 ἡμίκερκον
1894 3666 1993 3730 τῆς

334 3752 528 3825 ἐξόδου
559 3752 698 3813 ἅπας
730 3750 956 3827 γίνεται.
996 3748 1151 3807 Ἀλλ’
1186 3747 1340 3804 οῧπω
1387 3744 1628 3824 ἀκριϐῶς
1672 3751 1772 3819 την
1811 3747 1991 3820 πύλην

335 3842 680 3915 διεληλύθει,
755 3842 845 3898 ναὶ
914 3844 943 3897 6
1008 3842 1274 3904 Ἰσαάκιος
1346 3840 1561 3917 καιρίαν
1637 3842 1853 3916 κατάγει
1904 3842 1992 3898 καὶ

332 3936 575 4004 πλήττει
608 3933 747 3987 κατὰ
778 3929 938 4005 μέσον
964 3931 1027 3986 τὸ
1058 3930 1270 4006 κρανίον
1310 3931 1401 3985 τὸν
1437 3927 1698 3987 δείλαιον.
1722 3931 1825 3988 Καὶ
1858 3928 1989 4007 διχῆ

334 4021 538 4079 διελὼν
584 4019 786 4077 ἐκεῖνον
842 4021 935 4094 μὲν
985 4018 1046 4091 ἐᾷ
1092 4018 1273 4095 κύρμα
1328 4022 1643 4094 προκεῖσθαι
1688 4019 1864 4090 κυσὶν,
1920 4020 1995 4081 ὡς

336 4111 602 4187 βόσκημα
656 4108 1046 4188 σφακελίζοντα
1102 4109 1190 4164 καὶ
1265 4112 1341 4181 τῷ
1420 4106 1543 4182 ἲδίῳ
1617 4107 1994 4183 παλυνόμενον

337 4201 567 4276 α’ίματι,
598 4199 761 4261 αὐτὸς
795 4196 852 4254 δὲ
900 4202 1007 4254 τῶν
1066 4196 1272 4254 ἐκείνου
1319 4199 1469 4274 [220]
1520 4196 1738 4254 ὀπαδῶν
1789 4200 1848 4254 δν
1901 4198 1994 4273 μὲν

335 4289 671 4366 διαθροήσας
701 4289 789 4345 καὶ
821 4292 1015 4364 γυμνῷ
1049 4288 1200 4361 μόνῳ
1250 4292 1327 4361 τῶ
1375 4288 1536 4362 ξίφει,
1596 4286 1778 4362 ἒτὲρου
1829 4286 1887 4344 δὲ
1931 4290 1994 4344 τὸ

334 4379 506 4437 ὠτίον
539 4378 880 4457 ἀφελόμενος
930 4376 1019 4432 καὶ
1074 4374 1246 4433 ἄλλον
1303 4373 1505 4433 ἄλλοσε
1553 4373 1867 4448 διαστήσας,
1923 4378 1996 4440 ὡς

331 4468 425 4525 ἰπὶ
482 4469 549 4523 τὰ
607 4471 753 4543 σφῶν
806 4464 1032 4521 ’ἑκαστον
1098 4462 1565 4532 ἀπαλλάσσεσθαι,
1624 4464 1742 4537 ὃλῳ
1799 4465 1994 4541 ῥυτῆρι

334 4559 476 4635 πρὸς
504 4556 596 4612 τὸν
652 4555 819 4632 μέγαν
872 4553 1008 4611 ἵεται
1055 4555 1215 4626 νεὼν,
1267 4552 1356 4610 διὰ
1412 4561 1512 4624 τῆς
1563 4554 1848 4631 λεωφόρου
1899 4554 1993 4628 μέ·

2111 632 2270 695 sunt,
2304 630 2363 684 11
2398 628 2766 701 Septembris
2806 644 2958 684 anno
2987 627 3150 694 6784,
3184 630 3409 701 vesperi
3457 629 3762 702 ingressus

2113 720 2399 776 Isaacium
2433 719 2782 775 descendere
2814 735 2881 774 ac
2913 733 2974 774 se
3003 719 3171 791 sequi
3206 720 3403 791 jussit.
3458 720 3563 776 Illo
3614 739 3761 778 cun-

2113 811 2326 875 ctante,
2361 812 2425 864 ut
2455 811 2539 872 fit,
2573 811 2632 863 et
2657 807 2847 863 solum
2879 812 3256 880 conspectum
3280 809 3409 879 ejus
3432 816 3757 867 extremum

2113 898 2336 952 malum
2362 897 2686 968 judicante,
2716 897 2831 953 vim
2861 896 3169 953 adhibuit:
3201 902 3262 953 et
3288 898 3584 955 ministros
3620 917 3760 958 suos

2112 983 2452 1056 increpavit,
2483 984 2640 1055 quod
2673 1000 2786 1039 non
2819 984 3019 1040 statim
3053 983 3113 1039 in
3136 987 3494 1041 cunctatoris
3516 986 3757 1059 capillos

2112 1079 2168 1129 et
2197 1073 2440 1129 barbam
2474 1073 2800 1130 involantes
2830 1073 3185 1146 praecipitem
3218 1075 3523 1147 abreptum
3560 1082 3616 1132 et
3655 1093 3759 1150 per

2111 1161 2492 1232 ignominiam
2519 1160 2815 1232 pulsatum
2836 1163 2896 1217 in
2914 1178 3204 1219 carcerem
3227 1180 3261 1218 ει
3279 1180 3341 1219 se
3364 1168 3757 1222 monstratum

2114 1251 2266 1308 445
2304 1251 2603 1305 ducerent.
2638 1250 2863 1315 Quibus
2894 1250 3067 1321 jussa
3113 1253 3501 1320 exsecuturis,
3553 1253 3652 1325 qui
3700 1271 3762 1312 se

2106 1340 2234 1411 jam
2271 1339 2422 1394 intra
2452 1354 2649 1395 casses
2680 1340 2751 1394 ab
2784 1339 2883 1396 illo
2908 1344 3178 1397 extensos
3208 1357 3336 1398 esse
3378 1346 3657 1410 cerneret,
3705 1348 3763 1398 et

2112 1433 2273 1485 metu
2305 1433 2362 1485 et
2391 1430 2518 1485 vita:
2548 1428 2868 1501 cupiditate
2897 1429 3143 1502 abjecta,
3171 1430 3220 1486 si
3254 1446 3367 1503 quo
3399 1432 3570 1488 modo
3604 1447 3762 1488 mor-

2112 1522 2232 1574 tem
2262 1518 2523 1585 evitaret,
2553 1516 2643 1574 vel
2674 1519 2870 1590 potius
2901 1518 3039 1590 quia
3079 1521 3217 1592 fuga
3269 1522 3530 1592 undique
3578 1521 3756 1577 inter-

2112 1606 2272 1664 clusa
2301 1611 2425 1663 erat
2454 1621 2560 1663 nec
2590 1622 2838 1678 usquam
2871 1606 3022 1664 elabi
3076 1612 3321 1680 poterat,
3373 1608 3598 1666 fortiter
3644 1626 3757 1682 pu-

2113 1711 2292 1769 gnare
2321 1694 2605 1764 instituit;
2649 1699 2708 1750 et
2755 1699 2820 1751 ut
2871 1700 2995 1751 erat
3037 1696 3194 1752 nudo
3242 1697 3450 1768 capite,
3504 1697 3756 1755 bicolore

2110 1785 2312 1841 tunica
2341 1785 2412 1840 ad
2447 1784 2683 1840 lumbos
2713 1784 3101 1842 descendente
3129 1802 3195 1841 ac
3235 1785 3443 1842 deinde
3484 1786 3751 1844 bifariam

2030 1911 2079 1979 Β
2110 1873 2593 1979 divisa'indutus,
2626 1874 2968 1979 conscendit
2999 1880 3319 1979 equum'et
3366 1876 3569 1979 stricto
3618 1893 3756 1934 ense

2106 1965 2165 2021 in
2191 1963 2840 2037 Bagiochristophoritte
2859 1970 3035 2035 caput
3056 1965 3188 2021 ruit.
3227 1966 3283 2022 Is
3306 1968 3508 2023 lsaacii
3530 1967 3753 2040 impetu

2106 2057 2301 2126 aperte
2330 2054 2389 2109 in
2421 2054 2635 2109 caedem
2670 2054 2895 2110 ruentis
2933 2054 3172 2110 territus
3219 2054 3547 2111 calcaribus
3594 2055 3752 2113 mula

2105 2143 2358 2201 subditis
2392 2143 2590 2214 fugam
2624 2141 2897 2199 molitur:
2929 2144 3030 2199 sed
3061 2148 3376 2216 antequam
3400 2148 3567 2218 porta
3588 2160 3751 2218 egre-

2106 2235 2357 2303 deretur,
2389 2232 2661 2289 letbalem
2693 2232 2950 2289 Isaacius
2983 2232 3214 2307 plagam
3246 2234 3301 2291 ei
3345 2234 3538 2306 infert,
3590 2237 3751 2293 calva

2105 2340 2206 2397 per
2236 2322 2491 2379 medium
2525 2323 2679 2379 440
2708 2322 2982 2388 dissecta,
3012 2338 3261 2395 eumque
3291 2323 3530 2395 pecudis
3560 2324 3749 2381 instar

2106 2412 2164 2467 in
2196 2429 2303 2468 suo
2334 2412 2619 2484 sanguine
2647 2411 3031 2484 palpitantem
3080 2429 3114 2468 a
3161 2413 3405 2470 canibus
3454 2414 3743 2471 devoran-

2105 2501 2247 2557 dum
2282 2500 2576 2573 relinquit.
2609 2503 2850 2558 Etcum
2911 2518 2980 2557 ex
3034 2502 3162 2573 ejus
3224 2503 3507 2559 ministris
3561 2503 3742 2561 alium

2104 2590 2227 2647 solo
2260 2592 2460 2646 stricto
2492 2589 2689 2662 gladio
2721 2591 3000 2660 fugasset,
3031 2590 3128 2647 alii
3161 2592 3486 2648 auriculam
3537 2610 3745 2668 ampu~

2106 2686 2315 2750 tasset,
2347 2681 2493 2739 alios
2527 2682 2873 2754 disjecisset,
2906 2687 2971 2739 ut
3000 2684 3242 2740 domum
3283 2685 3537 2758 quisque
3579 2703 3747 2743 suam

2103 2777 2513 2840 reverteretur,
2541 2772 2687 2829 laxis
2716 2772 2964 2829 habenis
3007 2774 3079 2831 ad
3129 2789 3409 2847 magnum
3466 2775 3747 2847 templum

2105 2864 2448 2932 contendit;
2496 2866 2554 2920 et
2601 2864 2743 2919 dum
2793 2879 2896 2935 per
2942 2862 3191 2919 mediam
3246 2865 3396 2921 viam
3450 2869 3508 2922 et
3559 2866 3747 2922 forum

2105 2954 2373 3019 cursitat,
2407 2952 2526 3008 alta
2556 2955 2693 3008 voce
2731 2951 2947 3008 clamat
2976 2969 3035 3009 se
3065 2968 3132 3009 eo
3180 2969 3336 3023 ense,
3386 2970 3559 3026 quem
3610 2953 3750 3011 stri-

2104 3045 2261 3098 ctum
2288 3040 2478 3098 adhuc
2509 3040 2860 3120 sustinebat,
2896 3041 3590 3114 Hagiochristophoritam
3619 3044 3745 3100 Ste-

2104 3131 2364 3204 phanum
2397 3130 2709 3188 occidisse.
2747 3130 3053 3204 Templum
3088 3147 3153 3188 eo
3184 3130 3388 3188 habitu
3443 3132 3749 3204 ingressus

2108 3238 2237 3279 eam
2268 3223 2464 3278 sedem
2510 3221 2873 3290 conscendit,
2928 3222 2986 3278 in
3044 3238 3163 3295 qua
3220 3222 3523 3281 homicidas
3572 3240 3748 3280 suum

2037 3278 2080 3345 α
2107 3278 2339 3368 facinus
2365 3317 2717 3383 exponentes
2748 3310 2820 3367 ab
2848 3278 3314 3384 ingredientibus
3447 3278 3748 3386 egredien;

2106 3401 2265 3459 tibus
2295 3401 2522 3457 veniam
2556 3404 2778 3473 petunt.
2811 3401 3047 3458 Urbana
3076 3418 3209 3458 vero
3249 3402 3585 3473 multitudo,
3618 3420 3747 3475 quin

2107 3493 2318 3565 partim
2378 3490 2663 3547 Isaacium
2718 3492 3080 3563 equitantem
3130 3491 3353 3549 viderat
3421 3493 3631 3565 partim
3678 3509 3748 3549 ex

2106 3580 2238 3638 aliis
2268 3580 2323 3637 id
2355 3580 2581 3637 facinus
2612 3582 2899 3649 audierat,
2952 3581 3206 3638 maximo
3256 3597 3498 3638 numero
3547 3582 3744 3638 statim

2106 3671 2176 3727 ad
2208 3669 2493 3742 templum
2528 3670 2789 3737 conﬂuit,
2825 3674 2951 3726 tum
2983 3675 3049 3726 ut
3100 3671 3294 3742 ipsum
3342 3670 3536 3727 videat
3584 3676 3745 3728 lsaa-

2105 3761 2284 3831 cium,
2338 3764 2465 3816 tum
2528 3764 2591 3816 ut
2647 3760 2788 3831 quid
2848 3759 2917 3816 de
2974 3776 3040 3815 eo
3098 3760 3356 3816 futurum
3415 3759 3491 3815 sit
3551 3775 3743 3818 coram

2102 3848 2419 3905 intueatur.
2455 3848 2671 3904 Omnes
2701 3848 2871 3904 enim
2903 3848 3190 3919 putabant
3236 3864 3369 3903 eum
3416 3850 3552 3903 ante
3605 3848 3745 3905 solis

2103 3953 2377 3994 occasum
2432 3936 2505 3993 ab
2569 3934 2901 3993 Andronico
2949 3936 3433 4009 comprehensum
3475 3936 3639 3993 novis
3691 3942 3748 3994 et

2102 4025 2411 4098 exquisitis
2442 4026 2752 4082 tormentis
2780 4024 3037 4082 occisum
3069 4024 3162 4095 iri,
3194 4043 3227 4082 a
3256 4030 3573 4083 vetcratore
3594 4025 3652 4082 in
3677 4042 3744 4082 ea

2103 4132 2163 4173 re
2194 4114 2687 4186 ingeniosissimo.
2718 4114 2932 4171 Eodem
2984 4131 3046 4172 se
3091 4115 3314 4172 confert
3362 4117 3743 4188 eamdemque

2104 4205 2447 4263 seditionem
2498 4204 2650 4260 fovet
2699 4204 2903 4261 lsaacii
2951 4208 3193 4276 patruus
3248 4205 3439 4263 Ducas
3488 4206 3743 4262 Joannes

2103 4296 2345 4367 ejusiue
2378 4292 2531 4349 filius
2561 4292 2841 4361 lsaacius,
2877 4311 2991 4350 non
3024 4294 3179 4367 quod
3211 4294 3270 4351 in
3319 4298 3463 4353 447
3525 4295 3741 4369 llagio-

2105 4381 2568 4455 christophoritaa
2595 4382 2810 4438 caedem
2830 4381 3265 4455 conspirassent
3285 4401 3470 4458 eoque
3492 4385 3747 4445 facinore

2105 4489 2165 4529 se
2196 4470 2670 4537 obstrinxissent,
2703 4472 2802 4529 sed
2836 4473 2987 4543 quod
3023 4489 3231 4529 noxam
3263 4475 3600 4547 sponsionis
3649 4494 3746 4534 co-

2105 4560 2305 4618 mitem
2338 4575 2466 4617 esse
2497 4566 2743 4617 norant:
2785 4577 2920 4617 nam
2971 4560 3072 4619 alii
3126 4578 3229 4635 pro
3284 4564 3416 4622 aliis
3463 4566 3748 4637 spondere

334 4668 438 4718 σης
506 4644 595 4699 καὶ
663 4651 763 4713 τῆς
830 4643 1028 4718 ἀγορᾶς
1095 4641 1249 4699 διιὼν
1301 4643 1392 4699 καὶ
1459 4647 1588 4698 πᾶσι
1657 4639 1993 4719 διαπρυσίως
2026 4649 3747 4725 DcoactiﬁdemAndronicosyngraphisﬁrmarant.Adhaec

332 4736 715 4815 φθεγγόμενος
774 4735 849 4795 ὡς
910 4731 1244 4813 διεχρήσατο
1304 4737 1376 4808 τῇ
1432 4732 1605 4807 σπάθῃ
1656 4733 1825 4808 ταύτῃ
1894 4732 1997 4808 (ἔτι

330 4829 442 4905 γὰρ
474 4825 693 4903 γυμνὴν
722 4822 879 4902 ’ἔφερε
931 4826 999 4893 τῇ
1052 4823 1223 4899 χειρὶ)
1270 4823 1362 4877 τὸν
1411 4822 1998 4901 Ἀγιοχριστοφορίτην

332 4915 636 4995 Στέφανον.
674 4913 769 4968 Καὶ
804 4913 832 4966 6
868 4913 964 4985 μὲν
996 4912 1071 4975 ὡς
1134 4912 1252 4988 εἶχε
1297 4912 1391 4967 τὸν
1445 4914 1585 4967 θεῖον
1634 4912 1816 4967 εἴσιὼν
1877 4913 2003 4969 ναὸν

331 5010 505 5066 ἄνεισι
534 5005 628 5061 τὸν
666 5003 1038 5077 ἀνάσταθμοθ,
1099 5001 1159 5057 ὅν
1211 5003 1261 5057 οἱ
1306 5007 1488 5082 φονεῖς
1538 5002 1891 5081 ἀνερχόμενοι
1937 5006 2000 5062 τὸ

333 5098 540 5153 οἰκεῖον
590 5092 1121 5168 ἀνακεκαλυμμένως
1183 5089 1526 5167 διατρανοῦσι
1578 5092 1996 5168 πλημμέλημα,

328 5186 436 5255 τήν
511 5182 572 5239 ἐκ
645 5185 754 5237 τῶν
830 5179 1107 5236 εῗσιόντων
1183 5200 1241 5235 τε
1315 5180 1405 5234 καὶ
1484 5175 1729 5253 ἐξιόντων
1791 5182 1851 5237 τὸ
1920 5182 1996 5238 ἱε-

333 5275 584 5349 ρώτατον
657 5271 882 5345 τέμενος
955 5270 1230 5335 αἰτοῦντες
1305 5270 1686 5349 συγχώρησιν.
1782 5272 1845 5325 τὸ
1940 5269 1997 5328 δὲ

331 5363 558 5433 πλῆθος
584 5367 685 5431 τῆς
745 5359 963 5422 πόλεως
1019 5361 1049 5415 6'
1105 5359 1202 5433 μὶν
1277 5360 1506 5435 αὐτοψεὶ
1570 5360 1661 5415 τὸν
1728 5362 1995 5418 Ἰσαάκιον

332 5452 678 5527 ἐνωπτρικὸς
730 5449 783 5512 ἐς
847 5449 941 5505 τὸν
1004 5450 1173 5525 μέγαν
1231 5449 1365 5505 νεὼν
1425 5447 1808 5520 ἐπελαύνοντα,
1870 5449 1901 5505 6'
1940 5448 1997 5507 δὲ

328 5541 414 5606 εἷς
444 5541 614 5610 ἀκοήν
645 5537 810 5594 ὠτίου
844 5535 1124 5611 διξάμενον
1178 5538 1241 5594 τὸ
1284 5538 1548 5615 πραχθὲν,
1601 5535 1809 5613 ωῤῥέει
1861 5540 1997 5596 κατά

327 5628 665 5707 χιλιοστύας
734 5625 948 5695 αὐτίκα,
1045 5625 1207 5683 αὐτόν
1289 5648 1349 5683 τε
1406 5626 1671 5702 ὀψόμενον
1731 5627 1994 5685 Ἰσαάκιον

322 5719 422 5776 καὶ
488 5719 553 5775 τὸ
630 5715 714 5783 ἐπ’
782 5715 932 5790 σότῷ
998 5715 1363 5793 γενησόμενον
1436 5714 1745 5796 ὀφθαλμοῖς
1802 5716 1993 5784 ὶθὲλον

2107 4738 2231 4808 alii,
2263 4742 2329 4794 ut
2346 4739 2597 4811 jamjam
2629 4741 3156 4813 comprehendendi
3186 4747 3245 4801 et
3275 4744 3599 4811 occidendi,
3632 4764 3747 4819 pra:

2109 4835 2270 4886 metu
2302 4829 2575 4887 dentibus
2604 4831 2954 4901 stridebant,
2985 4837 3041 4889 et
3073 4835 3456 4906 promiscuam
3487 4837 3745 4905 turbam,

2109 4937 2236 4993 qua
2259 4920 2318 4977 in
2342 4918 2628 4993 templum
2657 4922 3008 4979 conﬂuxerat
3031 4939 3097 4979 ac
3118 4924 3367 4982 subinde
3388 4926 3747 4994 accurrebat,

2110 5026 2325 5085 magna
2355 5010 2722 5067 contentione
2757 5011 3040 5084 rogabant
3071 5017 3131 5069 ut
3164 5029 3364 5069 secum
3411 5019 3665 5070 maneret
3692 5018 3750 5071 et

2107 5117 2210 5173 pro
2240 5098 2391 5155 virili
2430 5115 2597 5172 opem
2630 5101 2803 5156 ferret
2836 5100 2896 5156 in
2941 5118 3175 5158 summo
3223 5102 3482 5174 periculo
3529 5103 3748 5160 consti-

2107 5189 2271 5245 tutis.
2300 5187 2498 5261 Neque
2531 5187 2771 5244 deerant
2800 5188 2902 5261 qui
2942 5188 3016 5245 iis
3063 5189 3333 5260 precibus
3381 5196 3439 5247 et
3491 5191 3748 5251 adversae

2106 5278 2356 5334 fortunas
2386 5293 2527 5335 casu
2548 5278 2621 5334 ad
2650 5276 3115 5335 misericordiam
3136 5280 3374 5336 adducti
3399 5289 3742 5342 annuerent.

2105 5369 2249 5425 Cum
2278 5382 2411 5423 vero
2443 5381 2614 5423 nemo
2662 5366 2733 5422 ab
2782 5365 3133 5439 imperatore
3180 5370 3404 5427 adesset
3460 5372 3561 5445 qui
3613 5372 3746 5431 illas

2105 5473 2196 5515 res
2222 5473 2371 5529 aegre
2408 5457 2601 5526 ferret,
2635 5473 2748 5513 non
2778 5473 2992 5530 genere
3017 5456 3294 5530 illustres,
3351 5477 3466 5518 non
3517 5464 3747 5521 Andro-

2102 5546 2218 5602 nici
2252 5545 2449 5616 amici,
2484 5561 2598 5601 non
2631 5545 2979 5619 bipenniferi
3012 5548 3272 5616 Barbari,
3304 5567 3419 5608 non
3443 5555 3748 5627 purpurati

2101 5634 2357 5703 lictores,
2390 5633 2642 5707 denique
2672 5650 2846 5692 nemo
2878 5652 3142 5709 prorsus,
3178 5639 3474 5697 crescebat
3502 5643 3751 5701 audacia

2102 5723 2393 5798 factionis,
2426 5731 2486 5781 ut
2518 5722 2575 5781 in
2610 5721 2710 5782 illa
2757 5724 3111 5798 impunitate
3164 5728 3460 5789 liberrime
3515 5731 3749 5804 quidvis
