4112 6218
398 388 516 451 703

1697 383 2008 446 NICETES
2061 383 2508 448 ΟΗΟΝΙΑΤᾸΞ.

3697 383 3818 447 704

391 520 772 595 loquerentur
800 523 859 575 et
881 517 1381 591 promptissimam
1405 533 1576 591 opem
1601 515 2035 589 pollicerentur.

2165 514 2508 594 ταραλαϐεῖν·
2565 518 2757 584 πάντες
2803 518 2906 595 γὰρ
2958 518 3134 593 ᾤοντο
3198 519 3275 592 μὴ
3336 515 3396 574 ἄν
3444 515 3822 576 έπιδεδυκᾶναι

393 613 595 669 Totam
628 610 805 683 igitur
838 613 1065 664 noctem
1098 607 1180 665 sic
1211 606 1402 680 exegit
1434 607 1717 675 Isaacius,
1738 612 1805 664 ut
1826 624 1941 665 non
1963 610 2035 664 de

2165 610 2239 665 εὸν
2262 607 2449 679 ἥλιον,
2512 610 2601 665 καὶ
2650 611 2921 665 Ἰσαεὶκιον
2963 607 3347 687 συλληφθέντα
3401 611 3529 686 παρ’
3577 607 3821 684 Ἀνδρο-

390 716 570 773 regno
600 700 884 771 cogitaret
932 697 1033 753 sed
1091 698 1333 754 exitium
1401 698 1558 754 448
1613 698 2044 769 deprecaretur.

394 792 571 846 Norat
598 789 756 845 enim
786 786 1185 845 Andronicum
1228 802 1289 843 se
1339 792 1405 843 ut
1452 787 1656 843 bovem
1708 787 2044 844 immolatu-

391 894 550 946 rum,
579 883 640 934 et
668 893 828 932 more
856 875 1125 950 Cyclopio
1157 892 1364 932 carnes
1390 894 1530 933 suas
1560 876 1817 932 calidum
1851 877 2044 934 adhuc

391 967 687 1025 stillantes
719 968 1062 1039 sanguinem
1094 968 1525 1023 devoraturum.
1561 967 1663 1023 Est
1703 970 1896 1022 autem
1949 967 2041 1022 di-

388 1061 594 1133 ligenti
629 1059 1057 1134 supplicatione
1088 1060 1150 1116 id
1178 1062 1555 1126 consecutus,
1588 1064 1654 1115 ut
1684 1061 1922 1133 quidam
1978 1076 2046 1115 ex

390 1167 457 1209 eo
494 1157 643 1207 ccetu
679 1151 827 1207 fores
862 1148 1061 1222 templi
1093 1149 1445 1218 clauderent,
1476 1153 1534 1205 et
1581 1148 1760 1205 illatis
1809 1149 2044 1205 lumini-

393 1241 507 1297 bus
537 1238 802 1311 exemplo
832 1256 940 1295 suo
990 1238 1208 1294 multos
1260 1237 1629 1311 impellerent
1675 1255 1746 1295 ne
1803 1239 2041 1295 domum

396 1329 648 1388 abirent.
713 1328 820 1386 Ubi
865 1328 1096 1395 diluxit,
1151 1344 1355 1383 omnes
1386 1327 1546 1382 urbis
1590 1327 1792 1384 incolas
1841 1330 2041 1385 adfue-

391 1424 552 1488 runt,
600 1434 804 1475 omnes
862 1419 1049 1473 Deum
1101 1421 1344 1472 orarunt
1395 1426 1454 1471 ut
1499 1417 1755 1473 Isaacius
1802 1417 2044 1490 imperio

392 1508 705 1580 potiretur,
739 1521 920 1579 eoque
952 1505 1159 1578 pulsus
1192 1504 1557 1561 Andronicus
1588 1510 1646 1560 et
1667 1506 2047 1578 compreheno

398 1613 502 1653 sus
533 1596 743 1669 dignas
774 1594 1117 1652 crudelitate
1149 1612 1256 1651 sua
1287 1611 1487 1668 pmnas
1537 1595 1722 1664 daret,
1770 1595 1870 1669 qui
1918 1611 2043 1653 om-

2154 699 2309 755 νίκου
2365 700 2531 754 τίσειν
2588 697 2739 763 δίκας
2803 701 2902 762 τὰς
2975 698 3328 770 ἀνηκέστους,
3388 699 3477 754 καὶ
3542 700 3822 773 τιμωρίας

2153 789 2337 851 καινὰς
2404 790 2480 852 εἷς
2546 788 2717 845 αὐτοῦ
2778 789 3015 845 κάκωσιν
3087 787 3445 860 ἐπινοηθῆναι
3511 790 3662 865 παρὰ
3718 794 3819 845 τοῦ

2154 881 2374 952 κομψοῦ
2440 881 2507 934 τα
2567 883 2791 935 τοιαῦτα
2860 878 3259 955 μαγγανευτοῦ.
3331 878 3817 956 Συμπαραγίνεται

2157 967 2214 1025 δέ
2274 972 2325 1025 οἱ
2382 970 2469 1025 καὶ
2538 972 2637 1039 τὴν
2705 970 2877 1038 αὐτὴν
2946 968 3128 1023 στάσιν
3196 968 3487 1037 ἀσπάζεται
3565 971 3594 1024 6
3671 970 3818 1044 πρὸς

2155 1060 2362 1135 πατρὸς
2397 1057 2649 1134 Ἰσαακῖῳ
2702 1060 2870 1129 θεῖος,
2926 1059 3185 1127 Ἰωάννης
3247 1058 3275 1111 ὁ
3336 1059 3567 1126 Δούκας,
3631 1060 3719 1114 καὶ
3787 1059 3819 1113 6

2157 1148 2354 1205 τούτου
2405 1148 2520 1210 υἱὸς
2586 1150 2876 1219 Ἰσαάκιος,
2940 1149 3052 1224 οὐχ
3115 1147 3305 1223 ὅτιπερ
3361 1148 3621 1220 Ἰσαακίῳ
3677 1151 3815 1218 ἦσαν

2157 1238 2507 1317 συμμέτοχοι
2573 1244 2673 1307 τῆς
2740 1241 2837 1293 τοῦ
2926 1239 3511 1315 Ἀγιοχριστοφορίτου
3603 1246 3822 1318 σφαγῆς

2159 1328 2251 1383 καὶ
2282 1328 2531 1383 κοινωνοῖ
2588 1332 2685 1383 τοῦ
2744 1328 2979 1403 αἳματος
3042 1327 3262 1396 τούτου,
3321 1326 3448 1384 ἀλλ’
3507 1327 3592 1383 ὅτι
3649 1349 3823 1404 παρε-

2157 1418 2402 1490 πομένην
2436 1414 2636 1492 ᾔδεσαν
2692 1415 2869 1495 έγγύῃ
2906 1419 3005 1486 τήν
3046 1418 3196 1489 ἄτην,
3243 1416 3310 1486 ἤν
3366 1418 3497 1491 ὑπὲρ
3548 1414 3823 1489 ἀλλήλων

2156 1502 2347 1562 ἔδοσαν
2389 1504 2751 1584 Ἀνδρονίκῳ,
2802 1508 2903 1575 τὴν
2962 1505 3017 1569 ές
3063 1507 3226 1561 αὐτὸν
3276 1507 3679 1581 κρατυνάμενοι
3726 1509 3820 1562 πί-

2156 1618 2270 1652 στιν
2338 1597 2708 1675 ἀναγκαστῶς.
2774 1595 3002 1671 Ἀμέλει
3062 1597 3150 1651 καὶ
3242 1598 3298 1651 οἱ
3381 1598 3477 1671 μὶν
3561 1598 3639 1659 ὠς
3694 1599 3823 1653 ὅσον

400 1686 567 1742 nium
602 1700 747 1757 pene
776 1684 904 1741 vita
935 1683 1329 1742 insidiaretur.

2165 1683 2379 1741 οὐδέπω
2447 1684 2968 1765 συλληφθησόμενοι
3025 1687 3114 1741 καὶ
3171 1686 3277 1761 πρὸ
3355 1686 3658 1764 ὀφθαλμῶν
3726 1688 3820 1742 τὸν

400 1774 625 1829 θάνατον
692 1769 911 1848 ἔχοντες
974 1770 1243 1848 περιδεεῖς
1309 1775 1471 1844 ἦσαν,
1536 1773 1626 1829 καὶ
1694 1772 1821 1838 τοὺς
1889 1772 2112 1838 ὀδόντας
2183 1774 2532 1851 έκροτάλιζον
2625 1775 2888 1851 ἀτεχνῶς,
2951 1773 3041 1830 καὶ
3105 1774 3232 1838 τοὺς
3325 1772 3817 1851 συνεισδραμόντας

400 1861 454 1926 ἇς
511 1863 574 1919 τὸ
626 1862 772 1938 ἱερὸν
838 1860 1139 1939 ξύγκλυδας
1201 1863 1289 1918 καὶ
1360 1862 1442 1918 ἀεὶ
1509 1863 1889 1937 έπεισρέοντας
1956 1863 2564 1943 γλωττηματικώτερον
2635 1866 2961 1940 ὁμιλοῦντες
3027 1865 3369 1923 καθικέτευον
3426 1872 3818 1944 συμπαραμεῖ-

395 1950 483 2009 ναί
551 1971 700 2029 σφισι
758 1952 848 2008 καί
914 1950 1197 2027 ἑπαρῆξειν
1256 1952 1332 2015 ὡς
1390 1950 1601 2028 ἔχουσι,
1663 1954 1725 2009 τὸ
1778 1949 1985 2030 ἔσχατα
2051 1956 2326 2010 πείσεσθαι
2390 1950 2781 2013 κινδυνεύουσι.
2850 1955 2955 2013 Καὶ
3011 1956 3148 2025 ἦσαν
3214 1954 3267 2011 ο⁹ί
3333 1955 3619 2011 κιτένευον
3677 1956 3819 2031 πρὸς

398 2043 499 2111 τὴν
537 2039 749 2112 αἶ’τησιν
781 2040 872 2098 καὶ
904 2042 1163 2117 ᾤκτειρον
1208 2048 1313 2112 τῆς
1362 2040 1664 2114 ἐνεστώσης
1721 2043 1897 2120 τύχης
1937 2042 2067 2106 τοὺς
2115 2042 2329 2121 ἄνδρας.
2386 2047 2536 2102 Ἑπεῖ
2578 2043 2636 2101 δὲ
2684 2050 2791 2101 τῶν
2833 2045 2893 2101 ἐκ
2933 2050 3031 2101 τοῦ
3082 2044 3351 2120 βασιλέως
3403 2042 3581 2107 οὐδεὶς
3638 2054 3821 2122 παρῆν

396 2129 707 2207 ἀγανακτῶν
763 2130 853 2186 ἐπὶ
917 2137 1033 2195 τοῖς
1082 2133 1476 2210 γεγενημένοις
1526 2132 1766 2201 τούτοις,
1828 2133 1888 2189 ού
1942 2140 2049 2189 τῶν
2114 2133 2256 2207 γένει
2318 2135 2612 2211 λαμπρῶν,
2671 2135 2733 2191 ού
2791 2140 2900 2192 τῶν
2957 2133 3289 2211 Ἀνδρονίκῳ
3351 2137 3668 2206 τηρούντων
3733 2133 3820 2192 εῦ-

395 2239 563 2289 νοιαν,
636 2221 702 2277 οὗ
759 2217 1131 2299 πελεκυφόρος
1190 2214 1495 2296 Βάρϐαρος,
1557 2220 1666 2296 οὐχ
1722 2221 1773 2276 ei.
1834 2223 1900 2277 τὰ
1959 2217 2301 2299 ὑσγινοϐαχῆ
2362 2228 2655 2302 φοροῦντες
2711 2219 3041 2300 ῥαϐδοῦχοι,
3102 2223 3163 2279 οὐ
3242 2229 3348 2280 τῶν
3420 2225 3667 2279 ἁπάντων
3728 2246 3821 2288 τις

396 2306 604 2386 ξτερος,
682 2306 760 2365 ἔτι
839 2308 1053 2385 μᾶλλον
1132 2311 1187 2365 οἱ
1263 2310 1612 2387 συλλεγέντες
1689 2312 1824 2381 ἦσαν
1901 2318 2138 2388 θρασεῖς,
2213 2313 2305 2368 καὶ
2381 2311 2656 2388 λελυμένῃ
2754 2314 2845 2369 καὶ
2938 2312 3195 2390 ἀχαλίνῳ
3288 2314 3505 2389 γλώττῃ
3594 2313 3820 2389 ἐχρῶν-

397 2420 485 2473 το,
560 2402 629 2473 τῇ
733 2404 842 2455 τῶν
943 2398 1309 2457 κωλυσόντων
1410 2400 1617 2476 ἐρημίᾳ
1716 2400 2102 2477 πτερούμενοι,
2204 2402 2295 2458 καὶ
2397 2409 2565 2458 πᾶσαν
2670 2405 2925 2480 βοήθειαν
3029 2409 3446 2478 συνεισενεγκεῖν
3543 2401 3822 2480 ἐπηγγὲλο

399 2491 587 2549 λοντο.
646 2489 823 2564 Ὅλην
887 2493 982 2566 μέν
1037 2493 1131 2548 οὗν
1185 2494 1285 2563 τήν
1340 2491 1462 2548 τότε
1517 2492 1682 2548 νύκτα
1739 2492 1883 2549 οὕτω
1958 2493 2325 2568 παρίππευσεν
2410 2494 2699 2563 Ἰσαάκιος,
2787 2494 2848 2551 ού
2924 2494 3087 2572 λόγον
3180 2495 3460 2570 βασιλείας
3538 2495 3827 2568 τιθέμενος

398 2579 545 2639 ἀλλὰ
574 2580 698 2655 περῖ
751 2584 849 2638 τοῦ
904 2584 981 2657 μή
1035 2585 1400 2652 κατατυθῆναι
1459 2580 1739 2656 δεόμενοςο
1800 2578 1921 2657 ᾔδει
1978 2584 2084 2659 γὰρ
2144 2583 2238 2640 τὸν
2286 2580 2628 2660 Ἀνδρόνικον
2689 2585 2764 2647 ὡς
2818 2586 2945 2657 βοῦν
3005 2585 3165 2641 αὑτὸν
3221 2583 3536 2656 ἱερεύσοντα
3600 2583 3819 2657 μᾶλλον

404 2676 495 2732 καὶ
561 2676 733 2751 ὠμῶν
785 2679 893 2732 τῶν
953 2671 1120 2731 αὐτοῦ
1173 2672 1410 2746 σαρκίων
1470 2671 1905 2748 ἀπογευσόμενον
1961 2671 2097 2727 κατὰ
2151 2672 2447 2743 Κύκλωπα,
2506 2674 2594 2729 καὶ
2656 2675 2843 2749 θερμῷ
2901 2668 2978 2728 ἔτι
3035 2672 3386 2748 σταζομύνων
3451 2673 3665 2747 αἳματι.
3726 2674 3822 2730 Ἐκ

410 2762 468 2822 δὲ
519 2767 621 2835 τῆς
680 2762 978 2839 ἐπιμελοῦς
1031 2759 1261 2824 ἱκετείας
1318 2757 1450 2836 ἔσχε
1506 2761 1655 2824 τινὰς
1710 2765 1819 2817 τῶν
1882 2758 2309 2838 συνειλεγμένων
2363 2763 2461 2825 τὰς
2533 2762 2709 2824 πύλας
2768 2761 3150 2828 έπικλίναντας
3204 2767 3301 2819 τοῦ
3362 2764 3465 2819 νεὼ
3518 2763 3608 2818 καὶ
3668 2766 3822 2840 φῶτα

403 2854 807 2933 είσενέγκαντας
860 2854 952 2909 καὶ
1005 2856 1086 2924 τῷ
1139 2852 1257 2915 καθ’
1315 2850 1543 2915 έαυοοῦς
1600 2848 1959 2926 ὑποδείγματι
2015 2850 2194 2925 τούτῳ
2249 2850 2495 2915 πολλοὺς
2567 2853 2965 2925 συμπείθοντας
3038 2853 3114 2927 μή
3189 2853 3541 2926 μεθίστασθαι
3610 2849 3816 2933 οῖ’κιιιδεῘ

401 2930 620 3019 Πρωΐας
653 2941 711 2999 δὲ
745 2937 1045 3019 γενομένης
1079 2938 1178 2994 ούκ
1205 2937 1268 3006 ἦν
1302 2938 1449 3001 ὅστις
1480 2938 1541 2994 ού
1591 2946 1770 3015 παρῆν
1830 2938 2074 3013 οἰκήτωρ
2130 2940 2230 3009 τῆς
2283 2939 2523 3009 πόλεως,
2583 2939 2699 2997 οὐδ’
2751 2940 3059 3006 έθεοκλύτει
3116 2940 3605 3017 αύτξκρατορήσειν
3662 2930 3820 3016 [221]

404 3035 501 3108 μὶν
560 3032 846 3100 ἰσαάκιον,
904 3027 1256 3104 Ἀνδρόνικον
1315 3025 1373 3083 δὲ
1415 3031 1795 3106 καθαιρεθῆναι
1855 3038 1954 3101 τῆς
2013 3028 2294 3106 βασιλείας
2349 3030 2440 3086 καὶ
2491 3029 2874 3107 συλληφθέντα
2948 3033 3139 3087 παθεῖν
3197 3032 3369 3087 ὁπόσα
3458 3027 3687 3108 δέδρακε
3740 3034 3811 3104 τῇ

402 3128 509 3179 τῶν
551 3122 697 3178 ὅλων
728 3118 923 3196 σχεδὸν
955 3114 1331 3175 ἐπιϐουλεύων
1366 3121 1502 3193 ζωῇ.
3873 3186 3879 3191 _

482 3215 566 3270 tt.
596 3217 674 3269 Ac
708 3212 987 3268 divinitus
1019 3211 1272 3283 profecto
1304 3209 1517 3266 accidit
1548 3216 1608 3266 ul
1638 3210 1688 3267 is
1730 3210 1874 3269 urbe
1923 3216 2048 3268 tum

2234 3214 2319 3271 ια’.
2351 3215 2558 3293 Ἔτυχε
2591 3213 2687 3287 μὶν
2720 3212 2813 3267 οῦν
2844 3216 2922 3285 τῷ
2948 3212 3073 3267 τότε
3120 3213 3256 3267 κατὰ
3305 3212 3466 3280 θεῖον,
3521 3210 3599 3271 ὡς
3652 3209 3822 3279 ἔοικε,

409 3304 607 3360 absset
663 3306 720 3358 et
770 3302 841 3357 ad
904 3299 1248 3357 orientalem
1307 3307 1531 3373 partem
1581 3301 1954 3375 Propontidis
2000 3302 2055 3359 in

2172 3302 2249 3374 μή
2282 3306 2531 3377 παρεῖναι
2570 3306 2688 3364 τοῖς
2741 3300 2986 3377 ἀρχείοις
3047 3298 3413 3375 Ἀνδρόνικον,
3474 3299 3605 3356 ἀλλ’
3650 3300 3706 3363 ἐς
3763 3300 3824 3355 τὸ

411 3391 750 3450 Meludiano
809 3389 1019 3462 palatio
1071 3395 1441 3458 versaretur;
1490 3390 1591 3445 ubi
1639 3391 1792 3447 crede
1843 3390 2057 3464 Hegio-

418 3478 889 3553 christopboritas
944 3480 1054 3536 sub
1104 3478 1345 3553 primam
1397 3479 1651 3553 vigiliam
1723 3481 1945 3549 audita,
1994 3497 2062 3537 ea

419 3574 589 3627 nocte
618 3570 699 3626 ibi
730 3570 1072 3643 permansit,
1106 3584 1211 3625 nec
1250 3570 1387 3626 fecit
1428 3568 1587 3627 aliud
1633 3569 1745 3625 nisi
1796 3574 1862 3625 ut
1906 3568 2062 3625 cives

421 3660 580 3719 brevi
612 3659 827 3731 scripto
857 3664 1122 3716 moneret
1151 3664 1217 3715 ut
1243 3659 1406 3716 novis
1437 3659 1613 3715 rebus
1644 3659 1879 3716 studere
1908 3659 2060 3715 desi-

418 3756 656 3820 nerent;
692 3749 862 3822 cujus
892 3750 997 3805 hoc
1028 3749 1134 3805 fuit
1181 3749 1444 3805 initium:
1476 3769 1502 3802 ε
1553 3749 1662 3816 Qui
1710 3748 1907 3819 habet,
1955 3747 2058 3804 ba-

416 3841 552 3911 bet;
596 3858 767 3914 poena
797 3840 1034 3897 sublata
1064 3843 1172 3896 est.
1208 3861 1238 3891 »
1273 3838 1441 3897 Mane
1470 3855 1604 3896 vero
1634 3838 1891 3895 cultores
1944 3842 2060 3893 An-

418 3931 642 3990 dronici
662 3931 897 3988 turbam
919 3930 1295 3987 ﬂuctuantem
1311 3944 1674 4001 compescere
1690 3929 2057 3996 studuerunt,

419 4029 477 4083 et
505 4024 631 4094 ipse
651 4020 1019 4078 Andronicus
1042 4018 1414 4092 imperatoria
1438 4018 1661 4075 triremi
1683 4019 1753 4075 ad
1779 4034 2059 4092 magnum

418 4112 700 4185 palatium
764 4109 1114 4183 pervehitur.
1163 4109 1378 4166 Verum
1427 4123 1535 4166 nec
1596 4108 1671 4165 iis
1721 4108 1908 4165 verbis
1955 4125 2061 4165 nec

416 4204 623 4262 nuntio
646 4202 800 4259 449
824 4200 1046 4257 reditus
1065 4198 1379 4255 Andronici
1434 4197 1685 4271 populus
1735 4198 2057 4271 quidquam

414 4294 750 4351 movebatur
779 4294 845 4347 ut
874 4289 1080 4361 coeptis
1121 4288 1466 4345 desisteret:
1516 4304 1641 4359 qua:
1695 4287 1765 4343 ad
1808 4287 2060 4360 compri-

416 4382 697 4440 mendum
729 4383 950 4436 motum
983 4377 1398 4449 efferebantur,
1432 4377 1629 4433 surdis
1651 4376 1895 4433 auribus
1917 4376 2062 4433 acci-

416 4472 728 4545 piebantur
756 4470 954 4526 omnia
986 4486 1000 4533 ;
1032 4484 1097 4524 ac
1147 4468 1316 4524 multi
1360 4467 1491 4523 vitae
1536 4466 1860 4539 periculum
1900 4466 2058 4523 adie-

418 4564 580 4629 runt,
611 4560 761 4630 quod
793 4575 915 4615 rem
947 4557 1345 4630 illamf‘parum
1369 4556 1577 4614 bellam
1599 4572 1728 4613 esse
1750 4556 2056 4613 dixissent.

417 4649 635 4706 Omnes
663 4647 819 4704 enim
849 4648 1016 4720 quasi
1049 4663 1164 4703 uno
1194 4648 1362 4719 signo
1417 4647 1554 4703 dato
1611 4645 2056 4713 concurrebant,

418 4755 485 4796 ao
536 4736 711 4794 veluti
771 4736 1011 4792 numine
1067 4734 1247 4792 afﬂati
1310 4740 1410 4792 aut
1468 4735 1658 4793 furore
1713 4735 1939 4807 perciti,
1997 4736 2056 4791 in

416 4828 597 4889 divini
620 4826 794 4883 Verbi
818 4825 1138 4882 maximum
1169 4825 1474 4899 templum,
1499 4825 1645 4884 alios
1666 4825 1762 4882 alii
1783 4830 2060 4883 acuentes

415 4925 472 4978 et
500 4919 936 4976 subsannantes
969 4932 1069 4973 eos
1116 4917 1218 4989 qui
1262 4916 1451 4988 ignavi
1505 4920 1859 4989 spectatores
1904 4920 2058 4973 asta-

417 5015 547 5068 rent
578 5025 685 5067 nec
714 5008 917 5081 quovis
945 5006 1057 5064 telo
1087 5011 1475 5063 armarentur.
1508 5007 1618 5074 Qui
1668 5023 1799 5064 vero
1851 5005 2060 5064 litteris

415 5100 632 5159 eruditi
663 5102 846 5168 erant,
878 5097 1110 5154 eosdem
1162 5096 1429 5154 membra
1474 5096 1707 5171 putrida
1754 5095 2058 5161 vocabant,

416 5192 512 5265 qui
545 5190 743 5247 dolore
774 5188 1008 5262 publico
1041 5205 1157 5246 non
1201 5186 1593 5245 afﬁcerentur.
1647 5185 1866 5243 Deinde
1915 5184 2061 5242 seris

416 5286 473 5339 et
502 5280 795 5354 repagulis
847 5295 1151 5337 carcerum
1208 5278 1482 5348 effractis,
1541 5276 1785 5332 liberum
1845 5274 2060 5333 exitum

417 5370 664 5428 inclusis
714 5370 1175 5443 patefaciebant;
1234 5370 1332 5441 qui
1392 5369 1628 5441 quidem
1686 5382 1802 5422 non
1857 5381 2063 5423 omnes

420 5458 665 5515 maleﬁci
695 5464 883 5525 erant,
915 5460 1016 5515 sed
1048 5457 1314 5515 nonnulli
1348 5456 1519 5514 claris
1549 5457 1659 5513 orti
1708 5455 1946 5514 familiis
1988 5457 2062 5513 ub

420 5544 722 5602 fortuitum
752 5552 1006 5603 erratum
1039 5551 1144 5603 aut
1170 5546 1393 5604 dictum
1436 5545 1929 5604 inconsideratius
1960 5549 2065 5601 aut

423 5629 595 5691 amici
625 5632 902 5690 delictum
934 5634 993 5690 in
1041 5636 1437 5692 Andronicum
1486 5650 1554 5692 eo
1603 5636 1888 5709 compecti
1938 5634 2061 5691 fue-

420 5725 571 5782 rant.
604 5721 684 5779 Ea
712 5738 807 5779 res
848 5724 1112 5782 omnium
1163 5725 1414 5782 maxime
1461 5724 1659 5797 populi
1708 5740 2062 5785 concursum

2168 3390 2307 3464 δῷον
2385 3387 2550 3467 μέρος
2622 3394 2720 3446 τοῦ
2794 3389 3207 3463 ἀναπλεομένου
3282 3398 3382 3460 τῆς
3450 3387 3823 3465 Προποντίδος

2170 3486 2424 3554 πορθμοῦ
2455 3479 2577 3557 περῖ
2609 3479 2675 3536 τὰ
2722 3484 2819 3536 τοῦ
2868 3477 3192 3551 Μηλουδίου
3243 3479 3556 3552 κεκλῃμένα
3610 3476 3821 3555 διατρί-

2170 3564 2283 3624 ϐειν
2320 3568 2591 3645 βασίλεια.
2623 3570 2805 3633 Ἔνθεν
2854 3589 2939 3624 τοι
2988 3568 3078 3623 καὶ
3125 3568 3247 3644 περῖ
3296 3569 3395 3638 τὴν
3436 3569 3664 3643 πρώτην
3720 3588 3822 3640 φυ-

2171 3658 2347 3729 λακὴν
2377 3665 2479 3729 τῆς
2509 3660 2699 3721 νυκτὸς
2727 3660 2820 3716 τὸν
2867 3662 2964 3714 τοῦ
3017 3657 3609 3737 Ἀγιοχριστοςιορίτου
3653 3660 3824 3722 θάνα-

2168 3769 2259 3805 τον
2293 3747 2688 3823 ένωτισάμενος
2716 3748 2839 3805 τότε
2873 3750 2966 3823 μὲν
2999 3746 3180 3823 ἔμεινε
3218 3748 3354 3803 κατὰ
3406 3748 3597 3815 τόπον,
3646 3744 3822 3821 μηδέν

2167 3859 2220 3895 τι
2253 3838 2503 3910 ἐπιτάξας
2533 3838 2716 3915 ἓτερον
2756 3841 2790 3909 ἦ
2825 3838 3161 3915 γραμματίῳ
3217 3839 3419 3914 βραχεῖ
3465 3837 3587 3898 τοὺς
3638 3855 3817 3909 μεγα-

2171 3926 2473 3993 λοπολίτας
2540 3925 2957 4002 δεξιωσάμενος,
3018 3929 3317 3992 παύσασθαι
3385 3929 3652 4003 παραινῶν
3709 3928 3813 3980 τοῦ

2168 4018 2449 4093 νεωτέροις
2526 4018 2794 4094 ἐγχειρεῖν
2871 4017 3205 4095 πράγμασιν,
3247 4016 3389 4072 οὕτω
3464 4036 3579 4078 πως
3636 4014 3817 4090 ἄρχο-

2173 4109 2341 4180 μένῳ’
2377 4132 2404 4159 (ι
2438 4108 2499 4166 Ὀ
2531 4102 2717 4164 λαϐὼν
2748 4102 2963 4175 ἔλαϐεν,
2995 4109 3030 4177 ἠ
3058 4103 3116 4162 δὶ
3146 4104 3270 4184 δμη
3312 4104 3506 4177 ἐκόπη.
3530 4129 3559 4157 ››
3580 4104 3827 4179 Ἡμέρας

2169 4195 2226 4253 δὲ
2284 4194 2706 4273 διαγελασάσης,
2764 4196 2878 4253 ὅσοι
2929 4218 2988 4253 τε
3041 4194 3385 4272 Ἀνδρόνικον
3467 4194 3819 4268 έθεράπευον,

2167 4285 2551 4343 καταστέλλειν
2606 4286 2900 4361 ἐπειρῶντο
2958 4288 3049 4341 τὸν
3134 4282 3308 4361 ὄχλον
3383 4283 3814 4359 κυμαινόμενον,

2167 4377 2258 4432 καὶ
2290 4374 2447 4437 αὐτὸς
2505 4373 2851 4452 Ἀνδρόνικος
2899 4375 3033 4431 κατὰ
3088 4375 3149 4431 τὸ
3210 4374 3351 4451 μέγα
3403 4372 3675 4430 παλάτιον
3708 4395 3818 4429 πα-

2170 4463 2466 4542 ραγίνεταιο
2506 4467 2718 4540 τριήρει
2755 4463 3038 4540 βασιλικῇ.
3092 4460 3250 4522 Ἀλλ’
3302 4459 3431 4519 οὐδὲ
3483 4462 3581 4536 μία
3626 4482 3710 4523 τις
3752 4464 3819 4531 ῆν

2171 4554 2441 4623 ἀναστολὴ
2474 4555 2573 4625 τῇς
2599 4558 2696 4608 τοῦ
2727 4552 2837 4609 λεὼ
2870 4551 3129 4627 συῤῥοῆς,
3163 4550 3275 4607 οὔτ’
3317 4551 3478 4614 αὐτὸς
3528 4548 3820 4627 Ἀνδρόνι-

2169 4665 2263 4706 κος
2315 4643 2390 4705 είς
2444 4643 2506 4698 τὸ
2564 4642 2790 4722 ἀρχεῖον
2844 4642 3085 4698 κατιέναι
3170 4639 3653 4717 ἅπαγγελλόμενος
3707 4640 3825 4712 ἑξέ-

2166 4733 2363 4809 κρουσέ
2391 4750 2541 4795 τινας
2571 4734 2672 4799 τῆς
2706 4731 2904 4806 ὁρμῆς.
2947 4729 3108 4788 Ἀλλ’
3163 4727 3289 4786 οὐδὲ
3343 4732 3371 4785 ὁ
3429 4728 3827 4806 εἷσηγούμενός

2167 4844 2219 4880 τι
2248 4820 2429 4898 ἕτερον
2462 4826 2632 4877 παῦον
2667 4822 2766 4889 τὴν
2800 4818 3115 4896 συνδρομὴν
3148 4820 3224 4882 είς
3275 4821 3389 4875 ὦτα
3433 4820 3591 4893 έῷκει
3645 4818 3824 4896 λέγειν

2171 4912 2499 4969 ἀκουόντων*
2558 4908 2763 4966 πολλοὶ
2817 4910 2909 4980 μέν
2959 4911 3051 4965 οῦν
3097 4909 3185 4965 καὶ
3231 4910 3391 4985 ἔγγὺς
3438 4913 3536 4964 τοῦ
3574 4910 3825 4965 τεθνάναι

2169 5001 2412 5073 ἧλθοσαν
2448 5002 2608 5075 μόνον
2641 4998 3035 5077 ὑπογρύξαντες
3063 5000 3150 5055 καὶ
3195 5000 3270 5073 μὴ
3314 4996 3482 5054 καλὸν
3533 4993 3692 5075 ἔργον
3740 5002 3828 5075 γί-

2169 5094 2348 5148 νεσθαι
2389 5091 2641 5169 φάμενοι.
2675 5088 2829 5149 Ἀλλ’
2883 5089 2958 5150 ὡς
3004 5087 3056 5159 ἑξ
3114 5088 3231 5150 ἑνὸς
3283 5090 3625 5163 συνθήματος
3682 5089 3828 5144 πάν-

2168 5202 2255 5244 τες
2286 5180 2544 5256 παγγενεί
2580 5198 2638 5234 τε
2683 5178 2772 5234 καὶ
2822 5176 3094 5252 πανδημεὶ
3142 5174 3289 5242 ἔθεον
3339 5174 3524 5242 ἔνθους
3568 5179 3660 5235 καὶ
3705 5178 3825 5234 ἀτε-

2172 5278 2324 5353 χνῶς
2353 5266 2808 5345 κορυϐαντιῶντες
2840 5270 2915 5334 εἶς
2942 5267 3006 5324 τὸ
3038 5271 3135 5325 τοῦ
3176 5271 3311 5323 Θεοῦ
3343 5268 3526 5343 Λόγου
3559 5268 3816 5346 μέγιστον

2170 5362 2419 5432 τέμενος,
2448 5357 2737 5431 ἀλλήλους
2762 5360 3188 5434 παραθήγοντες,
3248 5355 3667 5433 έρεσχελοῦντες
3692 5358 3824 5421 τοὺς

2175 5454 2250 5526 μὴ
2300 5451 2674 5521 ταυτοζήλους
2735 5452 2877 5523 μήτε
2936 5449 3043 5522 μὴν
3093 5448 3188 5511 τὰς
3241 5452 3435 5522 χεῖρας
3494 5446 3823 5519 ὁπλίζοντας

2172 5540 2334 5616 ὅπλῳ
2363 5538 2569 5615 ὁτῳδή,
2598 5538 2726 5597 ἀλλ’
2746 5537 2949 5617 ἀργοὺς
2977 5539 3148 5601 οὕτως
3179 5539 3415 5601 ἑστῶτας
3473 5538 3565 5593 καὶ
3614 5538 3825 5612 θεωμέ-

2172 5652 2297 5695 νους
2327 5632 2393 5689 τὰ
2421 5632 2545 5708 παρ’
2577 5628 2763 5686 ἄλλων
2799 5630 3073 5704 γινόμενα.
3126 5628 3193 5687 0i
3242 5625 3299 5684 δὲ
3352 5625 3595 5704 λογικῶν
3652 5632 3822 5703 μαθη-

2179 5721 2364 5799 μάτων
2395 5720 2447 5778 έν
2481 5718 2690 5796 μεθέξει
2719 5719 2806 5776 καὶ
2851 5717 3017 5795 μέλος
3062 5714 3367 5777 ἀπεκάλουν
3409 5716 3606 5781 αὐτοὺς
3657 5738 3818 5788 σεση-
