4112 6218
341 369 459 429 705

1364 366 1474 430 DE.
1517 362 1972 430 ANDRONICO
2016 350 2399 429 GOMNENO
2445 370 2596 431 LIB.
2646 372 2724 433 Π.

3627 382 3773 471 vos~

337 502 460 572 πὸς,
496 503 574 575 μὴ
609 500 935 581 συμπάσχον
966 505 1046 575 τῷ
1074 497 1257 574 λοιπῷ
1284 506 1385 571 τῆς
1444 497 1725 562 πολιτείας
1774 499 1985 572 σώματι

2107 501 2278 571 auxit,
2313 519 2380 561 ac
2437 504 2629 563 etl'ecit
2659 510 2724 563 ut
2753 506 2852 578 qul
2895 508 3060 581 prius
3102 511 3344 583 periculi
3396 519 3551 574 metu
3610 520 3747 577 sub-

339 594 425 647 καῖ
471 590 837 667 πληρώματι.
878 591 1002 647 Ἐπὶ
1066 591 1284 653 τούτοις
1344 588 1610 656 διαθλῶσι
1677 590 1775 654 τὰς
1837 587 1992 651 κλεῖς

338 682 426 736 καὶ
455 679 585 742 τοὺς
616 680 782 756 όχέας
812 684 919 736 τῶν
953 677 1238 753 δημοσίων
1272 684 1550 757 φρουρῶν,
1599 678 1688 734 καί
1732 684 1849 743 τοῖς
1898 699 1992 756 φυ-

340 768 588 834 λακίταις
615 769 821 835 τιθέασι
870 771 969 840 τῆν
1039 766 1221 843 ἔξοδον
1278 766 1482 841 ἄνετον,
1544 768 1606 825 οὗ
1658 773 1816 824 πᾶσιν
1873 767 1992 822 οὖσι

338 859 689 935 κακοῦργοις,
723 857 868 915 ἄλλᾶ
914 859 1003 914 καὶ
1054 860 1242 935 γένους
1296 857 1658 933 μετειλγ,χόσι
1706 855 1992 930 λαμπροῦ,

340 952 815 1028 κακουχουμένοις
890 949 937 1006 δ’
1012 950 1168 1023 ὅμως
1238 948 1294 1005 ἐν
1369 946 1773 1023 δεσμωτηρίοις
1814 944 1904 1000 διά
1939 964 1993 1000 τι

343 1040 618 1113 συμπεσὸν
691 1038 872 1117 βραχὺ
935 1038 1236 1114 ἁμάρτημα
1292 1036 1327 1109 ἤ
1391 1039 1759 1117 παράφθεγμα
1814 1035 1850 1105 ἢ
1902 1034 1992 1089 καὶ

341 1128 509 1210 φίλου
540 1129 909 1207 κακούργημα
942 1124 1152 1202 προϐἆν
1194 1129 1248 1193 ἒς
1302 1125 1672 1202 Ἀνδρόνικον.
1720 1127 1897 1182 Τοῦτο
1948 1120 1996 1177 δ’

340 1215 417 1277 ἔτι
454 1220 695 1295 μάλιστα
722 1222 785 1276 τὸ
807 1220 995 1277 πλεῖον
1029 1223 1341 1298 συναγῆογε
1368 1218 1464 1275 τοῖ’)
1513 1216 1674 1288 λαοῦ,
1729 1218 1818 1273 καὶ
1866 1217 1992 1280 τοὺς

340 1312 457 1365 κατ’
489 1308 845 1386 ’Δνδρονίκου
874 1310 1304 1385 τονθορύζοντας
1336 1308 1598 1385 πρότερον
1640 1308 1729 1362 καὶ
1780 1307 1996 1362 ὀκνοῦν-

346 1422 442 1464 τας
467 1403 566 1472 τῆν
602 1403 791 1476 πρᾶξιν
851 1400 925 1463 ὡς
982 1398 1222 1455 κίνδυνον
1280 1398 1679 1477 ὑποφαίνουσαν
1728 1398 1803 1458 εἰς
1853 1395 1995 1453 ἐναν-

345 1490 466 1547 τίαν
544 1495 737 1565 μοῖραν
819 1491 1141 1565 μετέστησεν
1189 1489 1551 1568 ,ἀκραιφνῶᾳ
1630 1488 1727 1544 Ἦν
1779 1487 1871 1543 οὖν
1937 1485 1997 1541 ἐκ

342 1577 503 1635 τοῦδε
535 1578 666 1635 ἰδεῖν
724 1581 1159 1658 Ειφηφοροῦντας
1216 1580 1307 1634 καὶ
1356 1577 1720 1655 θυρεοφόρους
1769 1576 1859 1632 καὶ
1900 1596 1995 1631 πε-

345 1668 688 1748 φραγμένους
720 1670 949 1743 θώραξιν
997 1670 1061 1725 οὐ
1124 1670 1375 1744 βραχεῖς,
1430 1668 1558 1730 τοὺς
1606 1664 1662 1722 δὲ
1708 1665 1995 1723 πλείστους

348 1758 619 1835 ῥοπάλοις
646 1757 885 1819 καὶτοῖς
935 1756 995 1812 ἐκ
1049 1758 1156 1813 τῶν
1225 1755 1600 1835 ἐργαστηρίων
1660 1754 1844 1829 ξύλοις
1901 1754 1999 1818 τὰς

348 1853 540 1924 χεῖρας
593 1843 945 1909 ὁπλίσαντας.
1004 1846 1106 1904 Καὶ
1167 1852 1487 1923 συναγωγῆς
1541 1842 1805 1915 πλείστης
1860 1842 1997 1899 λαοῦ

352 1938 466 2011 μεθ’
506 1936 685 2010 ὁρμῆς
714 1934 973 2007 τοιαύτης
1000 1937 1354 2012 γεγενημένη,
1412 1931 1667 2010 βασιλεὺς
1725 1933 1995 2008 αὐτοκρά-

346 2046 462 2104 τωρ
531 2026 822 2099 Ῥωμαίων
899 2025 1281 2103 ἆναγορεόεται
1357 2026 1646 2093 Ἰσαάκιος,
1694 2024 1843 2085 τινὸς
1884 2027 1995 2079 τῶν

347 2116 636 2192 νεωκόρων
707 2116 770 2171 τὸ
844 2119 941 2171 τοῦ
1021 2116 1264 2192 μεγάλου
1339 2114 1737 2172 Κωνσταντίνου
1778 2112 1994 2193 στέφος,

347 2208 482 2281 ὅπερ
557 2205 764 2270 ἄνωθεν
840 2205 1144 2279 ἀπῃώρητο
1219 2203 1490 2280 τραπέζης
1560 2211 1662 2274 τῆς
1704 2205 1992 2278 μυστικῆς,

344 2295 758 2374 κατενεγκόντος
818 2293 907 2349 διὰ
962 2292 1234 2368 κλίμακος
1296 2292 1387 2349 καὶ
1443 2296 1511 2367 τῇ
1568 2292 1995 2351 τοῦΊσαακίου

347 2383 561 2464 κεφαλῇ
636 2381 1065 2459 ἐφαρμόσαντος.
1140 2382 1256 2441 Ἵνα
1330 2380 1387 2439 δὲ
1464 2379 1606 2455 μηδὲ
1680 2386 1839 2439 τοῦτο
1907 2380 1993 2452 εἳη

348 2471 704 2547 ἀνιστόρητον
736 2472 826 2529 καὶ
858 2476 1048 2535 ἀκοαῖς
1079 2472 1457 2550 ἆπεριήχητον
1482 2476 1592 2528 τῶν
1630 2470 1683 2534 ές
1728 2467 1934 2537 ἔπειτα,
1968 2472 1996 2526 ὁ

353 2563 444 2638 μὶν
480 2563 746 2624 Ἰσαάκιος
776 2558 1125 2617 ἐδυσκόλαινε
1153 2561 1289 2637 πρὸς
1312 2562 1412 2631 τῆν
1434 2560 1799 2641 στεφηφορίαν
1842 2561 1991 2634 [222]

346 2652 453 2726 οὐχ
483 2654 560 2713 ὡς
590 2648 767 2726 ἔρωτα
809 2654 886 2726 μὴ
916 2653 1123 2729 τρέφων
1154 2652 1355 2730 ἀρχῆς,
1413 2648 1540 2706 ἀλλ’
1591 2650 1664 2713 ὡς
1714 2649 1997 2729 ὑφορώμε-

342 2763 439 2807 νος
472 2743 561 2817 [Ρ.
593 2743 721 2816 2‘22]
748 2742 812 2798 τὸ
840 2746 938 2798 τοῦ
967 2743 1287 2820 πράγματος
1322 2737 1560 2816 ἐργῶδές
1604 2760 1663 2794 τε
1708 2739 1799 2794 καὶ
1850 2736 1993 2796 δυσέ.

348 2852 563 2909 φικτον,
602 2832 693 2887 καὶ
726 2829 854 2908 ὄναρ
887 2833 998 2912 οὐχ
1041 2832 1185 2907 ὕπαρ
1232 2831 1483 2906 ἄντικρυς
1528 2827 1891 2893 ἐπιτελεῖσοαί
1944 2830 1995 2884 οἱ

346 2922 412 2977 τὰ
466 2922 714 2995 παρόντα
774 2920 1048 2995 οῗ³όμενος,
1112 2916 1562 2993 ὑποϐλεπόμενος
1621 2915 1677 2974 δὲ
1752 2918 1844 2974 καὶ
1899 2920 1997 2988 τὴν

348 3010 704 3088 Ἀνδρονίκου
756 3008 1114 3087 ὀργιλότητα,
1174 3008 1264 3065 καὶ
1327 3009 1404 3083 μὴ
1460 3008 1695 3073 ἐντεῦθεν
1763 3006 1997 3081 ἐκμῆναι

344 3106 540 3157 τοῦτον
572 3100 844 3164 πλειόνως
879 3096 1233 3177 βουλόμενος.
1267 3103 1545 3160 Συνεστῶς
1578 3095 1635 3152 δὲ
1666 3098 1693 3152 ὁ
1727 3094 1998 3167 δηλωθεὶς

348 3188 553 3256 ἄνωθεν
589 3188 820 3259 Δοόγας,
846 3191 939 3245 τὸν
982 3186 1145 3244 πῖλον
1191 3194 1291 3259 τῆς
1341 3185 1586 3267 κεφαλῆς
1638 3185 1993 3263 ἀφελόμενος,

472 3246 492 3256 -
783 3246 820 3259 -.
1249 3246 1289 3259 .-
1418 3246 1428 3267 ,
1544 3246 1583 3258 .-
1685 3246 1696 3263 .
1815 3246 1825 3259 .
1958 3246 1991 3255 ν,

346 3284 525 3356 ἑαυτῷ
556 3283 863 3358 περιθέσθαι
925 3282 1163 3338 ἱκέτευσε
1214 3279 1278 3335 τὸ
1332 3277 1596 3353 διάδημα,
1647 3276 1992 3353 ἐψιλωμένον
2028 3246 2075 3314 C

347 3372 556 3447 τριχῶν
617 3369 939 3447 προδεικνὺς
996 3370 1211 3446 κρανίον
1268 3369 1359 3424 καὶ
1413 3370 1512 3439 τῆν
1579 3365 1857 3442 φαλάκραν
1922 3366 1997 3431 ὡς

352 3462 714 3541 πλησίφωτον
789 3458 1026 3532 σελήνην
1099 3459 1550 3536 ὖπερφαίνουσαν.
1625 3458 1688 3514 Ὁ
1737 3454 1784 3512 δ’
1823 3455 1997 3532 ὄχλος

354 3551 703 3623 ἂπηναίνοντο
746 3550 1038 3631 ιράσκοντες
1095 3551 1291 3623 μηκέτι
1338 3546 1568 3624 γέροντα
1623 3546 1813 3623 ἄρχειν
1866 3546 2001 3622 βοό-

356 3640 539 3696 λεσθαι
580 3639 956 3716 ἤβασιλεόειν
990 3638 1074 3695 ἐπ’
1119 3638 1332 3699 αὐτοὺς·
1387 3636 1614 3694 πολλῶν
1667 3637 1770 3715 γὰρ
1827 3635 2003 3714 ἐμφο-

356 3736 582 3802 ρηθῆναι
612 3734 794 3784 κακῶν
827 3728 888 3784 ἐκ
932 3732 1029 3784 τοῦ
1077 3726 1440 3804 πολιότριχος
1490 3725 1861 3804 Ἀνδρονίκου,
1908 3725 2000 3779 καὶ

357 3816 611 3875 ὃιάὖτόν
675 3825 852 3892 μισεῖν
903 3841 961 3874 τε
1016 3818 1107 3874 καὶ
1150 3818 1577 3897 ἀποστρέφεσθαι
1626 3817 1800 3873 πάντα
1838 3836 2002 3890 σορο-

355 3906 584 3982 δαίμονα
615 3909 704 3965 καὶ
734 3907 975 3979 πολυετῆ
1028 3906 1335 3983 ἄνθρωπον,
1376 3907 1468 3963 καὶ
1521 3904 1758 3980 μάλιστα
1808 3905 1854 3960 εἰ
1911 3926 2000 3960 κα-

356 4000 595 4071 θειμένον
626 3996 742 4076 ἔχει
769 3999 831 4053 τὸ
858 3996 1084 4074 γένειον,
1119 3995 1253 4074 διχῆ
1295 3994 1630 4072 διῃρημένον
1679 3997 1770 4051 καὶ
1828 4017 1995 4070 μυουο

356 4086 496 4160 ρίζον
525 4087 652 4163 περὶ
696 4088 761 4142 τὸ
810 4087 975 4161 πέρας
1027 4091 1124 4141 τοῦ
1172 4088 1460 4161 πώγωνος.
1519 4084 1676 4143 Οὕτω
1720 4085 1900 4141 τοίνυν
1946 4083 1999 4146 ἐς

357 4176 581 4250 βασιλέα
648 4177 965 4252 χρισθέντος
1014 4177 1285 4232 Ἰσαακίου
1336 4170 1531 4246 συνέϐη
1580 4180 1670 4230 καὶ
1717 4172 1898 4250 ἕτερόν
1945 4196 1997 4230 τι

355 4270 744 4348 ἀξιαφήγητον.
776 4271 984 4326 Ἵππων
1031 4271 1132 4345 γᾶρ
1183 4266 1621 4345 χρυσοφαλάρων
1669 4266 1995 4342 βασιλικῶν,

353 4359 409 4415 ἐκ
435 4364 537 4426 τῆς
566 4357 794 4433 περαίας
823 4360 961 4415 κατὰ
987 4360 1077 4415 τὸν
1111 4362 1279 4435 πόρον
1310 4363 1416 4413 τῶν
1448 4357 1673 4413 Κιονίων
1733 4353 1996 4430 διαπορθ-

353 4454 665 4524 μευομένων
708 4450 786 4512 εἷς
844 4450 971 4511 τοὺς
1026 4445 1196 4511 πόδας
1255 4443 1542 4504 ἀναϐαλὼν
1600 4445 1691 4501 καὶ
1735 4447 1999 4522 τυραννή-

352 4560 441 4604 σας
504 4541 598 4595 τὸν
667 4538 980 4613 ἱπποκόμον
1037 4536 1150 4604 ἔθες
1208 4536 1296 4593 διὰ
1350 4540 1459 4592 τῶν
1521 4535 1837 4615 λεωφόρων,
1906 4536 1996 4590 καὶ

2100 595 2552 653 murmurabant
2606 604 2661 654 et
2692 597 3061 667 dubitabant,
3113 600 3272 658 haud
3303 605 3747 669 dissimulanter

2101 682 2333 740 factioni
2365 701 2494 742 sese
2542 687 2880 760 jungerenl.
2921 689 3003 746 Ex
3059 707 3126 747 eo
3162 693 3401 750 ensibus
3432 698 3744 770 accinctos,

2099 776 2358 829 scutatos
2389 778 2447 831 et
2477 773 2813 834 thoracatos
2840 795 2951 835 non
2989 797 3204 851 paucos
3236 799 3521 853 cerneres,
3549 788 3748 859 plures

2099 863 2292 918 tamen
2324 863 2571 919 fustibus
2588 871 2645 920 et
2674 866 2871 939 lignis,
2896 885 3023 942 quae
3042 886 3108 926 ex
3138 872 3385 929 ofﬁcinis
3408 884 3747 947 rapuerant,

2101 954 2378 1008 armatos.
2409 959 2460 1009 Δ
2508 954 2608 1010 tali
2638 960 2779 1012 casta
2841 958 3313 1018 concitatissima
3368 967 3523 1022 450
3556 966 3748 1024 multi-

2101 1039 2327 1097 tudinis
2375 1042 2764 1102 Bomanorum
2796 1046 3115 1119 imperator
3144 1051 3435 1109 salutatur
3466 1056 3746 1125 Isaacius,

2101 1144 2232 1185 cum
2255 1129 2493 1203 quidam
2517 1149 2586 1189 ex
2599 1135 2825 1191 mdituis
2849 1138 3046 1211 magni
3064 1141 3427 1199 Constantini
3446 1160 3746 1216 coronam,

2102 1232 2230 1288 qua
2261 1235 2441 1291 supra
2472 1223 2774 1294 mysticam
2811 1242 3071 1285 mensam
3122 1230 3430 1301 pendebat,
3460 1234 3634 1292 scalis
3656 1237 3750 1293 de-

2104 1315 2431 1379 promptum
2464 1310 2590 1381 ejus
2635 1312 2808 1386 capiti
2841 1316 3244 1388 imposuisset.
3278 1320 3360 1377 Ne
3391 1327 3586 1381 autem
3636 1325 3748 1382 hoc

2105 1411 2337 1469 quoque
2369 1415 2403 1455 a
2431 1400 2677 1471 posteris
2698 1402 3019 1475 ignoretur,
3060 1406 3317 1467 Isaacius
3347 1427 3471 1469 eam
3500 1431 3748 1472 corona-

2105 1485 2329 1577 tionem
2356 1504 2507 1562 agre
2555 1491 2793 1561 ferebat,
2832 1509 2946 1550 non
2978 1498 3127 1566 quod
3162 1499 3233 1554 ab
3264 1499 3496 1572 imperii
3523 1504 3749 1577 cupidi-

2104 1578 2222 1632 tate
2242 1576 2601 1645 abhorreret,
2617 1580 2722 1637 sed
2738 1584 2890 1653 quod
2918 1585 2997 1640 rei
3023 1602 3317 1645 summam
3342 1576 3747 1652 difficultatem

2106 1666 2562 1736 pertimesceret,
2612 1674 2669 1725 et
2719 1687 2845 1742 quae
2903 1675 3031 1730 tum
3088 1682 3420 1748 agerentur,
3451 1681 3749 1753 vigilantis

2107 1754 2401 1825 quoddam
2478 1758 2773 1816 somnium
2829 1760 3209 1823 existimaret.
3265 1767 3390 1825 Huc
3440 1773 3751 1832 accedebat

2028 1875 2074 1938 Β
2108 1851 2327 1938 ῐιιιειιιε⁸
2355 1860 2427 1902 ne
2456 1847 2767 1905 Andronici
2800 1852 3176 1910 acerbitatem
3226 1873 3293 1912 co
3349 1859 3498 1916 facto
3562 1863 3751 1937 magis

2103 1931 2281 1988 etiam
2313 1933 2584 1993 irritaret.
2626 1939 2908 1994 Caeterum
2937 1940 3150 2011 Ducas,
3183 1946 3353 2015 cujus
3384 1954 3517 2007 ante
3550 1931 3751 2008 memi-

2102 2019 2322 2091 nimus,
2356 2022 2440 2078 illi
2485 2029 2705 2092 astans,
2741 2027 3001 2087 detracto
3032 2032 3210 2102 capiti
3242 2034 3413 2105 pileo,
3446 2040 3651 2096 orabat
3681 2046 3746 2098 ut:

2101 2110 2214 2167 sibi
2246 2111 2513 2170 diadema
2562 2114 2977 2188 imponeretur,
3012 2120 3244 2178 calvitio
3274 2129 3529 2193 ostenso,
3588 2131 3749 2200 quod

2100 2200 2290 2256 instar
2316 2201 2505 2272 plence
2534 2202 2689 2260 luna:
2720 2206 3030 2266 relucebat.
3061 2209 3256 2269 Turba
3286 2219 3478 2272 autem
3514 2234 3749 2288 respon-

2100 2287 2185 2343 dit
2214 2303 2277 2344 se
2306 2288 2462 2346 nolle
2507 2291 2780 2366 deinceps
2812 2311 3015 2367 parere
3044 2300 3187 2366 seni,
3221 2303 3376 2371 quod
3411 2304 3482 2358 ab
3511 2287 3747 2362 Andro-

2101 2377 2220 2434 nici
2251 2378 2462 2435 canitie
2492 2379 2776 2453 plurimas
2808 2384 3002 2442 clades
3030 2389 3367 2461 accepisset,
3400 2393 3471 2449 ob
3496 2400 3748 2468 euque

2101 2480 2336 2523 omnem
2363 2484 2555 2525 senem
2585 2471 3024 2530 Acberonticum
3057 2485 3111 2532 et
3140 2479 3473 2551 capularem
3505 2483 3746 2554 odisset,

2102 2557 2423 2626 praesertim
2454 2561 2506 2616 si
2538 2561 2883 2621 bit‘urcatam
2916 2564 3157 2625 haberet
3179 2568 3442 2644 barbam,
3466 2589 3535 2628 ex
3564 2573 3748 2632 altera

2104 2652 2266 2718 parte
2324 2648 2666 2708 breviorem.
2702 2653 2796 2710 Sic
2840 2656 3182 2729 inaugurato
3214 2661 3433 2733 Isaacio
3463 2664 3621 2720 aliud
3654 2682 3747 2722 ac-

2103 2736 2246 2791 cidit
2275 2738 2460 2795 relatu
2518 2740 2785 2813 dignum.
2843 2743 2989 2801 Nam
3049 2764 3180 2804 cum
3212 2751 3349 2822 equi
3388 2751 3750 2826 imperatorii

2102 2825 2251 2883 451
2288 2829 2483 2883 aureis
2516 2832 2700 2887 ornati
2736 2831 2990 2904 phaleris
3022 2853 3125 2908 per
3150 2825 3489 2910 trajectum,
3513 2841 3747 2899 Cionio-

2102 2929 2233 2975 rum
2267 2915 2712 2990 adveherentur,
2745 2938 2901 2979 unus
2932 2925 3004 2980 ab
3035 2928 3316 2999 equisone
3347 2928 3400 2985 vi
3423 2930 3663 2987 avulsus
3694 2935 3752 2987 et

2107 3018 2207 3076 per
2239 3004 2503 3077 publicas
2563 3010 2685 3065 vias
2717 3012 3010 3069 cursitans
3041 3016 3559 3088 comprehenditur
3589 3025 3648 3076 et
3678 3021 3752 3076 ad

2104 3094 2400 3151 Isaacium
2430 3096 2762 3156 adducitur.
2813 3100 2869 3158 Is
2898 3118 2963 3157 eo
2995 3119 3313 3161 conscenso
3374 3122 3438 3163 ex
3496 3108 3752 3166 maximo

2109 3183 2328 3255 templo
2353 3172 2616 3258 discedit,
2641 3189 2816 3246 etiam
2850 3189 3065 3248 Basilio
3092 3199 3389 3278 Comatero
3422 3197 3756 3268 patriarcha

2107 3272 2445 3360 comitante,
2478 3292 2651 3348 quem
2685 3280 2936 3350 populus
2969 3284 3238 3354 quamvis
3270 3272 3515 3342 invitum
3550 3303 3755 3360 appro-

2112 3359 2248 3418 bare
2282 3367 2410 3420 acta
2441 3364 2540 3420 illa
2565 3366 2945 3440 compulerat.
2976 3371 3348 3431 Andronicus
3376 3392 3507 3434 vero
3540 3359 3643 3435 ubi
3679 3379 3752 3434 ad

2112 3466 2382 3524 magnam
2441 3455 2664 3512 curiam
2724 3460 3004 3530 pervenit,
3047 3462 3303 3534 primum
3362 3466 3605 3523 confuso
3636 3466 3756 3524 cla-

2113 3556 2292 3613 more,
2326 3549 2454 3613 post
2483 3545 2653 3602 etiam
2688 3563 2748 3602 re
2787 3548 2915 3621 ipsa
2940 3549 3068 3607 visa
3101 3553 3388 3622 turbatus,
3430 3558 3758 3612 centuriare

2113 3647 2250 3688 suos
2298 3636 2355 3687 et
2384 3633 2695 3708 conﬂigere
2725 3652 2859 3692 cum
2918 3639 3130 3710 populo
3172 3641 3446 3698 instituit.
3481 3643 3590 3699 Sed
3622 3660 3758 3701 cum

2111 3737 2326 3793 paucos
2359 3723 2428 3778 ad
2462 3740 2633 3780 suum
2689 3725 2999 3783 consilium
3062 3735 3291 3799 paratos
3347 3731 3584 3801 videret,
3632 3732 3759 3804 ipse

2111 3826 2249 3868 arcu
2282 3817 2545 3885 correpto
2570 3830 2671 3885 pro
2701 3813 2857 3870 virili
2899 3814 2969 3869 ad
3004 3833 3262 3889 pugnam
3295 3835 3354 3877 se
3386 3825 3570 3891 parat,
3603 3826 3660 3877 et
3690 3836 3758 3876 ex

2114 3902 2386 3958 maximae
2424 3903 2623 3967 turris,
2654 3920 2783 3975 quae
2811 3904 3219 3963 Centenarium
3256 3911 3599 3982 appellatur,
3634 3912 3755 3982 pin-

2113 3990 2341 4047 naculis
2372 3992 2616 4063 sagittas
2638 3994 2695 4048 in
2717 3995 3057 4052 accedentes
3087 3997 3343 4069 conjicit.
3376 3999 3557 4063 Quem
3592 4017 3761 4058 cona-

2114 4085 2234 4136 tum
2270 4079 2407 4152 quia
2454 4080 2687 4137 irritum
2749 4084 2992 4150 videbat,
3025 4084 3239 4158 alloqui
3272 4092 3550 4159 pepulum
3587 4090 3758 4148 insti-

2115 4171 2263 4239 tuit;
2306 4185 2489 4241 seque
2546 4169 2855 4243 imperium
2912 4174 3031 4230 tilio
3089 4174 3342 4231 Manueli
3401 4179 3757 4237 traditurum

2114 4257 2435 4330 professus,
2498 4257 2816 4315 tumultum
2872 4261 3066 4333 sopire
3122 4267 3180 4318 et
3236 4264 3760 4334 prmsentissimum

2109 4345 2435 4419 periculum
2470 4347 2810 4420 propulsare
2841 4352 3053 4409 studet.
3106 4353 3310 4408 Verum
3333 4355 3487 4411 452
3507 4354 3759 4428 populus

2110 4437 2184 4493 iis
2216 4438 2404 4494 verbis
2428 4438 2618 4509 magis
2648 4445 3021 4512 exasperatus
3056 4441 3217 4498 nulla
3240 4459 3353 4499 non
3388 4445 3757 4504 atrocissima

2110 4526 2369 4583 convicia
2426 4527 2483 4583 in
2515 4543 2669 4595 eum,
2734 4534 2792 4585 et
2839 4547 3011 4602 quem
3069 4531 3297 4604 imperii
3352 4550 3753 4594 successorem

352 4628 684 4710 συλληφθεὶς
744 4629 1015 4706 εἰσάγεται
1075 4627 1325 4703 Ἰσαακίῳ
1372 4627 1507 4703 πρὸς
1557 4622 1779 4702 ὅχησιν,
1832 4625 1935 4682 Καὶ
1969 4625 1997 4680 ὁ

2112 4616 2451 4673 relicturum
2485 4617 2696 4690 aiebat,
2743 4621 3055 4693 congessit.
3093 4626 3398 4695 Postquam
3459 4642 3614 4695 vero,
3673 4627 3758 4684 ef-

358 4720 447 4794 μὶν
481 4719 544 4776 ἐκ
566 4724 665 4776 τοῦ
697 4719 954 4796 μεγίστου
992 4719 1098 4775 νεὼ
1147 4718 1385 4792 ἀπαίρει,
1446 4718 1805 4791 συνεπόμενον
1850 4713 1995 4792 ἔχων

349 4811 435 4865 καὶ
475 4811 570 4865 τὸν
602 4809 953 4884 πατριάρχην
1007 4807 1294 4865 Βασίλειον
1340 4808 1431 4863 τὸν
1492 4809 1837 4882 Καματηρόν,
1886 4804 2001 4861 ἐπεὶ

349 4900 438 4954 καὶ
466 4903 660 4955 τοῦτον
708 4899 773 4954 τὸ
827 4897 1044 4967 πλῆθος
1112 4896 1470 4973 συμπράττειν
1529 4896 1620 4951 καὶ
1681 4892 2005 4951 συνεπευδο-

348 4994 458 5043 κεῖν
487 4994 610 5053 τοῖς
663 5008 724 5043 τε
766 4985 1058 5060 λουμένοις
1107 4983 1306 5042 ἄκοντα
1356 4985 1712 5041 έπεσπάσατο’
1747 4986 1775 5039 ὁ
1807 4981 1854 5039 δ’
1881 4986 2003 5043 Ἀν-

349 5075 599 5155 ὂρόνικος
632 5077 769 5132 κατὰ
796 5077 857 5132 τὸ
893 5075 1027 5151 μέγα
1067 5075 1304 5153 γεγονὼς
1354 5075 1603 5151 ἀρχεῖον,
1656 5073 1771 5130 ἐπεὶ
1803 5075 1830 5129 ὁ
1864 5096 2005 5150 συμ-

353 5171 522 5244 μιγὴς
555 5168 720 5245 θροῦς
761 5165 958 5222 ἒκέντει
1010 5167 1176 5221 αὐτοῦ
1221 5166 1286 5220 τὰ
1339 5166 1474 5235 ὦτα,
1529 5165 1665 5238 μετὰ
1716 5165 1895 5244 βραχὺ
1946 5162 2003 5220 δὲ

346 5258 437 5313 καὶ
468 5259 571 5327 τῆν
619 5253 742 5332 ὄψιν
802 5260 910 5313 τῶν
966 5254 1262 5332 γινομένων
1320 5256 1437 5331 εἶχε
1479 5251 1823 5322 διδάσκαλον,
1882 5253 2004 5309 έπέ-

348 5343 487 5404 6αλε
522 5348 619 5421 μὶν
648 5350 719 5421 τῇ
753 5347 1123 5422 ἀντιμαχήσει
1150 5349 1247 5401 τοῦ
1277 5344 1525 5415 πλήθους
1563 5345 1654 5400 καὶ
1696 5342 1826 5405 τοὺς
1876 5364 2002 5397 συν·

348 5438 507 5501 όντας
571 5436 879 5510 συνεκρότει
928 5438 1066 5511 πρὸς
1120 5432 1392 5509 πόλεμον,
1446 5433 1706 5509 εόρίσκων
1760 5429 1817 5486 δὲ
1872 5432 2005 5507 βρα-

349 5535 471 5605 χεῖς
496 5526 558 5583 ἐκ
579 5525 792 5582 τούτων
814 5526 1216 5600 ὲτοιμοπειθεῖς
1239 5524 1374 5600 πρὸς
1422 5525 1485 5580 τὸ
1534 5522 1737 5579 ἐκείνου
1787 5520 2006 5595 σκέμμα

346 5617 437 5675 καὶ
470 5617 744 5691 σύνθημα,
785 5615 1083 5693 ηὐτοόργει
1133 5613 1222 5669 καὶ
1276 5614 1435 5677 αὐτὸς
1486 5613 1537 5669 έν
1586 5616 1664 5685 τῷ
1717 5609 1865 5686 μέρει
1914 5613 2005 5667 τὸν

348 5709 628 5783 πόλεμον,
659 5706 815 5779 τόξον
855 5703 988 5769 δοὺς
1027 5708 1097 5781 τῇ
1127 5704 1297 5781 χειρὶ,
1332 5704 1436 5760 κάκ
1462 5707 1571 5759 τῶν
1611 5705 1707 5758 τοῦ
1741 5699 2002 5776 μεγίστου

2117 4706 2296 4764 fracta
2327 4712 2491 4779 porta
2542 4724 2667 4780 quae
2699 4709 2878 4766 Carea
2908 4711 3139 4781 dicitur,
3175 4713 3234 4769 in
3265 4715 3551 4785 palatium
3584 4733 3757 4789 pene-

2115 4801 2362 4867 trarunt,
2391 4798 2450 4854 in
2485 4798 2677 4870 fugam
2701 4815 3015 4858 conversus
3045 4803 3431 4873 Andronicus,
3466 4822 3760 4878 purpureo

2115 4887 2306 4944 calceo
2333 4891 2391 4944 et
2440 4888 2617 4944 veteri
2650 4905 2757 4945 suo
2807 4889 3080 4959 amuleto,
3106 4908 3274 4947 cruce
3301 4910 3477 4966 quam
3511 4893 3582 4949 de
3611 4893 3759 4950 collo

2115 4993 2459 5050 suspensam
2489 4978 2777 5051 gestabat,
2812 4981 2980 5052 quasi
3013 4980 3277 5036 numinis
3304 4982 3388 5036 ira
3418 4980 3755 5052 agitaretur,

2114 5067 2362 5138 abiecta,
2412 5074 2466 5122 et
2498 5071 2668 5123 acuto
2720 5067 3020 5123 barbarico
3054 5068 3200 5138 pileo
3230 5067 3403 5138 capiti
3455 5069 3752 5139 imposito,

2115 5157 2305 5212 denuo
2334 5154 2630 5211 triremem
2662 5155 3099 5227 imperatoriam
3131 5155 3491 5222 conscendit,
3541 5172 3657 5227 qua
3686 5174 3755 5214 ex

2114 5246 2368 5302 Meludio
2401 5245 2459 5300 in
2518 5261 2789 5315 magnum
2825 5243 3105 5315 palatium
3148 5248 3405 5311 venerat,
3438 5246 3759 5317 eodemque

2116 5349 2382 5389 reversus
2401 5349 2534 5387 cum
2558 5332 2788 5387 duabus
2814 5331 3180 5402 mulieribus,
3206 5334 3394 5401 Anna,
3428 5348 3602 5404 quam
3624 5334 3761 5392 sub-

2116 5422 2227 5477 lato
2294 5419 2492 5476 Alexio
2569 5421 2830 5491 duxerat,
2881 5425 2937 5475 et
3002 5419 3320 5494 Maraptica
3395 5422 3765 5483 meretricula

2120 5509 2357 5567 tibicina
2382 5525 2495 5566 non
2520 5510 2969 5575 contemnenda,
3000 5510 3173 5580 cuius
3205 5527 3403 5567 amore
3426 5527 3541 5568 non
3568 5512 3764 5572 minus

2116 5597 2448 5657 insaniebat
2503 5613 2682 5668 quam
2715 5596 2851 5654 olim
2884 5596 3231 5656 Poliorcetes
3272 5599 3603 5659 Demetrius
3654 5600 3761 5660 La-

2116 5700 2267 5766 mize,
2302 5703 2478 5765 quam
2515 5685 2821 5745 Ptolemaeo
2853 5687 3002 5745 victo
3025 5698 3274 5762 ceperat,
3304 5690 3457 5748 haud
3506 5692 3759 5764 segniter
