4116 6206
317 327 436 388 707
1639 321 1946 386 NICET/E
1987 321 2413 384 CHONIA'I‘E
3506 293 3518 296 ’
3603 329 3724 392 703

311 459 568 532 navigat,
624 457 700 514 ad
749 453 1180 528 Tauroscythas
1236 454 1625 526 proiecturus,
1677 456 1952 514 omnibus

2065 451 2278 532 πύργου
2353 450 2688 526 διασφάγων,
2765 451 2824 515 ὅς
2899 451 3260 525 κικλήσκεται
3326 455 3728 534 Κεντηνήριον,

313 547 588 608 Romanis
621 544 935 620 provinciis
957 543 1324 617 aliarumque
1342 545 1603 618 gentium
1635 545 1952 604 ditionibu

2071 541 2246 622 ἀφιεὶς
2277 545 2394 604 τοῖς
2425 541 2640 596 ἐπιοῦσι
2673 538 2933 617 βέλεμνα.
2965 541 3135 604 Γνοὺς
3165 539 3224 598 δὶ
3253 543 3328 608 ὡς
3369 547 3548 620 μάτην
3590 547 3729 620 ἄνη-

309 643 376 694 ut
399 653 602 711 parum
638 634 769 691 fidis
803 633 1114 706 despectis.

2064 629 2252 692 νότοις
2287 629 2577 707 ἐπιχειρεῖ,
2633 625 2725 684 διά
2766 649 2914 693 τινος
2973 629 3192 705 ὁμιλεῖν
3251 634 3552 710 προάγεται
3609 643 3729 694 τοῖς

307 723 488 794 λαοῖς,
539 720 886 786 ἀποτίθεσθαι
936 719 1114 799 λέγων
1162 721 1261 791 τὴν
1327 720 1608 798 βασιλείαν
1647 725 1742 778 καὶ
1790 719 2174 799 παραπέμπειν
2222 721 2424 790 ταύτην
2479 719 2616 796 πρὸς
2663 719 2756 776 τὸν
2814 718 3022 776 ἐκείνου
3072 719 3243 778 παῖδα
3285 725 3379 779 τὸν
3431 726 3730 800 Μανουήλν

312 812 591 878 πεποιθὼς
647 809 884 868 ἐντεῦθεν
923 808 1272 867 καταστεῖλαι
1329 812 1420 868 τὸν
1478 807 1708 888 θόρυϐον
1776 811 1866 868 καὶ
1913 811 2006 868 τὸν
2061 808 2144 866 ἔπ’
2201 809 2388 883 ἀκμῆς
2442 809 2532 866 καὶ
2578 809 2718 886 παρά
2766 809 2948 886 βραχὺ
2980 807 3232 866 κίνδυνον
3265 812 3729 890 ἀποκρούσασθαι.

303 903 372 960 Οἱ
405 899 462 957 δὲ
501 901 774 964 πλειόνως
815 899 904 956 ἐπὶ
950 904 1028 973 τῷ
1095 900 1300 976 ῥήματι
1367 899 1544 974 τούτῳ
1609 897 2062 977 ἐκτραχυνοέητες
2131 892 2352 974 ὕϐρεσιν
2416 897 2578 954 αὐτὸν
2643 899 2873 960 άπάσαις
2937 898 3218 964 ἀπαισίοις
3255 899 3506 975 ἔπλυνον,
3537 905 3630 960 καὶ
3660 904 3725 960 ὅν

305 985 503 1070 ἔφασκε
547 997 648 1061 τῆς
705 987 984 1066 βασιλείας
1041 987 1361 1044 καταλιπεῖν
1394 985 1771 1066 κληρονόμον.
1815 989 1968 1046 Ἐπεὶ
2031 985 2087 1042 δὲ
2150 987 2214 1042 τὸ
2279 984 2492 1056 πλῆθος
2547 987 2616 1056 ἧν
2679 987 2927 1063 εἱσχυθὶν
2968 983 3168 1054 ἔσωθεν
3219 995 3331 1046 τᾶν
3386 991 3729 1067 ἀνακτόρων,

303 1079 702 1156 ἀνατραπείσης
749 1082 849 1145 τῆς
898 1077 1083 1150 πύλης
1127 1078 1244 1148 ἣτις
1295 1077 1475 1154 Καρέα
1531 1076 1766 1155 λέγεται,
1835 1079 2086 1154 τρέπεται
2155 1076 2295 1150 πρὸς
2358 1077 2534 1155 φυγὴν
2606 1073 2980 1152 Ἀνδρόνικος,
3045 1079 3136 1133 καὶ
3203 1078 3266 1134 τὸ
3333 1077 3727 1160 φοινικοϐαφὲς

307 1167 532 1228 πέδιλον
582 1175 679 1228 τοῦ
717 1167 884 1234 ποδὸς
935 1169 1352 1248 ἀφελιξάμενος,
1403 1169 1496 1225 καὶ
1542 1169 1605 1225 τὸ
1655 1172 1886 1245 ἀρχαῖον
1936 1169 2082 1242 αὐτῷ
2130 1167 2526 1244 περιφὺλαγμα
2550 1167 2641 1223 τὸν
2675 1169 2904 1242 σταυρὸν
2935 1169 2964 1222 6
2995 1164 3303 1241 θεοϐλαϐής
3345 1170 3732 1250 ἀποτραχηλιο

309 1261 538 1336 σάμενος
582 1260 694 1316 ἐκεῖ
740 1280 872 1330 που,
918 1259 1009 1314 καὶ
1059 1258 1224 1315 πῖλον
1291 1253 1620 1336 βαρϐαρικὸν
1683 1263 1753 1334 τῇ
1819 1257 2032 1334 κεφαλῇ
2095 1255 2470 1332 περιθέμενος,
2521 1254 2582 1318 ὅς
2641 1255 2694 1319 ἐς
2743 1255 2834 1330 ὂξίι
2883 1255 3070 1334 λήγων
3141 1257 3408 1335 πυραμίδι
3459 1260 3727 1336 εἴκασται,

310 1352 411 1421 τὴν
466 1348 758 1426 βασιλικήν
809 1346 1026 1404 εἷ’σεισιν
1073 1345 1227 1411 αὖθις
1278 1350 1505 1425 τριήρη,
1555 1344 1626 1402 δι’
1675 1347 1746 1416 ἧς
1797 1345 1858 1401 ἐκ
1903 1349 1998 1402 τοῦ
2051 1342 2375 1416 Μηλουδίου
2444 1347 2580 1422 πρὸς
2631 1347 2694 1402 τὸ
2747 1345 2884 1423 μέγα
2929 1345 3199 1403 παλάτιον
3257 1347 3561 1427 ἔσαφίκετο.
3620 1353 3727 1409 Καὶ

311 1439 604 1516 γενόμενος
663 1439 815 1504 αὗθις
879 1438 1016 1494 κατὰ
1080 1438 1142 1492 τὸ
1207 1435 1338 1492 αὐτὸ
1401 1435 1742 1510 κατάντημα,
1801 1435 1892 1491 καὶ
1947 1431 2044 1490 δύο
2095 1433 2154 1488 ἐκ
2196 1439 2306 1490 τῶν
2358 1437 2628 1510 γυναικῶν
2677 1429 3152 1510 προσλαϐόμενος,
3185 1439 3379 1494 ’Ἄνναν
3408 1441 3513 1509 τήν
3550 1441 3733 1516 ἀρμοο

311 1535 520 1595 σθεῖσαν
553 1527 789 1602 Ἀλεξίῳ
818 1533 898 1602 τῷ
930 1525 1170 1602 βασιλεῖ,
1223 1525 1431 1582 ἐκείνου
1477 1523 1534 1581 δὲ
1581 1524 1632 1596 ἐξ
1683 1524 1982 1600 ἀνθρώπων
2029 1522 2323 1600 γενομένου
2372 1525 2418 1596 ᾧ
2469 1522 2683 1600 εἷ’ρηται
2722 1525 2936 1598 θανάτῳ
2983 1531 3326 1600 γαμηθεῖσαν
3372 1525 3728 1604 Ἀνδρανίκφ,

307 1619 398 1675 καὶ
453 1620 553 1688 τὴν
603 1615 846 1692 ἓταιριδα
894 1617 1282 1693 Μαραπτικὴν,
1330 1616 1399 1685 ἧς
1445 1613 1716 1679 ἐνεθουσία
1782 1635 1862 1688 τῳ
1909 1609 2070 1690 ἔρωτι
2130 1612 2220 1668 καὶ
2288 1618 2623 1688 προσπαθῶς
2692 1614 2835 1689 εἶχεν
2904 1611 3252 1690 Ἀνδρόνικος
3317 1620 3394 1680 ὼς
3451 1615 3579 1674 οἰιδὶ
3622 1620 3734 1682 κά-

307 1709 398 1766 λαι
427 1715 530 1779 τῆς
562 1707 773 1781 Λαμίας
812 1708 841 1762 6
871 1706 1252 1782 πολιορκητὴς
1287 1709 1435 1780 [223]
1469 1707 1810 1780 Δημήτριος,
1842 1705 1906 1774 ἣν
1937 1701 2282 1777 Πτολεμαῖον
2311 1704 2820 1781 καταγωνισάμενος
2849 1703 2900 1760 ἐν
2930 1706 3134 1782 Κύπρῳ
3162 1703 3327 1763 ἔλαϐε
3367 1704 3725 1784 δορυάλωτον

304 1796 578 1855 αὐλοῦσαν
627 1798 728 1853 οὐκ
771 1795 1283 1874 εὐκαταφρονήτως,
1331 1794 1533 1864 ἤλαυνε
1577 1795 1714 1851 κατά
1756 1793 1952 1869 κράτος
2000 1792 2066 1864 ἥν
2109 1794 2394 1867 προέθετο.
2443 1793 2756 1868 ᾛρετίσατο
2789 1792 2846 1849 δὲ
2891 1795 2992 1865 τὴν
3037 1795 3124 1851 ἐπὶ
3153 1797 3282 1860 τοὺς
3313 1799 3724 1875 Ταυροσκῦϐας,

301 1891 478 1943 πᾶσαν
507 1885 772 1962 ἐπαρχίαν
805 1886 1125 1958 Ῥωμαϊκὴν
1157 1885 1246 1940 καὶ
1275 1883 1581 1959 τοπαρχίαν
1616 1882 1796 1956 ἄλλην
1829 1882 2046 1954 ἐθνικήν
2081 1883 2156 1945 ὡς
2187 1877 2482 1939 ἐπίϐουλον
2515 1884 2802 1955 ἀθετήσας.

383 1979 470 2036 12.
506 1977 836 2035 Andronico
883 1979 956 2034 ad
988 1977 1145 2034 hunc
1186 1979 1424 2034 modum
1478 1977 1696 2048 dejecto
1755 1993 1952 2050 regno,

2139 1974 2230 2049 ιβ’,
2264 1975 2368 2032 Καὶ
2405 1977 2596 2031 τοῦτον
2659 1975 2752 2049 μὲν
2809 1975 2903 2031 τὸν
2962 1975 3165 2052 τρόπον
3223 1976 3572 2056 Ἀνδρόνικος
3622 1989 3725 2053 τῆς

307 2069 568 2126 Isaacius
597 2066 874 2140 palatium
907 2067 1060 2124 453
1097 2067 1421 2138 ingressus,
1453 2083 1518 2122 ac
1567 2067 1756 2122 denuo
1783 2082 1816 2122 a
1847 2065 1956 2122 fre-

310 2156 552 2230 quentia
594 2153 796 2228 populi
855 2154 1175 2228 imperator
1203 2159 1504 2228 Augustus
1535 2153 1955 2222 consalutatus,

304 2244 587 2303 satellites
621 2245 799 2300 mittit
845 2243 946 2316 qui
979 2243 1378 2301 Andronicum
1409 2247 1859 2316 persequantur.
1888 2246 1959 2298 At

301 2335 486 2409 plebis
546 2334 826 2408 pleraque
875 2350 1034 2406 pars,
1090 2349 1224 2389 cum
1276 2339 1474 2406 aperto
1511 2331 1727 2405 palatio
1782 2347 1954 2388 nemo

297 2431 458 2484 esset
489 2424 587 2496 qui
619 2423 942 2498 quidquam
977 2423 1482 2496 prohiberetquod
1519 2423 1756 2479 animus
1783 2421 1950 2478 tulis-

297 2519 408 2583 set,
446 2532 562 2572 non
623 2531 751 2572 eam
807 2519 1040 2571 tantum
1090 2513 1397 2585 pecuniam
1453 2513 1654 2584 diripit
1705 2529 1833 2585 quae
1893 2512 1953 2568 in

307 2602 746 2676 Chirsioplysiis
787 2602 1025 2658 recondi
1071 2601 1220 2658 solet
1270 2601 1456 2672 (erant
1487 2608 1707 2670 autem,
1753 2604 1956 2672 praeter

305 2693 510 2749 rudem
543 2691 868 2760 materiam,
900 2691 1026 2748 auri
1058 2691 1372 2748 centenarii
1420 2706 1520 2756 xu,
1553 2690 1778 2763 argenti
1821 2706 1950 2757 xxx,

177 2793 190 2800 '
301 2783 434 2838 reris
463 2784 573 2852 cc),
608 2783 708 2838 sed
741 2785 797 2838 et
827 2781 1111 2852 quidquid
1147 2781 1324 2837 unius
1354 2779 1610 2835 hominis
1643 2795 1818 2835 manu
1853 2784 1954 2835 aut

299 2871 473 2928 etiam
512 2869 768 2942 plurium
831 2867 1164 2939 conjunctis
1197 2868 1382 2939 operis
1431 2867 1646 2924 auferri
1705 2871 1948 2941 poterat.

297 2958 376 3013 Ex
425 2953 877 3012 armamentario
920 2971 1154 3026 quoque
1185 2955 1374 3010 multa
1421 2970 1720 3010 armorum
1771 2953 1952 3010 millia

299 3045 694 3102 abstulerunt.
724 3045 802 3100 Ac
854 3045 1061 3116 rapina
1107 3043 1285 3100 etiam
1342 3042 1402 3098 in
1436 3042 1695 3114 palatina
1739 3043 1954 3100 sacella

302 3141 590 3207 grassata,
624 3139 864 3190 ornatus
921 3149 1218 3189 sacrarum
1253 3132 1580 3204 imaginum
1627 3137 1721 3188 'cst
1752 3148 1950 3188 surre-

305 3231 462 3298 ptus,
496 3229 551 3280 et
608 3229 1052 3281 sacrosanctum
1087 3221 1235 3278 illud
1269 3222 1758 3281 vasculum-furto
1789 3223 1951 3281 abla-

2065 2063 2380 2135 Ῥωμαϊκῆς
2440 2063 2619 2139 ἀρχῆς
2677 2062 3088 2144 ἀπεσφαίριστο,
3159 2065 3424 2129 Ἰσαάκιος
3503 2065 3562 2125 δὲ
3613 2061 3724 2126 τῶν

2065 2151 2304 2226 ἀρχείων
2363 2151 2494 2208 εἷ’σω
2544 2151 2831 2229 παρελθὼν
2889 2153 2980 2210 καὶ
3043 2154 3300 2231 βασιλεὺς
3365 2157 3716 2238 αὐτοκράτωρ

2065 2239 2354 2314 Ῥωμαίων
2432 2241 2537 2297 ὑπὸ
2609 2245 2717 2298 τῶν
2796 2240 3251 2315 συνεληλυθότων
3325 2246 3510 2322 ὄχλων
3557 2250 3715 2314 αὖθις

2067 2326 2389 2404 ἀναρρηθεὶς
2431 2329 2648 2386 στέλλει
2722 2331 2850 2395 τοὺς
2907 2331 3086 2388 ὀπίσω
3146 2331 3485 2412 Ἀνδρονίκου
3536 2357 3716 2394 καταο

2067 2414 2374 2489 διώξοντας.
2408 2419 2484 2477 Τὸ
2516 2417 2573 2475 δὲ
2599 2424 2702 2474 τοῦ
2730 2417 2796 2492 δή
2808 2442 2914 2495 μου
2944 2421 3118 2496 πολὺ,
3140 2421 3329 2494 ἐπειδὴ
3358 2425 3427 2480 τὰ
3453 2426 3728 2504 ἀνάκτορα

2065 2505 2222 2562 ἃνετα
2254 2507 2590 2584 ἐγεγόνεισαν
2613 2509 2704 2564 καὶ
2737 2507 2915 2573 οὐδεὶς
2965 2513 3033 2580 ἦν
3073 2511 3102 2566 6
3128 2510 3394 2568 κωλύσων
3445 2515 3644 2579 αὐτοὺς
3681 2513 3721 2586 ἤ

2067 2595 2282 2670 ἀπάξων
2313 2601 2411 2653 τοῦ
2440 2595 2568 2671 δρᾷν
2599 2599 2691 2654 οἷα
2717 2599 2808 2654 καὶ
2867 2599 2968 2655 ὃσα
3021 2599 3338 2675 βούλοιντο,
3388 2600 3728 2681 διαρπάζουο

2063 2705 2144 2740 σιν
2174 2685 2237 2740 οὐ
2270 2687 2430 2760 μόνον
2464 2687 2636 2742 ὁπόσα
2667 2691 2932 2768 χρήματα
2963 2688 3184 2764 εὕραντο
3231 2691 3378 2766 παρᾶ
3404 2697 3523 2748 τοῖς
3561 2697 3720 2770 Χρυ-

2065 2771 2410 2840 σιοπλυσίοις
2446 2773 2906 2852 ἐπιταμιευόμενα
2966 2779 3122 2852 (ἦσαν
3190 2777 3250 2835 δὲ
3301 2779 3424 2836 ἄνευ
3477 2785 3588 2838 τῶν
3639 2785 3722 2856 μὴ

2061 2864 2417 2937 κεκομμὲνων
2465 2863 2541 2927 είς
2597 2866 2842 2940 νόμισμα
2901 2864 3050 2922 ὑλῶν
3103 2867 3337 2944 χρυσίου
3395 2872 3725 2947 κεντηνάρια

2064 2949 2294 3022 δώδεκα,
2364 2953 2622 3040 ἀργυρίου
2677 2957 2968 3031 τριάκοντα
3051 2958 3143 3012 καὶ
3193 2961 3292 3013 τοῦ
3355 2958 3414 3014 ἐκ
3499 2961 3724 3040 χαλκοῦ

2061 3040 2348 3116 κόμματος
2377 3039 2672 3118 διακόσια),
2703 3042 2850 3100 ἀλλᾶ
2881 3045 2973 3100 καὶ
3011 3052 3114 3102 πᾶν
3173 3045 3354 3124 ἓτερον
3383 3049 3516 3124 ὅπερ
3566 3049 3720 3126 εἶχον

2064 3133 2116 3187 αἱ
2147 3138 2328 3208 χεῖρες
2360 3133 2474 3196 ἑνός
2502 3153 2647 3196 τινος
2683 3133 2999 3213 μεταφέρειν
3045 3133 3246 3212 ῥᾳδίως
3279 3137 3315 3209 ἢ
3345 3137 3436 3194 καὶ
3487 3138 3722 3196 πολλῶν

2063 3221 2478 3298 συνερχομένων
2510 3225 2674 3298 ὁμοῦ,
2728 3223 2953 3281 Ὃπλων
3005 3223 3063 3281 δὲ
3123 3229 3456 3304 μετήνεγκαν
3520 3231 3720 3307 μυριάο

303 3322 455 3380 tum,
488 3331 624 3386 quo,
661 3319 723 3370 ut
753 3331 786 3370 a
818 3313 1141 3385 majoribus
1171 3313 1528 3385 accepimus,
1579 3313 1792 3370 Christi
1825 3329 1946 3370 ma-

2065 3307 2158 3373 δας
2187 3313 2282 3376 τὰς
2311 3310 2626 3384 ὁπλοθήκας
2657 3313 2933 3415 ῗσέόντες.
2993 3310 3208 3390 Προέόη
3261 3313 3318 3372 δὲ
3364 3318 3432 3373 τά
3469 3324 3573 3390 τῆς
3620 3320 3722 3395 ἀρ-

305 3405 482 3462 nihns
542 3404 770 3476 scriptaa
808 3404 878 3460 ad
911 3405 1200 3476 Abgarum
1240 3402 1444 3459 littera:
1477 3402 1946 3459 assorvabantur.

300 3493 560 3552 Isaacins
591 3509 722 3550 vero
752 3493 1094 3566 imperator,
1127 3491 1252 3548 dies
1282 3491 1613 3564 complures
1643 3491 1700 3547 in
1734 3490 1952 3564 palatio

307 3586 729 3651 commoratus,
753 3581 812 3638 in
835 3580 1238 3637 Blacherniam
1271 3579 1462 3638 aulam
1487 3581 1720 3651 transit,
1754 3580 1954 3653 ibique

305 3675 377 3731 de
408 3679 576 3747 capto
621 3673 946 3731 Andronico
991 3674 1258 3731 nuntium
1291 3672 1520 3745 accipit.
1580 3672 1708 3728 Fuit
1757 3675 1950 3728 autem

307 3780 375 3820 ea
404 3763 761 3836 captivitatis
791 3764 920 3836 ejus
951 3762 1118 3820 ratio.
1151 3762 1295 3818 Cum
1330 3762 1574 3835 fugeret,
1597 3759 1805 3818 Chelen
1828 3777 1952 3833 per-

303 3853 466 3908 venit
495 3869 627 3910 cum
684 3852 887 3925 paucis
945 3851 1236 3908 ministris
1269 3868 1415 3923 quos
1459 3856 1592 3907 ante
1639 3849 1952 3921 imperium

309 3940 616 4010 habuerat,
668 3951 720 3998 et
762 3941 994 3999 duabus
1048 3939 1161 3997 illis
1218 3939 1603 3996 mulierculis.
1640 3939 1814 4012 Cujus
1843 3938 1955 3996 loci

303 4030 528 4099 incolas,
607 4047 740 4087 cum
788 4031 949 4087 nulla
1004 4031 1162 4088 454
1217 4029 1446 4102 imperii
1493 4029 1750 4103 insignia
1798 4030 1856 4085 in
1887 4045 1955 4086 eo

303 4121 736 4189 cernerent,sed
795 4119 1017 4177 exsulis
1047 4119 1246 4177 habitu
1283 4119 1355 4176 ad
1387 4119 1819 4192 Tauroscythas
1851 4136 1955 4192 ap-

304 4210 518 4283 pellere
541 4209 915 4267 festinantem
972 4214 1029 4266 et
1052 4209 1282 4265 nemine
1314 4214 1695 4281 persequente
1723 4208 1952 4280 fugien-

305 4304 447 4368 tem,
479 4315 612 4356 eum
666 4299 1161 4372 comprehendere
1205 4314 1392 4369 neque
1412 4297 1561 4368 ξαυεί
1593 4303 1734 4354 sunt
1765 4313 1954 4370 neque

310 4405 543 4460 aequum
601 4397 974 4460 censuerunt,
1027 4389 1209 4446 feram
1242 4387 1414 4444 etiam
1457 4392 1809 4444 exarmatam
1841 4403 1955 4444 me-

311 4474 540 4534 tuentes
571 4482 631 4534 et
659 4479 732 4534 ad
780 4477 973 4535 solum
997 4482 1373 4550 conspectum
1409 4477 1538 4550 ejus
1578 4476 1952 4548 trepidantes,

308 4565 476 4636 eique
507 4583 714 4626 navem
748 4573 1044 4640 pararunt.
1069 4571 1192 4635 Qua
1221 4583 1544 4626 conscensa
1565 4567 1762 4641 ipsum
1795 4585 1955 4626 mare

304 4653 466 4709 velut
498 4655 894 4726 indignatum,
937 4658 1089 4729 quod
1142 4657 1521 4713 innocentum
1579 4656 1954 4714 cadaveribus

2063 3407 2248 3478 πάγῆς
2278 3401 2369 3456 καὶ
2401 3401 2478 3464 εἰς
2507 3400 2636 3465 τοὺς
2668 3399 2819 3458 ἔνδον
2865 3408 2974 3458 τῶν
3032 3403 3328 3478 βασιλείων
3374 3408 3535 3478 νεὼς,
3579 3407 3724 3466 ὥστε

2061 3488 2154 3546 καί
2205 3490 2450 3564 κόσμους
2507 3489 2880 3569 ἀπορραγῆναι
2941 3494 3110 3568 ἁγίων
3165 3493 3415 3552 είκασιῶν
3453 3498 3545 3554 καὶ
3589 3497 3722 3554 αὐτὸ

2066 3577 2124 3634 δὲ
2147 3579 2208 3634 τὸ
2238 3579 2530 3655 ἱερώτατον
2583 3578 3074 3659 κλοποφορηθῆναι
3118 3588 3330 3655 σκεῦος,
3390 3587 3454 3642 οὗ
3503 3583 3722 3643 ἔνδοθεν

2067 3669 2226 3746 φήμη
2260 3667 2460 3725 ἄνωθεν
2494 3667 2730 3746 διαῤῥέει
2759 3671 2847 3726 καὶ
2908 3670 2962 3734 ἐς
3012 3674 3162 3746 ἡμᾶς
3207 3671 3610 3732 καταϐαίνουσα
3653 3677 3720 3732 τὸ

2064 3762 2161 3814 τοῦ
2219 3758 2422 3836 Κυρίου
2482 3759 2797 3816 ἐπιστόλιον
2857 3763 3248 3840 συνεπτὺχθαι,
3300 3763 3433 3841 ὅπερ
3489 3766 3717 3828 οἰκείαις

2063 3847 2224 3910 αὐτὸς
2282 3849 2472 3924 χερσὶν
2529 3847 2734 3920 ἐξέθετο
2791 3851 2928 3927 πρὸς
2984 3853 3080 3907 τὸν
3139 3850 3410 3930 Αὕγαρον.
3475 3855 3708 3930 Ἡμέρας

2065 3939 2156 3994 οὗν
2197 3938 2402 4012 συχνὰς
2432 3941 2510 4011 τῷ
2546 3935 2770 4015 μεγάλῳ
2808 3939 3062 4015 παλατίῳ
3116 3939 3454 4019 ἐνδιατρίψας
3483 3945 3510 3999 6
3539 3944 3704 4018 βασι-

2065 4027 2191 4093 λεὺς
2223 4030 2486 4092 Ἰσαάκιος
2517 4029 2653 4105 πρὸς
2709 4029 2772 4084 τὸ
2822 4029 2874 4086 ἐν
2935 4030 3278 4109 Βλαχὲρναις
3337 4033 3554 4111 ἀρχεῖον
3611 4055 3713 4108 με·

2064 4119 2326 4189 θίσταται,
2357 4115 2483 4183 ἔνθα
2511 4118 2602 4174 καὶ
2634 4120 2686 4175 οἱ
2717 4117 3082 4196 ἀγγέλλοντες
3111 4120 3448 4194 ἐληλύθεσαν
3503 4124 3718 4180 ἁλῶναι

2064 4205 2436 4285 Ἀνδρόνικον.
2468 4212 2566 4262 ’[Ιν
2612 4206 2670 4263 δὲ
2702 4209 2730 4263 6
2761 4211 2968 4284 τρόπος
3009 4217 3110 4281 τῆς
3169 4210 3332 4268 αὐτοῦ
3382 4211 3719 4288 συλλήψεως

2064 4299 2272 4356 οὑτοσί.
2303 4295 2756 4375 Ἀποδιδράσκων
2784 4299 3088 4380 ἀφικνεῖται
3128 4302 3203 4366 εἰς
3237 4301 3462 4375 Χηλήν,
3492 4303 3718 4382 ὀλίγους

2063 4394 2170 4446 τῶν
2201 4388 2306 4463 πρὸ
2338 4395 2439 4458 τῆς
2475 4385 2756 4465 βασιλείας
2788 4389 3076 4466 ὓπηρετῶν
3128 4395 3523 4467 συνεπομένους
3569 4392 3717 4474 ἔχων

2063 4477 2274 4551 ἐκείνῳ,
2305 4478 2398 4532 καὶ
2445 4477 2542 4541 τὰς
2599 4476 2696 4534 δύο
2751 4485 3009 4556 γυναῖκας
3066 4480 3427 4560 ἐπαγόμενος.
3486 4481 3722 4548 ’ἰδόντες

2066 4565 2156 4622 οὖν
2211 4566 2370 4622 αὐτὸν
2431 4567 2484 4622 οἱ
2543 4566 2714 4624 ἐκεῖσε
2770 4567 2941 4642 μηδὲν
2993 4573 3292 4648 τεκμήριον
3341 4573 3717 4649 περικείμενον

2061 4661 2170 4712 τῶν
2225 4653 2586 4731 κρατούντων,
2645 4653 2774 4712 ἀλλ’
2833 4657 2908 4718 ὡς
2989 4655 3202 4736 φυγάδα
3255 4663 3358 4732 τήν
3433 4660 3522 4718 επὶ
3591 4662 3720 4727 τοὺς

303 4720 799 4816 εἰηυεευοεέδερθ
841 4720 1170 4816 polluisset,
1186 4744 1247 4801 in
1265 4743 1415 4800 altos
1437 4745 1647 4801 fluctus
1661 4750 1952 4804 otvastum

2063 4744 2438 4821 Ταυροσκόθας
2470 4741 2800 4800 διαπλώῖσιν
2855 4720 3258 4824 ἐπισπὲρχοντα
3301 4751 3390 4806 καὶ
3452 4751 3720 4829 φεύγοντα

302 4831 530 4888 hiatum
565 4833 902 4904 assurrexit,
935 4835 1100 4905 quasi
1129 4834 1542 4890 devoraturum
1591 4850 1726 4890 eum
1777 4841 1950 4904 esset,

300 4928 358 4977 et
387 4937 592 4977 navem
649 4923 708 4978 in
741 4921 908 4979 littus
939 4921 1114 4978 elisit.
1150 4921 1312 4986 Quod
1345 4922 1562 4994 saepius
1590 4923 1804 4980 factum
1848 4926 1950 4981 ob-

299 5011 450 5068 stitit
481 5011 804 5085 quominus
843 5015 976 5068 ante
1006 5017 1438 5084 persecutorum
1491 5013 1798 5070 adventum
1832 5017 1950 5070 tra-

292 5100 500 5172 jiceret
545 5101 936 5158 Andronicus.
984 5100 1070 5158 Ita
1116 5101 1292 5158 miser
1350 5117 1487 5157 cum
1543 5101 1775 5158 duabus
1817 5120 1952 5160 mu-

295 5189 552 5248 lierculis
624 5190 1104 5264 comprehensus,
1176 5191 1235 5248 in
1314 5190 1643 5248 naviculam
1717 5191 1952 5250 vinctus

299 5279 632 5352 conjicitur.
676 5281 787 5338 Sed
820 5285 945 5337 tum
979 5296 1215 5353 quoque
1237 5286 1363 5337 erat
1388 5279 1756 5338 Andronicus
1782 5283 1951 5356 inge-

296 5370 499 5426 niosus
520 5373 578 5426 et
597 5369 842 5428 callidus
866 5370 968 5426 ille
999 5369 1384 5427 Andronicus.
1418 5371 1560 5426 Nam
1593 5386 1727 5428 cum
1763 5389 1953 5444 neque

300 5457 479 5528 pedes
508 5459 579 5514 ad
608 5459 808 5532 fugam
841 5474 1028 5532 neque
1059 5475 1270 5517 manus
1299 5464 1357 5518 et
1385 5477 1548 5518 arma
1589 5462 1661 5518 ad
1693 5479 1951 5535 pugnam

297 5548 691 5616 suppeterent,
725 5549 1072 5620 tragoediam
1106 5549 1246 5621 agit,
1279 5555 1338 5606 et
1367 5551 1675 5622 lugubrem
1700 5551 1952 5608 cantile-

296 5647 436 5691 nam
470 5633 806 5704 auspicatus
839 5635 1123 5692 tacundiaa
1153 5653 1317 5694 arma
1346 5638 1654 5709 depromit.
1694 5637 1952 5696 Comme-

2063 4831 2298 4909 μηδενὸς
2338 4829 2658 4904 διώκοντος,
2712 4831 3012 4893 συλλαϐεῖν
3087 4838 3178 4910 μὲν
3239 4837 3364 4896 οὔτε
3415 4839 3718 4917 ἐθάρῥησαν

2060 4924 2182 4982 οὕτε
2211 4926 2460 4981 ὁπωσοῦν
2494 4921 2815 4981 ἐδικαίωσαν
2864 4927 2980 5001 (τὸν
3025 4929 3129 5006 γὰρ
3181 4937 3322 5006 θῆρα
3367 4931 3460 4986 καὶ
3509 4933 3718 5010 γυμνὸν

2059 5014 2186 5071 ὄντα
2217 5018 2324 5070 τῶν
2380 5013 2730 5089 ἀμυντηρίων
2791 5013 2942 5072 οὐδὲν
3005 5015 3230 5074 ἔλαττον
3287 5017 3575 5092 ἐδεδίεσαν,
3617 5021 3720 5082 ,καὶ

2058 5105 2196 5178 πρὸς
2233 5102 2402 5177 μόνην
2439 5103 2540 5172 τήν
2595 5101 2799 5159 ἐκείνου
2859 5106 2982 5162 Θέαν
3034 5107 3452 5182 κατέπτησσον),
3509 5118 3617 5182 νῆα
3662 5108 3724 5167 δί

2061 5192 2448 5266 ἡτοιμάσαντο,
2490 5191 2582 5247 καὶ
2641 5190 2990 5268 ’Δνδρόνικος
3049 5197 3186 5270 μετὰ
3237 5203 3344 5254 τῶν
3409 5201 3500 5256 ὑπ’
3558 5199 3721 5256 αὐτὸν

2061 5277 2363 5358 ἐμϐέϐηκεν
2393 5281 2468 5342 εἷς
2501 5280 2693 5353 αὐτην.
2742 5284 2947 5360 Ὥσπερ
2991 5281 3050 5342 δὶ
3091 5285 3182 5342 καὶ
3227 5285 3507 5358 θαλάσσης
3555 5288 3724 5366 ἀγαν-

2061 5371 2334 5442 ακτούσης
2410 5371 2528 5426 κατ’
2604 5368 2972 5448 Ἀνδρονίκου,
3049 5375 3134 5432 δτι
3210 5377 3456 5452 σώμασιν
3519 5377 3722 5443 ἀθώοις

2060 5460 2186 5524 τοὺς
2218 5459 2384 5530 αὐτῆς
2417 5456 2663 5524 κόλπους
2719 5459 2995 5527 πολλάκις
3043 5461 3291 5540 ἔχρανεν,
3349 5466 3515 5546 ὀρθόν
3564 5489 3621 5524 τε
3657 5471 3722 5525 τὸ

2059 5554 2210 5625 κῦμα
2243 5548 2433 5606 ἳστατο
2479 5549 2567 5605 καὶ
2603 5549 2681 5616 εἰς
2723 5550 2912 5628 χάσμα
2972 5549 3214 5612 διίστατο
3283 5555 3375 5612 καὶ
3439 5563 3723 5615 καταπιεῖν

2061 5639 2219 5697 αὐτὸν
2250 5635 2579 5712 διανίστατο,
2623 5639 2715 5696 καὶ
2759 5642 2896 5718 πρὸς
2943 5643 3141 5720 χέρσον
3195 5647 3232 5718 ἡ
3289 5643 3420 5711 ναῦς
3477 5643 3725 5726 ἐξεϐράσ-
