4116 6206
300 308 424 370 ’709

1355 312 1457 375 DE
1501 309 2380 383 ANDRONICO,;COMNENO
2426 311 2578 374 LIB.
2625 312 2702 374 Ιῐ.

3599 316 3720 379 ’710

296 461 445 499 σετο.
507 441 611 498 Καὶ
662 443 825 496 τοῦτο
874 440 1148 506 πολλάκις
1202 443 1494 520 γενόμενον
1566 442 1808 499 ἐκώλυσε
1853 443 1952 511 τὴν

2072 450 2259 503 morat
2304 463 2477 519 quam
2539 446 2653 504 alto
2686 461 2899 520 genere
2957 446 3036 502 sit
3083 448 3269 513 ortus,
3321 451 3388 504 ut
3420 447 3720 508 nobilitate

297 528 653 604 'Avdpovixou
675 528 997 606 περαίωσιν,
1027 529 1132 595 ἕως
1156 533 1208 587 οἱ
1240 529 1693 607 καταληψόμενοι
1735 531 1961 602 ἐπέστη-

303 641 415 675 σαν.
470 618 631 677 Οὕτω
694 618 873 674 τοίνυν
922 622 950 675 ὁ
996 621 1166 684 τάλας
1248 619 1597 698 Ἀνδρόνικος
1680 621 1960 696 ωσχεθεὶς

294 708 507 780 ἀκατίῳ
537 708 991 785 παραρῥιπτεῖται
1054 714 1189 784 μετᾶ
1244 716 1352 765 τῶν
1408 715 1678 787 γυναικῶν
1711 710 1960 783 δέσμιος.

296 795 459 855 Ἀλλ’
489 796 559 865 ἧν
590 799 687 851 κάν
718 803 798 871 τῷ
849 799 971 853 τότε
1027 804 1203 874 καιρῷ
1236 798 1583 875 Ἀνδρόνικος
1616 802 1643 854 ὁ
1685 799 1956 874 πολύμη-

292 907 378 947 τις
410 886 617 949 ἐκεῖνος
648 887 736 941 καὶ
787 887 1062 966 περίφρων
1129 885 1502 964 Ἀνδρόνικος.
1563 888 1804 945 Συνιδὼν
1854 888 1959 965 γὰρ

299 976 373 1037 ὡς
404 974 569 1038 πόδες
602 978 706 1031 ούκ
733 976 891 1043 εἷσῖν,
943 978 1015 1039 ὡς
1084 983 1265 1054 χεῖρες
1318 977 1417 1033 ούκ
1466 979 1620 1048 εἰσὶν,
1681 977 1807 1035 οὐδὶ
1865 978 1962 1033 πά-

299 1082 448 1136 ρεστι
476 1061 631 1137 ξίφος
661 1063 739 1124 εἰς
769 1064 831 1118 τὸ
891 1060 1079 1136 δρᾶσαί
1121 1085 1174 1119 τι
1232 1070 1476 1141 γενναῖον
1539 1064 1630 1119 καὶ
1675 1062 1957 1139 διαδρᾶσαι

294 1150 421 1212 τοὺς
454 1147 857 1222 συλλαϐόντας,
894 1152 1238 1228 ὑποκρίνεται
1278 1150 1581 1231 τραγῳδίαν
1653 1151 1959 1228 δεξιοστροο

296 1242 478 1318 φήσας
527 1242 615 1313 [Ρ.
674 1243 801 1315 224]
894 1243 955 1296 τὸ
1035 1240 1332 1318 τρίχορδον
1391 1249 1491 1313 τῆς
1551 1245 1813 1320 φθογγῆς,
1868 1245 1955 1299 καὶ

294 1328 572 1404 θρηνῶδες
603 1326 746 1400 ᾅδειν
804 1351 857 1384 τι
922 1329 1088 1403 μέλος
1149 1331 1239 1388 καὶ
1299 1332 1595 1406 περιπαθὲς
1656 1327 1960 1388 ἀναϐάλλε-

296 1440 412 1491 ται,
489 1420 591 1481 τὰς
665 1417 904 1481 παλαιὰς
979 1419 1339 1498 πειθανάγκας
1416 1412 1775 1477 ἀνάτινᾶσσων
1867 1422 1958 1476 καὶ

298 1508 636 1589 περιτρέφων
704 1508 781 1574 ὠς
858 1507 1032 1581 δεξιὸς
1093 1510 1435 1587 μουσηγέτης
1520 1512 1731 1589 εὖήχου
1790 1512 1957 1589 ὁργά-

295 1619 392 1653 νου
465 1595 700 1675 χορδὰς,
769 1601 859 1653 καὶ
920 1600 1207 1676 καταλέγει
1274 1600 1553 1674 μελεάζων
1602 1603 1676 1665 ὡς
1733 1601 1959 1670 ἀηδόνες

294 1689 356 1743 τὸ
432 1685 589 1763 γένος
666 1690 739 1751 ὠς
818 1690 1051 1763 ὑψηλὸν,
1129 1690 1192 1745 τὸ
1268 1689 1471 1767 εὐγενὲς
1530 1692 1604 1753 ὡς
1656 1692 1789 1768 ὑπὲρ
1820 1692 1953 1756 τοὺς

2066 537 2242 609 vulgo
2293 540 2546 609 praestet,
2594 541 2660 593 ut
2717 536 2965 609 pristina
3022 535 3256 593 fortuna
3304 537 3479 607 felix;
3516 545 3580 595 ut
3610 556 3719 597 an-

2067 630 2257 682 teacta
2288 627 2428 695 vita,
2487 626 2760 699 quamvis
2804 625 2862 681 in
2897 626 3033 697 fuga
3068 631 3126 681 et
3154 626 3305 683 455
3339 628 3562 697 exsilio,
3598 646 3714 686 non

2069 718 2473 790 aspernanda;
2530 733 2707 789 quam
2797 714 3111 772 miserabili
3184 716 3513 774 calamitate
3585 724 3715 775 tum

2068 821 2383 877 oppressus
2412 810 2586 862 esset.
2629 806 2736 861 Eas
2785 804 3190 877 querimonias
3236 804 3550 878 ingeniosa:
3583 823 3718 862 mu-

2066 892 2319 950 liercula:
2344 911 2457 950 non
2499 894 2693 967 inepte
2745 894 3110 964 adjutabant,
3160 898 3217 949 et
3256 894 3426 950 veluti
3460 911 3716 966 praecen—

2066 983 2174 1038 tori
2203 983 2598 1039 succinebant.
2634 983 2744 1038 Sed
2779 983 2996 1038 frustra
3031 981 3127 1037 illa
3157 984 3354 1037 omnia
3393 988 3625 1039 astutus
3655 986 3713 1039 et

2030 1071 2388 1145 eversipellis
2448 1072 2815 1127 Andronicus
2885 1072 3225 1127 conabatur.
3287 1070 3431 1126 Nam
3490 1072 3712 1129 nefaria

2064 1161 2195 1234 ejus
2227 1161 2481 1217 facinora
2528 1161 2799 1217 lictorum
2847 1176 3018 1217 aures
3048 1161 3230 1215 veluti
3263 1175 3395 1216 cera
3442 1161 3711 1218 obstrue-

2065 1252 2227 1319 bant,
2306 1255 2372 1306 ut
2423 1249 2585 1305 nulla
2649 1250 2775 1321 ejus
2838 1249 3234 1305 misericordia
3310 1254 3713 1322 tangerentur,

2065 1340 2337 1413 quamvis
2386 1342 2621 1395 Sirenas
2661 1337 3022 1394 muliebriter
3069 1342 3169 1392 aut
3208 1336 3490 1395 fallaciter
3519 1341 3713 1411 potius

2064 1430 2430 1495 imitaretur;
2478 1427 2894 1499 iratoque‘Deo
2928 1426 3282 1483 Mercurium
3336 1427 3487 1497 moly
3528 1428 3710 1484 desti-

2062 1520 2192 1575 tuit.
2225 1522 2424 1591 Itaque
2458 1518 2515 1573 in
2560 1521 2786 1573 Anemae
2829 1514 3138 1572 castellum
3181 1514 3406 1572 duabus
3435 1517 3713 1589 gravibus

2062 1610 2282 1666 catenis
2306 1626 2439 1666 cum
2489 1608 2690 1664 ferreis
2728 1606 2874 1662 seris
2907 1606 3158 1678 superbo
3190 1604 3337 1660 collo
3368 1605 3621 1677 injectis,
3652 1611 3713 1661 et

2061 1698 2440 1771 compedibus
2496 1701 2791 1761 oneratus,
2852 1699 2915 1749 ut
2958 1695 3216 1766 captivos
3258 1695 3486 1749 tractari
3530 1695 3710 1751 moris

295 1778 572 1848 πολλοὺς,
592 1781 693 1849 τήν
747 1782 1017 1854 προτέραν
1074 1780 1253 1857 τύχην
1311 1781 1386 1843 ὡς
1445 1780 1671 1858 εὐτυχῆ,
1726 1782 1817 1837 τὸν
1858 1783 1952 1836 πάι

2062 1794 2173 1856 est,
2205 1787 2547 1859 conjicitur;
2582 1802 2769 1857 eoque
2799 1783 2999 1839 habitu
3032 1785 3096 1838 ad
3118 1783 3409 1839 Isaacium
3434 1785 3714 1855 perducto

294 1866 389 1923 λαι
448 1869 667 1944 βίοτον,
717 1868 814 1923 κᾶν
895 1867 1111 1940 πλάνης
1165 1869 1232 1938 ἦν
1291 1870 1377 1924 καὶ
1441 1869 1701 1943 ἀνέστιος,
1776 1866 1955 1944 μηδα-

299 1962 416 2032 μῶς
492 1952 755 2026 ἀϐίωτον,
808 1959 897 2012 καὶ
966 1960 1063 2028 τήν
1139 1958 1264 2014 τότε
1337 1964 1711 2035 κατασχοῦσαν
1794 1959 1953 2015 αύτον

291 2049 579 2126 συμῨορᾶν
635 2050 711 2111 ὡς
770 2047 893 2103 λίαν
961 2050 1119 2103 οὗσαν
1178 2048 1417 2123 οἰκτράν.
1492 2048 1850 2121 ’Λντᾳδούσας
1909 2048 1956 2105 δ’

293 2138 414 2213 εἶχε
460 2139 552 2193 καὶ
612 2142 675 2194 τὸ
730 2137 899 2213 μέλος
965 2141 1295 2216 γοερώτερον
1354 2138 1803 2209 διασκευαζούσας
1869 2138 1957 2195 οἶα

286 2229 456 2306 σοφὰς
482 2228 580 2290 τὰς
624 2234 907 2303 γυναῖκας·
946 2228 1035 2283 καὶ
1092 2230 1120 2283 ὁ
1180 2230 1275 2301 μὲν
1334 2231 1479 2305 ἦρχε
1528 2234 1637 2285 τῶν
1666 2228 1956 2306 θρηνῳδη-

290 2321 503 2395 μάτων,
540 2322 595 2376 αἱ
638 2318 694 2375 δὲ
726 2318 959 2395 αντῇδον
990 2320 1136 2394 αὐτῷ
1179 2323 1645 2379 συνυπακούουσαι
1676 2321 1765 2377 καὶ
1817 2343 1954 2397 συμ-

281 2410 626 2484 ψάλλουσαι.
656 2409 823 2467 Ἀλλ’
848 2411 914 2481 ἦν
948 2415 1114 2467 ταῦτα
1156 2410 1327 2466 πάντα
1380 2411 1556 2485 μάτην
1611 2412 1808 2485 μετιὼν
1864 2412 1953 2467 καὶ

280 2498 540 2570 διακενῆς
601 2500 948 2575 τεχνώμενος
1008 2501 1036 2554 ὁ
1125 2500 1388 2574 βαθύνους
1443 2502 1529 2554 καὶ
1602 2498 1952 2577 πολύτροπος

280 2587 661 2662 Ἀνδρόνικος“
710 2591 744 2644 ἃ
798 2590 898 2666 γὰρ
956 2588 1146 2644 ἀνόσια
1197 2586 1519 2663 διεπράξατο
1578 2588 1726 2665 ἔργα,
1785 2595 1955 2645 ταῦτα

286 2677 425 2732 ὠσεὶ
483 2678 659 2753 κηρὸς
712 2678 808 2739 τὰς
879 2681 986 2732 τῶν
1067 2678 1409 2756 κατεχόντων
1469 2675 1628 2731 αὐτὸν
1698 2673 1950 2734 ἐπέϐυσεν

282 2767 476 2837 ἀκοᾶς,
507 2766 597 2821 καὶ
630 2763 809 2830 οὐδεὶς
838 2763 1026 2821 οὐδένα
1067 2767 1252 2830 οἶκτος
1281 2765 1474 2841 είσῂει,
1508 2763 1624 2821 οὐδ’
1677 2765 1951 2843 ’ἐνήχησις

281 2859 350 2929 ἦν
384 2860 458 2914 ὧν
489 2860 625 2914 κατᾶ
666 2865 933 2933 Σειρῆνας
962 2856 1235 2933 ἐμελῴδει
1292 2856 1644 2934 γυναικωδῶς
1696 2857 1791 2913 ε’ἒτ’
1864 2860 1954 2915 οὗν

288 2948 552 3011 ὑπούλοις
601 2949 690 3003 καὶ
772 2946 1014 3023 δολερῶς
1083 2948 1253 3003 εἰπεῖν
1310 2948 1666 3024 οἰκειότερον,
1743 2949 1831 3003 καὶ
1890 2950 1953 3003 τὸ

289 3038 454 3112 μῶλυ
506 3039 597 3094 τὸν
678 3040 889 3115 Ἑρμῆν
947 3037 1270 3094 ἐπιλέλοιπε
1326 3043 1422 3094 τοῦ
1497 3039 1641 3094 θείου
1698 3039 1953 3113 μηνίσαν-

2064 1876 2503 1934 contumeliosis
2533 1875 2725 1931 verbis
2773 1872 3111 1943 insultatur,
3154 1873 3337 1945 alapae
3369 1873 3710 1944 impingun-

2063 1971 2180 2033 tur,
2206 1971 2373 2021 nates
2420 1964 2748 2036 pulsantur,
2792 1962 2973 2018 barba
3004 1961 3257 2029 vellitur,
3300 1962 3503 2016 dentes
3532 1978 3709 2017 excu-

2062 2057 2309 2123 tiuntur,
2343 2052 2537 2126 capilli
2580 2050 2925 2107 evelluntur.
2988 2050 3224 2105 Publice
3256 2050 3519 2105 omnium
3552 2048 3712 2103 ludi-

2064 2144 2201 2200 briis
2230 2143 2527 2216 expositus
2554 2142 2725 2197 etiam
2759 2158 2790 2195 a
2820 2136 3167 2196 mulieribus
3202 2138 3416 2209 pugnis
3447 2138 3708 2207 caeditur,

2062 2234 2135 2289 iis
2202 2233 2520 2305 praesertim
2558 2246 2802 2302 quarum
2865 2227 3107 2282 maritos
3154 2234 3255 2283 aut
3286 2226 3577 2282 occiderat
3609 2228 3711 2283 aut

2062 2326 2394 2379 excazcarat.
2430 2320 2645 2376 Deinde
2679 2318 2917 2391 praecisa
2947 2318 3186 2372 dextera
3226 2316 3282 2371 in
3316 2316 3469 2371 idem
3497 2314 3707 2370 castel-

2062 2413 2184 2468 lum
2208 2412 2527 2479 reducitur,
2561 2409 2687 2464 sine
2717 2408 2866 2474 cibo,
2890 2407 3016 2461 sine
3050 2406 3341 2478 potu,aiue
3375 2404 3705 2475 ullocujus-

2061 2518 2231 2572 quam
2279 2499 2490 2553 officio.
2538 2498 2673 2552 Post
2707 2496 2929 2567 aliquot
2975 2494 3127 2551 456
3174 2494 3297 2548 dies
3328 2492 3507 2550 altero
3538 2491 3707 2548 oculo

2061 2589 2293 2656 effosso,
2341 2586 2606 2644 scabioso
2638 2585 2855 2641 camelo
2898 2584 3214 2655 impositus
3245 2599 3347 2654 per
3378 2584 3567 2638 forum
3597 2582 3707 2639 tri-

2062 2678 2265 2751 umphi
2295 2678 2485 2751 specie
2516 2677 2860 2742 traducitur,
2890 2672 3051 2729 calva
3082 2672 3287 2745 glabra
3317 2672 3503 2729 instar
3533 2673 3707 2729 aridae

2062 2785 2309 2840 quercus
2356 2771 2411 2822 et
2442 2783 2546 2822 ovo
2579 2764 2870 2834 nitidiore,
2921 2768 2979 2818 et
3009 2762 3164 2818 brevi
3201 2761 3458 2818 tunicula
3492 2767 3705 2830 tectus,

2062 2856 2461 2930 spectaculum
2510 2852 2860 2914 miserabile.
2929 2853 3080 2923 quod
3124 2851 3278 2906 rivos
3315 2850 3706 2924 lacrymarum

2060 2949 2264 3005 elicere
2296 2951 2467 3019 queat
2496 2962 2562 3001 cx
2608 2943 2794 3000 oculis
2842 2960 2956 2998 non
2991 2940 3345 2997 inhumanis.
3396 2942 3505 2997 Sed
3540 2942 3705 2998 stoli-

2059 3039 2283 3095 dissimi
2316 3044 2369 3093 et
2402 3030 2856 3109 petulantissimi
2892 3031 3055 3086 urbis
3107 3030 3327 3098 incolae,
3381 3032 3704 3103 praesertim

285 3146 403 3186 τος.
446 3129 561 3200 (21)
594 3127 731 3200 Εἶχε
768 3126 947 3181 τοίνυν
982 3131 1174 3183 τοῖτον
1270 3131 1366 3180 τοῦ
1424 3128 1625 3201 ’Λνεμᾶ
1677 3126 1946 3206 λεγομένη

2068 3129 2329 3193 fartores,
2357 3124 2610 3188 coriarii,
2657 3121 2893 3194 opiﬁces
2943 3126 2999 3176 et
3034 3120 3496 3176 circumforanea
3529 3122 3711 3177 sordi-

286 3216 521 3296 φρουρὰ,
558 3212 677 3269 δυσὶ
708 3217 963 3291 παχείαις
997 3215 1218 3270 ἁλύσεσι
1274 3216 1367 3270 τὸν
1419 3216 1639 3290 aettem
1678 3217 1951 3293 βαρούμε-

282 3326 379 3364 νον
404 3304 716 3381 τράχηλον,
772 3306 859 3378 ὑφ’
888 3306 962 3360 ὧν
998 3305 1051 3359 οἱ
1107 3303 1161 3359 ἐν
1194 3303 1597 3380 δεσμωτηρίοις
1635 3305 1948 3378 σιτούμενοι

280 3398 503 3458 λέοντες
534 3396 673 3467 μετὰ
727 3392 995 3468 σιδηρείων
1052 3393 1256 3450 κλοιῶν
1318 3394 1660 3473 συνέχονται,
1718 3395 1809 3451 καὶ
1863 3398 1952 3451 πέο

281 3485 405 3549 δαις
437 3488 566 3547 τοὺς
598 3483 768 3548 πόδας
801 3484 1161 3558 κοινούμενον.
1221 3486 1609 3559 Ἐμφανισθεὶς
1671 3483 1728 3542 δὲ
1779 3486 1952 3551 οὕτως

278 3571 431 3655 ἔχων
492 3574 582 3629 καὶ
642 3575 917 3649 παραστὰς
990 3575 1246 3646 Ἰσαακίῳ
1327 3578 1404 3645 τῷ
1463 3574 1682 3650 βασιλεῖ
1760 3570 1949 3650 ὕϐρεσι

289 3662 583 3741 βάλλεται,
653 3663 788 3718 κατὰ
840 3661 1045 3737 κὸῤῥης
1126 3661 1427 3737 ῥαπίζεται,
1493 3662 1621 3725 τοὺς
1679 3661 1948 3740 γλουτοὺς

275 3753 652 3829 ἐπικρούεται,
682 3754 783 3822 την
816 3751 968 3829 γένυν
1024 3751 1295 3824 τίλλεται,
1348 3750 1479 3813 τους
1547 3750 1771 3818 ὀδόντας
1801 3751 1950 3830 ἐκρι⁴

275 3848 498 3914 ζοῦται,
556 3843 661 3911 τὴν
718 3841 966 3921 κεφαλὴν
1027 3839 1286 3913 ιῲιλοῦται
1342 3845 1577 3916 τριχῶν,
1647 3842 1723 3905 εἷς
1772 3843 1951 3898 κοινὸν

275 3930 559 3990 ἐκδίδοται
614 3932 864 4006 παίγνιον
918 3935 1049 3985 πΞσι
1097 3936 1214 3992 τοῖς
1276 3929 1646 4001 συνελθοῦσιν,
1693 3931 1951 4008 ἐμπαροι-

276 4030 460 4080 νεῖται
510 4024 598 4079 καὶ
646 4022 747 4077 ὑπὸ
785 4026 1050 4099 γυναικῶν
1096 4023 1185 4077 καὶ
1237 4022 1495 4078 τύπτεται
1528 4027 1764 4098 πυγμαῖς
1814 4024 1952 4080 κατὰ

279 4115 592 4186 στόματος,
647 4113 734 4166 καὶ
789 4110 997 4167 τούτων
1076 4112 1271 4165 ὁπόσαι
1354 4109 1592 4184 μάλιστα
1648 4112 1681 4182 ἦ
1740 4113 1949 4186 θανάτῳ

279 4205 384 4260 ὑπ’
417 4200 768 4278 Ἀνδρονίκου
826 4197 1165 4257 ἀπεϐάλοντο
1225 4200 1351 4263 τοὺς
1402 4201 1685 4265 συνεύνους
1721 4200 1757 4272 ἤ
1817 4202 1948 4266 τοὺς

269 4291 614 4372 ὀφθαλμοὺς
694 4286 1134 4365 ἀπεσϐεσμένους
1210 4285 1507 4349 ἀπέλαϐον.
1572 4292 1796 4347 Ἔπειτα
1849 4294 1949 4362 τὴν

273 4381 464 4451 δεξιὰν
510 4387 672 4458 χεῖρα
723 4377 941 4436 πελέκει
999 4379 1299 4441 ἄποκοπεῖς
1354 4379 1807 4455 παραρῥιπτεῖται
1854 4380 1950 4434 αὗ-

274 4474 372 4532 θις
428 4475 497 4545 τῇ
556 4469 693 4543 αὐτῇ
748 4467 987 4547 φυλακῇ,
1047 4466 1254 4541 ἄσιτος,
1312 4467 1533 4540 ἄποτος,
1580 4469 1667 4522 ὑπ’
1725 4465 1947 4532 οὐδενὸς
1981 4508 2027 4572 D

435 4558 454 4572 κ
608 4559 618 4572 ,
829 4564 856 4572 -
981 4558 995 4572 .
1106 4562 1132 4572 -
1366 4554 1427 4572 κ..
1542 4558 1674 4572 ..ιη
1749 4560 1761 4572 .
1837 4554 1848 4572 1

280 4558 732 4635 μεταλαγχοὶνων
794 4564 890 4627 τῆς
950 4558 1165 4612 οἳασοῦν
1223 4554 1484 4629 κομιδῆς.
1541 4558 1674 4613 Μεθ’
1738 4554 1948 4633 ἡμέρας

196 4700 203 4705 ,
276 4646 345 4704 δέ
377 4668 529 4711 τινας
560 4647 651 4702 καὶ
706 4647 798 4700 τὸν
829 4642 1013 4720 ἕτερον
1062 4650 1167 4700 τῶν
1236 4644 1536 4724 ὀφθαλμῶν
1589 4644 1948 4721 ὲξορύττεται,

276 4738 381 4795 καὶ
416 4736 690 4797 καθεσθεῖς
724 4735 810 4790 ἐπὶ
842 4734 1100 4809 καμήλου
1131 4735 1434 4810 ψιυριώσης
1482 4731 1571 4789 διὰ
1600 4741 1700 4804 τῆς
1747 4735 1949 4810 ἀγορᾶς

279 4822 709 4904 θριαμϐεύεται,
730 4825 866 4881 κατὰ
894 4820 1219 4900 γεράνδρυον
1252 4820 1517 4901 ἄφυλλον,
1563 4822 1675 4879 ὡοῦ
1724 4823 1943 4899 ψιλότε-

282 4940 390 4995 ρον
423 4914 699 4990 ἂκαλυςνές
738 4936 796 4971 τε
817 4915 1122 4969 παντάπασι
1172 4913 1388 4989 κρανίον
1444 4914 1782 4988 προφαίνων,
1856 4917 1946 4970 καί

286 5010 502 5083 βραχεῖ
550 5007 735 5082 ῥαχίῳ
784 5004 845 5060 τὸ
906 5007 1063 5077 σῶμα
1118 5003 1476 5074 σκεπόμενος,
1511 5004 1684 5075 θέαμα
1715 5003 1948 5060 ἐλεεινὸν

270 5097 377 5152 καί
435 5095 615 5172 πηγὰς
668 5092 828 5150 ἕλκον
894 5090 1138 5168 δακρύων
1191 5092 1422 5166 ἡμέροις
1478 5087 1737 5165 ὄμμασιν.
1787 5092 1946 5150 Ἀλλ’

276 5187 337 5241 οἱ
366 5183 718 5256 ὠηθέστατοι
749 5181 838 5238 καὶ
878 5178 1323 5236 ἀπαιδευτὸτατοι
1372 5186 1475 5249 τῆς
1535 5181 1945 5238 Κωνσταντίνου

273 5273 596 5349 οἰκήτορες,
629 5273 726 5328 καὶ
771 5271 979 5328 τούτων
1032 5270 1084 5325 oi.
1139 5265 1563 5324 ἀλλτιντοπῶλαι
1621 5269 1796 5326 πλέον
1853 5272 1943 5326 καὶ

273 5360 641 5441 βυρσοδέψαι,
673 5360 764 5415 καὶ
831 5360 949 5415 ὅσοι
1006 5362 1123 5422 τοῖς
1176 5357 1502 5429 καπηλείοις
1560 5354 1944 5434 διημερεύουσι

2066 3220 2255 3291 daque
2286 3216 2475 3281 turba,
2535 3227 2869 3269 muscarum
2904 3211 3088 3265 instar
3140 3226 3313 3265 verno
3345 3217 3603 3282 tempore
3634 3211 3705 3265 ad

2064 3306 2341 3363 mulctras
2379 3309 2435 3361 et
2488 3302 2730 3377 pinguia
2769 3299 3003 3373 cymbia
3042 3298 3495 3369 convolantium,
3547 3299 3709 3356 nulla

2061 3397 2282 3453 ratione
2342 3394 2540 3450 habita
2588 3391 2744 3463 quod
2784 3391 2835 3446 is
2890 3389 3321 3446 nudiustertius
3372 3389 3704 3460 imperator,

2061 3485 2218 3559 regio
2250 3485 2573 3540 diademate
2599 3484 2862 3547 ornatus,
2893 3480 2964 3535 ab
3001 3478 3276 3535 omnibus
3307 3476 3579 3533 laudatus
3611 3493 3703 3533 ce-

2059 3575 2336 3638 lebratus,
2363 3574 2637 3629 adoratus
2661 3575 2835 3634 esset,
2863 3569 3136 3640 quodque
3168 3566 3706 3635 sanctissimojure-

2051 3664 2307 3736 jurundo
2339 3663 2512 3717 ﬁdem
2564 3663 2620 3716 et
2657 3655 3119 3715 benevolentiam
3172 3671 3338 3709 suam
3380 3670 3511 3723 erga
3538 3652 3703 3709 illum

2059 3753 2253 3809 testati
2273 3745 2973 3817 essent,etl‘eratisanimis
2995 3743 3123 3800 sine
3149 3742 3264 3798 ulla
3291 3744 3516 3797 ratione
3533 3758 3707 3797 ruen-

2058 3847 2169 3913 tes,
2204 3839 2348 3897 nihil
2382 3839 2517 3895 mali
2544 3835 3168 3912 prmtermiseruntquo
3192 3831 3582 3887 Andronicum
3604 3848 3705 3902 per

2058 3932 2224 3988 nefas
2240 3948 2350 3986 non
2367 3925 2799 3985 alticerent.Ahi
2821 3923 3009 3979 clavas
3034 3923 3091 3977 in
3124 3921 3704 3993 caputejusimpege-

2058 4020 2214 4077 runt,
2231 4011 2361 4067 aliis
2391 4014 2644 4065 stercore
2659 4021 2825 4061 nares
2841 4004 2968 4074 ejus
2984 4000 3394 4063 fmdarunt,alii
3423 4000 3700 4072 spongias

2058 4099 2440 4157 excrementis
2463 4097 2609 4151 407
2629 4093 2934 4149 hominum
2977 4095 3034 4145 et
3066 4088 3352 4161 pecudum
3375 4088 3615 4143 fmdatas
3642 4088 3699 4144 in

2060 4193 2260 4248 faciem
2281 4189 2410 4260 ejus
2432 4181 2969 4259 expresserunt,alii
2993 4180 3182 4235 verbis
3197 4179 3465 4235 obscenis
3486 4194 3700 4250 pareno

2059 4288 2143 4339 tes
2174 4264 2302 4352 ejus
2333 4275 2601 4333 insectati
2635 4278 2791 4329 sunt.
2820 4272 2993 4327 Erant
3021 4274 3078 4325 et
3109 4268 3207 4341 qui
3239 4269 3492 4323 verubus
3519 4267 3701 4324 latera

2058 4372 2185 4442 ejus
2222 4370 2564 4441 pungerent.
2614 4360 3076 4432 lmpudentiores
3128 4357 3363 4428 quidam
3407 4356 3704 4425 lapidibus

2059 4458 2335 4529 conjectis
2366 4454 2631 4511 rabidum
2657 4465 2858 4507 canem
2885 4445 3704 4519 eumappellabant.8cortum

2061 4546 2355 4621 quoddam
2374 4543 2688 4616 impudens
2702 4539 2874 4595 ollam
2894 4537 3129 4593 ferventi
3148 4552 3299 4607 aqua
3314 4534 3476 4608 plena
3489 4551 3543 4589 m
3563 4551 3592 4589 e
3609 4551 3705 4590 cu-

2059 4639 2177 4694 lina
2202 4634 2494 4708 raptamin
2513 4632 2709 4687 faciem
2736 4630 2861 4700 ejus
2883 4625 3294 4682 effudit.Ncmo
3313 4624 3564 4697 denique
3578 4629 3705 4682 erat

2060 4728 2199 4801 quin
2262 4724 2628 4780 malefaceret
2679 4717 3029 4776 Andronico.
3086 4716 3167 4772 ita
3218 4716 3609 4788 ignominioso
3642 4716 3700 4772 in

2060 4819 2353 4874 theatrum
2387 4810 2632 4870 ridiculo
2656 4808 2951 4881 triumpho
2981 4807 3350 4879 perductum,
3392 4822 3457 4860 ac
3489 4804 3701 4859 misere

2060 4907 2157 4963 illo
2190 4903 2407 4963 camelo
2424 4903 2774 4967 detractum,
2790 4902 2957 4970 juxta
2972 4897 3119 4951 duas
3135 4892 3702 4963 columellasquibus

2060 5012 2310 5070 superne
2372 4992 2521 5065 lapis
2580 4988 2889 5053 incumbit,
2938 5001 3117 5057 prope
3156 4999 3374 5039 aeneam
3417 4981 3611 5050 lupam
3646 4984 3702 5034 et

2058 5068 2345 5160 hymnum,
2393 5099 2519 5154 qua)
2570 5079 2798 5135 inﬂexis
2840 5075 3164 5131 cervicibus
3213 5071 3378 5141 quasi
3421 5068 3601 5123 altera
3640 5068 3699 5122 in

2058 5155 2294 5232 alteram
2328 5173 2613 5244 impetum
2638 5170 2862 5223 factura
2893 5162 3197 5218 concitatae
3227 5155 3699 5227 astant,pedibus

2056 5263 2428 5337 suspendunt
2468 5260 2605 5315 tune
2640 5253 2917 5326 alligatis.
2952 5254 3057 5305 Tot
3090 5248 3244 5303 mala
3275 5260 3607 5318 perpessus,
3642 5248 3702 5300 et

2056 5355 2170 5411 alia
2193 5356 2463 5408 sexcenta
2495 5363 2622 5419 quae
2664 5339 3168 5416 praetermisimus,
3188 5341 3383 5390 tamen
3419 5348 3698 5407 generoso

1630 5501 1822 5569 Hier.
1859 5500 2111 5571 Wolfii
2146 5500 2359 5565 notae.

310 5615 455 5729 K21)
484 5651 650 5720 Quod
679 5611 829 5711 alter
861 5652 1239 5732 μεταφορῖκῶς
1263 5647 1487 5720 scribit,
1520 5645 1672 5704 alter
1690 5641 1886 5708 ἁπλῶς
1919 5662 1949 5702 v

2060 5650 2145 5702 tur
2177 5636 2492 5714 accepisse.
