4116 6206
444 326 553 387 711

1762 313 2081 377 NICETIE
2122 310 2558 376 CHONIATJE

3721 314 3835 377 712

439 460 632 519 adhuc
669 456 865 513 animo
904 453 1066 509 illata
1095 450 1250 509 mala
1278 450 1583 517 tolerabat.
1615 465 1681 507 ac
1709 452 1903 506 mente
1929 449 2076 505 inte-

2206 443 2294 499 ιάκ
2319 448 2427 501 τῶν
2457 441 2815 518 καττυμάτων
2850 442 3090 513 ἀποζῶσι
3121 440 3410 521 γλίσχρως
3439 442 3530 498 καὶ
3596 450 3713 508 ταῖς
3745 445 3838 522 ῥα-

443 569 549 625 gra
578 549 650 606 ad
700 544 1039 602 afﬂuentem
1070 542 1300 597 turbam
1323 543 1380 596 et
1401 540 1703 597 ferientem
1741 554 2083 607 conversus,

442 639 589 698 nihil
619 636 851 694 dicebat
870 632 1029 689 aliud
1063 630 1210 689 nisi:
1243 630 1396 688 458
1415 653 1442 681 «
1468 628 2035 699 Domine,miserere,
2056 649 2085 678 »

441 737 532 787 et:
565 750 595 778 ‹‹
627 725 773 790 Quid
825 722 1120 779 calamum
1151 722 1468 778 contritum
1520 719 1879 793 infringitis?
1906 741 1934 770 »
1967 719 2086 775 Cm-

439 827 627 875 terum
660 811 1105 871 dementissima
1137 809 1336 883 populi
1369 810 1564 879 turba,
1598 824 1670 865 ne
1701 814 1826 865 tum
1848 809 2086 882 quidem

440 905 830 965 afﬂictissimo
850 901 1107 975 pepercit
1136 899 1481 969 Andronico,
1499 903 1812 972 postquam
1844 897 2089 971 pedibus

438 1010 766 1069 suspensus
816 991 946 1060 fuit,
1007 990 1108 1047 sed
1154 989 1379 1063 direpta
1422 987 1688 1044 tunicula
1733 986 1923 1044 virilia
1959 988 2089 1060 ejus

439 1086 783 1152 vexavit;et
830 1080 1067 1152 quidam
1117 1078 1292 1134 homo
1315 1077 1574 1134 nefarius
1615 1078 1852 1148 longum
1891 1092 2089 1133 ensem

439 1192 539 1248 per
570 1174 765 1230 fauces
796 1171 921 1241 ejus
942 1184 1130 1242 usque
1156 1168 1223 1224 ad
1252 1166 1537 1224 intestina
1557 1166 1771 1239 adegit.
1804 1170 1924 1223 Duo
1954 1182 2088 1225 vero

338 1256 343 1263 ’
441 1263 633 1322 Latini
660 1259 889 1334 generis
918 1274 1112 1326 enses,
1151 1258 1441 1313 ambabus
1462 1255 1661 1312 annixi
1695 1256 1993 1323 manibus,
2027 1255 2088 1312 in

441 1359 609 1410 nates
639 1353 768 1423 ejus
819 1349 1161 1418 adegerunt,
1194 1351 1257 1403 ut
1296 1345 1619 1417 periculum
1666 1346 1921 1402 tacerent
1962 1349 2091 1402 uter

440 1446 597 1500 esset
638 1440 880 1509 acutior,
936 1437 1093 1494 ictus
1133 1435 1475 1492 dexteritate
1523 1433 1778 1507 gloriati.
1829 1434 1966 1491 Post
2004 1439 2091 1492 tot

441 1546 737 1589 erumnas
792 1531 849 1584 et
902 1526 1100 1583 clades
1130 1540 1280 1596 aagre
1335 1524 1513 1580 vitam
1554 1523 1811 1596 abrupit,
1858 1524 2091 1580 dextera

442 1636 579 1681 cum
611 1618 810 1675 dolore
841 1616 913 1672 ad
946 1630 1011 1671 os
1054 1615 1307 1682 admota,
1354 1616 1421 1669 ut
1459 1611 1621 1669 multi
1656 1616 1929 1685 putarent
1957 1629 2091 1669 eum

443 1709 697 1766 calidum
722 1723 791 1762 ex
820 1722 888 1762 ea
917 1703 1267 1775 sanguinem
1287 1702 1358 1758 ob
1405 1705 1694 1759 recentem
1726 1700 1958 1777 plagam
1990 1702 2093 1759 ad-

445 1792 564 1848 huc
594 1787 973 1845 distillantem
1007 1800 1306 1857 exsugere.

2197 531 2310 613 φίσι
2342 532 2435 588 τὸν
2463 529 2625 609 ἄρτον
2662 536 2857 596 στενῶς
2909 529 3263 608 συλλέγουσι,
3319 533 3436 589 κατ’
3493 527 3644 589 ἔθνεα
3686 555 3838 590 συνα-

2197 622 2533 695 θροισθέντες
2566 626 2737 697 μυιῶν
2767 622 2824 677 αἳ
2856 622 2988 686 τοὺς
3042 621 3282 698 γαυλοὺς
3328 621 3841 699 ἀμφιπεριίπτανται

2196 704 2352 787 ἔαρος
2382 712 2472 767 καὶ
2503 711 2886 787 περιχαίνουσι
2938 711 3006 766 τά
3062 708 3263 767 πιαλία
3319 706 3597 782 κισσύϐια,
3631 710 3771 786 μηδᾶ
3815 736 3845 769 α

2197 796 2364 877 λόγον
2405 801 2628 873 θέμενοι
2660 798 2710 855 εἲ
2758 797 3017 875 βασιλεὺς
3049 798 3208 863 οὗτος
3240 799 3347 876 πρὸ
3375 799 3568 875 τρίτης
3604 802 3697 855 καὶ
3752 802 3846 878 βα-

2198 886 2389 963 σιλείῳ
2413 885 2712 963 διαδήματι
2743 886 3142 964 περιδοόμενος
3171 887 3264 943 καὶ
3296 888 3369 951 ὡς
3427 890 3613 964 σωτήρ
3647 890 3846 963 ὑμνού-

2202 998 2361 1051 μενος
2395 978 2497 1034 tua
2537 983 2752 1034 παντων
2817 977 3302 1055 ἀνευφημούμενός
3362 997 3423 1034 τε
3478 978 3570 1033 καὶ
3621 997 3850 1053 προσκυο

2206 1069 2481 1143 ιοόμενος,
2519 1070 2608 1125 καὶ
2669 1068 2746 1131 ὡς
2804 1067 3130 1148 φρικώδεσιν
3189 1068 3378 1146 ὅρκοις
3430 1070 3532 1138 τὴν
3594 1067 3647 1131 ἔς
3704 1072 3852 1127 αὐτὸν

2198 1155 2525 1213 ένεπέδωσαν
2558 1159 2737 1214 πίστιν
2771 1157 2861 1213 καὶ
2893 1155 3127 1231 εὔνοιαν,
3184 1157 3378 1235 ἀλόγῳ
3444 1155 3503 1214 δὲ
3562 1159 3717 1232 θυμῷ
3766 1160 3849 1217 καὶ

2197 1245 2643 1324 παραλογωτέρῳ
2686 1248 2775 1304 νοῒ
2830 1246 3121 1327 φερόμενοι
3190 1244 3342 1303 οὐδέν
3400 1268 3453 1301 τι
3514 1252 3623 1304 τῶν
3676 1254 3847 1305 κακῶν

2198 1334 2443 1392 ἐνέλιπον
2488 1335 2519 1391 ὅ
2551 1338 2628 1410 μὴ
2694 1336 2773 1399 είς
2832 1333 3179 1416 Ἀνδρόνικον
3234 1336 3462 1399 ἀνοσίως
3523 1335 3849 1413 εἰργάσαντο.

2198 1427 2265 1483 Οἱ
2300 1427 2394 1499 μὶν
2427 1426 2531 1503 γάρ
2560 1426 2698 1482 κατὰ
2733 1424 2979 1499 κεφαλῆς
3035 1426 3287 1503 κορύναις
3345 1426 3506 1482 αὐτὸν
3565 1422 3852 1499 ἕπληττον,

2200 1517 2253 1573 οἱ
2284 1514 2342 1572 δὶ
2374 1512 2660 1593 βολϐίτοις
2687 1517 2785 1581 τὰς
2817 1516 3025 1573 ἐκείνου
3068 1517 3221 1594 ῥῖνας
3247 1515 3541 1592 ὶμόλυνον,
3571 1516 3738 1574 ἄλλοι
3771 1516 3853 1575 διὰ

2204 1606 2456 1683 σπόγγων
2518 1605 2737 1681 λύματα
2794 1606 3074 1682 γαστέρων
3106 1608 3191 1680 [Ρ.
3244 1610 3370 1682 225]
3419 1607 3615 1683 βοείων
3647 1609 3737 1664 καὶ
3769 1608 3853 1664 ἀνα

2204 1695 2488 1773 θρωπείων
2567 1699 2677 1751 τῶν
2756 1695 2933 1771 ὄψεων
2997 1694 3205 1752 ἐκείνου
3285 1696 3575 1777 κατέχεον.
3641 1703 3849 1775 Ἐτεροι

2126 1770 2172 1835 Β
2200 1770 2773 1860 αίσχορῥημονοῦντες
2806 1770 3198 1858 ίὲκακολόγουν
3257 1785 3308 1848 ἐς
3374 1770 3475 1855 τῆν
3528 1785 3740 1863 μητέρα
3766 1770 3856 1843 καὶ

450 1881 543 1935 τὸν
598 1875 795 1933 λοιπὸν
852 1880 959 1930 τῶν
1015 1872 1239 1929 τοκέων.
1282 1874 1452 1930 Ἦσαν
1499 1870 1551 1927 ο’ί
1582 1872 1671 1928 καὶ
1705 1867 2014 1936 ὀϐελίσκοις
2074 1870 2289 1952 ἔπειραν
2344 1874 2507 1930 αὐτοῦ
2562 1876 2659 1939 τάς
2723 1874 2988 1952 πλευράς.
3046 1876 3113 1933 Οἱ
3169 1872 3217 1930 δ’
3284 1874 3654 1954 ἀναιδέστεροι
3711 1878 3855 1943 λιθο-

455 1971 804 2027 λευστοῦντες
837 1966 972 2021 κόνα
999 1963 1286 2037 ὠνόμαζον
1346 1962 1685 2038 λυσσητῆρα.
1749 1963 1860 2021 Μία
1918 1960 1974 2019 δέ
2029 1986 2113 2029 τις
2179 1968 2411 2043 πορνικὴ
2454 1966 2589 2044 γυνὴ
2648 1965 2738 2022 καὶ
2778 1965 3082 2030 ἀκόλαστος
3138 1966 3402 2042 κεράμιον
3434 1970 3644 2044 θερμοῦ
3675 1966 3858 2031 ὕδατος

453 2067 664 2135 πλῆρες
720 2059 1077 2134 ἁρπασαμένη
1136 2053 1187 2129 ἒξ
1246 2054 1536 2111 ὀπτανείου
1582 2059 1689 2110 τῶν
1744 2054 1946 2111 ἐκείνου
2004 2058 2334 2113 κατεκένωσε
2388 2063 2645 2132 παρειῶν.
2703 2060 2811 2114 Καὶ
2870 2055 3048 2121 οὐδεὶς
3106 2059 3172 2129 ἦν
3211 2059 3270 2121 δς
3323 2057 3424 2114 οὐκ
3464 2058 3533 2129 ἧν
3601 2059 3690 2115 ιπί
3743 2061 3856 2117 ’Λνο

452 2148 692 2225 δρονίκῳ
744 2147 1063 2209 κακοποιός.
1126 2144 1233 2202 Καὶ
1294 2144 1469 2207 οὕτως
1529 2143 1739 2219 ἀτίμως
1807 2144 1892 2200 ἐπὶ
1954 2146 2017 2202 τὸ
2074 2146 2294 2223 θέατρον
2344 2147 2616 2223 ἀπαχθεὶς
2668 2149 2805 2222 μετᾶ
2874 2145 3216 2226 γελοιώδους
3276 2143 3546 2226 θριάμϐου
3620 2150 3710 2205 καὶ
3759 2147 3855 2205 τοῦ

454 2240 680 2316 οἰκτροῦ
712 2237 919 2293 ἐκείνου
948 2231 1409 2308 καὶπαιζομὲνου
1484 2233 1574 2289 ἐπὶ
1647 2233 1908 2309 καμήλου
1961 2236 2284 2310 ὑψώματος,
2360 2239 2494 2313 ὅπερ
2569 2235 2772 2303 ἄνωθεν
2841 2232 3041 2309 κατέϐη
3121 2238 3467 2315 αὐτόχρημα,
3540 2238 3600 2294 έκ
3669 2235 3851 2294 ποδῶν

450 2329 764 2405 ἀναρτᾶται,
820 2331 984 2383 τινῶν
1042 2325 1356 2400 ἀναψάντων
1402 2322 1463 2379 ἐκ
1519 2322 1796 2402 φελλόρας
1826 2322 2103 2381 καλώδιον
2167 2328 2304 2383 κατὰ
2333 2326 2460 2391 τοὺς
2489 2327 2613 2403 περὶ
2671 2327 2767 2390 τάς
2799 2327 3098 2391 έπικλινεῖς
3128 2329 3220 2384 τὸν
3259 2327 3540 2405 τράχηλον
3598 2327 3659 2384 ἐκ
3706 2326 3852 2403 χαλ-

450 2422 551 2475 κοῦ
581 2415 959 2490 πεποιημένας
993 2413 1248 2470 λύκαιναν
1275 2412 1366 2468 καὶ
1418 2412 1604 2468 ὕαιναν
1660 2411 1938 2485 ἀλλήλαις
1991 2412 2420 2482 ἀντιϐλεπούσας
2490 2417 2582 2472 καὶ
2656 2418 2795 2491 πρὸς
2871 2417 3039 2492 ὀργῆν
3117 2419 3469 2496 ἠγριωμένας
3539 2415 3860 2491 ἱσταμένους

458 2505 554 2563 δύο
586 2504 910 2568 στ’)λίσκους
984 2504 1076 2559 καὶ
1151 2502 1307 2567 λίθον
1384 2502 1728 2576 ἐπικείμενον
1803 2499 2049 2567 ἔχοντας.
2081 2506 2332 2561 Τοσαῦτα
2363 2503 2420 2560 δὶ
2475 2507 2782 2575 πεπονθὼς,
2824 2507 2914 2562 καὶ
2993 2506 3159 2584 μυρία
3228 2504 3388 2582 ἕτερα
3463 2506 3698 2571 ὑποστὰς
3767 2506 3861 2561 ’ὀσα

458 2599 487 2653 ὀ
562 2592 730 2672 λόγος
806 2591 1174 2669 παρέδραμεν,
1252 2591 1406 2665 ὅμως
1480 2593 1725 2668 ἀντεῖχεν
1799 2590 1875 2647 ἔτι
1907 2593 2168 2670 γενναίως
2198 2594 2333 2669 πρὸς
2381 2595 2476 2658 τὰς
2527 2593 2790 2675 ἐπιφορὰς
2818 2598 2926 2651 τῶν
2988 2594 3202 2667 δεινῶν,
3278 2595 3592 2672 έρῥωμένος
3667 2593 3744 2650 ὢν
3798 2596 3859 2650 τὸ

450 2692 691 2763 φρονεῖν.
728 2685 872 2761 Πρὸς
908 2680 966 2738 δὲ
993 2681 1119 2745 τοὺς
1153 2680 1611 2756 ἑπεισχεομὲνους
1645 2682 1735 2736 καὶ
1767 2679 2075 2756 βάλλοντας
2106 2682 2566 2760 ἐπιστρεφόμενος
2597 2682 2739 2739 ἃλλο
2799 2686 2894 2758 μὶν
2952 2682 3106 2740 οὐδὲν
3163 2685 3456 2763 ἐφθέγγετο
3529 2685 3577 2741 εί
3657 2687 3733 2759 μὴ
3800 2685 3862 2740 τὸ

450 2800 479 2829 α
513 2775 706 2853 Κύριε,
743 2772 995 2844 ἐλέησον,
1028 2794 1057 2824 »
1088 2773 1204 2840 καὶ,
1245 2793 1272 2825 ε
1326 2773 1437 2827 Ἰνα
1492 2769 1545 2825 τί
1600 2768 1852 2845 κάλαμον
1911 2772 2366 2848 συντετριμμένον
2422 2772 2825 2848 προσεπικλᾶτε
2859 2793 2873 2845 ;
2917 2799 2945 2828 ›)
2977 2772 3104 2830 ἀλλ’
3135 2771 3261 2830 οὐδὶ
3312 2775 3449 2850 μετά
3469 2775 3571 2844 τῆν
3599 2772 3660 2830 ἐκ
3689 2771 3861 2830 ποδῶν

453 2865 797 2937 ἀπαιώρησιν
833 2863 885 2917 οἱ
915 2860 1234 2917 ἀνούστατοι
1267 2856 1437 2935 ὄχλοι
1510 2863 1608 2915 τοῦ
1681 2859 2038 2925 πολυπαθοῦς
2069 2860 2376 2938 ἀπέσχοντο
2408 2861 2755 2940 Ἀνδρονίκου
2829 2861 2865 2934 ἤ
2942 2861 3113 2943 φειδὼ
3185 2868 3295 2920 τῶν
3371 2863 3578 2920 ἐκείνου
3656 2867 3860 2939 σαρκῶν

454 2949 676 3020 ἔλαϐον,
708 2952 854 3009 ἀλλὰ
885 2948 1231 3026 περιελόντες
1254 2950 1317 3005 τὸ
1369 2947 1627 3024 χιτώνιον
1674 2954 1857 3013 κακῶς
1906 2950 2114 3014 ἐτίθουν
2168 2953 2237 3008 τά
2278 2950 2580 3030 παιδογόνα
2614 2954 2802 3027 μόρια.
2836 2954 3085 3019 Ἀνόσιος
3119 2950 3176 3009 δέ
3222 2974 3305 3017 τις
3336 2956 3428 3009 καὶ
3462 2951 3552 3008 διὰ
3612 2958 3718 3009 τοῦ
3768 2953 3861 3030 φά-

460 3063 667 3123 ρυγγος
708 3041 786 3104 εἷς
814 3040 882 3097 τὰ
908 3038 1113 3116 ἓγκατα
1145 3037 1412 3111 ἐπίμηκες
1440 3037 1590 3116 ξίφος
1630 3034 1816 3113 ἔϐαψε.
1847 3039 2005 3104 Τινὲς
2043 3037 2100 3095 δὲ
2128 3044 2236 3095 τῶν
2316 3040 2376 3097 ἔκ
2445 3046 2546 3097 τοῦ
2604 3044 2891 3098 Λατινικοῦ
2920 3041 3107 3119 γένους
3138 3042 3227 3098 καὶ
3265 3043 3403 3099 κατά
3477 3044 3577 3112 τῆς
3652 3039 3857 3117 ἐξέδρας

448 3133 712 3200 ἀκινάκην
745 3128 1078 3208 ἀμφοτέραις
1122 3125 1437 3202 ἐπήρεισαν,
1470 3126 1561 3182 καὶ
1620 3127 1966 3202 περιστάντες
2042 3127 2332 3209 κατέφερον
2407 3131 2475 3186 τα
2546 3129 2697 3205 ξίφη,
2774 3131 2964 3187 ὁποῖόν
3040 3133 3156 3187 ’ἐστι
3227 3132 3649 3207 τμητικώτερον
3727 3132 3856 3187 ἄπο-

450 3221 811 3297 πειρώμενοι,
842 3218 932 3275 καὶ
956 3221 1027 3291 τῇ
1066 3222 1165 3287 τῆς
1196 3216 1386 3292 χειρὸς
1412 3217 1929 3290 κατακομπάζοντες
1962 3214 2230 3291 δεξιότητι
2264 3217 2353 3274 διά
2408 3220 2469 3274 τὸ
2527 3218 2815 3297 ἀξιόλογον
2867 3227 2966 3291 τῆς
3022 3219 3270 3298 πληγῆς.
3313 3222 3411 3276 Καὶ
3469 3220 3604 3294 μετά
3631 3224 3861 3277 τοσαῦτα

454 3314 751 3387 μογήματα
772 3309 862 3364 καὶ
893 3309 1191 3380 παθήματα
1225 3304 1389 3380 μόλις
1426 3304 1695 3382 ἀπέρρηξε
1724 3307 1823 3375 τῆν
1858 3308 2029 3377 ζωὴν,
2063 3308 2162 3377 τὴν
2222 3305 2395 3382 δεξιάν
2467 3314 2635 3386 χεῖρα
2703 3310 2818 3385 μετ’
2875 3307 3077 3383 ὀδύνης
3132 3307 3372 3373 ἐκτείνας
3401 3311 3488 3366 καὶ
3521 3312 3857 3387 περιαγαγὼν

451 3400 597 3457 οὕτω
628 3404 705 3473 τῷ
734 3396 988 3471 στόματι,
1022 3396 1162 3451 ὣστε
1193 3395 1281 3451 καὶ
1302 3400 1419 3459 τοῖς
1442 3393 1679 3459 πολλοῖς
1712 3389 1889 3468 ἔδοξεν
1919 3394 2154 3471 ἐκμυζᾷν
2184 3402 2280 3453 τοῦ
2319 3396 2380 3454 ἐκ
2406 3398 2608 3471 ταύτης
2641 3393 2722 3455 ἔτι
2751 3401 2955 3476 Θέρμου
2985 3398 3387 3471 ἀποστάζοντος
3419 3397 3665 3475 α’ίματος
3687 3397 3772 3456 διά
3796 3400 3857 3455 τὸ

446 3490 638 3565 νεαρὸν
678 3494 779 3559 τῆς
810 3493 1009 3561 τομῆς.

517 3581 605 3637 13.
656 3578 969 3654 Imperavit
1017 3594 1202 3634 annos
1259 3577 1433 3646 duos,
1481 3592 1669 3633 unum
1723 3593 1859 3634 vero
1901 3594 2096 3635 rerum

2286 3579 2376 3654 ιγ’.
2417 3579 2581 3653 Ἦρξε
2610 3574 2656 3634 δ’
2689 3578 2968 3641 ἐνιαυτοὺς
3016 3577 3134 3650 δύο,
3174 3580 3265 3636 καὶ
3320 3577 3416 3637 ἕνα
3452 3584 3562 3636 τῶν
3618 3580 3861 3658 πραγμά-

448 3670 665 3744 potitua
750 3673 840 3726 est
890 3669 1017 3725 sine
1074 3684 1336 3741 purpura
1398 3669 1456 3723 et
1522 3667 1682 3740 regio
1739 3667 2091 3723 diademate.

2206 3687 2312 3721 των
2368 3666 2565 3743 eripio;
2628 3667 2873 3744 ἐγεγόι-ει
2938 3662 3210 3741 τηϐέννης
3270 3668 3394 3724 ἄνευ
3477 3668 3569 3725 καὶ
3628 3670 3860 3746 ἀρχικοῦ

444 3760 659 3817 Habitu
707 3759 966 3831 corporis
1024 3756 1259 3830 egregio
1291 3756 1424 3825 fuit,
1456 3761 1697 3827 aspectu
1757 3755 2096 3825 venerabili,

446 3856 698 3919 erectus,
761 3853 991 3905 statura
1020 3847 1275 3915 heroica,
1307 3847 1487 3903 etiam
1516 3850 1774 3903 extrema
1804 3850 1970 3902 aetate
1993 3847 2095 3919 ju-

444 3939 622 3998 venili
673 3939 835 4009 facie,
884 3954 1122 4009 corpore
1166 3935 1432 3994 omnium
1492 3935 1901 4003 saluberrimo,
1961 3934 2102 4006 quia

447 4045 638 4103 neque
678 4028 989 4097 delicatus,
1047 4040 1238 4097 neque
1284 4041 1479 4092 vorax,
1530 4025 1684 4083 459
1716 4040 1905 4097 neque
1926 4022 2101 4081 bibax

445 4124 591 4191 erat,
624 4117 729 4176 sed
760 4122 824 4173 ut
876 4114 1160 4174 llomerici
1193 4114 1417 4185 heroes,
1449 4130 1583 4170 assa
1628 4113 1970 4185 plerumque
1999 4128 2099 4169 ve-

444 4210 735 4267 scebatur.
787 4205 951 4263 Unde
999 4220 1171 4262 nemo
1220 4220 1354 4260 eum
1398 4207 1724 4259 ructantem
1765 4202 2007 4259 audivit.
2037 4201 2100 4258 Si

446 4299 682 4373 quando
712 4313 782 4354 ex
811 4293 1115 4353 stomacho
1139 4292 1659 4359 laborabat,totius
1676 4291 1789 4348 diei
1824 4291 2020 4348 labore
2044 4295 2104 4348 et

442 4386 671 4461 jejunio
699 4384 789 4443 vel
818 4384 1099 4455 exiguum
1130 4381 1435 4440 fastidium
1460 4380 1860 4454 propulsabat.
1893 4379 1998 4437 Die
2027 4380 2101 4437 ad

449 4490 721 4533 occasum
771 4477 1042 4546 vergente
1103 4472 1291 4528 frusto
1344 4471 1514 4543 panis
1575 4476 1632 4527 et
1690 4471 1920 4526 modico
1970 4469 2103 4527 vino

450 4579 665 4635 corpus
721 4562 1037 4619 recreabat.
1092 4559 1366 4617 Antidoto
1427 4575 1529 4631 per
1577 4575 1811 4616 omnem
1870 4562 2103 4616 {atatem

448 4667 754 4723 nunquam
781 4667 924 4707 usus
980 4653 1089 4718 est,
1114 4648 1232 4703 nisi
1286 4648 1420 4704 dum
1448 4648 1752 4720 imperavit
1780 4648 1982 4714 semel,
2016 4649 2104 4704 id-

452 4757 569 4815 que
591 4740 830 4811 invitus,
862 4739 1096 4795 hortatu
1124 4736 1511 4805 medicorum,
1544 4739 1697 4808 quod
1730 4742 1793 4793 ut
1823 4738 2105 4793 habitudo

450 4831 714 4906 corporis
757 4829 953 4887 adhuc
1012 4828 1243 4899 integra
1285 4831 1461 4895 esset,
1504 4831 1699 4883 tamen
1759 4828 1828 4883 ad
1872 4827 2107 4884 morbos

2207 3752 2565 3832 διαδήματος.
2597 3758 2699 3815 Ἤν
2749 3755 2807 3813 δὶ
2862 3759 2964 3828 τῆν
3026 3763 3126 3816 τοῦ
3185 3759 3440 3833 σώματος
3470 3761 3609 3839 φυὴν
3636 3759 3851 3838 εὐφυὴς,

2207 3845 2409 3920 ἀγητός
2463 3846 2526 3901 τὸ
2582 3843 2752 3919 εἶδος,
2805 3844 2993 3923 ὄρθιος
3078 3843 3404 3920 ἀναϐαίνων,
3469 3852 3563 3919 τὴν
3628 3845 3850 3917 ἠλικίαν

2208 3933 2477 4010 ἡρωϊκὸς,
2533 3933 2631 3990 κάν
2687 3939 2770 4008 τῷ
2819 3937 2977 4011 βαθεῖ
3053 3939 3199 4014 γήρᾳ
3258 3939 3352 4007 τήν
3431 3937 3547 4012 ὄψιν
3594 3932 3852 4005 νεοειδὴς,

2209 4022 2574 4099 ὖγιεινότατός
2601 4044 2659 4079 τε
2689 4024 3009 4101 ἀνθρώπων,
3042 4026 3125 4082 δτι
3187 4025 3319 4100 μηδ’
3363 4026 3639 4106 ὀψοφάγος
3671 4045 3857 4102 περισ-

2210 4111 2299 4167 σὸν
2332 4114 2397 4183 ἦν
2428 4113 2519 4168 καὶ
2550 4112 2801 4189 ἀκρατῶς
2832 4110 2977 4191 ἔχων
3014 4114 3231 4179 κοιλίας
3280 4118 3357 4180 ὡς
3415 4116 3739 4192 ζωροπότης
3774 4115 3864 4171 καὶ

2208 4203 2421 4273 τὲνθης,
2462 4200 2611 4258 ἀλλά
2638 4205 2776 4258 κατά
2804 4203 2934 4268 τοὺς
2990 4204 3331 4281 Ὁμηρικοὺς
3386 4206 3575 4281 ἥρωας
3632 4204 3866 4279 μάλιστα

2209 4294 2324 4352 τοῖς
2363 4287 2554 4352 ὀπτοῖς
2614 4288 2936 4365 προσέκειτο
3002 4296 3084 4364 τῷ
3141 4293 3297 4366 πυρὶ,
3351 4293 3471 4347 ὃθεν
3524 4289 3638 4348 οὐδ’
3700 4291 3865 4368 ἐρυγ-

2208 4377 2437 4456 γάνοντά
2496 4397 2583 4441 τις
2643 4378 2801 4434 αὐτὸν
2862 4378 3139 4441 ἐθεάσατο.
3198 4380 3358 4438 Ἀλλ’
3396 4378 3451 4436 εἴ
3502 4402 3641 4438 ποτε
3674 4379 3867 4456 πλημ·

2215 4465 2400 4542 μελῶν
2458 4468 2580 4547 εἶχε
2640 4468 2951 4546 στομάχου,
3011 4472 3336 4546 πανημερίῳ
3412 4472 3571 4547 μόγῳ
3653 4492 3715 4528 τε
3788 4469 3877 4526 καὶ

2209 4556 2429 4629 νηστείᾳ
2455 4557 2547 4612 καὶ
2578 4558 2639 4613 τὸ
2681 4555 2938 4637 βραχέως
2970 4557 3238 4637 ἐνοχλοῦν
3272 4559 3635 4637 ἀπεκρούετο,
3687 4562 3877 4636 ψωμῷ

2213 4645 2376 4723 ἃρτου
2429 4646 2519 4702 καὶ
2578 4645 2725 4703 οἲνου
2806 4649 3107 4723 κεράσματι
3165 4648 3465 4721 κλινοόσης
3553 4656 3656 4720 τῆς
3737 4647 3873 4721 ἠμί·

2218 4756 2311 4812 ρας
2340 4735 2647 4813 ἐπιμετρῶν
2677 4736 2777 4805 τὴν
2825 4739 3110 4814 θεραπείαν
3169 4744 3269 4795 τοῦ
3328 4740 3607 4813 σώματος.
3663 4738 3871 4797 Οὐκοῦν

2216 4822 2333 4881 οὐδ’
2362 4822 2628 4898 ἀντιδότῳ
2656 4823 2933 4901 ἐχρήσατο
2981 4828 3207 4885 πώποτε
3263 4828 3309 4884 εί
3366 4829 3444 4902 μὴ
3496 4829 3631 4898 ἅπαξ
3689 4826 3743 4882 ἐν
3800 4827 3870 4900 τῇ

451 4923 512 4980 in
567 4926 869 4995 posterum
950 4916 1362 4992 prtecavendos
1434 4916 1719 4973 medicina
1780 4917 2096 4989 prodesset.

2220 4912 2489 4989 βασιλείᾳ,
2518 4914 2607 4969 καὶ
2636 4914 2762 4969 τότε
2792 4919 2904 4969 τῶν
2939 4916 3134 4991 ἰατρῶν
3194 4916 3273 4983 είς
3322 4921 3487 4974 τοῦτο
3545 4913 3869 4993 ἔποτρυνάνο

449 5012 799 5084 Purgatione
843 5009 1129 5067 exhausta
1162 5022 1291 5064 sero
1336 5006 1446 5062 sub
1478 5021 1752 5063 occasum
1786 5006 1928 5062 solis
1959 5022 2103 5062 non-

450 5103 597 5160 nihil
657 5099 1118 5159 redundantiam
1176 5096 1236 5152 in
1285 5096 1448 5153 venis
1499 5095 1810 5153 humerum
1870 5095 2102 5169 egessit.

451 5195 655 5265 Itaque
697 5206 829 5248 cum
862 5188 1032 5246 amici
1088 5185 1375 5242 dixissent
1410 5190 1577 5243 vetus
1618 5184 1762 5242 illud
1800 5185 2103 5242 oraculum

452 5282 524 5338 ad
574 5297 708 5338 eum
768 5278 1097 5353 pertinere:
1147 5296 1175 5331 ε
1221 5279 1299 5331 Te
1346 5274 1799 5347 quadrimestre,
1861 5274 2102 5344 falcifer,

451 5374 686 5443 tempus
716 5374 930 5437 manet,
958 5390 987 5419 »
1028 5366 1294 5423 arridens
1325 5365 1566 5421 omnino
1596 5381 1695 5422 eos
1721 5363 1839 5421 falli
1865 5380 2105 5437 respon-

451 5458 537 5515 dit
566 5459 653 5530 (se
690 5459 847 5515 enim
887 5456 1081 5515 omnis
1118 5454 1351 5529 generis
1396 5455 1621 5511 morbis
1652 5452 1741 5511 vel
1765 5470 1987 5510 annum
2016 5453 2105 5510 in-

451 5552 682 5613 tegrum
739 5547 1013 5603 resistere
1059 5545 1273 5616 posse),
1328 5542 1553 5600 viribus
1610 5544 1871 5617 corporis
1902 5543 2106 5612 fretus,

2210 5025 2319 5060 των
2350 5003 2570 5069 ἄκοντα,
2603 5003 2877 5079 φαμένων,
2905 5005 2952 5063 εί
2981 5008 3072 5061 καί
3115 5008 3194 5081 μὴ
3253 5004 3322 5063 δι’
3384 5006 3724 5082 ἆνσκήψασαν
3774 5025 3872 5061 κα-

2212 5094 2496 5170 χὲκτησιν,
2528 5091 2652 5150 ἀλλ’
2697 5093 2791 5151 οὖν
2843 5096 3205 5173 προφυλακῆς
3274 5099 3436 5175 χάριν
3492 5099 3556 5153 τὸ
3612 5100 3701 5172 [Ρ.
3744 5096 3870 5169 226]

2211 5184 2471 5257 ἀνύσιμον
2528 5183 2710 5258 χρεὼν
2792 5186 3248 5261 προσενέγκασθαι
3333 5186 3636 5266 φάρμακον.
3721 5185 3869 5240 Ιιιὼν

2212 5272 2392 5330 τοίνυν
2424 5272 2485 5327 τὸ
2515 5273 2804 5347 καθάρσιον
2868 5272 3095 5349 βράδιον
3138 5274 3230 5331 καὶ
3276 5276 3400 5352 περὶ
3450 5273 3679 5332 δύνοντα
3705 5274 3875 5345 ἣλιον

2214 5359 2520 5417 ἀπεκένωσὲ
2546 5381 2601 5417 τι
2629 5364 2727 5416 τοῦ
2768 5359 2821 5416 ἐν
2855 5362 3024 5441 φλεψὶ
3081 5365 3521 5439 περιττώματος,
3578 5365 3719 5421 ὥστε
3775 5362 3876 5418 καί

2214 5450 2349 5527 πρὸς
2380 5446 2512 5511 τοὺς
2538 5445 2839 5525 φάσκοντας
2877 5454 2985 5506 τῶν
3015 5450 3243 5527 ἑταίρων
3293 5450 3377 5507 ἐπ’
3432 5449 3622 5525 ἐκείνῳ
3658 5449 3876 5505 οἴεσθαι

2215 5541 2418 5602 πάντας
2445 5538 2509 5594 τὸ
2529 5535 2871 5618 παλαίφατον
2914 5538 3179 5620 λελέχθαι
3207 5545 3371 5598 τοῦτο
3431 5561 3473 5618 χ
3485 5536 3872 5617 ρησμῴδημα·

458 5634 722 5705 falsaque
749 5650 869 5703 spe,
932 5638 999 5688 ut
1028 5636 1290 5704 apparet,
1340 5640 1638 5705 concepta,
1670 5649 1733 5689 se
1779 5632 1894 5689 leni
1927 5635 2096 5688 morte

2222 5652 2248 5685 ε
2282 5625 2684 5706 Δρεπανηφόρε,
2740 5630 3081 5705 τετράμηνόν
3141 5652 3199 5688 σε
3260 5632 3484 5706 μὲνει,›ι
3551 5626 3878 5705 ἐπιμειδιῶν

462 5728 520 5782 et
552 5720 864 5792 tranquilla
920 5719 1238 5790 obiturum,
1266 5718 1520 5777 violento
1568 5720 1806 5778 interitu
1841 5719 1929 5777 vel
1962 5720 2096 5778 ultrc

2218 5713 2368 5793 ἒίλεγι
2399 5713 2776 5791 διαψιῦδεσοαι
2830 5716 3151 5794 προδήλως·
3215 5720 3379 5784 αὒτὸς
3433 5720 3534 5799 γὰρ
3564 5720 3651 5777 καί
3681 5717 3878 5775 ἐνιαυ-
