4112 6218
368 350 492 412 713

1416 356 1519 416 DE
1561 354 2017 418 ANDRONIOO
2060 354 2434 417 COMNENO
2482 356 2625 419 LIB.
2663 359 2742 418 Il.

3664 367 3785 427 714

368 483 470 541 τὸν
509 482 641 540 δλον
671 483 940 558 νοσηλείᾳ
976 487 1206 559 παντοίᾳ
1235 492 1334 543 τοῦ
1389 489 1644 563 σώματος
1700 487 2025 564 διαρκέσειιν

2149 486 2508 546 iissimulato
2537 491 2626 546 vel
2661 489 2833 563 plane
2856 509 2970 549 non
3006 494 3272 565 cogitato.
3306 497 3649 570 Quanquam
3692 514 3789 556 ac-

373 573 437 629 ἅν
473 572 899 649 προσπαλαίων,
926 579 1007 648 τῷ
1038 576 1315 651 ῥωμαλέῳ
1345 579 1623 642 πεποιθώς
1672 582 1769 633 106
1838 579 2025 652 σώμα-

374 684 495 735 τος,
554 664 647 719 καὶ
706 664 1140 743 φανταζόμενος,
1194 667 1269 729 ὡς
1323 663 1498 723 ἔοικεν
1566 668 1642 732 ὡς
1678 666 1911 742 μαλακῷ
1941 678 2030 731 θα-

372 754 522 827 νάτῳ
591 750 894 828 δάμήσεται
951 755 1042 811 καὶ
1135 754 1393 830 εἰρηνικῷ
1474 757 1623 812 τέλει
1697 760 2031 829 συμπερανεῖ

378 843 479 913 τὴν
514 846 686 914 ζωὴν,
707 845 810 915 τὴν
842 841 890 899 δ’
932 843 1172 900 ἐναντίαν
1197 845 1455 916 τελευτὴν
1487 844 1524 916 ἤ
1574 845 1712 901 ἑκὼν
1743 845 2029 919 ἀποπροσ-

376 931 713 1006 ποιούμενος
743 932 779 1003 ἥ
809 934 885 1007 μή
916 933 1054 990 κατά
1089 938 1210 990 νοῦν
1264 932 1411 999 ὅλως
1464 933 1830 1010 βαλλόμενος.
1892 934 2031 991 Καί-

371 1043 461 1077 τοι
502 1020 673 1097 λογος
729 1020 992 1100 διαρῥέων
1028 1024 1118 1079 καὶ
1177 1023 1229 1086 ές
1292 1026 1441 1098 ἡμᾶς
1494 1025 1668 1096 ἳκετο,
1710 1023 1784 1086 ὠς
1838 1021 2030 1079 ’ίππων

377 1109 655 1187 ἀγομένης
696 1109 947 1183 ἁμίλλης
991 1110 1232 1176 ἐκτείνας
1286 1115 1388 1183 τήν
1447 1118 1610 1188 χεῖρα
1676 1109 2031 1186 Ἀνδρόνικος

378 1197 638 1273 δακτύλῳ
661 1196 899 1275 ὑπέδειξε
926 1204 1006 1273 τῷ
1034 1198 1311 1279 έξαδέλφῳ
1348 1202 1439 1256 καὶ
1490 1199 1709 1275 βασιλεῖ
1762 1197 2031 1270 Μανουὴλ

375 1287 513 1350 τοὺς
543 1287 732 1352 κίονας
789 1288 863 1344 ὦν
924 1288 1087 1354 αὐτὸς
1132 1290 1293 1365 μέσον
1352 1291 1678 1362 ἀνήρτηται,
1733 1288 1900 1344 εἰπὼν
1956 1289 2031 1350 ὡς

379 1377 555 1436 ἒκεῖσε
610 1378 805 1454 μέλλει
878 1382 1010 1437 ποτὲ
1068 1379 1325 1450 βασιλεὺς
1385 1379 1679 1455 Ῥωμαίων
1740 1381 2029 1453 ἀπαιωρη·

379 1472 543 1540 θῆναι
569 1474 749 1531 κακῶς
788 1470 975 1535 παθὼν
1010 1470 1117 1527 ¹ἶὸπὸ
1141 1475 1239 1525 τοῦ
1280 1477 1382 1541 τῆς
1456 1470 1743 1532 πολιτείας
1799 1467 2032 1541 πληρώ-

383 1576 580 1633 ματος·
617 1560 711 1615 τὸν
753 1556 813 1615 δὲ
842 1561 979 1637 πρὸς
1027 1561 1128 1630 τήν
1192 1557 1545 1635 Ἀνδρονίκου
1595 1558 1854 1634 διήγησιν
1894 1559 2031 1612 ἄπο-

375 1647 685 1723 κρίνασθαι.
721 1647 880 1706 Ἀλλ’
918 1648 1080 1711 αὐτὸς
1107 1650 1244 1712 τέως
1286 1650 1388 1705 οὐκ
1416 1647 1617 1705 ὲσεῖται
1662 1650 1690 1704 ὁ
1719 1653 1881 1704 τοῦτο
1912 1668 2035 1702 πει-

376 1738 760 1812 σόμενος.Καὶ
799 1743 1016 1795 τοιοῦτο
1086 1741 1180 1813 μὲν
1237 1739 1397 1801 τέλος
1454 1739 1684 1795 θανάτου
1736 1736 2035 1815 κατείληφε

2138 579 2406 650 cepimus
2465 596 2599 636 eum
2659 581 2816 638 ludis
2875 583 3236 640 circensibus
3309 592 3547 644 extensa
3610 605 3789 646 manu

2138 667 2471 739 imperatori
2503 671 2754 724 Manueli
2814 672 3065 743 patrueli
3126 674 3282 729 460
3338 691 3446 730 suo
3480 678 3627 734 duas
3660 677 3791 734 illas

2140 758 2469 824 columnas,
2502 759 2653 814 intra
2684 777 2828 830 quas
2860 776 3189 833 suspensus
3244 768 3354 830 est,
3386 764 3573 836 digito
3624 782 3790 823 mon-

2141 851 2383 914 strasse,
2415 863 2481 903 ac
2512 848 2730 904 dixisse
2764 852 2883 905 tore
2922 856 2987 905 ut
3034 850 3349 923 aliquando
3392 857 3792 912 Romanorum

2140 937 2478 1008 imperator,
2512 939 2699 994 multa
2730 939 2894 1013 prius
2924 958 2958 997 a
3007 942 3219 1014 populo
3267 960 3603 1017 perpessus,
3636 947 3793 1002 intra

2143 1043 2240 1083 eas
2281 1028 2755 1098 suspenderetur.
2791 1028 2960 1085 Illum
2994 1047 3127 1086 vero
3170 1033 3545 1104 respondisse
3586 1035 3641 1090 id
3676 1035 3793 1091 sibi

2144 1133 2258 1172 non
2292 1123 2717 1173 usuventurum
2776 1136 2920 1177 esse.
2983 1126 3064 1175 Ac
3121 1122 3258 1178 talis
3308 1123 3435 1179 vitae
3465 1125 3655 1182 exitus
3686 1142 3790 1197 op-

2143 1207 2360 1281 pressit
2386 1209 2781 1264 Andronicum
2831 1210 3027 1267 subito
3078 1213 3425 1270 destitutum
3468 1222 3524 1271 et
3562 1215 3721 1272 velut
3759 1232 3792 1276 θ

2143 1313 2348 1352 somno
2379 1302 2804 1369 experrectum,
2836 1298 3093 1373 imagine
3122 1302 3252 1373 ejus
3282 1302 3340 1358 in
3373 1302 3499 1375 ipsa
3547 1306 3691 1361 urbe
3715 1306 3789 1362 ad

2144 1384 2395 1441 nihilum
2429 1386 2682 1454 redacta,
2707 1388 2826 1444 sive
2858 1389 2992 1460 quis
3043 1390 3248 1447 faciem
3299 1393 3425 1463 ejus
3475 1394 3787 1464 intelligat,

2143 1476 2265 1531 sive
2286 1484 2512 1532 statuas
2569 1482 2627 1533 et
2684 1478 2941 1550 picturas
3001 1479 3058 1534 in
3101 1481 3320 1536 tabulis
3350 1486 3408 1538 et
3440 1482 3784 1554 parietibus.

2143 1565 2288 1622 Nam
2311 1582 2408 1622 eas
2427 1582 2658 1637 quoque
2680 1566 2887 1639 vulgus
2906 1567 3178 1639 perdidit,
3202 1570 3508 1642 dissipavit
3545 1579 3598 1628 et
3626 1589 3792 1629 com-

2144 1656 2499 1722 minuit,non
2531 1671 2701 1711 secus
2726 1655 2947 1712 acolim
2983 1659 3169 1714 Moses
3216 1659 3418 1715 bovem
3475 1660 3642 1716 illum
3692 1679 3794 1733 per

2144 1744 2478 1801 ebrietatem
2503 1745 2817 1801 conﬂatum
2841 1746 3276 1803 contrivit.Post
3301 1748 3427 1803 dies
3454 1747 3673 1821 aliquot
3725 1767 3795 1806 ex

375 1827 473 1882 τὸν
531 1824 901 1902 Ἀνδρόνικον,
971 1827 1191 1899 ἐξάπινα
1260 1828 1338 1890 εἷς
1399 1826 1681 1905 ἐρήμωσιν
1759 1826 1889 1883 ὡσεί
1943 1826 2032 1882 καὶ

2149 1831 2261 1888 alto
2283 1832 2382 1888 illo
2408 1832 2729 1888 miserabili
2755 1835 3079 1903 detractus,
3105 1840 3161 1891 et
3184 1835 3240 1890 in
3261 1835 3472 1892 theatri
3511 1837 3791 1894 fornicem

382 1915 634 1972 ἰνύπνιον
704 1916 1113 1995 έξεγειρομένου
1177 1919 1563 1995 γεγενημένον,
1659 1916 1748 1972 καὶ
1835 1917 1887 1973 ἑν
1967 1915 2033 1991 τῇ

387 2006 550 2064 πόλει
577 2008 677 2077 τήν
709 2008 915 2063 οἰκείαν
955 2006 1376 2080 ἑξουθενωμένον
1419 2005 1622 2079 εἷ’κόνα,
1655 2004 1764 2062 εἴτε
1790 2006 1883 2062 τόν
1937 2009 2034 2061 τοῦ

382 2097 683 2173 προσώπου
722 2104 1047 2173 χαρακτῆρα
1092 2095 1350 2172 βούλοιτό
1406 2117 1489 2159 τις
1547 2097 1691 2153 οὓτω
1730 2100 1892 2166 νοεῖν,
1925 2093 2036 2151 εἷ’τε

377 2187 449 2241 τὰ
477 2183 566 2241 ἐπὶ
598 2190 707 2241 τῶν
737 2186 945 2260 τοίχων
981 2184 1072 2240 καὶ
1104 2182 1337 2240 σανίδων
1385 2184 1706 2260 εἰκάσματα,
1773 2182 1890 2239 ἐπεὶ
1944 2182 2035 2239 καὶ

383 2278 558 2331 ταῦτα
596 2276 626 2330 ὁ
681 2272 857 2335 πολύς
922 2276 1328 2355 κατηχρειώκει
1373 2273 1513 2337 λεὼς
1567 2275 1659 2330 καὶ
1701 2269 2031 2329 διεηεδάκει

386 2368 529 2441 πρὸς
580 2367 683 2441 γῆν
741 2364 829 2420 καὶ
892 2362 1180 2420 έλέπτυνεν
1249 2364 1323 2426 ὠς
1384 2362 1578 2420 οὐδ’οἳ
1636 2364 1761 2439 περὶ
1835 2362 2036 2418 Μωσέα

386 2454 653 2530 πρότερον
714 2453 1085 2533 έφορισθέντες
1132 2454 1194 2510 τό
1253 2454 1525 2529 χωνευθὲν
1586 2451 1639 2508 ἑν
1713 2452 1852 2527 μέθῃ
1903 2473 2034 2508 ταυ-

389 2544 677 2620 ρόκρανον.
727 2544 861 2607 Μεθ’
910 2543 1123 2619 ἡμέρας
1179 2539 1239 2598 δί
1294 2563 1445 2605 τινας
1514 2543 1853 2618 καθαιρεθείς
1936 2545 2035 2597 τοῦ

390 2634 749 2710 οἰκτροτάτου
816 2631 1023 2689 ἐκείνου
1073 2634 1369 2708 ὑψώματος
1467 2635 1567 2689 ὅσα
1659 2634 1749 2689 καὶ
1832 2636 2036 2705 πτῶμα

383 2724 703 2799 θρέμματος
730 2723 782 2777 έν
818 2727 915 2797 μιᾷ
950 2727 1059 2778 τῶν
1105 2729 1206 2792 τῆς
1250 2721 1626 2798 ἱπποδρομίας
1685 2720 1895 2796 ἀψίδων
1940 2742 2039 2777 πα-

2145 1922 2458 1994 quemdam
2477 1926 2542 1976 ut
2564 1923 2747 1978 bestia
2767 1921 3085 1993 projectus,
3113 1924 3293 1995 jacuit
3332 1926 3517 1982 donec
3548 1927 3790 1999 quidam

2144 2010 2508 2067 humanitate
2539 2011 2800 2077 adducti,
2832 2028 2935 2067 nec
2966 2012 3061 2067 iraa
3095 2012 3342 2069 nimium
3388 2014 3788 2085 indulgentes,

2145 2100 2391 2156 cadaver
2409 2100 2535 2169 ejus
2558 2100 2694 2155 inde
2714 2099 3198 2169 sublatumjuxta
3235 2101 3450 2173 Ephori
3493 2107 3787 2159 monaste-

2144 2187 2490 2261 rium,quod
2512 2189 2582 2244 ad
2606 2189 2958 2260 Zeuxippum
2974 2188 3149 2256 est,in
3170 2190 3419 2259 quodam
3443 2190 3646 2246 intimo
3665 2190 3788 2247 loco

2145 2282 2506 2351 posuerunt:
2537 2278 2712 2349 idque
2741 2293 3023 2349 compage
3052 2280 3315 2334 nondum
3337 2279 3570 2350 penitus
3600 2280 3789 2336 disso-

2144 2366 2265 2424 luta
2288 2366 2477 2422 adhuc
2507 2371 2774 2439 spectare
2798 2366 2950 2423 licet.
2984 2366 3129 2422 Nam
3169 2366 3427 2424 Isaacius
3448 2368 3790 2441 imperator,

2145 2456 2413 2513 criminis
2439 2472 2642 2526 expers
2680 2460 2737 2511 et
2776 2456 3000 2526 justus,
3052 2460 3118 2510 ut
3162 2457 3308 2512 461
3366 2456 3628 2528 putabat,
3674 2474 3789 2514 non

2144 2545 2357 2601 annuit
2389 2548 2453 2599 ut
2482 2545 2539 2599 id
2571 2545 2869 2600 sublatum
2910 2543 3257 2616 sepeliretur
3307 2549 3407 2601 aut
3453 2546 3512 2601 in
3558 2546 3799 2603 Sancto-

2147 2651 2273 2689 rum
2298 2633 2457 2697 Quad
2470 2633 2693 2704 raginla
2706 2634 2887 2688 isdem
2904 2634 3344 2701 transferretur,
3377 2650 3553 2707 quam
3566 2637 3691 2692 And
3702 2652 3797 2692 r0-

2148 2722 2317 2778 nicus
2348 2738 2415 2778 ea
2444 2722 2515 2777 de
2544 2738 2719 2777 causa
2749 2722 3008 2778 studiose
3031 2722 3369 2779 condiderat
3391 2727 3449 2779 et
3463 2729 3791 2780 exornarat.

387 2813 794 2889 ραρῥιπτεῖται.
858 2811 1175 2887 Ἐσὺστερον
1236 2808 1294 2866 δὲ
1348 2832 1487 2874 τινες
1538 2809 1735 2888 μερίδα
1772 2811 1852 2883 τῷ
1907 2808 2045 2884 ἐλέῳ
2104 2807 2339 2872 διδόντες
2395 2809 2485 2865 καὶ
2542 2809 2618 2882 μὴ
2651 2809 2821 2864 πάντα
2874 2813 2955 2881 τῷ
3007 2810 3166 2883 θυμῷ
3224 2809 3604 2889 χαριζόμενοι,
3655 2810 3793 2866 ἑκεί-

387 2906 477 2958 θεν
538 2903 631 2958 τὸν
678 2899 1026 2977 Ἀνδρονίκου
1082 2901 1268 2977 νεκρὸν
1324 2898 1649 2975 ἀνελόμενοι
1716 2901 1865 2976 παρά
1920 2920 2024 2954 τινι
2073 2900 2372 2955 κατωτάτω
2428 2900 2582 2972 τὸπῳ
2640 2896 2815 2954 ἔθεντο
2862 2898 2985 2975 περί
3035 2920 3142 2955 που
3196 2911 3296 2968 τήν
3327 2899 3558 2975 Ἐφόρου
3593 2901 3794 2973 μονήν,

383 2994 422 3061 ἢ
455 2992 595 3047 κατὰ
643 2992 708 3046 τὸ
759 2991 1058 3062 Ζεύξιππον
1108 2987 1350 3065 τίδρυται,
1403 2989 1432 3044 ὅ
1469 2989 1561 3045 καὶ
1616 2988 1781 3044 εἰσέτι
1842 2989 1917 3063 μὴ
1976 2988 2149 3060 πάντη
2211 2986 2458 3046 διαλυθὶν
2512 2994 2612 3058 τῆς
2639 2989 2906 3064 ἁρμονίας
2946 2994 3065 3052 τοῖς
3091 2986 3450 3065 βουλομένοις
3483 2990 3792 3047 ὀπτάνεται.

387 3082 455 3139 Ὀ
500 3080 604 3158 γὰρ
644 3080 930 3160 ἀμεμφής,
997 3080 1071 3143 ὡς
1131 3078 1291 3152 ᾤετο,
1356 3080 1423 3135 τὰ
1460 3078 1631 3135 πάντα
1689 3079 1779 3135 καὶ
1812 3075 2019 3142 δίκαιος
2077 3079 2344 3141 Ἰσαάκιος
2386 3078 2448 3134 οὑ
2501 3079 2782 3134 κατένευσε
2835 3081 3224 3153 καθαιρεθῆναι
3286 3080 3375 3134 καί
3442 3083 3586 3158 ταφῇ
3616 3099 3793 3155 παρα-

390 3168 619 3240 δοθῆναι
675 3167 1050 3245 Ἀνδρόνικον,
1105 3166 1141 3238 ἤ
1192 3168 1548 3244 ἀκενεχθῆναι
1594 3168 1685 3224 τὸν
1746 3168 1940 3224 τούτου
1990 3168 2175 3244 νεκρὸν
2209 3168 2284 3230 είς
2324 3168 2414 3222 τὸν
2444 3173 2552 3223 τῶν
2591 3166 2782 3243 Ἀγίων
2809 3167 3215 3244 Τεσσαράκοντα
3243 3168 3396 3239 νεὼν,
3428 3167 3485 3224 ὅν
3516 3165 3796 3244 Ἀνδρόνι-

392 3280 491 3322 κος
520 3258 791 3330 πεποίηκε
820 3257 1133 3333 φιλοτίμως
1163 3258 1251 3313 καὶ
1287 3257 1568 3335 λαμπροῖς
1589 3255 1826 3332 ἠγλάῖσε
1848 3256 2077 3331 κόσμοις
2115 3258 2203 3313 καὶ
2233 3255 2539 3330 ἀναθήμασί
2589 3261 2866 3333 περιττοῖς
2897 3255 3283 3327 κατεγάλλυνε,
3332 3257 3425 3312 καὶ
3491 3256 3542 3312 ἐν
3611 3257 3657 3329 ᾡ
3707 3257 3798 3311 τὶν

384 3354 486 3405 τοῦ
517 3350 775 3422 σώματος
804 3352 941 3424 χοῦν
973 3346 1405 3422 ἀποθησαυρίσαι
1434 3346 1903 3422 προεμηθεύσατο.

462 3435 769 3494 Ἐκλείπων
803 3435 861 3492 δὲ
898 3439 963 3505 ἦν
994 3436 1094 3506 τήν
1125 3438 1309 3512 ψυχήν
1343 3435 1419 3498 είς
1463 3436 1560 3498 τὰς
1614 3439 1711 3492 τοῦ
1767 3436 2033 3509 θεοκήρυ-

2220 3436 2379 3493 Pauli
2410 3435 2593 3493 divini
2651 3436 2933 3508 praeconis
2990 3436 3281 3511 Epistolas
3336 3453 3517 3509 supra
3558 3435 3800 3492 modum

384 3548 484 3590 κος
518 3524 742 3584 Παύλου
769 3523 1085 3593 έπιστολὰς,
1117 3524 1212 3581 καὶ
1260 3528 1502 3600 συνεχῶς
1555 3529 1655 3580 τοῦ
1712 3523 1773 3580 ὲκ
1825 3524 2034 3579 τούτῶν

392 3615 797 3686 ἀποπάζοντος
855 3615 1162 3693 ἐνεφορεῖτο
1226 3613 1473 3687 μέλιτος,
1522 3614 1614 3669 καὶ
1670 3612 1862 3689 ἃριστα
1916 3613 2037 3669 ἐπι-

394 3703 645 3761 στέλλων
665 3704 833 3774 ἐκτῆς
870 3704 1045 3760 αὐτῶν
1077 3704 1439 3780 πειθανάγκης
1491 3704 1559 3759 τὰ
1625 3702 1799 3758 οἷ’κεῖα
1855 3702 2039 3779 περιὲο

391 3792 605 3850 ϐαλλεν
648 3792 953 3850 ἐπιστόλια.
1016 3792 1241 3867 Ἀμέλει
1295 3813 1381 3848 τοι
1424 3794 1514 3848 καὶ
1560 3790 1799 3871 ἀρχαίας
1855 3792 2041 3868 χειρὸς

384 3883 576 3940 εἰκόνα
688 3887 787 3938 τοῦ
878 3881 1434 3958 πνευματοῤῥήτορος
1531 3883 1787 3955 Ταρσέως
1844 3881 2040 3956 κόσμῳ

382 3971 718 4047 λαμπρύνας
757 3977 838 4045 τῷ
867 3970 928 4027 ἐκ
956 3975 1167 4047 χρυσοῦ
1222 3971 1451 4042 ἀνέθηκε
1498 3974 1576 4042 τῷ
1624 3970 1835 4045 ῥηθέντι
1895 3975 2040 4042 ναῷ-

384 4065 424 4132 ή
459 4060 519 4117 δί
564 4065 665 4128 τῆς
724 4058 1078 4136 Ἀνδρονίκου
1139 4065 1522 4136 καταστροφῆς
1567 4057 1891 4135 ἑγγιζούσης
1929 4062 2038 4113 τῶν

384 4153 687 4229 όφθακμῶν
739 4150 1070 4219 ἀπεστάλοξε
1120 4147 1375 4225 δάκρυον.
1449 4152 1626 4205 Τοῦτο
1684 4145 1731 4202 δ’
1784 4147 2040 4217 ἀκηκοὼς

381 4238 740 4316 ’Δνδρόνικος
779 4239 996 4296 στέλλει
1053 4243 1134 4315 [Ρ.
1197 4242 1324 4313 227]
1375 4238 1504 4301 τοὺς
1563 4234 2041 4311 ἀκριϐωσομένους

382 4334 458 4388 τὰ
514 4338 614 4400 τῆς
672 4330 866 4396 ἀκοῆς.
908 4331 1006 4387 Ἢν
1070 4327 1127 4385 δὲ
1188 4330 1306 4402 μεθ’
1326 4328 1521 4403 ἐτέρων
1566 4326 1642 4390 εἰς
1673 4330 1833 4382 τοῦτο
1856 4324 2042 4382 ἐπιλε-

390 4418 510 4496 γείς
543 4418 634 4473 καὶ
693 4418 721 4471 ὁ
773 4415 1366 4495 Ἀγιοχριστοφορίτης
1401 4416 1699 4492 Στέφανος,
1732 4414 1790 4475 δς
1819 4412 1910 4467 καὶ
1956 4409 2046 4468 διὰ

393 4504 668 4582 βαθμίδος
733 4504 972 4570 ἀνελθὼν
1028 4505 1116 4577 (ἦν
1175 4504 1280 4580 γὰρ
1331 4505 1366 4572 ἡ
1400 4501 1559 4558 εῗκὼν
1595 4502 1888 4578 μετέωρος)
1919 4501 2047 4557 ἀπί-

391 4601 567 4671 ψησεν
651 4596 925 4669 ὑφάσματι
979 4591 1239 4670 ἀκηράτῳ
1294 4592 1391 4656 τὰς
1446 4596 1543 4648 τοῦ
1604 4590 1822 4648 ΙΙαόλου
1854 4593 2043 4668 κόρας.

394 4688 468 4743 Αἱ
510 4683 569 4741 δὲ
622 4686 761 4741 κατά
812 4684 909 4749 τὰς
961 4680 1349 4757 διασμωμένας
1388 4683 1593 4757 κρήνας
1642 4675 1721 4736 ἔτι
1768 4680 1959 4738 πλεῖον
1983 4682 2047 4738 τὸ

2144 3526 2381 3596 amavit,
2413 3530 2470 3582 et
2514 3524 2685 3581 melle
2737 3526 2873 3582 inde
2897 3531 3285 3599 promanante
3307 3526 3559 3582 subinde
3589 3530 3677 3581 est
3709 3541 3768 3581 re

2144 3618 2415 3684 fectus,et
2445 3616 2668 3674 litteras
2699 3633 2840 3673 suas
2871 3616 3348 3690 elegantissimas
3392 3616 3528 3672 inde
3565 3615 3634 3670 ad
3669 3631 3797 3685 per-

2143 3708 2513 3765 suadendum
2551 3706 2848 3763 efﬁcacius
2879 3707 3179 3762 instruxit.
3214 3708 3409 3776 Imago
3455 3719 3590 3760 vero
3633 3702 3796 3759 coele-

2144 3798 2253 3854 stis
2283 3797 2444 3852 illius
2501 3796 2771 3861 oratoris,
2829 3795 3082 3866 antiquae
3152 3810 3357 3849 manus
3401 3809 3571 3865 opus,
3611 3808 3793 3863 quam

2143 3903 2284 3942 auro
2315 3889 2654 3940 exornatam
2687 3884 2744 3937 in
2815 3882 2917 3938 illa
2965 3884 3089 3937 aede
3134 3882 3416 3954 reposuit,
3450 3879 3790 3935 imminente

2144 3974 2197 4029 ei
2226 3972 2398 4029 exitio
2432 3971 2792 4043 lacrymavit.
2828 3971 2950 4034 Quo
2980 3970 3030 4025 is
3061 3970 3257 4025 audito
3301 3968 3584 4039 explorari
3610 3968 3784 4039 jubet

2145 4080 2216 4117 an
2244 4078 2444 4117 verum
2479 4062 2573 4116 sit.
2619 4060 2700 4115 Ad
2749 4059 2802 4113 id
2859 4059 3244 4114 ministerium
3298 4063 3505 4129 praeter
3547 4064 3787 4114 caeteros

2146 4136 2783 4221 Hagiochristophorita
2811 4148 3140 4220 Stephanus
3170 4146 3430 4203 delectus
3455 4164 3554 4218 per
3569 4148 3790 4218 gradus

2146 4239 2411 4296 ascendit
2439 4240 2594 4310 (nam
2629 4239 2685 4293 in
2718 4238 2957 4293 sublimi
2990 4238 3273 4309 pendebat
3304 4236 3541 4309 imago),
3598 4235 3792 4292 Pauli-

2147 4345 2259 4401 que
2312 4327 2562 4399 pupillas
2623 4326 2938 4398 purissimo
2996 4324 3233 4381 linteolo
3291 4325 3614 4394 abstersit;
3674 4341 3791 4396 quo

2149 4419 2298 4473 facto
2325 4417 2591 4489 lacrymse
2625 4415 2814 4487 magis
2862 4416 3041 4471 etiam
3091 4423 3366 4486 tanquam
3420 4431 3486 4470 ex
3521 4415 3676 4471 fonte
3706 4428 3797 4469 ex-

2150 4507 2491 4563 uberarunt.
2552 4505 2714 4570 Quod
2776 4505 2872 4560 ubi
2933 4520 3065 4561 cum
3136 4504 3522 4561 admiratione
3583 4503 3799 4570 retulit,

2147 4598 2517 4654 Andronicus
2545 4596 2707 4670 gravi
2769 4588 2968 4652 dolore
3017 4593 3325 4667 perculsus
3372 4603 3426 4651 et
3456 4595 3555 4651 diu
3589 4596 3804 4668 agitato

2151 4687 2337 4758 capiie
2368 4702 2500 4742 cum
2537 4686 2758 4758 gemitu
2791 4684 2941 4740 dixit
2971 4684 3216 4741 Paulum
3249 4684 3431 4741 videri
3477 4700 3586 4740 sua
3628 4697 3809 4738 causa

399 4774 645 4851 δάκρυον
702 4773 991 4847 έξεκένουν.
1042 4773 1148 4830 Καὶ
1205 4770 1483 4845 θαυμάσας
1522 4769 1552 4825 6'
1603 4771 1840 4846 ἑώρακεν
1926 4776 2038 4830 'Av-

2159 4775 2533 4848 lacrymasse,
2590 4791 2655 4830 ac
2707 4773 3112 4842 gravissimam
3164 4772 3278 4831 sibi
3327 4773 3551 4829 cladem
3587 4773 3809 4841 impen-

397 4864 640 4942 δρονίκῳ
669 4863 845 4920 ἀπιὼν
875 4861 1199 4938 διηγήσατο·
1239 4862 1301 4919 Ὀ
1361 4857 1419 4915 δὲ
1488 4860 1607 4934 μέγ’
1660 4858 1907 4938 ὀχθήσας
1958 4861 2038 4917 καῖ

2159 4866 2314 4921 dere.
2346 4868 2416 4920 Se
2472 4864 2628 4920 enim
2688 4880 2758 4921 ex
2811 4865 3008 4920 animo
3061 4878 3255 4920 amare
3308 4861 3551 4919 Paulum
3585 4866 3641 4916 et
3677 4860 3807 4929 ejus

393 4958 498 5026 τὴν
567 4955 736 5028 κάραν
787 4948 930 5009 ἔνθεν
1016 4952 1106 5008 καὶ
1168 4948 1316 5015 ’ἐνθεν
1392 4948 1750 5012 ταλαντεύτας
1800 4949 2050 5025 ἐπέμυεε,

393 5045 489 5101 καὶ
534 5043 753 5120 ε’ἰρηκεν
814 5040 897 5098 ἐπ’
956 5040 1102 5114 αύτῷ
1155 5038 1257 5118 ἄρα
1341 5036 1590 5114 δακρύειν
1671 5037 1901 5095 ἐιοκέναι
1957 5040 2049 5094 τὸν

2164 4955 2315 5010 dicta
2363 4953 2601 5010 maximi
2670 4956 2879 5025 tacere,
2948 4957 3006 5009 et
3059 4970 3093 5009 a
3150 4950 3330 5007 Paulo
3391 4951 3589 5020 utique
3642 4947 3810 5003 reda-

2164 5060 2334 5100 mari.

398 5133 644 5203 Παῦλον,
702 5133 793 5188 καὶ
839 5133 1006 5187 κακὸν
1065 5131 1214 5202 αύτῳ
1294 5128 1569 5204 χείριστον
1651 5128 2050 5203 προσημαίνειν
2077 5132 2140 5186 τὸ
2167 5130 2594 5208 ἀγγελλόμενονδ
2635 5129 2817 5210 φιλεῖν
2848 5129 2947 5206 γὰρ
2988 5127 3237 5201 ἐκθύμως
3283 5127 3373 5182 τὸν
3439 5121 3658 5181 Παῦλον
3718 5121 3807 5176 καὶ

392 5231 504 5281 τῶν
528 5216 696 5279 αὐτοῦ
728 5222 990 5299 ῥημάτων
1018 5220 1198 5296 ἂκρως
1229 5218 1524 5295 ἐξέχεσθαι,
1555 5218 1645 5274 καὶ
1676 5218 2087 5296 ἀντιφιλεῖσθαι
2128 5217 2399 5291 δήπουθεν
2438 5220 2544 5276 ὐπὸ
2574 5219 2820 5278 Παύλου.

468 5317 592 5373 *Ἰνα
622 5310 680 5369 δὲ
699 5311 935 5368 συνελὼν
970 5309 1108 5365 εἶ’πω
1139 5310 1201 5364 τὸ
1248 5313 1379 5377 πᾶν,
1437 5307 1484 5363 εί
1532 5310 1627 5363 106
1686 5306 1901 5363 έντόνου
1952 5314 2055 5378 τῆς

396 5404 658 5475 ἀπηνείας
714 5399 971 5478 ὑπεχάλα
1040 5395 1393 5474 Ἀνδρόνικος
1472 5392 1602 5471 μηδ’
1668 5395 1822 5460 εῦθὺς
1885 5394 2058 5472 ἐπῆγε

400 5497 496 5551 τὸν
522 5499 772 5568 καυτῆρα
826 5489 917 5546 καὶ
975 5489 1077 5558 τὴν
1128 5487 1331 5562 αομήν,
1391 5485 1474 5541 ἀεὶ
1542 5483 1750 5560 ῥανίσιν
1807 5484 2055 5559 αἱμάτων

401 5579 817 5640 συνδιαπλέκων
846 5581 937 5636 καὶ
969 5576 1298 5655 διαχρὼζων
1344 5577 1408 5631 τὸ
1450 5573 1681 5650 ἀρχικὸν
1718 5572 2055 5652 ἀμπεχόνιον

405 5676 487 5749 τῷ
544 5669 920 5747 ἀπαραίτητος
978 5666 1112 5723 εἶναι
1175 5664 1313 5743 πρὸς
1359 5662 1605 5734 κόλασιν,
1657 5661 1792 5738 ὅπερ
1840 5661 1901 5719 ἐκ
1944 5668 2053 5721 τῶν

724 5792 992 5854 Pareat.
1039 5787 1151 5854 Gn.
1197 5781 1513 5859 CXXXIX.

2239 5310 2391 5367 462
2421 5312 2531 5365 Sed
2588 5315 2656 5366 ut
2713 5325 2835 5365 rem
2896 5308 2956 5363 in
3010 5323 3197 5378 pauca
3256 5304 3551 5361 conferam
3589 5321 3602 5359 :
3636 5301 3688 5359 si
3746 5303 3817 5358 de

2170 5401 2392 5456 szevitia
2445 5397 2713 5456 nonnihil
2787 5396 3103 5453 remisisset
3181 5394 3569 5461 Andronicus,
3625 5408 3814 5462 neque

2171 5492 2366 5546 statim
2430 5490 2496 5545 ad
2566 5488 2855 5544 sectiones
2935 5493 2991 5542 et
3078 5484 3338 5542 ustiones
3424 5486 3814 5556 properasset,

2172 5596 2358 5651 neque
2411 5583 2601 5634 vestes
2657 5576 3063 5648 imperatorias
3135 5574 3481 5632 inexorabili
3564 5575 3826 5630 suavitate

2170 5669 2422 5726 subinde
2449 5666 2755 5741 polluisset
2784 5666 2925 5739 (quo
2953 5662 3130 5723 veluti
3164 5664 3436 5738 contagio
3458 5661 3827 5721 crudelitatis

3430 5782 3507 5844 23
