4112 6218
335 481 460 541 ’117

1508 478 1610 540 DE
1655 477 1968 542 ISAAGIO
2008 481 2322 546 ANGEID
2369 487 2514 547 LIB.
2564 489 2614 548 Ι.

3645 493 3764 555 ’718

344 611 450 666 οὐκ
481 606 776 672 ἀποδιδοὺς
810 610 977 682 μόνον
1055 609 1102 665 εἲ
1175 631 1224 665 τι
1303 616 1408 667 τῶν
1441 611 1613 667 πάλαι
1670 613 1988 688 προσόντων

2107 622 2232 675 tum
2265 622 2557 680 restitutis
2587 640 2716 696 quae
2748 623 2942 681 adhuc
2990 624 3078 682 vel
3137 625 3194 681 in
3255 628 3456 684 aerario
3491 629 3576 686 vel
3625 630 3759 688 aliis

335 703 530 762 αὐτοῖς
587 700 688 756 οὐκ
751 701 1060 779 ἠφάντωτο,
1119 707 1189 777 τῇ
1224 701 1488 778 βασιλικῇ
1556 705 1697 782 γείζῃ
1731 705 1994 780 στεγόμε-

337 813 457 861 νον,
514 789 551 860 ἢ
611 791 737 866 παρ’
794 787 1148 866 ’Δνδρονίκου
1210 787 1504 868 βραϐευοὶν
1565 793 1772 870 ἕτεροις
1829 793 1996 849 εἷσὲτι

333 878 784 956 περιελέλειπτο,
846 877 993 935 ἀλλά
1039 879 1142 935 κάκ
1223 885 1330 936 τῶν
1387 881 1638 957 ἀρχικῶν
1710 883 1999 959 Θησαυρῶν

331 967 740 1046 προσπαρέχων
795 967 887 1024 καὶ
946 966 1228 1048 φιλοτίμῳ
1297 970 1446 1045 χειρὶ
1505 967 1874 1043 δεξιούμενος.
1929 973 1998 1029 Ὃ

333 1059 424 1116 καὶ
474 1059 568 1116 τὸν
636 1059 774 1114 κατά
825 1061 932 1113 τῶν
976 1057 1200 1114 Ἰταλῶν
1261 1061 1551 1115 κατειόθυνε
1615 1059 1888 1135 πόλεμον,
1947 1058 2000 1116 o'i

334 1147 636 1204 Θετταλίαν
696 1167 752 1202 τε
800 1147 956 1222 εἶχον
1017 1145 1126 1219 ἢδη
1184 1149 1272 1203 καὶ
1331 1147 1672 1228 Ἀμφίπολιν
1725 1151 1999 1224 παρεστή-

336 1259 522 1308 σαντο,
590 1237 1122 1312 καταθρασυνόμινοι
1194 1235 1388 1310 ἀνέδην
1465 1239 1556 1294 καὶ
1640 1239 1811 1310 αὐτῆς
1896 1245 1996 1310 τῆς

337 1325 774 1404 μεγαλοπόλεως
829 1333 930 1397 τῆς
989 1327 1362 1402 περιωνύμου,
1419 1331 1508 1384 καί
1581 1326 1996 1404 μεγαλαυχοῦν-

331 1438 424 1480 τες
453 1421 532 1490 τῷ
582 1416 720 1472 κατά
768 1437 828 1472 τε
881 1422 986 1492 γῆν
1037 1417 1170 1472 κατά
1197 1437 1256 1472 τε
1287 1417 1550 1472 θάλατταν
1604 1416 1771 1487 αὐτὴν
1804 1414 1996 1472 διαλα-

332 1503 452 1562 ϐεῖν
486 1509 610 1582 ῥᾷον
643 1506 733 1562 καὶ
776 1507 850 1568 ὡς
906 1505 1120 1582 ἐρήμην
1187 1509 1595 1582 καταλήψεσθαι
1655 1507 1874 1563 νοσσιὰν
1907 1507 1997 1561 καὶ

330 1595 643 1653 σκυλεῦσειν
701 1593 1115 1672 ἀταλαιπώρως
1177 1597 1557 1673 βραχυημέρῳ
1609 1597 1746 1651 πάνυ
1796 1601 1994 1670 καιρῷ.

330 1685 398 1742 Οἱ
425 1685 526 1762 γὰρ
561 1683 839 1760 ἅνθρωποι
871 1686 970 1756 τήν
1003 1683 1276 1743 Ἰσαακίου
1309 1686 1490 1764 ἀρχὴν
1521 1685 1594 1748 ὡς
1657 1685 1716 1739 ἐκ
1775 1689 1988 1760 χειμῶ-

328 1797 341 1814 ι
473 1773 490 1792 ι
551 1768 576 1791 ν
749 1768 852 1810 "rp
1018 1773 1032 1795 ι
1243 1796 1286 1810 ν
1420 1773 1434 1790 τ
1492 1773 1505 1790 ς
1621 1773 1631 1791 ο
1681 1795 1690 1803 _
1840 1793 1857 1802 _
1950 1773 1961 1792 ι

337 1793 521 1838 ιοςες
549 1793 646 1848 εαρ
679 1793 974 1847 μεικοασιν
1008 1772 1044 1844 τς
1089 1773 1340 1850 γαλήνην
1407 1795 1515 1829 απο
1577 1771 1746 1844 ζαλης
1805 1775 1994 1828 ϐιασα-

336 1883 492 1936 μενοι
539 1862 800 1938 σταθερὰν
860 1861 921 1918 ἐκ
977 1866 1084 1917 τῶν
1123 1863 1411 1938 ἁπανταχῇ
1488 1865 1811 1936 Ῥωμαϊκῶν
1867 1881 1990 1916 συν-

337 1951 521 2030 ἐρῥεον
565 1956 788 2030 χωρῶν,
851 1954 916 2010 οὐ
989 1953 1154 2027 μόνον
1219 1952 1338 2008 ὅσοι
1405 1953 1600 2029 πρώην
1667 1949 2070 2052 ὡπλίτευον,Β

335 2041 484 2098 ἀλλά
513 2045 600 2097 καὶ
630 2039 684 2096 ο⁹ί
709 2040 1000 2118 ἀπόμαχοι
1033 2039 1204 2097 παλαι
1235 2042 1369 2096 ποτὲ
1399 2041 1554 2111 ἦσαν,
1608 2041 1700 2095 καὶ
1747 2039 1899 2096 αὐτοὶ
1933 2037 1988 2095 δὲ

339 2133 453 2210 οὐχ
511 2133 674 2200 ἧττον
707 2131 906 2202 ἠῗθεοι,
939 2131 990 2185 οἱ
1025 2131 1122 2204 μὲν
1153 2130 1416 2205 ὀψόμενοι
1449 2129 1614 2203 μόνον
1645 2129 1740 2186 τὸν
1772 2128 1988 2185 ἐλευθε-

334 2221 518 2298 ρωτὴν
551 2226 752 2290 Μωσῆν
785 2219 876 2275 καὶ
899 2219 992 2275 τὸν
1015 2219 1345 2294 ἐπανάγοντα
1365 2213 1696 2296 Ζωροόάϐελ
1728 2221 1826 2290 τὴν
1852 2217 1987 2298 αἶ’χ-

335 2308 615 2385 μαλωσίαν
651 2310 796 2364 Σιὼν
822 2307 989 2384 (οὕτω
1021 2311 1123 2384 γαρ
1155 2307 1339 2371 αὐτοῖς
1399 2305 1638 2383 ἐκρίνετο
1675 2308 1986 2380 Ἰσαᾶκιος),

327 2398 383 2453 οἱ
409 2394 468 2453 δὲ
510 2395 938 2471 ἀποληψόμενοι
985 2397 1051 2452 τὰ
1109 2399 1314 2468 συνήθη
1363 2401 1480 2459 τοῖς
1535 2397 1986 2471 στρατευομένοις

327 2487 559 2562 ὀψώνια,
609 2487 752 2548 τινὶς
813 2483 872 2541 δὲ
925 2486 1018 2542 καὶ
1078 2485 1648 2562 στρατολογησὸμενοι
1703 2485 1793 2540 καὶ
1852 2488 1986 2542 κατὰ

321 2581 434 2632 τῶν
475 2575 720 2632 Σικελῶν
782 2573 1188 2650 ἀνδρισὸμενοι.
1247 2582 1334 2639 Ὠς
1389 2573 1444 2630 δὲ
1493 2572 1640 2648 δήλη
1683 2575 1900 2654 γέγονεν
1949 2579 1982 2646 ἡ

323 2664 676 2742 Ἀνδρονίκου
750 2666 1094 2746 καταστροφή
1169 2671 1286 2728 τοῖς
1362 2667 1495 2722 κατὰ
1547 2669 1646 2736 τήν
1699 2665 1985 2724 Φιλίππου

330 2753 600 2830 ἐπαρχίαν
630 2758 709 2827 τῷ
763 2755 980 2830 βασιλεῖ
1033 2758 1392 2831 συναπάρασιν
1449 2755 1669 2829 Ἰωάννῃ
1724 2760 1804 2828 τῷ
1865 2757 1985 2813 Ἀν-

333 2841 588 2921 δρονίκου
640 2839 817 2912 παιδὶ,
875 2847 1218 2919 παραχρῆμα
1275 2845 1363 2899 καὶ
1424 2845 1584 2906 αὐτὸς
1645 2843 1984 2922 συλληφθεὶς

331 2935 432 2996 τὶς
506 2933 671 3008 κόρας
740 2931 1055 2988 ἐκκόπτεται
1111 2934 1201 2988 καὶ
1259 2934 1612 3010 καταστρὲφει
1669 2935 1766 3002 τὴν
1836 2935 1980 3004 ζωὴν

331 3019 643 3093 ἐπωδύνως,
696 3021 989 3096 ὑπομείνας
1037 3022 1474 3097 παρακαλοῦντα,
1522 3023 1612 3077 καὶ
1666 3023 1743 3095 μή
1788 3021 1982 3097 εὑρὼν,

2105 706 2319 765 donata
2348 716 2718 782 supererant,
2741 713 2842 768 sed
2883 729 2952 768 ex
2998 713 3292 770 thesauris
3332 716 3510 770 etiam
3551 716 3762 776 libera-

2103 792 2236 850 liter
2265 799 2492 868 adjecta
2521 801 2790 872 pecunia.
2823 803 2956 869 Quae
3013 818 3106 858 res
3165 802 3354 858 effecit
3401 809 3464 860 ut
3493 821 3628 860 cum
3655 809 3760 860 La-

2104 885 2244 940 tinis
2277 885 2503 944 felicius
2526 889 2742 946 bellum
2767 895 3086 962 gereretur,
3113 891 3212 962 qui
3243 891 3606 950 Thessaliam
3631 895 3758 966 jam

2103 974 2383 1032 tenebant
2409 981 2464 1032 ct
2492 977 2889 1051 Amphipolim
2942 980 3294 1052 subegerunt
3333 984 3392 1037 et
3435 982 3760 1038 insolenter

2101 1059 2287 1133 ipsam
2321 1063 2542 1136 Cpolim
2575 1067 2946 1137 aﬂectabant,
2987 1084 3160 1140 quam
3203 1086 3266 1125 se
3314 1074 3466 1126 terra
3500 1070 3762 1144 marique

2103 1151 2426 1222 obsessam,
2463 1153 2630 1211 facile
2689 1160 2755 1211 ut
2799 1173 3047 1212 vacuum
3120 1157 3318 1214 nidum
3378 1163 3762 1230 occupaturos

2102 1243 2158 1294 et
2197 1240 2339 1296 citra
2389 1239 2650 1299 laborem
2713 1244 3021 1316 perexiguo
3081 1251 3343 1318 tempore
3403 1247 3760 1318 spoliaturos

2102 1327 2526 1401 gloriabantur.
2559 1331 2706 1388 Nam
2763 1333 3032 1390 homines
3075 1335 3260 1391 lsaaci
3313 1336 3557 1407 imperio
3591 1337 3758 1408 quasi

2101 1433 2236 1474 vero
2268 1424 2402 1489 post
2435 1419 2685 1478 hiemem
2711 1422 2863 1478 466
2905 1428 2963 1478 et
2994 1423 3421 1496 tranquillitate
3445 1431 3576 1497 post
3606 1431 3758 1482 tem-

2105 1513 2386 1579 pestatem
2440 1509 2770 1578 exhilarati,
2819 1529 2887 1568 ex
2935 1512 3210 1568 omnibus
3263 1513 3577 1585 provinciis
3623 1531 3758 1571 con-

2103 1595 2384 1667 ﬂuebant,
2419 1615 2524 1656 nec
2556 1601 2593 1656 ii
2627 1604 2858 1657 tantum
2915 1601 3016 1672 qui
3075 1609 3196 1656 tum
3260 1601 3610 1670 militabant,
3655 1605 3758 1660 sed

2102 1684 2372 1742 homines
2402 1688 2580 1744 etiam
2613 1688 2764 1746 bello
2787 1688 3013 1746 desueti
3055 1689 3280 1762 pridem
3326 1697 3382 1747 et
3410 1691 3759 1748 adolescen-

2103 1778 2211 1843 tes,
2254 1774 2352 1832 alii
2384 1783 2449 1833 ut
2477 1776 2846 1836 liberatorem
2880 1779 3095 1836 Mosam
3127 1783 3182 1836 et
3213 1779 3623 1837 Zorobabelem
3666 1795 3760 1838 ca-

2100 1865 2378 1936 ptivitatis
2407 1866 2620 1922 Sioniie
2662 1871 3025 1924 reductorem
3078 1874 3308 1925 tantum
3352 1869 3614 1926 viderent
3643 1869 3754 1942 (ta-

2101 1952 2172 2008 lis
2223 1954 2378 2010 enim
2438 1955 2760 2013 habebatur
2819 1958 3120 2030 Isaacius),
3181 1957 3282 2014 alii
3341 1962 3405 2014 ut
3461 1959 3755 2030 stipendia

2101 2042 2382 2100 militaria
2411 2043 2482 2100 de
2515 2063 2674 2102 more
2723 2046 3080 2119 acciperent,
3113 2046 3349 2116 quidam
3401 2051 3467 2102 ut
3518 2047 3755 2102 nomina

2101 2129 2326 2189 militia:
2379 2132 2588 2190 darent
2643 2138 2701 2190 et
2758 2133 2983 2190 Siculos
3039 2134 3263 2190 fortiter
3319 2133 3750 2207 propulsarent.

2099 2221 2170 2277 Ut
2201 2227 2396 2279 autem
2431 2223 2470 2279 ii
2519 2224 2618 2296 qui
2675 2240 2807 2280 eum
2855 2224 3193 2296 imperatore
3245 2222 3472 2280 Joanne
3527 2226 3751 2281 Andro-

2098 2312 2216 2369 nici
2249 2313 2366 2371 tilio
2399 2314 2457 2370 in
2513 2313 2902 2386 Philippicam
2951 2313 3308 2382 provinciam
3340 2314 3625 2384 abierant,
3658 2315 3750 2372 in~

2097 2403 2336 2458 teritum
2394 2403 2708 2459 Andronici
2765 2407 3180 2472 cognoverunt,
3237 2403 3415 2458 etiam
3491 2402 3745 2460 Joannes

2097 2491 2326 2556 ett‘ussis
2357 2491 2540 2548 oculis
2572 2507 2783 2563 magno
2815 2508 2949 2547 cum
2977 2489 3176 2548 dolore
3207 2491 3426 2560 interit,
3468 2492 3593 2548 sine
3626 2491 3746 2548 ulla

2097 2580 2449 2652 cujusquam
2501 2581 3012 2636 commiseratione
3062 2583 3120 2636 et
3172 2579 3590 2636 consolatione.
3636 2581 3746 2638 Eo-

2097 2670 2348 2741 demque
2369 2669 2540 2726 modo
2559 2671 2730 2726 frater
2751 2669 2878 2741 ejus
2909 2667 3136 2726 Manuel
3179 2674 3518 2734 exciscatur,
3569 2686 3750 2742 quan-

2096 2775 2272 2830 quam
2307 2759 2565 2831 paternis
2599 2758 2834 2829 injuriis
2896 2747 3265 2830 nequaquam
3315 2773 3626 2827 assensus;
3661 2759 3747 2814 id-

2097 2862 2208 2918 que
2257 2863 2372 2902 non
2431 2846 2878 2902 circumforanci
2922 2847 3090 2902 modo
3141 2845 3406 2902 homines
3463 2846 3744 2914 sciebant,

2095 2937 2196 2992 sed
2227 2941 2286 2992 et
2334 2937 2461 3009 ipse
2503 2939 2762 2992 Isaacius
2821 2937 3088 2992 omnium
3136 2935 3409 3008 maxime,
3455 2936 3556 3008 qui
3605 2952 3738 2992 eum

2093 3024 2313 3082 lumine
2340 3025 2606 3098 privavit.

331 3113 424 3169 καὶ
467 3110 942 3184 συλλυποᾶμενον,
981 3112 1070 3166 καὶ
1131 3113 1208 3186 μὴ
1265 3109 1413 3169 ἰδών.
1473 3111 1576 3168 Καὶ
1627 3113 1654 3166 ὁ
1704 3107 1935 3189 ἀδελφὸς
1993 3109 2050 3167 δέ
2095 3113 2148 3168 οἱ
2205 3113 2466 3176 ὡσαύτως
2523 3111 2791 3183 Μανουὴλ
2851 3111 3130 3190 συσχεθεὶς
3182 3111 3564 3194 ἒκτυιρλοῦται,
3606 3114 3742 3170 κατά

330 3199 506 3276 μηδὲν
563 3201 715 3273 αὐτῷ
766 3199 1156 3276 ἐπαρκέσαντος
1209 3206 1308 3256 τοῦ
1369 3199 1500 3275 μηδ’
1553 3199 1700 3264 ὅλως
1751 3206 1868 3278 τοῖς
1925 3207 2210 3279 πατρικοῖς
2267 3201 2598 3268 συντίθεσθαι
2655 3202 2998 3277 ἀνομήμασι,
3081 3202 3172 3258 καὶ

324 3285 683 3364 ἀκριϐέστατα
741 3289 805 3345 οὐ
866 3288 1033 3363 μόνον
1089 3289 1218 3356 τοὺς
1273 3289 1325 3346 ἐν
1382 3290 1556 3368 ἀγορᾷ
1616 3289 2034 3369 στρεφομένους,
2095 3290 2243 3350 ἀλλά
2297 3292 2384 3348 καὶ
2444 3290 2603 3348 αὐτὸν
2665 3292 2918 3348 ἀπάντων
2993 3290 3234 3366 μάλιστα

324 3378 580 3456 ἐστέρησε
611 3378 704 3434 τὸν
734 3377 898 3455 ἄνδρα
926 3383 1021 3434 τοῦ
1052 3380 1253 3459 φωτός.

397 3560 548 3632 [230]
583 3557 734 3618 Ἰδὼν
771 3557 830 3616 δὲ
861 3559 1126 3622 Ἰσαάκιος
1155 3559 1254 3628 τὴν
1289 3557 1346 3612 ἐκ
1395 3563 1503 3614 τῶν
1551 3556 1702 3630 ἑῴων
1758 3557 1973 3613 πόλεων
2017 3563 2060 3630 C

330 3647 646 3723 συνδρομὴν
671 3653 768 3705 τοῦ
801 3647 910 3705 λεὼ
940 3650 1132 3719 ἱκανὴν
1166 3646 1494 3723 συνάρασθαί
1527 3647 1579 3702 ol
1604 3647 1739 3702 κατά
1790 3650 1898 3701 τῶν
1929 3646 1989 3701 ἐκ

333 3737 593 3801 Σικελίας
677 3736 920 3814 ἐχθρῶν,
979 3735 1178 3800 αὐτούς
1250 3757 1310 3792 τε
1355 3735 1600 3809 ἀσμένως
1651 3733 1984 3810 εἰσῳκίζετο,

328 3827 424 3882 καέ
455 3827 684 3904 δωρεαῖς
738 3827 1038 3905 εὐφραίνων
1097 3826 1196 3898 ὅση
1249 3823 1476 3898 δ·3ναμις
1526 3824 1616 3880 καὶ
1669 3821 1983 3880 ὀπτοδοτῶν

331 3917 417 3979 εἷς
483 3917 546 3971 τὸ
607 3917 744 3990 μετά
798 3920 896 3971 τοῦ
955 3919 1133 3989 Βρανᾶ
1191 3910 1550 3989 στρατόπεδον
1609 3911 1985 3983 ἐξαπέστελλε,

327 4005 429 4060 καὶ
503 4009 622 4069 τοῖς
698 4002 919 4067 λοιποῖς
997 4001 1056 4060 δὲ
1129 4005 1463 4072 Ῥωμαϊκοῖς
1499 4001 1762 4077 τάγμασιν
1814 4003 1988 4057 ὁπόσα

327 4091 628 4167 ἐουραύλει
686 4099 804 4158 τοῖς
857 4091 1157 4168 πολεμίοις
1212 4090 1626 4170 ἀντιφερύμενα,
1674 4084 1884 4163 ἔπεμψε
1919 4089 1986 4144 τὰ

326 4181 598 4258 βασιλικὰ
630 4185 914 4259 σιτηρὲσια
943 4181 1034 4237 καὶ
1085 4180 1164 4237 ἔτι
1213 4179 1426 4256 μᾶλλον
1477 4181 1610 4256 πρὸς
1663 4181 1752 4234 τὸν
1805 4181 1986 4254 ἀγῶνα

323 4271 612 4349 ἐπέρρωσε
650 4273 740 4328 τὸν
798 4271 1176 4347 προκείμενον,
1238 4271 1554 4334 ποσωθὲντα
1615 4269 1692 4332 εἷς
1749 4269 1984 4345 χρυσίου

321 4360 656 4435 κεἰτηνὲίρια
703 4361 1119 4437 τεσσαράκοντα.
1171 4359 1316 4416 Αὐτὸ
1367 4358 1554 4432 μέντοι
1603 4359 1666 4414 τὸ
1719 4356 1779 4412 ἐκ
1828 4365 1988 4412 Σιγε-

317 4449 454 4510 λίας
485 4448 792 4526 ἀντίμαχον
829 4451 1000 4524 μήπω
1049 4451 1114 4504 τὶ
1167 4449 1284 4504 κατ’
1336 4444 1678 4523 Ἀνδρόνικον
1725 4444 1986 4500 ﬁve-nici-

318 4559 494 4614 μενον
553 4539 830 4614 εὐθαρσῶς
891 4545 991 4610 τῆς
1043 4539 1095 4601 ἐς
1143 4537 1211 4594 τὰ
1256 4535 1446 4612 πρόσω
1503 4536 1727 4611 πορείας
1775 4533 1982 4612 εἶ’χετο,

315 4628 498 4704 πέρας
527 4633 635 4684 τῶν
672 4628 896 4704 μόχθων
927 4635 1028 4698 τῆς
1060 4625 1374 4702 ὁδοιπορίας
1415 4627 1516 4694 τήν
1569 4623 1984 4682 Κωνσταντίνου

316 4719 511 4782 Οέσοαι
563 4715 970 4791 διανοούμενον.
1035 4717 1132 4772 Καὶ
1193 4717 1221 4772 ὁ
1281 4716 1475 4778 στόλος
1534 4713 1591 4770 δὲ
1645 4712 1983 4777 ἀναπλεύσας

312 4813 442 4872 ταῖς
474 4809 666 4879 νήσοις
705 4805 1043 4882 προῴκειλεν
1089 4803 1145 4860 α⁸ί
1196 4804 1430 4882 ἄγχιστα
1476 4825 1580 4859 που
1628 4811 1728 4874 τῆς
1769 4801 1984 4866 πόλεως

3233 3201 3522 3259 συνειδέναι
3579 3207 3742 3258 τοῦτο

3329 3292 3616 3366 ’1σααὶκιον,
3683 3291 3740 3356 ὅς

2165 3559 2216 3615 Is
2247 3575 2345 3616 eos
2364 3559 2461 3631 qui
2485 3575 2554 3616 ex
2596 3559 2828 3617 Oriente
2859 3560 3306 3625 concurrebant,
3356 3574 3486 3616 cum
3537 3559 3609 3615 ad
3655 3559 3738 3614 Si-

2096 3649 2256 3706 culos
2277 3649 2706 3722 propulsandus
2753 3647 2900 3706 satis
2933 3665 3062 3704 esse
3108 3647 3322 3704 multos
3369 3653 3645 3716 cerneret,
3684 3652 3740 3702 et

2091 3739 2302 3810 cUpide
2323 3739 2651 3810 suscepitet
2667 3755 2768 3810 pro
2786 3737 2938 3794 virili
2955 3737 3293 3793 muneribus
3311 3737 3526 3792 et461
3555 3736 3736 3792 armis

2091 3832 2327 3884 ornatos
2360 3827 2417 3883 in
2448 3827 2652 3882 Branae
2683 3831 2877 3882 castra
2907 3826 3088 3882 misit.
3148 3828 3223 3881 Ac
3279 3833 3512 3881 caeteras
3561 3823 3733 3881 etiam

2065 3917 2381 3982 Romanas
2407 3915 2688 3990 legiones,
2719 3933 2844 3988 quae
2863 3917 3065 3972 contra
3100 3915 3301 3972 hostes
3332 3915 3392 3970 in
3432 3915 3732 3987 procinctu

2091 4011 2275 4074 erant,
2310 4006 2618 4078 stipendiis
2674 4005 2894 4072 missis,
2952 4021 3078 4076 qua:
3128 4006 3200 4061 ad
3257 4023 3330 4061 xx.
3371 4007 3737 4063 centenarios

2090 4093 2215 4150 auri
2246 4091 2650 4160 conﬁciebant,
2684 4093 2755 4148 ad
2788 4091 3015 4148 instans
3057 4091 3374 4148 discrimen
3425 4091 3737 4150 alacriores

2092 4182 2245 4240 fecit.
2279 4182 2558 4238 Caeterum
2594 4181 2792 4238 hostes
2822 4179 3006 4236 Siculi
3037 4181 3296 4236 nondum
3347 4180 3550 4236 audito
3591 4197 3730 4237 casu

2091 4271 2408 4328 Andronici
2467 4270 2826 4326 conﬁdenter
2873 4269 3209 4342 pergebant,
3255 4270 3576 4342 praestituto
3622 4271 3737 4328 fine

2091 4359 2354 4417 laborum
2389 4359 2764 4430 itinerisipsa
2793 4359 2976 4432 Cpoli.
3011 4358 3229 4416 Classis
3275 4375 3508 4434 quoque
3545 4363 3614 4418 ad
3646 4362 3738 4418 in—

2091 4449 2253 4506 sulas
2287 4449 2414 4506 urbi
2439 4447 2732 4520 proximas
2763 4447 3011 4520 appulit.
3026 4448 3136 4504 Sed
3161 4448 3211 4504 is
3231 4447 3333 4520 qui
3367 4450 3630 4522 gigantes
3653 4451 3737 4508 in-

2091 4537 2600 4612 gentibusviribus
2631 4535 2922 4605 curribus,
2953 4541 3010 4592 et
3048 4536 3216 4608 equis
3251 4537 3442 4594 salvos
3464 4555 3592 4596 esse
3621 4555 3735 4596 non

2091 4628 2233 4686 sinit
2261 4630 2318 4684 et
2341 4624 2664 4682 humilibus
2695 4625 2938 4696 gratiam
2968 4623 3236 4693 instillat,
3258 4625 3524 4685 homines
3555 4627 3738 4686 elatos

2089 4715 2393 4785 labefecit;
2427 4719 2482 4771 et
2506 4719 2570 4770 ut
2599 4713 2734 4770 olim
2767 4720 2970 4773 contra
3009 4715 3188 4772 turris
3226 4716 3626 4785 aediﬁcatores,
3659 4719 3740 4776 ita

2090 4810 2294 4864 contra
2343 4803 2450 4860 hos
2503 4803 2678 4860 etiam
2737 4803 3056 4872 descendit,
3120 4822 3186 4862 ac
3254 4805 3486 4879 linguas
3535 4824 3738 4865 eorum

318 4895 748 4974 ἀμεριῤῥὲονται.
791 4893 948 4953 Ἀλλ’
997 4895 1025 4949 ὁ
1072 4893 1201 4958 τοὺς
1246 4892 1498 4970 γίγαντας
1549 4893 1626 4964 μὴ
1679 4891 1728 4946 ἐν
1783 4889 1980 4962 πλήθει

2096 4895 2244 4952 haud
2279 4909 2420 4951 sane
2452 4892 2736 4957 contudit,
2771 4893 2872 4948 scd
2907 4895 3224 4950 exercitum
3277 4895 3336 4952 in
3386 4902 3504 4952 tres
3545 4901 3736 4968 partes

313 4987 518 5062 ἶσχῦος
550 4987 726 5042 ατότῶν
758 4985 847 5042 καὶ
879 4985 1082 5062 ἅρμασι
1113 4984 1203 5040 καὶ
1229 4981 1424 5047 ’ίπποις
1452 4983 1718 5052 σώζεσθαι
1777 4981 1978 5062 ἀφιεῖς,

310 5081 438 5140 τοῖς
473 5072 532 5131 δὲ
557 5079 832 5136 ταπεινοῖς
863 5073 953 5130 καὶ
983 5074 1276 5150 προσηνέσι
1337 5073 1499 5148 χάριν
1551 5068 1979 5136 ἐπισταλάττων,

315 5165 485 5227 οὗτος
525 5159 655 5228 τοὺς
714 5164 1022 5239 ὑψαιῧχενας
1075 5159 1298 5242 ἔσφηλε,
1356 5159 1446 5216 καὶ
1505 5159 1579 5222 ὡς
1638 5162 1827 5234 πρώην
1890 5157 1977 5212 ἐπὶ

312 5261 433 5310 τῶν
512 5253 991 5330 πυργοποιοῦντων
1069 5249 1224 5316 αὖθις
1301 5251 1550 5326 ἀτεχνῶς
1627 5244 1861 5309 καταϐὰς
1912 5246 1976 5302 οὐ

316 5344 551 5421 συνέχεε
585 5346 678 5420 μὲν
709 5345 806 5408 τὰς
837 5341 1090 5422 γλώσσας
1138 5341 1340 5411 αὐτῶν,
1396 5339 1473 5404 εἷς
1518 5337 1575 5394 δὲ
1618 5337 1978 5422 τρισαοῦμενα

306 5437 548 5500 τούτους
605 5430 916 5490 καταδιεῖλε
967 5433 1252 5506 τμήματα.
1305 5429 1384 5487 Τὸ
1459 5427 1552 5502 μὲε
1585 5427 1682 5504 γὰρ
1731 5428 1828 5496 τὴν
1868 5431 1974 5482 τῶν

310 5524 608 5584 Θετταλῶν
669 5520 1100 5599 προκαθημένην
1159 5518 1322 5576 πόλιν
1386 5517 1542 5588 είάθη
1599 5521 1850 5596 φρουρεῖν
1887 5515 1978 5572 καὶ

312 5611 477 5687 ἔμενε
506 5611 645 5668 κατά
671 5610 860 5686 χώραν
893 5608 1027 5684 μετὰ
1077 5610 1226 5678 νηῶν
1283 5607 1760 5680 ταχυναυτουσῶν,
1810 5603 1874 5659 τὸ
1924 5599 1986 5658 δὶ

315 5701 419 5765 τάς
457 5698 662 5778 Σέῤῥας
707 5694 884 5774 ἔκειρε
931 5695 1120 5774 περιὸν
1168 5692 1360 5758 ἀδεῶς·
1415 5695 1477 5750 τὸ
1529 5691 1586 5750 ὂὶ
1641 5691 1818 5768 τρίτον
1885 5694 1982 5748 τοῦ

322 5793 520 5872 πρόσω
553 5789 814 5869 ἰχόμινον
868 5787 984 5846 οὐδ’
1039 5788 1169 5844 αὐτὸ
1217 5788 1468 5866 καθαρῶς
1517 5783 1585 5856 ἦν
1651 5781 1980 5860 ἀδιαίρετον,

2091 4983 2307 5052 divisit,
2341 4998 2587 5055 quarum
2635 4998 2752 5037 una
2803 4983 2873 5038 ad
2933 4983 3363 5040 Thessalonica
3413 4984 3734 5040 custodiam

2088 5090 2223 5129 cum
2255 5070 2540 5144 expeditis
2565 5069 2807 5126 navibus
2834 5069 3032 5126 relicta
3054 5076 3164 5139 est,
3199 5070 3380 5127 altera
3416 5072 3732 5128 Serranum

2088 5177 2294 5234 agrum
2319 5159 2561 5232 impune
2585 5157 2833 5214 vastavit
2856 5175 2870 5214 :
2894 5160 3068 5214 tertia
3098 5176 3225 5232 quas
3263 5159 3510 5216 ulterius
3533 5175 3738 5232 perge-

2089 5247 2208 5316 bat,
2243 5265 2314 5302 ne
2343 5247 2471 5318 ipsa
2503 5245 2738 5317 quidem
2769 5244 2939 5316 plane
2967 5246 3289 5312 indivulsa,
3312 5247 3525 5318 partim
3575 5247 3740 5316 juxta

2089 5337 2454 5406 Strymonem
2470 5332 3427 5406 versabaturetAmphipolitanum
3441 5351 3639 5408 agrum
3653 5353 3744 5394 va-

2089 5422 2508 5496 stabat,partirn
2520 5419 2790 5476 alacriter
2801 5422 3154 5478 antecedens
3166 5427 3222 5478 et
3238 5423 3398 5481 urbis
3413 5425 3744 5499 ingressum

2091 5511 2595 5584 anticipansluxta
2613 5508 3036 5582 Mosynopolim
3052 5515 3240 5567 castra
3253 5511 3594 5571 habebat.Et
3606 5513 3747 5587 quia

2090 5601 2244 5659 468
2286 5604 2564 5674 perpetuo
2587 5598 2838 5654 victores
2861 5599 3155 5656 neminem
3189 5599 3480 5661 habebant
3519 5605 3622 5678 qui
3648 5621 3744 5662 re-

2093 5694 2344 5760 sisteret,
2373 5697 2583 5747 temere
2625 5687 3046 5760 excurrebant;
3105 5695 3164 5748 et
3212 5697 3512 5754 turmatim
3571 5694 3742 5752 divisi

2096 5783 2246 5841 alias
2275 5779 2388 5838 alio
2414 5795 2517 5856 pro
2547 5795 2654 5837 sua
2685 5777 2939 5852 quisque
2967 5777 3210 5840 libidine
3255 5783 3640 5858 vagabantur,
3689 5783 3740 5838 si
