4116 6206
507 370 626 433 ’119

1820 358 2128 424 ΝΙΟΕΤΕ
2169 358 2588 423 ΟΗΟΝῙΔΤΑΞ

3790 361 3916 425 720

508 501 738 572 quando
769 496 1126 571 Mosynopoli
1159 497 1483 568 praedatum
1523 495 1853 554 exeundum
1921 498 2046 551 erat
2093 497 2151 548 et

2262 488 2387 547 ἀλλ’
2419 487 2448 546 ὅ
2483 495 2576 566 μὲν
2603 497 2702 550 τοῦ
2734 493 3045 571 Στρυμόνος
3073 515 3222 551 επινε
3249 495 3341 550 καὶ
3391 493 3640 565 ἐλούετο,
3691 495 3912 572 φθεῖρον

509 595 873 646 commeatus
902 587 1331 658 importandus.

2257 581 2325 635 τά
2380 586 2496 637 κατ’
2543 583 2899 659 Ἀμφίπολιν,
2958 585 2987 640 ὅ
3045 584 3101 642 δὲ
3155 586 3633 660 προπορευόμενον
3684 584 3919 660 γεγηθὸς

507 679 594 732 καὶ
637 680 750 732 οἷον
819 677 1171 753 προαρπάζον
1238 677 1334 744 τήν
1405 676 1481 738 εἷς
1548 677 1644 742 τὴν
1720 671 2114 748 βασιλεύουσαν
2181 669 2391 727 ε’ίσοδον
2458 676 2595 730 κατὰ
2663 675 3049 734 Μοσυνόπολιν
3118 675 3624 752 ἐστρατοπεδεύετο.
3682 676 3800 733 Ἀεὶ
3860 673 3915 729 ἃ

505 772 759 830 νικῶντες
817 768 904 823 καὶ
973 765 1180 840 μηδένα
1229 767 1319 822 τὸν
1372 766 1426 829 ές
1477 771 1665 840 χεῖρας
1723 763 1945 838 ἔχοντες
2001 761 2221 816 ἐπιόντα
2283 762 2708 837 ἀπερισκέπτους
2759 764 2929 840 ἔδρων
2986 767 3079 829 τὰς
3110 766 3382 842 ἐκδρομὰς
3437 766 3527 821 καὶ
3585 766 3726 820 κατὰ
3788 763 3914 825 ἴλας

509 854 912 922 ἀποδιίσταντο,
972 857 1062 911 καὶ
1121 855 1291 918 ἂλλος
1352 855 1574 921 ἄλλοθι,
1633 854 1812 927 ὥσπερ
1868 853 2074 924 ἑκάστῳ
2133 850 2318 926 φίλον,
2387 852 2865 928 ἀπεσκεδάννυντο,
2933 856 2984 911 εἷ’
3045 878 3178 912 ποτε
3245 855 3485 926 δεήσειεν
3552 856 3745 924 έξιέναι
3815 875 3914 924 της

509 947 948 1008 Μοσυνοπόλεως
976 945 1062 1001 ἐπὶ
1095 945 1325 1020 ληϊσμῷ
1345 945 1434 1000 καὶ
1460 949 1539 1016 τῷ
1563 945 1628 999 τὰ
1659 940 1942 1013 ἐπιτήδεια
1975 942 2390 1018 εἰσενέγκασθαι.

581 1042 864 1095 2.Branas
887 1039 1062 1110 igitur
1082 1039 1218 1104 dux,
1251 1037 1633 1092 Barbarorum
1657 1032 2007 1106 negligentia
2031 1034 2155 1087 ani-

512 1132 836 1194 madversa,
869 1144 970 1198 per
987 1125 1601 1182 occasionemadducit
1649 1124 1984 1188 exercitum,
2009 1136 2158 1192 aegre

512 1219 810 1292 persuasis
833 1219 1122 1273 militibus
1142 1223 1204 1272 ut
1227 1216 1468 1287 paulum
1494 1233 1524 1271 e
1552 1215 1850 1269 montibus
1882 1213 1937 1266 in
1968 1212 2159 1284 plani-

509 1311 648 1365 tiem
669 1307 1223 1370 descenderent.Qui
1248 1323 1382 1362 cum
1401 1306 1581 1377 primo
1597 1320 1912 1374 congressu
1937 1300 2160 1371 aliquot

511 1400 782 1457 cohortes
807 1397 1063 1452 hostium
1089 1396 1328 1451 feliciter
1349 1395 1815 1466 propulsassent,
1838 1391 2159 1463 Myrmido-

512 1505 650 1544 num
680 1487 932 1541 l'abulam
955 1488 1146 1556 reipsa
1167 1484 1611 1550 conﬁrmarunt,
1636 1482 1829 1537 statim
1853 1479 1959 1536 viri
1982 1479 2155 1533 fortes

512 1575 1022 1643 facti,subindeiis
1043 1575 1139 1643 qui
1166 1580 1327 1644 terga
1361 1574 1578 1628 dabant
1611 1570 1843 1635 occisis,
1867 1575 1924 1624 et
1959 1568 2154 1622 hostes

511 1668 794 1738 adipsam
818 1680 1002 1736 usque
1043 1661 1463 1734 Mosynopolim
1514 1660 1821 1732 persecuti.
1857 1657 1920 1712 Ut
1958 1662 2152 1711 autem

513 1774 648 1812 cum
674 1756 896 1811 caeteris
918 1752 1400 1825 quoquet‘eliciter
1417 1747 1972 1819 diinicarunt,etiam
1997 1745 2156 1816 Oppi-

515 1847 656 1904 dum
689 1846 961 1900 invadere
993 1846 1365 1906 statuerunt;
1403 1845 1458 1896 et
1495 1839 1676 1910 portis
1699 1837 1973 1902 incensis,
2008 1851 2154 1908 quas

515 1941 715 1992 hostes
738 1935 863 2005 jam
906 1931 1090 1988 territi
1122 1929 1550 1994 custodiebant,
1585 1927 1969 1982 Barbarorum
1990 1922 2156 1979 cedi-

513 2027 628 2081 bus
653 2030 782 2095 post
804 2023 1144 2077 diuturnam
1171 2019 1250 2075 rei
1273 2019 1492 2073 bellica:
1516 2018 1726 2072 famem
1747 2018 1888 2070 sunt
1919 2013 2151 2086 expleti.

2336 1032 2399 1105 β’.
2454 1032 2702 1104 Φυλάξας
2733 1035 2912 1091 τοίνυν
2963 1037 2989 1090 ό
3040 1036 3339 1111 στρατηγὸς
3401 1039 3610 1110 Βρανᾶς
3651 1034 3721 1090 τά
3765 1035 3917 1109 παρὰ

2258 1124 2366 1174 τῶν
2401 1118 2688 1198 βαρϐάρων
2723 1122 2829 1180 ὧδέ
2867 1147 2943 1197 πῃ
2992 1126 3277 1202 γινόμενα,
3328 1126 3429 1194 τὴν
3470 1125 3725 1198 στρατιὰν
3769 1123 3915 1179 ἐπά-

2262 1229 2344 1282 γει
2404 1211 2538 1266 κατᾶ
2587 1213 2798 1288 καιρὸν,
2864 1213 3027 1288 μόλις
3084 1215 3273 1276 πείσας
3345 1215 3648 1280 ἀποστῆναι
3714 1215 3916 1288 μικρὸν

2260 1302 2370 1352 τῶν
2403 1301 2572 1375 ὀρέων
2605 1303 2694 1358 καὶ
2756 1300 2971 1379 βαδίσαι
3020 1305 3156 1360 ποτε
3201 1303 3292 1358 καὶ
3337 1301 3519 1358 πεδίον
3569 1303 3917 1374 ἱππήλατον.

2267 1389 2362 1446 Καὶ
2403 1391 2477 1453 ὡς
2535 1390 2732 1461 ἤνυσάν
2781 1414 2832 1448 τι
2885 1394 3126 1470 χρηστὸν
3185 1393 3244 1449 ἐκ
3300 1395 3526 1469 πρώτης
3585 1394 3770 1468 ὁρμῆς
3831 1396 3919 1449 καὶ

2266 1486 2461 1554 μοῖραν
2494 1481 2784 1555 ἐτρέψαντο
2827 1489 2936 1538 τῶν
2993 1483 3329 1548 ἀντιπάλων,
3387 1484 3480 1538 τὸν
3528 1489 3636 1538 τῶν
3691 1489 3920 1558 Μυρμιο

2263 1566 2434 1624 δόνων
2511 1575 2679 1641 μῦθον
2754 1570 2936 1649 ἔργοις
3013 1572 3198 1635 αὐτοῖς
3257 1572 3646 1643 ἐπιστώσαντο,
3718 1572 3925 1650 αἴφνης

2260 1659 2335 1720 εἷς
2382 1659 2615 1734 ἀγαθοὺς
2663 1658 2855 1737 ἄνδρας
2919 1662 3290 1734 μετατεθέντες
3345 1661 3436 1716 καὶ
3495 1662 3576 1717 ἀεὶ
3625 1664 3721 1717 τὸν
3782 1659 3921 1718 ὄπι-

2259 1759 2378 1811 σθεν
2407 1751 2514 1820 (22)
2546 1749 2864 1812 κτείνοντες.
2916 1745 3123 1820 Συνέϐη
3181 1748 3227 1805 δ’
3275 1749 3595 1818 ἐπιταθῆναι
3648 1753 3750 1819 τὴν
3813 1757 3924 1806 τῶν

2257 1836 2540 1909 πολεμίων
2598 1835 2874 1909 ἐπιδιωξιν
2924 1839 3015 1894 καὶ
3073 1839 3210 1894 κατὰ
3280 1838 3660 1896 Μοσυνόπολιν
3721 1839 3920 1910 αὐτήν.

2259 1925 2520 2001 Εύτυχῶς
2559 1925 2616 1982 δὲ
2670 1929 2760 1982 καὶ
2816 1934 2934 1990 τοῖς
2991 1926 3184 2001 ἑφεξῆς
3243 1927 3683 2003 προσπλακέντες
3740 1927 3921 1984 ἐπιτί-

2257 2017 2432 2070 θενται
2464 2015 2702 2078 καὶτοῖς
2749 2021 2846 2072 τοῦ
2890 2016 3234 2090 πολίσματος
3287 2015 3491 2082 ἔνδοθι.
3546 2019 3773 2091 Ἀμέλει
3829 2019 3921 2074 καὶ

513 2093 710 2185 quue
733 2128 1006 2168 successu
1043 2126 1154 2166 non
1179 2106 1459 2173 contenti,
1490 2109 1558 2163 ad
1582 2123 1681 2162 eos
1708 2105 1858 2161 409
1891 2105 1990 2175 qui
2015 2105 2151 2158 Am-

2262 2105 2355 2167 τάς
2383 2103 2560 2165 πύλας
2618 2106 2762 2180 παρὰ
2799 2109 2906 2160 τῶν
2966 2103 3249 2178 πολεμίων
3313 2107 3719 2184 φρουρουμένας
3776 2105 3922 2181 (ἤδη

513 2203 799 2276 pbipolim
825 2201 1098 2256 tenebant
1126 2202 1552 2272 properarunt;
1586 2202 1641 2251 et
1679 2195 1936 2251 hostium
1973 2193 2156 2248 armis

514 2301 691 2364 atque
721 2293 884 2363 equis
917 2289 1208 2354 instructi,
1243 2294 1464 2359 partem
1499 2303 1625 2358 qua:
1657 2284 1850 2340 adhuc
1893 2283 1962 2338 ad
1995 2284 2156 2354 Stry-

512 2398 744 2439 monem
777 2381 1118 2435 versabatur
1138 2381 1278 2432 sunt
1299 2375 1507 2430 adorti.
1544 2374 1624 2430 lbi
1655 2389 1847 2429 rerum
1901 2372 2044 2428 facie
2067 2372 2155 2426 di-

513 2472 731 2527 vinitus
763 2473 1003 2536 mutata,
1037 2467 1257 2538 pridem
1295 2466 1512 2521 feroces
1553 2468 1609 2520 et
1669 2462 2008 2527 insolentes,
2057 2459 2156 2532 qui

517 2579 577 2618 se
592 2566 818 2616 tantum
838 2575 950 2613 non
968 2561 1193 2612 montes
1207 2555 1392 2610 hastis
1415 2568 1718 2610 eversuros
1760 2551 2155 2620 minabantur,

516 2652 674 2706 fama
694 2651 762 2704 de
785 2664 1024 2703 suorum
1049 2646 1118 2701 ad
1146 2643 1568 2716 Mosynopolim
1596 2642 1758 2698 clade
1780 2638 2156 2706 consternati,

514 2739 683 2811 quasi
714 2737 959 2794 fulmine
990 2735 1087 2790 icti
1121 2739 1221 2789 aut
1249 2733 1501 2802 attoniti,
1533 2747 1787 2804 pugnam
1815 2729 2158 2786 differebant

515 2834 573 2885 et
611 2827 853 2900 segnius
883 2826 942 2880 in
973 2825 1156 2880 aciem
1209 2820 1654 2891 descendebant.
1716 2819 1961 2875 Romani
2005 2835 2155 2885 vero,

514 2919 820 2990 repudiata
851 2915 1102 2987 ignavia,
1137 2916 1199 2968 ut
1229 2911 1514 2966 sublimes
1548 2909 1755 2981 aquila:
1795 2909 1853 2963 in
1903 2907 2158 2964 humiles

515 3007 772 3065 aviculas
802 3004 1086 3077 impetum
1109 3001 1167 3056 in
1191 3017 1289 3058 eos
1314 3003 1496 3056 facere
1520 3001 1785 3065 avebant,
1813 3001 1870 3053 et
1917 3014 2050 3053 cum
2084 2997 2157 3052 iis

513 3095 784 3167 congredi
827 3111 861 3148 a
892 3093 1108 3164 quibus
1137 3087 1576 3146 contumeliosis
1606 3087 1796 3143 verbis
1819 3087 2000 3157 spreti
2036 3087 2156 3141 fue-

512 3185 812 3241 rant.Cum
837 3187 1034 3238 autem
1063 3180 1121 3234 in
1151 3178 1474 3234 Demetrizaa
1523 3192 1730 3248 campo
1774 3180 2020 3246 uterque
2050 3190 2156 3230 ex-

512 3273 727 3330 ercitus
767 3269 1159 3334 convenisset,
1215 3265 1391 3321 Siculi
1459 3273 1678 3320 metum
1733 3279 1907 3319 suum
1969 3262 2158 3334 magis

512 3363 687 3418 etiam
719 3359 1088 3415 declararunt
1117 3355 1323 3428 legatis
1353 3355 1424 3410 ad
1458 3353 1708 3409 Branam
1741 3353 1813 3408 de
1851 3367 1992 3424 pace
2023 3352 2160 3406 mis-

2265 2193 2370 2268 γὰρ
2412 2188 2581 2270 φόϐος
2627 2194 2719 2249 καὶ
2768 2195 3076 2269 φρικασμὸς
3133 2194 3328 2258 αὐτοὺς
3388 2197 3735 2272 περιεκέχυτο
3803 2197 3929 2251 σώ-

2271 2287 2457 2356 ματος)
2489 2281 2812 2358 παραδόντες
2842 2286 2994 2361 πυρὶ,
3041 2283 3506 2356 εἷσπεπηδηκότες
3549 2282 3740 2350 ἔσωθεν
3805 2291 3926 2362 (23)

2266 2371 2603 2428 ἔνειστιῶντο
2650 2379 2770 2438 ταῖς
2822 2380 3074 2454 σφαγαῖς,
3124 2372 3213 2429 ἐπὶ
3272 2376 3475 2448 μακρὸν
3521 2374 3772 2430 ἀπόσιτοι
3827 2377 3928 2431 ὄν-

2264 2483 2351 2524 τες
2389 2463 2812 2537 καρυκευμάτων
2863 2463 3119 2538 ἆρεϊκῶν.
3178 2465 3266 2525 Ὠς
3324 2461 3371 2518 δ’
3426 2458 3622 2540 ἔφαγον
3671 2464 3925 2522 πλοῦτον

2267 2550 2428 2606 ἐθνῶν
2466 2550 2872 2622 ἐνεπλήσθησάν
2936 2573 2996 2607 τε
3055 2553 3145 2606 καὶ
3212 2551 3576 2623 ἐλιπάνθησαν
3632 2559 3750 2616 τοῖς
3819 2553 3928 2610 λα-

2267 2644 2729 2719 φυραγωγήμασι,
2769 2643 2859 2697 καὶ
2898 2642 3034 2698 κατᾶ
3082 2643 3190 2698 τῶν
3246 2643 3370 2719 περὶ
3422 2644 3522 2713 τήι
3571 2644 3922 2722 Ἀμφίπολιν

2266 2729 2833 2807 ἔφρονηματίσθησαν,
2882 2732 2956 2792 ὡς
3006 2727 3183 2786 ἕωλον
3231 2733 3438 2811 τροφὴν
3495 2735 3596 2802 τήν
3646 2733 3928 2808 πρότριτα

2265 2820 2419 2892 νίκην
2465 2821 2968 2896 ἀντιπαρελθόντες.
3021 2821 3264 2895 Ἀπῆραν
3317 2821 3409 2876 οὖν
3455 2822 3530 2884 ὡς
3580 2819 3923 2896 παρεμϐολή

2266 2914 2399 2966 Θεοῦ
2437 2909 2473 2980 ἤ
2515 2909 2746 2966 λεόντων
2825 2907 3213 2985 στρατόπεδον,
3290 2916 3407 2973 τοῖς
3461 2915 3572 2966 τῶν
3624 2911 3923 2986 πολεμίων

2269 2999 2456 3061 ἱπποις
2522 3000 2612 3054 καὶ
2675 2997 2975 3073 ὁπλισμοῖς
3040 3000 3394 3074 φραξάμενοι,
3441 3002 3578 3056 κατὰ
3634 3008 3738 3072 τῆς
3795 3002 3926 3077 περὶ

2266 3089 2357 3145 τὸν
2389 3089 2677 3162 Στρυμόνα
2717 3087 2792 3144 ἔτι
2846 3087 3217 3161 σκηνουμένης
3265 3088 3470 3158 λοιπῆς
3530 3087 3753 3164 μερίδος
3817 3098 3927 3147 τῶν

2267 3177 2600 3248 ἀντιπάλων,
2626 3180 2716 3234 ’ὀτε
2745 3179 2835 3234 καὶ
2863 3182 2962 3234 τοῦ
2992 3173 3162 3233 κύϐου
3192 3178 3370 3234 θεόθεν
3425 3177 3616 3242 ἄλλως
3670 3183 3753 3251 [Ρ.
3795 3185 3927 3256 231]

2269 3268 2513 3346 ῥιφέντος
2568 3269 2620 3322 οἱ
2679 3268 2776 3341 μὲν
2825 3268 3017 3342 πρώην
3074 3266 3369 3343 ὑψαύχενες
3425 3268 3516 3322 καὶ
3572 3273 3768 3345 γαῦροι
3833 3273 3924 3326 καί

2271 3363 2470 3434 μικροῦ
2523 3362 2640 3419 τοῖς
2700 3354 2917 3432 δόρασιν
2971 3356 3071 3432 ὅρη
3137 3358 3454 3432 μετωρίσειν
3523 3361 3614 3414 καὶ
3676 3363 3928 3434 μεταθη-

513 3451 614 3507 sis.
649 3450 906 3513 Quorum
940 3445 1233 3519 postulata
1259 3460 1388 3500 cum
1418 3441 1698 3515 principio
1722 3441 2001 3497 Romanis
2031 3439 2150 3512 pla-

2269 3469 2378 3502 σειν
2415 3447 2813 3519 κομπάζοντες,
2863 3447 2939 3509 ὡς
2986 3441 3284 3520 καταιϐάτης,
3331 3445 3635 3523 πληγέντες
3681 3449 3717 3518 ἢ
3754 3451 3927 3525 βρον-

515 3544 726 3608 cerent,
757 3536 967 3593 deinde
997 3534 1086 3590 vel
1118 3533 1366 3589 insidias
1398 3533 1640 3588 subesse
1675 3532 1760 3586 vel
1806 3532 2041 3586 evidens
2073 3531 2154 3586 ti-

516 3627 699 3684 moris
721 3627 775 3681 id
811 3625 1047 3698 signum
1102 3637 1230 3678 esse
1287 3621 1420 3688 rati,
1455 3621 1694 3676 mutatis
1753 3619 1986 3689 animis,
2038 3636 2154 3675 non

515 3716 652 3774 belli
685 3716 873 3787 signo,
907 3729 1022 3769 non
1056 3713 1209 3767 tubae
1241 3711 1579 3778 sonitu,non
1599 3709 1717 3765 ullo
1745 3710 1909 3764 ducis
1931 3709 2154 3765 monitu

511 3810 862 3878 exspectato,
897 3800 1114 3858 strictis
1143 3800 1386 3856 ensibus
1445 3799 1502 3854 in
1553 3798 1748 3855 hostes
1800 3804 2000 3854 ruunt.
2049 3797 2155 3862 Qui

511 3897 666 3952 410
699 3910 830 3950 cum
863 3909 1064 3948 eorum
1099 3890 1376 3961 impetum
1421 3887 1496 3944 ad
1543 3893 1776 3960 tempus
1825 3887 2070 3943 ﬁdenter
2099 3893 2156 3944 et

510 3985 731 4041 lortiler
762 3981 1134 4048 tolerassent,
1167 3977 1509 4049 aliquandiu
1569 3977 1726 4032 vario
1781 3981 1986 4032 eventu
2042 3993 2150 4049 pu-

503 4079 748 4146 gnatum
783 4076 892 4127 est.
924 4070 1032 4127 Sed
1070 4068 1304 4123 tandem
1364 4082 1595 4122 summo
1647 4066 2030 4121 Romanorum
2067 4081 2154 4121 ar-

501 4164 640 4219 dore
687 4161 813 4217 loco
865 4159 1020 4232 pulsi
1079 4157 1255 4214 eﬂ'use
1318 4156 1611 4227 fugerunt,
1661 4154 1720 4210 in
1778 4171 1961 4226 eaque
2019 4157 2152 4227 fuga

499 4252 713 4323 partim
747 4247 1140 4322 capti,partim
1174 4246 1372 4311 occisi,
1408 4247 1619 4316 partim
1673 4243 1731 4299 in
1782 4244 2148 4315 Strymonem

499 4340 716 4396 ﬂumen
760 4338 872 4395 acti
913 4343 1092 4393 sunt:
1127 4335 1317 4392 nostri
1373 4333 1560 4405 spolia
1604 4333 1889 4406 legerunt.
1926 4334 2150 4389 Accidit

500 4429 609 4485 hoc
636 4428 884 4500 vesperi,
913 4429 948 4480 7
988 4427 1080 4482 die
1112 4425 1456 4481 Novembris
1489 4425 1724 4480 mensis.
1783 4423 1948 4495 Capti
2009 4427 2149 4479 sunt

500 4523 556 4572 et
587 4517 703 4572 duo
763 4518 940 4571 duces
997 4516 1308 4579 exercitus,
1378 4513 1660 4568 Rizardus
1719 4515 1895 4568 frater
1952 4513 2147 4569 uxoris

495 4605 730 4675 Tangri,
766 4605 869 4676 qui
897 4603 1071 4659 classi
1132 4607 1396 4674 praeerat,
1456 4607 1513 4656 et
1560 4601 1884 4658 Balduinus
1915 4606 2144 4671 contus,

499 4692 743 4748 nonille
799 4692 1032 4762 quidem
1096 4691 1274 4746 nobili
1333 4696 1392 4746 et
1447 4689 1658 4746 illustri
1717 4707 1926 4761 genere
1957 4696 2144 4760 ortus,

2262 3545 2365 3608 τῆς
2402 3535 2534 3614 ἤχῳ
2591 3534 2826 3606 ἐξαισίοις
2875 3534 3279 3611 παρακοπέντες
3326 3537 3418 3591 τὸν
3473 3541 3597 3592 νοῦν
3641 3543 3758 3600 τοῖς
3806 3543 3922 3593 τῶν

2258 3630 2394 3684 κατὰ
2453 3629 2554 3696 τήν
2610 3622 2994 3683 Μοσυνόπολιν
3059 3625 3275 3680 οἰκείων
3340 3624 3684 3689 ἀπευκταίοις
3743 3629 3920 3682 ἀκού-

2259 3737 2478 3791 σμασιν,
2511 3710 2878 3770 ἀνεϐάλλοντο
2906 3715 3006 3784 τὴν
3049 3713 3238 3789 μάχην
3268 3713 3358 3770 καὶ
3408 3712 3745 3787 έξετάσσοντο
3802 3717 3921 3792 ῥᾳ-

2259 3806 2462 3880 θύμως.
2501 3805 2568 3863 Οἱ
2602 3802 2658 3859 δὶ
2704 3805 2972 3878 Ῥωμαῖοι
3023 3804 3085 3859 τὸ
3138 3805 3390 3860 ταπεινὸν
3440 3803 3754 3876 ἀποθέμενοι
3804 3811 3921 3860 τοῦ

2258 3898 2606 3978 φρονήματος
2636 3894 2710 3956 ὡς
2743 3893 2819 3956 εἷς
2863 3895 3032 3967 θήραν
3084 3893 3318 3968 ὀρνίθων
3369 3897 3712 3969 χαμαιπετῶν
3765 3893 3926 3969 ὕψι-

2257 3990 2432 4063 νεφεῖς
2478 3983 2811 4054 ἐξεποτῶντο
2860 3979 3115 4054 ἀετιδεῖς,
3169 3985 3258 4038 καί
3311 3982 3494 4060 ὢργων
3537 3981 3755 4058 ἀπτέρῳ
3807 3985 3924 4040 τά-

2257 4094 2346 4150 χει
2379 4073 2768 4145 συμπλακῆναι
2827 4071 2913 4135 ὑφ’
2959 4072 3033 4127 ὧν
3086 4073 3222 4141 ἦσαν
3275 4071 3723 4148 ἀπορνιθούμενοι
3771 4075 3925 4147 πρό-

2257 4184 2410 4239 τερον
2468 4158 2748 4222 ὀνειδείοις
2801 4160 3061 4238 ῥήμασιν.
3122 4162 3274 4217 Ἐπεὶ
3333 4159 3380 4218 δ’
3438 4163 3514 4224 εἰς
3569 4159 3664 4217 ’ένα
3724 4167 3917 4238 χῶρον

2256 4253 2539 4330 ἀμφότερα
2591 4249 2928 4321 συνήλθοσαν
2977 4251 3044 4306 τὰ
3091 4251 3469 4325 στρατεύματα
3521 4254 3607 4325 (ἦν
3656 4249 3716 4307 δὲ
3755 4253 3923 4316 οὗτος

2257 4343 2284 4397 ὁ
2314 4347 2411 4397 τοῦ
2442 4340 2798 4416 Δημητρίτζη
2832 4340 3135 4417 λεγύμενος
3164 4343 3377 4415 τόπος),
3416 4343 3542 4398 τότε
3594 4339 3651 4398 δὲ
3701 4348 3921 4416 μᾶλλον

2257 4431 2307 4485 οἱ
2371 4427 2596 4484 Σικελοὶ
2662 4425 3044 4500 καθυπὲδειξαν
3113 4431 3143 4485 δ
3207 4431 3503 4487 πεπόνθασι
3573 4429 3913 4508 δείλανδρονο

2255 4513 2576 4592 συμϐάσεων
2608 4518 2710 4594 γὰρ
2741 4517 3076 4592 ἐμέμνηντο,
3123 4520 3214 4575 καὶ
3266 4520 3476 4577 τούτων
3521 4519 3677 4577 ἕνεκα
3729 4519 3925 4594 διεκη-

2255 4607 2544 4684 ρυκεύοντο
2603 4608 2740 4682 πρὸς
2797 4611 3021 4682 Βρανᾶν.
3082 4611 3185 4665 Καὶ
3239 4610 3307 4665 τὰ
3378 4611 3473 4684 μὲν
3527 4615 3722 4686 πρῶτα
3776 4613 3925 4666 Ῥω-

2258 4694 2440 4770 μαίοις
2480 4692 2678 4764 ἥνδανε
2728 4695 2795 4749 τά
2840 4695 3155 4770 αἰτούμενα·
3209 4696 3342 4772 μετᾶ
3394 4701 3575 4775 βραχὺ
3632 4698 3682 4754 δ’
3731 4701 3925 4766 οὐκέθ’

495 4784 597 4837 sed
631 4781 702 4837 ob
739 4780 1136 4836 fortitudinem
1171 4784 1228 4834 et
1260 4778 1338 4833 rei
1371 4777 1642 4834 militaris
1684 4779 1978 4834 solertiam
2023 4780 2142 4853 regi

2262 4786 2302 4840 ii
2333 4783 2482 4840 αὐτοὶ
2515 4785 2818 4860 γεγονότες,
2870 4784 3017 4840 ἀλλά
3067 4783 3234 4842 δόλον
3283 4789 3421 4844 εἶναι
3474 4790 3930 4854 ὑποτοπάσαντες

494 4871 704 4926 charus
726 4876 780 4926 et
805 4868 982 4925 totius
1015 4867 1300 4924 exercitus
1345 4867 1463 4921 dux
1519 4866 1801 4923 delectus.
1827 4868 1934 4934 Qui
1974 4886 2143 4941 supe-

494 4961 745 5016 rioribus
776 4959 1032 5014 victoriis
1049 4957 1235 5013 elatus
1261 4972 1323 5011 se
1352 4953 1678 5011 Alexandro
1731 4956 1937 5028 Magno
1978 4974 2139 5013 com-

491 5050 733 5122 parabat
767 5067 780 5112 ;
814 5065 878 5103 ac
910 5054 1138 5102 tantum
1194 5063 1306 5101 non
1369 5051 1433 5100 ut
1494 5043 1591 5100 ille
1650 5044 1708 5099 in
1757 5051 1985 5117 pectore
2016 5049 2140 5122 plu-

496 5157 621 5194 mas
666 5140 834 5194 rostri
893 5143 949 5192 et
997 5136 1216 5193 alarum
1284 5134 1596 5204 imaginem
1659 5149 2135 5207 repraesentantes

490 5229 838 5292 ostentabat,
874 5229 972 5282 sed
1003 5233 1056 5282 et
1107 5242 1327 5293 majora
1381 5225 1481 5280 illo
1542 5226 1797 5282 facinora
1837 5245 1899 5284 se
1929 5233 2134 5304 exiguo

493 5324 751 5390 tempore
807 5320 952 5373 citra
1003 5332 1349 5388 sanguinem
1435 5315 1686 5371 edidisse
1749 5317 2131 5389 gloriabatur.

2247 4874 2314 4930 τά
2376 4873 2524 4948 παρὰ
2587 4877 2697 4928 τῶν
2759 4873 3075 4930 ἀντιπάλων
3137 4871 3593 4951 προϐαλλόμενα,
3632 4881 3669 4948 ἢ
3727 4879 3773 4934 εἷ
3839 4885 3923 4955 μή

2243 4967 2426 5033 τοῦτο,
2460 4959 2665 5017 δειλίαν
2695 4967 2827 5038 γοῦν
2879 4962 2938 5018 ἐκ
2990 4967 3089 5019 τοῦ
3135 4965 3546 5046 ἀναμφιλέκτου
3595 4966 3926 5041 πρόδηλον,

2249 5053 2326 5124 μή
2369 5049 2619 5125 πολέμου
2678 5050 3058 5122 ἀναμείναντες
3114 5055 3385 5128 σύνθημα,
3455 5059 3528 5129 μὴ
3596 5056 3928 5134 σάλπιγγος

2245 5142 2396 5220 ἠχὴν
2430 5141 2569 5213 μήτε
2607 5162 2659 5195 τι
2709 5137 2890 5213 ἕτερον
2950 5142 3317 5218 παράγγελμα
3359 5151 3468 5201 τῶν
3518 5146 3615 5201 ὅσα
3663 5169 3928 5222 στρατη-

2243 5236 2364 5305 γοῖς
2394 5229 2621 5284 ε’ἶθισται
2665 5235 2841 5284 ποιεῖν
2902 5233 3010 5307 πρὸ
3066 5238 3177 5288 τῶν
3231 5234 3592 5307 συμπλοκῶν,
3654 5234 3932 5310 συμϐάλο

2244 5317 2401 5374 λουσι
2441 5324 2557 5381 τοῖς
2609 5317 2903 5393 πολεμίοις
2955 5321 3023 5376 τὰ
3075 5323 3199 5402 ξίφη
3264 5325 3672 5399 γυμνώσαντες.
3727 5328 3798 5385 Οἱ
3865 5326 3928 5383 δὲ

1867 5421 2035 5483 Hier.
2082 5423 2297 5485 Wolﬁi
2342 5432 2531 5485 notae.

563 5524 676 5649 £22)
731 5524 844 5582 Ἀεί
898 5524 990 5608 τδν
1050 5523 1610 5607 amaeev._Converti
1670 5541 1758 5581 oo:
1818 5528 1914 5598 qui
1980 5533 2132 5602 terga

596 5600 716 5649 ant.
748 5613 879 5649 cum
912 5597 1177 5649 Videntur
1206 5601 1401 5649 potius
1455 5596 1764 5649 legendum
1802 5598 1895 5649 τὸν
1926 5593 2132 5649 ἔμπρο-

489 5593 716 5732 έόιὸαήι,
748 5613 879 5652 cum
912 5597 1177 5653 videatur
1206 5594 1401 5667 potius
1455 5596 1764 5668 legendum
1802 5593 1895 5651 τὸν
1926 5593 2139 5675 ἔμπρο-

559 5684 638 5722 εν.

2323 5531 2444 5613 (23)-
2469 5530 3084 5613 Alter_inetapborice,
3119 5534 3266 5613 alter
3304 5536 3533 5613 proprie
3595 5538 3876 5613 loquitur
3913 5561 3932 5613 ;

2248 5601 2394 5660 alter
2414 5604 2484 5658 de
2517 5601 2795 5676 cadibus,
2826 5601 2972 5664 alter
3000 5607 3072 5664 de
3100 5601 3323 5679 spoliis'
3342 5601 3587 5668 et'fame
3619 5601 3756 5684 ag'it.
