4112 6218
303 300 419 362 ’121

1419 305 1526 367 DE
1567 304 1876 368 lSAACIO
1919 305 2230 370 ANGELO
2273 311 2425 372 LIB.
2473 312 2518 374 Ι.

3603 317 3722 376 ’122

305 442 480 508 μέχρι
542 432 658 522 μὶν,
694 450 844 522 τινος
897 429 1168 522 εὺθαρσῶς
1233 434 1325 491 καὶ
1383 432 1644 512 ἀνδρείως
1701 439 1800 508 τὴν
1848 441 1941 493 τῶι

2072 444 2220 499 471
2259 446 2364 511 Qui
2387 462 2519 502 vero
2544 463 2614 503 ex
2635 447 2705 503 iis
2729 447 3006 504 Italorum
3023 446 3354 504 cohortibus
3369 448 3717 522 effugerant,

295 522 592 594 Ῥωμαίων
643 517 894 595 ἆμόολὴν
953 521 1220 595 ἐδέξαντο,
1268 523 1357 580 καὶ
1401 527 1624 599 καμπάς
1671 548 1821 590 τινας
1865 527 1956 582 καὶ

297 611 500 682 ἑλίξεις
533 611 562 666 δ
592 610 840 685 πόλεμος
871 608 1054 668 ἔλαϐε·
1084 614 1244 677 τέλος
1291 612 1349 670 δὲ
1386 619 1523 692 πρὸς
1569 617 1633 672 τὸ
1683 617 1954 693 ὑπεράγαν

295 695 564 776 ἔνθερμον
610 708 711 770 τῆς
757 703 1071 774 Ῥωμαϊκῆς
1119 706 1398 778 στρατείας
1455 703 1769 770 ὑπενδόντες
1805 702 1954 763 ἔκλι-

292 811 394 845 ναν
436 790 512 852 εἰς
549 793 760 865 τροπὴν
816 792 906 846 καὶ
963 792 1222 866 ἀκόσμως
1288 789 1535 872 ἔφευγον.
1591 797 1750 860 Ὀθεν
1790 817 1955 852 κατα·

293 875 716 953 λαμϐανόμενοι
774 880 1101 956 ἀνῃροῦντο,
1160 881 1516 958 έζωγροῦντο,
1551 884 1789 948 ὠθοῦντο
1819 885 1956 941 κατὰ

290 972 550 1041 ποταμοῦ
606 972 705 1023 τοῦ
775 969 1108 1044 Στρυμόνος,
1189 969 1729 1049 έλαφυραγωγοῦντο,
1797 971 1952 1029 ἐσκυ-

289 1056 550 1120 λεύοντο.
585 1059 786 1133 ’Ἠγετο
812 1055 868 1114 δὲ
898 1053 1108 1131 ἑϐδόμη
1139 1061 1263 1115 τότε
1290 1065 1388 1116 τοῦ
1426 1057 1744 1137 Νοεμϐρίου
1777 1065 1951 1134 μηνὸς

289 1147 383 1200 καὶ
441 1145 566 1220 περὶ
625 1143 812 1217 δείλην
865 1147 934 1216 ἦν
997 1148 1098 1216 τήν
1148 1146 1380 1224 ἡμέραν,
1429 1149 1593 1206 ὁπότε
1639 1156 1806 1206 ταῦτα
1836 1152 1950 1225 ἰγί-

285 1255 438 1292 νετο.
491 1231 984 1309 Συλλαμϐἀνονται
1028 1232 1085 1292 δὲ
1132 1241 1220 1292 καὶ
1265 1239 1322 1292 οἳ
1365 1235 1461 1294 δύο
1509 1243 1807 1317 στρατηγοὶ
1853 1247 1950 1297 τοῦ

289 1325 716 1399 στρατεύματος,
777 1321 808 1378 6'
863 1345 920 1380 τε
958 1323 1274 1398 Ῥιτζάρδος
1312 1326 1340 1381 6
1387 1333 1488 1397 τῆς
1543 1329 1796 1402 γυναικὸς
1852 1333 1950 1386 τοῦ

285 1412 507 1487 Ταγκρὲ
559 1413 665 1486 (24)
720 1432 1072 1488 κασιγνητος,
1132 1413 1190 1475 ὅς
1249 1411 1538 1491 ἐναυάρχει
1576 1413 1674 1470 τοῦ
1702 1421 1810 1472 τῶν
1852 1425 1946 1474 Σι-

280 1498 473 1556 κελῶν
523 1505 796 1574 ναυτικοῦ,
847 1501 938 1556 καὶ
997 1501 1026 1555 6
1087 1499 1412 1566 Ἀλδουῖνος
1481 1504 1700 1575 Κόντος,
1757 1503 1947 1582 γένους

286 1593 384 1663 μὲν
420 1588 482 1644 ού
532 1591 634 1668 φὺς
689 1589 937 1664 εὐγενοῦς
991 1592 1082 1646 καὶ
1143 1589 1424 1668 λαμπροῦ,
1458 1591 1548 1649 διὰ
1592 1591 1650 1649 δὲ
1678 1597 1780 1666 τήν
1809 1598 1946 1652 κατά

276 1677 530 1752 πόλεμον
583 1676 869 1750 δεξιότητα
916 1677 1200 1754 αἰδέσιμος
1257 1677 1330 1736 ὤν
1388 1688 1468 1755 τῷ
1517 1684 1644 1759 ῥηγὶ
1697 1685 1786 1739 καὶ
1822 1687 1946 1742 τότε

281 1771 420 1846 ὑπὲρ
449 1771 655 1832 πάντας
707 1771 770 1826 τὸ
826 1778 927 1840 τῆς
983 1771 1316 1848 στρατηγίας
1376 1773 1755 1848 ὑπεζωσμένος
1801 1775 1904 1850 σέμ

273 1884 464 1936 νωμα,
519 1863 580 1927 ’ὸς
633 1863 724 1918 καὶ
775 1868 895 1926 ταῖς
951 1864 1240 1940 προτέραις
1311 1865 1445 1922 κατᾶ
1508 1867 1794 1942 Ῥωμαίων
1853 1868 1936 1924 νί-

267 1973 399 2015 καις
447 1951 1060 2029 μεγαλοπρεπευόμενος
1110 1954 1298 2010 ἑαυτὸν
1330 1955 1600 2028 έξωμοίου
1660 1963 1741 2030 τῷ
1781 1959 1944 2014 Ἀλε-

273 2039 489 2117 ξάνδρῳ
537 2047 618 2116 τῷ
676 2042 818 2098 πάνυ
873 2047 952 2115 τῷ
1013 2039 1300 2114 Μακεδόνι,
1353 2045 1519 2118 μόνον
1571 2045 1670 2101 ούκ
1713 2047 1766 2102 έν
1810 2050 1942 2119 στή-

279 2143 395 2197 θεσι
441 2134 560 2188 κατ’
618 2131 820 2188 ἐκεῖνον
877 2132 1070 2208 τρίχας
1128 2130 1340 2197 δεικνὺς
1400 2134 1648 2213 ῥάμφους
1689 2138 1778 2192 καὶ
1810 2157 1942 2193 πτε-

281 2227 390 2294 ρῶν
458 2219 700 2276 εἴκασίαν
769 2221 1227 2300 ὑπεμφαινούσας,
1287 2223 1376 2278 καὶ
1439 2226 1612 2297 μείζω
1656 2226 1692 2296 ἢ
1739 2225 1939 2289 ἐκεῖνος

273 2309 407 2384 ἔργα
476 2307 546 2365 δι’
614 2311 900 2386 ἀκαριαίου
964 2316 1158 2386 καιροῦ
1223 2313 1313 2367 καὶ
1394 2312 1667 2387 ἀναιμωτὶ
1735 2316 1941 2392 ὑπερη-

283 2399 540 2476 φανεύετο
592 2397 1005 2476 διαπράξασθαι.
1068 2401 1226 2458 ’Ὀσοι
1292 2398 1348 2456 δὲ
1412 2402 1476 2457 τὸ
1538 2407 1636 2459 τοῦ
1686 2404 1936 2480 πολέμου

283 2486 536 2553 διαταθὶν
587 2487 846 2562 ἐξήλυξαν
875 2486 1089 2545 δίκτυον
1159 2487 1216 2545 ἔκ
1279 2511 1338 2546 τε
1397 2493 1630 2548 τουτωνὶ
1659 2500 1767 2550 τῶν
1800 2493 1936 2551 ἰλῶν

280 2576 376 2632 καὶ
426 2579 480 2631 οἳ
528 2577 596 2632 τά
641 2577 695 2632 ἐν
757 2577 981 2653 Σέρῥαις
1041 2578 1221 2654 χωρία
1272 2579 1620 2656 κατέτρεχον,
1655 2581 1811 2646 εὐθὺς
1839 2587 1939 2650 τῆς

284 2667 692 2736 Θεσσαλονίκης
731 2669 928 2737 ἳενται,
977 2669 1067 2724 καὶ
1115 2674 1224 2724 τῶν
1293 2669 1464 2725 ἐκεῖσε
1537 2678 1757 2747 μακρῶν
1820 2672 1935 2728 ἑπι-

273 2757 472 2822 ϐάντες
521 2767 672 2830 νηῶν
721 2763 795 2824 ὡς
851 2761 999 2836 εἶχον
1061 2759 1214 2823 εὐθὺς
1281 2759 1388 2816 ἀπὸ
1435 2767 1536 2830 τῆς
1587 2769 1784 2835 φυγῆς,
1837 2763 1940 2817 οὐκ

273 2847 516 2906 εὔπλοον
585 2852 675 2906 τὸν
743 2849 915 2906 πλοῦν
974 2847 1242 2924 εὕρισκον·
1311 2851 1472 2930 φοροὶ
1538 2851 1640 2926 γὰρ
1707 2850 1785 2914 εἷς
1835 2853 1934 2920 τήν

273 2940 456 2995 αύτῶν
521 2939 766 3016 ἀφάνισιν
843 2939 1211 3014 ἀνεγερθεῖσαι
1278 2938 1548 3004 λαίλαπες
1615 2939 1934 3011 ἀποπλῆσαι

273 3030 372 3084 τὸν
436 3029 606 3104 μόρον
674 3027 869 3090 αὐτοὺς
929 3029 1262 3105 εἰργάσαντο,
1331 3029 1389 3084 δν
1454 3030 1635 3095 θεόθεν
1675 3036 1932 3107 γερσαῖον

277 3116 685 3174 ἐπικλωσθέντα
727 3119 859 3190 μετὰ
922 3116 1100 3194 βραχὺ
1165 3117 1443 3191 μετέθεντο
1477 3119 1611 3174 κατὰ
1641 3118 1932 3178 θάλατταν.

271 3206 490 3264 Πολλοὶ
557 3204 614 3262 δὲ
674 3206 993 3281 ἓντυχόντες
1076 3208 1352 3281 τριήρεσιν
1418 3202 1934 3279 ἐπικαταλαμϐανό-

275 3318 427 3370 μενοι
459 3294 536 3352 ἒτι
567 3297 704 3352 κατὰ
747 3298 848 3365 τήν
896 3294 1298 3366 Θεσσαλονίκην
1341 3295 1622 3365 ἀλύοντες,
1654 3296 1929 3374 πολυτρό-

273 3408 397 3449 πως
459 3385 790 3464 ἐφθείροντο,
853 3387 942 3440 καὶ
1019 3383 1258 3460 μάλιστα
1311 3385 1415 3439 ὑπὸ
1473 3389 1581 3441 τῶν
1624 3385 1927 3460 ἐπικούρων

2067 540 2122 586 et
2147 536 2244 604 qui
2280 540 2595 592 Serranum
2621 553 2825 608 agrum
2864 537 3308 608 populabantur,
3345 552 3498 595 recta
3529 540 3716 595 Thes-

2067 623 2385 679 salonicam
2420 630 2819 682 contendunt:
2849 635 2905 681 et
2935 627 3124 698 longis
3160 627 3405 683 navibus
3450 630 3648 684 statim
3682 646 3715 684 a

2065 711 2204 784 fuga
2237 717 2594 784 conscensis,
2631 734 2742 771 non
2777 718 3140 772 commodum
3178 719 3602 786 navigationem
3624 735 3714 774 re-

2065 805 2466 872 pererunt,sed
2490 813 2788 860 ventorum
2814 805 3083 876 procellis
3120 813 3175 860 et
3211 806 3486 861 ﬂuctibus
3523 806 3714 862 obruti

2063 889 2377 961 perierunt,
2412 896 2470 947 et
2517 899 2702 948 morte
2743 897 2966 949 interra
2983 895 3263 950 divinitus
3279 896 3510 950 decreta
3541 896 3713 964 paulo

2061 984 2191 1051 post
2221 980 2278 1035 in
2315 983 2460 1036 mari
2495 983 2922 1053 cppetiverunt.
2944 983 3109 1038 Multi
3151 1000 3287 1038 vero
3312 983 3411 1054 qui
3441 985 3712 1040 triremes

2061 1085 2176 1123 non
2210 1069 2398 1140 adepti
2423 1071 2802 1138 erant,adhuc
2835 1073 2989 1128 circa
3019 1072 3496 1129 Thessalonicam
3543 1073 3710 1127 ober-

2060 1160 2281 1225 rantes,
2331 1159 2680 1230 deprehensi
2741 1161 2944 1216 multis
3010 1162 3202 1217 modis
3259 1161 3580 1233 perierunt,
3639 1161 3710 1217 ab

2058 1244 2444 1302 auxiliaribus
2478 1248 2673 1305 Alanis
2706 1249 3082 1321 potissimum
3114 1249 3402 1304 interfecti
3433 1292 3447 1317 ,
3489 1249 3589 1321 qui
3644 1265 3712 1305 ea

2059 1333 2320 1390 facinora
2351 1335 2585 1393 illorum
2631 1337 2840 1394 imitati
2897 1356 3025 1411 qua
3073 1343 3241 1411 capta
3291 1338 3712 1394 Thessalonica

2057 1425 2309 1494 perpessi
2352 1431 2540 1492 erant,
2604 1427 2750 1482 nulli
2826 1427 3082 1484 hostium
3144 1431 3545 1499 pepercerunt,
3605 1428 3706 1482 sed

2055 1510 2207 1567 bivia
2237 1517 2294 1569 et
2339 1515 2684 1570 sacellorum
2745 1516 3027 1572 vestibula
3079 1517 3459 1572 cadaveribus
3506 1516 3710 1588 imple-

2052 1607 2282 1659 verunt.
2316 1603 2664 1676 Rogitabant
2695 1606 2850 1661 enim
2886 1606 3341 1678 comprehensos
3364 1605 3706 1662 Siculosubi

2053 1692 2232 1747 frater
2263 1692 2547 1764 ipsorum,
2580 1695 2849 1751 videlicet
2908 1695 3207 1767 popularis
3257 1696 3492 1761 Alanus,
3527 1701 3703 1766 esset,

2051 1797 2225 1852 quem
2261 1783 2402 1838 urbe
2456 1788 2624 1854 capta
2683 1784 3052 1852 occiderant;
3115 1802 3180 1840 ac
3213 1785 3408 1840 statim
3442 1801 3612 1840 enses
3643 1784 3704 1840 in

2052 1870 2126 1926 iis
2157 1870 2505 1942 defigebant.
2539 1873 2608 1928 Et
2670 1874 2728 1928 in
2786 1874 3004 1946 templa
3060 1874 3458 1944 confugientes
3496 1879 3707 1930 macta-

2054 1957 2213 2027 bant,
2245 1959 2345 2015 ubi
2381 1977 2528 2033 papa
2558 1967 2714 2017 esset
2741 1964 3080 2033 rogitantes,
3135 1963 3244 2019 hoc
3292 1969 3400 2029 est,
3442 1964 3705 2018 sacerdo-

2051 2053 2139 2105 tes
2173 2066 2320 2120 quos
2343 2051 2398 2105 in
2433 2051 2668 2124 templis
2699 2054 3052 2108 occiderant.
3085 2054 3230 2108 Tum
3279 2053 3490 2108 mirum
3535 2052 3702 2122 quid-

2052 2139 2186 2196 dam
2218 2140 2474 2196 accidit:
2511 2146 2680 2212 capta
2709 2143 2863 2197 enim
2905 2141 3321 2198 Thessalonica
3343 2141 3571 2195 nullum
3590 2142 3700 2197 Bo-

2051 2244 2290 2285 manum
2319 2230 2565 2285 cadaver
2589 2248 2760 2286 canes
2785 2236 3055 2302 gustasse
3085 2231 3238 2287 472
3285 2234 3387 2285 aut
3427 2229 3700 2285 dentibus

2049 2317 2337 2376 lacerasse
2369 2321 2580 2388 ferunt,
2616 2321 2954 2376 Latinorum
2999 2339 3134 2378 vero
3186 2323 3466 2376 cadavera
3507 2321 3693 2375 rabie-

2051 2410 2300 2479 quadam
2336 2409 2750 2465 insatiabiliter
2782 2413 3108 2475 devorasse,
3132 2416 3188 2467 et
3211 2411 3500 2481 sepulcris
3519 2410 3693 2465 etiam

2050 2501 2217 2552 eruta
2255 2497 2529 2554 laniasse.
2564 2498 2706 2553 Cum
2767 2499 2996 2555 duobus
3047 2498 3166 2553 illis
3223 2499 3470 2554 ducibus
3518 2499 3691 2554 etiam

2049 2600 2249 2640 vecors
2281 2584 2376 2641 ille
2415 2591 2471 2640 et
2502 2586 2785 2657 pestilens
2815 2588 3144 2642 etomnium
3179 2586 3466 2642 malorum
3495 2592 3696 2642 auctor

2048 2672 2286 2728 Alexius
2344 2673 2680 2730 Comnenus
2734 2682 2937 2744 captus
3037 2687 3122 2731 est
3220 2681 3278 2731 et
3350 2682 3694 2742 excaecatus,

2047 2762 2222 2817 homo
2312 2762 2628 2818 inferorum
2725 2765 2860 2819 sede
2955 2765 3193 2835 dignus.
3288 2765 3533 2829 Quidam
3628 2780 3697 2820 ex

2049 2851 2270 2908 Latinis
2345 2851 2738 2923 Epidamnum
2816 2855 3221 2925 confugerunt,
3254 2870 3430 2925 quam
3507 2853 3698 2909 omnis

2045 2946 2278 3012 generis
2311 2943 2491 2997 armis
2547 2942 2897 2998 instructam
2955 2943 3165 2998 Sicilia
3224 2959 3321 2998 rex
3377 2951 3508 3014 post
3567 2958 3696 2998 sua-

2048 3046 2180 3085 rum
2223 3029 2518 3102 legionum
2556 3031 2855 3086 interitum
2906 3031 3181 3087 Romanis
3234 3048 3345 3086 non
3396 3030 3694 3100 reddebat,

2051 3120 2152 3174 sed
2189 3117 2386 3192 gloriae
2443 3120 2637 3193 inepte
2689 3121 2940 3192 cupidus
2998 3129 3124 3192 post
3184 3119 3472 3176 illustrem
3532 3119 3694 3175 illam

2049 3209 2271 3265 cladem
2305 3215 2363 3264 et
2394 3209 2618 3266 celebre
2651 3209 2901 3266 dedecus
2925 3213 3192 3264 amanter
3235 3209 3542 3264 retinebat.
3577 3211 3692 3264 Cai-

2042 3303 2234 3355 terum
2270 3299 2444 3371 paulo
2476 3305 2608 3372 post
2639 3299 2971 3370 sumptibus
3002 3298 3314 3354 deterritus
3341 3299 3492 3354 ultro
3543 3297 3694 3353 umi-

2043 3389 2140 3445 sit.

271 3477 544 3533 Ἀλανῶν.
597 3477 762 3534 Οὗτοι
816 3479 904 3550 [Ρ.
966 3478 1091 3549 232]
1150 3479 1252 3550 γὰρ
1309 3476 1602 3553 ἀντίρῤοπα
1657 3473 1890 3550 δρῶντες
1943 3477 2016 3532 ὧν
2074 3478 2404 3541 πεπόνθασιν
2463 3479 2628 3548 ἡνίκα
2685 3474 3054 3546 Θεσσαλονίκη
3117 3476 3376 3542 ἑάλωκεν,
3428 3475 3489 3531 οὒ
3517 3475 3685 3554 φειδώ

269 3586 423 3627 τινος
453 3571 562 3621 τῶν
615 3563 900 3640 πολεμίων
957 3559 1292 3638 ἐλάμϐανον,
1357 3565 1453 3626 τὰς
1521 3562 1567 3619 δ’
1633 3565 1918 3641 ἀμφόδους
1975 3569 2066 3621 καὶ
2117 3567 2184 3621 τὰ
2223 3573 2330 3622 τῶν
2392 3566 2548 3631 θείων
2591 3571 2772 3638 σηκῶν
2803 3567 3080 3642 προαύλια
3109 3568 3417 3639 πτωμάτων
3453 3565 3682 3636 ἐνέπλη-

270 3674 397 3710 σαν·
458 3653 774 3728 ἐπερόμενοι
827 3655 928 3730 γάρ
1004 3653 1137 3716 τοὺς
1215 3649 1775 3728 συλλαμϐανομένους
1859 3654 2118 3717 Σικελοὺς
2175 3661 2281 3712 ποῦ
2337 3659 2469 3712 ποτε
2537 3659 2564 3712 6
2625 3655 2876 3736 ἀδελφὸς,
2940 3660 2968 3710 6
3031 3654 3387 3733 συμφυλέτης
3466 3652 3682 3722 δηλαδή

285 3743 508 3806 ΔΑανὸς
533 3744 592 3799 6'v
621 3743 755 3798 κατά
783 3745 882 3812 τήν
918 3738 1124 3798 ἅλωσιν
1182 3741 1297 3798 οἳδε
1354 3743 1692 3812 ἀπέκτειναν,
1750 3745 1962 3821 ἀπῆγον
2020 3746 2133 3817 ἅμα
2191 3750 2270 3816 τῷ
2337 3745 2485 3820 λόγῳ
2522 3747 2584 3802 τὸ
2615 3746 2785 3826 ξίφος.
2831 3744 3006 3802 Ἀλλά
3056 3743 3302 3805 καὶτοὺς
3335 3745 3692 3816 προσπυομέ-

271 3853 408 3896 νους
466 3835 739 3908 τεμένεσιν
793 3833 1151 3906 ἀπέσφαττον,
1211 3834 1325 3889 Ποῦ
1392 3854 1523 3888 ποτε
1589 3834 1617 3888 6
1673 3838 1895 3904 παπᾶς;
1969 3832 2239 3909 λέγοντες,
2295 3837 2442 3890 τοῦτ’
2509 3833 2650 3890 ἔστιν
2717 3832 2809 3898 οῦς
2863 3831 3194 3908 ἀνῃρήκεσαν
3257 3831 3452 3886 ἐκεῖνοι
3531 3833 3693 3900 ἱερεῖς

275 3920 664 3999 εῗαφρηκότες
729 3918 882 3977 ἔνδον
944 3926 1054 3976 τῶν
1121 3922 1304 3996 ἱερῶν.
1383 3924 1516 3981 ’Ότε
1553 3924 1642 3977 καὶ
1705 3925 1926 3979 τοιοῦτό
1983 3945 2036 3978 τι
2093 3926 2278 3978 καινὸν
2337 3920 2727 3978 ἐπισυνέϐαινεο
2795 3922 2920 3986 τοὺς
2985 3924 3087 3997 γὰρ
3157 3921 3315 3982 κύνας
3381 3919 3505 3995 φασῖ
3560 3921 3693 3992 μετὰ

280 4013 383 4085 μὶν
450 4014 548 4080 τήν
606 4019 705 4081 τῆς
771 4009 991 4074 πόλεως
1057 4010 1262 4066 ἅλωσιν
1337 4009 1568 4084 μηδενὸς
1633 4013 1958 4088 νεκριμαίου
2035 4013 2289 4086 σώματος
2355 4019 2463 4068 τῶν
2540 4012 2917 4087 ἀναιρεθέντων
2982 4008 3271 4082 Ῥωμαίων
3351 4010 3580 4081 ἅψασθαι

274 4098 431 4163 ὅλως
481 4097 665 4155 ὀδοῦσι
734 4100 980 4164 σίνασθαι
1050 4100 1084 4170 ἢ
1152 4099 1480 4168 αἷκίσασθαι,
1545 4099 1669 4155 τότε
1736 4098 1793 4155 δὲ
1858 4100 2034 4162 οὕτως
2101 4099 2361 4170 ἐμμανῶς
2426 4105 2542 4160 τοῖς
2610 4100 2868 4173 πτώμασι
2931 4103 3039 4153 τῶν
3106 4099 3380 4152 πεσόντων
3453 4095 3693 4151 Λατίνων

266 4189 673 4269 προσφέρεσθαι
746 4189 838 4244 καὶ
913 4191 1076 4263 κόρον
1129 4186 1338 4263 μηδένα
1395 4187 1670 4264 μηδαμῶς
1730 4188 1923 4245 εἰδέναι
1992 4185 2358 4263 σαρκοϐορίας
2417 4189 2490 4250 ὼς
2558 4189 2650 4244 καὶ
2704 4183 3095 4264 τυμϐωρυχεῖν
3153 4187 3242 4241 καὶ
3300 4185 3693 4241 ἀνακαλύπτειν

264 4281 346 4336 τὰ
381 4277 755 4354 παραδοθέντα
809 4281 954 4357 ταφῇ
1022 4277 1249 4350 σώματα
1321 4279 1412 4333 καὶ
1487 4281 1672 4352 κύρμα
1743 4283 1908 4334 ταῦτα
1979 4281 2205 4344 τιθέναι.
2245 4284 2546 4356 Ζωγρεῖται
2607 4276 2662 4333 δὲ
2718 4277 2808 4332 σὺν
2867 4280 2951 4340 οἷς
2991 4275 3214 4349 εἷ’πομεν
3271 4274 3392 4331 δυσί
3449 4295 3687 4350 στρατη-

263 4374 395 4446 γοῖς
443 4367 533 4424 καὶ
566 4369 595 4423 6
626 4367 685 4424 έκ
732 4370 1041 4441 Κομνηνῶν
1087 4368 1206 4429 νοὸς
1261 4360 1472 4441 ἔρημος
1525 4367 1618 4421 καὶ
1695 4367 1964 4445 φθόριμος
1998 4368 2241 4442 Ἀλέξιος
2317 4369 2345 4423 ὁ
2419 4366 2629 4422 τούτων
2704 4367 2918 4421 πάντων
2955 4365 3128 4427 diuo:
3169 4369 3275 4421 τῶν
3318 4369 3522 4432 κακῶν,
3599 4365 3690 4421 καὶ

268 4463 377 4516 τοῦ
428 4462 536 4513 τῶν
597 4457 899 4540 ὀφθαλμῶν
958 4458 1139 4535 φωτὸς
1199 4457 1445 4532 στέρεται
1501 4457 1530 4511 6
1578 4461 1688 4511 τῶν
1747 4457 2075 4530 Χαρωνείων
2136 4457 2403 4528 οἰκήσεων
2439 4455 2605 4527 ἄξιος.
2656 4459 2825 4513 Ἦσαν
2856 4453 2902 4511 δ’
2935 4456 2986 4510 οἳ
3024 4461 3130 4510 τῶν
3162 4454 3405 4510 Λατίνων
3431 4455 3519 4510 καὶ
3555 4456 3692 4530 πρὸς

265 4550 376 4620 τὴν
441 4546 777 4621 Ἐπίδαμνον
834 4546 1212 4618 ἀπεσώθησαν,
1271 4545 1362 4602 καὶ
1423 4550 1539 4608 τοῖς
1598 4543 1710 4601 ἐκεῖ
1761 4543 2068 4625 ὁμοφύλοις
2125 4552 2386 4623 φρουροῖς
2441 4553 2544 4616 τῆς
2597 4543 2814 4608 πόλεως
2874 4545 2947 4607 ὼς
3005 4545 3285 4621 σπέρματα
3355 4542 3692 4620 χιλιοστύων

275 4634 518 4692 πολλῶν
569 4636 861 4712 ἀγαπητῶς
937 4633 1304 4705 ἀπεδόθησαν,
1388 4631 1455 4704 ἤν
1541 4633 1628 4689 καὶ
1705 4635 1986 4697 παντοίοις
2067 4632 2266 4697 ὃπλοις
2319 4634 2679 4709 ἀμυντηρίοις
2739 4636 2768 4690 6
2829 4633 3081 4697 Σικελίας
3143 4635 3240 4709 ῥήξ
3294 4635 3689 4712 κρατυνάμενος

277 4725 503 4802 ὕστερον
535 4708 635 4781 οὐκ
663 4722 923 4781 ἀπεδίδου
953 4725 1256 4797 Ῥωμαίοις
1288 4723 1422 4796 μετά
1448 4725 1547 4794 τὴν
1579 4729 1690 4779 τῶν
1732 4723 1949 4780 οἰκείων
1998 4708 2413 4799 στρατευμάτων
2458 4724 2684 4802 φθορὰν,
2715 4722 2843 4780 ἀλλ’
2874 4727 2936 4795 ἢν
2970 4725 3073 4781 ούκ
3101 4708 3210 4780 ἔδει
3242 4708 3375 4798 μετὰ
3404 4726 3570 4794 ἧτταν
3599 4708 3691 4778 καἱ

275 4815 552 4895 αἰσχύνην
583 4818 848 4890 περιφανῆ
877 4811 1033 4885 δόξαν
1061 4813 1238 4885 έαυτῷ
1268 4812 1610 4888 θηρώμενος,
1642 4817 1863 4888 κατεῖχε
1893 4807 2304 4892 φρενοϐλαϐῶς.
2335 4813 2488 4870 Μετά
2514 4813 2693 4889 βραχὺ
2725 4810 2782 4869 δὲ
2811 4815 2947 4888 πρὸς
2975 4814 3071 4876 τὰς
3105 4810 3344 4875 δαπάνας
3374 4807 3688 4886 ἀπειρηκὼς

271 4906 396 4963 δκόν
405 4926 516 4968 τως
547 4904 839 4982 ἀπέσχετο.

342 5007 444 5064 Καὶ
475 5005 505 5060 6
541 5005 634 5077 μὲν
665 5007 924 5080 χερσαῖος
973 5002 1223 5076 πόλεμος
1270 5006 1518 5057 τοιοῦτον
1567 5000 1742 5056 αἲσιον
1773 4999 1930 5058 ἀπεί-

2108 5009 2189 5060 Ac
2217 5007 2492 5061 terrestre
2522 5003 2744 5060 bellum
2779 5009 2897 5062 tam
2947 5004 3100 5060 t'elici
3158 5004 3314 5060 exitu
3367 5006 3458 5057 est
3490 5002 3690 5058 termi-

269 5096 419 5174 ληφε
486 5093 676 5168 πέρας,
744 5089 1007 5148 οὐδέποτε
1086 5090 1173 5147 ἐπὶ
1267 5089 1490 5168 καρδίαν
1555 5093 1716 5164 ἡμῶν
1779 5111 1928 5154 τινος

2054 5098 2268 5157 natum.
2302 5095 2401 5166 qui
2435 5094 2656 5150 nemini
2687 5094 2746 5150 in
2780 5099 3031 5150 mentem
3074 5092 3347 5148 venisset.
3382 5092 3489 5146 Sed
3511 5090 3684 5158 Deus,

269 5183 520 5241 ἀνελθόν.
555 5182 716 5241 Ἀλλ’
743 5183 771 5238 6
802 5179 1016 5237 πάντων
1068 5179 1378 5254 κηδόμενος
1410 5181 1563 5252 Θεὸς,
1596 5182 1682 5237 ὅτι
1714 5183 1928 5237 πάντων

2054 5183 2134 5254 [ui
2165 5189 2330 5238 curat
2360 5184 2576 5252 omnia,
2608 5188 2666 5238 et
2722 5199 2917 5238 rerum
2953 5181 3213 5238 omnium
3260 5179 3565 5250 Dominus,
3588 5180 3685 5250 qui

273 5271 549 5344 δεσπόζει,
607 5273 696 5329 καὶ
734 5272 870 5345 μετὰ
901 5267 1117 5348 φειδοῦς
1174 5268 1397 5338 πολλῆς
1456 5267 1676 5326 διοικῶν
1725 5271 1791 5326 τὰ
1841 5270 1926 5324 ἀνα

2054 5289 2132 5328 res
2159 5271 2449 5327 humanas
2469 5272 2787 5327 clementer
2810 5271 3146 5326 moderatur
3181 5274 3236 5322 et
3280 5267 3538 5324 omnium
3575 5269 3690 5324 mi-

271 5364 526 5442 θρώπινα
563 5363 652 5418 καὶ
711 5361 878 5418 ἐλεῶν
938 5360 1004 5416 τὰ
1053 5358 1248 5432 πάντα,
1314 5359 1398 5416 ὅτι
1456 5360 1628 5416 πάντα
1684 5357 1926 5430 δύναται,

2054 5367 2288 5429 seretur,
2311 5362 2450 5432 quia
2498 5365 2685 5431 potest
2723 5359 2940 5425 omnia,
2976 5358 3028 5413 is
3057 5372 3147 5412 res
3171 5361 3399 5413 nostras
3425 5358 3689 5415 lancibus

1678 5485 1846 5548 Hier.
1894 5484 2107 5547 Wolfii
2136 5490 2324 5545 notae.
2363 5492 2370 5497 ‘

341 5595 456 5670 (24)
484 5597 599 5670 Τοῦ
628 5591 858 5670 Ταγκρέ.
889 5592 1259 5651 Tancredum
1290 5591 1590 5667 intelligit,
1621 5591 2060 5650 Salernitanum
2093 5591 2445 5664 principem,
2487 5589 2788 5649 crudelem
2829 5589 2999 5646 illum
3034 5587 3333 5663 pudicitia
3363 5591 3683 5665 vindicem,

272 5669 326 5729 si
353 5668 561 5731 fabula
587 5668 728 5729 vere
750 5668 1048 5729 narratur.
