4116 6206
389 219 509 280 723

1700 204 2004 268 NICETIE
2044 202 2470 265 ΟΗΟΝΙΑΤᾸΞ.

3686 206 3806 266 724

389 346 701 420 impositas
731 344 892 403 omni
924 345 1072 402 bona
1103 358 1206 416 spe
1239 339 1507 410 firmavit,
1559 341 1616 396 et
1671 338 1824 394 473
1867 336 2030 392 nobis

2153 333 2310 394 οὗτος
2367 331 2443 396 εἰς
2499 332 2674 408 ῥοπὴν
2733 330 3068 409 πλάστιγγος
3127 332 3418 408 ἐπαγαγὼν
3467 333 3537 389 τὰ
3564 332 3804 412 ἡμέτερα

386 438 599 496 leniter
627 434 928 507 castigatis
960 432 1160 502 ﬂagris
1183 433 1417 486 nostros
1436 429 1634 484 hostes
1658 425 1828 500 longe
1853 423 2042 498 pluri-

388 529 500 586 bus
530 526 746 594 affecit,
781 539 896 578 non
957 521 1192 593 quidem
1252 517 1492 574 mutatis
1551 515 1876 580 elementis,
1940 531 2044 570 nec

389 622 545 674 terra
574 612 876 686 productis
906 608 1222 678 culicibus,
1282 625 1398 664 non
1450 605 1646 662 ﬂuviis
1705 621 1877 660 ranas
1923 619 2047 658 eru-

387 705 896 773 ctantibus,neque
929 699 1315 755 crabronibus
1365 701 1500 753 ante
1553 694 1865 752 exercitum
1902 711 2045 766 pras-

390 791 610 858 missis,
644 795 748 846 aut
778 788 895 846 ullo
925 787 1102 844 veteri
1163 785 1428 860 prodigio
1483 784 1682 840 edito:
1743 783 1844 840 sed
1897 781 2042 838 illud

391 880 675 938 divinitus
705 878 940 943 accidit,
967 882 1030 932 ut
1059 878 1160 949 qui
1205 875 1624 933 occidebantur
1672 888 2044 946 percussores

389 969 744 1035 occiderent,
779 964 1026 1040 pristina
1057 965 1374 1020 timiditate
1415 963 1471 1018 in
1534 977 1829 1018 summam
1862 961 2039 1016 auda-

391 1058 542 1116 ciam
575 1072 872 1113 conversa.
905 1054 1052 1110 Nam
1077 1053 1288 1110 timida
1333 1068 1425 1107 res
1458 1059 1545 1106 est
1575 1050 1943 1122 improbitas,
1975 1065 2042 1104 ac

389 1154 598 1221 suopte
626 1147 964 1204 testimonio
997 1144 1382 1211 convincitur,
1443 1147 1498 1198 at
1543 1149 1817 1214 urguente
1867 1156 2038 1196 cons-

388 1236 604 1295 cientia
625 1235 772 1293 nihil
801 1234 942 1292 boni
998 1236 1308 1306 exspectat.
1365 1231 1510 1290 Nam
1569 1231 1706 1302 quid
1755 1227 1934 1285 Siculi
1971 1227 2041 1283 de

386 1325 664 1383 Romanis
693 1323 858 1398 queri
891 1325 1228 1397 potuerunt,
1281 1337 1429 1393 quos
1477 1317 1861 1390 umbrosique
1909 1333 2039 1390 pro-

386 1416 735 1472 culmontes
758 1413 1118 1487 pelagusque
1167 1425 1443 1467 sonorum
1495 1425 1529 1464 a
1576 1407 1745 1463 nobis
1777 1421 2040 1462 remove-

384 1510 523 1562 runt
545 1505 574 1560 τ
603 1504 712 1562 Sed
749 1503 800 1560 si
829 1518 1043 1560 arcana
1071 1499 1419 1572 Deijudicia
1449 1497 1650 1553 rimari
1685 1497 1771 1552 fas
1812 1495 2042 1564 est,Do-

386 1593 582 1650 minus
617 1591 908 1665 percussit
940 1606 1068 1657 nos,
1101 1589 1239 1660 quia
1297 1590 1533 1659 peccata
1592 1590 1792 1642 nostra
1850 1587 2034 1640 norat.

384 1682 496 1739 Sed
521 1681 658 1754 quia
689 1679 927 1752 superbi
959 1687 1016 1735 et
1060 1677 1327 1734 crudeles
1386 1680 1553 1732 erant
1595 1675 1632 1730 ii
1666 1674 1765 1746 qui
1799 1690 1902 1730 nos
1933 1689 2036 1729 ca-

383 1769 689 1844 stigandus
722 1769 794 1825 ab
824 1785 892 1825 eo
923 1772 1317 1840 susceperant,
1354 1780 1457 1820 nec
1490 1764 1595 1835 ipsi
1627 1762 1880 1836 ejus,qui
1916 1763 2032 1818 ml-

385 1859 760 1918 scricordiam
794 1856 916 1913 vult
945 1862 1002 1912 et
1029 1855 1227 1912 cilium
1278 1859 1597 1926 potumque
1646 1853 2034 1925 lacrymarum

387 1955 741 2029 suppeditat,
779 1955 1000 2024 justam
1047 1951 1515 2024 indignationem
1566 1951 1912 2024 eti'ugerunt.
1970 1951 2038 2006 Et

386 2044 526 2118 quia
556 2047 623 2100 ut
651 2059 681 2099 e
712 2041 859 2100 silva
883 2041 1082 2098 leones
1113 2041 1415 2096 irruebant
1443 2043 1500 2095 et
1531 2042 1596 2094 ut
1645 2037 1768 2110 lupi
1809 2039 2040 2095 vastita-

385 2139 504 2192 tem
541 2131 874 2190 efliciebant
915 2137 965 2187 et
1017 2135 1082 2186 ut
1129 2129 1389 2202 leopardi
1442 2127 1825 2194 insultabant,
1885 2127 2036 2200 capti

386 2225 530 2280 sunt
549 2223 647 2294 qui
671 2218 1279 2294 captabant,oppressi
1304 2222 1445 2274 sunt
1466 2216 1566 2288 qui
1605 2217 2036 2289 opprimebant,

385 2315 443 2368 et
466 2314 858 2382 temperatum
899 2325 932 2365 a
964 2307 1207 2364 Domino
1237 2306 1450 2363 erroris
1508 2303 1778 2379 poculum
1819 2305 2036 2361 exhau-

383 2400 784 2468 serunt,414
812 2397 1152 2472 expertique
1207 2400 1347 2452 sunt
1398 2395 1512 2451 sibi
1558 2411 1790 2468 quoque
1841 2394 2034 2452 inesse

384 2487 668 2556 maculas,
699 2502 916 2560 easque
945 2485 1244 2543 coccineas
1269 2485 1339 2540 ob
1365 2483 1803 2556 sanguinariam
1831 2482 2038 2539 imma-

381 2576 649 2646 nitatem,
681 2592 808 2648 qus
841 2575 1104 2632 eluendae
1161 2577 1374 2632 essent.
1437 2575 1637 2645 Itaque
1687 2577 1848 2628 extra
1893 2588 2036 2628 suos

385 2665 602 2722 limites
631 2663 851 2736 evagati
899 2668 1132 2720 nostros
1181 2663 1328 2718 fines
1383 2662 1784 2727 incursarunt,
1815 2665 1873 2716 et
1903 2677 2038 2733 pau-

384 2757 470 2812 cis
499 2753 690 2828 plagis
721 2753 891 2810 nobis
923 2751 1104 2808 illatis
1135 2751 1248 2824 ipsi
1278 2751 1477 2824 plures
1507 2750 1849 2807 tolerarunt.

2146 421 2238 478 καὶ
2305 423 2559 498 χρηστὴν
2625 418 2830 478 τελπίδα
2894 425 3066 478 πᾶσαν
3127 421 3453 498 ἆπενεγκὼν,
3495 423 3642 496 ἡμᾶς
3681 445 3808 480 παι-

2149 507 2338 572 δεύσας
2399 511 2631 587 βραχέα,
2699 509 2827 572 τοὺς
2884 511 3116 586 ἐχθροὺς
3164 513 3328 586 ἡμῶν
3395 511 3446 567 ἐν
3515 513 3809 588 μυριότητι

2151 599 2544 675 ἐμαστίγωσεν,
2595 599 2657 655 οὔ
2727 601 3018 676 στοιχείων
3088 602 3614 676 μεθαρμοζομένων,
3685 600 3812 659 οῦδὲ

2147 697 2250 766 γῆς
2287 690 2382 762 μὲν
2415 689 2707 766 ἐξαγούσης
2758 689 2973 760 πλῆθος
3021 695 3286 760 σκνιπῶν,
3334 695 3591 764 ποταμοῦ
3628 688 3674 746 δ’
3709 691 3812 762 ἦξε-

2149 779 2480 855 ρευγομένου
2532 777 2727 854 ἔνυδρα
2805 784 2918 850 ζῶα
2996 781 3330 860 βατράχους,
3400 778 3526 836 οὐδὲ
3586 786 3810 860 σφηκῶν

2148 865 2648 941 ἀποστελλομένων
2679 865 3012 943 προδρόμων
3053 873 3150 924 τοῦ
3181 867 3550 942 στρατοπέδου
3592 871 3626 940 ἦ
3658 890 3809 934 τινος

2150 955 2336 1029 ἑτέρου
2385 960 2492 1011 τῶν
2543 953 2796 1012 παλαιῶν
2853 955 3122 1032 ἐξαισίων,
3175 955 3319 1013 ἄλλα
3381 965 3491 1014 τῶν
3555 958 3806 1035 ἀναιρου-

2151 1045 2328 1117 μένων
2386 1044 2816 1101 ἀποκτεινόντων
2881 1045 3007 1108 τοὺς
3083 1047 3338 1122 φονευτιὶς
3400 1053 3482 1121 τῷ
3549 1046 3804 1129 ἐξαίφνης

2149 1133 2225 1196 εἰς
2274 1133 2588 1207 ἀποτόμονς
2651 1135 2754 1190 ὑπὸ
2805 1140 2940 1191 Θεοῦ
2997 1131 3412 1209 μεταϐληθῆναι
3442 1137 3805 1212 πολεμιστὰς,

2149 1221 2263 1278 ius?
2292 1224 2381 1277 καί
2417 1221 2598 1278 δειλόν
2641 1245 2696 1278 τι
2745 1229 2974 1302 πρᾶγμα
3103 1227 3358 1302 πονηρία,
3416 1225 3539 1301 ἰδίῳ
3579 1225 3806 1284 καταδι-

2145 1313 2444 1385 καζόμενον
2481 1313 2736 1388 μάρτυρι,
2797 1315 2885 1368 καὶ
2941 1313 3308 1393 προσείληφεν
3340 1313 3423 1371 ἀεὶ
3451 1315 3520 1371 τὰ
3563 1316 3812 1393 χαλεπὰ,

2144 1404 2214 1475 τῇ
2263 1400 2439 1474 οἰκείᾳ
2495 1403 2860 1478 συνεχόμενον
2918 1399 3244 1474 συνειδήσει.
3276 1404 3338 1461 Τί
3381 1404 3487 1480 γὰρ
3519 1406 3612 1460 καὶ
3645 1407 3807 1482 εἶχον

2147 1485 2321 1545 δεινὸν
2377 1488 2699 1566 ἐπεγκαλεῖν
2745 1490 3046 1565 Ῥωμαίοις
3097 1494 3148 1547 οἱ
3204 1492 3450 1566 Σικελοῖ,
3501 1491 3596 1558 οῦς
3646 1492 3812 1570 οὔρεά

2143 1607 2203 1644 τε
2235 1588 2480 1644 σκιόεντα
2536 1587 2778 1654 θάλασσά
2826 1611 2885 1644 τε
2931 1591 3185 1666 ἠχήεσσα
3236 1589 3492 1647 πλεῖστον
3525 1591 3615 1671 ἀφ’
3643 1595 3808 1666 ἡμῶν

2147 1675 2496 1748 ἐξετόπισανς
2537 1677 2665 1734 ἀλλ’
2698 1678 2848 1754 ε’ἰπερ
2906 1673 3018 1735 ἔστι
3074 1684 3182 1734 τῶν
3246 1681 3556 1756 βαθυτέρων
3623 1682 3806 1736 civem-

2145 1763 2408 1836 πλήκτως
2466 1765 2700 1842 ἅψασθαι
2757 1766 3039 1842 κριμ.άτ.ι›ν
3114 1773 3270 1836 Θεοῦ,
3332 1769 3529 1844 Κύριος
3587 1767 3808 1825 ἔπαισεν

2147 1857 2316 1928 ἡμᾶς,
2368 1853 2452 1910 δτι
2500 1849 2726 1932 ἔγνωκεν
2791 1855 3165 1930 ἁμαρτήματα
3214 1860 3402 1930 ἡμῶν.
3451 1857 3616 1915 Ἀλλ’
3668 1858 3810 1914 ἒπει-

2149 1941 2321 2018 δήπερ
2380 1945 2514 2014 ἦσαν
2575 1943 2761 2018 ἶταμοί
2818 1965 2876 2001 τε
2932 1945 3023 2001 καὶ
3081 1945 3452 2020 ἀνελεήμονες
3518 1948 3572 2002 οἱ
3631 1949 3811 2005 θεόθεν

2149 2031 2438 2112 εἰληφότες
2485 2035 2632 2107 ἡμᾶς
2683 2034 2759 2097 εἷς
2813 2034 3172 2111 μαστίγωσιν,
3225 2033 3339 2091 οὐδ’
3373 2038 3457 2110 [Ρ,
3491 2039 3622 2113 233]
3652 2035 3811 2094 αὗτοί

2144 2126 2241 2178 τοῦ
2278 2123 2372 2178 τὸν
2431 2117 2584 2178 ἔλεον
2645 2123 2897 2188 θέλοντος
2953 2125 3040 2180 καὶ
3101 2126 3452 2199 ψωμίζοντος
3508 2125 3669 2199 ἄρτον
3721 2125 3808 2182 δα-

2145 2210 2325 2287 κρύων
2386 2213 2476 2267 καὶ
2534 2213 2851 2283 ποτίζοντος
2923 2211 2976 2268 ἐν
3053 2210 3308 2291 δάκρυσιν
3364 2213 3418 2270 ἐν
3475 2215 3650 2291 μέτρῳ
3703 2219 3800 2272 τὸν

2146 2299 2354 2357 δίκαιον
2394 2300 2569 2380 χόλον
2602 2300 2872 2380 ἐξέφυγον,
2913 2301 3042 2359 ἀλλ’
3090 2303 3164 2368 ὡς
3214 2301 3276 2358 ἐκ
3333 2301 3545 2380 δρυμοῦ
3576 2306 3796 2372 λέοντες

2145 2389 2504 2464 ιμπίπτοντες
2560 2392 2650 2446 καὶ
2717 2391 2792 2455 ὠς
2844 2389 3083 2455 λυκιδεῖς
3143 2392 3524 2470 ὀλοθρεύοντες
3577 2396 3669 2451 καὶ
3720 2398 3795 2460 ὡς

2144 2477 2416 2555 πάρδαλις
2469 2478 2863 2554 ἐσαλλόμενοι,
2921 2481 3236 2558 γεγένηνται
3318 2482 3674 2559 αἰχμάλωτοι
3736 2489 3796 2542 οἱ

2145 2566 2660 2644 αἱχμαλωτίσαντες
2737 2571 2826 2624 καὶ
2911 2573 3399 2646 κατεκυριεῦθησαν
3455 2575 3510 2629 οἱ
3566 2595 3807 2631 κατακυ-

2148 2657 2473 2732 ριεύσαντες,
2547 2657 2641 2712 καὶ
2715 2657 2998 2734 κεκέρακεν
3072 2659 3257 2724 αὐτοῖς
3356 2662 3559 2739 Κύριος
3653 2663 3804 2742 ὕδωρ

2145 2745 2490 2820 κλανήσεως,
2550 2745 2724 2821 δείξας
2783 2749 2858 2812 ὡς
2911 2751 3002 2806 καὶ
3053 2753 3231 2830 σφίσιν
3279 2753 3417 2822 ἦσαν
3447 2753 3676 2827 κηλῖδες
3707 2754 3800 2812 διὰ

376 2841 441 2899 τὶ
469 2847 568 2898 τοῦ
596 2843 808 2916 τρόπου
837 2841 1058 2919 φονικὸν
1115 2839 1192 2898 εἰς
1239 2843 1515 2920 φοινικοῦν
1559 2839 1908 2914 χρῖυζόμεναι
1946 2838 2036 2893 καὶ
2082 2835 2278 2913 νίτρων
2327 2835 2602 2912 δεόμεναι.
2637 2837 2844 2896 Οὐκοῦν
2879 2838 2968 2896 καί
2995 2841 3062 2896 τὰ
3093 2841 3268 2897 οἰκεῖα
3301 2841 3429 2918 ὅρια
3463 2840 3794 2920 ὑπερϐάντες

380 2928 702 3006 εἰσέδραμον
734 2931 800 2987 τὰ
829 2929 1092 3005 ἡμέτερα,
1124 2931 1514 3006 μαστιγοῦντες
1555 2930 1704 3001 ἡμᾶς
1739 2923 1950 3005 βραχέα
1981 2926 2069 2982 καὶ
2119 2926 2662 3004 μαστιγωθησόμενοι
2695 2927 2942 2987 πλείονα.

453 3023 593 3078 3.Ac
613 3020 1032 3094 equitatushas
1063 3036 1264 3093 poenas
1302 3017 1562 3076 exsolvit.
1601 3019 1801 3090 Longis
1833 3023 2028 3074 autem

384 3110 841 3184 naves,amplius
861 3125 1056 3180 cc,nec
1080 3109 1221 3182 ipsae
1259 3108 1551 3164 malorum
1581 3113 1846 3180 expertes
1877 3113 2028 3164 retro

380 3199 508 3258 vela
537 3199 840 3257 dederunt.
873 3199 1014 3255 Nam
1041 3215 1172 3254 cum
1206 3198 1276 3253 ad
1307 3199 1658 3253 Astacenum
1700 3197 1894 3254 sinum
1929 3197 2027 3253 de-

381 3304 658 3346 scensum
690 3287 984 3352 fecissent,
1037 3285 1204 3342 multi
1255 3302 1288 3341 a
1345 3285 1623 3342 Romanis
1672 3285 1854 3358 copiis
1894 3284 2026 3340 caesi

383 3383 676 3450 sunt,qua3
699 3377 919 3450 passim
951 3376 1007 3430 in
1043 3375 1339 3431 littoribus
1372 3373 1756 3446 prohibebant
1802 3375 2028 3448 quomi-

383 3485 498 3526 nus
527 3466 902 3540 appellerent,
937 3480 1042 3520 nec
1073 3480 1325 3536 usquam
1381 3479 1479 3519 eos
1521 3463 1913 3520 continentem
1949 3469 2028 3518 at-

379 3558 606 3630 tingere
637 3554 1028 3628 patiebantur.
1064 3553 1283 3619 Quodsi
1315 3551 1550 3624 quando
1580 3551 1763 3608 Siculi
1799 3556 2022 3608 autter-

377 3662 501 3704 ram
527 3641 896 3718 spectabant,
919 3647 1015 3698 aut
1038 3641 1226 3698 scalas
1246 3641 1636 3714 proferebant,
1670 3641 1869 3697 statim
1894 3641 2026 3696 telis

375 3747 658 3808 tanquam
689 3733 967 3789 ﬂuctibus
997 3733 1192 3788 obruti
1227 3747 1338 3786 non
1365 3730 1529 3786 aliter
1545 3747 1724 3803 quam
1773 3731 2024 3786 testudio

371 3825 465 3882 nis
496 3823 748 3881 conchas
782 3821 1014 3878 navium
1049 3819 1312 3878 tabulata
1343 3819 1640 3878 subibant.
1677 3820 1794 3877 Etsi
1827 3826 2022 3877 autem

365 3918 596 3970 tantum
620 3928 930 3969 numerum
953 3913 1186 3967 navium
1220 3909 1530 3979 habebant,
1565 3914 1760 3966 tamen
1812 3917 2025 3967 nostras

369 4020 485 4062 non
509 4003 763 4075 amplius
795 4017 828 4057 c
859 4017 993 4057 cum
1027 3999 1110 4056 eis
1140 3998 1451 4071 confligere
1482 3999 1813 4072 cupiebant.
1830 3999 2025 4071 Neque

367 4109 501 4150 vero
532 4091 766 4150 classici
797 4092 1082 4148 duntaxat
1115 4090 1429 4158 fervebant,
1491 4091 1586 4144 sed
1651 4089 1816 4144 multi
1849 4090 2020 4144 etiam

368 4199 437 4240 ex
463 4183 623 4240 urbis
644 4181 873 4248 inc-slis,
901 4179 1189 4237 naviculis
1247 4179 1582 4236 conscensis
1605 4183 1662 4236 et
1694 4178 1876 4235 armis
1898 4178 2022 4234 obi-

370 4279 460 4329 ter
499 4271 746 4346 arreptis
775 4271 1070 4336 instructi,
1090 4270 1158 4326 ad
1185 4269 1384 4326 hostes
1442 4269 1802 4324 invadendos
1834 4269 2021 4340 parati

369 4366 552 4418 erant.
587 4364 694 4417 Sed
728 4361 785 4416 id
819 4361 892 4417 ab
922 4359 1272 4431 imperatore
1319 4363 1376 4415 et
1413 4362 1616 4416 senatu
1667 4359 1754 4415 eis
1781 4375 2020 4414 conces-

367 4466 499 4507 sum
516 4453 664 4508 415
687 4467 798 4505 non
815 4450 1031 4520 est,qui
1053 4466 1164 4504 non
1183 4453 1410 4504 tantum
1429 4447 1788 4504 alacritatem
1806 4446 2019 4504 civium

367 4538 724 4610 spectabant,
745 4538 842 4592 sed
867 4537 1038 4592 etiam
1065 4535 1362 4592 hostilium
1407 4537 1642 4592 navium
1689 4536 2017 4592 multitudi-

2058 3242 2109 3309 Ο

2210 3017 2277 3092 γ’.
2311 3017 2416 3072 Καὶ
2447 3019 2544 3087 τὴν
2579 3019 2674 3092 μὲν
2702 3015 2871 3074 ’ίππον
2911 3017 3085 3083 οὕτως
3138 3022 3173 3091 ἡ
3233 3017 3358 3093 δίκη
3395 3024 3688 3096 μετῆλθεν·
3729 3028 3782 3081 αἱ

2141 3103 2197 3161 δὲ
2231 3106 2431 3182 μακραὶ
2490 3113 2616 3176 νῆες
2693 3107 2824 3182 ὑπὲρ
2900 3109 2995 3171 τὰς
3070 3107 3151 3172 δὶς
3227 3111 3414 3166 ἑκατὸν
3463 3113 3643 3184 οὖσαι,
3677 3113 3791 3172 οὐδ’

2139 3195 2297 3250 αὗται
2370 3200 2478 3252 τῶν
2551 3201 2729 3252 κακῶν
2807 3198 3030 3264 ἀπαθεῖς
3103 3199 3348 3274 πρόμναν
3444 3201 3783 3278 ἐκρούσαντο.

2135 3279 2435 3342 Ἀποϐἆσαι
2495 3286 2598 3363 γὰρ
2659 3286 2794 3343 κατὰ
2844 3287 2940 3343 τὸν
2999 3288 3328 3354 Ἀστακηνὸν
3379 3289 3592 3348 κόλπον
3649 3293 3781 3350 πολ-

2132 3371 2264 3436 λοὺς
2295 3369 2634 3430 ἀπεϐάλοντο
2683 3381 2790 3431 τῶν
2842 3374 3176 3450 πλωτήρων,
3219 3379 3558 3452 Ῥωμαϊκαῖς
3596 3379 3782 3460 ἐυκύρο
3845 3436 3856 3451 ,

2131 3482 2286 3518 σασαι
2347 3469 2644 3539 στρατιαῖς,
2701 3463 2760 3518 αἵ
2814 3465 2909 3527 τὰς
2965 3464 3271 3540 ἐνορμίσεις
3328 3465 3504 3524 αὓτῶν
3567 3471 3778 3528 ἀπεκώ-

2130 3559 2260 3616 λυον
2293 3561 2433 3640 ἀμφὶ
2489 3562 2584 3626 τὰς
2641 3561 2805 3626 ἀκτὰς
2845 3563 3212 3638 ἑλισσόμεναι,
3254 3567 3342 3621 καὶ
3375 3571 3554 3626 πᾶσαν
3588 3566 3781 3628 ἄϐατον

2129 3649 2342 3705 ἐποίουν
2377 3650 2626 3726 ἤπειρον.
2679 3653 2752 3710 Τὸ
2811 3651 2915 3730 γὰρ
2974 3654 3263 3711 Σικελικὸν
3293 3657 3546 3712 ναυτικὸν
3576 3659 3632 3716 εἷ’
3653 3681 3779 3716 ποτε

2128 3741 2265 3796 κατά
2320 3742 2516 3818 χέρσον
2577 3741 2882 3818 προῧκυψεν
2933 3746 2967 3816 ἧ
3018 3741 3330 3823 ἀποϐάθραν
3381 3745 3592 3822 ἔϐαλεν,
3622 3753 3775 3816 εὐθὺς

2127 3835 2244 3893 τοῖς
2303 3830 2518 3906 βέλεσιν
2575 3833 2650 3896 ὡς
2709 3830 2906 3896 ὕδατος
2988 3835 3210 3910 σταγόσι
3279 3838 3526 3894 πάντοθεν
3581 3861 3769 3895 καταν-

2125 3917 2453 3994 τλοόμενον,
2487 3920 2562 3984 ὡς
2593 3919 2830 4001 κέλυφος
2879 3921 3120 4000 χελῶναι
3178 3925 3244 3980 τὰ
3295 3931 3405 3982 τῶν
3461 3935 3602 3999 νηῶν
3649 3929 3772 3986 ὓπε-

2125 4027 2291 4086 τρεχε
2325 4011 2780 4085 καταστρώματα.
2840 4018 2968 4076 Ταῖς
3026 4010 3085 4070 δὲ
3139 4016 3294 4070 ναυσὶ
3354 4019 3642 4082 τοσαύταις
3682 4017 3780 4076 οῦς

2129 4118 2246 4160 σαις
2306 4098 2398 4153 τὸν
2456 4099 2684 4176 ἀριθμὸν
2746 4103 2799 4156 αἱ
2859 4103 3122 4178 ἡμέτεραι
3176 4105 3397 4177 εἰσάπαξ
3437 4107 3626 4164 ἑκατὸν
3661 4131 3784 4184 συγ-

2125 4184 2489 4260 κροτοῦμεναι
2559 4186 2824 4263 μάχεσθαι
2885 4187 3245 4264 ἀπεοάρῥουν.
3348 4193 3450 4248 Καὶ
3559 4193 3621 4250 οὗ
3721 4195 3783 4250 τὸ

2125 4273 2375 4330 ναυτικὸν
2444 4271 2769 4350 ἐκαρδίωττε
2829 4277 3011 4350 μόνον,
3068 4275 3214 4333 ἀλλὰ
3278 4279 3368 4336 καὶ
3427 4279 3638 4339 πολλοὶ
3676 4288 3782 4339 τῶν

2126 4361 2504 4418 ἆστυπολιτῶν
2559 4369 2678 4425 ταῖς
2737 4363 2951 4419 ἁλιάσιν
3011 4361 3273 4440 ἐμϐάντες
3323 4369 3415 4424 καὶ
3478 4370 3592 4445 ὅτῳ
3617 4376 3782 4448 τύχοι

2126 4449 2588 4526 καθοπλισάμενοι
2620 4453 2714 4508 τὸν
2763 4452 2937 4510 πλοῦν
2988 4453 3041 4518 ἐς
3096 4456 3225 4520 τοὺς
3274 4457 3582 4532 πολεμίους
3623 4460 3779 4542 Earpu-

2128 4545 2218 4610 ζον
2251 4538 2452 4594 θέσθαι·
2489 4541 2552 4597 οὐ
2587 4547 2998 4618 συνεχωροῦντο
3053 4542 3111 4601 δὲ
3169 4545 3306 4622 πρὸς
3363 4551 3462 4604 τοῦ
3515 4538 3780 4624 βασιλέως

368 4609 501 4682 nem
529 4624 972 4681 considerabant
1001 4642 1016 4691 ς
1052 4641 1234 4696 eaque
1267 4627 1334 4682 de
1365 4640 1540 4682 causa
1585 4629 1793 4680 nostras
1840 4641 2016 4682 naves

2139 4629 2215 4686 ιαὶ
2245 4634 2354 4684 τῶν
2387 4627 2958 4706 συνδιασκεπτομένων
3008 4633 3157 4708 αὖτῷ
3211 4637 3278 4691 τὰ
3335 4638 3516 4708 κοινὰ,
3569 4639 3668 4695 οὐκ
3706 4639 3777 4704 εἰς

367 4718 438 4775 ad
471 4716 771 4774 Cionicum
805 4715 970 4771 littus
999 4714 1055 4770 in
1095 4715 1321 4772 ancoris
1351 4719 1578 4772 stantes
1620 4715 1866 4771 ulterius
1901 4734 2011 4772 non

366 4803 903 4881 progrediebantur.
937 4801 1154 4859 Classis
1207 4819 1339 4860 vero
1362 4803 1594 4859 hostilis
1629 4821 1763 4860 cum
1788 4805 1856 4859 ad
1892 4805 2015 4860 dies

365 4895 774 4970 septemdecim
810 4895 867 4950 in
901 4893 1112 4949 insulis
1143 4893 1504 4950 consedisset
1521 4910 1624 4950 nec
1646 4893 2014 4966 popularium

367 5001 722 5059 quamquam
757 4989 909 5040 terra
939 4983 1212 5040 accedere
1271 4983 1537 5050 vidisset,
1573 4998 1794 5038 moram
1854 4980 2011 5037 illam

365 5073 510 5132 nihil
541 5075 675 5131 boni
701 5073 1044 5146 portendere
1060 5071 1322 5128 arbitrati
1356 5072 1425 5127 de
1447 5071 1637 5127 reditu
1663 5073 2013 5144 cogitarunt,

358 5165 717 5239 incensaque
746 5164 1062 5239 Calonymo
1120 5163 1318 5220 insula
1371 5168 1428 5219 et
1477 5162 1744 5220 finitimis
1787 5163 1843 5217 in
1879 5162 2012 5218 sinu

364 5255 758 5327 Hellespontio
789 5254 935 5311 locis
965 5255 1204 5310 domum
1237 5269 1438 5310 versus
1472 5257 1868 5326 perrexerunt.

2119 4718 2182 4773 τὸ
2225 4717 2509 4793 πρόθυμον
2563 4723 2672 4774 τῶν
2729 4720 3012 4797 ἡμετέρων
3079 4723 3284 4802 ἀφορᾷν
3321 4725 3482 4799 μόνον
3515 4725 3775 4808 ἑχόντων,

2123 4804 2269 4862 ἀλλὰ
2343 4808 2432 4862 καὶ
2513 4808 2810 4882 ὑπερπαῖον
2863 4811 3272 4888 προορωμένων
3365 4821 3474 4870 τῶν
3548 4804 3772 4893 ἆντιμα.

2125 4897 2381 4972 χομένων
2427 4901 2597 4968 νηῶν,
2641 4899 2743 4956 Καὶ
2787 4899 2924 4954 κατὰ
2969 4903 3134 4956 τοῦτο
3183 4903 3308 4976 περὶ
3357 4905 3458 4974 τήν
3499 4910 3607 4962 τῶν
3650 4906 3778 4966 Κιό-

2128 5005 2234 5039 νων
2309 4985 2466 5055 ἠϊόνα
2541 4987 2595 5040 αἱ
2667 4989 2912 5065 τριήρεις
2991 4990 3313 5048 σαλεύουσαι
3366 4993 3428 5050 οὗ
3478 4997 3777 5071 περαιτέρω

2124 5074 2412 5149 προῄεσανο
2469 5077 2496 5130 ὁ
2545 5073 2600 5130 δὲ
2645 5082 2752 5132 τῶν
2808 5077 3054 5134 ἐναντίων
3107 5078 3306 5144 στόλος
3337 5083 3462 5157 περὶ
3492 5087 3589 5150 τὰς
3618 5086 3775 5142 ἐπτα-

2121 5161 2340 5219 καίδεκα
2383 5163 2591 5239 ἡμέρας
2649 5167 2750 5236 τήν
2807 5167 3002 5239 κώπην
3054 5169 3260 5245 σχάσας
3313 5170 3365 5226 ἐν
3414 5180 3536 5237 ταῖς
3577 5177 3780 5250 νήσοις,

2123 5252 2197 5316 ὡς
2256 5251 2447 5309 οὐδένα
2505 5275 2622 5316 πως
2681 5255 2824 5329 ἑώρα
2863 5262 2970 5312 τῶν
3028 5259 3328 5338 ὁμοφύλων
3391 5266 3528 5319 κατᾶ
3582 5265 3774 5346 χέρσον

368 5344 680 5419 προσιόντα,
715 5342 816 5397 οὐκ
845 5342 1049 5416 ἀγαθὴν
1083 5339 1301 5406 εἷκέἷσας
1328 5343 1426 5410 τήν
1459 5335 1731 5410 ἀναϐολὴν
1765 5343 2166 5417 μεθαρμόζεται
2195 5343 2330 5418 πρὸς
2373 5340 2702 5401 ἁπόπλοιαν.
2739 5346 2833 5400 Καὶ
2869 5343 2936 5416 δὴ
2967 5347 3069 5416 τὴν
3101 5335 3269 5418 νῆσον
3300 5353 3399 5420 τήν
3434 5335 3773 5430 Καλιιίινυμον

369 5428 753 5506 πυρπολήσας,
784 5431 874 5484 καὶ
905 5431 1002 5485 ὅσα
1051 5428 1268 5502 πάραλα
1297 5436 1470 5486 κεῖται
1518 5430 1654 5486 κατὰ
1698 5431 1790 5484 τὸν
1823 5428 2030 5485 κόλπον
2064 5430 2156 5486 τὸν
2184 5428 2640 5504 Ἑλλησπόντιον,
2673 5432 2854 5509 ε’ἶγετο
2883 5439 2982 5490 τοῦ
3014 5434 3199 5492 οἴκαδε
3237 5437 3401 5498 πλοῦ,
3445 5443 3586 5498 Φασῖ
3618 5428 3776 5508 δὶνὼς

364 5518 452 5573 καὶ
500 5517 706 5572 τούτων
755 5517 961 5574 πολλαὶ
1005 5516 1286 5592 ἆντανδροι
1330 5523 1410 5592 τῷ
1461 5521 1609 5596 βυθῷ
1657 5515 1974 5589 κατέδυσαν,
2027 5519 2362 5582 ἀντιπνοίαις
2394 5502 2780 5596 περιπεσοῦσαι
2837 5524 2926 5580 καὶ
2958 5523 3405 5602 καταιγιδώδεσιν
3440 5502 3776 5606 spongea“;

1202 5575 1212 5592 ,
1347 5575 1392 5592 κ,
1461 5575 1484 5596 ,κ
1583 5575 1593 5592 ,
1963 5575 1974 5589 ,
2179 5575 2205 5576 η
2349 5575 2359 5582 .
2420 5575 2427 5577 ι
3159 5575 3400 5584 --.η-ν..
3441 5575 3464 5586 ν

367 5605 652 5680 πνεύμασι.
689 5605 788 5663 Καὶ
815 5605 978 5679 λιμὸς
1013 5604 1072 5662 δὲ
1099 5609 1190 5662 καὶ
1219 5607 1381 5670 νόσος
1413 5603 1554 5664 ἔστιν
1588 5608 1650 5671 ἃς
1687 5607 1992 5680 ἐξεκένωσε.
2465 5577 2474 5596 ⁸
3129 5575 3141 5602 ⁸
3474 5575 3513 5606 Γ
3601 5575 3613 5605 ⁸
