4116 6206
319 347 439 409 725

1482 349 1582 411 DE
1629 345 1936 410 ISAACIO
1982 344 2295 407 ANGELO
2339 346 2484 406 [ΛΒ.
2532 346 2579 406 Ι.

3621 358 3737 421 ’Τιῧ

392 478 492 536 Καὶ
526 478 669 535 οὕτω
704 479 800 553 μὲν
852 480 915 535 ού
978 485 1130 553 μεῖον
1162 481 1198 551 ἢ
1231 480 1358 538 δέκα
1416 479 1663 558 χιλιάδες
1717 482 1964 556 μαχίμω·

2167 480 2382 537 Ferunt
2410 485 2604 537 autem
2640 481 2855 539 multas
2886 500 3060 541 naves
3093 500 3221 541 cum
3256 488 3582 547 vectoribus
3640 493 3740 549 ad-

314 564 530 641 ἀνδρῶν
587 567 641 622 ἐν
701 566 886 624 τοῖσδε
941 576 1062 633 τοῖς
1116 571 1386 645 πολέμοις
1444 572 1757 627 ἀπώλοντο·
1829 568 1983 625 αὐτοὶ

315 653 377 711 δῖε
435 658 485 710 οἱ
534 659 898 732 ζωγρηθέντες
954 660 1071 715 κατ’
1129 661 1469 738 ἀμφοτέρους
1525 661 1651 723 τοὺς
1699 658 1983 733 πολέμους

309 740 452 819 ὒπέρ
540 746 635 809 τΞις
711 745 968 822 τέσσαρας
1044 746 1305 824 χιλιάδας
1376 747 1769 826 ἀριθμούμενοι
1862 753 1979 810 ταῖς

314 830 618 908 δημοσίαις
660 834 932 911 φυλακαῖς
964 836 1345 914 ένείρχθησαν.
1405 841 1498 908 Μή
1556 839 1616 894 ἐκ
1681 836 1981 912 βασιλικῶν

318 920 381 978 δὲ
434 926 817 999 ψωμιζόμενοι
876 927 1136 1000 ταμιείων
1169 929 1203 997 ἢ
1236 949 1383 991 τινος
1442 934 1548 984 τῶν
1607 930 1706 984 ’ὀσα
1762 929 1824 982 τὸ
1885 930 1978 1001 ζῇν

318 1013 609 1085 σκνίστησι
691 1014 1192 1091 μεταλαγχάνοντες
1266 1015 1500 1073 ἄλλοθέν
1576 1029 1767 1088 ποθεν,
1830 1015 1977 1091 ἄρτῳ

312 1099 374 1158 δὲ
410 1104 569 1176 μόνῳ
606 1100 895 1173 διαζῶντες
926 1106 1329 1182 χορηγουμένῳ
1360 1107 1495 1181 πρὸς
1551 1110 1658 1162 τῶν
1708 1104 1977 1184 θεοφιλῶς

307 1190 792 1264 ἐπισκεπτομένων
847 1191 975 1255 τοὺς
1034 1192 1084 1248 έν
1140 1200 1258 1257 ταῖς
1320 1193 1582 1269 ιίρκταῖς,
1640 1199 1821 1256 κακῶς
1883 1194 1976 1271 ἐφ-

311 1281 582 1354 θείροντο,
617 1279 750 1345 ὥσθ’
789 1282 816 1336 ὁ
864 1282 965 1350 τήν
1008 1283 1186 1358 ἀρχὴν
1242 1290 1339 1353 τῆς
1402 1284 1657 1349 Σικελίας
1713 1283 1971 1360 χειρίζων

305 1371 398 1424 καὶ
430 1370 531 1439 τὴν
564 1370 683 1425 τότε
714 1372 852 1425 κατά
905 1372 1195 1444 Ῥωμαίων
1244 1374 1458 1444 κίνησιν
1519 1372 1765 1446 θέμενος,
1805 1377 1969 1428 τοῦτο

307 1460 624 1533 πυθόμενος
678 1456 767 1514 διὰ
818 1461 1157 1535 γραμμάτων
1239 1462 1332 1516 τὸν
1414 1462 1639 1538 βασιλέα
1699 1465 1781 1537 [Ρ.
1842 1464 1968 1535 234]

300 1546 604 1623 ἐχλεύαζεν
657 1549 732 1610 ὡς
764 1548 1200 1629 ἀφιλανθρώπως
1262 1550 1436 1606 ἐῶντα
1490 1549 1644 1624 λιμῷ
1701 1551 1791 1606 καὶ
1824 1572 1969 1626 γυμ-

291 1640 486 1709 νότητι
533 1638 991 1714 παρνπόλλυσθαι
1052 1639 1299 1712 τηλίκων
1368 1643 1458 1697 καὶ
1515 1643 1792 1698 τοσούτων
1852 1642 1964 1697 στίν

294 1750 404 1805 χας
466 1726 699 1803 ἀνδρῶν,
761 1729 998 1807 ἐναργῶς
1077 1730 1174 1803 μὶν
1249 1729 1533 1806 ἀραμένων
1608 1729 1755 1786 ὅπλα
1827 1733 1965 1787 κατᾶ

1577 1816 1601 1837 8

2091 570 2275 626 versis
2298 570 2484 626 ventis
2522 577 2577 625 et
2631 571 2970 629 turbinibus
3026 574 3327 633 demersas
3385 594 3533 649 esse,
3593 580 3739 638 alias

2092 659 2293 715 morbo
2324 665 2381 714 et
2413 660 2562 715 fame
2593 660 3023 719 cxhaustatha
3055 681 3092 719 χ
3115 665 3376 723 millibus
3400 667 3554 724 haud
3590 687 3733 742 pau-

2088 745 2271 802 ciores
2296 745 2390 802 his
2424 746 2587 802 bellis
2612 750 2927 820 perierunt.
2964 751 3126 807 Ultra
3174 770 3227 808 ιν
3270 755 3454 812 millia
3485 763 3732 831 utroque

2088 834 2238 892 bello
2271 836 2329 891 in
2361 852 2620 891 carceres
2651 837 2898 908 inclusa,
2930 857 3064 896 cum
3090 841 3233 897 nihil
3268 844 3340 899 ab
3385 845 3731 918 imperatore

2086 929 2183 980 aut
2216 923 2452 981 aliunde
2482 927 2956 999 suppeditaretur
2986 936 3193 1002 praeter
3221 950 3445 1004 panem,
3474 937 3574 1008 qui
3606 935 3728 1010 pie-

2086 1016 2219 1069 tatis
2250 1031 2382 1085 erga
2414 1032 2447 1069 a
2480 1016 2779 1072 nonnullis
2809 1018 3394 1093 subministrabatur,
3447 1025 3594 1080 male
3634 1043 3730 1098 pe-

2084 1104 2325 1159 rierunt.
2362 1104 2483 1168 Quo
2515 1121 2612 1160 rex
2667 1105 2901 1178 Sicilire,
2958 1107 3117 1166 illius
3178 1111 3310 1167 belli
3369 1118 3592 1181 auctor,
3622 1133 3724 1171 au-

2082 1192 2201 1248 dito
2235 1192 2571 1265 imperatori
2622 1212 2721 1264 per
2777 1195 3001 1253 litteras
3046 1199 3473 1258 immanitatem
3519 1222 3727 1276 expro-

2081 1280 2289 1350 bravit,
2325 1281 2422 1352 qui
2454 1282 2609 1340 fame
2655 1290 2711 1339 ct
2746 1286 2899 1341 476
2950 1287 3162 1359 frigore
3201 1294 3285 1346 tot
3329 1292 3481 1348 viros
3538 1294 3727 1364 perire

2078 1375 2394 1442 pateretur,
2416 1371 2539 1442 qui,
2573 1371 2683 1429 etsi
2710 1390 2871 1430 more
2892 1374 3022 1431 belli
3058 1382 3255 1449 aperte
3303 1396 3467 1437 arma
3492 1381 3723 1437 intulis-

2078 1463 2231 1525 sent,
2266 1464 2458 1515 tamen
2488 1459 2800 1517 Christiani
2842 1470 3036 1519 essent
3077 1470 3135 1521 et
3177 1483 3211 1521 a
3258 1466 3374 1524 Deo
3426 1468 3483 1524 in
3516 1486 3724 1525 manus

2075 1549 2203 1619 ejus
2237 1547 2453 1603 traditi.
2488 1549 2627 1606 Esse
2658 1555 2854 1606 autem
2889 1570 2923 1608 a
2967 1552 3184 1610 victore
3240 1562 3341 1611 aut
3397 1559 3595 1613 statim
3629 1576 3722 1615 ca-

2075 1636 2211 1708 pitis
2234 1637 2600 1695 damnandos
2626 1639 2905 1712 captivos,
2965 1644 3157 1699 omnis
3212 1644 3595 1703 humanitatis
3646 1651 3717 1705 ob

2073 1724 2399 1798 insperatos
2429 1744 2738 1784 successus
2768 1728 2946 1787 oblito
2978 1734 3034 1786 et
3064 1730 3123 1786 in
3170 1733 3351 1789 feram
3386 1752 3664 1793 converso
3700 1756 3714 1806 ;

290 1820 593 1894 Ῥωμαίων
648 1820 804 1894 νόμῳ
860 1817 1134 1892 πολέμου,
1189 1823 1529 1895 Χριστιανῶν
1573 1816 1621 1874 δ’
1677 1820 1830 1894 ὅμως
1870 1816 1959 1875 ὅν-

2073 1820 2174 1869 nut
2205 1815 2256 1871 si
2287 1815 2344 1871 id
2377 1815 2541 1885 nolit,
2576 1816 2782 1874 saltem
2818 1819 3071 1876 frustum
3106 1823 3275 1893 panis
3323 1824 3570 1897 captivis
3600 1826 3715 1883 im-

297 1928 434 1964 τωνο
482 1906 576 1964 καί
632 1910 684 1963 οἱ
742 1906 1197 1983 παραδεδομένων
1255 1908 1331 1972 εἰς
1385 1915 1575 1984 χεῖρας
1644 1910 1749 1965 ὑπὸ
1806 1914 1960 1966 Θεοῦ.

302 2004 516 2076 Χρῆναι
550 1996 599 2054 δ’
631 1996 788 2075 ἔλεγε
836 2000 926 2055 τὸν
986 2004 1222 2055 νικῶντα
1280 2000 1315 2070 ἤ
1373 2001 1746 2077 πανωλεθρίαν
1805 1999 1963 2066 εὐθὺς

297 2094 412 2144 τῶν
474 2090 865 2166 ζωγρηθέντων
913 2088 1404 2166 καταψηφίζεσθαι,
1457 2090 1532 2152 εἰς
1611 2090 1807 2162 θηρίου
1863 2090 1960 2167 φύ-

296 2198 408 2234 σιν·
457 2177 521 2234 ἐκ
576 2177 795 2234 πολλοῦ
857 2181 954 2234 τοῦ
1009 2177 1328 2255 παραλόγου
1390 2180 1819 2257 μεταμειφοέντα
1873 2178 1963 2234 καὶ

294 2269 392 2325 τὸν
438 2269 783 2343 ἂνθρώπινον
843 2267 1007 2342 νόμον
1058 2262 1577 2343 παραϐλεψάμενον·
1609 2268 1643 2338 ἢ
1680 2272 1755 2343 μὴ
1814 2266 1964 2323 δοκι-

304 2355 556 2430 μάσαντα
620 2359 806 2425 τοῦτο,
867 2352 1232 2430 συνειληφότα
1319 2351 1375 2409 δὲ
1445 2354 1535 2410 καὶ
1590 2355 1962 2429 καθείρξαντα,

285 2445 496 2522 τρύφος
526 2448 657 2520 γοῦν
688 2444 853 2520 ἃρτου
886 2440 1235 2520 διαθρύπτειν
1288 2437 1682 2516 ὀκτάϐλωμον,
1739 2444 1785 2499 εἰ
1835 2442 1961 2518 περὶ

286 2538 389 2605 τήν
427 2531 627 2609 διαρκῆ
662 2531 932 2604 διαίτησιν
991 2526 1394 2606 κιμϐικεύεται,
1451 2531 1599 2588 ἀλλὰ
1656 2534 1731 2605 μή
1782 2553 1959 2606 τιμω-

290 2629 405 2699 ρεῖν
450 2627 550 2678 τού
605 2619 696 2677 διὰ
750 2623 934 2698 ξίφους
991 2621 1079 2675 καὶ
1137 2620 1331 2676 αὐτίκα
1392 2620 1566 2695 μόρου
1630 2621 1961 2696 μακρότερα,

291 2713 622 2787 λιμώττειν,
656 2712 950 2787 παρεικότσ
1008 2711 1097 2766 καί
1150 2715 1367 2786 παγετῷ
1424 2709 1513 2766 καί
1558 2715 1752 2785 κρυμῷ
1810 2707 1959 2785 διαρ-

295 2804 601 2880 ῥήγνυσθαι
635 2804 815 2863 κακῶς
849 2802 947 2871 τήν
978 2801 1187 2875 ψυχὴν,
1235 2800 1322 2855 καὶ
1378 2799 1544 2875 φόνου
1594 2799 1766 2854 αἰτίαν
1819 2798 1958 2855 ἐπά-

2076 1905 2466 1974 pertiendum,
2502 1905 2551 1961 si
2584 1906 2662 1961 ita
2688 1908 2960 1964 sordidus
2991 1909 3070 1965 sit
3102 1915 3166 1966 ut
3195 1928 3292 1967 eos
3345 1912 3499 1969 alere
3550 1915 3715 1971 nolit.

2075 1995 2190 2051 Etsi
2222 1996 2379 2050 enim
2408 2012 2507 2051 eos
2529 1996 2724 2068 gladio
2755 2014 2868 2053 non
2920 1999 3172 2070 trajiciat
3219 2017 3323 2056 nec
3357 2002 3536 2058 telum
3594 2021 3722 2059 cru-

2074 2088 2278 2140 entum
2308 2084 2682 2142 evisceribus
2730 2103 2930 2143 eorum
2988 2088 3275 2157 extrahat,
3318 2095 3513 2146 tamen
3581 2110 3715 2148 cum

2074 2190 2172 2231 eos
2213 2173 2421 2246 frigore
2479 2179 2536 2231 et
2604 2175 2757 2233 fame
2815 2176 3126 2233 crudeliter
3181 2179 3474 2247 conficiat,
3535 2181 3717 2238 nihilo

2076 2264 2273 2320 minus
2305 2263 2476 2320 credis
2533 2281 2664 2320 esse
2713 2283 2899 2321 reum.
2959 2271 3158 2339 Neque
3218 2270 3373 2323 enim
3434 2270 3715 2328 interesse

2075 2359 2272 2409 utrum
2306 2352 2429 2425 ipse
2488 2354 2719 2410 occidas
2778 2371 2850 2409 an
2910 2356 3086 2411 credis
3144 2373 3383 2414 causam
3436 2359 3717 2429 praebeas.

2071 2442 2288 2499 Verum
2322 2442 2636 2514 imperator
2666 2443 2797 2499 istis
2840 2443 3049 2500 litteris
3108 2462 3314 2518 parum
3376 2452 3571 2505 motus
3605 2451 3716 2505 mi-

2073 2548 2234 2587 seros
2264 2532 2489 2589 Siculos
2519 2548 2681 2605 atque
2714 2537 2779 2589 ut
2803 2542 2969 2588 antea
3018 2536 3205 2606 perire
3254 2535 3502 2609 sinebat,
3548 2540 3715 2611 quasi

2073 2637 2204 2678 vero
2235 2620 2436 2677 liceret
2466 2621 2740 2693 quicquid
2772 2621 3063 2681 libuisset.
3096 2625 3255 2697 Saepe
3301 2626 3479 2698 igitur
3510 2628 3714 2683 eodem

2073 2710 2165 2767 die
2195 2710 2317 2766 bini
2348 2715 2403 2767 et
2436 2711 2607 2780 terni,
2639 2709 2765 2767 sine
2797 2712 3043 2782 inferiis,
3077 2724 3336 2771 extrema
3383 2715 3622 2783 lotione,
3653 2717 3716 2773 in

2073 2800 2404 2856 coemeteria
2433 2806 2489 2855 et
2518 2816 2789 2856 cavernas
2820 2801 3296 2871 conjiciebantur.

291 2893 505 2969 γὲσθαι,
538 2890 703 2945 εἶκαὶ
754 2893 828 2963 μὴ
884 2890 951 2946 τὰ
1007 2891 1194 2965 στέρνα
1252 2885 1493 2964 διατορεῖ
1549 2886 1734 2963 δόρατι
1886 2890 1947 2944 τὸ
2007 2888 2171 2964 βέλος
2226 2887 2598 2963 ἁρπαζόμενον
2655 2894 2774 2951 τοῖς
2845 2889 3151 2965 σπλάχνοῖς
3212 2893 3301 2947 καὶ
3360 2889 3720 2970 ἐμϐαπτόμε-

307 3002 401 3037 νον
440 2978 726 3051 δείκνυσιν,
760 2979 874 3036 ἐπεὶ
910 2977 1051 3055 μηδὲ
1100 2977 1367 3059 διαφέρειν
1413 2979 1475 3033 τὸ
1531 2982 1782 3056 φονεῦσαι
1828 2979 1915 3033 καὶ
1977 2978 2142 3054 φόνου
2190 2983 2490 3053 παρασχεῖν
2550 2977 2836 3056 πρόφασιν.
2898 2978 3165 3044 Βασιλεὺς
3223 2978 3280 3037 δὲ
3337 2982 3467 3038 ὠσὶν
3526 2982 3715 3059 ἄκροις

302 3066 758 3145 παραδεξάμενος
799 3069 865 3125 τὰ
921 3070 1260 3147 γραφόμενα,
1323 3067 1467 3124 ε’ἰασε
1525 3067 1651 3131 τοὺς
1708 3066 1944 3129 τάλανας
2006 3065 2269 3129 Σικελοὺς
2327 3067 2400 3131 ὠς
2458 3068 2720 3143 πρότερον
2774 3067 3071 3144 φθίνεσθαι,
3126 3070 3200 3134 ὠς
3257 3070 3308 3126 ἐν
3362 3072 3509 3143 αύτῷ
3567 3069 3718 3145 ὄντος

297 3163 399 3213 τοῦ
434 3158 463 3213 δ
494 3157 548 3213 τί
578 3159 697 3213 ποτ’
734 3157 793 3213 ἄν
824 3157 1020 3221 αὐτοὺς
1074 3156 1336 3233 βούλοιτο
1395 3155 1604 3233 δρᾶσαι.
1662 3154 1866 3212 Σύνδυο
1927 3158 2018 3211 οὖν
2066 3156 2157 3211 καὶ
2214 3155 2457 3231 σύντρεις
2511 3156 2783 3219 πολλάκις
2836 3165 2937 3227 τῆς
2996 3157 3204 3235 ἡμέρας
3271 3159 3716 3236 ἐκκομιζόμενοι,

297 3246 675 3325 νεκροταφίων
734 3245 960 3323 ἄμοιροι
1021 3246 1109 3301 καί
1168 3249 1290 3323 ἅτερ
1357 3252 1464 3302 τῶν
1542 3246 1866 3303 τελευταίων
1945 3245 2217 3323 λουτρῶν,
2294 3245 2429 3300 κατᾶ
2501 3250 2608 3301 τῶν
2682 3244 3061 3323 πολυανδρίων
3149 3249 3544 3323 ἐξετινάσσοντο
3625 3255 3718 3311 καὶ

292 3335 642 3394 καταδύσεων
671 3342 778 3393 τῶν
810 3335 1106 3411 ὑπογείων.

364 3426 606 3491 Καθίσας
634 3423 682 3482 δ’
730 3427 759 3481 ὁ
803 3423 1060 3501 βασιλεὺς
1118 3425 1205 3480 ἐπὶ
1256 3422 1449 3503 δίφρου
1495 3423 1954 3501 χρυσοκολλήτου
1997 3430 2040 3496 C

293 3519 385 3573 καὶ
427 3514 653 3591 περιδὺς
718 3516 821 3584 τὴν
894 3514 1265 3590 λιθύστρωτον
1330 3508 1616 3586 τηϐελναν,
1692 3514 1844 3590 βῆμά
1906 3536 1963 3570 τε

297 3607 872 3684 πολυανθρωπότατον
907 3606 1208 3682 ἠθροικὼς,
1242 3605 1316 3667 ὡς
1350 3603 1433 3676 εἶή
1493 3607 1570 3679 μή
1620 3611 1737 3669 τοῖς
1787 3602 1962 3661 ἀλλο-

299 3700 506 3778 φώνοις
542 3698 707 3771 μόνον
741 3694 890 3752 ἀλλά
934 3696 1026 3751 καί
1078 3700 1198 3758 τοῖς
1243 3693 1543 3769 Ῥωμαίοις
1594 3695 1785 3759 αὐτοῖς
1841 3693 1959 3750 ἔπι-

297 3783 649 3869 φοόώτατος,
701 3785 1002 3862 εἰσάγεσθαι
1067 3783 1276 3840 κελεύει
1336 3783 1464 3849 τοὺς
1518 3788 1614 3839 τοῦ
1668 3783 1962 3840 Σικελικοῦ

296 3875 705 3954 στρατεύματος
738 3874 1042 3951 ἃρχηγοὺς,
1087 3870 1303 3945 δηλαδὴ
1363 3872 1453 3929 τὸν
1506 3869 1822 3931 Ἀλδουῖνον
1872 3873 1961 3927 καὶ

293 3968 386 4024 τὸν
421 3962 768 4039 Ῥιτζάρδον.
809 3964 877 4021 Οἱ
905 3960 963 4019 δὲ
991 3963 1052 4018 τὸ
1101 3960 1324 4038 ἐριῶδες
1374 3969 1476 4032 τῆς
1530 3961 1772 4041 κεφαλῆς
1820 3963 1957 4018 ino-

293 4057 514 4130 θέμενοι
580 4053 850 4128 κάλυμμα
943 4053 1030 4107 καὶ
1128 4048 1530 4129 δουλικωτέραν
1588 4052 1958 4128 πρασκύνησιν

292 4145 710 4219 ἇπονείμαντες,
742 4144 1113 4217 ἠρωτήθησαν
1144 4141 1291 4217 παρᾶ
1341 4146 1438 4197 τοῦ
1492 4142 1761 4217 βασιλέως
1809 4142 1958 4204 ὅπως

292 4236 458 4293 αὑτὸν
491 4234 718 4311 χριστὸν
752 4231 881 4288 ὅντα
910 4230 1111 4307 Κυρίου
1142 4229 1507 4307 ἐκακολόγουν
1559 4229 1611 4285 ἐν
1660 4235 1774 4294 τοῖς
1823 4231 1960 4305 πρὸς

290 4327 458 4384 αὐτὸν
512 4325 857 4403 γράμμασιν,
922 4318 1048 4377 οὐδὲ
1108 4322 1201 4395 μὶν
1250 4317 1474 4382 δικαίως
1524 4316 1745 4395 ἔχοντες
1802 4318 1957 4394 ἐπεγε

293 4416 514 4488 καλεῖν,
551 4417 622 4488 τῇ
653 4410 699 4467 δ’
727 4410 996 4486 ἐνεστώσῃ
1032 4409 1177 4487 τύχῃ
1217 4410 1364 4485 παρὰ
1408 4410 1471 4465 τὸ
1512 4407 1629 4464 δέον
1676 4410 1961 4485 χρώμενοι

293 4507 385 4563 καὶ
449 4501 814 4580 κυδρούμενοι
869 4500 962 4556 καὶ
1019 4504 1098 4572 τῷ
1156 4502 1389 4570 ἡττῆσαι
1446 4500 1583 4554 κατὰ
1648 4497 1843 4575 κράτος
1897 4498 1959 4553 τὸ

295 4593 576 4669 πολέμιον
609 4592 944 4670 φυσώμενοι.
979 4587 1155 4651 Αὐτὸς
1185 4588 1288 4664 γὰρ
1320 4588 1347 4643 ὁ
1385 4585 1639 4664 βασιλεὺς
1700 4587 1960 4649 Ἰσαάκιος

296 4689 401 4756 τὴν
465 4681 745 4761 βασιλείαν
801 4679 922 4755 ἄρτι
981 4673 1335 4753 παραλαϐὼν,
1392 4671 1652 4752 πρέσϐεις
1707 4675 1957 4732 ἀποστεί-

2142 3430 2464 3499 Imperator
2503 3444 2657 3496 vero,
2690 3427 2835 3485 sella
2863 3446 3041 3485 aurea
3070 3438 3373 3503 occupata,
3426 3437 3483 3489 et
3549 3451 3714 3507 gem-

2066 3522 2219 3571 mata
2251 3532 2507 3589 purpura
2567 3517 2831 3588 indutus,
2883 3520 3030 3575 471
3085 3526 3401 3593 eoactaque
3459 3526 3714 3581 maxima

2062 3604 2371 3660 hominum
2406 3606 2821 3677 frequentia,ut
2852 3624 2967 3662 non
2993 3609 3312 3679 peregrinis
3344 3614 3573 3665 tantum
3604 3614 3705 3667 sed

2062 3695 2341 3750 Romanis
2370 3693 2546 3751 etiam
2581 3695 2829 3752 maxime
2872 3695 3255 3753 formidabilis
3297 3701 3470 3768 esset,
3527 3699 3707 3755 Siculi

2062 3785 2352 3840 exercitus
2383 3783 2562 3839 duces
2590 3784 2942 3839 Balduinum
2995 3790 3051 3840 et
3104 3785 3456 3842 Richardum
3496 3788 3707 3844 adduci

2054 3871 2558 3944 jubet.Qui,pileis
2590 3873 2897 3945 depositis,
2928 3872 3197 3930 servilem
3257 3873 3317 3929 in
3364 3876 3605 3931 modum
3638 3892 3704 3932 eo

2065 3962 2326 4028 adorato,
2358 3961 2543 4033 rogati
2576 3962 2648 4017 ab
2681 3978 2746 4016 eo
2778 3970 2917 4017 sunt
2941 3977 3046 4017 cur
3099 3978 3161 4018 se
3203 3967 3444 4019 unctum
3470 3964 3704 4020 Domini

2064 4051 2188 4107 suis
2221 4049 2429 4106 litteris
2461 4050 2727 4105 insectati
2775 4054 2993 4118 essent,
3026 4067 3159 4106 cum
3220 4050 3442 4108 nullam
3481 4053 3705 4122 justam

2064 4138 2488 4211 querimoniam
2514 4139 2817 4207 haberent,
2848 4143 3078 4195 tantum
3125 4141 3365 4197 fortuna;
3416 4144 3707 4198 successi-

2066 4229 2175 4284 bus
2208 4231 2265 4284 et
2293 4226 2531 4284 victoria
2559 4230 2761 4283 contra
2790 4227 3049 4284 ofﬁcium
3082 4227 3291 4284 inﬂati.
3344 4229 3487 4286 Nam
3542 4235 3703 4286 Isaa-

2063 4319 2185 4374 cius
2217 4316 2461 4389 imperio
2481 4333 2681 4372 recens
2704 4321 3002 4389 suscepto,
3020 4334 3153 4374 cum
3177 4317 3517 4375 Latinorum
3541 4336 3702 4376 exer-

2063 4408 2214 4466 citus
2244 4408 2431 4465 adhuc
2463 4413 2617 4465 esset
2648 4410 2891 4482 integer,
2940 4427 3040 4481 per
3095 4408 3316 4482 legatos
3358 4410 3500 4467 nihil
3551 4413 3704 4485 quod

2062 4500 2131 4556 ad
2156 4500 2619 4571 pacificationem
2651 4500 2926 4556 attineret
2957 4518 3087 4557 cum
3148 4500 3396 4558 ducibus
3447 4502 3704 4559 hostium

2063 4592 2280 4661 egerat,
2314 4605 2502 4656 neque
2553 4590 2898 4646 muneribus
2947 4589 3147 4647 missis
3211 4608 3399 4664 neque
3460 4591 3707 4648 benevo-

2064 4678 2241 4734 lentia
2263 4678 2566 4735 simulata:
2591 4680 2691 4735 sed
2717 4679 2987 4751 quamvis
3010 4681 3231 4737 incerto
3259 4681 3449 4738 adhuc
3463 4698 3704 4738 suarum

295 4776 403 4839 λας
434 4770 517 4830 ἔτι
548 4779 649 4842 τῆς
694 4771 925 4840 Λατίνης
987 4773 1242 4845 στρατιᾶς
1300 4768 1636 4838 συνεστώσης
1672 4764 1846 4822 ὀὐδέν
1904 4787 1955 4822 τι

2073 4785 2261 4825 rerum
2293 4772 2475 4836 statu,
2506 4785 2610 4839 pro
2641 4768 2886 4841 imperio
2916 4770 3219 4826 interitum
3269 4777 3326 4826 et
3363 4770 3707 4828 internecio-

292 4871 407 4923 τῶν
467 4863 602 4940 πρὸς
662 4859 971 4935 διαλλαγὴν
1029 4858 1296 4936 φερόντων
1381 4861 1501 4920 τοῖς
1560 4861 1951 4932 στρατηγοῦσιν

292 4953 542 5027 ἐλάλησε
605 4958 703 5008 τοῦ
761 4949 1000 5006 ἐναντίου
1061 4946 1485 5022 στρατεύματος,
1559 4950 1699 5021 μήτε
1752 4945 1951 5021 δώροις

289 5044 555 5125 ἀγάλλων
602 5043 732 5118 μήτ’
764 5038 970 5102 εὐνοίας
1033 5036 1377 5115 ὑπαγόμενος
1430 5036 1769 5110 πλάσμασιν,
1824 5036 1950 5093 ἀλλ’

288 5134 605 5195 ἐπιστείλας
663 5131 1038 5207 ἀρχικώτερον
1116 5126 1206 5182 καὶ
1293 5127 1488 5189 πάσαις
1578 5130 1673 5201 μὲν
1734 5126 1954 5196 αἰτίαις,

285 5230 424 5282 πᾶσι
458 5222 515 5281 δὲ
576 5221 797 5297 βάλλων
857 5217 1197 5294 ἐγκλήμασιν
1261 5211 1613 5292 ἐσοϐαρεύετο
1675 5216 1813 5292 πρὸς
1866 5215 1952 5271 ἄν·

290 5318 426 5396 δρας
448 5312 527 5373 ἔτι
559 5318 824 5376 νικῶντας
872 5311 1004 5367 κάπί
1058 5307 1186 5371 τοὺς
1235 5308 1437 5364 ἑαυτῶν
1485 5305 1656 5370 πόδας
1718 5306 1956 5370 τιθέντας

289 5394 437 5468 ἅπαν
470 5405 533 5462 τὸ
582 5402 634 5459 ἓν
685 5399 1010 5474 Ῥωμαίοις,
1054 5397 1145 5453 καὶ
1202 5396 1263 5452 τὸ
1325 5396 1531 5451 οἰκεῖον
1591 5397 1840 5467 ἀνυμνῶν
1882 5394 1956 5466 ξί-

294 5519 405 5577 φος
456 5496 546 5550 καί
602 5490 922 5567 μεγαλύνων
990 5489 1066 5552 ὠς
1115 5487 1533 5560 τμηοικώτατον
1596 5481 1956 5554 διηπειλεῖτο,

294 5573 385 5664 ἐφ’
454 5587 538 5649 οἷς
599 5580 678 5640 ἔτι
752 5579 1090 5655 διηπορεῖτο,
1159 5575 1533 5653 έξολόθρευσιν
1628 5573 1804 5664 αὐτῶν
1868 5575 1958 5664 καὶ

295 5661 609 5747 ἀπώλειαν,
642 5673 687 5731 εἰ
732 5673 808 5747 μή
863 5664 1430 5747 μεταϐουλευσάμενυι
1480 5661 1827 5741 παλίμποδες
1872 5663 1959 5742 γέ.

2066 4875 2200 4914 nem
2232 4858 2316 4914 eis
2346 4857 2604 4914 minatus
2639 4859 2844 4926 fuerat,
2898 4860 3014 4915 nisi
3062 4861 3303 4915 mutatis
3349 4860 3609 4917 consiliis
3639 4877 3706 4915 eo

2066 4948 2323 5004 redirent
2370 4951 2525 5005 unde
2561 4947 2875 5004 venissent.
2927 4948 3146 5005 Verum
3202 4949 3516 5005 Balduinus
3574 4964 3706 5003 cum

2067 5037 2283 5110 alioqui
2320 5038 2498 5105 ferox,
2534 5041 2597 5093 ut
2628 5055 2719 5093 res
2776 5038 3108 5106 declaravit,
3164 5043 3280 5093 tum
3332 5037 3707 5093 successibus

2069 5128 2212 5184 utris
2246 5129 2431 5183 instar
2460 5127 2720 5194 inﬂatus,
2754 5128 2822 5182 iis
2854 5126 3066 5183 litteris
3115 5127 3382 5182 irritatus
3432 5124 3703 5181 insolenti

2067 5232 2347 5287 responso
2378 5215 2634 5286 gladium
2677 5216 3044 5287 imperatoris
3101 5214 3253 5270 478
3312 5214 3590 5272 irridebat
3645 5220 3709 5271 ut

2071 5305 2127 5359 in
2160 5306 2493 5360 etI'eminata
2523 5320 2765 5375 corpora
2799 5311 3033 5358 acutum
3067 5302 3299 5373 (quibus
3351 5302 3542 5359 verbis
3599 5303 3706 5359 Ha-

2068 5392 2631 5466 giochristOpboritaa
2712 5391 2926 5446 eadem
3018 5390 3340 5463 innuebat),
3397 5396 3453 5447 et
3523 5392 3715 5464 ipsum

2069 5482 2351 5539 Isaacium
2386 5487 2447 5536 ut
2478 5480 2775 5537 imbellem
2812 5480 3235 5549 subsannabat,
3268 5480 3366 5553 qui
3414 5498 3717 5554 nunquam

2070 5571 2180 5629 sub
2208 5571 2303 5627 dio
2330 5571 2389 5627 in
2449 5569 2650 5643 clypeo
2720 5569 3077 5642 dormiisset,
3133 5585 3433 5643 nunquam
3490 5572 3716 5645 galeam

2070 5660 2470 5734 sustinuisset,
2504 5676 2692 5733 neque
2718 5659 2972 5719 thoracis
3013 5660 3213 5719 sordes
3259 5659 3581 5734 tolerasset,
3613 5665 3718 5722 sed
