4116 6206
382 355 503 414 727
1676 344 1990 409 NICETIE
2034 370 2035 385 ι

2144 344 2469 408 ΟΝῙΑΤΑΞ
2938 298 2941 299 ν
3673 351 3788 413 ’128

384 490 546 547 fumo
569 489 1039 545 lucubrationum
1061 486 1343 554 sorderet,
1367 503 1399 541 a
1420 482 1635 541 teneris
1666 482 1833 538 annis
1854 480 2026 536 ludos

2144 481 2488 545 νωνταιὸθεν
2551 480 2793 557 ἐξῄεσαν.
2862 484 2925 542 Ὀ
2994 481 3050 540 δὲ
3116 482 3441 547 Ἀλδουῖνος
3510 485 3791 565 ἀγέρωχος

386 582 753 654 frequentare
776 579 1076 642 solitus,et
1102 580 1497 633 membranam
1520 574 1790 631 tabellam
1816 578 1871 628 et
1900 591 2027 643 gra-

386 671 590 741 phium
618 675 838 731 tenens,
857 667 1103 723 subinde
1118 668 1339 738 virgam
1353 665 1697 721 etmanibus
1730 663 2030 718 etnatibus

383 758 788 814 imminentem
823 755 1101 822 timuerit,
1128 757 1373 826 ejusque
1418 754 1599 809 solius
1640 752 1944 823 strepitum
1975 754 2033 805 et

387 843 612 901 noverit
632 848 688 899 et
710 842 997 911 metuerit,
1026 844 1123 899 sed
1152 843 1349 899 Martis
1395 842 1583 897 minas
1617 856 1919 912 nunquam
1943 844 2033 894 to-

382 932 796 1003 lerarit,neque
819 948 1074 1003 unquam
1100 932 1359 986 sonitum
1382 930 1711 999 iaculorum
1726 929 2029 984 audiverit.

384 1023 579 1092 Neque
602 1038 732 1078 vero
756 1021 876 1075 haec
898 1020 1151 1076 ludibria
1170 1022 1450 1075 duntaxat
1481 1019 1902 1085 scribebat,sed
1927 1018 2028 1072 ad-

386 1114 766 1171 monitionem
800 1129 1030 1185 quoque
1088 1112 1499 1183 subiungebat,
1546 1120 1599 1166 et
1653 1127 1784 1165 cum
1845 1110 2032 1168 hostis

385 1209 560 1271 esset,
588 1202 905 1259 consiliarii
923 1219 1141 1258 munus
1157 1201 1408 1271 subibat,
1434 1200 1832 1272 suadebatque
1849 1201 2028 1255 ntim-

382 1293 734 1365 peratoriam
759 1307 1035 1348 coronam
1063 1298 1385 1364 ceteraque
1409 1290 1606 1346 omnia
1629 1291 1856 1361 imperii
1895 1288 2034 1343 insi-

383 1383 522 1456 gnia
538 1383 872 1454 deponeret,
904 1397 1087 1453 eaque
1103 1383 1404 1453 potentiori
1423 1386 1480 1436 et
1505 1381 1702 1436 victori
1723 1380 2033 1453 diligenter

383 1477 712 1530 asservaret
734 1471 969 1541 (quibus
984 1470 1174 1525 verbis
1189 1470 1427 1525 dominu
1440 1487 1491 1524 m
1513 1487 1620 1524 suu
1633 1487 1684 1524 m
1706 1469 1802 1525 inn
1815 1467 2028 1540 uebat),

383 1573 437 1622 et
460 1564 644 1619 multo
672 1568 806 1618 ante
828 1561 1073 1635 supplex
1096 1564 1167 1618 de
1184 1564 1299 1617 vita
1321 1562 1685 1633 impetranda
1717 1560 2029 1626 laboraret,

385 1670 449 1711 ac
470 1653 621 1709 419
655 1652 746 1707 his
764 1651 834 1707 de
860 1650 1053 1706 causis
1084 1653 1395 1723 imperator
1417 1652 1474 1705 in
1521 1650 1810 1718 judicium
1847 1649 2028 1703 addu-

383 1742 764 1809 cebatduces,
792 1740 1127 1796 Davidicum
1154 1740 1296 1795 illud
1322 1756 1437 1795 non
1488 1740 1679 1795 ferens
1705 1757 1718 1794 :
1744 1762 1771 1789 «
1809 1738 2032 1812 Lingua

2138 565 2212 621 ὢν
2244 570 2335 625 καὶ
2365 568 2573 634 ἄλλως.
2607 572 2682 635 ὡς
2727 570 2917 643 ἓδειξε,
2972 575 3096 630 τότε
3146 572 3203 629 δὲ
3248 575 3336 630 καὶ
3388 580 3512 637 ταῖς
3571 573 3789 630 ἐνεστώ-

2138 678 2257 720 σαις
2324 660 2520 739 τύχαις
2570 662 2646 726 ὡς
2701 661 2863 726 ἀσκὸς
2935 662 3335 736 ἐξοιδούμενος,
3400 664 3501 719 οὑκ
3566 663 3792 739 ἐνεγκὼν

2137 749 2205 802 τά
2235 748 2605 824 ἐπεσταλμένα
2641 747 2922 824 ἀμείϐεται
2975 754 3067 808 τὸν
3130 754 3361 829 βασιλέα
3400 752 3596 827 λόγοις
3653 775 3793 828 κομ-

2139 840 2440 911 ψευτικοῖς.
2499 841 2573 898 Τό
2624 862 2681 896 τε
2727 842 2832 918 γὰρ
2879 841 3029 922 ξίφος
3076 843 3242 899 αὑτοῦ
3290 832 3663 916 ἐκωμῴδησεν
3718 844 3790 907 ὡς

2140 928 2515 1005 σκιατραφέσιν
2551 928 2871 1003 ὀξυνόμενον
2913 932 3161 1004 σώμασιν
3219 931 3575 1007 (ὑπῃνίττετο
3626 929 3685 986 δὲ
3731 932 3792 986 τὰ

2137 1018 2451 1094 γραφόμενα
2520 1020 2611 1075 τὸν
2686 1024 2784 1076 τοῦ
2851 1022 3443 1098 ’Δγιοχριστοφορίτου
3509 1025 3599 1096 [Ρ.
3669 1024 3789 1096 235]

2141 1108 2409 1178 θάνατον),
2448 1108 2536 1165 καὶ
2571 1108 2730 1165 αὑτὸν
2766 1108 2823 1166 δέ
2867 1112 2960 1166 τὸν
3011 1113 3279 1169 Ἰσαάκιον
3338 1113 3413 1174 ὡς
3473 1112 3795 1187 ἀπάλαμνον

2140 1194 2415 1270 ἐμωκᾶτοο
2460 1196 2601 1271 μηδὶ
2654 1200 2759 1274 γὰρ
2817 1202 3157 1275 θυραυλῆσαί
3214 1222 3347 1257 ποτε
3402 1203 3494 1256 καὶ
3556 1201 3645 1257 ἐπὶ
3706 1214 3796 1266 θυ-

2142 1292 2275 1362 ρεῶν
2349 1287 2662 1357 εύνασθῆναι
2738 1291 2773 1358 ἢ
2849 1294 2980 1365 γοῦν
3084 1289 3379 1366 μαρύλλης
3468 1290 3794 1367 ἀνασχέσθαι

2140 1375 2371 1451 κράνους
2427 1378 2517 1431 καὶ
2592 1377 2882 1455 ὑπενέγκαι
2955 1377 3245 1453 μολυσμὸν
3308 1382 3582 1456 θώρακος,
3656 1380 3797 1436 ἀλλά

2140 1470 2331 1539 καπνῷ
2405 1467 2753 1543 γραμμάτων
2820 1472 3177 1545 προσανέχειν
3248 1469 3302 1532 ἐς
3368 1474 3797 1545 γραμματιστοῦ

2141 1554 2415 1628 φοιτῶντα
2447 1554 2499 1626 ἐξ
2538 1555 2761 1612 ἁπαλῶν
2821 1553 2901 1614 ἔτι
2958 1558 3177 1634 ὀνύχων
3234 1559 3322 1614 καὶ
3385 1557 3569 1635 δέρῥιν
3628 1560 3798 1634 ἐξημ-

2144 1644 2327 1717 μένον,
2403 1642 2707 1700 πινακίδιον
2782 1666 2842 1702 τε
2914 1649 3006 1702 καὶ
3080 1654 3342 1725 γραφεῖον
3415 1650 3519 1704 ἀνά
3607 1655 3796 1729 χεῖρας

2139 1727 2339 1808 ἔχοντα
2384 1735 2485 1804 τήν
2557 1734 2830 1806 σκυτάλην
2886 1737 3062 1811 συχνὰ
3100 1732 3505 1795 ὑποϐλέπεσθαι
3571 1727 3801 1818 κατασε-

381 1834 583 1887 nostra
614 1845 794 1902 penes
828 1845 933 1885 nos
954 1833 1044 1885 est
1069 1828 1236 1901 :quis
1268 1829 1544 1884 dominus
1592 1835 1788 1884 noster
1833 1828 1968 1884 est?
2001 1849 2029 1877 ››

2144 1822 2379 1898 ρομένην
2406 1828 2513 1877 τῶν
2542 1828 2744 1899 χειρῶν
2778 1824 2948 1879 αὐτοῦ
2977 1827 3068 1880 καὶ
3108 1830 3214 1881 τῶν
3245 1832 3459 1905 πυγῶν,
3514 1829 3607 1883 καὶ
3657 1830 3796 1885 ταύ-

381 1920 451 1977 Ει
471 1918 690 1991 scripta
710 1918 809 1973 illa
832 1916 1344 1989 ultimolsupplicio
1360 1916 1884 1973 multabat.Verum
1902 1916 1997 1972 Bal
2017 1947 2029 1957 -

274 2006 279 2009 ⁴
381 2008 687 2075 duinus,ut
708 2005 983 2064 secundis
1006 2006 1180 2061 rebus
1199 2006 1270 2061 ad
1294 2006 1726 2079 objurgandum
1761 2012 2023 2077 paratus,

382 2095 467 2152 sic
490 2099 718 2152 mutata
743 2095 977 2151 fortuna
999 2093 1268 2149 adulandi
1292 2094 1465 2149 etiam
1495 2110 1766 2149 summus
1804 2092 2030 2164 artifex,

383 2202 505 2256 qua
537 2201 630 2241 res
661 2184 861 2240 omnia
895 2199 1080 2251 arma,
1116 2198 1320 2239 omnes
1350 2182 1654 2239 machinas
1685 2184 1801 2238 fere
1832 2182 2029 2252 vincit,

387 2273 758 2346 imperatoris
782 2271 1146 2327 iracundiam
1178 2272 1406 2343 depulit
1461 2275 1518 2328 et
1573 2270 2029 2328 indignationem

388 2363 694 2436 mitigavit,
726 2361 985 2435 gladium
1019 2361 1148 2432 ejus
1179 2366 1242 2416 ut
1272 2376 1505 2416 summo
1547 2360 1787 2432 imperio
1810 2360 2031 2433 dignis-

387 2454 603 2510 simum
636 2459 687 2509 et
719 2450 1010 2522 exquisita
1038 2450 1162 2506 acie
1222 2451 1527 2521 praeditum
1589 2449 1943 2517 extollendo,
1977 2455 2033 2506 et

392 2559 520 2615 quae
551 2541 903 2613 scripsisset,
948 2556 1060 2595 non
1118 2539 1269 2596 levia
1324 2545 1382 2595 et
1438 2539 1636 2595 inania
1688 2540 1882 2605 verba,
1929 2539 2033 2594 sed

384 2633 633 2689 veritate
663 2630 904 2687 suffulta
934 2635 991 2686 et
1022 2646 1200 2685 manu
1251 2629 1354 2685 Dei
1409 2629 1649 2686 omnino
1691 2628 2034 2702 consignata

382 2722 567 2778 fuisse
595 2719 965 2777 afﬁrmando.
1006 2719 1200 2792 Neque
1228 2734 1362 2776 vero
1423 2735 1505 2787 se,
1567 2720 1723 2792 quod
1764 2718 2033 2775 acerbius

382 2810 801 2885 rescripsisset,
864 2813 1171 2882 propterea
1235 2804 1729 2865 contemnendum
1779 2808 2032 2879 judicari

381 2900 585 2958 orabat
618 2917 631 2955 :
666 2916 802 2956 nam
836 2898 1048 2955 hostile
1078 2898 1277 2955 odium
1302 2898 1437 2969 jure
1469 2903 1688 2954 naturas
1743 2898 1903 2954 omni
1932 2915 2035 2954 va-

377 3007 508 3047 care
539 2989 805 3045 crimine.

2141 1931 2241 1981 της
2305 1910 2479 1985 μόνης
2529 1908 2722 1968 εἰδέναι
2782 1915 2869 1969 καὶ
2932 1911 3164 1970 δεδιέναι
3228 1916 3321 1971 καὶ
3358 1915 3801 1993 κροταλίσματα,

2141 1998 2372 2071 ἀπειλὴν
2430 1997 2476 2055 δ’
2533 2002 2731 2077 “Apso:
2783 2002 3106 2083 ὑφίστασθαι
3151 2001 3446 2079 μηδαμῶς,
3491 2006 3636 2080 μηδὲ
3674 2005 3800 2063 δοῦ-

2139 2111 2240 2145 πον
2298 2090 2534 2145 ἀκόντων
2582 2091 2930 2168 ἒνηχηθῆναί
2968 2114 3122 2150 ποτε.
3191 2094 3269 2151 Ού
3308 2098 3477 2150 ταῦτα
3517 2093 3577 2151 δὲ
3636 2098 3799 2170 μόνον

2141 2178 2514 2256 ἐπικερτομῶν
2571 2175 2821 2260 ἔγραφεν,
2868 2179 3016 2238 ἀλλά
3070 2182 3161 2237 καὶ
3216 2182 3555 2262 παραίφασιν
3612 2184 3795 2262 εῗσῆγε

2141 2269 2232 2323 καὶ
2293 2267 2491 2345 ἐχθρὸς
2564 2266 2637 2324 ὣν
2709 2268 3049 2349 συμφάδμων
3115 2271 3340 2347 ἐγίνετο,
3418 2274 3510 2329 καὶ
3586 2273 3794 2349 ἐνῆγεν,

2142 2356 2477 2433 ἀποθέμενον
2531 2358 2594 2414 τὸ
2654 2357 2938 2434 βασίλειον
2983 2361 3309 2437 στεφάνωμα
3355 2363 3448 2417 καὶ
3504 2366 3573 2418 τὰ
3627 2362 3827 2421 λοιπὰ

2141 2445 2237 2514 τῆς
2259 2446 2442 2522 ἀρχῆς
2487 2442 2903 2521 ἀποϐαλόμενον
2953 2448 3045 2504 καὶ
3095 2451 3478 2523 συμπτύξαντα
3526 2454 3597 2510 τά
3652 2454 3798 2527 φύμ-

2142 2530 2283 2592 6ολα
2310 2536 2516 2592 τούτων
2556 2537 2647 2611 μὲν
2687 2538 3013 2607 ὑπεκστῆναι
3062 2540 3153 2595 καὶ
3202 2546 3391 2614 τηρεῖν
3442 2546 3523 2615 τῷ
3570 2547 3799 2599 νικῶντι

2140 2626 2231 2681 καὶ
2269 2627 2564 2702 κρείττονι,
2633 2629 2725 2683 τὸν
2788 2627 2982 2683 ἐαυτοῦ
3046 2629 3234 2705 κύριον
3305 2632 3453 2687 οὕτω
3497 2632 3591 2687 τὸν
3651 2634 3797 2710 ῥῆγα

2143 2714 2340 2792 λέγων,
2373 2716 2536 2771 αὐτὸν
2568 2713 2625 2772 δὲ
2679 2717 2967 2773 ὑποπεσεῖν
3024 2718 3114 2774 καὶ
3163 2719 3288 2797 περὶ
3341 2725 3439 2777 τοῦ
3490 2722 3651 2796 μόνον
3697 2726 3791 2797 ζῇν

2145 2805 2582 2861 ἐπανατείνεσθαι
2628 2804 2836 2878 δέησιν.
2888 2808 2986 2862 Καὶ
3041 2809 3299 2884 βασιλεὺς
3348 2811 3444 2885 μὶν
3495 2808 3586 2867 διὰ
3631 2817 3800 2868 ταῦτα

2146 2895 2234 2950 ὑπ’
2276 2893 2501 2981 εὐθύνην
2552 2896 2658 2973 ἦγε
2706 2896 2832 2952 τότε
2878 2897 3013 2959 τοὺς
3062 2899 3429 2975 στρατηγοὺς,
3483 2902 3560 2972 μὴ
3621 2900 3795 2981 φέρων

2142 2985 2205 3039 τὸ
2234 2988 2331 3039 τοῦ
2381 2980 2547 3040 Δαόὶδ
2594 2984 2733 3039 κατά
2778 2989 2927 3055 νοῦν,
2988 3011 3015 3038 ‹‹
3056 2987 3122 3044 Ἦ
3176 2985 3401 3063 γλῶσσα
3458 2991 3624 3062 ἡμῶν
3673 2993 3799 3065 παρ’

377 3081 518 3153 ἡμῖν
554 3076 694 3135 ἐστι·
725 3077 809 3141 τίς
869 3080 1030 3149 ἡμῶν
1084 3076 1272 3153 κύριός
1323 3076 1473 3146 ἐστι;
1508 3101 1536 3129 ››
1596 3078 1686 3132 καὶ
1742 3078 1971 3133 θανατου
2029 3074 2192 3149 ἔτίμα
2252 3076 2320 3129 τὰ
2374 3077 2749 3152 γεγραμμένα.
2807 3078 2871 3134 Ὀ
2926 3073 2985 3133 δὲ
3042 3073 3364 3141 Ἀλδουῖνος
3422 3078 3524 3135 οὐκ
3577 3080 3643 3149 ἦν
3700 3078 3797 3155 ἂρα

377 3166 541 3240 μόνον
593 3164 760 3229 δεινὸς
818 3165 1135 3236 ἐπιπλῆξαι,
1201 3168 1302 3235 τὴν
1355 3165 1536 3241 τύχην
1599 3162 1679 3220 ἔτι
1739 3162 1884 3241 ἔχων
1948 3162 2532 3244 ὑπερηφανευομένην,
2589 3164 2737 3220 ἀλλὰ
2793 3166 2883 3222 καὶ
2940 3164 3256 3222 κολακεύειν
3315 3167 3531 3239 ἤσκητο
3599 3168 3794 3246 ἃκρως,

377 3257 574 3331 πρὸςὸ
609 3256 779 3331 μόνον
812 3260 915 3311 πᾶν
949 3254 1119 3309 ὅπλον
1172 3256 1263 3310 καὶ
1330 3260 1475 3310 πᾶσα
1524 3254 1721 3329 μικροῦ
1774 3256 2006 3330 μηχανή
2068 3256 2303 3330 πέφυκε-ν
2371 3254 2762 3329 ἀσθενέστερον,
2813 3253 2865 3310 ἐν
2923 3258 3007 3318 οἷς
3074 3253 3448 3320 ἀπολελοιπὸς
3506 3257 3574 3327 ἦν
3632 3258 3788 3313 αὐτὸν

381 3348 446 3402 τὸ
508 3344 866 3419 εὐδαιμονεῖν·
926 3345 1205 3421 ἐξέκρουσε
1261 3345 1363 3423 γὰρ
1422 3351 1520 3413 τῆς
1591 3345 1763 3420 ὀργῆς
1820 3344 1909 3399 καὶ
1956 3341 2227 3414 καθήδυνε
2280 3345 2372 3400 τὸν
2444 3341 2677 3420 βασιλέα
2743 3344 3202 3418 ὑποσκυζόμενον,
3268 3345 3331 3400 τὸ
3395 3347 3552 3425 ξίφος
3638 3347 3793 3402 αὐτοῦ

387 3439 699 3515 μεγεθύνειν
733 3437 1030 3511 ἀρξάμενος
1061 3436 1135 3499 ὠς
1187 3434 1470 3513 βασιλικὸν
1519 3432 1689 3500 ὅντως
1728 3435 1818 3491 καὶ
1858 3456 2155 3508 τμητικον,
2196 3435 2287 3490 καὶ
2346 3437 2423 3508 μὴ
2486 3434 2863 3513 κουφολογίαν
2925 3436 3207 3507 ἀνόνητον,
3269 3435 3490 3513 ῥήματα
3548 3435 3606 3494 δὲ
3663 3437 3792 3509 ἀλη-

383 3527 526 3590 θείας
584 3527 722 3583 εἶναι
773 3527 841 3581 τὰ
898 3527 1043 3600 παρᾶ
1104 3531 1203 3581 τοῦ
1275 3524 1545 3601 βασιλέως
1610 3526 1878 3602 γραφέντα
1945 3522 2229 3580 διετείνετο
2284 3525 2375 3580 καὶ
2432 3524 2676 3600 ἀτεχνῶς
2733 3524 3132 3598 ἐνσημανθέντα
3187 3526 3335 3601 χειρὶ
3400 3532 3556 3583 Θεοῦ.
3617 3527 3788 3586 nam

389 3616 482 3674 καὶ
539 3617 726 3673 ἑαυτὸν
788 3615 888 3671 οὐκ
942 3610 1261 3686 ἀπόϐλητον
1318 3613 1491 3670 ἐδεῖτο
1548 3616 1824 3692 ἡγεῖσθαι,
1884 3613 1931 3668 εἲ
1986 3611 2285 3689 δριμύτερα
2356 3611 2666 3669 ἐπέστελλε’
2744 3615 2808 3670 τὸ
2880 3613 2985 3691 γάρ
3069 3613 3129 3669 ἐκ
3181 3619 3290 3669 τῶν
3351 3610 3567 3691 ἐχθρῶν
3638 3621 3792 3689 μῖσος

388 3706 480 3762 καὶ
506 3708 542 3777 ἡ
576 3705 733 3781 φύσις
764 3703 903 3761 οἶδεν
933 3704 1283 3782 ἀνέγκλητον.

463 3797 516 3852 4.
544 3797 633 3853 Ad
661 3814 730 3854 ea
758 3798 932 3853 verba
990 3796 1269 3854 conticuit
1324 3797 1663 3868 imperator,
1722 3796 1877 3851 haud
1922 3795 2035 3850 scio

2225 3789 2272 3847 δ’
2306 3791 2447 3868 Ηρᾶς
2524 3792 2661 3868 ἅπερ
2736 3794 3090 3864 ἀπεσιώπησε
3166 3792 3451 3870 βασιλεὺς,
3509 3794 3670 3870 μηδέν
3736 3816 3787 3849 τι

391 3903 464 3942 an
522 3886 859 3943 adulatione
916 3885 1310 3953 effeminatus,
1371 3903 1440 3940 an
1498 3902 1632 3940 vero
1707 3885 2035 3941 defensione

2148 3882 2407 3954 προσθεὶς
2434 3878 2641 3957 ἕτερον,
2676 3884 2778 3938 οὐκ
2805 3881 2910 3938 οἶδ’
2955 3882 3064 3939 εἴτε
3111 3887 3180 3958 τῇ
3229 3882 3491 3956 κολακείᾳ
3534 3883 3789 3955 ἐκθηλῦν-

391 3978 588 4034 motus
624 3993 637 4044 ;
669 3979 727 4032 et
769 3974 889 4031 illis
945 3976 1005 4030 in
1065 3976 1330 4031 eamdem
1392 3975 1719 4031 custodiam
1767 3976 2038 4042 reductis,

391 4066 525 4123 aliis
556 4067 728 4122 rebus
761 4072 1103 4136 occupatus,
1133 4066 1205 4121 iis
1238 4065 1337 4137 qui
1382 4066 1627 4121 aderant
1683 4065 1956 4121 omnibus
1987 4070 2043 4120 et

390 4155 466 4211 iis
498 4155 865 4227 quiaberant
898 4160 1016 4211 tam
1067 4154 1294 4210 civibus
1359 4171 1533 4226 quam
1591 4154 1911 4226 peregrinis
1940 4154 2041 4208 de-

391 4243 613 4301 clarare
640 4244 894 4300 instituit
923 4261 987 4300 se
1018 4244 1089 4299 ab
1121 4260 1186 4300 eo
1219 4244 1336 4309 die,
1381 4243 1644 4315 quamvis
1705 4244 2041 4299 mei-talium

392 4334 657 4391 omnium
681 4333 1130 4389 inimicissimus
1161 4333 1238 4390 sit
1269 4350 1495 4404 suoque
1527 4333 1770 4404 imperio
1828 4337 1885 4387 et
1914 4332 2041 4387 vita:

391 4421 1065 4490 insidietur,occisurum
1091 4428 1191 4477 aut
1223 4423 1628 4477 mutilaturum
1680 4438 1807 4478 esse
1870 4422 2044 4477 nemi-

394 4526 549 4566 nem.
581 4511 737 4567 480
766 4515 844 4566 Ac
873 4511 913 4565 ii
948 4512 1044 4581 qui
1087 4515 1211 4566 tum
1273 4512 1330 4565 in
1391 4511 1634 4567 consilio
1684 4512 1946 4579 aderant,
1977 4528 2045 4567 ea

392 4598 565 4654 verba
585 4604 651 4653 ut
671 4598 954 4654 divinitus
978 4598 1198 4670 prolata
1222 4599 1471 4655 summis
1494 4598 1772 4656 laudibus
1803 4612 1856 4655 et
1901 4600 2045 4656 laetis

395 4686 918 4745 acclamationibus
950 4693 1090 4742 sunt
1122 4688 1667 4758 prosecuti.0mnes
1698 4691 1767 4744 ad
1794 4706 2042 4759 quorum

393 4793 567 4835 aures
598 4792 666 4833 ea
696 4778 955 4847 pervenit
985 4776 1189 4842 oratio,
1225 4776 1568 4832 dilticultate
1622 4779 1749 4847 ejus
1782 4780 1858 4833 rei
1903 4796 2044 4834 con-

394 4865 669 4933 siderats,
729 4868 787 4920 et
843 4862 1067 4936 ingenti
1124 4864 1578 4919 mansuetudine
1638 4866 2040 4936 obstupefacti,

394 4954 730 5013 absolutum
791 4951 892 5009 Dei
952 4954 1171 5008 donum
1230 4952 1642 5023 imperatorem
1700 4953 1867 5009 illum
1914 4956 2043 5011 esse

395 5045 785 5102 affirmarent.
822 5042 1020 5115 Neque
1050 5044 1205 5098 enim
1243 5059 1414 5114 posse
1443 5059 1826 5116 quamquam,
1860 5045 2042 5116 impe-

2151 3970 2261 4032 θεὶς
2295 3968 2407 4026 εἷ’τε
2434 3975 2502 4045 τῇ
2537 3971 2875 4048 ὑπερηγορίᾳ
2903 3971 3302 4036 καταπεισθείς.
3346 3973 3453 4029 Καὶ
3501 3969 3646 4028 αῦτοῖ
3699 3972 3789 4045 μὶν

2150 4058 2352 4122 ἐκεῖθεν
2415 4058 2736 4131 ἐξήλθοσαν,
2793 4060 2884 4116 καὶ
2943 4060 3228 4136 γεγόνασιν
3280 4061 3435 4126 αὖθις
3484 4057 3798 4139 ἔμφρουρον

2155 4147 2412 4224 βασιλεὺς
2478 4146 2526 4203 δ’
2583 4148 2791 4224 ἑτέραις
2851 4152 3116 4230 προσχὼν
3175 4150 3457 4215 ὑποθέσεσι
3514 4153 3801 4228 προσέθετο

2149 4242 2239 4297 καὶ
2305 4247 2421 4304 τοῖς
2471 4246 2704 4317 παροῦσι
2753 4240 3243 4319 διατρανώσασθαι,
3286 4243 3378 4300 καὶ
3425 4251 3547 4309 τοῖς
3587 4244 3800 4306 λοιποῖς

2151 4329 2207 4387 δὲ
2245 4336 2405 4388 πᾶσιν
2436 4332 2693 4396 ἀστυκοῖς
2724 4333 2815 4388 καὶ
2842 4332 3101 4395 ἀλλοίοις
3153 4331 3254 4390 οὒκ
3301 4333 3435 4390 εἶναι
3486 4335 3635 4397 ὅλως
3680 4336 3804 4407 ἀνή-

2149 4443 2280 4476 κοον
2308 4418 2525 4490 ἤθελεν,
2560 4422 2634 4485 ὡς
2693 4422 2800 4478 ἀπὸ
2845 4429 2944 4492 τῆς
2991 4423 3203 4499 ἡμέρας
3252 4422 3460 4495 ἐκείνης
3512 4422 3706 4480 οὐδένα
3755 4423 3806 4485 ές

2150 4511 2213 4565 τὸ
2253 4515 2413 4584 σῶμα
2453 4506 2879 4581 διαλιυϐήσεται,
2932 4510 3029 4568 κᾶν
3162 4533 3247 4575 τις
3294 4510 3504 4588 ἀνδρῶν
3556 4511 3801 4589 ἔχθιστος

2150 4601 2241 4656 καὶ
2273 4604 2341 4674 τῇ
2382 4599 2546 4655 αὐτοῦ
2595 4601 2755 4676 βιοτῇ
2798 4600 2889 4656 καὶ
2943 4600 3195 4675 βασιλείᾳ
3240 4597 3615 4659 ἐπίϐουλεύων
3660 4602 3795 4675 ἁλῷ.

2152 4689 2251 4743 Καὶ
2282 4689 2333 4743 οἱ
2370 4690 2464 4762 μὲν
2490 4690 2554 4744 τὸ
2587 4686 2875 4765 βασιλικὸν
2911 4690 3067 4766 βῆμα
3092 4690 3219 4746 τότε
3246 4690 3592 4766 πληροῦντες
3651 4696 3799 4748 ἐπευ-

2152 4781 2412 4858 φήμησαν
2452 4784 2567 4842 τοῖς
2597 4776 3007 4852 λελαλημένοις
3038 4780 3254 4844 τούτοις
3298 4782 3385 4837 καὶ
3440 4781 3797 4860 ἐπερρόθησαν

2153 4868 2229 4929 ὡς
2265 4872 2462 4943 μικροῦ
2490 4875 2679 4946 φωνῆς
2705 4867 3006 4940 ἀκηκοότες
3036 4875 3191 4941 Θεοῦ,
3225 4871 3315 4925 καὶ
3358 4876 3462 4934 πᾶς
3514 4871 3798 4948 ἐνηχηθεές

2149 4958 2213 5012 τὸ
2253 4957 2405 5031 ῥῆμα
2453 4957 2605 5013 τουτὶ
2668 4955 2903 5035 δώρημα
2961 4964 3096 5014 Θεοῦ
3142 4961 3234 5016 τὸν
3306 4959 3538 5037 βασιλέα
3596 4960 3800 5019 τέλειον

2150 5044 2321 5123 ἔλεγε,
2364 5047 2499 5123 πρὸς
2556 5050 2654 5118 τήν
2706 5053 2804 5103 τοῦ
2858 5050 3281 5127 ’ἐπηγγελμένου
3338 5049 3602 5128 ἐργωδίαν
3657 5054 3793 5127 δρῶν

393 5143 643 5192 ratorem
669 5133 1017 5207 praasertim.
1053 5131 1489 5204 improbitatem
1533 5138 1753 5188 natura:
1788 5134 2035 5190 inemen-

2149 5135 2334 5234 x1235
2364 5143 2462 5234 τῇς
2489 5140 2574 5234 [Ρ.
2606 5139 2733 5234 23θ]
2764 5139 3079 5213 πραότητος
3134 5138 3280 5196 πολὺ
3329 5139 3788 5216 ἐκπληττόμενος.

393 5226 646 5297 debilem
679 5224 945 5295 tolerare,
976 5229 1077 5280 aut
1111 5224 1260 5280 ferre
1299 5224 1651 5280 desertorem
1709 5231 1767 5281 et
1814 5226 2044 5298 imperii

388 5314 877 5385 vastatorem,etsi
909 5314 1183 5370 Davidica
1216 5312 1431 5370 virtute
1475 5315 1555 5369 sit
1613 5315 1910 5386 praeditus,
1943 5316 2043 5388 qui

393 5404 613 5459 malum
649 5404 804 5458 malo
838 5420 949 5458 non
994 5408 1200 5474 penset
1260 5407 1362 5458 aut
1422 5401 1766 5473 periculosis
1824 5408 2043 5476 tempo-

393 5490 559 5546 ribus
587 5496 759 5545 canat
794 5509 806 5547 :
845 5513 874 5542 «
899 5492 1422 5548 Circumdederunt
1452 5508 1544 5548 me
1574 5499 1637 5548 ut
1663 5509 1800 5560 apes
1825 5493 2043 5561 favum,

396 5593 504 5652 ego
527 5591 661 5633 vero
692 5580 928 5636 nomine
985 5580 1219 5636 Domini
1263 5597 1362 5636 eos
1423 5581 1778 5653 propulsavi.
1813 5603 1841 5631 »
1874 5585 2046 5638 Cante-

398 5680 528 5722 rum
554 5665 680 5736 ipse
707 5662 1018 5735 imperator
1044 5667 1198 5723 brevi
1224 5671 1422 5738 postea
1452 5669 1568 5741 egit
1590 5685 1716 5740 quas
1748 5685 1881 5725 cum
1914 5670 2041 5740 ejus

2160 5220 2300 5297 μηδὲ
2354 5223 2458 5299 γὰρ
2500 5222 2688 5294 ἐξεῖναί
2758 5247 2887 5295 τινι,
2956 5226 3045 5281 καὶ
3115 5226 3353 5300 μάλιστα
3425 5227 3791 5305 βασιλεύοντι,

2149 5317 2461 5392 μοχθηρίαν
2495 5316 2706 5397 φύσεως
2740 5318 2919 5391 φέρειν
2951 5318 3215 5390 ἀκίνητον
3254 5321 3391 5395 πρὸς
3439 5322 3503 5378 τά
3553 5328 3795 5396 κρεῖττον

2144 5407 2180 5477 ἢ
2233 5402 2650 5480 δυσμετάθετον,
2718 5404 2755 5477 ἤ
2823 5406 3025 5482 στέγειν
3091 5407 3373 5485 ἄνθρωπον
3440 5411 3795 5467 ἆποστατικὸν

2144 5494 2234 5550 καὶ
2277 5494 2611 5569 λῃστεύοντα
2651 5498 2750 5567 τὴν
2802 5495 3004 5571 ἀρχὴν,
3061 5500 3157 5552 κᾶν
3200 5499 3399 5571 ἀρετῆς
3444 5507 3795 5574 μεταποιοῖτο

2150 5582 2387 5657 μάλιστα
2423 5584 2516 5640 καὶ
2550 5586 2683 5658 μετά
2714 5580 2881 5641 Δαϐἰδ
2913 5587 3017 5642 οὐκ
3047 5585 3436 5660 ἀνταποδιδοίη
3476 5595 3596 5654 τοῖς
3639 5590 3793 5646 ἀντα-

2144 5668 2430 5728 ποδιδοῦσι
2481 5673 2642 5744 κακὰ,
2673 5672 2707 5745 ἢ
2741 5670 2972 5749 ψάλλων
3022 5672 3108 5750 εἵη
3157 5678 3278 5732 κατ’
3325 5675 3529 5735 ἐκεῖνον
3568 5676 3620 5735 ἐν
3672 5698 3789 5734 και-
