4116 6206
251 380 370 443 ’129

1411 381 1512 440 DE
1553 378 1861 441 ISAACIO
1906 380 2222 442 ANGELO
2265 381 2418 442 LIB.
2468 382 2514 440 Ι.

3547 376 3675 438 ’130

257 519 377 589 ροῖς
421 508 826 567 κινδυνώδεσινο
897 533 927 566 ιι
986 510 1330 568 Ἐκόκλωσάν
1396 532 1461 586 με
1491 510 1618 565 ὡσεὶ
1650 510 1902 583 μέλισσαι

2017 513 2277 569 oratione
2308 513 2550 568 minime
2582 511 3021 567 consentiebant
3056 529 3068 572 :
3123 514 3180 565 et
3212 513 3277 566 ut
3325 509 3383 564 in
3416 509 3663 565 dicendo

254 604 478 673 κηρίον,
541 601 628 656 καί
686 607 764 674 τῷ
814 602 1041 672 ὀνόματι
1069 603 1266 675 Κυρίου
1297 600 1594 673 ἠμυνάμην
1628 600 1841 662 αὐτούς.
1877 623 1906 652 ››

257 693 438 754 Αὐτὸς
507 691 694 764 μέντοι
756 689 1012 764 βασιλεὺς
1069 690 1566 770 ἀντιφθεγγομὲνην
1611 689 1907 766 προδήλως

254 786 325 855 τῇ
367 781 591 855 γλώττῃ
620 781 967 856 καθ-»πέφηνε
1001 780 1131 853 μετᾶ
1162 781 1341 855 βραχῦ
1406 781 1505 849 τὴν
1569 779 1908 854 προαίρεσιν,

255 872 346 926 καὶ
370 870 554 944 ὣσπερ
596 870 650 923 ἐν
674 874 752 940 τῷ
785 868 961 943 λέγειν
995 869 1055 924 οὐ
1083 867 1439 936 διεστείλατο,
1493 870 1637 924 οὕτω
1667 869 1763 924 κᾶν
1831 871 1909 942 τῷ

255 964 515 1034 πράττειν
540 958 602 1013 οὐ
651 956 1044 1024 συνεστείλατο,
1088 957 1233 1012 ἀλλά
1293 963 1494 1032 μικροῦ
1552 955 1904 1032 διημιλλήθη

2023 601 2182 657 nulla
2213 602 2606 672 distinctione,
2638 603 2718 657 ita
2748 602 2920 656 etiam
2956 601 3009 654 in
3068 601 3288 670 agendo
3331 600 3473 655 adeo
3507 599 3670 654 nulla

2020 692 2412 747 moderatione
2437 709 2582 746 usus
2614 695 2722 758 est,
2756 695 2818 745 ut
2854 708 3054 761 parum
3098 689 3326 743 abesset
3379 689 3519 759 quin
3574 691 3670 743 ul-

2017 781 2304 835 ciscendis
2336 780 2588 836 inimicis
2620 780 3011 834 Andronicum
3050 776 3672 847 imitaretur,neglecto

2016 870 2115 925 illo
2146 871 2496 936 Salomonio,
2529 887 2644 941 quo
2674 869 2890 923 dicitur
2921 890 2947 918 ‹‹
2986 872 3257 939 prestera
3311 883 3424 921 non
3487 868 3674 921 facere

2017 964 2212 1014 votum
2249 977 2424 1032 quam
2461 966 2657 1013 votum
2695 975 2807 1012 non
2834 957 3091 1012 reddere.
3130 978 3158 1004 ι»

253 1049 594 1122 ’Λνδρονίκῳ
623 1049 686 1103 τὸ
718 1048 1120 1123 προσεκρουκὸς
1153 1050 1458 1121 σινόμενος,
1492 1049 1568 1121 μή
1601 1049 1662 1102 τὸ
1691 1052 1786 1103 τοῦ
1820 1047 2189 1122 Σολομῶντος
2221 1048 2503 1122 ἒπῃνεκὼς
2533 1047 2562 1101 δ
2597 1065 2790 1121 φησιν·
2827 1069 2854 1096 ‹‹
2893 1045 3116 1119 ’Δγαθὸν
3147 1043 3209 1098 τὸ
3252 1046 3326 1116 μή
3363 1041 3607 1113 εὔξασθαι
3639 1045 3672 1112 ἢ

255 1137 506 1208 εὔξασθαι
543 1139 633 1192 καὶ
669 1140 746 1210 μή
779 1134 1093 1192 ἀποδοῦναι.
1142 1162 1168 1188 υ

323 1230 387 1282 ῚΙ
424 1225 483 1282 δὲ
515 1248 578 1302 γε
629 1231 725 1281 τοῦ
784 1226 1009 1284 Ἰκονίου
1060 1224 1358 1288 σουλτάνος
1417 1228 1501 1296 (ἦν
1545 1225 1602 1282 δὲ
1649 1225 1810 1282 εἷ’σέτι
1879 1229 1906 1281 ὁ

249 1315 659 1387 Κλιτζασθλάν,
703 1315 964 1390 εὐγηρίαν
995 1314 1139 1391 atwa
1180 1316 1270 1370 καὶ
1330 1317 1569 1390 γεγονὼς
1625 1316 1756 1389 ὑπὲρ
1813 1312 1905 1385 ἔτη

247 1406 318 1461 τὰ
360 1403 763 1478 ἑϐδομήκοντα)
792 1406 883 1459 τὸν
916 1402 1264 1478 Ἀνδρονίκου
1315 1404 1624 1468 ἐνωτισθεὶς
1685 1405 1910 1459 θάνατον

245 1496 341 1551 καὶ
401 1496 501 1561 τὴν
558 1493 845 1568 ἀνάρρησιν
915 1492 1185 1549 Ἰσαακίου
1263 1494 1596 1566 πυθόμενος,
1645 1515 1910 1549 καταστο-

245 1587 478 1664 χάζεται
513 1585 749 1659 ἀρίστως
793 1583 890 1638 ὅσα
940 1584 1086 1646 εῗκὸς
1145 1582 1236 1638 ἐπὶ
1295 1589 1415 1644 ταῖς
1472 1585 1584 1639 τῶν
1641 1583 1910 1660 βασιλέων

253 1673 581 1748 μεταθείσεσί
613 1694 671 1728 τε
700 1673 790 1727 καὶ
823 1671 1163 1746 παραλύσεσι
1231 1672 1494 1747 γίνεσθαι,
1554 1672 1642 1727 καὶ
1697 1672 1912 1745 μᾶλλον

2090 1230 2326 1284 Interim
2362 1226 2540 1283 Iconii
2593 1226 2864 1281 sultanus
2923 1223 3330 1280 Clizasthlanis
3379 1222 3527 1278 felici
3575 1237 3670 1277 se-

2023 1322 2190 1374 necta
2207 1316 2353 1373 ultra
2380 1333 2599 1372 annum
2628 1333 2734 1370 Lxx
2768 1330 3134 1386 progressus,
3169 1329 3302 1368 cum
3361 1309 3673 1367 Andronici

2018 1407 2343 1477 interitum,
2394 1405 2487 1461 cui
2543 1405 2920 1462 successisset
2976 1404 3256 1470 Isaacius,
3327 1401 3670 1470 audivisset,

2019 1505 2072 1551 et
2103 1514 2170 1551 ea
2201 1513 2331 1568 quae
2373 1496 2430 1551 in
2482 1497 2900 1566 imperatorum
2954 1490 3378 1548 mutationibus
3414 1491 3674 1545 accidere

2021 1585 2228 1654 solent,
2263 1586 2411 1642 481
2467 1583 2779 1656 praesertim
2841 1583 2886 1637 si
2949 1581 3162 1637 bellum
3225 1580 3297 1636 ab
3354 1580 3670 1635 Occidente

2019 1675 2434 1746 gravissimum
2472 1680 2693 1744 urgeat,
2712 1671 3092 1744 sagacissime
3113 1669 3451 1734 divinasset,
3474 1666 3672 1722 lectis-

250 1765 296 1821 τί
330 1762 585 1836 πόλεμος
617 1761 868 1826 ἀνθέλκει
899 1761 1170 1836 ἒσπὲριος,
1219 1761 1307 1816 καὶ
1368 1761 1627 1835 πολέμων
1687 1764 1715 1817 ὁ
1779 1765 1902 1837 κρά-

2021 1764 2171 1818 sime
2211 1763 2473 1834 equitatu
2502 1768 2558 1817 et
2588 1761 2767 1816 armis
2801 1759 3258 1814 instructissimo
3284 1759 3338 1811 in
3362 1755 3667 1812 Thraciam

245 1871 463 1916 τιστοςο
504 1853 597 1906 καὶ
629 1849 696 1921 δὴ
731 1846 990 1922 εἰσϐολήν
1010 1857 1246 1905 ποιεῖται
1274 1852 1407 1906 κατά
1458 1856 1553 1906 τοῦ
1605 1857 1712 1908 τῶν
1769 1858 1908 1924 Θρᾳ-

252 1944 472 2014 κησίων
505 1945 736 2012 θὲματος
781 1938 853 1994 δι’
883 1939 1117 1994 εὐίππου
1143 1940 1233 1995 καὶ
1265 1939 1501 1997 εὐόπλου
1557 1941 1902 2016 στρατεύμα-

242 2054 367 2101 τος,
421 2035 520 2086 τοῦ
569 2037 730 2102 Σαμῆ
792 2030 981 2103 ἀμηρᾶ
1039 2034 1491 2105 στρατηγοῦντος.
1553 2029 1760 2087 Οὐκοῦν
1813 2030 1904 2084 ἀν-

246 2119 394 2196 δρῶν
423 2120 798 2192 κεκενωμένον
847 2118 1018 2189 εὑρὼν
1085 2119 1146 2173 τὸ
1201 2124 1305 2173 τοῦ
1364 2115 1672 2176 Κελϐιανοῦ
1727 2120 1904 2194 κλίμα

243 2213 390 2266 ὅπλα
461 2210 642 2284 ιρὲρειν
701 2207 924 2264 εἰδότων
1011 2208 1228 2277 (πάντες
1283 2209 1383 2284 γὰρ
1463 2210 1536 2270 ὡς
1605 2208 1903 2285 χείμαρροι

249 2296 628 2374 μετερῷησαδ
659 2299 794 2372 πρὸς
826 2299 918 2352 τὸν
959 2299 1152 2353 νεωστί
1197 2299 1295 2368 τὴν
1340 2296 1636 2373 ἁλουργίδα
1695 2299 1902 2373 ἐμπορ-

2021 1851 2472 1921 impressionem
2509 1849 2668 1913 iacit,
2701 1850 2873 1904 Same
2906 1856 3119 1903 Amera
3175 1848 3341 1901 duce.
3397 1844 3504 1910 Qui
3536 1858 3670 1898 cum

2015 1943 2358 2000 Celbianum
2384 1948 2632 1998 tractum
2651 1942 2942 1997 bellicosis
2965 1941 3104 1996 viris
3132 1955 3374 1993 vacuum
3410 1937 3668 1992 iuvenis-

2015 2031 3002 2106 set(omnesenimtorrentisinstar
3040 2031 3110 2084 ad
3159 2027 3440 2083 lsaacium
3467 2041 3670 2081 recens

2013 2123 2260 2195 imperio
2316 2124 2564 2194 potitum
2624 2119 3072 2190 conﬂuxerant),
3129 2118 3348 2172 multus
3397 2115 3666 2169 homines

2013 2213 2473 2283 cepit,armenta
2502 2221 2559 2266 et
2588 2225 2794 2284 greges
2852 2209 3038 2278 omnis
3095 2205 3327 2276 generis
3378 2201 3571 2272 abegit
3608 2205 3666 2254 et

2013 2299 2213 2356 multis
2245 2299 2540 2354 manubiis
2572 2314 2742 2353 suum
2771 2295 3086 2351 exercitum
3119 2289 3511 2363 locupletavit.

251 2391 570 2464 πησάμενον
602 2389 893 2460 Ἰσαάκιον)
935 2388 1250 2463 ἀνθρώπους
1283 2409 1338 2442 τε
1368 2386 1616 2452 πολλοὺς
1646 2388 1984 2467 ἐχειρώσατο
2023 2388 2112 2443 καὶ
2147 2389 2300 2457 ζώων
2335 2386 2539 2456 ἤλασεν
2567 2383 2766 2460 ἀγέλας
2796 2380 3177 2452 παντοδαπῶν,
3229 2379 3318 2434 καὶ
3378 2373 3660 2454 ὠφελειῶν

251 2479 440 2535 ἄλλων
472 2479 536 2534 τὸ
568 2477 766 2533 οἰκεῖον
795 2475 1061 2547 ἐνέπλησε
1100 2476 1424 2552 στράτευμα.

318 2566 745 2644 Ἤρεμήσάντων
780 2563 837 2621 δὲ
875 2567 1105 2622 καὶτῶν
1153 2568 1303 2640 ἑῴων
1358 2566 1524 2622 ἐθνῶν
1582 2564 1778 2628 ἄλλοις
1837 2588 1894 2622 τε

244 2657 608 2733 προσκαίροις
659 2655 1120 2734 φιλοτιμήμασιν,
1184 2656 1330 2712 ἀλλά
1388 2654 1453 2726 δὴ
1515 2657 1604 2711 καὶ
1663 2655 1895 2727 ἐτησίων

247 2747 566 2819 ἀπολήψεσι
599 2745 781 2821 φόρων
816 2745 985 2816 (οὕτω
1016 2745 1120 2820 γὰρ
1153 2745 1205 2799 οἱ
1265 2744 1316 2808 ἐς
1381 2747 1528 2818 ἡμᾶς
1588 2745 1893 2819 ὑπερκαθή.

249 2857 402 2909 μενοι
453 2835 741 2907 Ῥωμαίων
811 2832 1054 2906 μετιέναι
1101 2832 1246 2888 ἴσασι
1287 2835 1350 2889 τὸ
1399 2834 1742 2908 ἀλλόφυλον,
1793 2837 1893 2904 τὴν

243 2923 520 2998 οἷκουρίαν
559 2920 983 2996 μεταδιώκοντες
1019 2921 1108 2976 ἴσα
1138 2923 1239 2990 ’,καὶ
1303 2921 1728 2995 θαλαμηπόλοις
1777 2924 1894 2979 νεά-

240 3035 403 3083 νισιν,
454 3009 511 3066 αἵ
562 3011 684 3086 περί
737 3010 998 3066 ταλασίαν
1043 3008 1472 3086 διαπονοῦνται),
1521 3011 1790 3084 ἠθέλησεν
1846 3011 1898 3084 ἒξ

249 3102 590 3166 ἀλλοεθνοῦς
639 3103 825 3176 γένους
891 3101 1069 3173 ἑαυτῷ
1141 3101 1566 3174 μνηστεύσασθαι
1632 3105 1894 3177 γαμετήν·

2079 2568 2182 2625 Ubi
2213 2568 2535 2625 Orientales
2593 2573 2794 2638 gentes
2847 2581 2980 2620 cum
3041 2563 3172 2620 aliis
3233 2578 3333 2634 pro
3401 2568 3657 2628 tempore

2007 2659 2372 2726 muneribus,
2402 2661 2528 2714 tum
2554 2657 2765 2712 annuis
2789 2654 3000 2711 tribuis
3033 2653 3267 2726 placatis
3311 2649 3658 2722 quieverunt

2007 2749 2112 2820 (sic
2143 2749 2297 2804 enim
2355 2754 2550 2803 nostra
2605 2752 2771 2802 astate
2823 2745 3217 2800 Romanorum
3277 2741 3659 2811 imperatores

2007 2857 2140 2895 cum
2176 2839 2441 2894 Barbarie
2472 2854 2640 2910 agere
2681 2837 2890 2905 solent,
2948 2833 3104 2891 domi
3153 2835 3335 2888 instar
3395 2829 3659 2885 nentium

2009 2928 2337 3002 puellarum
2371 2928 2740 2998 desidentes),
2776 2942 2950 2981 uxore
2975 2926 3250 2979 defuncta
3267 2921 3654 2992 alienigenam

2009 3018 2219 3074 ducere
2250 3018 2471 3083 statuit,
2505 3023 2561 3072 et
2593 3032 2693 3088 per
2722 3015 2943 3087 legatos
2985 3012 3128 3070 Belaa
3161 3010 3468 3082 Hungariis
3500 3009 3654 3082 regis

2010 3108 2215 3177 ﬁliam,
2252 3109 2511 3162 nondum
2545 3108 2742 3161 decem
2777 3121 2961 3160 annos
3021 3109 3234 3171 natam,
3278 3100 3482 3156 ambit.
3543 3098 3655 3153 Sed

247 3192 312 3262 ἥν
353 3192 458 3268 γάρ
514 3189 914 3264 ἐμνηστεύσατο
975 3185 1260 3264 πρότερον,
1311 3192 1523 3264 θανάτῳ
1571 3187 1898 3250 ἀπεϐάλετο.

2015 3200 2154 3252 dum
2189 3213 2256 3252 ex
2287 3197 2595 3251 tenacitate
2625 3194 2860 3265 nuptias
2917 3209 2984 3248 ex
3043 3191 3161 3247 fisci
3226 3190 3468 3260 pecunia
3508 3186 3654 3243 cele-

249 3282 345 3337 Καὶ
373 3279 442 3350 δὴ
475 3277 1013 3354 κοινολογησάμενος
1055 3276 1145 3333 διὰ
1172 3275 1448 3354 πρεσϐέων
1480 3285 1559 3352 τῷ
1601 3289 1702 3351 τῆς
1761 3282 1906 3357 Οόγ-

256 3371 414 3446 γρίας
448 3368 582 3444 ῥηγί
607 3373 688 3441 τῷ
721 3367 863 3438 Βελᾷ
902 3364 1088 3444 ἄγεται
1135 3366 1212 3430 είς
1271 3374 1500 3445 γυναῖκα
1541 3372 1641 3439 τήν
1701 3369 1906 3426 ἐκείνου

266 3461 554 3534 θυγατέρα,
605 3464 705 3527 τῆς
757 3454 1136 3531 δεκαετηρίδος
1198 3454 1351 3512 οὔπω
1402 3454 1642 3533 ἀκριϐῶς
1692 3459 1904 3534 ἀψαμὲ-

251 3571 370 3620 νην,
421 3550 499 3603 Τά
567 3545 625 3602 δὲ
665 3544 996 3620 γαμοδαίσια
1050 3548 1191 3610 θύειν
1239 3548 1342 3602 ἀπὸ
1400 3550 1706 3623 χρημάτων
1737 3547 1905 3622 δημοο

254 3640 386 3693 σίων
416 3634 977 3713 σμικρολογούμενος
1005 3635 1189 3712 ἀγισθὶ
1227 3641 1397 3693 ταῦτα
1423 3637 1480 3692 ἐκ
1521 3643 1629 3693 τῶν
1686 3639 1904 3695 οίκείων

253 3726 513 3801 συνέλεγε
540 3725 765 3800 χώρων·
818 3725 909 3778 καὶ
958 3719 1119 3780 ἔλαθε
1169 3722 1258 3780 διὰ
1298 3731 1763 3802 σμικροπρέπειαν
1813 3733 1898 3785 καὶ

252 3817 428 3879 ἄλλας
466 3817 562 3890 μὶν
593 3816 786 3878 πόλεις
811 3814 1296 3888 καλαμησάμενος,
1321 3815 1374 3871 α¹ί
1430 3819 1546 3872 κατ’
1605 3819 1902 3895 Ἀγχίαλον

251 3907 648 3979 συνῳκίζοντο,
671 3906 844 3977 ἑαυτῷ
876 3903 933 3960 δὲ
966 3905 1203 3976 μάλιστα
1232 3908 1317 3961 καὶ
1378 3909 1676 3981 Ῥωμαίοις
1739 3911 1904 3966 ἐκπο-

250 3997 512 4068 λεμώσας
543 3995 672 4056 τοὺς
704 3996 842 4049 κατᾶ
879 3995 973 4049 τὸν
1008 3995 1183 4068 Αἶμον
1211 3997 1272 4050 τὸ
1303 3992 1427 4070 ὅρος
1463 3994 1794 4073 Βαρϐἁρους,
1846 3999 1900 4054 ο’ί

248 4087 428 4145 Μυσοὶ
456 4085 722 4160 πρότερον
755 4085 1128 4157 ὠνομάζοντο,
1155 4085 1270 4139 νυνῖ
1331 4084 1388 4140 δὶ
1436 4087 1651 4167 Βλάχοι
1704 4089 1899 4160 κικλή-

249 4197 495 4244 σκονται,
569 4174 735 4232 Οὗτοι
795 4176 895 4250 γὰρ
962 4179 1079 4236 ταῖς
1168 4171 1504 4250 δυσχωρίαις
1557 4177 1898 4248 πεποιθότες,

247 4267 337 4320 καὶ
383 4270 502 4325 τοῖς
555 4263 843 4344 φρουρίοις
891 4262 1279 4338 Θρασυνόμενοι
1328 4265 1360 4318 ἅ
1402 4265 1632 4319 πλεῖστά
1678 4267 1735 4320 τέ
1797 4266 1900 4321 εἰσι
1932 4315 1948 4328 ,

243 4357 336 4410 καὶ
396 4354 536 4430 ὀρθά
593 4360 710 4408 κατ’
769 4354 1086 4425 ἀποτόμους
1143 4354 1365 4425 κείμενα
1416 4356 1640 4430 πέτρας,
1698 4356 1786 4411 καὶ
1808 4354 1899 4412 ἄλ-

244 4443 377 4500 λοτε
439 4444 536 4515 μὲν
595 4443 733 4498 κάτᾶ
791 4441 1080 4515 Ῥωμαίων
1137 4441 1621 4518 ἐμεγαλαόχησαν,
1679 4445 1801 4499 τότε
1844 4445 1902 4500 δὲ

243 4535 519 4609 πρόφασιν
573 4531 884 4605 εὑρηκότες,
930 4529 960 4585 ὅ
1018 4529 1084 4600 δὴ
1145 4530 1379 4607 λέγεται,
1440 4531 1751 4607 Πάτροκλον
1797 4535 1896 4603 τὴν

241 4627 351 4676 τῶν
384 4620 604 4676 οἰκείων
641 4622 972 4694 Θρεμμάτων
999 4619 1304 4694 ἀπαγωγήν
1335 4620 1426 4675 καὶ
1483 4622 1720 4676 κάκωσιν
1778 4624 1899 4678 ἑαυ-

242 4716 377 4777 τῶν,
408 4709 460 4771 ἐς
491 4709 821 4764 ἀποστασίαν
859 4712 944 4783 [Ρ.
991 4711 1119 4782 237]
1179 4707 1437 4783 λαμπρὰν
1497 4711 1898 4786 ἀνισκίρτησαν.

241 4803 417 4856 Ἦσαν
479 4796 536 4853 δὲ
596 4800 648 4854 o‘.
705 4802 802 4853 τοῦ
867 4803 1034 4853 κακοῦ
1087 4801 1434 4874 πρωτουργοὶ
1481 4801 1571 4855 καὶ
1618 4803 1680 4856 τὸ
1749 4803 1898 4867 ἔθνος

244 4889 377 4945 ὅλον
426 4887 796 4950 ἀνασείσαντες
853 4886 1050 4962 Πέτρος
1097 4909 1179 4949 τις
1233 4890 1324 4943 καὶ
1381 4891 1560 4958 Ἀσάν,
1621 4892 1901 4968 ὁμογενεῖς

241 4979 332 5034 καὶ
399 4974 836 5052 ταυτόποροι,ο’ί
874 4978 963 5031 καὶ
1015 4979 1090 5050 μή
1159 4975 1392 5052 δρῶντες
1434 4981 1534 5048 τήν
1588 4983 1897 5058 νεωτέρισιν

246 5068 662 5145 ἀπροφάσιστον
697 5066 955 5141 προσίασι
992 5065 1239 5140 βασιλεῖν
1270 5069 1626 5143 σκηνουμένῳ
1672 5071 1726 5126 ἐν
1783 5080 1898 5136 τοῖς

245 5155 592 5232 Κυψὲλλοις,
705 5155 1020 5228 αἰτούμενοι
1102 5157 1679 5232 συστρατολογηθῆναῖ
1762 5163 1896 5217 Ῥω·

246 5247 432 5320 μαίοις
461 5245 551 5300 καὶ
599 5241 688 5299 διὰ
757 5244 1035 5318 βασιλείου
1077 5246 1402 5320 γράμματος
1460 5249 1604 5324 σφίσι
1671 5247 1897 5326 βραϐευ-

241 5339 398 5407 θῆναι
433 5335 643 5414 χωρίον
673 5355 727 5388 τι
763 5333 1223 5412 βραχυπρόσοδον
1253 5338 1388 5392 κατὰ
1424 5338 1514 5392 τὸν
1566 5339 1743 5411 Αἶμον
1796 5340 1897 5394 κεί-

246 5447 432 5498 μενον.
508 5421 667 5480 Ἀλλ’
723 5420 995 5498 ἀπέτυχον
1064 5428 1160 5479 τοῦ
1219 5424 1542 5499 αἰτήματος·
1609 5429 1674 5498 ἦν
1723 5430 1828 5504 γὰρ
1863 5432 1896 5500 ἡ

248 5513 362 5568 Θεία
402 5509 821 5584 ἐπικρατεστέρα
878 5510 1108 5581 κίνησις⁹
1173 5513 1626 5589 ’Υπετονοόρυσαν
1677 5513 1767 5570 οὗν
1825 5518 1900 5582 ὡς

246 5603 638 5679 παροφθὲντες,
681 5598 900 5661 είκαίως
945 5597 1000 5655 δὲ
1058 5601 1147 5656 καὶ
1187 5603 1286 5672 τήν
1342 5603 1555 5674 αἴτησιν
1615 5604 1896 5662 ἐπανατει-

243 5693 476 5768 νάμενοι
534 5687 877 5766 παρέπτυσάν
927 5710 978 5745 τι
1027 5689 1114 5745 καὶ
1164 5691 1318 5767 ῥῆμα
1392 5692 1742 5771 Θερμότερον,
1797 5697 1898 5768 τήν

2017 3287 2184 3343 brare
2206 3286 2359 3342 482
2391 3284 2731 3340 reformidat
2761 3290 2818 3338 et
2840 3288 3113 3352 sumptus
3153 3281 3280 3336 illos
3313 3279 3384 3334 ab
3418 3277 3658 3334 urbibus

2013 3382 2070 3433 et
2099 3375 2414 3448 provinciis
2435 3373 2656 3430 affatim
2691 3372 2890 3444 exigit,
2923 3387 3056 3426 cum
3090 3370 3238 3424 alias
3287 3369 3480 3435 urbes,
3515 3383 3657 3438 prae-

2012 3466 2210 3521 sertim
2240 3463 2518 3520 Anchiale
2544 3463 2846 3530 finitimas,
2903 3462 3130 3527 afflixit,
3191 3465 3314 3515 tum
3375 3458 3660 3514 Barbaros

2012 3555 2190 3611 Hemi
2227 3554 2441 3610 montis
2473 3553 2698 3609 accolas
2731 3552 2842 3607 sibi
2889 3557 2947 3606 et
3004 3551 3264 3606 Romano
3296 3548 3541 3619 imperio
3572 3547 3655 3600 in-

2010 3644 2366 3701 festissimos
2397 3642 2664 3708 reddidit,
2697 3641 2797 3714 qui
2843 3641 2977 3697 olim
3037 3639 3199 3710 Mysi,
3253 3654 3405 3692 nunc
3458 3636 3652 3690 Blacbi

2010 3734 2402 3791 nominantur.
2432 3732 2496 3787 Hi
2556 3732 2709 3786 enim
2772 3730 3060 3803 angustiis
3114 3735 3171 3782 et
3217 3725 3469 3782 castellis
3499 3724 3650 3794 freti,

2009 3841 2134 3896 quis
2165 3825 2418 3896 plurima
2444 3822 2661 3877 habent
2709 3821 3021 3893 praeruptls
3078 3818 3231 3873 saxis
3285 3814 3650 3881 inaedificata,

2009 3930 2139 3970 cum
2176 3913 2338 3984 prius
2367 3911 2540 3965 etiam
2583 3911 2872 3964 Romanos
2923 3925 3127 3977 parum
3182 3909 3474 3972 curarent,
3525 3908 3649 3958 tum

2009 4019 2109 4074 per
2149 4018 2386 4056 causam
2448 3998 2634 4055 abacti
2691 3997 2917 4069 pecoris
2983 4005 3033 4052 et
3090 3995 3458 4051 vexationum
3505 4010 3653 4064 quas

2008 4090 2356 4147 tolerassent
2412 4093 2610 4161 aperte
2668 4088 3025 4143 defecerunt.
3085 4087 3224 4156 Ejus
3309 4083 3653 4138 defectionis

2008 4181 2301 4252 principes
2323 4183 2377 4234 et
2397 4182 2660 4233 auctores
2684 4178 2844 4232 fuere
2865 4177 2978 4231 duo
3002 4191 3068 4230 ex
3091 4175 3189 4230 illa
3214 4179 3383 4245 gente
3427 4172 3648 4238 fratres,

2007 4269 2209 4324 Petrus
2244 4273 2301 4322 et
2331 4273 2484 4322 Asan
2511 4283 2524 4321 :
2553 4267 2756 4339 qui-ne
2787 4265 2910 4320 sine
2940 4281 3116 4320 causa
3160 4279 3252 4319 res
3302 4279 3482 4317 novas
3535 4278 3653 4316 mo-

2005 4357 2095 4412 liri
2137 4356 2491 4425 viderentur,
2549 4355 2957 4426 imperatorem
3016 4351 3296 4425 Cypsellis
3346 4353 3651 4422 degentem

2007 4446 2519 4516 adeunt,petentes
2542 4449 2605 4498 ut
2627 4445 2684 4498 in
2710 4443 3005 4498 Romanas
3027 4442 3284 4515 legiones
3305 4441 3651 4508 referantur,

2009 4539 2064 4589 et
2094 4533 2202 4588 sibi
2235 4534 2516 4605 praedium
2575 4533 2765 4604 exigui
2823 4533 3048 4587 reditus
3105 4532 3161 4587 in
3225 4532 3419 4586 Haemo
3461 4536 3656 4586 monte

2011 4623 2187 4677 situm
2223 4623 2575 4694 assignetur.
2610 4627 2686 4677 Ea
2717 4639 2776 4677 re
2807 4639 2920 4677 non
2971 4622 3278 4694 impetrata
3323 4621 3480 4693 (nam
3516 4622 3657 4675 fato-

2012 4731 2136 4768 rum
2161 4716 2246 4769 vis
2272 4713 2636 4785 prudentiam
2663 4713 2978 4768 humanam
3001 4711 3358 4784 superabat),
3379 4711 3655 4766 submur-

2013 4804 2325 4859 murabant
2357 4809 2421 4858 ut
2451 4803 2766 4875 contempti
2792 4810 2846 4858 et
2868 4803 2979 4858 voti
3006 4803 3255 4874 impotes
3282 4820 3293 4869 ;
3319 4808 3375 4856 et
3414 4803 3652 4857 verbum

2011 4893 2292 4948 audacius
2325 4894 2671 4955 emiserunt,
2732 4910 2844 4964 quo
2909 4893 3290 4948 defectionem
3352 4896 3408 4944 et
3437 4907 3505 4946 ea
3531 4907 3653 4959 quea

2013 4984 2254 5038 domum
2281 4983 2493 5038 reversi
2517 4983 2700 5037 acturi
2723 4982 3286 5046 essentinuuebant,
3319 4983 3468 5035 Asan
3518 4994 3657 5048 pras-

2010 5073 2236 5141 sertim,
2269 5071 2444 5127 homo
2476 5073 2754 5126 audacior
2783 5079 2838 5125 et
2871 5071 3180 5131 crudelior,
3215 5068 3308 5124 cui
3347 5068 3418 5122 ob
3468 5067 3657 5136 impu-

2011 5163 2268 5216 dentiam
2305 5161 2552 5217 Joannis
2613 5160 3092 5216 sebastocratoris
3142 5160 3309 5228 jussu
3374 5156 3657 5227 colapbus

2009 5253 2162 5307 483
2196 5251 2553 5320 infringitur.
2588 5253 2671 5305 Ita
2703 5267 2814 5305 non
2851 5251 3061 5305 infecta
3095 5249 3268 5304 modo
3299 5265 3358 5303 re
3399 5247 3652 5315 dimissi,

2009 5344 2106 5396 sed
2143 5341 2514 5395 contumeliis
2546 5340 2720 5395 etiam
2753 5337 2958 5392 irritati
2993 5338 3258 5392 homines
3309 5337 3406 5392 isti
3449 5335 3654 5390 nefarii

2007 5435 2062 5484 et
2089 5428 2464 5485 conscelerati
2494 5427 2786 5499 quomodo
2834 5433 3033 5481 contra
3073 5428 3359 5482 [terrenos
3408 5423 3654 5497 grassati

2010 5520 2148 5585 sint,
2181 5517 2313 5588 quis
2338 5516 2525 5572 verbis
2558 5521 2951 5586 consequatur
2975 5515 3002 5569 ?
3027 5532 3152 5586 quas
3200 5516 3380 5570 oratio
3423 5520 3648 5570 tantum

2009 5611 2294 5669 malorum
2331 5611 2571 5684 pelagus
2601 5607 3070 5680 complectatur?
3117 5608 3228 5664 Sed
3279 5608 3537 5665 nondum
3582 5609 3654 5667 de

2010 5701 2124 5771 his,
2161 5716 2233 5758 ne
2267 5699 2516 5758 historia!
2549 5697 2732 5757 series
2763 5698 3240 5772 interrumpatur.
