4116 6206
441 353 556 416 731

1765 346 2074 409 NICETIE
2117 347 2543 410 CHONIATAE

3732 357 3850 416 ’732

443 482 773 542 ἀποστασίαν
805 481 1145 560 ὖπεμφαῖνον
1173 478 1262 536 καὶ
1295 478 1392 536 ὅσα
1414 479 1716 543 ἐπανιόντες
1747 477 1931 536 οἷ’καδε
1961 476 2240 555 δράσουσι,
2270 479 2362 535 καὶ
2391 481 2596 536 τούτων
2631 480 2866 554 μάλιστα
2899 481 2928 536 ὁ
2961 482 3116 539 Ἀσᾶν
3168 483 3196 537 6
3253 483 3344 537 καὶ
3396 483 3717 559 θρασύτερος
3769 487 3858 542 καί

447 574 751 650 ὠμότερος,
785 571 844 633 ὅς
883 573 974 626 καὶ
1002 569 1258 627 τύπτεται
1282 571 1417 624 κατὰ
1444 575 1551 626 τῶν
1579 569 1889 646 προσώπων
1922 569 2156 644 ἐπιταγῇ
2187 573 2284 624 τοῦ
2315 565 2808 647 σεϐαστοκρπὶτορος
2856 571 3126 645 Ἰωάννου,
3177 569 3544 648 ἐπιπληγθεῖς
3582 572 3661 636 εἷς

3714 574 3856 629 ἀναί·

452 661 620 718 δειαν.
652 661 760 718 Καὶ
791 660 844 715 οἱ
878 660 972 734 μὲν
1003 657 1270 734 ἄπρακτοι
1303 657 1478 721 οὕτως
1509 657 1814 728 ἐπανῆλθον
1842 659 1935 714 καὶ
1966 653 2362 733 περιύϐριστοι·
2415 658 2516 714 ὅσα
2547 657 2603 716 δὲ
2659 661 2800 716 κατᾶ
2847 659 3138 732 Ῥωμαίων
3192 663 3242 716 οἳ
3304 662 3652 738 ἀνοσιουργοὶ
3711 661 3854 722 οὗτοι

445 752 537 808 καὶ
572 750 758 826 μιαροὶ
791 746 1188 824 διεπράξαντοι,
1217 749 1302 812 τίς
1333 747 1394 804 ἄν
1431 747 1680 826 ἐφίκοιτο
1706 747 1904 826 λόγος,
1935 746 1973 818 ἤ
2005 747 2138 804 ποία
2169 747 2427 823 διήγησις
2478 749 2742 813 τοσαύτας
2789 753 2972 806 κακῶν
3021 748 3257 815 Ἰλιάδας
3316 749 3792 826 συμπεριλὴψεται
3835 761 3848 810 ;

443 838 595 898 ἀλλὰ
627 843 797 915 μήπω
828 839 949 916 περῖ
977 839 1206 910 τούτων,
1233 839 1297 895 τὸ
1328 836 1385 894 δὲ
1415 838 1590 916 λέγειν
1625 833 1963 914 προϐαινέτω
2006 859 2099 912 μοι
2143 841 2262 904 καθ’
2285 840 2496 915 εἰρμόν.

507 933 564 990 5.
595 937 890 990 Comneno
922 931 1144 987 Isaacio
1194 934 1445 1004 Cyprum
1495 931 1687 987 adhuc
1746 933 2001 1002 tenente,
2062 947 2093 985 a
2123 933 2176 998 Α

443 1037 554 1095 qua
585 1039 779 1095 neque
812 1021 1072 1094 pecunias
1106 1019 1628 1093 pollicitationibus
1682 1036 1872 1090 neque
1920 1020 2102 1094 impe-

447 1111 660 1170 ratoris
683 1109 1004 1167 reverentia
1037 1109 1508 1178 abstrahebatur,
1530 1125 1718 1182 neque
1757 1110 1827 1164 de
1859 1108 2102 1165 crudeli-

445 1205 566 1260 tate
595 1217 731 1271 erga
761 1199 1052 1256 insulares
1085 1197 1403 1272 quidquam
1439 1197 1794 1267 remittente,
1827 1197 1930 1254 sed
1962 1197 2096 1254 sub-

445 1292 583 1350 inde
616 1308 767 1348 nova
807 1289 1101 1363 supplicia
1145 1290 1530 1360 echgitante,
1589 1288 1837 1346 classem
1897 1292 2100 1346 contra

447 1398 581 1440 eum
614 1383 934 1454 imperator
957 1379 1191 1436 mittere
1221 1379 1446 1449 statuit,
1481 1381 1538 1435 et
1571 1396 1677 1435 axx
1701 1377 1891 1450 longis
1939 1376 2098 1432 navi-

444 1470 861 1530 busJoanncm
887 1469 1450 1541 Contostepbanum,
1511 1467 1812 1524 hominem
1873 1483 2096 1538 senem,

443 1566 502 1618 et
529 1559 794 1616 Alexium
829 1558 1192 1615 Comnenum
1225 1557 1349 1630 (qui
1387 1555 1496 1612 etsi
1528 1556 1614 1611 vir
1659 1555 1823 1612 fortis
1867 1559 1924 1611 et
1957 1555 2099 1611 inte-

445 1667 560 1724 gras
595 1649 780 1706 tetatis
808 1654 930 1705 erat.
987 1652 1046 1704 et
1093 1646 1463 1719 imperatoris
1522 1662 1726 1719 nepos,
1783 1649 1976 1702 tamen
2025 1645 2098 1702 ob

447 1739 690 1798 eifossos
745 1737 816 1794 ab
873 1736 1202 1794 Andronico
1261 1736 1460 1791 oculos
1517 1735 1590 1790 ad
1629 1735 1686 1790 id
1731 1751 1949 1791 munus
1983 1750 2096 1789 non

447 1827 996 1897 modoinutilis,sed
1025 1826 1242 1882 malum
1267 1841 1437 1881 omen
1461 1841 1697 1896 quoque
1730 1823 1800 1880 ab
1825 1823 2098 1881 omnibus

437 1917 840 1991 judicabatur)
863 1915 1182 1972 navarchos
1215 1914 1516 1987 prazpenit.
1576 1915 1654 1969 Ac
1703 1911 1992 1985 navigatio
2039 1913 2096 1969 in

449 2007 704 2082 Cyprum
733 2005 972 2080 periculi
1029 2021 1234 2076 expers
1297 2003 1423 2072 l'uit,
1457 2001 1733 2060 secundis
1777 2009 1828 2058 et
1871 2001 2098 2058 lenibus

435 2099 626 2156 ventis
659 2095 1084 2168 aspirantibus.
1115 2094 1227 2150 Sed
1260 2092 1361 2148 ubi
1418 2093 1476 2148 in
1530 2091 1818 2164 portubus
1853 2091 2092 2164 appule‘

449 2190 609 2257 runt,
669 2183 1103 2241 atrocissimam
1157 2185 1568 2255 tempestatem
1655 2184 1797 2238 sunt
1854 2179 2096 2252 experti.

2278 930 2334 985 ε’.
2368 931 2488 988 ‘Et:
2544 936 2642 986 τοῦ
2699 929 2761 986 ἐκ
2819 929 3111 1003 Κομνηνοῧ
3169 930 3440 989 Ἰσαακίου
3516 952 3841 1006 κατατυραν.

2208 1019 2452 1082 νεύοντος
2477 1027 2576 1090 τῆς
2608 1020 2853 1096 Κύπρου,
2908 1021 2998 1075 καὶ
3052 1023 3191 1092 μήτε
3249 1021 3557 1096 χρημάτων
3621 1021 3856 1102 ύποσχὲο

2209 1129 2351 1164 σεπιν
2409 1109 2746 1188 ἀποσχέσθαι
2800 1110 3005 1179 ταῦττ.ς
3059 1109 3454 1186 προτιθεμένου
3513 1111 3648 1183 μήθ’
3729 1111 3855 1166 5m-

2207 1195 2540 1274 κλινομὲνου
2567 1197 2647 1271 τῷ
2680 1198 2917 1275 βασιλεῖ,
2961 1201 3085 1254 οὒτε
3144 1200 3251 1272 μὴν
3307 1200 3374 1254 τα
3424 1197 3573 1255 δεινᾶ
3633 1202 3853 1272 μετριά-

2209 1293 2395 1358 ζοντος
2429 1289 2527 1344 ὅσα
2584 1289 2906 1366 ἐκακούργει
2963 1289 3100 1345 κατᾶ
3158 1287 3408 1363 Κυπρίων
3465 1289 3548 1344 ἀεὶ
3609 1291 3847 1344 καινοτέ-

2208 1399 2302 1455 ρας
2360 1377 2612 1442 κολάσεις
2661 1379 2913 1450 ἐπινοῶν,
2991 1374 3133 1455 ἔγνω
3190 1381 3308 1435 κατ’
3396 1379 3566 1436 αὐτοῦ
3661 1377 3855 1436 στόλον

2205 1468 2554 1544 καταρτύσειν
2597 1471 2624 1525 6
2685 1467 2962 1544 βασιλεύς.
3021 1469 3126 1525 Καὶ
3178 1466 3368 1540 ἐπειδὴ
3459 1470 3667 1544 μακραὶ
3743 1475 3858 1538 νῆες

2205 1559 2617 1634 ἡτοιμάσθησαν
2664 1556 3068 1631 ἐϐδομήκοντα,
3118 1559 3394 1636 ναύαρχοι
3451 1556 3859 1615 ἀναδείκνυνται

2207 1648 2236 1703 6
2303 1645 2729 1726 Κοντοστέφανος
2797 1647 3077 1719 Ἰωάννης,
3146 1645 3316 1704 ούδοῦ
3379 1642 3576 1711 ἐπιϐὰς
3625 1649 3854 1724 γήραος.

2205 1737 2296 1794 καὶ
2328 1738 2356 1792 6
2388 1735 2974 1812 ΚομνηνὸςἈλέξιος,
3005 1733 3065 1800 ὅς
3109 1737 3156 1792 εἱ
3211 1737 3304 1792 καὶ
3369 1735 3558 1810 εὖὴλιξ
3619 1739 3742 1810 (25)
3796 1738 3858 1805 ἦν

2205 1828 2296 1882 ναὶ
2337 1825 2582 1902 ἀνδρεῖος
2631 1826 2723 1882 καὶ
2777 1830 2872 1883 τοῦ
2935 1825 3318 1903 βασιλεύοντος
3374 1825 3674 1901 ἐξανεψιὸς,
3739 1825 3859 1884 ἀλλ’

2206 1913 2454 1978 ἐκκοπεὶς
2482 1917 2578 1978 τὰς
2632 1917 2797 1991 κόρας
2860 1917 2952 1972 ὐπ’
3012 1913 3370 1991 Ἀνδρονίκου
3428 1917 3658 1992 ἀχρεῖος
3727 1917 3855 1992 πρὸς

2206 2009 2313 2060 τῶν
2346 2003 2492 2060 ὅλων
2544 2003 2621 2069 εἷς
2673 2005 2774 2073 τήν
2819 2003 2943 2059 τότε
3001 2006 3371 2080 στρατήγησιν
3431 2001 3856 2079 συλλελόγιστο,

2206 2094 2290 2150 ναὶ
2324 2093 2432 2168 μὴν
2457 2089 2572 2148 οὐδ’
2601 2089 2776 2155 αἴσιος
2807 2091 3046 2168 ἐκρίνετο
3073 2091 3286 2154 οἰωνός.
3315 2092 3419 2149 Καὶ
3461 2089 3528 2160 δή
3561 2092 3591 2146 6
3655 2093 3759 2166 μὲν
3806 2094 3854 2154 ἐς

2207 2183 2425 2260 Κύπρον
2455 2183 2630 2246 πλοῦς
2661 2178 2941 2244 ἀκίνδυνος
2990 2183 3084 2238 καὶ
3127 2183 3190 2238 τὸ
3221 2185 3436 2256 πνεῦμα
3488 2180 3606 2238 λίαν
3653 2184 3850 2264 φορὸν,

3481 2268 3505 2288 ιλ

443 2276 595 2334 Nam
628 2272 888 2331 Isaaeius
919 2272 1086 2346 Cypri
1121 2276 1405 2345 tyrannus
1435 2287 1535 2327 eos
1561 2278 1609 2326 et
1645 2269 1786 2326 vicit
1813 2273 1870 2328 ot
1901 2270 2094 2342 cepit;

2209 2273 2387 2349 ἠρέμα
2415 2294 2533 2335 πως
2568 2272 2840 2346 ἐμπῖπτον
2889 2271 3006 2334 τοίς
3063 2271 3304 2350 λαίφεσι,
3351 2273 3420 2326 τὰ
3477 2269 3522 2326 δ’
3576 2271 3698 2341 ἑξῆς
3758 2271 3849 2326 καὶ

445 2370 504 2423 et
536 2363 878 2437 potissimus
937 2362 1126 2434 pirata
1193 2359 1348 2416 484
1405 2358 1708 2431 Megarita,
1766 2359 1868 2431 qui
1925 2374 2092 2430 opera

449 2455 670 2512 ferebat
701 2453 948 2518 Isaacio,
1003 2451 1154 2508 clam
1215 2467 1392 2506 naves
1434 2465 1646 2506 vacuae
1704 2448 1989 2505 militibus
2021 2450 2090 2505 ad

447 2550 718 2600 terrestre
759 2540 1026 2615 praelium
1058 2555 1311 2614 egressm
1342 2539 1668 2611 occupavit.
1700 2539 1900 2611 Itaque
1958 2537 2093 2594 trie-

443 2631 668 2690 rarchis
695 2646 809 2686 non
835 2631 1004 2686 modo
1022 2629 1248 2684 nullum
1271 2627 1498 2684 illustre
1519 2626 1740 2683 facinus
1763 2627 2094 2698 ediderunt,

441 2723 542 2779 sed
579 2721 830 2793 denique
859 2719 1035 2776 etiam
1070 2718 1128 2774 in
1153 2717 1416 2774 hostium
1447 2733 1658 2774 manus
1677 2721 1960 2773 venerunt
1993 2733 2008 2786 ;
2041 2721 2098 2773 et

443 2809 734 2884 Megaritra
766 2806 1008 2865 arbitrio
1039 2807 1317 2880 permissi
1367 2807 1438 2863 ab
1488 2806 1709 2863 Isaacio
1759 2805 1933 2880 paulo
1966 2810 2097 2878 post

447 2901 520 2960 ad
550 2897 757 2956 Sicilire
788 2902 1128 2972 tyrannum,
1169 2898 1237 2953 ad
1300 2913 1473 2970 quem
1532 2895 1630 2954 ille
1691 2899 1754 2952 ut
1795 2895 2094 2952 dominum

446 3007 589 3049 suas
615 2988 876 3045 actiones
933 2987 1241 3056 referebat,
1301 2989 1444 3042 sunt
1499 2985 1790 3059 perducti.
1841 2985 2096 3042 Isaacius

447 3096 583 3137 vero
614 3081 744 3150 post
775 3076 1072 3133 victoriam
1100 3076 1318 3131 multos
1373 3079 1666 3131 Romanos
1719 3074 1780 3129 in
1837 3090 1971 3130 suas
2001 3088 2094 3130 co-

449 3167 648 3225 hortes
677 3165 896 3235 retulit,
929 3164 1152 3221 multos
1183 3163 1522 3221 crudelibus
1552 3163 1739 3236 poenis
1785 3162 1999 3232 affecit,
2035 3167 2100 3219 ut

449 3261 576 3314 erat
603 3259 788 3312 tortor
816 3252 1213 3322 inexorabilis,
1249 3257 1424 3326 atque
1463 3253 1617 3309 inter
1669 3255 1911 3310 caeteros
1941 3252 2095 3309 Ren-

447 3358 718 3406 taceuum
759 3346 1066 3414 Basiliam,
1097 3347 1191 3402 cui
1223 3344 1468 3402 alterum
1497 3345 1698 3418 pedem
1727 3362 1762 3401 a
1790 3361 1943 3418 genu
2005 3359 2096 3400 se-

445 3437 876 3496 curiresecuit.
935 3440 1069 3492 Erat
1126 3435 1176 3492 is
1233 3435 1322 3493 vir
1377 3434 1888 3504 bellicosissimus,
1921 3438 1978 3491 et
2036 3438 2102 3490 ut

445 3527 731 3586 Achillem
762 3527 1027 3594 thnix,
1065 3525 1144 3582 ita
1175 3525 1300 3597 ipse
1324 3523 1464 3582 olim
1492 3524 1772 3582 lsaacium
1804 3527 1862 3580 et
1891 3524 1947 3580 in
1981 3523 2097 3582 elo-

450 3615 696 3690 quentia
725 3619 782 3672 et
809 3614 870 3671 in
901 3631 961 3670 re
993 3614 1236 3670 militari
1264 3613 1578 3670 erudierat.
1609 3615 1688 3668 Ac
1729 3611 1830 3669 tali
1864 3614 2098 3684 prmmio

2209 2363 2344 2438 μετὰ
2369 2362 2432 2417 τὸ
2478 2367 2776 2437 προσσχεῖν
2828 2361 2904 2423 εἰς
2952 2361 3080 2423 τοὺς
3137 2359 3379 2434 Κυπρόθι
3439 2359 3661 2433 λιμένας
3710 2362 3851 2415 ἁπα-

2207 2473 2306 2524 σης
2363 2452 2671 2529 ἀγριώτερα
2725 2449 3018 2512 λαίλαπος·
3089 2449 3282 2512 αὐτούς
3320 2470 3378 2505 τε
3426 2449 3530 2526 γὰρ
3563 2451 3592 2504 6
3622 2457 3726 2520 τῆς
3763 2451 3854 2507 Κί-

2206 2561 2346 2618 πρου
2404 2546 2615 2617 κρατῶν
2683 2541 2948 2602 Ἰσαάκιος
3011 2533 3302 2595 συλλαϐὼν
3357 2539 3736 2614 ἐτροπώσατο,
3770 2542 3852 2596 καὶ

2208 2633 2236 2688 6
2285 2635 2394 2688 τῶν
2443 2632 2568 2687 τότε
2611 2631 2748 2686 κατᾶ
2793 2627 3064 2685 θάλατταν
3115 2633 3390 2704 πειρατῶν
3443 2628 3760 2704 κράτιστος,
3827 2631 3852 2686 6

2208 2719 2548 2796 Μεγαρείτης
2598 2717 2964 2793 καλούμενος,
3021 2716 3312 2791 ἐπαμύνων
3375 2717 3634 2792 Ἰσαακίῳ
3694 2719 3854 2776 ἐινωῖ.

2209 2811 2294 2866 στὶ
2324 2810 2544 2875 ἐπέθετο
2587 2814 2707 2872 ταῖς
2761 2809 2940 2878 ναυσὶ,
2996 2807 3367 2880 κεκενωμένας
3417 2808 3592 2883 εὑρὼν
3624 2813 3737 2863 τῶν
3767 2810 3852 2864 ἆν-

2209 2897 2351 2975 δρῶν
2384 2898 2461 2962 εἷς
2489 2899 2583 2955 τὸν
2613 2901 2870 2974 χερσαῖον
2903 2895 3152 2968 ἐξιόντων
3190 2893 3460 2968 πόλεμον.
3496 2897 3561 2954 Ol
3621 2893 3678 2952 δὲ
3739 2917 3855 2974 τρι.

2213 2989 2458 3065 ηράρχαι
2489 2988 2553 3044 οὐ
2615 2987 2780 3060 μόνον
2837 2982 2988 3041 οὐδέν
3047 3005 3100 3040 τι
3157 2986 3406 3060 γενναῖον
3464 2986 3853 3062 κατώρθωσαν,

2209 3077 2467 3137 ἀλλὰκαὶ
2487 3076 2647 3154 χερσὶ
2678 3081 2784 3132 τῶν
2823 3075 3072 3132 ἐναντίων
3113 3074 3366 3148 εὐμαρῶς
3423 3073 3701 3132 ἑάλωσαν.
3765 3078 3854 3136 Καὶ

2211 3166 2408 3230 αὐτοὺς
2471 3168 2567 3242 μὲν
2625 3170 2706 3240 τῷ
2762 3163 3073 3243 Μεγαρείτῃ
3125 3161 3407 3220 ἐκδίδωσιν
3439 3165 3711 3228 Ἰσαάκιος
3740 3165 3791 3228 ἐς
3829 3167 3856 3218 δ

2209 3277 2261 3312 τι
2315 3255 2577 3334 βούλεται
2621 3255 2950 3335 χρήσασθαι·
2997 3253 3086 3309 καὶ
3115 3254 3251 3330 ξεῖχε
3299 3251 3526 3316 τούτους
3588 3255 3728 3324 μετὰ
3773 3275 3859 3326 μι-

2210 3347 2341 3424 κρὸν
2373 3345 2600 3402 Σικελία
2651 3344 2740 3401 καὶ
2803 3345 2832 3399 6
2883 3343 3086 3414 ταύτης
3137 3342 3417 3417 τύραννος,
3458 3342 3537 3406 εἲς
3559 3344 3623 3399 ὅν
3674 3344 3750 3406 ὡς
3777 3341 3856 3400 δε-

2213 3437 2418 3508 σπότην
2461 3435 2489 3490 ὁ
2531 3433 2872 3512 Μεγαρείτης
2894 3433 3113 3512 ἀνέφερε
3140 3433 3207 3488 τὰ
3235 3433 3451 3488 ἐαυτυῦ.
3487 3433 3550 3492 Ὀ
3591 3430 3642 3488 δ’
3688 3434 3851 3490 Ἰσιιὰ⁹

2211 3546 2330 3588 κιος
2379 3523 2626 3588 πολλοὺς
2674 3524 2769 3598 μὶν
2830 3526 2938 3579 τῶν
2987 3520 3279 3596 Ῥωμαίων
3336 3523 3472 3595 μετᾶ
3527 3523 3631 3592 τὴν
3689 3523 3848 3594 ἠτταν

2212 3621 2328 3678 τοῖς
2360 3613 2586 3676 οἰκείοις
2622 3611 2873 3684 κατέλεξε
2916 3611 3121 3682 τέλεσι,
3155 3610 3407 3673 πολλοὺς
3441 3608 3620 3667 δὲκαὶ
3652 3613 3855 3686 ἀγρίαις

447 3689 710 3764 Isaacius
739 3703 1002 3762 omnium
1045 3702 1383 3760 mortalium
1442 3701 1696 3759 maxime
1754 3702 2097 3771 iracundus,

2211 3709 2429 3768 ποιναῖς
2455 3697 2859 3774 καθυπέϐαλεν,
2901 3703 3093 3764 ὁποῖος
3152 3699 3312 3764 οὗτος
3361 3701 3736 3778 ἀπαραίτητος
3776 3706 3844 3756 ῶν

450 3804 506 3853 et
537 3795 596 3851 in
630 3795 712 3851 ira
758 3793 966 3851 lebetis
1023 3793 1209 3850 instar
1285 3795 1634 3864 exaestuans,
1692 3808 1758 3848 ac
1819 3797 2100 3850 tremente

455 3889 653 3942 mento
685 3884 937 3940 absurde
966 3883 1237 3956 loquens,
1269 3883 1649 3956 paedagogum
1683 3897 1856 3938 suum
1890 3889 1976 3936 est
2009 3897 2101 3938 re-

453 3979 821 4032 muneratus.
853 3973 1160 4031 Nauticam
1219 3989 1352 4030 vero
1410 3971 1658 4042 turbam,
1698 3989 1810 4046 quo
1855 3973 2100 4045 quisque

449 4064 644 4132 vellet,
676 4065 838 4122 abire
858 4064 1012 4122 sivit.
1045 4063 1153 4130 Qui
1186 4067 1467 4136 tanquam
1504 4078 1574 4119 ex
1621 4061 1900 4120 diuturno
1947 4079 2096 4120 nau-

449 4156 656 4229 fragio,
691 4171 822 4212 sero
853 4154 1093 4211 domum
1130 4154 1452 4222 redierunt,
1493 4153 1543 4210 si
1578 4152 1727 4212 485
1763 4153 1862 4225 qui
1895 4169 1963 4209 ex
1991 4152 2096 4209 tri-

451 4245 564 4301 bus
595 4243 766 4301 malis
801 4260 936 4316 uno,
996 4241 1262 4300 videlicet
1315 4243 1484 4310 mari,
1543 4241 1698 4299 fame
1755 4246 1856 4298 aut
1895 4245 2095 4312 morte,

451 4350 568 4391 non
597 4333 910 4407 perierant.

2205 3792 2506 3863 κολαστὴς,
2566 3793 2618 3848 ἐν
2688 3793 2776 3856 οἷς
2829 3792 2916 3848 καὶ
2986 3791 3079 3847 τὸν
3142 3791 3492 3862 Ῥεντακηνὸν
3549 3789 3841 3858 Βασίλειον,

2211 3885 2294 3958 [Ρ.
2319 3884 2444 3956 238]
2480 3880 2692 3938 πελέκει
2725 3878 2784 3936 ἐκ
2813 3883 2914 3936 τοῦ
2945 3880 3174 3957 γόνατος
3223 3881 3446 3955 θάτερον
3493 3883 3594 3934 τῶν
3646 3875 3818 3934 ποδῶν

2209 3973 2473 4049 ἐκτεμὼν.
2504 3976 2609 4032 Ἦν
2641 3971 2700 4030 δέ
2729 3975 2758 4030 6
2809 3973 2946 4048 ἆνὴρ
2996 3974 3154 4037 οὗτος
3201 3971 3422 4049 ἄριστος
3470 3973 3536 4030 τὰ
3575 3971 3834 4046 πολέμια,

2205 4065 2295 4122 καὶ
2351 4068 2431 4134 τῷ
2484 4063 2734 4138 Ὶσαακίφ
2781 4061 2962 4136 τούτῳ
3023 4062 3098 4126 ὡς
3155 4061 3416 4138 Ἀχιλλεῖ
3477 4082 3614 4119 ποτε
3656 4060 3839 4131 Φοῖνιξ

2211 4149 2394 4224 μύθων
2425 4170 2484 4204 τε
2515 4149 2696 4224 ῥητήρ
2729 4148 2819 4203 καὶ
2849 4152 2955 4204 τῶν
2998 4147 3322 4222 πολεμικῶν
3372 4142 3548 4224 ἔργων
3609 4145 3847 4203 διδάσκει.

2207 4236 2307 4315 λος
2335 4239 2610 4315 πεφῃνώς⁶
2649 4234 3024 4312 ὀργιλώτατος
3065 4233 3112 4290 δ’
3143 4235 3219 4292 ὢν
3250 4237 3553 4309 ἀνθρώπων
3607 4237 3636 4290 6
3687 4233 3850 4294 Ἰσαά-

2205 4311 2326 4391 icio:
2386 4328 2474 4384 καὶ
2531 4328 2667 4384 κατὰ
2745 4323 2956 4399 λέϐητα
3028 4325 3324 4402 καχλάζων
3386 4325 3467 4382 ἀεὶ
3534 4331 3617 4400 τῷ
3677 4330 3845 4402 θυμῷ,

449 4421 743 4500 παράφορά
798 4442 856 4476 τε
915 4421 1282 4500 φθεγγόμενος
1336 4418 1389 4476 ἐν
1445 4422 1527 4493 τῷ
1583 4417 1758 4496 χολᾷν
1819 4417 1910 4474 καὶ
1961 4419 2062 4490 τὴν
2109 4417 2257 4473 κάτω
2307 4418 2461 4492 γένυν
2479 4413 2793 4493 τρομαλέαν
2827 4412 3058 4486 δεικνὺς,
3099 4416 3189 4470 καὶ
3223 4414 3413 4480 ἄλλως
3444 4413 3502 4471 δὶ
3534 4416 3650 4492 οὐχ
3696 4414 3851 4490 ἱλαρα

449 4508 688 4584 θρέπτρα
739 4509 964 4565 ἐκτίνειν
1023 4506 1205 4579 εἰδὼς,
1269 4506 1494 4584 τοιαύτῃ
1551 4506 1796 4584 τιμωρίᾳ
1850 4508 1942 4564 τὸν
2001 4509 2195 4564 ἑαυτοῦ
2251 4501 2666 4572 καθυποϐιίλλει
2725 4503 3101 4583 παιδαγωγόν.
3161 4505 3233 4563 Τὸ
3291 4502 3351 4562 δὲ
3406 4505 3663 4561 ναυτικὸν
3715 4503 3846 4574 πλῆο

450 4608 544 4662 θος
574 4594 694 4653 ἔνθα
723 4598 776 4652 οἱ
805 4599 941 4660 add;
986 4595 1194 4672 βουλῆς
1225 4594 1483 4676 διαφῆκεν
1511 4597 1704 4669 ἵεσθαι,
1739 4597 1792 4652 οἳ
1819 4597 1909 4652 καὶ
1942 4597 2015 4660 ὡς
2043 4596 2104 4654 ἐκ
2126 4597 2376 4672 ναυαγίου
2405 4600 2614 4672 μακροῦ
2643 4593 2856 4672 χρόνιοι
2886 4595 2952 4650 τὰ
2973 4594 3119 4651 οἳκοι
3148 4589 3470 4668 κατέλαϐον,
3525 4595 3648 4650 ’ὁποι
3709 4594 3832 4655 τέως

452 4686 530 4761 μή
563 4690 727 4761 τριῶν
752 4686 826 4741 ἐνί
855 4708 960 4742 τινι
993 4687 1142 4758 κακῷ
1171 4683 1446 4756 θαλάσσης
1474 4688 1565 4741 καὶ
1595 4685 1767 4761 λιμοῦ
1804 4687 1894 4742 καὶ
1924 4685 2152 4758 τελετῆς
2185 4687 2532 4764 ἀπεγένοντο.

521 4779 661 4833 Cum
695 4775 864 4850 Mysti
893 4781 1091 4848 aperte
1135 4775 1508 4847 defecissent,
1567 4776 1638 4832 ab
1671 4777 1744 4832 iis
1776 4794 1926 4850 quos
1974 4777 2092 4834 dixi

2268 4778 2392 4834 Τῶν
2442 4772 2501 4831 δὲ
2566 4779 2765 4832 Μυσῶν
2821 4773 3146 4830 ἀποστασίαν
3225 4772 3644 4848 μελετησάντων
3700 4793 3840 4849 περι·

447 4864 709 4938 impulsi,
739 4865 1056 4938 imperator
1086 4864 1302 4921 bellum
1331 4863 1414 4920 eis
1445 4865 1638 4922 infert.
1673 4865 1784 4922 Sed
1817 4883 1923 4922 nec
1955 4866 2097 4923 illud

447 4957 918 5032 praetereundum
953 4959 1060 5012 est.
1093 4954 1233 5011 Cum
1294 4952 1493 5012 Blachi
1553 4954 1842 5027 principio
1905 4955 1976 5010 ab
2033 4971 2099 5011 eo

443 5052 660 5105 conatu
691 5047 760 5105 ad
787 5063 958 5120 quem
997 5063 1030 5102 ει
1079 5049 1244 5101 Petro
1306 5048 1365 5100 et
1405 5047 1590 5101 Asane
1648 5043 2096 5115 inducebantur,

444 5140 526 5196 rei
557 5135 900 5196 difﬁcultate
931 5135 1140 5206 territi,
1171 5133 1568 5201 abhorrerent,
1630 5134 1859 5202 fratres,
1901 5138 1966 5190 ut
1997 5151 2096 5208 po-

2211 4873 2373 4944 φανῇ,
2406 4866 2497 4922 καὶ
2527 4865 2798 4944 ἀρχηγῶν
2827 4868 2922 4920 τοῦ
2947 4869 3118 4921 κακοῦ
3173 4861 3332 4920 τοῦδε
3388 4865 3464 4920 ὠν
3524 4863 3718 4940 εἴρηκα
3769 4882 3846 4938 γε·

2209 4953 2547 5030 γενημένων,
2589 4952 2746 5026 ἔξεισι
2811 4952 3068 5030 βασιλεὺς
3134 4954 3254 5010 κατ’
3309 4951 3507 5010 αὐτῶν.
3561 4956 3670 5027 (‘26)
3727 4952 3842 5024 Χρὴ

2209 5041 2267 5100 δὲ
2328 5045 2550 5101 κάκεῖνα
2615 5045 2690 5118 μὴ
2755 5041 2998 5121 παριδεῖν
3067 5043 3418 5120 ἀνιστόρητοι.
3491 5043 3559 5104 ΟΞ
3639 5042 3841 5116 Βλάχοι

2208 5129 2414 5190 ὤκνουν
2447 5134 2514 5188 τά
2561 5137 2752 5207 πρῶτα
2799 5132 2888 5188 καὶ
2918 5128 3213 5203 ἀπεπήδων
3271 5131 3408 5208 πρὸς
3466 5134 3565 5201 τήν
3617 5129 3839 5187 ἀπόσταο

1833 5251 1999 5315 Hier.
2032 5253 2246 5315 Wolfii
2275 5258 2462 5330 notae,

508 5397 619 5467 (2-5)
649 5396 849 5467 Posset
875 5393 938 5448 τὸ
971 5389 1164 5467 εὐῆλιε
1197 5390 1375 5467 etiam
1425 5388 1499 5446 ad
1547 5389 1806 5467 corporis
1839 5389 2090 5462 proceri-

437 5461 866 5551 tat'errinreferri,
898 5465 1038 5536 quia
1077 5461 1270 5532 ἡλικία
1315 5472 1370 5518 et
1408 5461 1667 5518 atatem’
1697 5466 1781 5532 et;
1804 5467 2090 5518 staturam

443 5539 1122 5681 81%;6Sullt’ifdescribitur
1151 5605 1247 5662 hic
1279 5604 1465 5672 locus,
1501 5607 1712 5681 ut_p_on
1743 5607 1888 5681 satis
1918 5621 2091 5681 appa-

457 5675 554 5738 eat
607 5675 813 5734 utrum
874 5677 1197 5736 subornata
1263 5693 1331 5734 an
1379 5692 1516 5734 vera
1580 5675 1817 5734 illorum
1859 5675 2090 5735 insania

2201 5390 2394 5446 fuerit.
2421 5389 2478 5445 Si
2512 5387 2890 5458 simularunt,
2925 5390 3091 5460 atrox
3115 5389 3206 5443 est
3261 5394 3316 5442 et
3364 5387 3482 5460 fere
3513 5387 3645 5460 plus
3676 5401 3839 5452 quam

2201 5462 2426 5518 lberica
2475 5460 2776 5516 simulatio
2805 5462 2956 5515 ferro
2989 5475 3052 5514 se
3085 5459 3436 5514 lacerare.Si
3469 5459 3846 5520 insanierunt,

2200 5550 2316 5606 quo
2350 5539 2518 5606 pacto
2549 5532 2777 5588 edoceri
2833 5536 3143 5606 potuerunt
3201 5536 3267 5586 ut
3321 5546 3390 5586 ea
3447 5531 3708 5587 dicerent
3734 5546 3848 5602 que

2200 5601 2372 5664 Ksani
2394 5609 2452 5663 et
2487 5605 2658 5662 Petro
2690 5601 3042 5678 placebant?
