4112 6218
269 354 388 417 733

1417 358 1515 418 DE
1559 358 1872 419 ISAACIO
1915 359 2239 421 ANGELO
2284 360 2438 423 LIB.
2487 365 2536 423 Ι.

3568 369 3689 428 734

265 509 352 544 σιν
387 487 465 550 εἷς
496 483 562 557 ἤν
588 485 858 561 ένήγοντο
891 487 1026 564 πρὸς
1055 490 1151 543 τοῦ
1185 485 1390 564 Πέτρου
1421 490 1512 545 καὶ
1575 494 1673 545 τοῦ
1732 490 1889 548 Ἀσάν

2033 492 2334 564 pularibus
2366 495 2490 552 suis
2516 512 2650 552 eum
2684 499 2904 552 metum
2963 498 3308 567 adimerent,
3341 501 3526 558 tndem
3572 518 3683 559 no-

264 581 332 634 τὸ
356 580 455 632 τοῦ
483 574 810 650 πράγματος
845 578 1078 650 μέγεθος
1113 578 1482 656 ὑφορώμενοι.
1519 581 1627 649 Τῆς
1686 576 1743 634 δὶ
1801 577 1912 635 δει-

264 666 392 729 λίας
423 665 624 735 ταύτης
663 665 791 727 τοὺς
824 665 1106 743 ὁμογενεῖς
1137 667 1433 743 ἀπάγοντες
1478 668 1530 722 οἳ
1585 669 1910 741 ταυτόαιμοι

261 757 552 829 εὖκτήριον
616 752 905 829 έδείμαντο
965 757 1112 812 οἶκον
1178 755 1261 811 ἐπ’
1316 758 1543 830 ὀνόματι
1592 757 1911 833 Δημητρίου

255 851 360 902 τοῦ
409 844 883 921 καλλιμάρτυρος,
942 846 1018 910 εἷς
1074 846 1132 901 ὅν
1181 844 1430 909 πολλοὺς
1484 851 1591 901 τῶν
1651 844 1913 920 δαιμονο-

258 934 490 1006 λτξπτων
524 934 941 1009 συνηθροικότες
963 934 1011 1004 ἐξ
1046 935 1300 1010 ἑκατέρου
1351 936 1562 1012 γένους,
1622 936 1910 1010 αἰμωποὺς

256 1026 352 1082 καὶ
385 1024 748 1103 διαστρόφους
788 1025 881 1087 τὰς
932 1026 1116 1101 κόρας,
1177 1025 1527 1103 λυσιχαίτας,
1583 1026 1675 1083 καὶ
1732 1025 1911 1082 τᾶλλα

257 1109 504 1189 ἀκριϐῶς
536 1111 904 1184 διασώζοντας
935 1114 1107 1169 ὁπόσα
1140 1118 1196 1169 οἱ
1227 1122 1344 1178 τοῖς
1388 1113 1618 1189 δαίμοσι
1672 1117 1908 1192 κάτοχοι

257 1202 708 1280 διαπράττονται,
763 1202 948 1260 τοιάδε
1009 1205 1227 1268 τούτοις
1287 1205 1634 1262 ἐνθουσιῶσιν
1731 1206 1909 1261 ὑπετί-

261 1306 386 1359 θουν
421 1292 769 1373 φθέγγεσθαι,
803 1294 882 1357 ὡς
922 1295 949 1349 ὁ
980 1295 1116 1357 Θεὸς
1147 1299 1243 1351 τοῦ
1275 1300 1383 1351 τῶν
1432 1295 1765 1371 Βουλγάρων
1816 1295 1907 1350 καὶ

254 1388 365 1439 τῶν
423 1382 662 1458 Βλάχων
731 1382 921 1459 γένους
975 1381 1287 1459 ἐλευθερίαν
1345 1381 1620 1454 ηύδόκητε
1676 1383 1762 1437 καὶ
1811 1383 1907 1437 τοῦ

252 1472 479 1550 χρονίου
508 1477 670 1546 ζυγοῦ
708 1471 998 1527 ’ἐπένευσεν
1046 1473 1426 1548 ἀπαυχένισιν,
1482 1474 1544 1527 οὗ
1603 1475 1769 1551 χάριν
1816 1473 1907 1527 καὶ

250 1583 345 1618 τον
402 1562 863 1636 Χριστομάρτυρα
911 1564 1226 1637 Δημήτριον
1288 1560 1581 1618 ἀπολιπεῖν
1645 1561 1740 1634 μὲν
1806 1562 1907 1631 τὴν

253 1650 695 1708 Θεσσαλονικέων
748 1650 1096 1725 μητρόπολιν
1164 1651 1251 1706 καὶ
1308 1652 1442 1706 νεὼν
1500 1653 1592 1708 τὸν
1649 1650 1760 1706 ἐκεῖ
1816 1652 1904 1705 καὶ

251 1743 346 1802 τὰς
376 1741 525 1816 παρᾶ
557 1738 858 1812 Ῥωμαίοις
907 1735 1209 1815 διατριϐὰς,
1260 1739 1314 1803 ἐς
1363 1738 1408 1795 δ’
1458 1740 1655 1803 αὐτοὺς
1705 1737 1901 1819 ἀφικέ-

253 1833 371 1887 σθαι
428 1830 504 1891 ὡς
590 1828 929 1904 ἐπαρήξοντα
1000 1829 1093 1884 καὶ
1178 1828 1538 1911 συλλήπτορα
1592 1833 1690 1885 τοῦ
1744 1828 1903 1905 ἔργου

255 1922 532 1995 ἐσόμενον.
569 1921 1085 1995 Ἀνακωχευόμενοι
1137 1918 1193 1976 δὲ
1229 1921 1363 1995 ηρὸς
1404 1920 1586 1999 βραχὺ
1633 1922 1685 1975 οἱ
1724 1920 1900 1994 παρά-

259 2009 626 2090 φοροιούτοι,
685 2010 777 2065 καὶ
833 2010 1033 2089 α’ἶφνης
1081 2011 1142 2065 τὸ
1200 2014 1414 2082 πνεῦμα
1478 2008 1669 2065 πλεῖον
1701 2008 1900 2064 συλλέ-

263 2123 476 2178 γοντες,
552 2101 1051 2174 έπιληπτευόμενοι
1146 2098 1301 2165 αὖθις
1374 2095 1717 2156 διεσοϐοὖντο
1804 2099 1896 2155 καὶ

256 2186 428 2247 ὶϐόων
481 2189 820 2246 ἔνθεαστικὸν
881 2190 969 2243 καὶ
1010 2188 1263 2265 διάτορον
1323 2190 1400 2262 μή
1460 2192 1598 2247 εἶναι
1656 2191 1719 2245 τὸ
1795 2189 1901 2244 ἀπὸ

254 2277 414 2335 τοῦδε
440 2277 605 2353 ἓδρας
636 2279 842 2351 ἀκμὴν,
875 2276 1004 2333 ἀλλ’
1058 2276 1204 2333 ὅπλα
1273 2278 1408 2351 μετά
1472 2283 1662 2353 χεῖρας
1715 2272 1902 2333 λαϐεῖν

254 2369 342 2424 καὶ
372 2367 678 2442 Ῥωμαίοις
708 2367 895 2440 ὁμόσε
943 2372 1169 2446 χωρεῖν,
1229 2367 1355 2430 τοὺς
1421 2364 1479 2421 δὲ
1532 2388 1592 2441 γε
1645 2366 1898 2439 συλλαμ-

251 2454 591 2532 ϐανομένους
620 2456 757 2512 κατᾶ
784 2457 1028 2529 πόλεμον
1074 2458 1149 2528 μὴ
1186 2460 1431 2532 ζωγρεῖν,
1460 2454 1591 2511 ἀλλ’
1634 2455 1905 2533 ἀποσφάτ-

245 2567 357 2602 τειν
422 2546 514 2603 καὶ
573 2546 911 2601 κατακαίνειν
972 2545 1242 2615 ἀνηλεῶς,
1298 2542 1427 2617 μηδ’
1513 2542 1603 2600 ἒπὶ
1675 2543 1903 2619 λύτροις

246 2637 482 2715 ἀφιέναι,
543 2634 673 2711 μηδ’
734 2636 1166 2710 ἐπικάμπτεσθαι
1235 2633 1476 2707 δεήσεσι,
1532 2632 1675 2711 μηδὲ
1740 2655 1901 2710 γονυ-

247 2725 492 2789 κλισίαις
551 2725 901 2798 θηλύνεσθαι,
966 2726 1092 2783 ἀλλ’
1150 2724 1333 2802 ὥσπερ
1385 2727 1536 2789 τινὰς
1596 2723 1903 2800 ἂδάμαντας

241 2817 385 2891 πρὸς
417 2822 592 2872 πᾶσαν
636 2812 951 2879 ἀνενδότους
1017 2814 1150 2870 εἶναι
1200 2813 1545 2891 παράκλησιν
1600 2815 1690 2878 καὶ
1748 2814 1898 2888 φθεί-

243 2925 361 2981 ρειν
432 2903 812 2977 ἁπαξάπαντας
865 2902 995 2966 τοὺς
1055 2903 1489 2981 συλληφθέντας.
1577 2903 1707 2959 ’Υπὸ
1789 2905 1905 2957 θεο-

240 2995 477 3069 πρόπων
509 2992 604 3048 οὗν
662 2992 925 3050 τοιούτων
964 2991 1093 3048 ὅλον
1147 2993 1211 3049 τὸ
1278 2993 1431 3067 γένος
1487 2991 1900 3067 ἐξομιληθέντες

239 3086 357 3138 τῶν
390 3080 581 3138 ὅπλων
613 3082 844 3144 ἅπαντες
869 3080 1134 3155 γίνονται.
1166 3081 1271 3138 Καὶ
1322 3081 1400 3145 ὠς
1444 3080 1636 3137 αὐτίκα
1694 3082 1899 3154 εὐημε-

246 3175 394 3250 ρήθη
426 3172 645 3236 τούτοις
673 3173 740 3229 τά
768 3179 868 3242 τῆς
909 3172 1259 3241 ἁποστασίας,
1310 3170 1389 3228 ἔτι
1450 3172 1664 3246 μᾶλλον
1718 3169 1899 3229 ἔθεντο

2024 581 2177 638 mine
2207 583 2471 656 praeclari
2516 586 2790 658 martyris
2846 587 3117 642 Demetrii
3176 588 3558 661 aediﬁcarunt,
3620 594 3678 650 in

2025 687 2273 745 eamque
2306 673 2525 729 multos
2547 674 2939 730 daemoniacos
2990 674 3299 747 utriusque
3343 695 3516 736 sexus
3548 697 3678 737 coe.

2020 762 2363 834 gerunt,qui
2396 763 2656 819 cruentis
2679 769 2737 820 et
2769 765 3058 836 perversis
3090 765 3331 838 pupillis
3363 768 3679 839 effusisque

2019 850 2287 906 crinibus
2310 861 2516 907 cratera
2537 854 2735 909 omnia
2758 853 3050 926 exquisite
3089 856 3518 927 exprimebant,
3548 874 3674 929 quae

2019 938 2075 994 id
2108 955 2295 1011 genus
2317 940 2622 996 hominum
2657 942 3124 1013 propriahabet;
3151 958 3367 1014 eosque
3389 944 3674 1001 docebant

2019 1027 2077 1083 in
2113 1028 2307 1085 furore
2336 1030 2602 1102 proloqui
2628 1036 2739 1087 Deo
2762 1032 2948 1087 visum
2971 1048 3099 1088 esse
3131 1038 3197 1089 ut
3230 1050 3373 1106 gens
3397 1033 3675 1105 Bulgaro-

2017 1134 2144 1173 rum
2174 1123 2231 1173 et
2252 1118 2602 1175 Blachorum
2627 1121 2908 1177 diuturno
2953 1123 3094 1193 jugo
3142 1139 3390 1178 excusso
3440 1122 3675 1181 liberta-

2016 1211 2133 1262 tem
2158 1213 2581 1281 consequatur,
2616 1225 2802 1282 eaque
2822 1211 2894 1266 de
2918 1227 3096 1266 causa
3118 1211 3337 1268 Christi
3360 1217 3672 1286 martyrem

2015 1297 2399 1367 Demetrium,
2433 1298 2633 1354 relicta
2666 1300 2975 1372 metropoli
3007 1300 3428 1358 Thessalonica
3458 1310 3512 1359 et
3547 1303 3669 1358 aede

2014 1389 2531 1460 Romanorumque
2560 1389 3083 1459 consuetudine,ad
3116 1391 3274 1462 ipsos
3309 1392 3665 1463 pervenisse,

2017 1476 2359 1546 adjuturum
2395 1478 2451 1532 id
2485 1494 2655 1550 opus.
2687 1478 2869 1550 Igitur
2917 1479 3193 1535 vecordes
3244 1480 3341 1535 isti
3400 1480 3667 1538 homines

2014 1564 2251 1638 paulum
2283 1566 2519 1634 morati,
2551 1573 2605 1623 et
2636 1566 2833 1622 subito
2891 1568 3114 1638 majore
3176 1568 3381 1639 spiritu
3430 1569 3668 1625 collecto

2013 1670 2223 1710 rursus
2254 1653 2512 1723 alienati,
2546 1655 3009 1726 exagitabantur,
3039 1659 3098 1712 et
3140 1655 3296 1713 clara
3333 1674 3472 1713 voce
3512 1659 3666 1715 486

2013 1744 2181 1816 quasi
2214 1745 2456 1800 numine
2474 1744 2657 1801 afﬂati
2677 1744 3061 1801 clamitabant
3092 1762 3206 1803 non
3238 1747 3495 1820 amplius
3518 1748 3670 1805 desi-

2013 1831 2124 1887 diae
2148 1848 2277 1888 esse
2308 1832 2524 1900 locum,
2558 1834 2658 1890 sed
2688 1834 2934 1906 arreptis
2975 1834 3157 1891 armis
3180 1835 3474 1893 Romanos
3504 1838 3667 1893 inva—

2014 1920 2237 1977 dendos
2265 1937 2396 1978 esse
2425 1939 2440 1989 ;
2475 1927 2533 1977 et
2562 1921 2660 1992 qui
2685 1922 2744 1977 in
2778 1922 2929 1979 bello
2960 1928 3326 1996 caperentur,
3359 1942 3474 1981 non
3526 1943 3667 1983 con-

2014 2013 2332 2066 servandos
2365 2016 2467 2067 aut
2522 2012 2880 2082 vendendas,
2939 2015 3041 2069 sed
3102 2012 3484 2070 inclementer
3512 2016 3664 2070 occi-

2015 2098 2240 2155 dendos
2270 2116 2419 2166 esse,
2453 2104 2510 2155 et
2543 2115 2705 2169 prece
2735 2103 2792 2156 et
2848 2103 3033 2173 pretio
3091 2102 3435 2172 repudiatis,
3479 2118 3664 2175 neque

2014 2188 2200 2261 magis
2233 2188 2352 2244 ulla
2377 2188 2760 2245 obtestatione
2791 2191 3007 2247 moveri
3029 2196 3293 2263 oportere
3319 2208 3497 2263 quam
3530 2193 3667 2247 ada-

2014 2282 2297 2335 mantem.
2328 2279 2472 2334 Tota
2504 2279 2682 2351 igitur
2709 2295 2854 2351 gens
2882 2297 2916 2335 a
2946 2279 3165 2337 talibus
3203 2281 3436 2338 vatibus
3465 2280 3664 2337 conci-

2011 2370 2132 2423 tata
2162 2369 2231 2423 ad
2269 2384 2436 2424 arma
2465 2369 2809 2438 concurrit;
2873 2374 2930 2424 et
2986 2374 3052 2425 ut
3108 2370 3276 2427 initia
3321 2369 3660 2428 defectionis

2011 2457 2308 2529 auspicata
2341 2458 2596 2524 fuerunt,
2655 2458 2837 2528 magis
2895 2459 3070 2515 etiam
3123 2460 3424 2517 credidere
3474 2460 3656 2517 Deum

2011 2545 2272 2602 libertati
2309 2563 2429 2603 suae
2459 2547 2660 2603 favere.
2694 2548 2808 2602 Nec
2837 2564 2905 2603 ea
2938 2548 3194 2605 contenti
3228 2550 3284 2603 in
3345 2550 3561 2622 oppida
3607 2555 3663 2606 et

2013 2635 2231 2705 praedia
2262 2635 2333 2689 ab
2364 2640 2565 2691 Remo
2597 2640 2819 2691 remota
2848 2636 3279 2694 ditl'unduntur.
3320 2637 3479 2693 Alter
3529 2653 3661 2694 vero

2013 2723 2257 2779 fratrum
2289 2729 2495 2780 Petrus
2526 2739 2763 2781 auream
2796 2724 3074 2782 corollam
3107 2726 3355 2799 imponit
3394 2727 3571 2800 capiti
3603 2731 3664 2783 et

2012 2813 2259 2886 pedibus
2318 2815 2621 2873 coccinros
2678 2814 2901 2871 calceos
2960 2815 3210 2872 inducit.
3263 2815 3657 2873 Pristhlabam

2013 2904 2270 2976 aggressi
2306 2904 2470 2975 (urbs
2502 2920 2569 2961 ea
2599 2906 2819 2979 Ogygia
2847 2910 3081 2976 est,tota
3102 2905 3363 2962 latericia
3382 2911 3441 2962 et
3474 2906 3660 2962 maxi-

2012 3009 2175 3050 mum
2207 2993 2389 3049 Hemi
2416 2994 2673 3067 spatium
2705 2994 3029 3068 complexa)
3066 3000 3132 3051 ut
3159 2995 3659 3068 oppugnationem

2011 3100 2127 3140 non
2164 3100 2294 3139 esse
2315 3088 2500 3139 tutam
2533 3085 2827 3152 videbant,
2888 3102 2956 3141 ex
3014 3085 3307 3158 praeterita
3362 3102 3431 3142 ex
3465 3086 3663 3142 Harmo

2010 3174 2371 3230 descendunt
2405 3199 2420 3242 ;
2447 3180 2505 3230 et
2532 3173 2795 3230 Romana
2824 3175 3040 3246 oppida
3068 3176 3262 3231 subito
3294 3175 3482 3231 adorti
3513 3175 3665 3230 mul-

347 3242 633 3337 ἐλευθερίᾳ
660 3283 809 3341 σφων
841 3258 1152 3316 ἐπευδοκεῖν
1179 3263 1272 3318 τὸν
1327 3242 1475 3319 Θεόνί.
1535 3262 1638 3319 Καὶ
1701 3262 1895 3335 μικρὸν

2012 3267 2102 3321 tos
2133 3264 2419 3337 ingenuos
2449 3264 2738 3334 homines,
2800 3242 3018 3322 multos
3075 3265 3250 3321 boves
3307 3271 3366 3321 et
3392 3266 3667 3335 jumenta

242 3354 598 3430 ἡγησάμενοι
626 3352 689 3408 τὸ
743 3358 863 3417 καθ’
921 3352 1146 3416 ἑαυτοὺς
1200 3350 1387 3407 ἄνετον
1453 3352 1543 3408 καὶ
1599 3350 1894 3420 ἀπόλυτον,

242 3442 338 3499 καῖ
368 3442 505 3498 κατὰ
551 3446 660 3497 τῶν
718 3440 913 3497 ἃποθεν
973 3445 1071 3496 τοῦ
1128 3439 1307 3514 Α’ίμου
1363 3439 1742 3515 κωμοπόλεων
1804 3442 1893 3497 καὶ

244 3533 596 3606 συγκτήσεων
648 3530 1111 3604 έμπλατύνονται.
1171 3537 1397 3605 ⁶Ατερος
1454 3527 1511 3585 δὲ
1564 3534 1675 3585 τῶν
1732 3531 1893 3604 ὁμαιο

245 3622 434 3698 μόνων
466 3623 494 3677 ὁ
550 3620 755 3697 Πέτρος
812 3620 904 3675 καὶ
965 3618 1298 3698 στεφανίσκῳ
1355 3619 1572 3695 χρυσέῳ
1629 3616 1894 3675 ausam

235 3715 345 3783 τὴν
387 3712 652 3789 κεφαλὴν,
682 3711 921 3772 καὶτοῖς
987 3709 1148 3766 ποσὶν
1204 3707 1541 3785 ὑπορράπτει
1597 3708 1690 3764 καὶ
1741 3727 1893 3784 περι-

238 3801 431 3870 τίθησι
521 3794 859 3879 κοκκοϐαφές
933 3796 1178 3856 πέδιλον.
1257 3801 1341 3873 Τῇ
1418 3796 1476 3854 δὲ
1576 3794 1896 3872 Πρισθλάϐᾳ

237 3884 652 3965 προσϐαλόντες
707 3886 898 3958 (πόλις
950 3884 998 3942 δ’
1058 3888 1194 3959 αὕτη
1261 3886 1491 3964 ὠγυγία,
1552 3886 1611 3942 ἐκ
1658 3885 1895 3951 πλίνθου

232 3985 387 4035 πᾶσα
419 3978 616 4048 ὀπτῆς,
646 3979 738 4032 καὶ
808 3976 1075 4047 πλείστην
1127 3978 1258 4047 ὅσην
1314 3978 1436 4053 περὶ
1468 3977 1558 4032 τὸν
1589 3979 1764 4050 Αἷμον
1794 3978 1893 4046 τὴν

240 4068 578 4144 περίμετρον
627 4065 852 4143 ἔχουσα)
908 4067 983 4129 ὡς
1041 4067 1142 4122 οὐκ
1196 4065 1477 4122 ἀκίνδυνον
1534 4066 1719 4139 ἑώρων
1789 4067 1891 4135 τήν

231 4155 633 4229 πολιόρκησιν,
667 4154 845 4229 ,αὐτὴν
887 4157 970 4229 [Ρ.
1032 4157 1161 4228 239]
1220 4155 1315 4228 μὲν
1373 4152 1890 4229 ἀντιπαρέρχονται,

227 4250 328 4304 τὸν
371 4244 418 4301 δ’
469 4247 653 4319 Αἶμον
715 4242 1212 4324 ύποκατέρχονται,
1269 4245 1604 4317 Ῥωμαϊκαῖς
1662 4241 1709 4297 δ’
1777 4244 1890 4298 ἑτέ-

226 4358 364 4416 ραις
420 4335 947 4412 ἐπιηταρῥαγέντες
1030 4334 1436 4409 ἀπροσδόκητοι
1528 4330 1891 4407 κωμοπόλεσι

221 4425 429 4486 πολλὰ
464 4427 558 4500 μὲν
591 4426 821 4499 σώματα
850 4424 1145 4497 Ῥωμαίων
1184 4422 1462 4497 ἐλεύθερα,
1520 4420 1774 4483 πολλοὺς
1835 4420 1890 4476 δὲ

220 4519 375 4595 βόας
424 4515 512 4571 καὶ
572 4515 838 4589 ὑποζύγια
893 4515 987 4570 καὶ
1065 4518 1171 4569 τῶν
1242 4511 1428 4569 ἄλλων
1522 4512 1888 4586 βοσκημάτων

220 4607 439 4685 χρῆμά
464 4606 644 4661 τιούκ
688 4603 983 4678 ἐλάχιστον
1050 4600 1460 4673 διαρπάζουσιν.
1501 4601 1705 4673 ’Ἑξεισι
1770 4599 1885 4655 τοί-
1927 4603 1964 4663 β

226 4719 337 4753 νυν
370 4697 487 4752 κατ’
525 4694 701 4750 αὐτῶν
736 4694 1023 4758 Ἰσαάκιος,
1065 4692 1132 4750 Ol
1165 4689 1222 4747 δὲ
1272 4696 1381 4746 τῶν
1431 4688 1761 4767 δυσχωριῶν
1801 4689 1892 4744 καὶ

227 4780 604 4860 ἀπροσϐάτων
638 4784 795 4847 αὗθις
822 4777 1218 4853 ἐπιλαϐόμενοι
1262 4780 1522 4855 ἀντέσχον
1579 4779 1666 4834 ἐπὶ
1724 4777 1890 4834 πολύ.

224 4872 444 4952 Γνόιρου
475 4871 533 4928 δὲ
570 4872 717 4946 ποιρᾶ
746 4868 902 4942 δόξαν
934 4866 1233 4931 ἀναϐάντος
1277 4870 1379 4924 ὑπὸ
1435 4873 1590 4939 Θεοῦ,
1650 4865 1709 4929 ὅς
1770 4867 1891 4923 σκό-

222 4983 330 5025 τος
391 4962 577 5033 τίθησι
638 4963 737 5030 τήν
797 4960 1003 5016 οἲκείαν
1070 4953 1416 5033 ἀποκρυϐἡν,
1474 4959 1564 5013 καὶ
1628 4960 1693 5012 τὰ
1787 4954 1888 5032 ὄρη

224 5050 581 5125 καλύψαντος
610 5052 644 5106 ἃ
673 5052 901 5124 ἐτήρουν
935 5051 985 5103 οἳ
1028 5044 1297 5125 Βάρὸαροι
1322 5048 1416 5110 τὰς
1465 5051 1573 5102 τῶν
1623 5044 1886 5121 παρόδων

2011 3354 2374 3425 aliarumque
2434 3353 2723 3427 pecudum
2786 3354 3083 3426 ingentem
3145 3354 3294 3411 487
3348 3370 3660 3411 numerum

2012 3444 2326 3501 abducunt.
2350 3442 2568 3500 Isaacio
2595 3445 2945 3499 adventante
2967 3459 3175 3499 rursus
3205 3444 3263 3499 in
3287 3443 3577 3516 angustiis
3607 3446 3666 3500 et

2010 3531 2326 3589 inaccessis
2359 3532 2503 3589 locis
2533 3532 2714 3588 abditi
2741 3532 2840 3587 diu
2872 3533 3231 3589 resliterunt.
3262 3533 3370 3588 Sed
3415 3532 3664 3604 caligine

2009 3626 2215 3693 praeter
2240 3622 2734 3693 exspectationem
2766 3639 2802 3678 ι
2831 3626 2970 3687 Deo,
3005 3622 3180 3691 cujus
3211 3620 3445 3677 latebra
3473 3620 3533 3675 in
3564 3626 3660 3676 te-

2010 3710 2205 3766 nebris
2237 3717 2399 3778 sunt,
2431 3710 2703 3779 excitata,
2737 3715 2794 3765 et
2827 3715 3058 3767 montes
3082 3725 3231 3782 quos
3250 3709 3659 3765 Barbariaditu

2006 3800 2412 3873 angustiarum
2474 3802 2717 3855 obsesso
2780 3800 3102 3856 tuebantur
3150 3799 3497 3868 involvente,
3548 3800 3658 3855 Ro-

2008 3890 2163 3946 mani
2197 3906 2296 3945 eos
2347 3890 2749 3960 imprudentes
2807 3891 3271 3960 oppresserunt;
3329 3892 3387 3944 et
3442 3891 3660 3944 terrore

2006 3979 2286 4036 attonitos
2314 3977 2396 4033 ita
2426 3976 2812 4049 dissiparunt,
2845 3980 2912 4032 ut
2948 3976 3088 4032 mali
3120 3977 3291 4032 istius
3312 3980 3580 4033 auctores
3599 3980 3659 4032 et

2004 4068 2183 4124 duces
2215 4084 2348 4122 cum
2382 4067 2704 4123 amicorum
2737 4070 2915 4134 centu,
2947 4070 3013 4122 ut
3042 4065 3138 4121 ille
3165 4082 3472 4137 porcorum
3514 4083 3655 4140 grex

2003 4155 2062 4211 in
2093 4155 2388 4229 evangelio
2420 4156 2478 4210 in
2514 4171 2690 4219 mare,
2719 4155 2801 4210 ita
2829 4155 2941 4226 ipsi
2976 4155 3032 4210 in
3074 4155 3291 4211 Istrum
3354 4155 3544 4229 illapsi
3581 4157 3650 4211 ad

2005 4244 2287 4301 finitimos
2317 4245 2563 4317 Scythas
2594 4245 2947 4315 trajicerent.
2985 4246 3312 4316 Imperator
3341 4261 3497 4314 vero,
3522 4261 3655 4302 cum

2001 4334 2238 4390 nemine
2268 4349 2507 4405 prorsus
2540 4332 2886 4405 prohibente
2944 4337 3128 4388 totam
3172 4333 3417 4407 Mysiam
3453 4351 3654 4405 perva-

2000 4422 2125 4497 gari
2155 4427 2213 4477 et
2243 4422 2512 4495 prasidia
2542 4422 2600 4476 in
2632 4421 2828 4488 urbes,
2862 4438 2985 4491 quas
3016 4421 3303 4495 plermque
3335 4424 3395 4479 in
3455 4424 3649 4480 Haemo

2000 4514 2157 4579 sunt,
2191 4511 2292 4566 sed
2329 4509 2524 4581 plures
2555 4526 2621 4564 ae
2654 4508 2849 4582 potius
2882 4509 2999 4566 fere
3030 4511 3313 4568 omnesin
3346 4515 3656 4586 praeruptis

2000 4599 2247 4671 rupibus
2264 4603 2319 4655 et
2350 4598 2657 4654 altissimis
2684 4597 2931 4654 tumulis
2952 4600 3657 4668 exstructaaﬁntroducere

2002 4687 2509 4754 liceret,neutrum
2538 4686 2801 4751 fecit,sed
2825 4685 3082 4742 cumulis
3106 4687 3377 4744 frumenti
3400 4688 3657 4745 incensis

2003 4774 2339 4848 supplicum
2364 4774 2716 4831 Blachorum
2742 4775 3007 4831 confictis
3032 4776 3227 4832 verbis
3242 4776 3519 4850 deceptus
3533 4782 3657 4831 sta-

2001 4869 2108 4925 tim
2135 4871 2287 4922 retro
2306 4865 2699 4933 abiit,relietis
2725 4866 2843 4923 illis
2864 4867 3041 4922 rebus
3064 4867 3259 4924 adhuc
3281 4868 3448 4936 plane
3491 4866 3652 4923 exul-

2001 4957 2230 5014 ceratis.
2291 4955 2456 5013 Unde
2514 4955 2730 5012 facturn
2792 4960 2855 5011 ut
2896 4954 3123 5012 Barbari
3154 4956 3436 5014 Romanis
3466 4955 3650 5010 auda-

2002 5048 2129 5105 cius
2158 5045 2533 5102 insultarent.

231 5141 424 5202 στενᾶς
526 5137 982 5216 προλοχίσαντες,
1066 5134 1260 5195 ἔλαθον
1336 5139 1597 5215 Ῥωγαῖοι
1672 5135 1849 5211 λάθρα
1924 5134 2108 5198 αὐτοῖς
2183 5131 2516 5201 ἐπιστάντες,
2591 5130 2681 5185 καὶ
2760 5127 3198 5200 διασκεδάζουσιν
3278 5129 3421 5185 οὕτω
3493 5149 3654 5184 κατοι-

227 5235 450 5305 πλῆγας
493 5229 731 5301 θέμενοι.
783 5228 885 5284 Καὶ
917 5228 970 5282 οἱ
1005 5227 1099 5301 μὲν
1134 5226 1381 5303 ἀρχηγοὶ
1408 5230 1505 5279 τοῦ
1568 5230 1736 5280 κακοῦ
1812 5224 2033 5293 καὶτῆς
2108 5227 2383 5298 στρατιᾶς,
2414 5222 2443 5276 ὁ
2491 5220 2696 5294 Πέτρος
2741 5216 2956 5305 δηλαδή
3016 5219 3106 5275 καὶ
3164 5219 3344 5288 Ἀσὰν,
3379 5218 3468 5273 καὶ
3528 5217 3651 5272 ὅσον

224 5304 589 5395 περὶίαύτοὺς
666 5316 939 5390 ἑταιρικὸν
999 5317 1379 5387 ἀποστατικὸν,
1455 5314 1590 5369 κατὰ
1627 5315 1726 5382 τήν
1804 5318 1912 5368 τῶν
1988 5309 2356 5389 εὐαγγελικῶν
2426 5307 2635 5384 χοίρων
2697 5304 2898 5382 ἀγέλην
2968 5307 3042 5368 ὡς
3102 5307 3177 5368 είς
3230 5307 3499 5364 θάλασσαν
3555 5308 3648 5364 τὸν

224 5393 442 5485 Ἴστρον
506 5405 798 5482 ὥρμησαν,
870 5406 964 5461 καὶ
1020 5410 1213 5460 τοῦτον
1271 5402 1746 5477 διαπλωϊσάμενοι
1821 5407 1939 5465 τοῖς
1980 5400 2039 5457 ἒκ
2095 5395 2346 5475 ⁸γειτόνων
2400 5395 2638 5460 Σκύθαις
2692 5394 3047 5485 προσέμιξαν’
3135 5397 3163 5450 ὁ
3238 5393 3296 5452 δὲ
3392 5395 3648 5473 βασιλεὺς

222 5480 361 5554 κατά
417 5480 647 5564 πολλὴν
704 5498 801 5550 τοῦ
854 5493 1205 5557 κωλύσοντος
1285 5492 1519 5568 ἐρημίαν
1615 5496 1786 5546 πᾶσαν
1866 5492 1965 5559 τὴν
2025 5488 2236 5548 Μυσίαν
2299 5484 2451 5561 ἒχων
2535 5480 2839 5559 περιελθεῖν
2914 5483 3005 5539 καὶ
3063 5487 3303 5563 φρουράν
3361 5484 3649 5556 ἐπιστῆσαι

225 5592 342 5650 ταῖς
419 5585 596 5641 ἐκεῖσε
670 5582 921 5649 πόλεσιν,
951 5584 1007 5638 αἳ
1079 5582 1287 5639 πολλαὶ
1344 5584 1436 5658 μὲν
1512 5580 1616 5636 sic:
1691 5579 1828 5635 κατὰ
1901 5579 1995 5635 τὸν
2054 5580 2254 5650 Αἷμον,
2330 5574 2386 5629 αἶ
2462 5569 2519 5628 δέ
2556 5573 2790 5646 πλείομς
2822 5571 2857 5643 ἤ
2892 5577 3022 5650 γοῦν
3054 5575 3255 5630 ἅπασαι
3292 5573 3489 5652 σχεδὸν
3530 5576 3646 5631 ἐπῖ-

226 5683 439 5755 πετρῶν
470 5673 767 5750 ἀποτόμων
838 5674 929 5731 καὶ
1006 5678 1303 5754 μερινεφῶν
1381 5670 1648 5751 γηλόφων
1703 5666 2120 5746 πεπολισμέναι,
2194 5668 2443 5722 τοιοότον
2526 5665 2710 5738 μέντοι
2752 5660 2905 5719 οὐδὲν
2981 5685 3035 5720 τι
3110 5664 3200 5721 καὶ
3277 5664 3640 5746 διαπέπραχε,
