4116 6206
423 351 540 412 739

1737 349 1859 410 NIC
1871 349 2045 410 ΕΤΑΞ
2088 349 2516 412 ΟΗΟΝΙΑΤᾹΞ

3726 356 3856 415 ’740

425 505 732 547 manorum
758 503 887 561 qua
944 489 1244 559 acceperat
1301 487 1445 543 satis
1505 485 1720 543 habere
1761 486 1973 542 virium
2003 484 2070 541 ad

2186 483 2276 539 καὶ
2327 483 2376 540 εί
2432 482 2847 548 διαπετάσαντες
2901 486 2998 548 τὰς
3054 485 3233 550 πύλας
3289 487 3450 542 αὐτὸν
3482 482 3820 557 εἰσδέξονται

417 580 710 652 juvandos
740 579 986 634 conatus
1016 592 1155 632 suos
1183 581 1346 632 ratus
1375 575 1534 647 (nam
1579 576 1859 632 Romanis
1903 574 2076 647 legio-

428 671 606 724 nibus
638 669 868 722 tantum
903 681 1016 721 non
1052 665 1269 721 ﬁdebat
1299 672 1360 720 ut
1398 665 1484 721 eis
1541 665 1852 722 consilium
1903 679 2074 720 suum

425 755 654 828 aperire
685 754 942 825 auderet)
973 755 1240 810 eamdem
1271 753 1426 810 viam
1457 762 1516 810 et
1546 755 1671 826 ipse
1695 753 1922 826 ingredi
1965 757 2078 808 sta-

421 843 536 899 tuit
565 860 694 915 qua
727 844 1014 899 Isaacium
1044 845 1115 898 ad
1151 843 1462 914 imperium
1497 842 2080 916 perduxisset.lgitur

423 949 704 1005 magnum
737 933 794 989 S.
829 933 1060 1004 Sophia;
1095 932 1372 1005 templum
1407 933 1728 1004 ingressus,
1769 934 1828 987 in
1883 931 2078 987 medio

421 1026 589 1078 stans
612 1037 782 1093 opem
809 1020 1232 1077 introeuntium
1257 1027 1462 1077 contra
1488 1022 1745 1093 iniquam
1769 1025 1825 1077 et
1849 1036 2077 1092 perver-

424 1128 544 1169 sam
577 1112 946 1184 imperatoris
987 1112 1156 1178 iram,
1190 1128 1364 1182 quem
1416 1113 1580 1168 nulla
1629 1129 1689 1167 re
1737 1111 2080 1167 offendisset

423 1217 614 1272 neque
645 1201 964 1272 quidpuam
1005 1210 1210 1271 praeter
1269 1201 1550 1256 mandata
1607 1204 1664 1257 et
1722 1199 2075 1256 voluntatem

419 1291 550 1360 ejus
581 1289 833 1354 fecisset,
871 1289 1233 1360 implorat,et
1265 1305 1356 1345 res
1378 1293 1578 1361 gestas
1600 1305 1742 1345 suas
1782 1288 2076 1344 celebrare

417 1377 682 1435 instituit
710 1395 723 1433 :
760 1399 789 1427 «
821 1382 910 1432 An
941 1377 1245 1450 ignoratis,
1281 1378 1496 1449 inquit,
1537 1377 1668 1447 viri,
1701 1393 1878 1450 quam
1912 1378 2076 1432 forti-

419 1477 506 1526 ter
527 1469 585 1524 in
615 1467 788 1524 bellis
813 1483 905 1524 me
925 1469 1204 1542 gesserim
1228 1467 1257 1522 ?
1278 1474 1343 1524 ut
1364 1467 1565 1524 hostes
1590 1467 1806 1523 iterum
1857 1483 1924 1523 ac
1953 1472 2075 1522 ter-

419 1557 561 1614 tium
598 1557 892 1613 industria
917 1573 1048 1612 mea
1079 1555 1454 1628 superarim?
1488 1579 1512 1610 ι
1550 1559 1617 1613 Et
1676 1557 1956 1630 populum
2003 1557 2074 1612 ad

421 1645 770 1702 seditionem
799 1645 1070 1702 concitat.
1139 1644 1209 1700 Ut
1266 1649 1462 1701 autem
1525 1661 1586 1701 se
1620 1645 1766 1701 nihil
1799 1645 2079 1717 proiicere

422 1734 677 1805 videbat,
710 1733 1085 1806 promissaah
1112 1732 1463 1806 imperatore
1504 1733 1854 1805 impunitate
1875 1733 2080 1806 coeptis

425 1824 670 1890 destitit,
729 1824 930 1879 eadem
991 1823 1310 1895 cupiditate
1361 1823 1747 1878 nihilominus
1805 1828 2074 1890 retenta;

421 1913 592 1983 cujus
623 1912 776 1968 492
835 1918 960 1966 tum
1015 1911 1312 1982 eXplendm
1369 1913 1675 1968 occasione
1733 1913 1886 1979 data,
1935 1927 2069 1967 cum

423 2002 600 2058 totius
631 2002 743 2056 dux
775 2002 1062 2056 exercitus
1095 2005 1251 2056 esset
1281 2000 1632 2067 declaratus,
1661 2017 1788 2072 qua:
1821 2001 1918 2056 diu
1951 1999 2070 2055 ani-

419 2107 514 2147 mo
546 2090 759 2147 celarat
788 2091 846 2145 in
879 2093 1148 2162 apertum
1197 2089 1459 2161 protulit.
1513 2089 1904 2162 Cognatisque
1944 2088 2069 2146 suis

416 2179 476 2235 in
515 2179 831 2236 consilium
892 2178 1193 2244 adhibitis,
1243 2181 1342 2251 qui
1394 2179 1856 2251 AdrianOpolim,
1917 2189 1976 2234 ut
2016 2182 2072 2234 et

421 2269 570 2341 ipse,
605 2269 852 2342 patriam
887 2269 1202 2335 habebant,
1266 2267 1468 2324 multis
1515 2275 1571 2323 et
1611 2268 1944 2339 potentibus
1986 2267 2070 2322 vi-

421 2360 526 2428 ris,
558 2360 798 2415 rubrum
855 2359 1115 2414 calceum
1173 2358 1412 2426 induit;
1473 2363 1648 2429 atque
1707 2359 1839 2413 inde
1872 2359 1929 2413 in
1964 2375 2070 2429 pa-

423 2447 598 2504 triam
631 2449 953 2520 digressus,
1005 2451 1062 2501 et
1118 2446 1190 2500 ab
1247 2446 1408 2502 omni
1469 2447 1720 2502 exercitu
1755 2447 2072 2518 imperator

424 2536 738 2606 salutatus,
770 2537 841 2590 ad
877 2531 1082 2590 urbem
1137 2533 1571 2606 imperatriccm
1631 2533 1954 2602 contendit,
2014 2538 2074 2590 et

423 2626 636 2685 castris
668 2625 736 2680 ad
769 2622 1019 2680 exterius
1051 2623 1445 2695 Philopatium
1472 2621 1683 2694 positis
1703 2623 2070 2694 vespericum

424 2712 903 2773 instructissimis
961 2712 1146 2784 capiis
1197 2713 1266 2767 ad
1328 2711 1544 2766 mmnia
1609 2711 1856 2781 accedit,
1922 2726 2072 2782 equo

426 2806 596 2878 plane
627 2804 793 2876 nigro
847 2801 1135 2869 insidens,
1199 2801 1312 2858 nisi
1366 2800 1525 2873 quod
1571 2800 1631 2856 in
1663 2801 1849 2857 fronte
1881 2801 2072 2858 albam

427 2895 721 2952 maculam
751 2894 936 2950 instar
967 2891 1191 2948 lunaris
1222 2891 1378 2947 orbis
1427 2891 1700 2958 habebat,
1731 2895 1788 2946 et
1831 2890 2076 2962 impera-

423 2986 602 3044 torios
642 2984 860 3040 milites
881 2988 939 3038 ct
959 2983 1135 3050 cives,
1177 2984 1274 3054 qui
1301 2999 1368 3038 ex
1393 2980 1808 3037 mmnibusilla
1845 2987 2072 3052 specta-

426 3072 782 3143 hant,simul
813 3078 869 3130 et
901 3076 1099 3128 monet
1127 3078 1183 3127 et
1216 3070 1392 3127 minis
1422 3075 1618 3126 terret.
1651 3069 1796 3126 Nam
1821 3069 1866 3126 si
1891 3070 2073 3142 portis

431 3164 650 3238 apertis
669 3164 820 3220 ultro
854 3165 910 3219 in
945 3166 1137 3234 partes
1178 3177 1316 3216 suas
1372 3158 1792 3228 concesserint,
1825 3164 2076 3216 servato-

433 3271 556 3312 rem
591 3257 649 3310 et
678 3252 1094 3309 benefactorem
1122 3250 1427 3307 habituros
1456 3250 1583 3319 ;sin
1608 3265 1709 3322 per
1746 3250 1993 3321 januam
2019 3252 2078 3306 et

431 3361 548 3401 non
581 3341 750 3400 aliter
779 3341 1002 3414 ingredi
1061 3339 1317 3413 cupienti
1373 3339 1714 3407 restiterint,
1765 3339 1968 3411 utique
2024 3337 2075 3395 si

431 3429 583 3488 clam
615 3430 920 3502 ingressus
973 3432 1028 3484 et
1089 3426 1403 3500 imperium
1460 3426 1770 3482 latrocinio
1820 3425 2074 3498 quodam

429 3523 780 3577 consecutus
812 3516 1006 3584 fuerit,
1031 3532 1094 3572 se
1124 3531 1364 3572 causam
1393 3515 1731 3572 habiturum
1755 3514 1840 3571 sic
1864 3515 2075 3587 agendi

427 3625 563 3666 cum
593 3609 678 3664 eis
704 3611 769 3662 ut
798 3607 1086 3662 immanes
1120 3606 1271 3671 ferte,
1322 3621 1450 3676 quas
1499 3603 1686 3676 pulsis
1743 3603 2074 3676 pastoribus

428 3696 629 3754 caulas
661 3695 1063 3768 perfregerint.
1097 3695 1231 3760 Quae
1261 3710 1396 3750 cum
1421 3693 1728 3764 jactasaet,
1759 3692 1882 3748 acie
1920 3691 2078 3748 velut

427 3787 500 3844 ad
533 3801 790 3859 pugnam
823 3785 1111 3840 instructa
1145 3783 1203 3838 in
1229 3787 1421 3839 castra
1443 3783 1772 3838 revertitur.
1791 3782 2076 3838 Postridie

423 3876 552 3936 sole
583 3880 706 3932 orto
729 3875 882 3931 498
915 3890 1122 3930 rursus
1153 3872 1226 3929 ad
1257 3872 1420 3928 urbis
1472 3872 1685 3927 mmnia
1725 3871 1985 3939 accedit;
2019 3875 2076 3927 et

427 3963 782 4032 exercitu,ad
812 3966 1140 4019 terrestrem
1201 3966 1450 4033 portam,
1508 3975 1630 4032 quae
1677 3959 1900 4016 Charsii
1935 3959 2074 4016 dici-

426 4053 610 4124 tur,in
634 4053 903 4110 dextrum
926 4050 1210 4108 etlaevum
1252 4066 1434 4106 cornu
1481 4049 1785 4119 instructo,
1820 4051 2072 4106 mediam

425 4139 780 4214 phalangem
809 4139 934 4212 ipse
961 4137 1232 4194 obtinens
1252 4137 1446 4209 c0pias
1468 4135 1610 4192 urbe
1629 4137 1847 4192 etl‘usas
1869 4151 2072 4209 aggre-

429 4231 608 4286 ditur.
671 4230 991 4300 lmperator
1046 4226 1204 4284 enim
1262 4242 1402 4283 suos
1454 4225 1669 4284 milites
1751 4242 1866 4284 non
1941 4233 2074 4282 tan-

416 4319 714 4376 tumintra
745 4322 945 4390 portas
1002 4317 1165 4374 urbis
1221 4316 1562 4388 collocarat,
1591 4318 1691 4372 sed
1755 4324 1813 4372 et
1846 4323 2068 4388 partem

417 4425 596 4480 quam
617 4405 960 4478 longissime
981 4422 1287 4463 excurrere
1305 4411 1466 4462 extra
1484 4405 1672 4462 fossas
1689 4412 1902 4464 etcum
1931 4407 2068 4464 hos—

414 4495 574 4552 tibus
596 4495 870 4566 congredi
894 4500 951 4552 et
976 4495 1248 4566 fatigitos
1291 4494 1568 4552 hostibus
1613 4496 1962 4568 urgentibus
1991 4497 2063 4552 ad

2185 575 2407 648 σωτῆρά
2451 595 2512 630 τε
2555 574 2650 630 καὶ
2705 575 2994 652 εὐεργέτην
3055 573 3398 650 εὑρήσουσιν
3432 575 3483 632 εἲ
3512 571 3572 631 δὲ
3612 572 3705 631 διά
3732 578 3836 644 τῆς

2186 662 2352 738 θύρας
2410 664 2630 720 εἰσιόντι
2688 665 2780 721 καὶ
2835 665 2914 739 μὴ
2981 661 3282 720 ἀναϐαίνειν
3341 663 3662 741 ἀλλαχόθεν
3733 665 3853 730 ἐθέ-

2185 750 2336 807 λοντι
2411 749 2679 809 ἀντιϐαῖεν
2757 750 2940 825 δήπου
3030 753 3123 810 καὶ
3225 755 3548 822 ἀντισταῖεν,
3626 754 3852 818 πάντως

2183 837 2388 914 κλέψας
2445 844 2544 912 τὴν
2605 840 2816 898 εἴσοδον
2883 845 2974 900 καὶ
3035 843 3338 919 λῃστεύσας
3393 843 3496 912 τὴν
3558 842 3852 918 βασιλείαν

2182 927 2361 984 ἐκεῖνα
2413 930 2830 1008 ἁνεπεγκλήτως
2887 931 3176 1008 ἰργάσαιτο
3233 933 3410 990 ὁπόσα
3438 933 3530 988 καὶ
3583 931 3852 1006 ὠμησταὶ

2185 1025 2348 1091 θῆρες
2393 1020 2518 1082 τοὺς
2567 1022 2835 1094 ποιμένας
2889 1028 3275 1097 παρωσάμενοι
3328 1021 3422 1078 καὶ
3485 1023 3564 1096 μή
3613 1020 3704 1077 διά
3741 1030 3852 1093 τῆς

2182 1106 2358 1176 αὐλῆς
2405 1111 2514 1162 τῶν
2563 1104 2876 1184 προϐάτων,
2931 1107 3060 1165 ἀλλ’
3108 1111 3366 1184 ἑτέρωθεν
3423 1112 3558 1167 εἲσω
3613 1113 3856 1189 παριόνο

2180 1215 2290 1256 τες.
2345 1199 2528 1252 Ταῦτα
2580 1199 2673 1253 καὶ
2729 1201 2940 1254 τοιαῦθ’
3008 1196 3166 1274 ἕτερα
3233 1199 3696 1277 μεγαλαυχήσας,
3755 1201 3857 1256 καὶ

2182 1285 2294 1358 ἅμα
2369 1287 2662 1362 παράταξιν
2736 1285 3109 1362 ἐνδειξάμενος
3193 1290 3385 1352 ὁποίας
3458 1289 3624 1368 χρεία
3723 1296 3854 1352 τοῖς

2181 1372 2582 1447 ἐτοιμασθεῖσιν
2629 1375 2708 1438 εἲς
2756 1375 3031 1451 πόλεμον,
3081 1379 3218 1452 πρὸς
3263 1379 3324 1434 τὸ
3372 1377 3574 1433 οῗκεῖον
3609 1381 3858 1454 στρατό-

2182 1460 2343 1518 πεδον
2380 1465 2461 1536 [Ρ.
2495 1466 2618 1538 242]
2663 1465 3012 1536 ὑπενόστησε.
3078 1470 3163 1542 Τῇ
3224 1464 3270 1522 δ’
3329 1467 3560 1542 ἐπιούσῃ
3593 1466 3715 1543 ἄρτι
3750 1474 3860 1524 τοῦ

2183 1551 2349 1622 ἡλίου
2401 1552 2468 1606 τά
2518 1553 2624 1625 ἑῷα
2682 1550 3150 1628 φαυσιόολοῦντος
3202 1557 3338 1630 πρὸς
3405 1561 3524 1619 τοῖς
3601 1557 3859 1634 τείχεσιν

2183 1641 2336 1703 αὖθις
2364 1647 2465 1710 τῆς
2494 1639 2714 1704 πόλεως
2765 1643 2999 1720 γίνεται,
3047 1645 3178 1700 κάπὶ
3225 1651 3345 1710 ταῖς
3394 1645 3683 1721 χερσαίαις
3739 1647 3864 1702 πύ-

2184 1726 2308 1792 λαις
2365 1729 2648 1800 ἀντιτάξας
2703 1733 2804 1802 τήν
2862 1734 3139 1808 στρατιάν,
3193 1731 3250 1788 αἵ
3295 1738 3393 1790 τοῦ
3451 1734 3698 1808 Χαρσίου
3754 1733 3859 1790 λὲο

2185 1838 2392 1894 γονται,
2452 1817 2528 1880 εἷς
2588 1817 2758 1888 δεξιὸν
2813 1821 2904 1875 καὶ
2963 1821 3242 1896 εὐώνυμον
3297 1822 3457 1898 κέρας
3487 1825 3661 1892 αὐτὴν
3696 1820 3857 1878 διαιο

2182 1913 2288 1982 ρεῖ,
2343 1908 2432 1962 καὶ
2489 1909 2552 1962 τὸ
2614 1909 2777 1981 μέσον
2859 1909 3026 1973 αὐτὸς
3107 1909 3322 1986 ἐπέχων
3386 1919 3485 1982 τῆς
3554 1911 3857 1992 φάλαγγος

2179 1993 2364 2074 ἐφίησι
2399 2001 2514 2058 τοϊς
2571 1994 2929 2075 ἐκχεομένοις
2991 2006 3092 2070 τῆς
3145 2000 3366 2062 πόλεως
3425 2009 3681 2079 στρατοῖς
3709 2023 3861 2076 συμ-

2179 2084 2491 2140 πλέκεσθαι.
2551 2083 2690 2144 Οὐδὲ
2745 2086 2847 2163 γὰρ
2911 2089 3076 2162 μόνον
3134 2089 3286 2152 ἐντὸς
3345 2095 3454 2146 τῶν
3510 2089 3702 2147 πυλῶν
3743 2097 3862 2162 τῆς

2179 2171 2396 2235 πόλεως
2437 2173 2500 2228 τὸ
2550 2173 2887 2250 ὑπερπονοῦν
2939 2177 3133 2233 ἑαυτοῦ
3184 2181 3510 2254 κατεμέρισε
3559 2179 3856 2254 βασιλεὺς,

2181 2262 2294 2320 ἔστι
2347 2261 2394 2318 δ’
2451 2265 2480 2319 ὃ
2531 2267 2619 2320 καὶ
2676 2271 2784 2322 τῶν
2833 2274 3032 2344 τειχῶν
3090 2266 3292 2334 ἄνωθεν
3349 2271 3594 2342 ἐπέταξεν
3616 2271 3855 2348 ἐφεστά-

2179 2374 2285 2423 ναι,
2361 2352 2507 2410 ἀλλᾶ
2579 2356 2669 2410 καὶ
2759 2356 2923 2432 μέρος
3025 2355 3456 2434 ἀποδιελόμενος
3556 2361 3858 2433 ἐπέτρεψεν

2181 2441 2446 2498 έπεκθέειν
2501 2441 2692 2514 ἔξωθεν
2755 2446 3032 2503 ἑκαστάτω
3115 2455 3218 2518 τῆς
3300 2450 3507 2528 τάφρου
3571 2451 3661 2505 καὶ
3720 2457 3854 2513 τοῖς

2181 2529 2475 2616 πολεμίοις
2507 2533 2583 2596 ὡς
2627 2533 2744 2589 ένον
2789 2535 3186 2616 ἀντ·φέρεσθαι.
3249 2538 3310 2595 Εἰ
3361 2537 3420 2595 δέ
3474 2561 3539 2615 γε
3587 2541 3854 2613 κάμωσιν

2180 2615 2574 2696 ἐπιϐρισάντων
2632 2627 2741 2678 τῶν
2823 2615 3102 2697 ἐναντίων,
3187 2631 3552 2704 προσρύεσθαι
3607 2628 3859 2704 παρῄνει

2181 2715 2298 2773 τοῖς
2355 2714 2618 2790 τείχεσιν,
2678 2712 2828 2778 ὅπως
2893 2715 2950 2770 οἷ’
2999 2720 3108 2772 τῶν
3167 2713 3562 2796 πυργοϐάρεων
3643 2718 3856 2775 ἄνωθεν

2184 2797 2369 2864 αὐτοῖς
2422 2799 2795 2876 ἐπαμύνωσιν.
2847 2805 2995 2868 Ἕως
3072 2807 3168 2880 μὶν
3235 2808 3328 2862 οὗν
3412 2811 3684 2882 σταθηρᾶς
3747 2831 3857 2882 με-

2183 2883 2458 2966 σημϐρίας
2502 2891 2771 2966 τοξασμοὶ
2849 2893 2940 2948 καὶ
3015 2889 3418 2970 ἀκροϐολισμοὶ
3477 2899 3608 2973 παρ’
3664 2898 3859 2954 ἑκατέ-

2185 2998 2292 3054 ρων
2349 2977 2600 3054 έγίνοντο
2654 2985 2762 3037 τῶν
2820 2983 3022 3059 μερῶν,
3077 2985 3168 3040 καὶ
3229 2985 3406 3062 βραχύ
3455 3007 3508 3042 τι
3562 2989 3658 3062 μὲν
3710 2985 3854 3064 ἄχρι

2179 3068 2329 3132 τινὸς
2375 3066 2632 3143 ἐκράτουν
2675 3074 2785 3126 τῶν
2839 3075 2938 3127 τοῦ
2983 3073 3254 3148 βασιλέως
3302 3075 3354 3129 οἱ
3405 3079 3506 3130 τοῦ
3559 3079 3743 3150 Βρανᾶ
3771 3077 3853 3140 ὡς

2183 3154 2446 3232 πολέμων
2501 3153 2779 3236 ἔμπειροι,
2837 3163 2928 3216 καὶ
2983 3163 3190 3218 τούτων
3245 3164 3483 3238 μάλιστα
3540 3167 3595 3221 οἱ
3657 3167 3851 3222 ἐκτοῦ

2184 3250 2476 3302 Δατινικοῦ
2560 3251 2785 3318 πεζικοῦ
2874 3252 3338 3328 συγκροτούμενοι
3406 3253 3654 3333 στίιρους,
3725 3254 3848 3310 ἐπεὶ

2184 3333 2275 3389 καὶ
2325 3332 2378 3390 οἵ
2432 3341 2549 3398 τοῖς
2608 3337 2770 3406 ζῶσιν
2818 3335 2894 3393 ἔτι
2953 3340 3371 3411 συνεξητάζοντο
3401 3340 3463 3398 ix
3488 3332 3589 3399 τοῦ
3620 3349 3846 3418 ζωγρη-

2185 3425 2369 3490 θέντος
2424 3423 2718 3483 Σικελικοῦ
2777 3427 3205 3503 στρατεύματος,
3259 3433 3486 3494 τούτους
3517 3434 3546 3488 ὁ
3578 3433 3844 3509 βασιλεὺς

2183 3520 2282 3584 τῆς
2327 3519 2565 3592 φρουρᾶς
2616 3517 2757 3580 ἀνεὶς
2814 3518 2904 3573 καὶ
2967 3515 3181 3594 δεσμῶν
3238 3520 3329 3576 καὶ
3359 3521 3664 3596 ὁπλισμοῖς
3708 3523 3846 3579 ὑπα-

2183 3608 2366 3684 γαγὼν
2421 3610 2558 3684 πρὸς
2615 3611 2821 3686 Βρανᾶν
2883 3611 3169 3668 ἀπέστειλε
3226 3616 3326 3684 τήν
3395 3614 3446 3680 ές
3498 3616 3590 3672 τὸν
3661 3616 3842 3692 Αἷμον

2186 3696 2574 3771 στελλόμενον,
2632 3701 2722 3754 καὶ
2778 3700 2916 3769 ἦσαν
2977 3702 3239 3776 κρατίστη
3300 3703 3512 3784 φάλαγξ
3565 3711 3673 3761 τῶν
3707 3707 3834 3780 περὶ

2184 3789 2346 3844 αὐτὸν
2407 3792 2626 3861 πεζικὴ,
2703 3792 2914 3864 ἱππικῷ
2987 3794 3164 3868 θυρεῷ
3232 3795 3322 3850 καὶ
3383 3794 3516 3875 ξίφει
3569 3798 3828 3867 ἓπιμήκει

2183 3879 2274 3934 καὶ
2349 3876 2536 3954 δόρατι
2603 3880 2829 3956 έγχὴρει
2886 3883 3272 3960 φραττόμενοι.
3337 3880 3831 3955 Ἐπιὸοηθῆσαντος

2187 3966 2244 4024 δὲ
2291 3971 2378 4024 καὶ
2428 3972 2526 4024 τοῦ
2581 3970 2718 4026 κατὰ
2772 3976 2907 4046 σφᾶς
2957 3973 3281 4036 ἱππεύοντος
3343 3975 3637 4050 τάγματος,
3696 3974 3838 4029 κατὰ

2183 4059 2378 4131 κράτος
2421 4057 2564 4113 οὕτω
2600 4059 2728 4121 τοὺς
2779 4059 2828 4130 ἐξ
2886 4059 3073 4124 ἄστεος
3137 4064 3424 4138 τρέπονται
3482 4065 3556 4126 ὡς
3613 4063 3839 4134 καὶτὴν

2181 4147 2384 4223 τάφρον
2453 4147 2678 4212 ἄκοντας
2736 4144 2992 4220 διαϐῆναι
3046 4153 3137 4206 καὶ
3193 4157 3500 4230 προσφῦναι
3553 4159 3674 4216 τοῖς
3726 4154 3842 4209 τεί-

2182 4256 2357 4312 χεσιν’
2415 4234 2690 4310 ἐπήμυνον
2741 4235 2798 4294 δὲ
2847 4238 3030 4302 αὐτοῖς
3069 4241 3121 4295 οἱ
3166 4246 3274 4296 τῶν
3321 4246 3525 4321 τειχῶν
3569 4243 3839 4320 ὑπερφαι-

2179 4326 2416 4400 νόμενοι.
2472 4327 2574 4384 Καὶ
2632 4329 2699 4382 τὰ
2755 4329 2850 4401 μὶν
2904 4335 3005 4399 τῆς
3064 4331 3182 4395 τόθ’
3246 4329 3448 4406 ἡμέρας
3503 4331 3558 4386 έν
3615 4332 3838 4396 τούτοις

2179 4411 2390 4488 ἔληξεν·
2425 4415 2724 4492 ἀνοχεύσας
2775 4414 2822 4472 δ’
2873 4415 2952 4496 ἐφ’
3014 4419 3250 4495 ἡμέραις
3307 4419 3466 4477 πέντε
3507 4421 3604 4486 τὰς
3636 4421 3842 4486 οἰκείας

2180 4499 2435 4578 δυνάμεις
2494 4505 2522 4558 ὁ
2559 4525 2819 4581 τύραννος
2875 4511 2986 4563 τῶν
3043 4507 3220 4564 αὐτῶν
3279 4511 3369 4565 καὶ
3427 4509 3596 4566 πάλιν
3648 4510 3841 4586 ἔχεται

417 4582 636 4638 mmnia
655 4583 1208 4654 refugerejusserat,
1243 4589 1307 4638 ut
1349 4583 1422 4638 ab
1463 4583 1535 4639 iis
1582 4584 1682 4655 qui
1719 4587 1774 4640 in
1801 4586 2062 4643 turribus

2179 4595 2374 4664 πόνων,
2433 4600 2552 4658 τοῖς
2609 4591 2932 4670 περιϐόλοις
2991 4597 3215 4664 ἐπιστάς
3241 4606 3342 4670 τῆς
3372 4600 3610 4665 πόλεως.
3647 4582 3842 4658 Ιίοιῶν

419 4671 1104 4742 starentjuvarcntur.Ac
1129 4687 1312 4742 usque
1331 4673 1402 4727 ad
1422 4672 1724 4728 meridiem
1748 4675 1974 4745 sagittis
2004 4680 2063 4732 et

411 4757 627 4832 jaculis
651 4758 924 4830 utrinque
948 4759 1289 4815 dimicatum
1313 4763 1422 4829 est,
1455 4761 1651 4816 Bronze
1683 4762 1933 4820 factione
1955 4765 2061 4822 ali-

415 4850 678 4924 quandiu
713 4849 980 4906 nonnihil
1002 4849 1304 4921 superiore
1325 4850 1398 4905 ob
1418 4849 1550 4905 belli
1577 4868 1770 4917 usum,
1795 4857 1971 4926 atque
2002 4855 2059 4912 in

412 4956 481 4997 ea
508 4938 850 4996 Latinorum
912 4939 1171 5011 peditatu
1226 4937 1622 5010 potissimum.
1683 4939 1826 4998 Nam
1865 4943 1963 5013 qui
1993 4959 2060 5000 ex

407 5030 604 5088 Siculo
635 5029 885 5086 exercitu
917 5029 985 5084 ad
999 5031 1111 5084 huc
1134 5028 1193 5083 in
1219 5028 1362 5084 vivis
1397 5032 1582 5094 erant,
1615 5045 1715 5086 eos
1744 5029 2062 5103 imperator

409 5120 677 5177 custodia
706 5125 764 5175 et
792 5117 1042 5176 vinculis
1070 5117 1350 5174 liberatos
1374 5117 1556 5174 armis
1575 5119 1724 5174 datis
1757 5119 1956 5177 Brants
1987 5125 2057 5179 ad

408 5208 669 5267 Haemum
701 5208 1095 5282 proﬁciscenti
1133 5207 1392 5276 miserat,
1425 5207 1522 5280 qui
1583 5209 1862 5282 optimam
1913 5211 2057 5283 pha-

409 5298 643 5370 langem
677 5298 1005 5371 pedestrem
1039 5296 1368 5370 eXplebant,
1401 5303 1570 5354 scuto
1608 5301 1887 5371 equestri,
1922 5319 2060 5373 prae-

406 5385 583 5458 longo
613 5404 754 5443 ense
784 5391 842 5443 et
873 5387 1071 5443 lancea
1102 5387 1333 5444 armati.
1369 5389 1510 5442 Cum
1544 5393 1737 5444 autem
1786 5392 2056 5463 equitum

412 5488 646 5544 quoque
679 5483 880 5531 turmas
913 5476 986 5532 iis
1015 5491 1182 5548 opem
1215 5475 1698 5544 tulisset,urbani
1739 5477 1790 5532 vi
1838 5479 2060 5552 pellun-

411 5565 530 5630 tur,
563 5564 622 5616 et
649 5563 916 5632 quamvis
943 5563 1132 5631 inviti,
1165 5563 1323 5620 fossa
1381 5569 1678 5636 superata,
1729 5566 1799 5621 ad
1848 5569 2058 5627 mmnia

410 5663 473 5706 se
513 5647 824 5720 recipiunt,
880 5652 1414 5724 propugnatoribus
1471 5669 1572 5711 eos
1629 5653 2053 5726 adjulantibus.

2173 4681 2220 4738 δ’
2269 4679 2534 4764 ἐπίφοϐον
2583 4690 2700 4747 τοῖς
2753 4685 3009 4750 ἀστυκοῖς
3067 4689 3258 4744 ἑαυτὸν
3309 4689 3402 4744 καί
3434 4687 3839 4761 διαστασιάζειν

2168 4774 2234 4829 τά
2264 4770 2418 4828 ἔνδον
2449 4775 2818 4849 πειρώμενος,
2853 4779 3048 4851 μοῖράν
3106 4798 3228 4834 τινα
3288 4786 3389 4849 τῆς
3442 4781 3639 4836 εαυτοῦ
3671 4801 3840 4855 στρα-

2169 4867 2288 4926 τιᾶς
2337 4861 2713 4939 παρελόμενος
2761 4863 3025 4939 ἐκπέμπει
3083 4868 3220 4924 κατὰ
3266 4871 3365 4938 τήν
3415 4869 3635 4946 βόρειον
3679 4869 3836 4925 ἀντία

2168 4953 2416 5026 πορομον
2475 4960 2576 5023 τῆς
2634 4953 2852 5016 πόλεως
2927 4954 3187 5030 πλευράν,
3264 4959 3382 5028 ἣτις
3445 4959 3619 5035 πόρος
3685 4961 3830 5023 Βοός

2166 5039 2546 5112 κικλήσκεται,
2623 5042 2715 5120 ἀφ’
2787 5043 2856 5113 ἧς
2913 5048 3224 5124 καταφανής
3281 5045 3424 5102 ἐστιν
3483 5043 3724 5124 ἀκριϐῶς
3798 5051 3830 5104 ὁ

2169 5128 2337 5206 μέχρι
2413 5135 2520 5186 τῶν
2598 5129 2650 5186 ἕν
2732 5130 3068 5211 Βλαχὲρναις
3146 5134 3456 5209 ἀνακτόρων
3526 5138 3825 5212 συρόμενος

2167 5217 2456 5284 θαλάττιος
2515 5219 2708 5291 ὁλκὸς,
2779 5223 2868 5278 καὶ
2945 5222 3043 5279 ὅσα
3120 5225 3258 5300 πρὸς
3333 5225 3528 5300 ἄνεμον
3617 5227 3828 5304 Βορῥᾶν

2167 5306 2532 5364 έπινενεύκασι
2595 5310 2734 5385 μέρη
2785 5319 2888 5382 τῆς
2937 5310 3180 5377 πόλεως.
3233 5315 3336 5372 Καὶ
3385 5313 3446 5370 οἵ
3491 5337 3553 5393 γε
3608 5317 3668 5371 τὸ
3701 5316 3831 5372 ἐπι-

2165 5401 2542 5471 τετραμμένον
2594 5398 2742 5456 τέλει
2803 5397 3070 5475 διδόντες,
3129 5405 3256 5466 τοὺς
3315 5403 3487 5460 ἐκεῖσέ
3513 5427 3590 5477 πη
3625 5407 3834 5480 μετεώ-

2169 5509 2295 5564 ρους
2327 5486 2620 5568 γηλόφους
2677 5489 2920 5556 ἀνιόντες
2969 5493 3064 5556 τὰς
3118 5493 3358 5568 σημαίας
3411 5496 3726 5570 ἠνέμωσαν.
3769 5495 3832 5554 Ὁ

2167 5575 2226 5632 δὶ
2255 5575 2422 5646 ἣλιος
2477 5584 2603 5642 τοῖς
2659 5580 2890 5654 θώραξιν
2935 5580 3225 5654 ἐμπίπτων
3255 5584 3346 5640 καὶ
3373 5589 3491 5646 τοῖς
3522 5590 3631 5644 τῶν
3666 5605 3826 5661 στρα-

2164 5670 2378 5723 τιωτῶν
2449 5663 2824 5745 προσϐάλλων
2878 5671 3078 5750 θώραξι
3147 5675 3506 5747 νεοσμήκτοις
3561 5677 3678 5732 οὖσι
3735 5664 3823 5730 ιιαἰ
