4112 6218
279 367 393 427 741

1431 365 1536 426 DE
1578 361 1880 426 lSAAClO
1921 363 2246 424 ANGELO
2289 351 2434 424 LIB.
2481 363 2533 423 Ι.

3574 354 3692 427 ⁵742

275 495 456 560 λείοις
516 492 691 554 ἐποίει
760 495 1173 562 ἀποπάλλεσθαι
1237 496 1446 554 τούτων
1508 497 1646 553 κατά
1708 497 1934 572 καμπὴν

2059 496 2352 572 Tyrannus
2373 493 2506 554 vero
2523 497 2648 556 suis
2670 499 2739 555 ad
2765 500 2919 559 494
2950 499 3075 558 dies
3107 517 3143 556 v
3173 503 3445 560 recreatis
3488 521 3696 561 rursus

279 589 374 644 καὶ
419 584 683 642 ἐπάνοδον
740 591 851 642 τῶν
920 586 1146 643 ἀκτίνων
1219 587 1634 664 σελαγισμάτων
1702 585 1944 662 ἐκπυρη-

283 678 546 748 νίσματα,
607 675 686 738 ὡς
743 677 860 732 καθ’
939 675 1240 754 ὁμηγύρεις
1296 677 1387 732 τὸν
1451 675 1676 732 ἆστυκὸν
1745 673 1946 732 συλλέ-

283 777 472 844 γεσθαι
521 763 704 840 δῆμον
759 764 837 827 είς
887 767 952 821 τα
1008 765 1341 840 ἀνεστηκότα
1395 773 1495 837 τῆς
1561 765 1777 830 πόλεως
1834 767 1943 842 γή-

289 855 437 934 λοφα
464 855 553 910 καὶ
605 856 675 910 τὰ
721 856 1066 931 πραττόμενα
1111 857 1326 910 θεᾶσθαι
1392 855 1480 910 καὶ
1537 853 1627 910 διὰ
1683 855 1944 910 πλείστου

283 943 530 1008 τίθεσθαι
599 943 894 1019 θαύματος.
965 945 1117 1005 Μετὰ
1189 942 1246 1002 δὲ
1294 950 1454 1002 τοῦτο
1511 945 1604 1000 καὶ
1659 944 1786 1007 τοὺς
1841 951 1942 1015 τῆς

282 1031 658 1110 Προποντίδος
722 1034 1020 1110 οἰκήτορας
1108 1034 1184 1100 εἶς
1253 1033 1476 1099 ἑαυτοὺς
1551 1033 1942 1105 ἐπεσπάσαντο,

294 1121 349 1177 οτί
387 1121 578 1198 μάχης
614 1123 707 1194 μὲν
742 1121 804 1178 οὖ
834 1123 1029 1186 πάντες
1071 1121 1312 1200 ἵστορες,
1361 1125 1552 1195 κώπην
1605 1120 1654 1178 δ’
1701 1121 1944 1180 ἐλαύνειν

292 1211 620 1285 παμπληθεῖ
679 1211 912 1286 ἄριστοι.
971 1213 1127 1277 Ὅθεν
1179 1214 1248 1269 τὰ
1313 1215 1449 1288 πρὸς
1510 1211 1720 1288 ἰχθῦων
1780 1210 1942 1288 ἄγραν

294 1302 424 1376 παρ’
473 1301 652 1356 αὐτῶν
718 1302 1140 1376 ναυπηγούμενα
1205 1303 1381 1381 σκάφη
1453 1303 1530 1364 εἷς
1597 1309 1948 1376 πολεμιστη-

293 1392 450 1469 ρίους
508 1389 904 1466 συνεκρότησαν
997 1391 1146 1446 οὗτοι
1210 1395 1359 1460 ναῦς,
1448 1391 1618 1447 σανίσι
1688 1389 1945 1465 παχείαις

289 1476 618 1555 ἑκατέρωθεν
675 1479 813 1535 αὐτὰ
869 1476 1238 1559 διειληφότες,
1299 1481 1386 1535 καὶ
1455 1481 1507 1536 οἱ
1569 1481 1662 1553 μὲν
1719 1476 1947 1557 σφενδό-

286 1592 406 1634 ναις
451 1569 783 1639 ὡπλίσαντο,
835 1572 885 1624 oi
937 1566 994 1624 δὲ
1035 1569 1165 1641 τόξα
1214 1571 1304 1626 καὶ
1355 1570 1598 1646 γωρυτὸν
1661 1563 1942 1628 ἀνέλαϐον.

287 1663 392 1722 Καὶ
451 1661 628 1724 οὕτως
683 1662 762 1727 εἰς
819 1662 1074 1737 ἀρεϊκοὺς
1133 1659 1330 1736 ἃνδρας
1415 1661 1474 1718 ἐκ
1531 1659 1944 1718 δικτυοπλόκων

292 1751 812 1828 μετασκευασθέντες
889 1750 1025 1807 κατᾶ
1098 1754 1206 1806 τῶν
1286 1750 1585 1826 βασιλικῶν
1663 1753 1748 1825 [Ρ.
1819 1751 1946 1824 243]

295 1841 556 1922 ἰσχύουσι
603 1841 692 1897 καὶ
744 1844 1125 1916 κραταιοῦνται
1183 1839 1471 1916 τριηρέων,
1533 1837 1587 1894 α¹ί
1642 1841 1742 1910 τήν
1786 1837 1949 1903 πόλιν

301 1937 616 2005 περιιοῦσαι
679 1929 776 1993 τὰς
844 1929 904 1986 ἐκ
967 1933 1064 1986 τοῦ
1130 1930 1530 2006 στρατεύματος
1593 1932 1690 1984 τοῦ
1774 1932 1950 2004 Βρανᾶ

293 2020 608 2098 νυκτερινὰς
654 2017 884 2098 ἐφόδους
931 2019 1194 2075 ἐσκόπουν
1240 2019 1330 2076 καὶ
1383 2019 1608 2092 ἐτήρουν
1668 2017 1950 2092 ἐπιμελῶς

285 2111 382 2168 τὸν
413 2109 685 2185 πορθμὸν,
721 2109 798 2182 μή
831 2129 948 2171 πως
1011 2110 1110 2179 τήν
1156 2105 1245 2162 διὰ
1290 2113 1398 2163 τῶν
1443 2106 1715 2186 χερσαίων
1759 2103 1951 2162 πυλῶν

287 2196 532 2273 πάροδον
582 2201 611 2254 ὁ
667 2199 928 2274 τύραννος
988 2195 1260 2272 ἀπογνοὺς
1321 2195 1408 2252 διὰ
1465 2203 1573 2252 τῶν
1632 2196 1948 2273 παρακτίων

292 2289 462 2354 λάθοι
520 2283 733 2344 ἔνδοθεν
801 2285 1114 2364 παρεισδός.
1179 2288 1243 2343 Οἱ
1301 2284 1351 2342 δ’
1413 2286 1502 2344 ἐπὶ
1558 2293 1665 2344 τῶν
1731 2292 1951 2364 μακρῶν

292 2383 440 2450 νηῶν
503 2379 571 2434 τὰ
615 2377 708 2452 μὶν
752 2381 942 2452 πρῶτα
994 2378 1276 2452 μαίνεσθαι
1325 2375 1500 2450 ᾤοντο
1548 2377 1792 2453 ἀτεχνῶς
1821 2377 1951 2442 τοὺς

303 2473 414 2524 τῶν
457 2465 670 2542 ΐχθῦων
720 2465 1003 2544 ἆγρευτᾶς,
1071 2467 1117 2522 εί
1175 2464 1347 2530 οὕτως
1405 2464 1494 2522 ἐπὶ
1549 2473 1657 2523 τῶν
1709 2463 1950 2524 ἁλιάδων

310 2558 478 2632 μόλις
537 2555 858 2618 σαλεύοντες
928 2555 1210 2632 ἐγχρίψειν
1287 2555 1471 2618 αὐτοῖς
1547 2555 1948 2632 ἁπεθάρῥησαν·

299 2647 376 2709 ὡς
410 2642 468 2700 δὲ
497 2645 686 2718 καιρὸς
718 2643 1017 2716 ἐνειστήκει
1065 2648 1162 2700 τοῦ
1217 2643 1442 2720 βάλλειν
1487 2645 1576 2700 καὶ
1632 2643 1950 2720 βάλλεσθαι,

298 2735 354 2791 αἱ
391 2735 486 2808 μὶν
522 2733 660 2808 μετᾶ
709 2733 958 2809 βυκάνων
1007 2733 1096 2790 καὶ
1141 2731 1460 2810 σαλπίγγων
1507 2731 1728 2811 ἔξορμοι
1778 2735 1952 2810 γίνον-

292 2845 410 2895 ται,
441 2823 510 2879 τὰ
549 2819 608 2878 δὲ
659 2826 767 2878 τῶν
817 2823 1196 2880 ἇσπαλιευτῶν
1243 2824 1517 2898 πορθμεῖα
1557 2825 1707 2900 σιγῇ,
1760 2823 1849 2878 καὶ
1899 2825 1950 2877 ot

299 2913 388 2969 ἐπ’
443 2911 620 2968 αὐτῶν
669 2911 832 2986 μένεα
913 2911 1162 2976 πνέοντες
1219 2907 1446 2968 ἔτυπτον
1499 2913 1602 2982 τήν
1679 2910 1949 2976 θάλασσαν

295 2997 574 3078 ῗρετμοῖς,
631 2999 724 3054 καὶ
781 2995 1156 3074 συμϐαλόντες
1243 3000 1594 3076 ὑπερτεροῦσι
1639 3005 1747 3056 τῶν
1799 3000 1952 3056 ἀντι-

291 3088 492 3164 πάλων
526 3090 795 3164 μεγίστων
830 3094 1048 3164 σκαφῶν
1099 3089 1189 3145 καὶ
1241 3091 1365 3152 ταῖς
1411 3095 1511 3160 τῆς
1555 3087 1774 3155 πόλεως
1822 3089 1974 3172 ᾐόσι.

296 3176 675 3254 συγκλείουσι.
706 3177 791 3236 Τὰ
842 3179 937 3253 μὲν
985 3178 1086 3253 γάρ
1135 3175 1224 3234 διὰ
1272 3179 1336 3234 τὸ
1388 3179 1626 3250 μήκιστα
1674 3180 1810 3234 εἶναι
1859 3179 1950 3234 καὶ

2049 587 2284 644 eosdem
2313 587 2544 646 labores
2573 589 2952 663 oppugnandi
2984 591 3196 647 mania
3228 593 3696 666 capessit,simul

2051 678 2115 731 ut
2143 691 2206 732 se
2235 677 2476 732 urbanis
2509 677 2936 736 formidabilem
2970 684 3273 752 praeberet,
3307 682 3483 738 simul
3520 684 3695 741 etiam

2050 768 2118 820 ut
2139 765 2453 822 dissidium
2479 766 2630 824 inter
2660 767 2813 824 cives
2845 771 3092 825 exitaret
3120 793 3129 835 ;
3162 787 3227 826 ac
3263 776 3476 839 partem
3501 773 3700 843 copia-

2051 870 2180 909 rum
2215 854 2285 910 ad
2319 857 2774 927 septentrionale
2804 857 2958 914 latus
2992 859 3119 914 urbi
3151 860 3460 916 obversum
3495 860 3696 928 mittit,

2051 944 2150 1014 qui
2179 947 2474 1016 Bosporus
2503 945 2739 1002 dicitur.
2761 946 2919 1003 Unde
2943 953 3161 1005 tractus
3186 951 3362 1006 maris
3389 949 3484 1022 qui
3513 965 3698 1021 usque

2052 1034 2124 1092 ad
2150 1033 2561 1094 Blachernium
2594 1038 2879 1110 palatium
2913 1039 3164 1112 pertinet
3192 1047 3389 1113 aperte
3417 1043 3696 1108 cernitur,

2052 1128 2391 1197 ceteraeque
2422 1130 2616 1198 partes
2675 1128 2838 1182 urbis
2895 1145 3022 1200 quae
3081 1129 3154 1186 ad
3193 1131 3538 1200 Aquilonem
3571 1147 3697 1187 ver-

2053 1217 2218 1287 gunt.
2253 1215 2296 1268 Ii
2329 1229 2466 1287 ergo
2488 1215 2658 1285 jussa
2690 1225 3096 1289 exsequentes,
3127 1218 3349 1275 vexillis
3407 1219 3466 1274 in
3513 1219 3698 1276 altum

2053 1301 2242 1372 elatis,
2277 1303 2535 1360 tumulos
2565 1311 2874 1377 occupant.
2906 1311 2979 1362 At
3004 1306 3144 1363 solis
3171 1309 3317 1364 radii
3349 1311 3450 1380 qui
3481 1309 3535 1364 in
3559 1309 3697 1364 tho-

2055 1407 2217 1447 races
2248 1396 2304 1448 et
2333 1409 2499 1448 arma
2530 1392 2786 1450 militum
2827 1411 3027 1452 recens
3061 1395 3238 1467 pollta
3267 1402 3323 1452 et
3359 1397 3524 1453 laevia
3551 1399 3698 1454 inci-

2053 1481 2290 1551 debant,
2349 1482 2577 1538 retracti
2637 1484 2792 1555 ignis
2857 1485 3044 1542 instar
3097 1487 3452 1544 relucebant.
3499 1488 3700 1560 Itaque

2055 1572 2316 1626 urbanus
2347 1570 2598 1644 populus
2632 1575 2936 1630 turmatim
2965 1575 3024 1630 in
3049 1575 3323 1633 editiores
3345 1575 3520 1633 colles
3540 1577 3700 1634 urbis

2052 1656 2211 1716 illius
2241 1659 2560 1732 spectaculi
2593 1661 2780 1734 gratia
2809 1663 3144 1734 convolans,
3165 1681 3398 1720 summa
3442 1664 3700 1722 admira-

2053 1747 2209 1804 tione
2238 1748 2513 1804 afﬁcitur.
2575 1750 2791 1805 Deinde
2857 1752 3226 1824 Propontidis
3267 1753 3442 1809 etiam
3479 1753 3699 1812 incolas

2056 1840 2441 1906 attraxerunt,
2477 1854 2590 1894 non
2625 1839 2683 1893 in
2718 1856 2778 1894 re
2810 1841 3045 1896 militari
3077 1843 3174 1897 sed
3208 1841 3267 1897 in
3323 1841 3499 1898 remis
3530 1859 3702 1917 agen-

2056 1925 2147 1981 dis
2179 1927 2434 1983 maxime
2486 1943 2730 1984 numero
2778 1929 3307 1988 exercitatissimos.
3366 1932 3407 1988 Ii
3449 1934 3700 2006 scaphas

2055 2014 2127 2069 ad
2159 2015 2410 2086 piscium
2439 2021 2746 2088 capturam
2779 2018 3092 2074 fabricatas
3124 2019 3182 2075 in
3235 2037 3412 2076 naves
3460 2021 3700 2077 bellicas

2056 2111 2376 2168 mutarunt,
2410 2106 2562 2162 495
2618 2108 2849 2163 crassis
2886 2107 3104 2163 tabulis
3162 2109 3437 2181 utrinque
3484 2108 3695 2177 affixis,

2053 2191 2153 2248 alii
2187 2192 2406 2262 fundis,
2439 2193 2535 2249 alii
2567 2195 2820 2250 arcubus
2843 2198 2900 2250 et
2929 2195 3217 2267 pharetris
3248 2197 3476 2253 armati.
3509 2199 3698 2268 Atque

2055 2281 2135 2338 ita
2165 2298 2233 2338 ex
2257 2281 2648 2354 piscatoribus
2679 2283 2737 2338 in
2775 2283 3090 2340 Mavortios
3118 2285 3270 2341 viros
3319 2285 3528 2341 mutati
3559 2303 3692 2342 cum

2053 2371 2446 2444 imperatoriis
2479 2372 2812 2430 triremibus
2843 2373 3063 2430 fortiter
3099 2375 3400 2432 dimicant.
3433 2377 3567 2442 Quae
3601 2393 3696 2432 ur-

2054 2461 2185 2518 bem
2219 2462 2653 2519 circumeuntes
2684 2469 3002 2520 nocturnas
3037 2463 3240 2521 Branas
3277 2465 3700 2536 impressiones

2055 2553 2458 2618 observabant,
2493 2569 2559 2609 ac
2590 2555 2802 2610 fretum
2857 2553 3181 2626 diligenter,
3242 2556 3578 2624 tuebantur,
3622 2572 3698 2612 ne

2057 2642 2201 2699 forte
2229 2646 2512 2715 tyrannus
2545 2643 2855 2715 desperato
2912 2660 3016 2716 per
3043 2649 3341 2702 terrestres
3365 2651 3560 2716 portas
3612 2662 3702 2701 1n-

2057 2747 2264 2803 gressu
2295 2732 2445 2789 clam
2481 2749 2584 2802 per
2612 2731 2898 2789 littorales
2920 2734 3340 2806 ingrederetur.
3370 2736 3452 2790 Ac
3494 2735 3705 2808 princi-

2058 2819 2152 2893 pio
2178 2821 2497 2894 piscatores
2526 2821 2783 2878 insanire
2807 2821 2933 2892 visi,
2965 2822 3123 2894 quod
3142 2839 3292 2896 aegre
3313 2822 3372 2878 in
3415 2823 3700 2880 naviculis

2057 2910 2718 2983 ﬂuctuantesimpetum
2767 2911 3054 2984 inlongas
3108 2929 3281 2968 naves
3313 2914 3500 2970 facere
3521 2912 3704 2970 aude-

2058 3003 2188 3056 rent
2222 3017 2236 3056 :
2274 3001 2371 3056 ubi
2402 2999 2476 3056 ad
2505 3018 2670 3056 arma
2699 3006 2938 3058 ventum
2971 3005 3080 3069 est,
3113 3002 3396 3058 maximas
3441 3002 3698 3059 hostium

2021 3161 2026 3166 η
2057 3105 2232 3148 naves
2264 3105 2398 3146 cum
2423 3089 2684 3147 buccinis
2707 3096 2764 3148 et
2793 3091 2952 3148 tubis
2982 3091 3237 3148 invectas
3258 3091 3433 3149 tacite
3466 3091 3703 3165 quidem

2057 3179 2160 3234 sed
2192 3178 2420 3236 fortiter
2448 3180 2636 3236 adorti
2669 3183 2952 3252 superant
3011 3185 3069 3236 et
3125 3179 3182 3236 in
3243 3180 3465 3238 urbana
3510 3181 3709 3238 littora

296 3265 652 3326 δυσδιὲλικτα
681 3268 784 3324 οὐκ
831 3266 892 3324 ἐκ
933 3271 1030 3323 τοῦ
1080 3267 1270 3324 αὐτίκα
1319 3267 1542 3324 ἐκάκουν
1589 3269 1653 3326 τὸ
1701 3269 1948 3338 ἂνθιστοί-

2063 3267 2442 3339 compellunt.
2475 3269 2620 3326 Nam
2649 3247 2903 3341 eae-quia
2923 3269 3280 3342 longissimas
3311 3274 3554 3328 erantet
3587 3273 3705 3327 tar-

296 3378 478 3432 μενον,
518 3357 589 3414 τὰ
637 3355 696 3416 δὲ
752 3355 1106 3436 συμφορηδὸν
1154 3357 1376 3414 ἐπιόντα
1430 3359 1520 3414 καὶ
1579 3357 1768 3414 πολλᾶ
1825 3359 1950 3433 μίαν

292 3449 503 3524 τριήρη
573 3443 890 3522 συμμίγόην
944 3446 1223 3524 περιόντα,
1310 3445 1370 3502 ἔκ
1426 3468 1486 3502 τε
1540 3449 1794 3522 πρύμνης
1857 3448 1952 3504 καὶ

288 3537 522 3610 πρώρας
553 3537 642 3590 καὶ
693 3536 821 3608 παρ’
869 3534 1122 3614 ἑκάτερον
1173 3541 1368 3612 τοῖχον
1417 3537 1726 3612 μαχόμενα,
1773 3537 1846 3600 ὡς
1895 3534 1948 3593 ἒν

287 3625 609 3702 στενοπόρῳ
657 3627 894 3702 πορθμῷ
950 3626 1052 3696 τὴν
1109 3625 1261 3696 νίκην
1319 3627 1476 3706 εἶχον
1537 3624 1950 3702 ἐπινηχομὲνην

285 3715 482 3777 αὐτοῖς
537 3714 630 3772 καὶ
670 3713 928 3792 λαμπρῦν
987 3715 1218 3772 ἀνίστιιιν
1284 3715 1547 3791 τρόπαιον
1603 3721 1734 3790 (29).
1795 3715 1954 3774 Ἀλλ’

291 3806 406 3862 οὐκ
434 3802 489 3865 ἐς
521 3803 666 3860 πολῦ
707 3803 770 3859 τὸ
829 3803 890 3860 ἐκ
937 3811 1038 3874 τῆς
1091 3804 1262 3875 ἥττης
1319 3806 1518 3880 αἶσχος
1571 3805 1954 3882 ὑπενεγκόντες

288 3897 352 3950 οἱ
384 3899 482 3950 τοῦ
515 3891 714 3950 στόλου
745 3897 839 3950 τοῦ
877 3891 1144 3968 βασιλέως
1176 3893 1438 3966 παλίωξιν
1489 3899 1595 3950 τῶν
1645 3893 1956 3968 λεμϐαδίων

290 3983 532 4043 τιθέασι.
567 3985 726 4060 Τάχα
757 3982 802 4040 δ’
835 3983 893 4039 ἅν
927 3985 1015 4040 καὶ
1053 3989 1134 4059 τῷ
1185 3986 1330 4062 ὑγρῷ
1381 3987 1513 4062 πυρῖ
1563 3987 1628 4040 τά
1682 3987 1957 4060 πορθμεῖα

283 4073 592 4150 ἠφάνισαν,
621 4073 667 4128 εἰ
703 4076 778 4148 μή
811 4071 871 4128 ἐκ
917 4079 1012 4130 τοῦ
1057 4073 1252 4150 σχεδὸν
1303 4076 1530 4138 ἑστῶτες
1580 4072 1953 4146 ἐπεῗῖοήθησαν

2059 3357 2166 3428 die,
2191 3355 2402 3415 lembis
2423 3358 2777 3431 piscatorum
2802 3375 2914 3415 non
2940 3357 3138 3415 statim
3163 3376 3368 3416 nocere
3391 3364 3660 3432 poterant
3691 3376 3705 3416 :

2058 3446 2119 3502 bi
2151 3464 2282 3504 vero
2313 3448 2452 3520 quia
2509 3447 2818 3505 confertim
2875 3447 3179 3505 irruebant
3229 3453 3287 3504 et
3325 3449 3495 3506 multi
3527 3465 3706 3506 unam

2059 3537 2356 3594 triremem
2379 3537 2846 3606 circumdabant,
2875 3553 2909 3592 a
2947 3537 3126 3610 puppi
3165 3541 3222 3594 et
3251 3539 3404 3594 490
3435 3555 3608 3610 prora
3647 3540 3709 3594 et

2062 3631 2309 3698 utroque
2331 3625 2510 3682 latere
2527 3631 2876 3700 pugnantes,
2909 3626 2968 3682 in
3015 3631 3264 3700 angusto
3287 3628 3434 3684 freto
3465 3626 3711 3684 victoria

2061 3716 2228 3788 potiti
2259 3714 2487 3772 illustre
2527 3722 2803 3788 tropaeum
2853 3719 3179 3772 erexerunt.
3210 3717 3318 3770 Sed
3352 3716 3710 3786 imperatorii

2063 3804 2496 3874 classiarii,non
2530 3805 2630 3861 diu
2658 3820 2724 3861 eo
2767 3805 3047 3861 dedecore
3097 3804 3361 3872 tolerato,
3407 3804 3710 3860 naviculas

2065 3894 2324 3951 vicissim
2359 3895 2596 3966 fugant;
2631 3911 2846 3967 easque
2906 3893 3148 3950 forsitan
3210 3893 3326 3964 igni
3377 3893 3574 3950 Οτωοο
3606 3895 3712 3949 ab-

2065 3985 2480 4059 sumpsissent,
2513 3985 2627 4040 nisi
2663 3987 2855 4041 Branaa
2891 3984 3104 4040 milites
3151 4001 3218 4041 ex
3245 3984 3491 4042 collibus
3517 3985 3587 4041 ad
3622 3983 3714 4042 lit-

2063 4081 2190 4132 tora
2220 4075 2466 4148 digressi
2499 4075 2797 4146 suppetias
2823 4073 2941 4130 illis
2975 4075 3266 4130 tulissent.

287 4165 357 4218 οἱ
391 4167 490 4219 τοῦ
520 4166 694 4236 Βρανᾶ
727 4162 1079 4240 ὁπλομάχοι,
1115 4164 1176 4220 ἐκ
1209 4169 1315 4220 τῶν
1378 4163 1568 4242 λόφων
1617 4160 1942 4230 καταϐάντες
1993 4163 2081 4218 καὶ
2123 4163 2216 4219 τὸν
2257 4161 2506 4237 αἶ’γιαλὸν
2557 4161 3009 4236 ἐπιπορευόμενοι
3057 4157 3212 4217 ἕνεκα
3258 4165 3355 4216 τοῦ
3410 4161 3706 4240 ἐπαρήγειν

287 4256 383 4324 τῷ
409 4257 665 4324 ναυτικῷ.

371 4342 431 4410 ζ’.
497 4337 650 4397 Ἰδὼν
699 4340 757 4397 δὲ
799 4344 826 4399 ὁ
859 4343 1168 4414 ἀποστάτης
1217 4343 1292 4408 ὡς
1349 4340 1472 4398 οὔτε
1531 4341 1784 4398 κλέπτειν
1834 4343 1956 4420 ἐχει
1991 4351 2034 4416 [)

285 4432 400 4500 τὴν
459 4429 698 4506 πάροδον
752 4431 876 4488 οὔτε
923 4435 1030 4507 μὴν
1085 4429 1319 4506 πολέμῳ
1379 4429 1416 4502 ἤ
1473 4437 1658 4496 πειθοῖ
1722 4431 1959 4505 ἀνύσιμά

294 4519 443 4574 εἰσίν
472 4520 523 4574 οἱ
568 4521 635 4574 τά
685 4519 1056 4596 μελετώμενα,
1098 4518 1278 4592 ἄλλην
1331 4521 1624 4596 τραπέσθαι
1671 4518 1953 4576 διενοεῖτοο

293 4609 340 4680 ἤ
371 4611 474 4687 γὰρ
507 4609 662 4684 λιμῷ
691 4611 791 4680 τὴν
827 4608 1084 4688 βασιλίδα
1121 4613 1572 4688 παραστήσασθαι
1619 4609 1804 4676 πόλιν,
1859 4631 1957 4686 με-

291 4700 494 4776 γίστην
545 4699 837 4772 ἐπιστήσας
885 4701 1028 4775 αὐτῇ
1077 4701 1168 4755 καὶ
1216 4699 1509 4776 κρατίστην
1555 4698 1812 4756 ἐλέπολιν
1859 4703 1958 4770 τήν

287 4795 404 4845 τῶν
436 4785 724 4862 ἐδωδίμων
783 4790 1136 4845 ὑποσπάνισιν
1182 4788 1314 4861 (ἤδη
1364 4789 1467 4866 γὰρ
1515 4791 1549 4860 ἡ
1602 4790 1712 4862 ἑῴα
1762 4810 1820 4844 τε
1868 4791 1958 4845 καὶ

292 4880 553 4953 ἑσπέριος
597 4878 703 4934 ὑπὸ
757 4879 1062 4954 Ῥωμαίους
1113 4876 1268 4952 λῆξις
1327 4879 1474 4952 ηὗτῷ
1519 4879 1956 4954 προσεχώρησε),

297 4966 578 5042 μηδεμίαν
645 4967 950 5043 ἐπισκήψας
1008 4971 1114 5032 νῆα
1168 4968 1473 5046 σιταγωγὸν
1543 4967 1818 5044 καταίρειν
1879 4967 1959 5031 εἷς

285 5058 358 5115 τὸ
386 5057 700 5129 Βυζάντιον,
741 5057 775 5127 ἢ
807 5053 1140 5133 προσϐαλεῖν
1179 5059 1292 5130 μετ’
1336 5059 1706 5130 ἀκμαιοτέρου
1759 5055 1958 5112 στόλου

287 5150 384 5204 καί
416 5149 700 5212 πλείονος.
745 5151 953 5205 Ἐκεῖνα
1008 5145 1054 5203 δ’
1113 5151 1179 5219 ἦν
1229 5147 1524 5204 ἀνελίττων
1575 5149 1714 5204 κατὰ
1759 5153 1886 5202 νοῦν
1927 5149 1960 5203 ἅ

292 5241 373 5314 μή
428 5239 493 5296 τὸ
553 5243 707 5296 Θεῖον
763 5237 988 5310 ἐπιτελῆ
1047 5239 1300 5314 γενέσθαι
1361 5239 1686 5297 κατένευσεν.
1742 5239 1801 5297 Ὀ
1853 5237 1957 5313 γάρ

2135 4346 2191 4401 7.
2226 4344 2507 4400 Caeterum
2545 4342 2641 4398 ubi
2705 4342 3010 4400 seditionis
3060 4347 3266 4400 auctor
3303 4342 3717 4400 animadvertit

2068 4451 2126 4490 se
2159 4451 2347 4506 neque
2371 4434 2518 4490 clam
2556 4438 2858 4506 penetrare
2891 4449 2996 4488 nec
3051 4439 3256 4506 aperta
3312 4433 3365 4488 vi
3399 4433 3712 4490 consilium

2067 4541 2240 4580 suum
2272 4524 2509 4596 exsequi
2538 4539 2730 4596 posse,
2789 4521 2903 4578 alia
2957 4523 3052 4578 via
3108 4539 3228 4579 rem
3257 4523 3710 4596 aggrediendam

2068 4612 2315 4684 censuit,
2349 4629 2416 4668 ac
2446 4613 2872 4684 imperatricem
2931 4613 3134 4667 urbem
3174 4617 3276 4667 aut
3319 4614 3472 4669 fame
3513 4613 3580 4667 ad
3616 4613 3712 4668 de-

2068 4703 2343 4759 ditionem
2369 4701 2857 4775 compellendum,
2891 4719 3134 4758 annonae
3167 4703 3414 4775 penuria
3443 4703 3716 4759 machina

2069 4791 2410 4849 ﬁrmissima
2426 4797 2482 4848 et
2504 4791 2786 4848 acerrima
2812 4793 3047 4848 admota
3069 4793 3212 4862 (jam
3237 4793 3391 4848 enim
3417 4799 3475 4848 et
3513 4793 3714 4848 Orien-

2069 4880 2210 4936 tales
2235 4888 2290 4936 et
2311 4880 2714 4937 Occidentales
2733 4881 3042 4952 provinciae
3073 4881 3141 4936 ad
3195 4897 3327 4936 eum
3363 4882 3713 4947 deiecerant,

2069 4971 2284 5043 quibus
2324 4971 2582 5028 edixerat
2613 4988 2686 5027 ne
2717 4988 2834 5043 qua
2880 4971 3262 5026 frumentaria
3293 4971 3457 5025 navis
3491 4973 3714 5040 Byzan-

2068 5062 2214 5116 tium
2241 5059 2868 5133 appelleret),autcum
2899 5061 3158 5115 ﬁrmiore
3185 5063 3241 5113 et
3285 5058 3499 5129 majore
3531 5058 3718 5112 classe

2069 5149 2353 5222 impetum
2377 5149 2945 5206 faciendum.Vcrum
2973 5165 3036 5204 ea
3068 5148 3332 5203 volvebat
3365 5145 3562 5201 animo
3589 5162 3715 5216 quis

2071 5237 2225 5294 Deus
2257 5238 2408 5294 haud
2441 5255 2831 5295 concessurus
2863 5241 3004 5292 erat.
3064 5235 3205 5291 Nam
3260 5235 3564 5306 imperator
3583 5249 3714 5290 cum

1693 5421 1860 5485 Hier.
1895 5420 2110 5483 Wolﬁi
2143 5427 2330 5482 notua.

361 5608 482 5682 (29)
499 5605 774 5682 Turpiter
805 5604 1036 5681 fugiunt
1067 5601 1448 5678 imperatorii,
1481 5607 1538 5660 et
1568 5601 1721 5659 inter
1757 5602 1952 5661 navali

2059 5622 2076 5661 3
2107 5601 2441 5668 includunt,
2473 5599 2523 5657 si
2557 5600 2728 5658 modo
2759 5598 3032 5676 ἐξάρτυπις
3069 5595 3190 5654 ἀντὶ
3238 5597 3578 5672 ναυνταομοῦ
3625 5598 3712 5657 in-

294 5680 484 5754 telligi
517 5681 706 5736 debet.
