4116 6206
563 323 680 385 74-3

1879 305 2186 369 NICETE
2229 303 2643 368 ΟΗΟΝΙΑΤᾹΞ

3837 310 3943 369 7M

563 467 854 522 urbanum
893 457 1168 533 populum
1201 451 1311 508 sibi
1346 447 1647 506 addictum
1679 460 1805 501 esse
1849 459 1914 500 ac
1961 442 2210 498 Branam

2328 436 2586 533 βασιλεὺς
2645 440 2789 514 ὁρῶν
2837 441 2990 514 αὑτῷ
3046 439 3436 517 προσκείμενον
3485 439 3548 494 τὸ
3600 445 3699 508 τῆς
3753 439 3949 504 πόλεως

564 556 704 610 adeo
797 551 945 606 491
1023 542 1268 600 aversari
1351 541 1613 594 cerneret
1691 547 1742 588 ut
1822 533 1992 587 etiam
2053 547 2213 586 exse-

561 647 841 704 craretur,
894 635 994 691 Dei
1043 630 1369 690 Genetricis
1430 626 1707 696 imagine,
1756 639 1882 694 quaa
1957 620 2027 675 ab
2101 625 2214 674 Ho-

567 730 735 800 degio
815 723 1166 781 monasterio
1252 715 1588 788 Rodegetria
1688 711 2106 781 nuncupatur,’
2158 708 2216 762 in

569 799 783 873 moenia
824 831 925 886 pro
999 812 1149 866 vallo
1225 802 1661 878 inexpugnabili
1739 799 2038 867 translata,
2082 814 2216 853 cum

570 911 780 978 suapte
814 902 1108 959 industria
1141 900 1211 954 ad
1247 911 1502 970 pugnam
1537 893 1816 947 incitatus
1891 894 1999 956 est,
2061 886 2215 957 quod

571 998 910 1051 diuturnam
950 990 1316 1046 obsidionem
1365 1001 1395 1040 e
1455 999 1515 1038 re
1589 997 1696 1036 sua
1771 995 1882 1033 non
1961 992 2090 1032 esse
2163 980 2219 1031 et

573 1083 792 1155 aliquid
871 1078 1094 1136 adversi
1174 1087 1570 1142 novarumque
1665 1083 1860 1123 rerum
1956 1065 2216 1120 studium

571 1154 880 1227 allaturam
930 1167 1192 1238 putabat,
1269 1168 1394 1218 tum
1469 1157 1715 1215 Conradi
1791 1155 2030 1210 Caesaris
2090 1154 2217 1208 hor-

569 1266 692 1316 tatu
727 1258 980 1313 maxime
1014 1253 1329 1326 impulsus.
1361 1252 1490 1304 Erat
1540 1249 1590 1302 is
1643 1247 1732 1300 vir
1789 1259 2002 1316 genere
2064 1244 2221 1304 Lom,

565 1353 804 1417 bardus,
837 1345 1254 1404 Montisferrati
1302 1342 1523 1398 domini
1580 1339 1757 1405 ﬁlius,
1804 1336 2114 1409 prudentia
2165 1340 2222 1390 et

569 1441 914 1498 fortitudine
948 1442 1174 1492 tantum
1205 1431 1495 1488 excellens
1529 1435 1591 1484 ut
1637 1445 1748 1483 non
1799 1428 1955 1498 apud
2007 1426 2218 1480 Roma-

570 1549 676 1587 nos
715 1532 995 1585 duntaxat
1054 1530 1211 1581 esset
1261 1521 1526 1588 celebris,
1587 1517 1837 1574 Manueli
1897 1515 2216 1587 praesertim

569 1619 802 1681 charus,
833 1623 898 1671 ut
929 1618 1000 1670 ab
1034 1615 1158 1681 ipsa
1191 1621 1396 1666 natura
1455 1614 1509 1663 et
1571 1607 1786 1678 ingenii
1837 1613 1889 1660 et
1937 1618 2219 1659 manuum

568 1708 912 1762 dexteritate
945 1702 1268 1758 luculenter
1297 1703 1558 1764 ornatus,
1604 1696 1700 1750 sed
1765 1694 1915 1765 apud
1979 1692 2218 1763 popula-

2327 526 2632 602 πλήρωμα,
2665 530 2755 583 καὶ
2798 531 2874 602 μή
2931 531 3092 604 μόνον
3151 529 3248 584 οὑκ
3292 529 3622 604 ἀνεχόμενον
3672 528 3951 603 βασιλεύειν

2327 620 2559 692 Βρανᾶν,
2593 619 2740 688 ἀληά
2777 621 2866 673 καὶ
2931 617 3145 691 μᾶλλον
3204 619 3498 690 ἀναθέματι
3553 614 3949 681 meo-mosi).on

2325 705 2546 778 ἐκεῖνον,
2582 705 2689 761 ἄνω
2729 713 2838 762 τῶν
2886 706 3116 788 τειχέων
3174 708 3457 784 ἀναγαγὼν
3510 708 3601 762 οἶά
3652 729 3711 762 τε
3759 709 3949 783 ἄμαχον

2326 797 2599 871 ὀχύρωμα
2655 799 2745 852 καὶ
2795 799 3076 854 ἀνάλωτον
3127 801 3438 874 χαράκωμα
3486 799 3582 866 τήν
3645 798 3822 852 εἰκόνα
3867 802 3949 864 τῆς

2327 889 2686 961 θεομτςτορος,
2720 887 2841 956 ἥτις
2891 887 2950 943 ἐκ
3000 895 3099 956 τῆς
3151 893 3260 942 τῶν
3309 885 3557 964 Ὀδηγῶν
3620 895 3814 960 μονῆς,
3857 891 3950 942 καθ’

2323 972 2390 1043 ἤν
2452 976 2965 1052 προσκεκλήρωται,
3023 974 3358 1052 Ὁδηγήτρια
3443 976 3815 1047 ἐπικέκληται,
3870 977 3956 1053 {"6-

2325 1066 2530 1139 ῥενώοη
2585 1068 2680 1140 μὶν
2735 1069 2822 1122 καὶ
2881 1068 3092 1123 οἴκοθεν
3153 1069 3286 1142 πρὸς
3345 1067 3740 1145 ἀντιμάχησιν,
3791 1068 3953 1141 κρίνας

2328 1154 2624 1225 ἀλυσιτελῆ
2659 1157 2755 1226 τήν
2800 1157 3024 1232 χρόνιον
3075 1157 3220 1219 ἐντὸς
3279 1162 3374 1212 σοῦ
3435 1156 3638 1218 ἄστεως
3691 1158 3952 1230 κάθειρξιν,

2325 1245 2417 1299 καὶ
2469 1244 2790 1300 ἀπευκταῖον
2856 1245 2912 1301 δέ
2974 1269 3026 1302 τι
3094 1249 3590 1316 καινοποιήσουσαν
3661 1245 3743 1300 ἐπ’
3802 1247 3950 1318 αὐτῷ,

2325 1331 2601 1398 πλειόνως
2639 1332 2686 1389 δ’
2748 1336 2927 1406 ὑπεῖξε
2984 1342 3103 1400 ταῖς
3157 1333 3478 1406 ἐπιπλήξεσι
3548 1333 3820 1408 Καίσαρός
3868 1341 3951 1391 τοῦ

2328 1421 2628 1497 Κορῥάδου.
2688 1426 2789 1480 Ἦν
2824 1422 2880 1479 δὲ
2912 1427 2939 1480 6
2971 1427 3107 1498 ἃνὴρ
3159 1424 3316 1486 οὗτος
3364 1427 3425 1479 τὸ
3479 1426 3573 1498 μὲν
3622 1424 3785 1501 γένος
3837 1427 3952 1480 Ἰτα-

2328 1510 2561 1582 λιώτης.
2594 1515 2799 1590 πατρὸς
2833 1512 2879 1568 δ’
2911 1513 3063 1592 ἐξέφυ
3093 1519 3190 1568 τοῦ
3231 1517 3328 1584 τὴν
3383 1516 3570 1589 χώραν
3614 1521 3723 1582 τῆς
3767 1515 3953 1582 Μόντης

2327 1601 2590 1675 φεράντης
2645 1603 2994 1677 κατέχοντος.
3063 1607 3332 1660 Τοσοῦτον
3393 1600 3438 1656 δ’
3497 1603 3575 1656 ἐπ’
3637 1600 3829 1676 ἀνδρίᾳ
3882 1603 3957 1657 καὶ

2328 1689 2527 1745 συνέσει
2556 1688 2796 1768 διέφερεν
2847 1689 2985 1746 ὥστε
3035 1691 3096 1746 οὐ
3146 1693 3292 1766 παρά
3349 1691 3649 1764 Ῥωμαίοις
3709 1692 3861 1764 μόνον
3902 1694 3954 1759 ἦν

565 1813 657 1851 res
690 1811 919 1866 quoque
952 1809 1090 1848 suos
1142 1789 1414 1858 inclytus.
1481 1785 1578 1840 llic
1636 1789 1746 1850 est,
1806 1781 1902 1854 qui
1951 1780 2211 1836 maximis

2321 1781 2687 1852 περιώνυμος,
2722 1781 2810 1835 καὶ
2848 1780 3084 1854 μάλιστα
3133 1787 3212 1854 τῷ
3272 1780 3488 1856 βασιλεῖ
3536 1779 3806 1849 Μανουήλ
3853 1780 3954 1836 ἐπι-

565 1884 978 1958 largitionibus
1037 1898 1069 1935 a
1125 1881 1392 1936 Manuele
1441 1876 1726 1946 impulsus
1757 1873 2212 1929 Alcmannorum

567 1957 685 2046 regi
711 1973 952 2038 restitit,
982 1977 1039 2026 et
1071 1968 1478 2040 Moguntinum
1531 1965 1872 2036 episcopum
1923 1957 2214 2015 cancella-

564 2068 715 2121 rium
745 2063 899 2134 regis
929 2060 1248 2131 superavit,
1285 2057 1383 2129 qui
1417 2071 1548 2110 cum
1585 2050 1854 2108 maximis
1885 2049 2068 2120 copiis
2101 2048 2214 2102 im-

567 2154 928 2228 pressionem
961 2152 1017 2206 in
1054 2149 1286 2204 Italiam
1323 2148 1533 2200 fecerat
1569 2159 1582 2208 ;
1615 2156 1862 2211 eumque
1893 2141 1948 2194 in
1982 2138 2216 2192 vincula

566 2227 894 2314 conjectum
953 2240 1123 2296 aliter
1179 2254 1242 2292 se
1297 2236 1684 2291 dimissurum
1749 2229 1998 2298 negavit,
2039 2227 2214 2282 nisia

569 2335 968 2390 Romanorum
1026 2329 1376 2399 imperatore
1425 2324 1754 2394 juberetur.
1815 2323 1957 2373 Tum
2017 2321 2213 2372 autem

563 2440 696 2479 cum
733 2423 1048 2493 imperator
1081 2417 1336 2472 lsaarius
1396 2412 1469 2468 ad
1527 2413 1768 2466 fratrem
1824 2411 1954 2478 ejus
1988 2406 2217 2461 Bonifa-

563 2515 718 2567 cium
749 2511 971 2582 legatos
1005 2507 1265 2562 misisset
1289 2505 1361 2558 de
1392 2517 1587 2558 sorore
1619 2498 1926 2554 Theodora
1971 2496 2054 2551 illi
2090 2496 2216 2550 des-

565 2600 899 2672 pondenda,
932 2598 980 2653 is
1009 2612 1141 2652 vero
1166 2597 1288 2664 jam
1323 2609 1454 2648 cum
1486 2589 1594 2645 alia
1639 2588 1875 2658 nuptias
1923 2584 2214 2640 celebras-

564 2697 674 2761 set,
707 2689 881 2761 legati
915 2703 1137 2759 magnae
1173 2683 1464 2740 felicitatis
1494 2681 1618 2735 loco
1660 2678 1812 2734 498
1858 2676 2211 2740 habuerunt,

561 2780 715 2852 quod
749 2778 842 2834 hic
901 2778 1209 2846 conjugem
1271 2771 1586 2836 amisisset,
1642 2785 1708 2823 ao
1765 2768 1982 2821 bonum
2043 2763 2214 2834 longe

560 2871 753 2939 majus
779 2867 1125 2938 judicarunt
1181 2878 1354 2934 quam
1417 2860 1464 2914 si
1522 2859 1578 2913 id
1627 2855 2016 2912 confecissent
2045 2855 2214 2921 cujus

557 2959 747 3027 gratia
776 2959 1074 3021 venerant,
1116 2957 1173 3006 et
1227 2948 1563 3005 Conradum
1613 2944 1881 3000 maximis
1932 2941 2214 3014 pollicita-

556 3050 818 3105 tionibus
849 3044 1169 3118 impulsum
1202 3057 1393 3098 secum
1453 3037 1842 3094 adduxerunt.
1885 3034 2027 3090 Cum
2081 3048 2212 3088 vero

561 3155 674 3194 non
713 3135 896 3192 multo
949 3138 1082 3206 post
1137 3149 1233 3187 eas
1303 3128 1538 3200 nuptias
1591 3131 1811 3180 Branas
1862 3123 2093 3188 defecit,
2151 3123 2208 3176 in

2321 3129 2484 3183 αὑτοῦ
2540 3130 2875 3205 κασιγνήτῳ,
2936 3127 3052 3183 ἐπεὶ
3118 3129 3336 3206 νύμφην
3399 3129 3603 3192 ἐκεῖνος

561 3225 932 3297 imperatoris
963 3223 1229 3278 animum
1281 3219 1501 3291 erigere
1559 3222 1618 3272 et
1658 3216 1808 3270 bona
1839 3229 1942 3284 spe
1972 3216 2204 3268 susten-

559 3323 683 3374 tare
707 3318 826 3386 jam
867 3314 1259 3371 labascentem
1322 3313 1379 3365 et
1428 3306 1932 3364 remollescentem
1990 3302 2205 3358 conﬁr-

558 3421 715 3462 mare
748 3421 862 3460 non
895 3401 1159 3469 destitit;
1217 3400 1435 3471 quippe
1491 3397 1592 3468 qui
1649 3396 1722 3451 iis
1774 3393 2077 3450 monachis
2105 3391 2206 3463 qui

553 3497 728 3554 nudis
756 3497 986 3569 peditus
1019 3493 1358 3549 incedentes
1405 3495 1462 3546 et
1506 3488 1671 3544 humi
1717 3487 1998 3543 cubantes
2027 3483 2208 3540 veluti

553 3587 849 3645 columnis
880 3584 1034 3641 ultra
1096 3584 1339 3638 humum
1395 3579 1738 3642 etferuntur,
1801 3577 1859 3630 in
1921 3573 2203 3646 palatium

553 3677 942 3749 congregatis,
980 3679 1090 3729 Deo
1123 3671 1482 3744 supplicaret
1513 3673 1577 3722 ut
1607 3665 1770 3721 civile
1813 3665 2028 3720 bellum
2075 3679 2204 3733 pro—

554 3768 817 3840 pulsaret
849 3781 953 3821 nec
995 3763 1159 3820 alteri
1219 3761 1474 3816 traderet
1532 3756 1864 3826 imperium,
1912 3770 2029 3808 rem
2072 3769 2204 3808 vero

553 3857 819 3912 bellicam
854 3853 1087 3926 penitus
1146 3850 1484 3922 negligeret,
1538 3845 1696 3902 omni
1753 3860 1855 3916 spe
1887 3860 1990 3898 sua
2019 3843 2078 3896 in
2113 3859 2206 3897 ar-

555 3948 665 4002 mis
699 3945 942 4018 spiritus
972 3941 1274 3998 collocata.
1305 3942 1584 3993 Ceterum
1621 3934 1919 3989 Conradus
1951 3948 2106 3997 eum,
2143 3935 2206 3986 ut

551 4052 760 4092 cancer
817 4033 1080 4106 pinnam,
1130 4028 1382 4085 subinde
1437 4025 1741 4080 vellicabat
1801 4027 1857 4077 et
1896 4022 2204 4086 excitabat,

556 4141 800 4181 monens
832 4139 902 4177 ne
930 4123 985 4176 in
1017 4118 1304 4175 mendicis
1339 4115 1468 4171 istis
1499 4130 1732 4169 omnem
1770 4111 2044 4166 fiduciam
2089 4108 2205 4164 col-

552 4215 793 4280 locaret,
825 4213 924 4268 sed
959 4210 1040 4266 rei
1084 4206 1360 4263 militaris
1410 4206 1584 4259 etiam
1635 4201 1917 4257 rationem
1970 4199 2206 4259 haberet

554 4311 612 4360 et
639 4302 881 4359 armatis
917 4298 1307 4372 phalangibus
1357 4294 1637 4350 seditioso
1687 4293 2040 4354 occurreret,
2103 4305 2208 4344 nec

555 4393 775 4449 dextris
807 4393 1090 4446 duntaxat
1147 4386 1345 4452 armis,
1379 4385 1485 4440 hoc
1549 4385 1638 4438 est
1681 4385 2018 4437 sanctorum
2050 4380 2203 4434 viro-

557 4499 687 4537 rum
746 4477 1292 4542 intercessionibus,
1350 4473 1453 4529 sed
1507 4473 1768 4528 sinistris
1813 4470 1964 4525 499
2005 4470 2206 4532 etiam.

2321 4476 2396 4540 εἰς
2437 4477 2504 4530 τὰ
2555 4477 2751 4551 ἀρχεῖα
2804 4477 3199 4550 συνηθροικὼς,
3260 4473 3432 4530 ἐδεῖτο
3501 4474 3553 4531 δι

557 4584 685 4638 qua:
712 4583 850 4620 ense
880 4571 936 4620 et
967 4567 1204 4619 thorace
1248 4565 1610 4628 constarent,
1662 4560 1854 4614 hostes
1907 4557 2211 4612 ulciscere-

557 4664 668 4710 tur.
702 4654 902 4726 Neque
934 4653 1289 4724 parcendum
1324 4667 1451 4706 esse
1493 4648 1778 4722 pecuniae,
1831 4648 1931 4703 sed
1977 4648 2047 4701 ad
2084 4663 2210 4701 con-

558 4742 933 4799 scribendam
992 4740 1237 4796 militem
1286 4739 1766 4810 impendendam.
1827 4736 1970 4791 Nam
2007 4741 2215 4807 praeter

556 4836 838 4905 cognatos
867 4829 1262 4903 imperatoris,
1315 4835 1372 4882 et
1419 4843 1516 4882 eos
1567 4825 1754 4896 quiin
1789 4826 1933 4880 urbe
1982 4825 2209 4880 habita-

554 4925 714 4992 bant,
747 4921 937 4978 czeteri
968 4934 1174 4975 omnes
1197 4917 1398 4972 Brants
1454 4932 1516 4970 se
1566 4912 1990 4978 submiserani.
2023 4930 2212 4986 neque

557 5012 697 5068 foris
727 5011 906 5082 copiae
936 5008 1119 5080 parari
1157 5009 1442 5078 poterant.
1475 5003 1696 5067 Quibus
1727 5002 1970 5056 Caesaris
2019 5003 2210 5058 verbis

554 5104 714 5158 velut
761 5101 1016 5158 assiduis
1075 5096 1334 5153 stimulis
1390 5100 1622 5164 torpore
1685 5093 1782 5147 illo
1843 5097 1898 5148 et
1950 5095 2212 5150 socordia

559 5209 830 5257 excussa,
878 5188 1096 5244 auxilia
1153 5185 1492 5242 contrahere
1589 5183 1862 5237 instituit.
1942 5183 2008 5238 Et
2077 5183 2213 5254 quia

559 5284 668 5337 sibi
697 5279 1004 5354 pecuniam
1042 5279 1246 5333 deesse
1277 5275 1648 5346 querebatur,
1672 5288 1809 5328 vasa
1859 5289 1924 5327 ex
1957 5274 2206 5343 impera-

2321 1867 2561 1939 πόθητον
2596 1868 2848 1942 ἄκουσμα
2870 1871 2944 1931 ὼς
2977 1875 3186 1947 φύσεως
3219 1869 3410 1946 λαχὼν
3455 1873 3541 1944 [Ρ.
3593 1873 3730 1944 244]
3778 1870 3950 1939 εὐκλη-

2324 1957 2438 2031 ρίαν
2497 1958 2586 2012 καὶ
2641 1955 2878 2021 διανιίας
2940 1959 3167 2031 ὀξύτητα
3225 1960 3314 2014 καὶ
3371 1964 3574 2034 χειρῶν
3642 1957 3944 2036 δραστηριὸι

2320 2075 2478 2124 τητα,
2527 2054 2673 2110 ἀλλά
2720 2057 2808 2111 καὶ
2859 2057 3002 2131 παρά
3059 2063 3180 2119 τοῖς
3235 2059 3552 2134 ὁμογενέσιν
3614 2058 3766 2130 αὐτῷ
3820 2079 3954 2133 περι·

2319 2143 2592 2205 κλεῖστὸς.
2651 2147 2821 2208 Οὗτός
2881 2147 3020 2201 ἐστιν
3093 2148 3121 2200 6
3184 2147 3460 2224 μεγίστοις
3538 2146 3950 2226 φιλοδωρῆμασι

2320 2235 2465 2308 παρά
2519 2237 2614 2290 τοῦ
2665 2232 2934 2310 βασιλέως
2982 2236 3244 2306 Μανουὴλ
3293 2235 3548 2311 ἐπαρθείς
3602 2237 3693 2290 καὶ
3733 2239 3948 2312 ἀντάρας

2323 2329 2514 2398 χεῖρας
2545 2328 2624 2396 τῷ
2651 2331 2752 2393 τῆς
2781 2324 3126 2398 Ἀλαμανίας
3171 2325 3326 2401 ῥηγὶ,
3377 2326 3467 2380 καὶ
3524 2326 3673 2400 μάζῃ
3721 2327 3802 2380 τὸν
3849 2325 3958 2381 έπί-

2321 2435 2524 2469 σκοπον
2558 2415 2872 2488 Μαγέντζης
2901 2415 3203 2486 νενικηκὼς
3245 2414 3658 2490 καγκελλάριον
3712 2413 3832 2470 ὄντα
3869 2421 3950 2469 τοῦ

2323 2501 2490 2578 ῥηγὸς
2565 2502 2654 2558 καὶ
2728 2505 2868 2559 κατά
2939 2505 3040 2573 τήν
3121 2503 3356 2560 Ἰταλίαν
3429 2500 3758 2577 ἐμϐαλόντα
3845 2507 3957 2578 μετὰ

2319 2591 2594 2647 πλείστων
2656 2590 2952 2666 δυνάμεὼν,
3013 2591 3358 2668 συνειληφώς
3403 2615 3460 2649 τε
3517 2595 3689 2648 αὑτὸν
3747 2595 3833 2648 καὶ
3884 2592 3953 2648 δε·

2320 2687 2482 2750 σμοῖς
2509 2676 2844 2756 περιϐαλὼν,
2892 2683 2981 2736 καὶ
3032 2680 3130 2736 οὐκ
3180 2681 3367 2745 ἄλλως
3417 2681 3724 2736 ἀπολύσειν
3775 2684 3958 2757 iul-api-

2321 2770 2550 2842 ζύμενος
2583 2771 2628 2824 εἰ
2664 2772 2738 2844 μὴ
2787 2768 2870 2840 εἴη
2921 2774 3084 2826 τοῦτο
3129 2771 3220 2826 καὶ
3277 2775 3357 2842 τῷ
3409 2771 3710 2845 Ῥωμαίων
3771 2768 3958 2847 βασιλεῖ

2317 2862 2686 2939 προσταχθέν.
2745 2861 2882 2918 Τότε
2939 2859 2996 2916 δὲ
3076 2865 3172 2917 τοῦ
3236 2859 3505 2935 βασιλέως
3559 2865 3835 2916 Ἰσαακίου
3882 2861 3954 2914 τὸν

2321 2948 2484 3004 αὑτοῦ
2516 2950 2792 3023 ὁμαίμονα
2841 2950 3164 3027 Βοτιφάτιον
3215 2947 3306 3004 διὰ
3352 2946 3632 3024 πρέσϐεων
3693 2971 3952 3024 μεταπει-

2319 3037 2579 3110 λαμένου,
2637 3040 2713 3102 ὡς
2771 3039 2907 3094 κατά
2965 3041 3146 3114 γάμον
3201 3041 3492 3112 συναφθείη
3571 3038 3832 3113 Θεοδώρᾳ
3894 3043 3949 3111 τῇ

3691 3127 3950 3203 ἡρμόσατο

2317 3217 2406 3273 καὶ
2439 3215 2568 3288 ᾃσας
2602 3218 2722 3292 εἶχε
2746 3219 3039 3293 προσεχῶς
3067 3218 3159 3273 τὸν
3191 3217 3465 3291 ὑμέναιον,
3516 3219 3681 3280 οὗτος
3733 3221 3826 3288 τήν
3869 3221 3949 3272 τοῦ

2323 3307 2443 3383 βίου
2517 3307 2779 3362 κοινωνὸν
2857 3305 3066 3379 θανάτῳ
3140 3301 3559 3378 ἀποϐαλόμενος
3609 3307 3688 3368 ὠς
3747 3307 3946 3381 ’ἕρμαιον

2318 3403 2434 3461 τοῖς
2486 3393 2742 3472 πρέσϐεσι
2793 3397 3031 3472 κρίνεται
3081 3397 3171 3453 καὶ
3224 3398 3287 3452 τὸ
3338 3396 3607 3473 πάρεργον
3656 3403 3758 3454 τοῦ
3811 3395 3948 3469 ἔργου

2322 3494 2506 3561 μεῖζον
2544 3487 2677 3542 κατά
2707 3485 2874 3546 πολύ.
2907 3487 3006 3542 Ναὶ
3045 3489 3151 3560 μὴν
3213 3487 3568 3566 ὑποσχέσεσιν
3619 3490 3671 3544 οἱ
3719 3482 3944 3561 πρέσϐεις

2323 3578 2600 3650 μεγίσταις
2673 3577 2764 3631 τὸν
2842 3572 3116 3652 Κορῥάδον
3192 3576 3544 3653 κουφίσαντες
3638 3577 3731 3630 σὺν
3817 3575 3944 3646 αὐτῷ

2316 3663 2688 3735 έπανέζευξαν,
2718 3665 2806 3720 καὶ
2866 3665 2939 3726 ὡς
2987 3664 3243 3720 εἰστιάκει
3290 3664 3418 3726 τοὺς
3465 3666 3678 3740 γάμους
3727 3666 3753 3719 6
3800 3667 3943 3739 βασις

2317 3763 2465 3831 λεὺς,
2503 3765 2636 3838 μετὰ
2683 3765 2874 3838 μικρὸν
2931 3759 2986 3818 δὲ
3043 3766 3077 3833 ἡ
3136 3767 3232 3818 τοῦ
3291 3766 3468 3838 Βρανᾶ
3518 3761 3940 3832 ἐπηκολούθησεν

2318 3852 2698 3921 ἐπανάστασις,
2731 3852 2793 3908 οὑ
2828 3851 3041 3908 διέλιπε
3086 3853 3148 3908 τὸ
3195 3857 3294 3908 τοῦ
3359 3852 3617 3929 βασιλέως
3672 3850 3939 3905 διανιστῶν

2319 3945 2578 4021 φρόνημα
2621 3943 2710 3997 καὶ
2753 3948 2872 4004 ταῖς
2934 3943 3338 4016 χρηστοτέραις
3391 3939 3689 4005 ἀναθάλπων
3736 3938 3938 3994 ἐλπίσιν

2321 4028 2634 4102 ἂπεσϐηκὸς
2669 4029 2777 4102 ἤδη
2809 4035 2902 4086 καὶ
2945 4031 3019 4093 είς
3067 4032 3260 4107 ἀγεννῆ
3317 4027 3653 4100 καταϐληθὲν
3701 4027 3946 4104 χαλαρό-

2316 4142 2478 4192 τητα,
2519 4122 2606 4176 καὶ
2651 4118 2833 4196 ὥσπερ
2870 4121 3037 4190 ἀκόνη
3097 4125 3177 4192 τῷ
3248 4119 3466 4194 βασιλεῖ
3526 4121 3661 4194 πρὸς
3713 4120 3803 4175 τὸν
3864 4121 3947 4172 τοῦ

2319 4209 2569 4282 πολέμου
2645 4211 2801 4284 ξυρὸν
2879 4210 3182 4286 γινόμενος.
3263 4209 3485 4282 Ἀμέλει
3562 4211 3652 4264 καὶ
3717 4206 3945 4284 βασιλεὺς

2325 4299 2422 4372 μὲν
2453 4300 2580 4362 τοὺς
2611 4297 2968 4374 γυμνόποδας
3024 4298 3113 4354 καὶ
3163 4300 3506 4374 χαμαιεὺνας
3550 4305 3659 4355 τῶν
3715 4301 3944 4372 μοναχῶν

2320 4388 2617 4463 ἠθροικὼς,
2649 4388 2739 4442 καὶ
2770 4388 2888 4442 ’ὀσοι
2919 4387 3063 4442 κίοσι
3123 4391 3234 4459 (30)
3279 4395 3379 4457 τῆς
3428 4392 3536 4462 γῆς
3589 4388 3942 4462 ὑπερήρθησαν

3505 4474 3571 4531 δι’
3639 4476 3811 4531 αὐτῶν
3865 4477 3948 4528 τοὺ

2324 4570 2457 4620 Θεοῦ
2495 4562 2944 4634 διασκεδασθῆναι
2973 4566 3063 4620 τὸν
3097 4565 3367 4645 ἐφεστῶτα
3399 4564 3673 4642 ἐμφύλιον
3723 4549 3944 4635 πόλεμον

2321 4653 2408 4709 καὶ
2470 4656 2545 4727 μὴ
2610 4648 2908 4727 μεταϐῆναι
2966 4653 3000 4723 ἦ
3062 4653 3372 4723 ἀποπτῆναι
3449 4655 3515 4709 τὸ
3579 4655 3776 4730 κράτος
3834 4651 3949 4726 πρὸς

2318 4743 2524 4819 ἓτερον,
2553 4747 2662 4797 τῶν
2695 4740 2751 4798 δὲ
2799 4744 2932 4798 κατά
2989 4742 3256 4815 πόλεμον,
3316 4742 3590 4816 ήτημὲλει
3638 4743 3950 4808 παντάπασι,

2319 4835 2414 4894 τὰς
2477 4829 2704 4894 ἐλπίδας
2757 4835 2929 4896 πάσας
2981 4831 3298 4888 έπανάπτων
3379 4836 3447 4906 τῇ
3507 4835 3799 4908 παντευχίᾳ
3863 4832 3950 4884 τοῦ

2321 4919 2646 4993 πνεύματος·
2679 4920 2706 4973 6
2739 4915 2795 4974 δὲ
2826 4919 2899 4981 ὡς
2934 4921 2962 4974 6
3009 4921 3262 4992 καρκίνος
3307 4921 3406 4987 τὴν
3463 4921 3655 4974 πίνναν
3702 4918 3953 4977 πολλάκις

2319 5013 2511 5063 τοῦτον
2546 5005 2791 5078 διύπνιζε
2837 5007 2926 5063 καὶ
2982 5009 3293 5064 ὑπονύττων
3351 5008 3620 5079 διανίστα,
3672 5009 3840 5072 πείθω
3888 5006 3952 5077 μὴ

2322 5099 2495 5151 πάντα
2525 5103 2639 5158 τοῖς
2669 5093 2847 5158 ἀϐίοις
2878 5099 3094 5160 τούτοις
3138 5097 3372 5172 θαρρεῖν,
3414 5097 3542 5154 ἀλλ’
3589 5099 3640 5153 ἐν
3692 5103 3769 5166 τῷ
3824 5097 3959 5169 μέρει

2321 5185 2412 5240 καῖ
2465 5191 2708 5257 στρατῶν
2757 5185 3114 5258 ἐπιμέλεσθαι
3169 5187 3258 5240 καὶ
3308 5185 3568 5264 φάλαγξιν
3620 5185 3959 5258 ὑπλομάχοις

2324 5276 2458 5331 κατά
2487 5276 2583 5330 τοὺ
2613 5275 2930 5331 ἀντιστατου
2971 5283 3298 5351 κεχρῆσθαι,
3339 5277 3488 5339 ὅπως
3542 5275 3628 5348 εἴη
3682 5277 3755 5350 μὴ
3815 5275 3958 5348 μόνον

1949 5435 2118 5498 Hier.
2156 5439 2366 5500 Wolfii
2397 5448 2584 5503 notae.

631 5603 740 5676 (30)
768 5603 926 5660 Ὅσοι
955 5597 1120 5656 κίοσι.
1159 5598 1447 5658 Fortassis
1483 5596 1610 5652 ὡσεῖ
1643 5595 1806 5665 κίοσι,
1839 5599 1923 5654 vel
1955 5595 2154 5662 κίονες·
