4112 6218
297 401 419 463 745

1450 407 1553 469 DE
1596 405 1910 467 ISAACIO
1953 404 2259 467 ANGELO
2304 408 2449 469 LIB.
2496 410 2545 469 Ι.

287 535 376 591 διὰ
404 540 513 590 τῶν
547 532 737 606 δεξιῶν
782 533 991 606 ὅπλων,
1046 541 1158 592 τῶν
1216 538 1514 611 συνάρσεων
1561 536 1781 611 δηλαδὴ
1833 544 1920 595 τῶε

2058 541 2221 596 toriis
2248 542 2480 600 scriniis
2511 545 2853 616 deprompta
2882 546 3135 617 templis,
3169 564 3298 619 qua
3346 567 3556 608 aurum
3598 553 3702 611 ha-

284 627 459 704 ἁγίων
515 625 749 700 ἀνδρῶν,
815 625 961 684 ἀλλὰ
1023 628 1114 684 καὶ
1181 625 1272 683 διὰ
1330 633 1439 689 τῶν
1492 629 1790 706 ἀριστερῶν
1838 635 1947 684 τῶν

282 718 711 792 κρατυνομὲνων
764 717 901 795 ξίφει
959 717 1050 772 καὶ
1104 719 1310 793 θώρακι
1365 720 1458 775 τὸν
1517 720 1948 792 ἀντικαθήμενον

282 805 559 878 πολέμιον
642 807 866 880 μετιὼν,
947 804 1091 880 μηδὲ
1146 808 1455 887 χρημάτων
1514 807 1793 883 ὑποτιθεῗς
1830 807 1948 887 φεί-

282 891 494 965 δεσθαι,
526 893 674 951 ἆλλά
716 895 809 949 καὶ
856 893 1027 952 ταῦτα
1082 893 1412 976 διαφθείρειν
1475 897 1552 962 εἰς
1606 897 1944 973 στρατευμά-

283 1005 394 1039 των
436 985 789 1062 συναγωγὴν,
847 985 959 1041 ἐπεὶ
1009 984 1100 1041 καὶ
1157 984 1283 1042 ἄνευ
1343 992 1451 1043 τῶν
1489 989 1608 1052 καθ’
1670 988 1809 1061 αἷμα
1862 990 1944 1059 τῷ

283 1071 509 1148 βασιλεῖ
567 1075 986 1148 συναπτομένων
1039 1076 1130 1129 καὶ
1187 1079 1295 1131 τῶν
1370 1077 1488 1131 ὅσοι
1544 1076 1641 1140 τὰς
1700 1076 1941 1147 οἰκήσεις

290 1163 368 1233 μὴ
420 1160 577 1225 ἐκτὸς
622 1163 780 1238 εἶχον
830 1169 931 1232 τῆς
985 1161 1228 1235 πόλεως,
1282 1165 1478 1226 πάντες
1536 1164 1811 1238 ὑπέκυψαν
1864 1168 1942 1236 τῷ

276 1250 521 1324 Βαρανᾷ,
583 1249 687 1306 κάκ
742 1256 851 1306 τῶν
907 1245 1101 1322 ἔξωθεν
1188 1253 1290 1308 οὐκ
1344 1254 1411 1321 ἦν
1470 1252 1940 1327 ἐπεισενέγκασθαι

276 1341 612 1416 στράτευμα.
673 1344 778 1404 Οἷς
836 1340 903 1413 δὴ
963 1347 1060 1399 τοῦ
1117 1344 1391 1419 Καίσαρος
1450 1343 1645 1421 λόγοις
1697 1345 1938 1419 καθάπερ

277 1426 560 1505 ἰνδελεχει
636 1431 925 1509 βουπλῆγι
998 1434 1333 1508 τιτρώμενος
1410 1432 1637 1508 ἆνένηψέ
1710 1454 1769 1488 τε
1840 1437 1939 1489 τοῦ

273 1518 449 1594 κάρου
512 1520 601 1575 καὶ
663 1526 765 1590 τῆς
822 1520 1053 1592 ἇκηδίας
1123 1523 1503 1598 μεθήρμοττο,
1573 1524 1661 1577 καὶ
1730 1522 1936 1596 ἤρξατο

273 1606 563 1677 συλλέγειν
611 1608 992 1685 συμμαχικόν.
1046 1613 1135 1681 Μὴ
1187 1610 1433 1687 εὐπορεῖν
1468 1608 1525 1666 δὲ
1571 1610 1748 1686 λέγων
1798 1629 1940 1686 χρυ-

271 1701 437 1771 σίων,
498 1699 559 1754 ἐκ
610 1705 719 1755 τῶν
783 1700 1086 1776 βασιλικῶν
1141 1702 1405 1774 ταμιείων
1464 1701 1694 1776 ἀργύρεα
1769 1699 1934 1772 σκεύη

269 1787 615 1863 ἀνελόμενος
670 1791 1069 1865 παρακατέθετο
1119 1794 1287 1846 ταῦτα
1330 1796 1448 1852 τοῖς
1492 1789 1724 1867 χρυσίου
1765 1791 1937 1846 εὐπο-

2057 629 2292 696 bebant,
2326 635 2754 704 Oppigneravit,
2788 639 2846 690 et
2876 637 3179 706 pecuniam
3219 638 3355 694 inde
3406 647 3704 714 acceptam

2057 721 2127 775 ad
2162 720 2553 793 colligendum
2581 725 2896 779 exercitum
2932 725 3544 799 distribuit,quamvis
3576 742 3708 802 post

2055 809 2356 866 victoriam
2388 826 2493 867 nec
2549 812 2853 882 pecuniam
2915 814 3130 869 restitit
3185 823 3243 870 et
3286 832 3423 871 vasa
3456 816 3551 872 illa
3580 819 3709 874 abs-

2055 896 2211 952 tulit.
2244 897 2548 954 Conradus
2578 889 2712 956 vero
2743 903 2951 971 exiguo
2982 907 3247 974 tempore
3292 904 3516 976 equites
3558 906 3710 962 Lati-

2054 1001 2162 1040 nos
2186 984 2243 1040 in
2280 987 2421 1042 urbe
2450 987 2680 1043 circiter
2709 990 2838 1043 CCL
2860 990 3050 1060 coegit
3078 1007 3283 1047 omnes
3338 991 3493 1049 viros
3526 994 3701 1050 belli-

2052 1072 2408 1144 cosissimos,
2431 1082 2490 1132 et
2522 1077 2744 1148 pedites
2782 1079 2844 1145 D,
2878 1095 2985 1135 nec
3021 1080 3182 1149 pauci
3205 1097 3273 1136 ex
3297 1081 3628 1151 Ismaelitis,
3649 1078 3704 1140 el

2051 1161 2433 1220 Orientalium
2467 1165 2698 1222 Iberum
2734 1169 2926 1235 multi,
2951 1169 3047 1240 qui
3073 1170 3409 1242 negotiandi
3433 1188 3609 1229 causa
3640 1172 3701 1229 in

2053 1250 2254 1308 urbem
2313 1259 2612 1318 venerant,
2676 1256 2913 1312 nomina
2973 1257 3193 1313 militiae
3251 1259 3558 1315 dederunt.
3618 1262 3700 1318 Ex

2048 1355 2260 1412 genere
2291 1341 2621 1399 illustribus
2652 1349 2709 1399 et
2739 1345 2956 1418 alioqui
2999 1347 3281 1417 palatium
3332 1349 3700 1420 frequentare

2049 1429 2239 1487 solitis
2271 1432 2339 1487 ad
2362 1432 2521 1489 mille
2553 1435 3168 1492 connumeratisunt.
3205 1436 3507 1493 Conradus
3564 1455 3697 1494 vero

2046 1523 2207 1575 tanta
2236 1522 3162 1597 contentione500imperatoris
3215 1534 3405 1599 partes
3443 1529 3693 1586 tuendas

2047 1610 2326 1679 suscepit,
2371 1616 2435 1665 ut
2480 1613 2551 1667 ab
2611 1614 2888 1669 omnibus
2945 1615 3229 1670 divinitus
3288 1619 3507 1673 missus
3560 1635 3692 1675 esse

2045 1701 2303 1768 tempore
2323 1702 2575 1756 maxime
2624 1703 2951 1758 necessario
2989 1704 3341 1761 crederetur.
3378 1708 3564 1778 Atque
3596 1708 3696 1762 ali-

2046 1788 2279 1856 quando
2303 1790 2371 1843 ad
2397 1788 2803 1861 imperatorem
2820 1794 3219 1850 comedentem
3242 1796 3694 1867 ingressuscum

277 1884 434 1956 ροῦσι
491 1880 763 1953 τεμένεσι,
802 1880 891 1936 καὶ
939 1880 1006 1936 τὰ
1051 1879 1250 1936 ἐκεῖθεν
1297 1880 1621 1956 πορισθέντα
1668 1883 1920 1957 χρήματα

2045 1875 2299 1946 suspirio
2321 1876 2501 1931 dixit:
2535 1898 2561 1931 ι
2589 1879 2820 1934 Utinam
2873 1880 2955 1935 ita
2994 1896 3114 1936 rem
3145 1881 3408 1939 bellicam
3434 1901 3692 1952 curares,

272 1967 355 2029 εἰς
411 1966 689 2045 συλλογὴν
751 1965 979 2024 διὶδωκε
1029 1974 1303 2043 στρατιᾶς,
1360 1967 1457 2024 κᾶν
1514 1968 1734 2045 ὕστερον
1795 1969 1920 2043 μετᾶ

2041 1963 2391 2022 utalaeriter
2411 1966 2482 2022 ad
2505 1982 2681 2022 casnae
2711 1967 2980 2024 lautioias
3030 1972 3289 2026 aceurris
3338 1976 3395 2026 et
3421 1974 3687 2028 animum

269 2058 378 2126 τὴν
410 2057 559 2128 νίκην
601 2058 696 2113 καὶ
742 2059 805 2113 τὸ
844 2057 1076 2133 χρυσίον
1128 2059 1227 2113 οὐκ
1275 2055 1521 2114 ἀπέδωκε
1579 2058 1667 2113 καὶ
1707 2058 1776 2112 τὰ
1821 2077 1930 2113 πα-

271 2147 697 2221 ρακατατεθέντα
772 2148 1036 2204 ἀνείλετο.
1110 2145 1333 2222 ’Δμὲλει
1420 2148 1510 2202 καὶ
1604 2147 1656 2201 ἐν
1726 2149 1929 2222 βραχεῖ

268 2239 449 2309 καιρῷ
505 2237 534 2291 ὁ
596 2237 690 2310 μὶν
751 2235 1027 2313 Κοῤῥαδος
1084 2237 1193 2292 ἀπὸ
1246 2241 1356 2293 τῶν
1411 2238 1549 2293 κατὰ
1602 2239 1702 2307 τήν
1762 2233 1926 2292 πόλιν

271 2327 588 2404 συναγήοχε
620 2325 865 2381 Λατίνων
898 2327 1131 2389 ἱππότας
1174 2328 1262 2400 [Ρ.
1309 2329 1438 2400 245]
1492 2325 1616 2402 περὶ
1664 2326 1792 2388 τοὺς
1842 2322 1924 2388 δὶς

267 2413 459 2469 ἑκατὸν
527 2414 617 2469 καὶ
670 2417 1027 2487 πεντήκοντα,
1086 2415 1293 2478 πάντας
1382 2414 1754 2490 ἇρειμανίους,
1830 2422 1923 2477 καὶ

265 2504 469 2574 πεζοὺς
496 2506 912 2568 πεντακοσίους.
955 2504 1070 2564 Οὔκ
1112 2504 1297 2583 ὀλίγοι
1346 2502 1393 2560 δ’
1438 2504 1922 2581 ἐστρατολῡγήθη-

261 2616 362 2649 σαν
398 2594 489 2650 καὶ
549 2595 658 2651 ἀπὸ
717 2596 1081 2670 Ἰσμαηλιτῶν
1137 2597 1227 2651 καὶ
1278 2600 1387 2651 τῶν
1455 2594 1605 2669 ἑῴων
1674 2592 1920 2671 Ἰϐήρων,

263 2687 385 2740 κατ’
462 2685 730 2759 ἐμπορίαν
808 2684 1178 2760 στειλαμένων
1251 2687 1352 2755 τήν
1429 2685 1483 2748 ἐς
1521 2688 1623 2755 τὴν
1666 2683 1923 2761 βασιλίδα

262 2778 376 2829 τῶν
402 2773 641 2832 πόλεων.
685 2776 764 2832 Τὸ
819 2772 876 2830 δὲ
928 2775 1051 2849 περὶ
1099 2777 1190 2830 τὸν
1245 2772 1473 2850 βασιλέα
1522 2775 1791 2849 ἐπίσημον
1841 2781 1921 2849 τῷ

264 2863 411 2940 γένει
449 2863 539 2919 καὶ
598 2863 785 2927 ἄλλως
837 2865 957 2940 περὶ
1010 2867 1111 2935 τὴν
1174 2862 1451 2940 βασιλειον
1507 2862 1684 2934 αὐλὴν
1746 2863 1921 2921 εἱλού-

273 2973 439 3027 μενον
487 2954 610 3029 περί
651 2954 776 3016 τοὺς
825 2952 1048 3029 χιλίους
1106 2953 1409 3029 ἠρίθμητο.
1462 2953 1747 3025 Τοσαύτην
1797 2951 1844 3009 δ’
1891 2955 1920 3009 ὁ

263 3038 553 3119 Κορῥάδος
615 3042 747 3117 ὑπὲρ
794 3046 892 3097 τοῦ
964 3047 1290 3117 κρατοῦντος
1354 3043 1702 3119 εἰσηνέγκατο
1749 3064 1923 3099 σπου-

266 3128 374 3201 δῆν
406 3129 546 3186 ὣστε
577 3130 925 3205 θεόπεμπτον
958 3133 1159 3206 ἀγαθὸν
1189 3131 1328 3187 κατᾶ
1355 3134 1542 3209 καιρὸν
1578 3137 1659 3205 τῷ
1703 3132 1919 3209 βασιλεῖ

258 3218 487 3277 ἐπιστάν
559 3226 678 3284 τοῖς
754 3220 949 3276 ἅπασὶν
1024 3220 1330 3297 ἐλογίζετο.
1406 3222 1561 3280 Ἔστι
1613 3220 1661 3277 δ’
1707 3222 1797 3278 ὅτε
1839 3228 1921 3297 τῷ

263 3308 487 3386 βασιλεῖ
516 3309 747 3367 ἐσθίοντι
779 3309 1057 3391 ἐποφθεὶς,
1090 3336 1117 3364 ιι
1148 3310 1277 3369 Ε’ἰθε
1307 3309 1504 3384 οὕτως,
1537 3335 1566 3365 ››
1621 3311 1916 3368 ὑποστενά-

257 3403 357 3474 ξας
391 3399 599 3475 εἴρηκε,
641 3425 669 3453 ιι
719 3404 829 3456 τῶν
888 3401 1025 3456 κατὰ
1069 3401 1162 3456 τὸν
1213 3401 1488 3479 ἐφεστῶτα
1536 3402 1781 3476 πόλεμον
1831 3402 1921 3458 ἑπ-

256 3488 494 3563 εμὲλου,
531 3486 713 3565 ὣσπερ
744 3489 872 3566 γίνῃ
903 3487 1313 3567 τρεχέδειπνος,
1346 3489 1435 3545 ἐπὶ
1461 3492 1529 3546 τὰ
1584 3491 1918 3568 προκείμενα

264 3578 540 3655 βρώματα
569 3577 962 3655 λιχνευόμενος
1002 3580 1090 3634 καὶ
1144 3578 1281 3650 ὅλην
1331 3580 1431 3649 τὴν
1489 3579 1750 3659 φροντίδα
1797 3586 1917 3645 τοῖς

254 3669 767 3742 παρακενουμένοις
843 3667 1127 3745 διαχαλῶν
1203 3666 1615 3745 δαιτρεύμασιν.
1652 3694 1679 3723 ιι
1723 3673 1784 3730 '0
1859 3669 1916 3726 δὶ

244 3757 573 3833 ἐρυθριάσας
604 3757 693 3814 ἐπὶ
722 3762 802 3830 τῷ
857 3759 1064 3833 ῥήματι
1123 3759 1301 3833 τούτῳ
1348 3758 1439 3814 καῖ
1492 3758 1917 3836 πυῤῥωπότερος

244 3847 447 3925 φανεὶς
479 3847 672 3903 ἑαυτοῦ
729 3848 819 3902 καὶ
877 3845 1158 3921 μειδιάσας
1213 3843 1568 3924 βεϐιασμένον
1618 3845 1913 3905 ἐπελάϐετο

244 3943 357 4006 τῆς
390 3935 657 4015 χλανίδος
686 3942 786 3993 τοῦ
816 3937 1108 4014 Καίσαρος,
1165 3937 1256 3992 καὶ
1310 3933 1716 4009 διασεσοϐηκὼς
1765 3941 1912 3995 εἶπεν

246 4028 333 4089 ὡς
392 4048 415 4077 ι
460 4027 606 4084 Κατὰ
654 4046 866 4101 καιρον,
915 4028 962 4082 ὧ
1011 4027 1191 4097 οὗτος,
1241 4023 1675 4101 ἐστιαθησόμεθά
1717 4050 1776 4084 τε
1822 4029 1910 4084 καὶ

251 4116 640 4192 μαχεσόμεθα.
703 4140 730 4167 »
790 4116 1070 4191 Ἐγένοντο
1119 4114 1177 4171 δὲ
1225 4118 1315 4171 καὶ
1392 4114 1707 4190 διοσημεῖαι
1764 4138 1914 4189 τηνι-

246 4210 454 4263 καῦτα·
515 4203 727 4279 ἡμέρας
779 4206 883 4280 γὰρ
940 4206 1156 4280 ἀστέρες
1212 4204 1502 4280 ἐφάνησαν,
1566 4208 1654 4261 καὶ
1715 4208 1744 4261 ὁ
1802 4207 1908 4283 ἀήρ

245 4292 594 4369 ταραχώδης
668 4292 851 4371 ὤφθη,
926 4295 1015 4350 καὶ
1092 4294 1214 4370 περὶ
1266 4295 1359 4350 τὸν
1398 4293 1562 4366 ἥλιον
1601 4296 1746 4366 πάθη
1788 4297 1910 4351 τινὰ

246 4378 670 4456 συμϐεϐήκασιν
725 4387 759 4438 ἅ
814 4405 973 4461 φασιν
1054 4383 1293 4453 ἅλωνας,
1382 4385 1457 4448 ὡς
1519 4383 1659 4456 μηδὲ
1713 4389 1904 4441 τοῦτον

244 4473 492 4546 καθαρὸν
524 4472 615 4527 καὶ
646 4473 952 4541 ἀθόλωτον,
985 4472 1113 4530 ἄλλ’
1165 4472 1477 4551 ὠχρότερον
1530 4470 1902 4530 ἀποδισκεύειν

238 4564 310 4617 τὸ
361 4566 501 4641 φῶς.
564 4564 849 4631 Τοσαύτην
910 4560 979 4630 δ’,
1039 4562 1115 4626 ὼς
1174 4561 1411 4619 ἐνεδίδου
1467 4564 1532 4618 τὰ
1587 4563 1900 4639 πράγματα,

1951 3267 1994 3336 C

2039 2052 2099 2107 in
2134 2053 2350 2123 patinis
2380 2053 2582 2111 babes.
2620 2077 2647 2105 »ι
2673 2056 2750 2112 Eo
2779 2056 2932 2113 dicto
2986 2059 3304 2129 imperator
3340 2060 3598 2126 erubuit,
3630 2069 3691 2116 et

2041 2141 2329 2213 prehenso
2350 2141 2509 2198 illius
2541 2143 2717 2216 pallio
2737 2162 2870 2201 cum
2892 2146 3012 2203 risu
3050 2152 3246 2202 coacto
3265 2147 3482 2203 dixitzu
3527 2148 3685 2205 Heus

2041 2234 2125 2296 tu,
2158 2246 2266 2287 suo
2297 2235 2557 2304 tempore
2612 2238 2669 2289 et
2724 2234 3087 2292 cenabimus
3142 2241 3201 2291 et
3249 2236 3617 2294 bellabimus.
3653 2259 3680 2286 »ι

2038 2320 2186 2376 Tum
2219 2337 2451 2393 quoque
2476 2326 2702 2379 ostenta
2731 2331 3149 2396 apparuerunt.
3186 2325 3332 2382 Nam
3378 2326 3560 2382 stellae
3593 2326 3680 2382 in-

2036 2412 2223 2467 terdiu
2257 2418 2400 2469 sunt
2429 2419 2774 2485 conspectae,
2828 2433 2928 2472 aer
2977 2416 3353 2473 turbulentus
3410 2418 3540 2486 fuit,
3574 2419 3680 2473 cir-

2037 2499 2153 2556 culi
2192 2519 2339 2574 quas
2368 2520 2535 2559 areas
2566 2509 2775 2560 vocant
2829 2505 3011 2561 solem
3074 2506 3444 2563 ambiverunt
3480 2523 3495 2574 ;
3529 2508 3683 2564 unde

2037 2587 2236 2647 lumen
2290 2592 2417 2662 ejus
2466 2609 2583 2649 non
2637 2610 2850 2665 purum
2925 2596 3023 2651 sed
3086 2594 3360 2667 pallidius
3415 2596 3681 2654 emicuit.

2036 2679 2356 2751 Imperator
2409 2697 2544 2738 vero
2600 2687 2761 2738 tanto
2821 2683 3073 2740 exercitu
3141 2687 3336 2741 coacto
3395 2691 3681 2756 quantum

2035 2784 2124 2824 res
2147 2769 2438 2841 sinebant,
2467 2787 2583 2827 non
2618 2772 2839 2828 diutius
2872 2773 3268 2829 cunctandum
3303 2778 3360 2830 et
3388 2775 3501 2830 sub
3531 2778 3683 2831 tecto

2034 2857 2418 2915 desidendum
2450 2877 2580 2917 esse
2610 2864 2772 2917 ratus
2795 2866 2904 2928 est.
2936 2862 3037 2918 sed
3069 2862 3330 2919 vicissim
3375 2879 3539 2920 arma
3587 2881 3679 2922 se-

2033 2947 2264 3004 ditiosis
2319 2949 2640 3006 inferenda.
2712 2951 2913 3023 Itaque
2989 2952 3329 3010 thoracatus
3410 2956 3567 3011 intra
3612 2970 3679 3012 ea

2033 3036 2249 3093 mania
2277 3038 2493 3108 quibus
2522 3039 2750 3095 Manus]
2778 3039 3096 3111 imperator
3138 3041 3544 3100 Blacbernium
3578 3060 3674 3117 pa-

2030 3123 2238 3181 latium
2264 3128 2494 3194 muniit,
2520 3134 2685 3185 stans
2724 3128 3061 3199 bujusmodi
3107 3131 3369 3187 oratione
3396 3136 3676 3204 cognatos

2032 3220 2089 3270 et
2111 3218 2372 3288 proxime
2401 3222 2660 3274 astantes
2692 3217 2911 3275 milites
2933 3220 3302 3277 confirmavit
3326 3237 3339 3276 :
3363 3244 3392 3273 ιι
3422 3222 3678 3280 Omnino

2033 3309 2291 3375 prastat,
2324 3306 2559 3379 Deoqne
2587 3307 2812 3378 gratius
2869 3311 2981 3375 est,
3016 3312 3080 3365 ut
3117 3310 3341 3366 subditi
3400 3328 3504 3383 pro
3534 3310 3676 3383 legi-

2029 3393 2552 3467 timoimpsratore
2573 3398 2723 3455 ΜΠ
2788 3405 3049 3470 pugnent
3106 3415 3284 3471 quam
3353 3416 3480 3457 cum
3523 3402 3673 3457 sedi-

2027 3484 2172 3541 tioso
2203 3502 2271 3543 ac
2300 3487 2486 3544 civilis
2516 3488 2651 3546 belli
2682 3493 2918 3546 auctore
2947 3507 3010 3547 se
3066 3492 3445 3564 conjungant.
3478 3492 3538 3548 Si
3570 3494 3675 3564 qui

2026 3589 2161 3630 vero
2191 3581 2328 3630 sunt
2361 3592 2613 3648 quorum
2646 3579 2828 3635 animi
2860 3580 3133 3637 vacillent
3152 3596 3220 3636 ac
3242 3581 3543 3646 ﬂuctuant,
3576 3587 3678 3637 aut

2027 3665 2267 3721 omnino
2298 3666 2367 3721 ad
2402 3666 2751 3723 seditiosum
2783 3684 2996 3740 magno
3052 3668 3277 3739 impetu
3337 3668 3555 3723 amoris
3595 3669 3679 3723 t'e-

2027 3758 2316 3824 rantur,et
2346 3772 2519 3827 quem
2550 3756 2671 3813 beri
2706 3762 2771 3812 ut
2801 3758 3097 3831 mancipia
3141 3758 3445 3814 dominum
3488 3756 3680 3813 colue-

2026 3850 2185 3914 runt,
2217 3862 2350 3901 eum
2384 3846 2555 3902 hodie
2578 3847 2869 3919 rejiciant,
2903 3851 2973 3904 ah
2994 3849 3066 3905 iis
3087 3850 3461 3921 impetratam
3493 3847 3668 3905 velim

2024 3951 2145 3989 rem
2164 3936 2403 3990 omnino
2434 3936 2857 4006 aequissimam,
2883 3943 2943 3991 ut
2986 3938 3144 3992 domi
3179 3938 3448 3993 sedentes
3481 3937 3671 3992 neutri

2022 4023 2401 4094 Opitulentur,
2434 4024 2618 4078 donee
2649 4023 2845 4095 praelia
2903 4025 3193 4096 dirempta
3229 4026 3403 4081 fuerit
3430 4031 3664 4081 contro-

2018 4112 2225 4181 versis,
2260 4129 2326 4169 ac
2357 4118 2479 4167 tum
2544 4119 2606 4168 ut
2661 4113 2849 4168 caeteri
2898 4130 3029 4170 cum
3082 4115 3295 4171 victore
3326 4130 3387 4171 se
3415 4116 3660 4186 conjun-

2018 4206 2158 4273 gant
2183 4226 2197 4270 ;
2222 4209 2323 4258 aut
2343 4206 2539 4259 statim
2565 4208 2699 4259 ante
2721 4220 2974 4277 pugnam
3000 4206 3071 4261 ad
3097 4206 3321 4261 hostem
3353 4208 3565 4262 abeant
3595 4223 3660 4263 ac

2019 4308 2122 4364 pro
2143 4293 2274 4362 ejus
2297 4291 2484 4348 salute
2506 4291 2806 4361 dimicent,
2840 4309 2954 4364 quo
2985 4293 3233 4366 gratiam
3282 4297 3355 4350 ab
3387 4311 3454 4351 eo
3481 4296 3661 4351 victo-

2019 4384 2162 4439 riam
2198 4385 2406 4457 adepto
2440 4386 2713 4455 majorem
2745 4385 2966 4441 ineant.
2996 4385 3141 4442 Nam
3170 4404 3263 4444 me
3301 4388 3542 4460 quidem
3577 4390 3660 4444 la-

2017 4471 2126 4528 biis
2155 4472 2463 4541 honorare,
2498 4473 2670 4529 corde
2700 4489 2832 4529 vero
2886 4473 3052 4531 alteri
3111 4476 3376 4532 addictos
3425 4492 3553 4533 esse
3595 4493 3661 4533 ac

2015 4578 2188 4618 omne
2216 4562 2479 4618 studium
2514 4562 2756 4628 deferre,
2789 4563 2945 4619 haud
2978 4564 3098 4621 scio
3126 4583 3199 4621 an
3257 4565 3330 4622 ab
3379 4567 3497 4623 ullo
3528 4584 3658 4640 pro-

241 4655 628 4729 συνηθροικὼς
678 4655 707 4708 ὁ
760 4653 1021 4729 βασιλεὺς
1070 4654 1322 4730 στρατιὰν
1382 4649 1518 4731 ἔγνω
1570 4656 1646 4729 μή
1704 4652 1903 4710 ἀναδύ-

2031 4651 2141 4708 )ari
2172 4659 2271 4707 aut
2296 4652 2411 4708 Deo
2437 4651 2665 4724 placere
2723 4654 2929 4724 possit,
2954 4655 3053 4726 qui
3102 4657 3393 4727 aequitatis
3451 4673 3662 4714 amans

242 4743 399 4798 εσθαι
432 4748 522 4797 καὶ
557 4741 779 4816 μέλλειν
814 4743 977 4798 εἰσέτι
1020 4745 1328 4817 καθήμενος
1390 4743 1726 4823 ὑπωρόφιος,
1778 4742 1906 4800 ἀλλ’

243 4832 304 4887 ἐν
330 4836 412 4905 τῷ
465 4828 618 4903 μέρει
677 4832 766 4886 καὶ
826 4832 990 4894 αὐτὸς
1049 4832 1284 4912 ξιφήρης
1343 4831 1573 4906 ὀφθῆναι
1632 4836 1712 4905 τῷ
1771 4832 1910 4888 ἀπο-

245 4919 436 4994 στάτῃ.
473 4921 612 4983 Στὰς
641 4920 821 4976 τοίνυν
854 4922 1243 5000 θωρακοφόρος
1289 4918 1420 4976 εἴσω
1464 4919 1560 4977 τοῦ
1607 4917 1908 4997 περιϐόλου

244 5016 350 5080 τῆς
377 5009 620 5077 πόλεως,
652 5008 710 5065 ὅν
739 5012 769 5066 ὁ
817 5010 1069 5087 βασιλεὺς
1112 5012 1368 5088 ἀνήγειρε
1417 5013 1685 5081 Μανουήλ
1734 5005 1909 5087 ἔρυμα

248 5104 361 5155 τῶν
397 5098 449 5154 ἐν
486 5099 824 5179 Βλαχὲρναις
876 5101 1141 5176 ἀρχείων,
1190 5100 1559 5178 παρεθάρρυνε
1607 5100 1797 5177 λόγοις
1844 5102 1908 5157 τὸ

248 5190 504 5265 συγγενὲς
579 5190 669 5245 καὶ
744 5192 807 5245 τὸ
893 5192 1174 5266 παρεστὼς
1274 5190 1492 5266 ἐγγύθεν
1595 5187 1905 5260 ὁπλιτικὸν,

242 5278 435 5334 τοιάδε
490 5277 1022 5354 παρακελευόμενος
1084 5305 1111 5332 ιι
1175 5282 1434 5355 Κρεῖσσόν
1513 5279 1627 5335 ἐστι
1694 5277 1904 5350 δήπου·

242 5370 353 5437 θεν,
397 5368 490 5423 καὶ
539 5368 684 5444 παρά
729 5390 794 5445 γε
840 5373 960 5442 θεῷ
1006 5366 1433 5442 ἀνεπίγκλητον,
1495 5374 1593 5424 τού
1662 5367 1907 5443 ἐννόμως

242 5462 572 5527 κρατοῦντος
620 5456 1063 5535 προκινδυνεύειν
1112 5458 1240 5521 τοὺς
1293 5458 1382 5513 ὑπ’
1434 5458 1639 5534 ἀρχὴν,
1697 5456 1732 5527 ἢ
1772 5461 1901 5533 γοῦν

239 5548 570 5622 προσρέπειν
614 5546 771 5623 ἀνδρὶ
815 5551 1144 5625 νεωτεριστῇ
1192 5548 1281 5603 καὶ
1331 5548 1449 5603 κατ’
1500 5545 1769 5617 ἀλλήλων
1817 5545 1902 5602 εκ-

241 5635 636 5713 πολεμώσαντι
676 5641 739 5696 τὸ
770 5640 1148 5717 ὁμόγλωττον.
1181 5639 1250 5697 Εἰ
1282 5635 1340 5694 δὲ
1383 5658 1527 5701 τινες
1577 5638 1682 5693 εἶεν
1741 5658 1902 5712 μετα-

243 5722 620 5806 κυὸευομὲνην
674 5723 895 5806 ἔχοντες
925 5730 1026 5801 τήν
1071 5728 1300 5807 γνώμην
1352 5727 1443 5785 καὶ
1491 5725 1904 5806 ἁμφιτάλαντον

485 5850 755 5915 Panos.
803 5851 911 5914 Gs.
959 5848 1281 5917 CXXXIX.

2002 4743 2080 4796 ~in
2111 4741 2438 4797 animorum
2473 4758 2738 4797 recessus
2766 4742 3033 4814 inquirit.
3066 4744 3211 4800 Nam
3269 4746 3343 4801 ab
3400 4763 3466 4802 eo
3505 4748 3661 4818 quod

2018 4830 2091 4886 iis
2121 4832 2289 4903 pejus
2319 4834 2408 4886 est
2437 4847 2504 4885 ac
2526 4832 2790 4887 omnium
2814 4833 3664 4903 impudentissimum,animus

2017 4935 2250 4991 quoque
2284 4920 2579 4987 abhorret,
2613 4920 2876 4976 videlicet
2905 4937 2972 4976 ne
3006 4922 3108 4994 qui
3158 4938 3368 4995 pugna
3399 4928 3663 4993 tempore

2017 5010 2087 5065 ad
2119 5015 2433 5082 tyrannum
2494 5008 2773 5065 deﬁciant
2835 5014 2892 5066 et
2950 5012 3225 5083 probatos
3275 5011 3448 5067 etiam
3507 5013 3660 5067 viros

2015 5098 2276 5169 exemplo
2308 5115 2415 5154 suo
2447 5105 2845 5171 corrumpant.
2879 5099 2939 5155 Id
3000 5100 3156 5171 quod
3188 5100 3245 5155 in
3281 5100 3484 5155 avibus
3528 5116 3655 5170 qua

2016 5188 2298 5260 gregatim
2331 5186 2526 5243 volant
2547 5189 2828 5244 cernitur.
2861 5187 3005 5243 Nam
3041 5189 3135 5243 ubi
3165 5205 3282 5244 una
3318 5186 3661 5256 subvolarit,

2017 5275 2252 5348 reliqum
2284 5294 2489 5332 omnes
2545 5294 2661 5332 una
2721 5276 2944 5332 avolant
2975 5293 2989 5330 :
3037 5277 3134 5331 ubi
3168 5293 3285 5333 una
3314 5277 3662 5346 consederit,

2016 5367 2251 5438 reliquae
2281 5368 2455 5422 etiam
2480 5368 2849 5423 consident.»
2879 5370 3007 5422 Hec
3058 5372 3364 5439 propterea
3410 5367 3656 5438 dicebat,

2015 5460 2167 5528 quod
2222 5455 2505 5510 Joannem
2564 5456 2717 5512 οοα
2794 5454 3311 5512 sebastocratorem
3387 5463 3661 5528 patruum

2014 5564 2186 5603 suum
2212 5551 2548 5618 suspectum
2575 5545 2822 5601 habebat
2844 5551 2906 5601 ut
2929 5550 2986 5601 et
3017 5546 3194 5602 veteri
3229 5547 3663 5604 necessitudine
3752 5558 3753 5561 ‘

2012 5643 2069 5693 et
2098 5635 2311 5692 recenti
2335 5633 2619 5690 atﬁnitate
2648 5650 2781 5689 cum
2824 5635 3011 5692 Brana
3059 5637 3462 5708 conjunetum,
3496 5638 3664 5707 cujus

2011 5724 2194 5783 filiam
2225 5739 2341 5782 non
2375 5722 2456 5778 ita
2476 5721 2705 5795 pridem
2726 5724 2845 5782 tilio
2867 5742 2974 5783 suo
2993 5727 3399 5800 desponderat.
3432 5726 3661 5796 Quibus

3351 5848 3431 5911 ﬂ

3601 417 3717 477 746
3822 442 3823 447 η
