4112 6218
432 382 548 443 ’ΤΠ

1740 375 2047 438 ΝΙΟΕΤιΕ
2087 375 2513 440 CHONIATE

3728 381 3845 443 Ἰιὸ

437 521 623 579 verbis
655 536 789 577 cum
821 533 1024 575 omnes
1043 515 1141 572 alii
1186 514 1517 582 doluerunt,
1549 517 1676 569 tum
1722 516 2069 570 sebaslocra-

2183 512 2218 582 ἢ
2267 518 2706 589 προσκεχηνυῖαν
2757 512 2897 584 ὅλην
2958 517 3041 585 τῷ
3098 511 3401 583 ἀποστάτη,
3463 513 3555 568 καὶ
3604 510 3852 585 δυσερώ-

431 617 543 679 tor,
579 616 643 666 ut
672 625 901 665 omnem
931 606 1323 677 suspicionem
1357 622 1390 660 a
1416 620 1478 660 se
1506 610 1815 670 amoveret,
1846 619 2081 660 omnem

432 701 713 755 familiam
745 714 914 753 suam
962 703 1019 752 et
1065 695 1446 763 semetipsum
1504 694 1887 749 atrocissimis
1939 693 2083 748 diris

429 787 821 855 devovebat,si
866 801 1124 857 unquam
1176 784 1247 840 ad
1298 789 1544 838 Branam
1592 783 1837 838 deﬁcere
1873 782 1931 837 in
1962 784 2083 837 ani-

430 893 528 947 mp
562 876 880 931 habuisset.
916 875 1114 945 Neque
1146 873 1299 929 enim
1326 889 1388 927 se
1411 872 1494 927 ita
1520 888 1649 927 esse
1666 872 1839 926 ofﬁcii
1877 871 2081 927 rudem

428 975 526 1023 aut
556 971 718 1022 senio
750 964 1018 1031 delirare,
1054 970 1115 1018 ut
1147 963 1339 1018 fratris
1374 961 1561 1017 filium
1590 963 2025 1033 imperatorem,
2049 979 2084 1017 a

429 1072 549 1127 quo
580 1056 651 1111 ab
680 1054 795 1110 alia
825 1052 1113 1124 dignitate
1138 1054 1208 1107 ad
1240 1051 1417 1108 aliam
1449 1056 1751 1123 promotus
1781 1056 1947 1116 esset,
1977 1051 2079 1106 ad.

426 1162 582 1200 venis
612 1144 719 1200 sub
752 1144 846 1199 dio
875 1142 1152 1209 versanti,
1176 1142 1345 1210 cujus
1377 1142 1636 1196 animum
1667 1154 1805 1211 erga
1821 1156 1885 1195 se
1916 1140 2082 1195 inex~

2191 625 2299 659 τως
2340 605 2509 660 αὐτοῦ
2546 604 2851 680 έξέχονται,
2902 606 2991 661 καὶ
3032 605 3092 660 ὅν
3142 606 3273 680 χθὲς
3319 605 3395 666 ὡς
3448 602 3718 675 δεσπότην
3769 601 3853 659 δεο

2191 695 2488 770 σμόχειρες
2548 695 2889 770 ἐθεράπευον,
2954 700 3148 750 τοῦτον
3231 694 3481 758 ἀθετοῦσι
3573 696 3845 768 σήμερον,

2196 780 2411 853 αἴτησιν
2464 786 2664 855 ταύτην
2721 784 2919 845 αὐτοὺς
2974 783 3232 855 αἰτοῦμαι
3308 780 3686 853 δικαιοτάτην,
3756 782 3844 838 ἐπὶ

2192 871 2347 928 οἴκου
2410 872 2605 941 ἷζάνειν
2662 871 2858 948 μηδενί
2900 873 3299 948 ἐπαρήγοντας,
3345 870 3450 937 ’έως
3494 872 3555 927 ἄν
3606 872 3842 945 πολέμῳ

2193 958 2496 1035 διακριθείη
2531 963 2599 1017 τὰ
2646 964 2944 1037 πράγματα
2995 962 3086 1015 καὶ
3131 962 3213 1031 τῷ
3257 965 3479 1015 νικῶντι
3528 962 3667 1036 πρὸς
3726 966 3846 1025 τοῖς

2192 1047 2388 1110 ἄλλοις
2423 1051 2842 1119 ὑποπεσοῦνται,
2890 1050 2925 1118 ἤ
2979 1056 3319 1125 μεταχωρεῖν
3367 1048 3422 1111 ἔς
3458 1051 3553 1105 τὸν
3600 1050 3842 1105 ἀποστά-

2189 1159 2288 1208 την
2324 1138 2375 1209 έε
2424 1140 2593 1209 αὐτῆς
2637 1140 2728 1194 καὶ
2770 1138 2878 1212 πρὸ
2927 1136 3094 1208 τῆσδε
3138 1146 3239 1208 τῆς
3290 1140 3619 1212 συμπλοκῆς
3665 1139 3845 1195 κάκεί-

424 1235 706 1305 ploratum
760 1232 1014 1301 haberet,
1093 1230 1167 1287 ob
1254 1229 1360 1285 filii
1453 1229 1689 1301 nuptias
1770 1228 2069 1300 posthabe-

2191 1248 2287 1282 νου
2343 1228 2721 1302 προπολεμεῖν
2777 1249 2836 1283 τε
2889 1228 2980 1283 καὶ
3037 1226 3492 1302 προκινδυνεύειν,
3552 1230 3706 1290 ὅπως
3753 1229 3842 1283 καὶ

426 1329 532 1379 ret.
2192 1319 2351 1392 χάριν
2425 1316 2621 1373 εἴσεται
2696 1319 2927 1374 πλείονα
2998 1320 3286 1395 τροπαίοις
3361 1317 3678 1390 ἀναδηθείς.
3755 1320 3842 1380 Ὠς

427 1412 559 1485 τόγε
614 1408 738 1483 ἐμοὶ
814 1410 908 1483 μὶν
967 1405 1415 1483 προσκολλᾶσθαι
1475 1407 1564 1461 καὶ
1623 1406 1836 1481 χείλεσι
1894 1411 2081 1480 τιμᾷ-θ,
2138 1405 2304 1480 ἑτέρῳ
2363 1404 2420 1462 δέ
2475 1408 2919 1483 προσνενευκέναι
2975 1414 3044 1483 τῇ
3092 1406 3288 1482 καρδίᾳ
3346 1408 3576 1481 κακείνῳ
3650 1409 3845 1464 ἀπονέε-

432 1521 552 1575 μειν
610 1499 750 1554 ἀπαν
808 1499 871 1553 τὸ
929 1499 1239 1573 πρόθυμον,
1297 1496 1399 1552 οὐκ
1454 1493 1576 1551 οἶδα
1633 1494 1688 1551 εἴ
1737 1516 1822 1559 τις
1880 1497 1970 1551 καὶ
2029 1496 2388 1567 ἐπαινέσεται,
2439 1495 2477 1567 ἤ
2528 1497 2679 1562 ὅπως
2726 1498 3154 1575 ζυγοστατηθείη
3208 1500 3354 1572 παρά
3426 1503 3567 1569 Θεῷ,
3639 1498 3699 1561 ὅς
3745 1500 3845 1561 τὰς

424 1591 514 1647 έπι
571 1593 804 1662 στήθους
856 1589 1067 1651 έννοίας
1117 1588 1346 1657 ἐξετάζει
1399 1583 1783 1663 φιλοδικαίως.
1860 1587 1936 1642 Τὸ
2000 1588 2103 1662 γὰρ
2164 1584 2242 1641 ἔτι
2302 1588 2508 1642 τούτων
2571 1593 2760 1663 χεῖρον
2812 1589 2904 1644 καὶ
2959 1586 3333 1644 ἀναιδέστατον
3392 1586 3519 1643 οὐδὲ
3578 1589 3841 1663 βαλεσθαι

425 1682 737 1756 προάγομαι
796 1679 929 1733 κατά
983 1682 1129 1747 νοῦν,
1194 1674 1439 1731 τουτέστι
1488 1676 1580 1731 τὸν
1640 1680 1739 1731 τοῦ
1796 1674 2049 1750 πολέμου
2102 1677 2289 1751 καιρὸν
2369 1676 2711 1751 αὐτομολίας
2789 1677 3109 1753 ἐργάζεσθαι
3186 1679 3321 1751 πρὸς
3404 1678 3498 1732 τὸν
3554 1678 3834 1752 τύραννον,

424 1768 516 1825 καὶ
548 1770 713 1824 κακὸν
744 1773 863 1831 τοῖς
892 1766 1171 1829 ἐκλεκτοῖς
1220 1764 1445 1839 ἀνδράσι
1493 1768 1811 1840 προκεῖσθαι
1863 1769 1949 1838 [Ρ.
2000 1769 2127 1837 246]
2172 1763 2521 1841 παράδειγμα
2570 1766 2649 1831 εἲς
2691 1768 2753 1822 τὸ
2802 1768 3266 1840 συμμεθίστασθαί
3319 1788 3467 1846 σφισι
3518 1768 3611 1822 καὶ
3664 1788 3837 1843 προσε-

424 1858 672 1930 ἀπαίρειν
749 1857 825 1920 εἷς
899 1853 1103 1931 ἕτερον,
1182 1854 1213 1910 6'
1285 1855 1421 1910 κᾶπὶ
1494 1860 1613 1916 τοῖς
1688 1852 1961 1929 ἀγεληδὸν
2039 1854 2362 1928 πετομένοις
2439 1861 2665 1926 πτηνοῖς
2741 1858 2956 1931 ὁρῶμεν
3027 1859 3334 1932 γινόμενον·
3391 1858 3508 1918 ἑνὸς
3552 1858 3659 1932 γὰρ
3708 1857 3839 1913 ἀνα-

426 1948 660 2010 πτάντος
718 1947 810 2002 καὶ
866 1948 935 2001 τά
990 1944 1162 2001 λοιπά
1219 1941 1473 2019 ῥοιζηδὸν
1533 1945 1957 2016 συνανίπτανται,
2016 1945 2106 1999 καὶ
2194 1948 2262 2017 τῇ
2334 1950 2435 2000 τοῦ
2509 1945 2692 2020 ἑτέρου
2765 1946 3095 2002 καταπαύσει
3170 1945 3553 2002 συστέλλουσιν
3628 1948 3840 2003 ἅπαντα

424 2038 488 2093 τὸ
519 2036 737 2112 πτερόν.
772 2058 801 2087 ››
866 2037 1046 2093 Ταῦτα
1099 2032 1147 2089 δ’
1206 2032 1501 2111 ἐφθέγγετο
1553 2030 1622 2087 δι’
1693 2035 1929 2107 ὑποψίας
1987 2030 2133 2109 ἔχων
2190 2036 2281 2089 τὸν
2340 2035 2476 2108 πρὸς
2528 2036 2734 2110 πατρὸς
2789 2038 2931 2092 θεῖον
2984 2036 3077 2091 τὸν
3137 2030 3601 2112 σεϐαστοκράτορα
3659 2038 3841 2095 Ἰωάνο

425 2150 524 2199 νην
584 2130 660 2193 ὡς
715 2126 886 2183 πάλαι
940 2146 999 2181 τε
1043 2131 1124 2198 τῷ
1181 2127 1360 2200 Βρανᾷ
1430 2128 1635 2195 συνήθη
1695 2125 1785 2179 καὶ
1839 2122 2013 2199 ὀλίγῳ
2067 2125 2332 2200 πρότερον
2387 2132 2489 2196 τῆς
2546 2126 2873 2189 άποστασίας
2933 2129 3114 2203 γάμον
3196 2128 3319 2181 υἱοῦ
3389 2127 3621 2191 θύσαντα
3693 2128 3837 2199 μετὰ

429 2218 696 2294 θυγατρὸς
746 2220 845 2272 τοῦ
903 2217 1101 2290 Βρανᾶ.
1153 2216 1272 2291 Ἐφ’
1314 2216 1397 2277 οἷς
1455 2216 1545 2268 καὶ
1617 2213 1735 2268 ὅσοι
1784 2214 1878 2286 μὲν
1931 2212 2210 2289 ἐπλήρουν
2264 2216 2356 2269 τὸν
2400 2216 2524 2270 τότε
2575 2216 2846 2292 σύλλογον
2896 2215 2958 2271 οὐ
3013 2221 3224 2291 μικρῶς
3290 2215 3638 2287 έπαθήναντο,
3693 2217 3723 2270 6
3769 2213 3831 2270 δὲ

426 2302 879 2381 σεϐαστοκράτωρ
946 2303 1086 2359 ’ἁπαν
1146 2304 1341 2359 ἑαυτοῦ
1394 2305 1659 2377 μεθιστῶν
1718 2302 1958 2358 ὕποπτον
2015 2303 2521 2377 παλαμναιοτάταις
2581 2304 2735 2381 ἂραῖς
2791 2304 2919 2369 τοὺς
2988 2308 3106 2361 κατ’
3183 2306 3334 2360 οἶκον
3411 2305 3644 2367 ἅπαντας
3698 2305 3835 2360 εαυ-

420 2397 519 2449 τοῦ
564 2394 655 2449 καί
703 2392 889 2447 ἑαυτὸν
948 2389 1015 2461 δὴ
1065 2383 1500 2457 καθυπέϐαλλεν,
1550 2388 1599 2444 εἴ
1651 2387 1798 2452 ὅλως
1850 2388 2073 2464 έγνώκει
2120 2391 2255 2446 ποτὶ
2302 2395 2381 2461 τῷ
2430 2394 2603 2464 Βρανᾷ
2648 2394 3072 2465 προσθήσεσθαι·
3124 2390 3265 2466 μηδὲ
3312 2392 3418 2469 γάρ
3466 2392 3643 2455 οὕτως
3689 2391 3836 2447 εἶναι

421 2488 521 2540 τοῦ
559 2486 901 2555 καθήκοντος
958 2480 1152 2551 ἀδαής,
1184 2480 1343 2550 ἢτὸν
1399 2484 1525 2534 νοῦν
1582 2480 1685 2536 ὑπὸ
1744 2485 1846 2534 τοῦ
1899 2483 2086 2555 γήρως
2145 2480 2560 2537 ἀπολωλεκέναι
2616 2483 2707 2536 καὶ
2759 2482 3065 2552 ἠλιθιάζειν
3122 2483 3481 2549 παντάπασιν,
3536 2483 3613 2546 ὡς
3666 2479 3839 2538 ἀδελ-

425 2569 693 2650 φόπαιδος
755 2569 1022 2646 βασιλέως
1077 2570 1169 2626 καὶ
1218 2569 1325 2625 ἀπὸ
1383 2567 1544 2640 δόξης
1604 2569 1680 2630 εἷς
1758 2566 1911 2638 δόξαν
1987 2569 2390 2645 μετωρίσαντος
2460 2572 2551 2626 τὸν
2626 2571 2889 2648 ὕπαιθρον
2964 2572 3055 2627 καὶ
3124 2569 3333 2643 ἔπηλυν
3390 2570 3833 2642 ἀνταλλάξασθαι

419 2658 494 2717 δι’
540 2660 860 2741 ἀγχιστείαν
917 2657 1136 2730 παιδὸς,
1194 2658 1285 2714 καὶ
1335 2654 1393 2714 ὅν
1449 2659 1549 2714 οὐκ
1606 2656 1784 2729 ἴσησιν
1844 2654 2087 2734 ἀκριϐῶς
2144 2657 2188 2713 εί
2248 2656 2600 2731 διανοήσαιτο
2656 2657 2930 2732 δήπουθεν
2989 2661 3071 2716 ἐπ’
3127 2662 3275 2734 αὐτῷ
3331 2662 3422 2716 καὶ
3490 2660 3705 2737 δράσειε
3763 2661 3837 2717 τά

419 2752 785 2832 χρηστότερα.

486 2844 542 2899 8.
565 2845 708 2901 Cum
742 2842 963 2897 Branas
992 2856 1131 2897 suos
1186 2838 1400 2895 milites
1450 2838 1509 2893 in
1559 2838 1744 2894 aciem
1798 2838 2069 2895 eduxisse

2247 2839 2311 2902 θ’.
2372 2839 2522 2895 Ἐπεὶ
2588 2836 2633 2894 δ’
2712 2838 2896 2896 ἐκάλει
2980 2840 3170 2917 καιρὸς
3261 2840 3553 2915 παράταξιν
3642 2840 3733 2895 καὶ
3798 2840 3830 2895 6

420 2932 793 2989 nuntiaretur
821 2935 879 2986 et
900 2946 1108 3002 pugnis
1135 2935 1368 3000 tempus
1403 2942 1533 2982 esse
1572 2926 1883 2992 videretur,
1916 2942 2069 2998 aper-

2184 2927 2495 2998 ἀποστάτης
2527 2926 2798 2984 έκτάσσειν
2826 2929 2922 2994 τὰς
2955 2930 3155 2993 οἰκείας
3185 2928 3443 3003 δυνάμεις
3497 2929 3834 3006 ἠγγέλλετο,

421 3021 499 3078 tis
528 3020 713 3092 portis
733 3018 947 3074 milites
969 3022 1310 3088 erumpunt,
1344 3021 1761 3088 protostratore
1806 3016 2069 3073 Manuele

2183 3015 2557 3073 ἀνακλίνονται
2617 3018 2712 3092 μὶν
2764 3020 2821 3073 αἱ
2869 3018 3037 3075 πύλαι
3091 3026 3192 3090 τῆς
3249 3019 3490 3087 πόλεως,
3542 3018 3838 3098 ἐκχέονται

421 3114 680 3181 Camyze,
714 3108 813 3180 qui
848 3106 1184 3177 imperatori
1218 3106 1288 3160 ad
1323 3105 1772 3160 conducendum
1824 3104 2071 3159 militem

425 3213 541 3253 non
558 3212 791 3267 parvam
814 3195 1121 3267 pecuniam
1138 3194 1749 3265 suppeditaret,cornu
1766 3192 2071 3248 sinistrum

425 3286 745 3342 obtinente.
780 3290 921 3340 Nam
975 3300 1109 3339 cum
1162 3283 1362 3339 Branaa
1419 3281 1869 3338 inimicissimus
1919 3286 2075 3338 esset

424 3389 614 3447 neque
644 3390 807 3448 spem
836 3374 1050 3430 bonam
1109 3373 1345 3439 foveret,
1402 3372 1450 3427 si
1516 3372 1567 3427 is
1606 3372 1758 3427 ΜΒ
1796 3372 2070 3439 vinceret,

423 3480 630 3521 omnes
659 3479 798 3520 suas
836 3479 976 3535 opes
1007 3460 1337 3533 imperatori
1365 3466 1672 3532 aperuerat
1692 3465 1749 3516 et
1782 3466 2067 3532 quantum

421 3552 594 3610 vellet
627 3553 763 3609 inde
792 3567 1026 3608 sumere
1057 3550 1421 3623 permiserat,
1482 3548 1692 3605 melius
1743 3565 1872 3606 esse
1903 3554 2067 3605 ratus

422 3645 659 3713 propter
686 3640 1095 3712 imperatorem
1128 3638 1376 3693 amicum
1408 3642 1465 3693 et
1505 3642 1820 3709 cognatum
1868 3642 2067 3693 omnia

421 3748 531 3788 sua
559 3731 712 3788 bona
738 3730 1053 3796 effundere,
1083 3744 1288 3800 eaque,
1319 3728 1369 3784 si
1390 3726 1644 3794 vicisset,
1677 3743 1809 3783 cum
1849 3728 2066 3800 gratia-

422 3837 551 3878 rum
584 3824 811 3878 actione
842 3824 900 3876 et
929 3820 1127 3876 tenore
1158 3817 1433 3890 recipere,
1469 3834 1644 3889 quam
1673 3817 1828 3872 domi
1868 3833 2058 3873 asser-

419 3927 552 3968 vare
571 3909 794 3967 homini
814 3908 1023 3976 alieno,
1058 3909 1269 3963 infesto
1320 3915 1374 3963 et
1415 3907 1665 3978 ingrato,
1698 3907 1757 3963 in
1797 3906 2056 3962 derisum

2184 3102 2244 3161 δὲ
2298 3108 2364 3163 τὰ
2413 3107 2804 3183 στρατεύματα.
2859 3110 2963 3165 Καὶ
3011 3110 3075 3165 τὸ
3131 3109 3227 3180 μὶν
3283 3109 3566 3182 εὐώνυμον
3613 3111 3776 3186 κέρας
3807 3113 3838 3168 6

2181 3198 2622 3271 πρωτοστράτωρ
2693 3196 2881 3273 ἐπεῖχε
2966 3198 3228 3269 Μανουὴλ
3286 3199 3314 3253 6
3374 3198 3700 3272 Καμύτζης,
3776 3200 3840 3264 ὅς

2182 3282 2282 3340 οὒκ
2355 3284 2510 3363 έλίγα
2583 3292 2662 3360 τῷ
2740 3286 2959 3362 βασιλεῖ
3031 3289 3343 3364 ἐχορήγησε
3404 3291 3676 3367 χρήματα
3740 3311 3843 3345 κα-

2178 3373 2246 3427 τὰ
2286 3374 2388 3441 τὴν
2444 3374 2569 3429 τότε
2617 3375 2915 3449 γενομένην
2967 3380 3075 3432 τῶν
3143 3376 3385 3432 ὁπλιτῶν
3452 3375 3836 3454 ξενολόγησιν·

2178 3455 2429 3536 ἔχθιστος
2456 3464 2559 3540 γάρ
2601 3461 2674 3519 ὢν
2726 3468 2806 3537 τῷ
2863 3467 3064 3539 Βρανᾷ,
3122 3462 3255 3540 μηδ’
3307 3464 3539 3542 ἀγαθαῖς
3598 3465 3833 3529 έννοίαις

2180 3547 2531 3623 βαλλόμενος
2604 3551 2758 3628 ε’ίπερ
2836 3552 2918 3625 εἴη
3001 3553 3443 3630 ἒπικρατίστερος
3497 3556 3527 3609 6
3594 3556 3828 3630 Βρανᾶς,

2176 3645 2344 3695 πᾶσαν
2404 3641 2502 3710 τήν
2561 3642 2751 3699 οὐσίαν
2811 3643 3036 3720 βασιλοῖ
3086 3643 3412 3719 ἀνεκάλυψε,
3475 3645 3567 3700 καὶ
3619 3646 3827 3718 ταύτης

2173 3732 2363 3788 ὁπόσιν
2424 3732 2684 3809 βούλοιτο
2755 3733 2919 3811 μέρος
2975 3735 3334 3792 έποδάσασθαι
3403 3739 3815 3814 συγκεχώρηκε,

2170 3828 2416 3898 κρεῖσσον
2493 3822 2700 3894 οἷήθεὶς
2780 3826 2912 3900 ὑπὲρ
2990 3824 3263 3902 βασιλέως
3339 3826 3638 3905 φιλοῦντος,
3715 3826 3810 3879 καὶ

2169 3917 2504 3987 προηενοῦς
2572 3913 2971 3988 καταπροέσθαι
3037 3916 3101 3971 τὰ
3166 3915 3299 3972 ὄντα
3359 3915 3649 3988 ξύμπαντα,
3712 3911 3809 3968 καὶ

421 4017 593 4058 suum
625 4006 682 4057 et
712 4015 1007 4055 summam
1042 3997 1204 4052 illius
1231 3996 1728 4053 commoditatem.
1770 3995 1832 4050 In
1867 3996 2067 4052 dextro

2180 4001 2354 4058 πλείω
2434 4003 2697 4066 νικῶντος
2803 4006 2919 4078 μετ’
3005 4005 3354 4081 εὐχαριστίας
3436 4002 3820 4078 ἀπολήψεσθαι

420 4106 599 4146 cornu
634 4089 761 4161 ipse
810 4089 1126 4159 imperator
1198 4085 1441 4152 curavit,
1501 4084 1557 4139 in
1596 4100 1708 4155 quo
1761 4083 2067 4141 lectissimi

421 4180 640 4252 quique
669 4184 726 4234 et
755 4178 938 4234 armis
968 4176 1229 4247 insignes
1253 4181 1437 4230 erant.
1472 4173 1723 4228 Medium
1766 4175 2068 4230 Conradus

418 4273 608 4325 Caesar
627 4284 763 4324 cum
788 4266 1186 4339 stipendiariis
1209 4263 1559 4319 Latinistam
1580 4262 1876 4334 equitibus
1891 4278 2066 4333 quam

419 4358 717 4431 peditibus
747 4356 1094 4428 occupabat.
1156 4351 1394 4409 Hostilia
1447 4350 1748 4423 phalangis
1806 4352 2064 4407 medium

419 4449 641 4504 Branas
673 4463 808 4502 cum
840 4444 1108 4516 cognatis
1140 4443 1263 4500 suis
1294 4447 1353 4500 et
1373 4443 1581 4500 amicis
1603 4450 1658 4499 et
1681 4442 2066 4498 nobilissimis

420 4534 856 4594 actortissimis
884 4534 1216 4606 quibusque
1277 4533 1634 4589 obtinebat:
1698 4533 1755 4587 in
1824 4542 2066 4603 utroque

417 4642 599 4683 cornu
635 4640 769 4680 cum
803 4623 901 4679 alii
935 4625 1133 4689 duces,
1160 4627 1282 4677 tum
1325 4621 1594 4693 Elpames
1640 4622 1855 4693 Scytha
1894 4638 2065 4677 cura-

422 4716 581 4771 bant.
613 4715 760 4769 Ante
792 4713 1092 4769 meridiem
1154 4710 1299 4767 levia
1350 4713 1674 4767 certamina
1722 4711 2065 4769 etinsultus

420 4808 492 4862 ab
523 4809 773 4875 utroque
801 4800 1053 4859 exercitu
1116 4801 1248 4856 facti
1305 4805 1461 4866 sunt,
1491 4800 1857 4872 pedestribus
1883 4802 2065 4873 copiis

418 4910 677 4971 pugnam
711 4890 1052 4964 auspicatis.
1114 4890 1253 4945 Cum
1310 4906 1441 4945 vero
1502 4888 1621 4945 sole
1650 4891 1768 4960 jam
1805 4892 2062 4947 medium

416 4985 547 5045 caeli
576 4984 774 5041 lumen
797 4985 1116 5052 occupante
1146 4980 1382 5049 signum
1417 4980 1574 5036 σοι
1608 4995 1813 5049 pugnae
1860 4980 2061 5036 datum

414 5083 590 5141 esset,
622 5072 923 5130 Conradus
954 5070 1181 5143 primus
1213 5085 1344 5124 cum
1404 5068 1549 5135 suis,
1592 5084 1840 5139 quorum
1898 5086 2063 5126 arma

2178 4092 2417 4167 ὕστερον,
2450 4089 2488 4161 ἤ
2521 4091 2588 4147 τὰ
2633 4092 2781 4147 οἲκοι
2838 4092 3142 4170 ἀλλοτρίῳ,
3198 4096 3290 4151 καὶ
3344 4095 3523 4167 τούτῳ
3568 4092 3828 4167 ἀσπόνδῳ

2174 4202 2233 4237 τε
2286 4181 2376 4237 καὶ
2432 4184 2739 4258 ἅγνώμονι,
2797 4186 3074 4259 ταμιεύειν
3121 4187 3197 4248 εἷς
3253 4185 3568 4263 κατάγελων
3627 4186 3833 4243 οἲκεῖον

2175 4270 2423 4326 κὰκείνου
2484 4273 2760 4347 ῥᾳστώνην
2825 4273 3079 4353 ἄφθονον.
3173 4277 3245 4333 Τὸ
3312 4273 3369 4331 δε
3435 4273 3607 4345 δεξιὸν
3666 4277 3831 4339 αὐτὸς

2177 4357 2380 4416 διεῖπεν
2456 4361 2484 4415 6
2562 4361 2820 4437 βασιλεὺς
2892 4363 3188 4436 Ἰσαάκιος,
3264 4364 3317 4420 έν
3390 4367 3438 4437 ᾧ
3516 4365 3831 4422 συνείλεκτο

2178 4449 2314 4506 ἃπαν
2374 4448 2427 4505 εἶ’
2481 4471 2536 4505 τι
2591 4453 2877 4526 κράτιστον
2935 4454 3026 4509 καὶ
3082 4452 3281 4516 ’ὀπλοις
3337 4454 3826 4530 ἀριπρεπέστατον,

2176 4542 2238 4597 τὸ
2269 4538 2327 4596 δὲ
2360 4540 2519 4614 μέσον
2558 4543 2586 4596 6
2617 4540 2897 4619 Κορῥάδος
2930 4547 3138 4619 Καῖσαρ
3173 4545 3308 4618 μετά
3344 4549 3453 4600 τῶν
3504 4545 3595 4601 ἐπὶ
3647 4548 3830 4618 μισθῷ

2175 4629 2565 4707 ἀγηγερμένων
2644 4633 2890 4688 Λατίνων
2948 4633 3157 4689 ἱππέων
3206 4655 3265 4689 τε
3310 4635 3401 4689 καὶ
3457 4639 3659 4704 πεζῶν.
3714 4636 3828 4693 Τοῦ

2175 4716 2219 4773 δ’
2270 4719 2687 4795 ἀντιταξαμένου
2743 4720 3108 4797 στρατοπέδου
3182 4725 3246 4779 τὸ
3323 4724 3419 4797 μὲν
3500 4725 3665 4798 μέσον
3722 4730 3832 4792 τῆς

2174 4806 2478 4886 φάλαγγος,
2511 4807 2635 4866 ἔνθα
2689 4810 2780 4867 καὶ
2828 4813 2890 4868 τὸ
2942 4814 3192 4888 συγγενὶς
3238 4813 3328 4869 καὶ
3386 4811 3574 4891 φίλιον
3624 4812 3824 4882 ﬁliis-to

2171 4902 2250 4970 τῷ
2284 4904 2456 4972 Βρανᾷ
2484 4900 2574 4954 καὶ
2636 4900 2685 4955 εἲ
2730 4921 2784 4955 τι
2840 4907 2947 4957 τῶν
3006 4901 3595 4974 συνακολουθησάντων
3638 4902 3829 4975 ἐκείνῳ

2174 4988 2444 5061 ἐπίσημον
2518 4991 2597 5062 τῷ
2670 4991 2815 5065 γένει
2890 4993 2981 5047 καὶ
3058 4992 3331 5063 εὐθαρσὲς,
3408 4993 3570 5054 αὐτὸς
3633 4991 3830 5067 ἐπεῖχε

2174 5081 2497 5151 Βρανᾶς,τά
2546 5078 2592 5135 δ’
2651 5082 2978 5157 ἑκατέρωθεν
3038 5084 3301 5157 ἱστάμενα
3356 5090 3605 5159 τάγματα
3653 5082 3827 5140 ἄλλοι

414 5182 774 5242 purpureum
804 5163 1033 5232 insigne
1066 5161 1381 5227 habebant,
1414 5158 1695 5230 impetum
1730 5160 1787 5215 in
1832 5158 2056 5217 hostem

2179 5190 2224 5223 ιε
2266 5170 2594 5247 στρατηγίας
2649 5169 2938 5246 εἰδήμονες
2991 5174 3081 5227 καὶ
3145 5174 3172 5227 ὁ
3227 5158 3447 5244 Σκύθης
3472 5172 3826 5245 Ἐλπούμης.

411 5260 664 5323 facit,ac
696 5256 824 5311 sine
855 5256 1053 5324 clypeo
1109 5255 1232 5305 tum
1298 5250 1615 5320 pugnabat,
1677 5249 1774 5305 sed
1835 5254 2058 5306 textum

2173 5262 2352 5330 Μήπω
2431 5262 2526 5335 μὲν
2605 5261 2699 5316 οὗν
2776 5262 3048 5336 μεσούσης
3122 5262 3332 5337 ἡμέρας
3408 5258 3824 5337 ἀκροϐολισμοὶ

408 5346 629 5404 lineum
671 5349 902 5401 austero
934 5346 991 5397 et
1020 5340 1192 5395 εθιτὶιο
1226 5337 1357 5393 vino
1396 5338 1571 5409 probe
1615 5343 1969 5394 maceratum
2002 5345 2060 5395 et

2179 5350 2495 5425 ἑκατέρωθεν
2548 5350 2638 5406 καὶ
2696 5349 3037 5425 ἐμπηδήσεις
3083 5354 3201 5407 κατ’
3270 5350 3539 5424 ἀλλήλων
3583 5351 3828 5426 ἐγίνοντο

412 5435 667 5505 amplius
724 5431 916 5489 decies
972 5430 1150 5487 octies
1202 5428 1613 5498 complicatum
1671 5443 1772 5497 pro
1822 5428 2059 5486 thorace

2179 5440 2291 5510 παρ’
2350 5438 2670 5518 ἀμφοτέρων
2726 5445 2835 5495 τῶν
2919 5441 3357 5517 στρατευμάτων,
3438 5441 3528 5495 καὶ
3605 5438 3831 5511 πεζικαὶ

411 5522 654 5577 indutus
683 5528 825 5590 erat,
860 5526 938 5575 ita
993 5521 1229 5576 ﬁrmum
1265 5524 1328 5573 ut
1376 5516 1602 5572 nullum
1656 5516 1835 5573 telum
1886 5535 2053 5588 pene-

2179 5516 2616 5602 προϐεϐλημέναι
2695 5527 2949 5603 δυνάμεις
2988 5516 2991 5517 ν
3027 5530 3214 5606 μάχης
3315 5530 3368 5601 ἐξ
3462 5532 3830 5594 ἀντιστάσεως

408 5609 929 5680 traret.Utriusque
957 5609 1243 5665 exercitus
1274 5606 1575 5664 intervallo
1635 5606 1693 5661 in
1737 5613 2054 5679 angustum

2179 5616 2423 5687 ἥπτοντο.
2487 5620 2639 5677 Ἐπεὶ
2701 5617 2748 5674 δ’
2807 5622 2835 5675 6
2892 5620 3055 5690 ἣλιος
3109 5620 3248 5677 κατά
3304 5623 3547 5698 κορυφὴν
3598 5614 3824 5699 ἔφλεγε,

410 5701 705 5759 contracto
745 5713 950 5756 rursus
1006 5697 1296 5754 consistit.
1350 5701 1668 5768 Postquam
1718 5696 1942 5769 pedites
1995 5712 2057 5761 ut

2179 5708 2285 5763 ςότε
2324 5704 2390 5779 δὴ
2421 5709 2487 5767 τὰ
2517 5714 2724 5786 σημεῖα
2767 5715 2868 5783 τῆς
2927 5711 3118 5787 μάχης
3172 5708 3410 5787 α’ίρεται,
3454 5696 3546 5767 καὶ
3596 5696 3827 5790 πρῶτος
