4112 6218
214 487 335 548 ’149
1364 491 1469 551 DE
1512 487 1823 552 ISAACIO
1869 494 1891 547 Δ

2002 484 2191 548 GELO
2237 486 2383 548 LIB.
2430 485 2481 547 Ῐ.
3515 485 3639 546 750

220 623 249 678 6
309 618 598 699 Κοῤῥάδος
668 621 1007 697 διακινεῖται,
1092 619 1479 703 φοινικοϐαφὶς
1561 624 1695 696 μετὰ
1776 626 1882 677 τῶν

2002 640 2254 696 pugnam
2300 624 2504 680 inituri
2569 622 2801 679 lanceas
2858 623 3045 679 instar
3101 621 3280 678 turris
3338 630 3646 681 erexerunt

219 711 371 785 αύτῷ
431 712 701 769 συνόντων
758 713 1005 770 Λατίνων
1049 714 1112 770 τὸ
1140 718 1250 770 τῶν
1292 713 1480 770 ὅπλων
1508 711 1660 788 ἔχων
1689 710 1877 780 ἐπίση-

222 816 348 867 μον.
383 795 559 859 Αὐτὸς
594 798 781 869 μέντοι
836 794 959 852 ἄνευ
1016 800 1215 874 φυρεοῦ
1267 799 1567 867 τηνικαῦτα
1621 792 1879 868 διηγωνίο

215 890 362 955 ζετο,
394 884 457 941 ἐκ
495 884 553 941 δὲ
585 886 739 942 λίνου
765 885 1138 960 πεποιημὲνον
1171 885 1393 965 ὕφασμα
1433 884 1566 957 οἴνῳ
1623 883 1882 955 αύστηρῴ

215 976 419 1038 ἱκανῶς
478 975 770 1050 ἡλισμὲνῳ
837 971 1137 1052 διάϐροχον
1165 973 1444 1036 πολλάκις
1512 974 1879 1052 περιπτυχθὶν

215 1061 376 1135 δίκην
438 1066 687 1140 θώρακος
742 1062 1004 1122 ἐνεδύετο.
1058 1062 1112 1127 ἒς
1175 1069 1433 1120 τοσοῦτον
1477 1061 1524 1118 δ’
1586 1063 1654 1132 ἦν
1731 1063 1880 1116 am-

212 1154 383 1217 τυπεὶς
439 1153 569 1210 ἁλσὶ
652 1153 742 1209 καὶ
803 1152 933 1227 οῗνῳ
984 1154 1330 1228 συμπιληθεν
1385 1153 1461 1215 ὡς
1528 1151 1619 1207 καὶ
1686 1149 1881 1227 βέλους

218 1243 358 1298 εἶναι
456 1243 657 1307 παντὸς
738 1244 1157 1319 στεγανώτερονο
1250 1244 1590 1318 ἠριθμοῦντο
1663 1238 1709 1296 δ’
1809 1240 1885 1304 είς

225 1327 604 1386 ὀκτωκαίδεκα
636 1330 725 1385 καὶ
767 1332 917 1405 [247]
956 1328 1134 1386 πλείω
1174 1331 1239 1386 τὰ
1270 1334 1366 1385 τοῦ
1401 1329 1715 1409 ὑφάσματος
1745 1349 1883 1401 συμ-

220 1420 538 1495 πτύγματα.
600 1422 844 1491 Ποιήσας
899 1419 957 1476 δι
1010 1420 1073 1476 τὸ
1136 1420 1466 1499 μεταίχμιον
1549 1420 1885 1495 βραχύτερον

215 1510 382 1574 αὗθις
412 1508 651 1566 ἳσταται.
710 1510 807 1565 Καὶ
866 1508 982 1566 ἐπεὶ
1038 1511 1091 1565 οἱ
1157 1510 1255 1583 μὶν
1312 1509 1470 1579 πεζοὶ
1526 1511 1623 1573 τας
1670 1507 1883 1583 λόγχας

210 1598 297 1661 ὡς
356 1600 494 1674 πρὸς
548 1597 877 1674 συμπλοκήν
928 1597 1227 1670 ἀνέστησαν
1282 1597 1561 1676 πυργηδὸν
1641 1618 1885 1672 παρατα-

212 1689 441 1761 ξάμενοι
470 1687 653 1763 (ἀσπὶς
684 1688 788 1763 γὰρ
822 1685 1026 1743 ἀσπίδα
1053 1689 1144 1743 καὶ
1206 1689 1367 1763 κόρυς
1420 1687 1622 1760 κόρυθα
1679 1684 1886 1762 ἤρειδε,

218 1778 318 1833 καὶ
366 1780 419 1833 οἱ
452 1780 632 1854 θυρεοὶ
666 1776 945 1849 ἀλλήλοις
987 1777 1298 1852 συνέμυον),
1354 1777 1405 1831 οἱ
1473 1775 1530 1831 δὶ
1584 1776 1769 1838 ἱππεῖς
1822 1777 1889 1831 τὰ

220 1864 433 1941 δόρατα
489 1867 868 1943 ἠγκωνίσαντο
926 1867 1016 1923 καὶ
1071 1866 1139 1922 τά
1164 1871 1273 1922 τῶν
1337 1862 1522 1921 ποδῶν
1553 1866 1744 1937 κέντρα
1772 1870 1890 1929 τοῖς

220 1954 428 2019 ῗπποις
464 1954 761 2032 ὲνέπειραν,
792 1953 903 2027 ἤδη
938 1953 995 2010 δὲ
1024 1956 1113 2011 καὶ
1150 1955 1216 2010 τὸ
1252 1959 1349 2010 τοῦ
1385 1951 1654 2031 βασιλέως
1707 1955 1889 2029 τάγμα

217 2044 623 2113 ἐππκολούθει,
654 2041 781 2100 οὐδὲ
809 2046 907 2114 τήν
937 2044 1163 2121 πρώτην
1195 2040 1474 2117 ἔμπτωσιν
1501 2048 1598 2099 τοῦ
1628 2044 1763 2119 ιπερὶ
1791 2044 1885 2099 τὸν

216 2131 511 2212 Κορῥάδυν
588 2132 977 2196 ἀπλιτεύοντος
1052 2137 1275 2204 πεζικοῦ
1338 2131 1469 2188 οὐδὲ
1539 2134 1642 2204 τὴν
1700 2133 1881 2207 ῥόθιον

219 2226 528 2300 ἓπαγωγήν
559 2228 667 2281 τῶν
698 2226 907 2281 ἱππέων
950 2224 1002 2280 οἱ
1063 2225 1188 2299 περί
1241 2224 1336 2280 τὸν
1396 2227 1600 2297 Βρανᾶν
1657 2224 1886 2298 ὑπενεγ-

214 2317 439 2383 κὸντες,
494 2314 563 2370 τὰ
626 2319 772 2370 νῶτα
858 2309 1260 2388 μεταϐαλόντες
1311 2309 1725 2368 διασκίδνανται.
1794 2310 1884 2367 ἒπὶ

221 2402 286 2460 δὲ
313 2404 536 2468 τούτοις
565 2404 654 2458 καὶ
685 2403 752 2459 τά
791 2402 967 2459 λοιπᾶ
1004 2401 1399 2479 διαθροηθέντα
1454 2402 1707 2477 τάγματα
1762 2400 1884 2477 τρὲ-

220 2514 422 2550 πονται
472 2493 608 2569 πρὸς
669 2495 866 2570 φυγήν.
929 2493 1104 2558 Αὐτὸς
1152 2490 1199 2547 δ’
1265 2495 1292 2548 6
1377 2498 1579 2567 Βρανᾶς
1653 2490 1885 2566 γεγωνὸν

217 2581 509 2659 κεκραγὼς
541 2579 632 2635 καὶ
665 2577 937 2655 διάτορον,
970 2605 999 2631 ‹‹
1054 2587 1254 2653 Στῆσε,
1304 2581 1602 2654 Ῥωμαῖοι·
1662 2576 1887 2639 πλείους

218 2673 333 2747 γὰρ
365 2673 499 2745 πρὸς
535 2669 828 2733 ἐλάττονας
867 2665 1246 2749 μαχεσόμεθα,
1274 2670 1365 2725 καὶ
1431 2672 1647 2742 πρῶτος
1712 2663 1890 2742 ἔγωγε

220 2762 365 2816 κατᾶ
416 2765 525 2816 τῶν
584 2760 829 2815 ὲνωπίων
892 2755 1122 2834 ἐμϐαλῶ
1178 2760 1481 2835 πολεμίων,
1535 2781 1563 2813 ιι
1627 2759 1715 2815 καὶ
1775 2755 1889 2831 ἅμα

222 2847 374 2923 δρῶν
409 2847 441 2902 ὅ
473 2849 739 2916 πετίθετο,
772 2846 1174 2926 παλίνστροφον
1247 2851 1340 2923 μὶν
1392 2845 1583 2904 ούδὲνα
1629 2848 1886 2918 ποιήσειν

229 2937 447 3014 ἴσχυσε,
475 2938 614 2993 κατὰ
643 2936 701 2992 δὲ
739 2942 838 2992 τοῦ
893 2936 1179 3014 Κοῤῥάδου
1246 2935 1369 3016 ἄτερ
1417 2939 1649 3014 κόρυθος
1706 2955 1891 3012 μαχο-

237 3027 409 3102 μένου
439 3028 502 3083 τὸ
534 3024 665 3101 δόρυ
698 3023 894 3097 ἴθυνεν,
938 3027 1004 3082 ού
1061 3026 1290 3103 καιρίως
1359 3026 1404 3082 δ’
1462 3022 1680 3099 ἔϐαλεν,
1744 3024 1894 3081 ἄλλὰ

225 3118 295 3173 τὸ
380 3117 475 3191 μὶν
549 3116 641 3171 τὸν
680 3121 777 3171 τοῦ
853 3117 1122 3191 Καίσαρος
1162 3116 1316 3190 ὦμον
1388 3116 1683 3193 παραξὲσαν
1734 3114 1891 3171 ἅλιον

224 3210 345 3262 τῶν
391 3204 593 3260 ἐκείνου
650 3209 857 3282 χειρῶν
914 3204 1157 3283 ἐξερρύη,
1210 3206 1239 3261 ὁ
1307 3202 1353 3260 δ’
1409 3205 1744 3283 ἀμφοτέραις
1795 3209 1894 3261 τοῦ

1991 714 2147 783 (nam
2181 711 2405 784 clipeus
2448 712 2723 783 clipeum,
2780 712 2942 783 galea
2997 710 3225 784 galeam
3287 715 3550 784 urgebat,
3585 719 3645 769 et

1990 808 2159 857 scuta
2198 800 2649 873 eollidebantur)
2673 808 2731 858 et
2760 804 2988 874 equites
3016 801 3267 859 subditis
3309 802 3644 858 calcaribus

1988 906 2170 963 equos
2194 890 2430 945 directis
2458 889 2644 946 hastis
2667 892 3059 958 concitarunt,
3075 892 3450 962 imperatoria
3466 890 3643 947 etiam

1989 978 2218 1050 legione
2240 978 2811 1048 subsecuta;Branrs
2834 979 3146 1048 n:i|ites,ne
3183 980 3371 1051 primo
3406 980 3646 1051 quidem

1991 1072 2215 1139 impetu
2244 1069 2545 1124 Corradini
2577 1069 2866 1125 exercitus
2893 1069 3158 1138 tolerato,
3182 1068 3442 1125 obversis
3466 1069 3651 1143 tergis

1991 1156 2382 1228 dissipantur,
2410 1156 2619 1213 deinde
2639 1163 2857 1214 crateras
2872 1160 3047 1214 etiam
3072 1159 3333 1229 legiones
3355 1160 3414 1214 in
3447 1161 3645 1231 lugam

1989 1251 2318 1314 vertuntur,
2363 1248 2580 1302 Branas
2639 1264 2771 1304 vero
2832 1254 3051 1320 quanta
3100 1264 3236 1304 voce
3276 1254 3499 1321 poterat
3525 1247 3645 1305 cla-

1991 1335 2211 1390 mitans
2240 1352 2251 1389 :
2278 1358 2306 1386 ‹‹
2327 1335 2508 1404 State,
2542 1338 2788 1393 Romani
2816 1353 2830 1392 :
2856 1336 3052 1409 plures
3075 1337 3233 1393 enim
3258 1353 3390 1393 cum
3411 1338 3646 1407 paucio-

1994 1424 2160 1480 ribus
2180 1424 2596 1497 pugnabimus,
2629 1432 2688 1482 et
2711 1426 2935 1498 primus
2956 1442 3061 1498 ego
3086 1427 3312 1483 hastam
3335 1426 3395 1482 in
3420 1427 3646 1483 hostem

1991 1513 2257 1582 vibrabo,
2292 1537 2321 1565 ››
2354 1515 2533 1588 idque
2588 1517 2745 1588 quod
2806 1516 2951 1572 alios
2996 1516 3274 1571 mouebat
3302 1530 3649 1587 exsequens,

1993 1602 2277 1659 neminem
2305 1621 2449 1660 sane
2477 1622 2510 1660 a
2542 1606 2676 1675 fuga
2735 1604 3044 1671 revocavit,
3101 1605 3200 1660 sed
3259 1604 3371 1661 telo
3407 1605 3465 1659 in
3500 1605 3650 1660 Con-

1996 1693 2204 1748 radum
2239 1692 2366 1748 sine
2395 1692 2561 1763 galea
2594 1701 2948 1764 pugnantem
2983 1693 3203 1748 directo
3226 1710 3340 1748 non
3376 1692 3652 1749 lethalem

1992 1781 2174 1839 ictum
2208 1781 2293 1837 illi
2328 1781 2549 1850 intulit,
2586 1783 2687 1837 sed
2747 1782 2985 1837 Casaris
3023 1782 3172 1838 505
3234 1782 3477 1838 humero
3521 1798 3653 1853 per-

1994 1870 2196 1927 stricto
2226 1871 2406 1927 telum
2430 1886 2461 1926 e
2495 1870 2767 1926 manibus
2789 1871 3091 1926 amisit.At
3120 1870 3215 1926 ille
3241 1870 3470 1926 hastam
3487 1885 3656 1926 suam

1996 1963 2242 2030 utraque
2274 1975 2447 2015 manu
2506 1959 2860 2032 prehensam
2919 1960 2995 2015 ita
3048 1960 3104 2015 in
3167 1961 3370 2016 Branae
3411 1960 3653 2016 maxilla

1996 2047 2219 2119 defigit,
2251 2056 2310 2103 ut
2342 2048 2546 2104 oborta
2580 2047 2864 2120 vertigine
2893 2064 3043 2119 equo
3102 2048 3568 2119 prazcipitaretur
3592 2053 3651 2104 et

1994 2152 2026 2190 ιι
2059 2135 2411 2192 satellitibus
2467 2135 2712 2192 Cesaris
2770 2137 3199 2193 confoderetur.
3258 2136 3457 2206 Aiunt,
3509 2152 3645 2192 cum

1997 2224 2187 2296 primo
2217 2224 2455 2280 vulnere
2484 2229 2720 2296 accepto
2763 2228 3006 2281 mortem
3033 2225 3462 2295 deprecaretur,
3494 2227 3646 2280 Con-

1998 2312 2206 2368 radum
2239 2328 2374 2369 eum
2404 2313 2555 2369 bono
2588 2313 2786 2368 animo
2818 2329 2942 2370 esse
2962 2313 3236 2384 jussisse,
3265 2329 3451 2385 neque
3485 2314 3641 2369 enim

1997 2401 2321 2474 quidquam
2352 2402 2590 2474 gravius
2639 2418 2818 2473 quam
2870 2401 3079 2473 capitis
3130 2403 3558 2460 truncationem
3592 2404 3647 2461 ei

2000 2492 2379 2563 metuendum
2411 2507 2541 2549 esse
2567 2507 2580 2546 :
2605 2491 2783 2565 idque
2799 2491 2997 2547 statim
3023 2491 3441 2548 acciditJnilla
3462 2492 3648 2549 eﬂ‘usa

1999 2580 2136 2652 fuga
2171 2581 2498 2651 proximum
2536 2596 2894 2653 quamquam
2927 2580 3176 2652 quilibet
3197 2581 3437 2649 occidit;
3472 2581 3650 2653 idque

2000 2670 2286 2741 principio
2312 2671 2460 2742 fugas
2491 2672 2773 2726 duntaxat
2804 2672 3024 2726 factum
3076 2687 3189 2726 non
3233 2669 3472 2727 ulterius
3507 2687 3642 2742 pro-

1998 2759 2348 2816 cessit.Nam
2375 2767 2432 2817 et
2453 2759 2699 2816 Romani
2720 2765 2967 2833 cognato
2988 2760 3260 2833 sanguini
3284 2761 3596 2831 parcebant
3631 2779 3645 2830 ;

2001 2854 2059 2906 et
2090 2849 2132 2906 ii
2163 2867 2311 2921 quos
2344 2851 2868 2922 persequebantur,
2902 2850 3120 2923 quippe
3162 2868 3255 2907 res
3284 2848 3492 2921 capitis
3516 2865 3651 2923 age-

2004 2941 2141 2995 batu
2154 2957 2273 3009 r,su
2287 2956 2443 2995 mma
2467 2940 2837 2996 festinatione
2854 2939 3463 3011 aufugiebant.Caetra
3484 2956 3519 2995 a
3535 2940 3654 2995 vic-

2005 3028 2231 3085 toribus
2283 3029 2511 3101 direpta
2569 3033 2731 3096 euut,
2782 3044 2890 3086 nec
2929 3029 3216 3085 militibus
3241 3029 3525 3084 duntaxat
3551 3028 3655 3084 sed

2003 3119 2241 3174 urbanae
2273 3117 2448 3174 etiam
2479 3118 2835 3174 multitudini
2896 3119 3099 3191 prada
3156 3118 3411 3173 fuerunt.
3451 3120 3514 3172 In
3548 3119 3654 3174 hac

2004 3224 2201 3280 pugna
2232 3207 2650 3264 Constantinus
2709 3206 3009 3264 Stethatus
3061 3207 3354 3275 occubuit,
3388 3207 3556 3262 hasta
3595 3206 3655 3262 in

232 3296 450 3351 οἰκείου
489 3297 685 3364 ξυστοῦ
752 3290 1059 3370 λαϐόμενος
1126 3294 1434 3373 ἐμπήγνυσι
1481 3301 1644 3352 τοῦτο
1674 3299 1743 3370 τῇ
1783 3317 1888 3351 πα-

2006 3297 2247 3370 inguine
2284 3296 2649 3364 vulneratus,
2680 3296 2767 3351 vir
2795 3297 2985 3353 bonus
3015 3300 3074 3352 et
3104 3294 3334 3364 suavis;
3386 3295 3488 3368 qui
3521 3312 3654 3351 cum

235 3389 356 3460 ρειᾷ
400 3387 499 3439 τοῦ
558 3390 760 3460 Βρανᾶ,
811 3386 900 3439 καὶ
972 3383 1288 3454 σκοτοδίνης
1318 3384 1522 3441 ἐκεῖνον
1558 3382 1890 3458 ἐμπίπλησι,

229 3474 327 3527 καὶ
388 3472 813 3547 κατακρημνίζει
872 3474 969 3529 τοῦ
1032 3470 1209 3529 ’ίππου
1269 3476 1498 3550 Βρανᾶν.
1568 3473 1637 3529 Τὸ
1703 3470 1752 3528 δ’
1790 3473 1896 3529 ἀπὸ

236 3557 410 3618 τοῦδε
438 3562 782 3636 περιστάντες
818 3563 982 3618 αὐτὸν
1015 3564 1066 3618 οἱ
1116 3560 1410 3643 δορυφόροι
1470 3567 1567 3619 τοῦ
1626 3563 1896 3637 Καίσαρος

240 3646 754 3724 καταδορατίζουσι.
813 3651 953 3706 Φασῖ
1014 3649 1070 3707 δὶ
1127 3652 1202 3714 ὡς
1260 3650 1312 3707 ἐν
1370 3656 1448 3725 τῷ
1499 3652 1733 3727 πρώτως
1794 3650 1896 3706 ὑπὸ

235 3735 535 3815 Κορῥάδου
574 3748 854 3815 τρωθῆναι
907 3744 1006 3812 τήν
1066 3741 1328 3812 τελευτὴν
1394 3742 1655 3810 πτοῆθεὶς
1711 3742 1900 3812 ἱκετη-

234 3831 398 3905 ρῖασε
458 3830 663 3904 Βρανὰς
721 3834 818 3885 τοῦ
880 3832 955 3903 μή
1012 3833 1281 3901 τεθνάναι,
1337 3832 1429 3885 τὸν
1486 3828 1543 3886 δι
1618 3827 1897 3906 Κορῥάδον

231 3919 434 3992 ἐκείνῳ
492 3920 570 3993 μὴ
631 3925 832 3994 χρῆναι
894 3916 1123 3974 δεδιέναι
1182 3919 1594 3996 ἀποκρίνασθαι·
1630 3916 1757 3973 οὐδὶ
1795 3918 1897 3994 γὰρ

233 4004 405 4079 ἆῆδὲς
434 4028 487 4062 τι
518 4007 761 4063 πείσεται
785 4005 970 4084 ἕτερον
1002 4009 1036 4079 ἢ
1079 4010 1179 4077 τήν
1235 4007 1477 4084 κεφαλὴν
1540 4008 1703 4083 μόνον
1759 4007 1899 4062 ἀπο.

233 4098 570 4167 κοπήσεται.
622 4098 682 4154 '0
733 4096 823 4151 καὶ
876 4102 1221 4174 παραχρῆμα
1276 4098 1560 4163 πεπονθεν.
1622 4098 1899 4169 Ἀκὸσμου

234 4184 296 4241 δὲ
356 4194 460 4256 τῆς
510 4193 691 4265 φυγῆς
750 4186 1045 4261 γενομένης
1098 4184 1326 4251 ’ἕκαστος
1390 4188 1483 4243 τὸν
1543 4187 1658 4240 καθ’
1739 4186 1898 4240 αὐτὸν

235 4272 466 4330 διώκων
522 4274 732 4351 ἀνῄρει.
788 4274 967 4333 Τοῦτο
1019 4273 1075 4331 δὲ
1132 4274 1449 4352 ἀρχομένης
1526 4270 1734 4347 συμϐὰν
1803 4276 1900 4343 τῆς

236 4371 459 4440 τροπῆς
524 4363 588 4419 ού
674 4365 977 4441 περαιτέρω
1059 4361 1391 4440 προϐέϐηκε·
1478 4365 1566 4419 καὶ
1634 4365 1900 4436 Ῥωμαῖοι

233 4456 346 4530 γὰρ
396 4455 695 4530 ὁμογενοῦς
757 4453 1033 4531 ἐφείδοντο
1110 4453 1363 4528 α’ίματος,
1441 4453 1531 4508 καὶ
1599 4454 1755 4508 αύτοί
1848 4448 1905 4506 δε

236 4546 293 4599 οἱ
358 4540 689 4617 διωκόμενοι
757 4544 849 4599 τὸν
941 4546 1063 4619 περί
1167 4549 1354 4619 ψυχῆς
1430 4541 1719 4619 τρέχοντες
1786 4540 1904 4613 μεθ’

238 4634 462 4703 ἁπάσης
532 4634 716 4708 ὁρμῆς
797 4631 1211 4709 ἀπεδίδρασκον.
1266 4631 1618 4689 Ἐσκύλευται
1698 4630 1791 4685 οὗν
1876 4629 1904 4683 6

236 4725 419 4798 χάραξ
454 4722 557 4777 ὑπὸ
595 4726 702 4777 τῶν
733 4723 1035 4789 νικώντων,
1083 4723 1170 4778 καὶ
1238 4722 1314 4785 εἷς
1373 4718 1682 4798 διαρπαγὴν
1724 4717 1901 4775 ἐκκεί-

244 4834 410 4886 μενος
443 4814 509 4881 ἦν
541 4812 602 4867 οὐ
638 4813 801 4885 μόνον
840 4819 960 4876 τοῖς
992 4816 1088 4868 τοῦ
1159 4812 1427 4889 βασιλέως
1483 4810 1901 4888 στρατεύμασιν,

240 4901 393 4957 ἀλλά
421 4902 514 4957 καὶ
542 4906 660 4963 τοῖς
719 4900 1068 4978 ἐκχεομένοις
1124 4900 1573 4965 άσστυπολίταις.
1638 4903 1901 4976 Ἀναιρεῖο

238 5013 331 5047 ται
391 4989 452 5047 δὲ
507 4991 646 5047 κατᾶ
681 4995 875 5047 τοῦτον
933 4993 1022 5047 ιὸν
1057 4992 1304 5068 πόλεμον
1364 4990 1455 5048 καί
1487 4993 1675 5049 Κωνστ
1695 4997 1903 5055 αντῖνος

245 5083 275 5136 ὁ
309 5081 620 5153 Στηθάτος,
652 5082 774 5155 περὶ
808 5082 901 5137 τὸν
934 5076 1187 5158 βουϐῶνα
1226 5080 1410 5159 λόγχῃ
1458 5081 1710 5156 τρωθεὶς,
1768 5079 1905 5156 ἇνῂρ

247 5171 459 5247 ἀγαθὸς
486 5172 580 5226 καὶ
614 5168 896 5247 μείλιχος,
951 5172 1012 5233 ὃς
1063 5169 1264 5228 διίπων
1321 5174 1419 5242 τήν
1481 5169 1748 5247 ἐπαρχιαν
1802 5172 1902 5239 τῆς

2007 3386 2279 3443 Anchiali
2306 3386 2616 3459 provincias
2647 3391 2943 3459 praeesset,
2993 3386 3244 3443 Branam
3293 3402 3407 3442 non
3450 3391 3662 3459 sponte

2010 3481 2274 3545 secutus,
2306 3492 2411 3532 nec
2441 3476 2577 3548 ipsi,
2614 3481 2677 3531 ut
2715 3478 3185 3547 exspectabatur,
3243 3475 3660 3541 commodavit,

2010 3583 2116 3623 nec
2144 3566 2532 3639 semetipsum
2564 3568 2948 3637 conservavit,
2999 3566 3319 3638 quominus
3374 3566 3525 3621 ferro
3569 3566 3661 3620 in-

2011 3656 2230 3723 teriret,
2261 3656 2532 3727 quamvis
2590 3655 3013 3725 astrologorum
3071 3656 3203 3726 ejus
3257 3654 3449 3710 etatis
3504 3653 3661 3710 506

2011 3745 2285 3817 princeps
2316 3763 2332 3816 ;
2366 3745 2645 3800 nimirum
2679 3743 2956 3816 scrupulo
3008 3743 3205 3815 aliquo
3255 3741 3661 3798 minutissime

2012 3836 2291 3907 deceptus
2323 3835 2382 3889 in
2416 3834 2665 3889 tentorio
2690 3837 3007 3897 manserat,
3034 3832 3263 3888 hostem
3284 3832 3660 3902 ingruentem

2013 3922 2159 3979 nihil
2183 3922 2414 3978 timens.
2443 3922 2760 3979 Ferebatur
2790 3926 2987 3976 autem
3034 3920 3236 3976 Brana
3283 3936 3353 3976 ex
3382 3918 3525 3974 artis
3553 3920 3661 3975 ob-

2013 4013 2341 4068 servatione
2373 4011 2704 4084 prazdixisse
2738 4013 2855 4067 fore
2889 4015 2953 4065 ut
2981 4026 3047 4066 eo
3079 4011 3172 4065 die
3219 4010 3420 4065 urbem
3479 4009 3662 4080 ingre-

2013 4100 2247 4158 deretur
2269 4106 2326 4156 et
2355 4117 2565 4173 magno
2589 4117 2719 4157 cum
2739 4100 3049 4172 splendore
3070 4099 3479 4171 triumpharet.
3497 4100 3660 4165 Quod

2017 4195 2211 4245 utrum
2242 4189 2454 4245 dixerit
2486 4206 2688 4257 necne,
2721 4191 3013 4246 affirmare
3047 4206 3159 4244 non
3209 4205 3445 4260 possum
3484 4204 3497 4243 :
3531 4186 3661 4243 novi

2015 4279 2169 4334 enim
2208 4280 2373 4333 fama:
2404 4295 2514 4334 non
2547 4295 2778 4348 semper
2818 4278 2876 4332 in
2936 4278 3276 4349 hujusmodi
3328 4277 3664 4333 rumoribus

2018 4368 2188 4423 [idem
2226 4368 2552 4422 habendam
2587 4382 2736 4422 esse.
2772 4368 2879 4422 Sed
2913 4366 2958 4422 si
2990 4367 3091 4423 illa
3122 4366 3271 4423 dixit
3313 4383 3440 4438 quas
3472 4367 3666 4422 ferun-

2018 4461 2131 4522 tur,
2164 4461 2321 4511 vates
2349 4456 2549 4525 utique
2582 4456 2862 4526 deceptus
2916 4460 3026 4521 est,
3060 4461 3125 4511 ut
3179 4472 3271 4512 res
3317 4456 3446 4527 ipsa
3475 4454 3667 4511 decla-

2019 4545 2185 4611 ravit,
2214 4544 2325 4599 nisi
2359 4545 2489 4613 quis
2549 4546 2694 4599 forte
2752 4544 3079 4616 astrologiae
3119 4545 3353 4601 deditus
3383 4561 3516 4601 eum
3550 4560 3667 4602 non

2020 4650 2257 4705 prorsus
2288 4633 2591 4688 aberrasse
2625 4648 2729 4688 nec
2760 4637 2943 4688 artem
2994 4634 3233 4690 omnino
3279 4650 3492 4690 vanam
3540 4650 3671 4690 esse

2014 4728 2321 4795 propterea
2344 4722 2678 4790 contendat,
2712 4722 2866 4793 quod
2890 4729 3066 4795 caput
3086 4723 3214 4794 ejus
3244 4727 3303 4780 et
3337 4724 3538 4780 dexter
3567 4738 3671 4795 pes

2010 4828 2078 4868 eo
2110 4812 2204 4868 die
2234 4812 2424 4868 hastis
2456 4811 2630 4866 afﬁxa
2656 4828 2759 4883 per
2790 4812 2981 4867 forum
3014 4813 3287 4868 traducta
3331 4818 3487 4879 sunt,
3521 4828 3668 4868 una-

2014 4917 2127 4975 que
2159 4906 2335 4973 caput
2366 4899 2813 4956 circumforanei
2844 4899 3284 4972 cujusdam,qui
3318 4900 3489 4957 Poeta
3518 4900 3669 4954 dice-

2014 4992 2207 5059 batur,
2242 5006 2355 5046 non
2387 4990 2445 5045 in
2481 4988 2633 5046 bello
2665 4988 2822 5056 caesi,
2862 4990 2965 5045 sed
3001 4994 3129 5059 post
3165 4988 3453 5044 illustrem
3504 4986 3666 5042 illam

2011 5080 2316 5137 victoriam
2342 5080 2522 5152 jussu
2555 5078 2946 5150 imperatoris,
2983 5078 3137 5133 haud
3199 5077 3320 5133 scio
3379 5092 3495 5148 quo
3528 5076 3663 5138 fine.

2011 5169 2322 5225 interfecti.

251 5246 563 5338 ’Λγχιάλου
656 5260 763 5336 οὐχ
793 5246 1025 5322 ὁκόντως
1061 5260 1481 5333 ἐπηκολούθησε
1508 5246 1597 5333 1:qu
1618 5263 1851 5334 Βαρανᾷ,
1893 5257 2017 5313 ἀλλ’
2049 5254 2173 5312 οὔτε
2215 5256 2307 5311 τὸν
2363 5250 2817 5331 προσλαϐόμενον
2893 5248 3072 5322 ὤνησὲ
3144 5274 3221 5319 τι,
3304 5251 3486 5316 καθὼς
3576 5246 3671 5306 καῖ

251 5348 655 5423 προσεδοκᾶτο,
686 5355 915 5425 Βρανᾶν,
988 5351 1081 5407 καὶ
1109 5352 1318 5421 ἒᾶυτὸν,
1396 5351 1496 5407 οὐκ
1552 5349 1776 5423 ἐξέσωσε
1829 5352 1925 5403 τοῦ
1961 5346 2206 5422 μαχαίρᾳ
2244 5351 2448 5415 πεσεῖν,
2491 5351 2599 5401 τῶν
2638 5345 2762 5400 τότε
2789 5344 3147 5418 ἀστρολόγων
3205 5342 3232 5396 ὁ
3277 5338 3662 5415 δοκιμώτατος

253 5438 348 5515 ὢν,
378 5438 531 5496 ἀλλά
558 5461 611 5495 τι
640 5442 740 5511 τήν
818 5438 1024 5496 ἐκείνου
1099 5441 1302 5517 γνῶσιν
1380 5437 1698 5516 διαδραμὸν,
1740 5440 1814 5501 ὡς
1859 5434 2023 5506 ἔοικε,
2067 5434 2498 5492 λεπτεπίλεπτον
2573 5436 2763 5509 ἡσυχῇ
2844 5436 3019 5506 μένειν
3087 5433 3336 5486 πέπεικεν
3417 5429 3509 5486 ἐπὶ
3567 5437 3670 5501 τῆς

253 5538 488 5604 σκηνῆς,
564 5531 651 5586 καὶ
685 5528 837 5587 ἐπιὸν
868 5532 971 5587 ούκ
1026 5528 1197 5587 ἔδεισε
1253 5531 1315 5586 τὸ
1371 5528 1668 5605 πολέμιον.
1714 5528 1968 5602 Ἐλέγετο
2018 5524 2074 5582 δὲ
2128 5531 2208 5598 τῷ
2273 5528 2448 5600 Βρανᾷ
2505 5519 2765 5600 φοιϐάσαι
2822 5521 3231 5600 προῤῥητικῶς,
3290 5520 3356 5577 ἐκ
3404 5526 3515 5577 τῶν
3570 5529 3678 5594 τῆς

249 5620 456 5697 τέχνης
520 5616 791 5677 ἐκϐὰσεων
871 5621 1329 5699 τεκμαιρόμενος,
1409 5620 1483 5682 ὡς
1563 5618 1699 5674 κατᾶ
1791 5619 1891 5687 τήν
1961 5615 2173 5691 ἡμέραν
2250 5613 2457 5684 ἐκείνην
2539 5619 2640 5683 τῆς
2712 5610 2933 5675 πόλεως
3003 5609 3530 5699 ἐντὸςείσελεύσεται
3587 5610 3680 5668 καὶ

253 5706 608 5786 θριαμϐεύσει
651 5716 986 5789 περιφανῶς.
1050 5715 1224 5769 Τοῦτο
1273 5709 1331 5767 δὲ
1388 5710 1437 5766 εἷ’
1497 5711 1592 5783 μὲν
1647 5708 1812 5771 αὐτὸς
1878 5705 2102 5779 ἀληθῶς
2155 5704 2369 5780 ε’ἰρηκεν
2430 5705 2459 5759 ὁ
2516 5704 2822 5773 Στηθάτος,
2880 5698 3139 5789 ἀσφαλῶς
3195 5702 3298 5759 οὐκ
3360 5702 3545 5778 ἲσημι,
3593 5702 3679 5760 ὅτι

259 5799 382 5876 μηδ’
442 5799 692 5877 ἁψευδῶς
726 5787 807 5858 7τᾶ
874 5802 1048 5858 πάντα
1105 5802 1141 5872 ἡ
1177 5803 1337 5879 φήμη
1411 5800 1717 5877 μυθεύεται,
1745 5797 1919 5853 ὁπόσα
1975 5793 2323 5873 περιλάλητα
2351 5793 2549 5848 τιθέναι
2608 5791 2777 5871 φιλεῖ.
2831 5792 2955 5850 ’Ότι
3019 5787 3097 5863 δὲ,
3158 5790 3204 5847 εί
3264 5789 3445 5868 δῶμεν
3504 5791 3679 5847 ὁπόσα

4036 1918 4041 1969 l

4022 1990 4041 2015 ,η
