4112 6218
489 381 604 445 151
1800 381 2106 447 NICETIE

2251 377 2572 442 ΟΝΙΑΤΕ
3777 383 3888 446 ’152

493 517 530 585 ἠ
601 517 763 594 φήμη
822 513 1082 588 ἐδίδαξεν,
1136 517 1239 571 ὑπὸ
1293 519 1392 572 τοῦ
1449 516 1824 596 προφάντορος
1891 513 2170 585 Στηθάτου
2211 511 2330 568 αἴκα
2393 511 2469 573 ὡς
2529 507 2965 582 ἐξετοεεύθησαν,
3010 507 3166 580 αὐτὰ,
3245 509 3398 587 φασὶ,
3479 509 3546 566 τὰ
3615 533 3890 590 πραγματα

505 602 722 683 ἐφηναν.
756 604 908 676 εἰμή
939 625 1020 666 τις
1043 608 1112 679 τῇ
1137 604 1524 680 οὐρανοσκόπῳ
1555 595 1839 682 ἐπιστήμῃ
1900 603 2293 680 προσκείμενος
2357 607 2432 674 μῆ
2493 601 2643 674 [248]
2701 599 3006 655 παντάπασι
3065 595 3377 673 διεψεῦσθαι
3432 601 3653 656 τουτονὶ
3711 601 3890 661 διατείο

495 721 646 757 νοιτο
712 703 802 757 καὶ
862 704 932 758 τὰ
995 710 1096 773 τῆς
1133 705 1340 780 τέχνης
1400 707 1476 779 μὴ
1543 705 1783 762 καθόλου
1817 703 2114 774 διαπεσεῖν,
2165 701 2242 763 είς
2294 707 2393 768 τῆν
2447 702 2544 754 τοῦ
2601 699 2781 772 Βρανὰ
2837 699 3083 777 κεφαλήν
3145 699 3390 774 μετάγων
3442 702 3507 755 τᾶ
3536 700 3894 777 προῤῥηθέντα

487 788 580 844 καί
608 791 700 844 τὸν
729 789 917 867 ἓτερον
959 791 1122 848 αύτοῢ
1154 799 1264 849 τῶν
1291 792 1510 865 ποδῶη,
1543 796 1674 869 ἅπερ
1705 801 1807 863 τῆς
1833 793 2044 868 ἡμέρας
2076 791 2284 862 ἐκείνης
2316 787 2404 843 διὰ
2433 793 2532 857 τῆς
2561 787 2765 864 ἀγορᾶς
2803 786 3291 862 ἐμπεπερονημὶνα
3312 795 3532 853 κοντοῖς
3564 787 3886 863 διε-πόμπευ-

485 898 602 948 σαν,
641 879 736 934 σὺν
771 879 908 955 αὐτῇ
938 879 995 936 δὲ
1025 883 1113 936 καὶ
1145 882 1526 960 κεφαλήτινος
1560 882 1840 959 ἀγοραίου,
1877 885 2116 953 Ποιητοῦ
2149 876 2472 955 λεγομένου.
2523 873 2591 946 ἤν
2645 873 2876 948 οὐδεμία
2930 876 3172 951 πολεμία
3225 878 3347 953 χείρ
3405 879 3686 957 ἀφείλετο,
3742 881 3888 944 αὐτὸς

483 965 542 1024 δὲ
600 967 856 1043 βασιλεὺς
911 973 1045 1042 μετά
1109 973 1210 1041 τὴν
1257 971 1516 1045 λαμπρὰν
1553 972 1762 1043 ἐκείνην
1791 971 1944 1043 νίκην
1974 969 2065 1026 καὶ
2087 973 2190 1041 τήν
2220 972 2330 1024 τῶν
2362 965 2616 1022 ἐναντίων
2647 965 3092 1040 ωταπελέμησιν
3127 966 3508 1042 ἀποτμηθῆναι
3541 967 3870 1044 προσέταξεν,

483 1059 588 1114 ούκ
607 1057 714 1114 οἷδ’
739 1061 826 1138 ἐφ’
855 1061 966 1133 ὅτῳ
995 1059 1356 1131 συνοίσοντιῆ
1391 1057 1800 1136 κατορθώματι.

557 1150 612 1204 9.
649 1149 725 1205 Eo
756 1150 906 1206 bello
940 1151 1090 1207 hunc
1121 1153 1339 1208 exitum
1374 1153 1598 1222 sortito,
1649 1154 1964 1225 imperator
1993 1167 2135 1207 con-

486 1238 640 1294 vivio
697 1241 986 1296 instructo
1044 1258 1248 1298 omnes
1309 1245 1456 1298 aulae
1515 1252 1710 1315 portas
1770 1244 2014 1316 aperuit.
2075 1246 2140 1298 ut

488 1327 675 1386 victor
703 1346 736 1384 a
767 1329 1077 1402 quibusvis
1109 1331 1581 1403 conspiceretur;
1643 1337 1699 1388 et
1755 1349 1887 1388 cum
1933 1347 2141 1388 manus

491 1417 681 1490 epulis
711 1417 1053 1474 admoturus
1113 1425 1286 1486 esset,
1348 1421 1629 1476 ferculum
1693 1421 1843 1476 haud
1877 1436 2018 1477 sane
2049 1423 2142 1477 de-

494 1522 697 1562 corum
737 1511 794 1561 et
821 1508 972 1564 507
1036 1506 1327 1563 ludicrum
1387 1525 1593 1580 parum
1653 1509 2140 1579 elegans,Brana

489 1594 1123 1666 caputinferrijussit,
1186 1599 1338 1667 quod
1392 1597 1574 1652 hianti
1639 1598 1785 1654 rictu
1837 1604 1892 1654 et
1919 1597 2140 1654 clausis

490 1686 676 1742 oculis
706 1686 868 1741 humi
894 1687 1184 1757 abiectum
1223 1688 1335 1744 huc
1365 1693 1538 1760 atque
1581 1689 1721 1744 illuc
1769 1688 1925 1761 globi
1957 1689 2144 1744 instar

487 1774 818 1848 agitabatur
845 1784 900 1830 et
931 1775 1146 1846 jaeulis
1179 1777 1606 1847 trajiciebatur.
1633 1779 1852 1834 Deinde
1901 1777 2140 1849 conjugi

491 1880 723 1936 quoque
753 1865 882 1935 ejus
913 1865 972 1920 in
1007 1866 1221 1938 palatio
1251 1865 1492 1922 inclusa:
1537 1867 1798 1922 oblatum
1867 1876 1972 1924 est.
2007 1869 2140 1934 Qua

497 1961 698 2025 rogata
728 1969 869 2008 num
895 1955 1070 2010 sciret
1093 1956 1261 2026 cujus
1288 1961 1460 2021 esset,
1485 1955 1668 2011 oculis
1719 1957 1776 2012 in
1811 1955 2143 2012 miserabile

499 2041 648 2098 illud
703 2047 762 2099 et
810 2043 1273 2116 inexspectatum
1353 2044 1746 2117 spectaculum
1815 2045 2139 2117 conjectis:

501 2153 530 2184 ‹‹
562 2129 1020 2203 Novi,inquit,et
1042 2133 1423 2190 memiseram
1443 2134 1663 2203 judico.
1701 2156 1730 2184 »
1793 2135 1928 2190 Erat
1985 2135 2140 2190 enim

503 2221 769 2277 modesta
791 2221 1022 2292 mulier,
1047 2227 1104 2278 et
1131 2223 1400 2279 decoram
1436 2223 1723 2280 matronis
1770 2224 2140 2280 taciturnita»

503 2315 617 2368 tem
661 2310 898 2367 maximi
959 2313 1223 2368 faciebat.
1284 2315 1472 2380 Quare
1527 2331 1561 2370 a
1618 2319 1823 2386 patruo
1885 2315 2147 2371 Manuele

507 2401 832 2458 matronale
861 2402 1040 2459 decus
1069 2409 1121 2458 et
1157 2403 1391 2458 familia:
1439 2421 1559 2458 suae
1603 2414 2009 2461 ornamentum
2043 2421 2146 2476 ap-

503 2487 848 2560 pellabatur.
883 2491 1178 2546 Exercitus
1210 2507 1340 2546 vero
1371 2492 1473 2564 qui
1529 2509 1660 2547 cum
1704 2496 1892 2548 Brana
1921 2493 2142 2548 defece-

2322 1147 2386 1202 0‘.
2421 1145 2524 1202 Καὶ
2563 1148 2782 1200 τοιοῦτο
2843 1145 2938 1219 μὲν
3001 1145 3030 1200 ὁ
3082 1146 3206 1201 τότε
3251 1145 3400 1224 ἀγὼν
3459 1145 3662 1227 εἴληφε
3719 1147 3888 1218 πέρας,

2249 1235 2414 1296 αὐτὸς
2475 1230 2521 1288 δ’
2568 1234 2596 1288 ὁ
2658 1231 2916 1309 βασιλεὺς
2971 1233 3316 1308 τραπόμενος
3365 1233 3441 1297 είς
3475 1235 3712 1290 ἑστίασιν
3743 1241 3889 1294 πᾶσαν

2246 1329 2354 1381 τῶν
2413 1323 2649 1401 ἀρχείων
2704 1323 2867 1394 ἀνῆκε
2933 1323 3117 1396 πύλην
3173 1324 3390 1382 αὔλειον
3447 1326 3538 1381 καὶ
3600 1327 3890 1401 παράθυρον

2247 1416 2600 1489 προσκήνιον,
2671 1411 2808 1475 ὥςτε
2873 1413 3000 1480 τοὺς
3077 1413 3449 1490 βουλομένους
3522 1415 3746 1474 ε’σιὲναι
3813 1419 3888 1472 καὶ

2248 1505 2461 1558 θεᾶσθαι
2503 1503 2662 1558 αὐτὸν
2690 1509 3085 1578 τροπαιοῦχον.
3130 1506 3216 1562 Ἐν
3245 1503 3301 1560 δὲ
3343 1509 3422 1578 τῷ
3479 1503 3744 1560 ἅπτεσθαι
3795 1511 3888 1561 τῶν

2250 1592 2436 1647 σιτίων
2487 1589 2688 1668 χανδὸν
2743 1591 2832 1647 καὶ
2891 1592 2986 1655 τὰς
3034 1598 3226 1668 χεῖρας
3280 1599 3444 1649 κινεῖν
3501 1594 3584 1656 εἷς
3643 1595 3733 1652 τὸν
3797 1599 3890 1650 τῶν

2249 1681 2622 1756 προκειμένων
2692 1679 2921 1737 ἐδεστῶν
2975 1681 3246 1756 πόλεμον,
3311 1681 3621 1738 ἐπεισόδιόν
3687 1683 3738 1738 τί
3809 1682 3891 1738 οὐκ

2250 1769 2510 1844 εὐπρεπὲς
2561 1771 2647 1824 καὶ
2700 1769 2916 1844 ἄθυρμα
2968 1766 3302 1824 ἐπιδείπνιον
3369 1773 3468 1841 τὴν
3547 1776 3650 1827 τοῦ
3733 1775 3888 1846 Βρανᾶ

2249 1861 2680 1935 παρεισαχθῆναι
2745 1857 3032 1914 κεκέλευκε
3096 1863 3342 1934 κεφαλήν
3388 1861 3451 1917 Ἦ
3531 1857 3593 1916 δὲ
3659 1861 3733 1924 ὡς
3796 1861 3890 1916 εἰσ-

2250 1954 2407 2022 ῆκτο,
2457 1951 2540 2006 ἐπ’
2617 1947 2848 2028 ἐδάφους
2899 1946 3126 2028 ἕρῥιπτο
3184 1957 3448 2027 σεσηρυῗα
3501 1951 3600 2006 καὶ
3671 1956 3889 2026 μεμκυῖα

2248 2041 2327 2096 τὼ
2393 2039 2686 2118 ὀφθαλμὼ,
2753 2037 2860 2095 ὡδέ
2909 2061 2968 2096 τε
3029 2041 3242 2096 κάκεῖσε
3303 2038 3461 2109 δίκην
3517 2041 3746 2122 σφαίρας
3791 2038 3890 2096 δια⁹

2251 2128 2459 2207 γομὲνη
2518 2150 2576 2184 τε
2629 2128 2719 2183 καὶ
2781 2131 3123 2207 μεταγομὲνη
3185 2128 3588 2202 διηκοντίζετο.
3649 2132 3876 2204 Ὕστερον

2253 2217 2310 2274 δὶ
2352 2219 2443 2274 καὶ
2491 2221 2560 2292 τῇ
2583 2219 2753 2274 αὐτοῦ
2800 2223 3010 2294 γαμετῇ
3068 2214 3220 2274 ἔνδον
3273 2224 3379 2275 τῶν
3411 2219 3718 2293 ἀνακτόρων
3763 2229 3878 2282 καθ-

2252 2308 2507 2384 ειργμένῃ
2601 2309 3033 2386 παρεισφέὸεται,
3133 2309 3224 2362 καὶ
3272 2308 3513 2384 ἆνέρεται
3618 2307 3744 2379 αὕτη
3835 2305 3880 2362 εί

2253 2395 2486 2453 σύνειδεν
2517 2400 2644 2454 ὅτου
2673 2398 2812 2453 ἐστὶν
2839 2401 2874 2468 ἡ
2905 2396 3142 2476 κεφαλή.
3200 2399 3264 2454 Ἠ
3310 2396 3367 2454 δὲ
3409 2399 3541 2461 τοὺς
3595 2395 3890 2477 ὀρθαλμοὺς

2253 2487 2438 2560 ἐκείνῳ
2469 2492 2550 2560 τῷ
2597 2491 2780 2563 πικρῷ
2823 2488 2914 2543 καὶ
2955 2487 3159 2563 οἰκτρῷ
3221 2487 3312 2542 καὶ
3378 2487 3608 2562 ἂέλπτῳ
3690 2488 3895 2561 Θεάματι

503 2583 655 2645 rant,
689 2579 834 2636 laxis
866 2579 1108 2636 habenis
1130 2561 1484 2652 quocunque
1525 2581 1864 2653 fugiebant:
1923 2598 1991 2636 ac
2047 2580 2141 2653 qui

2257 2571 2613 2647 ἐπιϐαλοῦσα,
2665 2561 2707 2629 «Ἴ
2734 2573 2892 2647 Οἶδα,
2953 2561 3109 2651 φησί,
3156 2577 3244 2631 καὶ
3275 2575 3554 2646 ταλανίζω
3582 2561 3834 2652 ἐμαυτήν.
3867 2597 3890 2624 n

500 2685 710 2742 pugnae
743 2674 1002 2742 tempore
1032 2677 1161 2742 post
1195 2678 1652 2742 propugnatores
1682 2676 1980 2741 steterant,
2013 2687 2144 2727 cum

497 2757 837 2816 inclinatam
871 2775 1002 2816 esse
1023 2759 1204 2816 aciem
1230 2761 1718 2829 sensissent,t‘uga
1739 2765 2146 2832 occupata,eos

499 2845 599 2918 qui
631 2863 664 2902 a
693 2850 853 2918 tergo
904 2846 1300 2918 sequebantur
1351 2863 1454 2918 pro
1505 2845 1773 2902 hostibus
1820 2853 2146 2903 metuentes

497 2950 734 2992 cursum
769 2935 1170 3000 intendebant,
1201 2951 1272 2990 ne
1323 2943 1689 3006 caperentur.
1725 2937 1831 3003 Qui
1881 2954 2015 2992 vero
2052 2953 2144 2992 se-

497 3026 850 3094 quebantur,
883 3023 1350 3078 antecedentium
1386 3024 1688 3080 incitatam
1711 3026 1909 3097 fugam
1943 3031 2143 3080 utrem

501 3109 815 3167 salutarem
848 3110 1002 3166 508
1033 3109 1268 3177 imitati,
1301 3117 1360 3166 et
1381 3111 1635 3167 hostium
1684 3114 2144 3184 persecutionem

499 3199 840 3267 veriti,iliud
869 3199 1072 3270 utique
1099 3202 1400 3271 optabant,
1456 3210 1517 3256 ut
1563 3202 1693 3272 equi
1754 3219 1867 3258 non
1906 3203 2145 3276 ungulis

505 3287 748 3344 humum
773 3287 1196 3360 pulsarent,sed
1223 3295 1502 3362 tanquam
1524 3296 1778 3363 Pegasus
1817 3293 2144 3360 volitarent,

502 3376 734 3450 ipsique
759 3376 918 3432 velut
949 3379 1065 3434 orci
1093 3377 1256 3451 galea
1287 3380 1418 3434 tecti
1461 3398 1494 3435 a
1553 3379 1786 3436 nemine
1837 3381 2144 3454 conspice-

502 3471 725 3522 rentur.
759 3467 983 3522 Tantus
1011 3482 1110 3522 eos
1141 3474 1324 3523 terror
1369 3467 1681 3537 invaserat,
1742 3470 1843 3540 qui
1900 3470 2146 3528 faciebat

505 3562 566 3612 ut
595 3555 824 3628 quidvis
881 3561 939 3611 et
994 3555 1255 3612 dicerent
1313 3562 1370 3612 et
1421 3562 1705 3630 optarent.
1744 3564 1822 3613 Ac
1874 3558 1934 3614 in
1977 3565 2148 3631 ponte

501 3645 908 3717 Daphoutiano
942 3643 1178 3718 plurimi
1211 3646 1544 3718 periissent,
1577 3649 1687 3704 nisi
1739 3648 1976 3718 quidam
2022 3667 2148 3706 ma-

498 3733 673 3792 nibus
709 3735 766 3790 in
797 3733 1008 3790 cmlum
1040 3736 1317 3803 extensis,
1351 3740 1527 3792 Deum
1561 3742 1811 3792 testatus
1851 3737 2144 3794 neminem

496 3840 530 3880 a
559 3829 722 3898 tergo
754 3823 992 3895 instare,
1026 3826 1127 3882 sed
1186 3825 1434 3881 victores
1479 3825 1828 3896 jamdudum
1889 3846 1919 3882 a
1953 3843 2144 3898 perse-

2252 2667 2354 2722 ἹῙν
2384 2665 2487 2740 γὰρ
2537 2667 2766 2743 σώφρων
2813 2668 2848 2737 ἡ
2923 2667 3087 2742 γυνὴ,
3162 2663 3252 2721 καῖ
3327 2666 3424 2735 τήν
3497 2665 3884 2740 ἐπιπρέπουσαν

2249 2758 2330 2827 τῷ
2367 2757 2530 2826 θήλεϊ
2575 2757 2789 2825 σιωπὴν
2839 2757 3095 2828 τιθεμὲνη
3146 2755 3270 2831 περὶ
3317 2753 3563 2826 πολλοῦ,
3636 2755 3699 2810 οὗ
3743 2755 3885 2832 χᾶριν

2251 2844 2343 2898 καὶ
2395 2843 2574 2914 καλὴν
2623 2845 2674 2899 ἐν
2733 2844 2941 2920 γυναιξὶ
2987 2843 3368 2916 κατωνόμαζεν
3441 2845 3469 2900 ὁ
3516 2846 3660 2918 πρὸς
3710 2843 3891 2919 μητρὸς

2253 2934 2420 3004 αὑτῆς
2450 2936 2593 2998 θεῖος
2623 2933 2652 2990 ὁ
2685 2935 3042 3008 αὐτοκράτωρ
3079 2932 3360 3003 Μανουήλ.
3408 2934 3502 2989 καὶ
3561 2934 3680 2990 οἷόν
3719 2955 3767 2988 τι
3807 2935 3898 2988 τῶν

2253 3024 2312 3080 ἐκ
2363 3028 2458 3080 τοῦ
2516 3026 2707 3102 γὲνους
2765 3021 3077 3102 ὀσφράδιον.
3129 3025 3208 3082 Τὰ
3269 3021 3326 3079 δὲ
3379 3045 3436 3100 γε
3484 3025 3630 3100 πρὸς
3659 3025 3893 3080 ἀποσπα-

2253 3115 2365 3170 σίαν
2435 3119 2515 3186 τῷ
2587 3117 2763 3190 Βρανᾷ
2841 3113 3180 3188 συναράμενα
3243 3114 3648 3188 στρατεύματα,
3744 3110 3889 3176 ὅλους

2251 3203 2436 3259 ἀνέντα
2492 3201 2780 3279 χαλινοὺς,
2844 3204 2940 3265 τὰς
3007 3201 3356 3273 ὁπουδήποτε
3430 3205 3701 3278 φερούσας
3763 3201 3892 3277 ἐτρά.

2251 3314 2402 3352 πετο.
2443 3293 2539 3350 Καὶ
2593 3293 2643 3348 oi
2697 3293 2790 3365 μὲν
2851 3289 3071 3348 ὄπισθεν
3134 3292 3364 3355 ἑστῶτες
3425 3297 3536 3348 τῶν
3594 3291 3884 3368 προμάχων

2251 3382 2388 3438 κατᾶ
2434 3383 2523 3439 τὸν
2569 3383 2758 3458 καιρὸν
2815 3389 2915 3450 τῆς
2969 3381 3322 3455 συμπλοκῆς,
3382 3383 3456 3444 ὡς
3513 3378 3743 3458 ᾔσθεντο
3794 3387 3882 3450 τῆς

2251 3479 2481 3548 τροπῆς,
2525 3471 2795 3547 ἁψάμενοι
2839 3471 2938 3540 ea;
2985 3478 3165 3550 φυγῆς
3215 3472 3470 3545 πρότεροι
3509 3470 3640 3533 τοὺς
3681 3469 3882 3526 κατόπιν

2253 3559 2574 3626 ἐλαύνοντας
2621 3561 2695 3622 ὡς
2758 3559 3063 3634 πολεμίους
3135 3561 3506 3638 ὑφορώμενοι,
3552 3562 3646 3616 τὸν
3696 3557 3880 3635 δρόμον

2253 3651 2326 3712 ὡς
2388 3653 2466 3726 μὴ
2517 3648 2879 3728 συλληφθεῖεν
2937 3649 3229 3706 ἐπέτεινον·
3281 3650 3334 3705 οἱ
3383 3647 3431 3704 δ’
3473 3645 3781 3725 ἐφεπόμενοι
3824 3645 3878 3701 τὸ

2253 3741 2504 3796 σύντονον
2558 3741 2634 3805 είς
2676 3743 2850 3819 φυγήν
2895 3745 3007 3796 τῶν
3053 3741 3404 3816 προαγόντων
3451 3740 3526 3804 ὡς
3578 3739 3750 3814 πρᾶξιν
3777 3743 3868 3804 ζη-

2253 3829 2474 3892 λόῦντες
2533 3831 2835 3900 σώζουσαν,
2893 3830 2981 3885 καὶ
3032 3831 3131 3899 τήν
3179 3834 3287 3885 τῶν
3349 3826 3621 3901 πολεμίων
3660 3821 3864 3880 ἐπεδίω-

495 3917 727 3988 quando
758 3915 1178 3986 destitisse,eos
1199 3917 1525 3973 monuisset
1569 3922 1634 3970 ut
1662 3917 1945 3989 impetum
1997 3919 2141 3990 fugis

2253 3921 2332 3991 ξιν
2365 3917 2759 3992 δεδιττόμενοι,
2799 3917 2973 3974 ἐκεῖνα
3019 3915 3262 3995 ηὔχοντο
3300 3919 3560 3992 ἄντικρυς,
3612 3911 3728 3976 τοὺς
3773 3910 3861 3985 μὲν

492 4005 866 4061 moderantes
913 4005 1114 4061 ordine
1161 4010 1215 4060 et
1265 4010 1435 4062 caute
1484 4007 1756 4062 fornicem
1814 4006 1976 4063 illum
2013 4023 2140 4079 per-

491 4093 830 4150 transirent.
863 4095 943 4150 Ac
973 4099 1176 4150 tenues
1209 4100 1265 4150 et
1295 4095 1552 4150 obscura:
1595 4095 1842 4150 fortuna:
1877 4095 2144 4152 homines

494 4185 639 4239 citra
668 4182 992 4240 molestiam
1027 4189 1084 4239 et
1112 4185 1324 4239 crimen
1349 4185 1590 4239 domum
1629 4186 1949 4251 redierunt,
1984 4185 2142 4242 salu-

498 4271 676 4328 briter
701 4272 1059 4329 obscuritate
1091 4289 1195 4328 sua
1235 4273 1586 4344 tecti,neque
1617 4279 1942 4330 metuentes
1977 4292 2044 4330 ne
2075 4275 2146 4330 ab

500 4361 618 4417 ullo
647 4360 1104 4432 inquirerentur.
1161 4363 1268 4428 Qui
1327 4377 1459 4417 vero
1513 4369 1606 4417 aut
1638 4379 1848 4434 genere
1891 4361 2148 4420 illustres

499 4456 600 4506 aut
631 4453 1074 4523 magistratibus
1098 4452 1558 4524 gestisinsignes
1591 4459 1778 4518 erant,
1815 4455 2146 4526 frequentes

495 4555 815 4595 convenere
838 4545 895 4596 et
935 4557 1036 4612 per
1091 4541 1313 4609 legatos
1370 4543 1598 4598 veniam
1667 4543 1738 4597 ab
1799 4543 2144 4614 imperatore

499 4629 846 4700 petiverunt,
877 4631 1028 4700 quod
1053 4630 1347 4686 hominem
1397 4630 1738 4687 seditiosum
1773 4633 1953 4688 secuti
1986 4633 2140 4688 defe-

497 4719 738 4776 cissent.
764 4721 981 4786 Quodsi
1029 4720 1100 4774 ab
1152 4719 1502 4792 imperatore
1543 4737 1704 4776 noxae
1731 4723 2142 4792 eximerentur,

499 4825 562 4864 se
597 4809 657 4862 in
703 4813 1002 4880 posterum
1047 4809 1231 4864 bonos
1285 4813 1342 4863 et
1402 4809 1604 4865 ﬁdeles
1664 4811 1966 4868 ministros
2026 4813 2145 4868 fore

497 4898 649 4955 509
678 4897 1126 4969 pollicebantur,
1160 4902 1216 4952 et
1239 4898 1641 4969 pmuitentiam
1704 4916 1867 4954 suam
1928 4917 1986 4956 re
2017 4901 2147 4972 ipsa

495 4987 1075 5060 declaraturos,quod
1092 4993 1294 5042 contra
1317 4986 1617 5042 dominum
1651 4994 1705 5044 et
1729 4989 2138 5060 imperatorem

491 5093 652 5134 arma
682 5076 1109 5148 cepissent.Sin
1134 5077 1184 5130 is
1207 5075 1546 5146 inexpiabili
1573 5075 1875 5132 iracundia
1891 5079 2139 5148 arderet,

486 5173 663 5240 atque
682 5167 1032 5238 injuriarum
1055 5165 1396 5221 memoriam
1414 5171 1692 5236 perpetuo
1733 5175 2136 5224 conservatam

2251 4009 2456 4073 ’ίππους
2492 4013 2566 4084 μή
2599 4010 2728 4066 ποσὶ
2758 4011 2978 4066 κόπτειν
3025 4009 3087 4066 τὸ
3141 4006 3394 4077 δάπεδον,
3458 4005 3581 4081 ἀλλ⁴
3624 4003 3868 4060 ἵπτασθαι

2251 4100 2387 4156 κατᾶ
2413 4102 2690 4174 Πήγασον,
2725 4097 2922 4161 αὐτοὺς
2972 4095 3030 4154 δὲ
3087 4097 3316 4174 ἆορασίᾳ
3377 4095 3750 4160 καλύπτεσθαι,
3803 4090 3873 4151 ὼς

2253 4189 2299 4244 εί
2346 4190 2448 4258 τὴν
2486 4191 2683 4259 κυνέην
2725 4185 2898 4260 ’ᾼδου
2957 4185 3241 4244 ὑπέδυσαν.
3299 4191 3368 4244 Ἥ
3423 4185 3610 4256 πολλὴ
3665 4182 3779 4240 τότε
3815 4179 3872 4249 ἦν

2251 4277 2434 4340 αὐτοῖς
2466 4280 2501 4347 ἡ
2531 4275 2824 4346 δειλανσις,
2872 4277 2964 4332 καὶ
3013 4281 3115 4332 πᾶν
3149 4275 3320 4332 ἐποίει
3371 4277 3463 4331 καὶ
3507 4275 3752 4348 πράττειν
3799 4267 3877 4326 καὶ

2251 4366 2522 4442 εὔχεσθαι.
2557 4365 2732 4424 Ἀλλὰ
2761 4367 3006 4443 καὶπερὶ
3059 4367 3159 4436 τὴν
3223 4366 3462 4444 γέφυραν
3531 4364 3770 4421 πλεῖστοι
3824 4359 3877 4413 ἂν

2250 4455 2639 4517 ἆπολισθόντες
2691 4454 2998 4510 ὁλώλεισαν
3039 4457 3164 4521 ῆτις
3209 4454 3343 4516 καςὰ
3417 4457 3482 4510 τὸ
3570 4449 3876 4533 Δαφνούτιον

2251 4547 2584 4622 περιάγεται,
2664 4544 2709 4600 εί
2788 4546 2864 4618 μή
2939 4565 3024 4607 τις
3098 4544 3296 4606 αὐτοὺς
3379 4541 3653 4598 ἐπεπείκει
3734 4538 3880 4594 καθυσ-

2253 4635 2424 4715 φείναι
2497 4641 2598 4705 τῆς
2673 4632 2848 4704 ἆξείας
2925 4637 3104 4712 φυγῆς
3177 4632 3315 4688 κατᾶ
3386 4632 3602 4705 κόσμον
3672 4648 3728 4686 τε
3803 4623 3877 4715 καὶ

2254 4714 2330 4799 μὴ
2372 4722 2686 4802 ἐπισφαλῶς
2737 4721 2828 4779 διὰ
2872 4730 2973 4793 τῆς
3027 4721 3222 4796 ἁψῖδος
3267 4720 3427 4794 ἱέναι,
3515 4721 3594 4785 εἷς
3675 4714 3881 4792 οὐρανὸν

2251 4815 2526 4876 ἀνατείνας
2609 4814 2702 4876 τὰς
2767 4813 2957 4890 χέἵρας
3005 4811 3095 4869 καὶ
3159 4813 3223 4868 τὸ
3269 4817 3424 4868 Θεῖον
3485 4807 3880 4890 ἐπομοσάμενος

2253 4901 2460 4976 μηδένα
2489 4908 2608 4958 κατ’
2647 4889 2822 4958 αὐτῶν
2865 4900 3070 4958 ἐπιέναι
3128 4899 3404 4973 πολέμιον
3457 4898 3698 4966 ὄπισθεν,
3750 4889 3881 4949 ἀλλὰ

2250 4995 2334 5064 [Ρ.
2411 4994 2536 5065 249]
2613 4991 2784 5047 πάλαι
2862 4990 3312 5068 μεταστραφέντες
3397 4989 3701 5053 παύσασθαι
3792 4987 3880 5049 τῆς

2249 5078 2648 5152 καταϐιώξεως.
2671 5083 2830 5140 Ὅσοι
2861 5078 2953 5136 λὶν
2984 5081 3075 5136 οὗν
3106 5081 3207 5149 τὴν
3246 5079 3426 5158 τύχην
3475 5081 3610 5148 ἦσαν
3662 5074 3882 5154 φλαῦροι

2249 5173 2338 5228 καὶ
2372 5173 2701 5248 περιπέζιοι,
2750 5172 2902 5227 οὗτοι
2951 5169 3272 5246 ἀνεπαχθῶς
3331 5170 3418 5224 καὶ
3479 5163 3882 5242 ἂνεπεγκλήτως

484 5275 550 5314 ac
576 5275 670 5314 irae
689 5257 976 5314 scintillas
1003 5256 1382 5312 resuscitatus
1400 5255 1589 5322 vellet,
1625 5272 1686 5311 se
1733 5273 1888 5328 quoq
1901 5273 1968 5312 ue
1991 5275 2133 5315 con-

2251 5261 2496 5335 ὶφίκοντο
2528 5257 2731 5330 ο²ίκαδε,
2787 5263 2886 5331 τὴν
2949 5258 3152 5315 οίκείαν
3203 5251 3550 5334 παράϐυστον
3611 5254 3876 5325 σώζουσαν

481 5352 747 5414 spectem
768 5350 898 5419 ejus
916 5346 1206 5420 fugituros
1224 5350 1278 5400 et
1300 5351 1623 5400 extremum
1650 5353 1942 5418 receptum
1978 5351 2130 5420 apud

485 5439 687 5504 gentes
713 5437 1252 5494 Romanisintestas
1275 5438 1648 5508 quaesituros,
1681 5441 1738 5492 et
1767 5437 1826 5492 in
1845 5437 2136 5496 Romanos

483 5537 548 5576 ea
579 5527 998 5584 commissuros
1022 5526 1290 5598 qumillis
1307 5527 1584 5583 deberent
1635 5527 1702 5582 ad
1752 5545 1898 5598 quos
1931 5531 2136 5585 confu-

485 5610 732 5684 gissent.
762 5615 957 5686 Neque
987 5618 1142 5671 enim
1175 5631 1302 5672 esse
1333 5634 1570 5686 novum,
1604 5617 1656 5672 si
1695 5633 1827 5688 quis
1869 5635 2009 5674 suos
2043 5621 2134 5676 in-

479 5700 671 5760 festos
694 5705 1048 5774 experiatur,
1104 5709 1168 5759 ut
1218 5703 1474 5761 hostium
1533 5705 1850 5762 amicitiam
1901 5714 2133 5782 expetat

2247 5345 2488 5426 ἔχοντες,
2529 5349 2621 5404 καὶ
2678 5345 2888 5422 μηδένα
2937 5345 3176 5411 δεδιότες
3233 5349 3327 5404 τὸν
3386 5345 3476 5402 ἐπὶ
3531 5349 3612 5417 τῷ
3665 5341 3884 5399 κολάσαι

2247 5439 2666 5514 ἁναδιφνςσοντα.
2699 5440 2767 5496 Οἱ
2799 5436 2857 5494 δὲ
2883 5440 2950 5494 τὸ
2988 5439 3146 5516 γένος
3202 5436 3452 5515 λαμπροὶ
3487 5435 3576 5492 καὶ
3639 5433 3884 5504 ἐπίσημοι

2245 5527 2316 5584 δι’
2346 5529 2644 5604 ἡγεμονίαν
2675 5527 2712 5600 οἷς
2740 5528 3040 5606 ἀρχηγίαν,
3087 5528 3242 5584 οὗτοι
3293 5527 3348 5593 ἐς
3401 5526 3598 5603 ἄθρουν
3655 5521 3884 5578 ἆλισθέν·

2242 5641 2329 5682 τες
2389 5619 2668 5696 σύνταγμα
2725 5612 3206 5694 διαπρεσϐεύονται
3275 5615 3515 5694 βασιλεῖ,
3573 5610 3886 5691 συγγνώμην

2245 5708 2518 5774 αἰτοῦντες
2549 5711 2637 5774 οἷς
2667 5707 2974 5782 ἀπέστησαν
3027 5709 3118 5764 ἀπ’
3175 5706 3341 5764 αὐτοῦ
3389 5704 3483 5763 καὶ
3547 5708 3627 5780 τῷ
3669 5697 3871 5759 ἀποστά
