4116 6206
266 359 383 427 733
1421 361 1521 422 DE
1566 360 1880 423 ISAACIO
1925 361 2236 426 ωειςιο
2282 366 2428 427 LIB.
2478 370 2527 428 I.
3573 382 3691 441 πε

258 524 333 579 τῃ
364 497 850 571 ἰπηκολούθησαν,
890 498 981 554 καὶ
1041 497 1188 573 παρὰ
1246 496 1517 576 βασιλέως
1556 493 1883 571 λαμϐάνοντι

2063 518 2255 574 eosque
2287 519 2387 572 pro
2418 504 2624 561 amicis
2658 505 2830 563 colat.
2866 508 2999 571 Quae
3040 527 3170 565 eum
3204 510 3375 583 legati
3410 515 3688 571 submur-

261 592 329 647 τὸ
385 587 717 664 ἀνέγκλητον
774 586 964 664 ἀγαθοὶ
1020 589 1112 643 καὶ
1168 588 1356 644 πιστοὶ
1396 587 1716 663 θεράποντες
1757 587 1809 648 ἐς
1864 608 1886 641 1

2065 599 2393 659 nurassent,
2422 594 2477 647 in
2511 606 2741 663 peramr
2770 598 3119 667 impunitate
3153 602 3425 658 omnibus
3461 621 3690 659 conces-

267 678 479 756 μὲλλον
514 673 729 743 ἔσεσθαι
779 679 1134 737 συνετίθεντο,
1194 677 1299 733 κᾶκ
1351 681 1461 732 τῶν
1518 674 1694 752 ἔργων
1750 676 1892 731 αὐτῶ

2067 696 2227 743 a,eos
2259 683 2358 753 qui
2391 687 2735 740 acerrlelnnt
2768 688 3019 760 benigne
3061 695 3365 762 susceptos
3416 696 3690 750 monebat

270 766 555 839 ὑποδεῖξαι
584 768 685 836 τήν
748 765 1033 838 μετάνοιαν
1090 765 1170 842 ἐρ’
1228 768 1315 829 οἷς
1367 765 1427 821 ἐκ
1482 765 1778 840 παρανοίας
1831 786 1895 820 πε

2062 779 2100 823 It
2158 773 2510 841 paenitentia:
2562 776 2633 829 ob
2691 776 2971 832 violatum
3026 780 3449 850 jusjurandum
3495 784 3687 838 decla-

262 860 629 933 παρῳνήκασι
699 857 835 911 κατὰ
889 860 988 913 τοῦ
1052 858 1248 930 κυρίου
1306 855 1577 931 βασιλέως
1630 854 1887 933 ἐφοπλισό

2063 859 2236 915 ἐοὰιο
2264 876 2444 916 causa
2477 864 2866 932 patriarcbam
2921 869 3172 936 adirent,
3232 887 3409 942 seque
3453 872 3688 928 anathe-

271 969 448 1024 μενοι.
489 947 554 1004 Εἰ
585 944 642 1001 δὲ
692 945 968 1019 βασιλεὺς,
1028 947 1178 1023 φασὶ,
1230 946 1294 1001 τὸ
1348 952 1446 1015 τῆς
1504 949 1695 1021 ψυχῆς
1724 945 1896 1018 θυμού

2057 953 2194 1003 nate
2224 949 2369 1004 solvi
2403 958 2688 1021 peterent,
2737 970 2850 1024 quo
2901 972 2935 1009 ιι
2982 956 3234 1026 civibus,
3277 976 3410 1015 cum
3448 961 3682 1018 illorum

271 1058 435 1111 μενον
490 1034 751 1091 πλουτῶν
802 1034 1122 1107 ἆμετέθετον
1179 1034 1279 1091 οὐκ
1335 1034 1586 1109 αὐτῆμαρ
1634 1035 1896 1109 καταπέψι

2062 1038 2299 1092 εοὶοοιιιι
2320 1054 2389 1093 ex
2416 1042 2678 1096 turribus
2703 1050 3053 1113 spectarent,
3077 1047 3337 1102 obstricti
3363 1055 3575 1105 essent.
3610 1054 3687 1106 Ac

265 1127 369 1194 τὴν
408 1123 772 1200 ὀργιλότητα,
812 1121 941 1179 ἀλλ’
1000 1123 1244 1179 ἑσόπειτα
1300 1126 1487 1194 στήσει
1543 1124 1608 1178 τὰ
1663 1125 1887 1197 ἠμαρτη

2063 1125 2451 1198 nulti,quibus
2469 1130 2670 1200 religio
2694 1133 2854 1188 cordi
2894 1139 3040 1201 erat,
3066 1138 3146 1190 ita
3185 1137 3474 1193 fecerunt:
3498 1140 3688 1195 caeteri

273 1215 411 1289 μένα
455 1214 636 1289 σφίσιν
675 1213 882 1284 αὐτοῖς,
939 1210 998 1267 δν
1059 1213 1292 1287 ὑπέτυφε
1347 1212 1506 1268 κότον
1566 1212 1643 1275 εἷς
1699 1219 1895 1281 σπινθῆ

2064 1231 2171 1270 νει-ο
2193 1222 2336 1270 nutu
2363 1217 2569 1288 capitis
2609 1219 2889 1275 duntaxat
2930 1224 3312 1281 admonitioni
3360 1227 3442 1280 illi
3467 1229 3689 1284 assensi

268 1325 371 1380 ρας
412 1302 783 1380 ἀναρριπίζων
841 1304 1038 1376 θυμοῦ,
1097 1303 1189 1358 καὶ
1247 1301 1404 1359 αὐτοὶ
1452 1304 1766 1375 φευεοῦνται
1824 1302 1893 1357 ἀπ

2061 1304 2239 1374 nagni
2262 1305 2462 1375 templi
2499 1306 2823 1378 ingressum
2850 1316 2905 1364 et
2935 1314 3357 1370 confessionem
3385 1333 3487 1387 pro
3513 1318 3686 1388 nugis

267 1392 573 1467 προσώπου
626 1396 724 1447 τοῦ
788 1389 1060 1467 βασιλέως
1118 1392 1208 1446 καὶ
1267 1392 1360 1446 τὸν
1414 1392 1561 1467 παρὰ
1618 1396 1736 1453 τοῖς
1802 1390 1892 1467 φιλ

2061 1395 2402 1461 zabuerunt;
2428 1396 2699 1451 nedicam
2719 1399 3197 1470 fuissequosdam
3217 1404 3570 1475 petulantes,
3588 1407 3686 1476 qui

269 1486 569 1558 εχθροῦσιν
643 1475 815 1545 ἔθνεσι
888 1480 1190 1552 Ῥωμαίοις
1265 1483 1593 1551 ζητήσουσιν
1697 1474 1894 1555 ἔσχατα

2067 1484 2482 1552 υιῐιρχὶἱεεεηι,
2513 1486 2923 1556 imperatorem
2958 1474 3259 1545 deriserint
3292 1498 3347 1547 et
3366 1474 3692 1550 subsanna-

268 1571 542 1643 σταθμὸν,
609 1570 828 1626 κάκεῖνα
901 1571 1213 1641 Ῥωμαίους
1271 1567 1592 1646 ἐργάσονται
1670 1571 1768 1624 ὅσα
1841 1570 1893 1623 οἳ

2063 1572 2321 1627 ’ἰηιοὶὴίι
2357 1589 2485 1628 esse
2516 1577 2643 1630 novi
2679 1576 2962 1646 dicentes,
2996 1580 3150 1635 510
3183 1581 3230 1634 si
3290 1581 3339 1636 is
3380 1582 3479 1653 qui
3509 1584 3688 1638 sacri-

266 1658 691 1736 προσεῤῥύησαν
757 1657 884 1734 δρᾷν
953 1654 1211 1738 ὤφειλον,
1280 1659 1393 1714 ἐπεὶ
1465 1656 1605 1731 μηδὶ
1660 1659 1891 1714 καινὸνι

2061 1661 2248 1716 lculus
2273 1662 2412 1717 olim
2430 1663 2810 1735 fuisset(nam
2828 1665 3073 1723 idetiam
3090 1668 3138 1722 ei
3165 1668 3392 1725 crimini
3418 1671 3686 1743 dabatur)

268 1745 454 1827 διφῴη
486 1769 572 1811 τις
602 1748 695 1804 τὸν
728 1747 1026 1804 ἀντίπαλον
1084 1767 1174 1802 και
1221 1747 1544 1804 κολακεύσει
1600 1749 1813 1803 τουτονί
1854 1748 1893 1802 ὡ

2066 1751 2188 1821 peis
2208 1751 2385 1806 etiam
2409 1768 2476 1807 ea
2508 1754 2901 1821 praescriberet
2934 1772 3060 1826 quae
3089 1773 3122 1811 a
3153 1775 3330 1829 puero
3366 1760 3686 1816 didicisset.

270 1839 483 1917 φίλιον,
516 1842 611 1893 τὸν
644 1838 847 1894 οἰκεῖον
903 1837 1167 1913 εὑρίσκων
1214 1842 1500 1912 πολέμιον.
1532 1840 1715 1895 Ταῦτα
1744 1839 1798 1892 οἱ
1835 1839 1895 1911 μὲ

2062 1840 2206 1896 dulti
2239 1840 2338 1911 qui
2395 1841 2467 1896 ad
2523 1843 2774 1898 Asanem
2834 1849 2891 1899 et
2926 1844 3163 1901 Petrum
3207 1865 3269 1902 se
3299 1850 3687 1917 contulerant,

267 1923 531 2004 πρεσϐεις
591 1926 1035 2002 ὑπετονθόρυσαν’
1099 1927 1353 2002 βασιλεὺς
1421 1925 1479 1982 δὶ
1534 1934 1694 1982 πᾶσιν
1749 1926 1892 1999 ἀμνη

1855 1949 1930 1997 ιη-
2042 1929 2216 2001 paulo
2246 1937 2375 2000 post
2403 1930 2768 2001 imperatoris
2798 1931 3008 1987 litteris
3041 1936 3288 1991 revocati
3323 1942 3480 1993 sunt.

268 2019 432 2074 στίαν
487 2012 805 2089 ἱϐράϐευσε,
862 2018 952 2072 καὶ
1011 2015 1137 2079 τοὺς
1212 2017 1537 2093 προσιόντας
1603 2016 1843 2090 εὐμενῶς
1908 2013 2355 2091 προσδεχόμενος
2415 2016 2641 2091 παρῂνει
2723 2020 3027 2092 μετάμελον
3097 2021 3184 2075 ἐπὶ
3249 2026 3317 2095 τῇ
3385 2019 3690 2097 παραϐάσει

264 2114 379 2163 τῶν
445 2107 587 2177 πρὸς
656 2105 817 2161 αὐτὸν
883 2107 1303 2180 ὀμωμοσμένων
1378 2103 1760 2175 ἐνδείκνυσθαι,
1816 2106 1908 2161 καὶ
1966 2107 2214 2181 ἀρχιερεῖ
2280 2105 2597 2161 όπτάνεσθαι
2659 2111 2740 2181 τῷ
2811 2109 3059 2182 μεγάλῳ,
3125 2111 3216 2164 καὶ
3296 2116 3478 2181 ζητεῖν
3545 2111 3690 2167 ἐκεῖ-

266 2209 358 2261 θεν
421 2194 582 2251 λύσιν
641 2200 739 2251 τοῦ
793 2194 1127 2267 ἂναθὲματος
1185 2197 1334 2271 ᾧπερ
1384 2195 1581 2257 αὐτοὺς
1639 2196 1692 2250 οἱ
1748 2201 1848 2265 τῆς
1904 2195 2122 2258 πόλεως
2199 2194 2487 2270 οἰκήτορες
2568 2192 2970 2268 καθυπέϐαλον,
3031 2198 3230 2262 ἄνωθεν
3291 2200 3518 2262 ἑστῶτες
3577 2206 3691 2256 τῶν

268 2281 671 2364 πυργοϐἀρεων
702 2285 890 2342 καὶτὰ
942 2287 1069 2360 παρ’
1098 2284 1274 2342 αὐτῶν
1328 2287 1591 2360 θεώμενοι
1649 2283 1921 2360 δρωμενα.
1980 2286 2083 2342 Καὶ
2142 2284 2348 2341 πολλοὶ
2404 2291 2483 2359 τῷ
2542 2286 2855 2363 πατριάρχῃ
2888 2288 3299 2363 προσήλθοσαν,
3340 2289 3492 2353 ὅσοις
3550 2291 3687 2355 τέως

263 2374 561 2443 εὐλαϐείας
634 2380 823 2451 μεθῆν’
895 2379 948 2433 οἱ
1011 2376 1073 2433 ’δ’
1139 2376 1307 2434 ἄλλοι
1361 2382 1430 2452 τῇ
1496 2378 1807 2433 κατανεύσει
1871 2384 1972 2447 τῆς
2034 2377 2277 2456 κεφαλῆς
2350 2381 2414 2434 τὸ
2486 2380 2653 2453 πέρας
2689 2386 2792 2449 τῆς
2828 2381 3214 2456 παραιφάσεως
3264 2385 3684 2458 συμμετρήσαν-

261 2491 355 2532 τες
422 2470 499 2530 ὡς
564 2468 737 2543 λῆρον
802 2471 1085 2545 ἡγήσαντο
1141 2470 1240 2539 τὴν
1300 2468 1381 2530 εις
1436 2469 1529 2523 τὸν
1602 2465 1765 2543 μέγαν
1828 2468 1959 2522 νεὼν
2019 2467 2193 2545 ἄφιξίν
2248 2490 2305 2525 τε
2354 2470 2442 2525 καιὶ
2510 2470 2865 2546 ὲξιιιγόριευσινο
2900 2473 3009 2529 Ἐὧ
3057 2472 3160 2548 γάρ
3193 2472 3371 2547 λέγειν
3406 2475 3478 2536 ὡς
3543 2476 3680 2545 ἦσαν

266 2557 326 2615 οἵ
380 2564 492 2614 τῶν
552 2556 871 2614 ἀτασθάλων
921 2559 1056 2631 μετά
1109 2560 1211 2627 τὴν
1270 2556 1331 2612 ἐκ
1384 2557 1684 2632 προσώπου
1738 2560 1837 2610 τοῦ
1907 2554 2181 2631 βασιλέως
2239 2557 2502 2627 ἐξέλευσιν
2563 2558 2917 2636 διεχλεύαζον
2977 2561 3137 2616 αὐτὸν
3216 2563 3306 2617 καὶ
3374 2561 3682 2636 ἐξεμυκτή-

268 2653 447 2725 ριζον,
475 2648 566 2703 καὶ
599 2648 664 2702 οὐ
694 2646 875 2701 καινὸν
922 2643 1108 2720 ἔλεγον
1158 2646 1207 2701 εἰ
1250 2651 1366 2719 Θεῷ
1414 2640 1677 2718 πρότερον
1731 2645 2063 2717 κληρωθεὶς,
2122 2645 2237 2700 ἐπεὶ
2283 2648 2371 2702 καὶ
2423 2653 2584 2703 τοῦτο
2633 2644 3123 2723 προσοιεϐἐϐλητο,
3159 2650 3337 2707 ἐκεῖνα
3364 2656 3453 2708 καὶ
3500 2655 3686 2716 αὐτοῖς

278 2739 571 2815 ὑφηγεῖται
603 2741 695 2791 νῦν
730 2736 904 2790 ὁπόσα
935 2732 1001 2804 δὴ
1030 2736 1119 2791 καὶ
1152 2734 1203 2805 ἐξ
1230 2732 1438 2804 ἐφήϐου
1469 2731 1799 2789 δεδίδακται.
1832 2731 2048 2789 Πολλοὶ
2073 2731 2130 2789 δὲ
2177 2736 2262 2789 καὶ
2302 2741 2382 2809 τῷ
2424 2738 2586 2794 Ἀσᾶν
2622 2740 2713 2793 καὶ
2740 2738 2822 2811 τῷ
2854 2739 3040 2816 Πέτρῳ
3063 2739 3498 2816 προσερῥύησαν·
3534 2740 3681 2797 ἀλλὰ

260 2828 356 2883 καὶ
393 2827 543 2881 οὗτοι
568 2824 858 2900 γράμμασι.
894 2824 1201 2899 βασιλικοῖς
1245 2824 1379 2898 μετᾶ
1413 2824 1606 2898 μικρὸν
1646 2822 2038 2893 ἐπανήλθοσαν.

343 2918 394 2972 ι’.
450 2913 635 2972 ’Ἄλλο
700 2911 748 2968 δ’
804 2912 895 2968 ἐπὶ
950 2913 1168 2974 τούτοις
1224 2911 1711 2985 παρηκολούθησεν
1766 2907 1925 2985 ἔργον

2113 2915 2198 2969 10.
2232 2920 2369 2970 Post
2399 2918 2518 2973 haec
2550 2919 2882 2989 imperator,
2915 2920 3066 2991 quod
3103 2919 3261 2976 baud
3311 2921 3452 2976 satis
3484 2921 3685 2977 mirari

262 3002 757 3080 παραλογώτατον·
827 3004 856 3059 ὁ
922 3004 1028 3079 γὰρ
1109 3001 1364 3075 βασιλεὺς
1438 3006 1598 3056 πᾶσιν
1675 2998 1887 3056 ἐνέδωκε

2065 3005 2538 3075 [ueas,concessit
2568 3008 2841 3063 omnibus
2870 3014 2990 3064 tam
3024 3008 3246 3065 civibus
3306 3025 3482 3080 quam
3528 3027 3690 3083 pere-

263 3094 516 3169 ἀτεχνῶς
596 3093 852 3154 ἆστυκοῖς
907 3111 967 3145 τε
1046 3091 1139 3145 καὶ
1214 3088 1569 3166 ἁλλοχώροις
1628 3088 1888 3165 διεχεῖσθι

2065 3092 2246 3164 ςιυὶοἱε,
2282 3098 2345 3147 ut
2376 3093 2518 3148 urbe
2549 3095 2716 3149 effusi
2763 3112 2964 3151 omnes
3018 3114 3116 3153 eos
3176 3099 3324 3154 male
3372 3103 3690 3156 tractarent

263 3184 357 3238 καὶ
417 3189 600 3244 κακῶς
652 3180 778 3257 δρᾷν
839 3180 1033 3238 ὀπόσοι
1091 3181 1228 3256 πρὸς
1303 3183 1508 3254 Βρανᾶν
1579 3182 1888 3255 μετετάξαντ

2060 3182 2139 3254 [ui
2172 3183 2240 3237 ad
2277 3183 2523 3236 Branam
2558 3183 2904 3249 defecerant,
2939 3186 3332 3255 suburbanos,
3368 3187 3590 3244 villicos
3628 3193 3685 3244 et

260 3278 375 3329 τῶν
428 3291 488 3328 τε
542 3273 720 3351 ἀγχοῦ
776 3278 879 3341 τῆς
934 3270 1153 3332 πόλεως
1208 3271 1450 3345 ἀγροτῶν
1508 3270 1598 3324 ναὶ
1656 3275 1761 3324 τῶν
1829 3271 1885 3325 ri

2058 3269 2408 3341 ?ropontidis
2441 3270 2681 3328 incolas.
2716 3272 2908 3342 anue
2948 3277 3116 3328 nocte
3164 3290 3291 3345 quas
3347 3276 3544 3331 Branas
3593 3276 3683 3331 in-

264 3358 616 3437 Προποντίδα
664 3358 953 3436 λαχόντων
1015 3359 1092 3423 εἰς
1147 3357 1384 3429 οἷ’κησιν.
1439 3359 1540 3416 Καὶ
1571 3360 1673 3427 τήν
1709 3361 1802 3432 μὲν
1830 3366 1889 3414 τί

2054 3359 2272 3415 eritum
2307 3366 2621 3415 consecuta
2650 3367 2757 3429 est,
2815 3361 3049 3417 Graecus
3101 3362 3257 3435 ignis
3314 3365 3581 3421 aediﬁciis
3613 3368 3679 3421 ad

268 3450 485 3524 ἡμέρας
537 3448 746 3521 ἐκείνης
825 3446 1090 3532 διάδργον
1160 3447 1326 3505 νύκτα
1397 3450 1517 3503 καθ’
1573 3449 1641 3520 ἢν
1721 3451 1893 3521 Βρανᾶ

2054 3449 2251 3504 Γιδεῑυη]
2280 3449 2410 3506 sitis
2438 3449 2724 3521 injicitur,
2759 3452 2859 3523 qui
2892 3452 2951 3507 in
2984 3451 3137 3507 vasis
3165 3452 3451 3521 occultus,
3486 3455 3679 3512 subito

272 3539 668 3613 κατηγώνιστο,
738 3537 935 3594 ἰνίεται
1000 3543 1119 3602 ταῖς
1195 3535 1395 3598 οῗκίαις
1467 3542 1575 3592 τῶν
1653 3534 1897 3609 δυστῆνω

2051 3538 2290 3611 lulguris
2313 3539 2497 3595 instar
2526 3541 2803 3607 emicans,
2830 3542 3028 3596 omnia
3068 3558 3194 3613 quas
3254 3544 3560 3613 contigerit
3590 3543 3676 3597 in-

275 3629 629 3706 Ῑιροποντίων
678 3628 741 3683 τὸ
805 3631 893 3699 [Ρ.
926 3631 1053 3700 250]
1120 3628 1281 3703 ὑγρὸν
1341 3631 1470 3703 πῦρ,
1534 3628 1564 3682 6'
1619 3633 1737 3689 τοῖς
1802 3631 1900 3683 me

2072 3629 2249 3685 endit.
2285 3629 2393 3695 Qui
2424 3645 2558 3684 cum
2590 3630 2648 3683 in
2683 3630 2947 3685 tabulata
2978 3630 3299 3698 incidisset,
3324 3631 3519 3685 omnia
3552 3631 3692 3686 mdi-

272 3739 466 3797 γουσιν
523 3716 792 3794 ἑφυπνοῦν
852 3717 1062 3772 σκεύεσι
1120 3717 1257 3772 κατὰ
1311 3717 1405 3779 τὰς
1459 3716 1740 3790 ἀστραπὰς
1787 3714 1897 3787 ἐξαί

2058 3717 2172 3771 lcia
2201 3722 2319 3772 tam
2353 3733 2520 3773 sacra
2548 3734 2721 3787 quam
2756 3718 3020 3789 profana,
3071 3723 3189 3772 tam
3252 3718 3475 3789 privata
3506 3733 3683 3789 quam

272 3826 414 3885 φνης
473 3804 706 3879 προΐησι
760 3805 826 3859 τὰ
878 3801 1157 3876 ἐξάλματα
1239 3803 1330 3858 καὶ
1388 3808 1611 3877 πιμπρᾷ
1675 3807 1797 3867 καθ’
1862 3805 1897 3857 ιῖ

2063 3805 2275 3860 ιιιοιιοε
2307 3807 2584 3862 incendit.
2629 3807 2688 3861 Id
2727 3806 2944 3862 malum
2978 3822 3111 3861 cum
3150 3812 3353 3878 printer
3394 3813 3688 3879 exspecta-

270 3893 597 3951 διεκπῖπτον
674 3893 909 3972 ἀφίεται.
969 3895 1045 3950 Τὸ
1106 3890 1163 3948 δὲ
1222 3888 1428 3969 λάϐρον
1505 3893 1740 3966 ἔμπεσον
1815 3900 1895 3948 το]

2064 3896 2258 3949 ηἱοοοιι]
2285 3895 2735 3963 accidisset,non
2765 3897 2917 3951 aedes
2950 3896 3119 3951 modo
3143 3896 3381 3950 ﬂamma
3411 3896 3468 3950 in
3503 3895 3689 3951 altum

270 3983 609 4065 δρυφάκτοις
685 3981 1061 4057 ἐπυρπόλησεν
1136 3984 1273 4037 ἅπαν
1374 3979 1752 4055 οἷ’κοδόμημα,
1831 3982 1895 4037 εἷἰι

2071 3982 2193 4037 :lata
2210 3984 2307 4038 sed
2324 3985 2500 4038 etiam
2515 3984 2666 4039 bona
2681 3984 3026 4040 miserorum
3044 3985 3414 4051 absumebat,
3434 4001 3565 4041 cum
3599 3988 3659 4041 ni
3673 4015 3696 4029 -

265 4074 501 4148 τέμενος
567 4077 730 4129 τοῦτο
798 4072 949 4148 ἅγιον
1026 4072 1091 4140 ἦν
1166 4071 1276 4127 εἳτε
1342 4077 1589 4144 σεμνεῖον
1655 4071 1799 4145 ἱερὸν
1831 4071 1890 4126 ε’ἰ·

2071 4072 2126 4126 ιίΙ
2152 4072 2373 4142 eripere
2395 4077 2498 4127 aut
2513 4074 2822 4127 transferre
2838 4080 3076 4144 possent
3091 4074 3202 4128 nisi
3220 4088 3393 4145 parva
3406 4078 3696 4145 quedam.

262 4162 490 4237 οἴκημα
568 4159 866 4217 ἰδιωτικόν
947 4161 1037 4215 καὶ
1130 4164 1227 4215 τοῦ
1300 4164 1471 4215 κακοῦ
1546 4163 1690 4235 παρᾶ
1762 4167 1887 4215 nix:

2072 4160 2333 4216 ’ostridie
2358 4177 2529 4216 mane
2564 4160 2768 4216 Latina
2821 4162 3028 4216 cohors
3076 4163 3322 4217 Conradi
3369 4164 3609 4219 Caesaris
3640 4171 3697 4220 et

264 4253 503 4324 δόκησιν
552 4250 878 4315 ἐπελθόντος
926 4250 987 4305 οὐ
1050 4249 1214 4323 μόνον
1283 4250 1352 4305 τὰ
1412 4246 1657 4325 μέλαθρα
1711 4250 1772 4304 τὸ
1832 4253 1889 4303 πῐ

2065 4251 2385 4322 promiscua
2414 4257 2471 4306 et
2501 4250 2854 4322 paupercula
2881 4252 3051 4306 turba
3085 4252 3226 4306 urbe
3275 4253 3591 4324 egreditur.
3624 4253 3690 4309 Hi

265 4342 571 4416 ἱπενέμετο
601 4341 691 4397 καὶ
723 4342 758 4410 ἡ
793 4338 931 4418 φλὸξ
968 4344 1167 4414 μικροῦ
1215 4339 1452 4416 διεῖρπεν
1499 4339 1759 4413 αἰθέριος,
1793 4338 1890 4395 ἀλλ

2069 4338 2527 4409 sircumjacentia
2550 4340 2695 4395 5“
2727 4338 2923 4393 omnia
2949 4338 3260 4410 pervagati,
3280 4340 3488 4410 partim
3505 4339 3694 4396 adhuc

264 4434 497 4495 καὶτὰς
554 4431 741 4495 οὐσίας
795 4424 1119 4486 ἐπεϐόσκετο
1169 4434 1281 4485 τῶν
1337 4430 1666 4503 ἀνθρώπων,
1715 4426 1889 4484 οὐδενὲ

2077 4428 2281 4496 ιιιιηειὶ,
2308 4428 2518 4497 partim
2553 4426 2686 4482 telis
2713 4427 2900 4482 obiter
2946 4427 3214 4498 arreptis,
3269 4429 3408 4499 quid
3470 4445 3582 4484 non
3616 4447 3702 4486 ra-

268 4487 522 4600 ;picdadt
577 4542 629 4576 τι
687 4487 774 4576 καὶ
840 4526 1176 4596 μετενεγκεῖν
1228 4487 1461 4599 ἔχοντος
1510 4519 1556 4573 εί
1590 4487 1667 4591 μη
1701 4518 1801 4573 ὅσα
1829 4523 1893 4573 τᾶ

2072 4487 2354 4572 inerunt?
2385 4532 2499 4587 quo
2513 4516 2727 4572 scelere
2750 4487 3159 4571 abstinuerunt
3174 4487 3511 4573 i’Idir‘uerunt
3524 4519 3697 4588 aades,

274 4613 592 4690 χρημάτων
654 4608 948 4686 εὐάγκαλα.
1002 4611 1150 4666 Κατὰ
1205 4607 1263 4665 δὲ
1320 4611 1419 4678 τήν
1484 4609 1598 4681 μετ’
1659 4608 1827 4677 αὐτὴν
1866 4604 1899 4661 ἓ

2078 4622 2190 4677 ipes
2225 4606 2617 4677 diripuerunt,
2678 4607 3030 4661 monasteria
3082 4608 3324 4663 scrutati
3372 4608 3703 4680 suppellec—

272 4702 472 4774 ἔξεισιν
530 4701 607 4763 ὡς
666 4700 725 4755 ἐκ
780 4698 1171 4774 προσκλήσεως
1227 4698 1291 4754 τὸ
1349 4696 1636 4754 Λατινικὸν
1694 4701 1884 4769 στῖφος

2080 4695 2178 4750 ilia
2199 4700 2572 4751 sacrosancta
2604 4694 2991 4765 abstulerunt,
3024 4711 3163 4751 vasa
3208 4698 3465 4768 pretiosa
3508 4698 3700 4768 profa-

272 4797 361 4866 τῷ
403 4786 678 4866 Κοῤῥάδῳ
735 4790 966 4863 Καίσαρι
1025 4789 1373 4844 συνετέτακτο
1430 4787 1520 4843 καὶ
1570 4786 1632 4841 τὸ
1684 4783 1897 4860 ἀγελαῖε

2075 4785 2679 4850 ιειιυοι,νεοει·ιώἱιεηι
2707 4786 3125 4841 monachorum
3177 4792 3539 4841 senectutem
3585 4803 3700 4843 non

272 4881 373 4938 καὶ
403 4883 697 4956 πτωχεῦον
728 4878 945 4947 πλῆθος
975 4884 1076 4947 τῆς
1117 4874 1359 4947 πόλεως,
1392 4877 1481 4930 καὶ
1521 4877 1589 4930 τὰ
1630 4875 1784 4949 πέριξ
1825 4872 1897 4930 διε

2073 4874 2283 4930 -everiti
2308 4881 2478 4930 sunt:
2500 4875 2769 4931 virtutem
2799 4891 2973 4946 quam
3008 4874 3197 4931 hostis
3229 4875 3405 4930 etiam
3436 4876 3698 4929 venerari

273 4970 604 5049 δραμόντες,
628 4971 681 5025 οἱ
712 4970 810 5043 μὲν
851 4965 932 5024 ἔτι
988 4968 1056 5023 τὰ
1111 4965 1260 5022 ὅπλα
1297 4968 1573 5043 φέροντες,
1607 4967 1659 5020 οἱ
1693 4964 1741 5021 δ’
1769 4968 1898 5038 ἂμυν

2075 4963 2649 5036 ιοΙεῐωεεΙεκειυυιιις
2681 4965 2932 5035 denique
2964 4980 3034 5019 ne
3068 4965 3179 5019 sim
3221 4963 3512 5033 prolixior,
3536 4979 3700 5016 omne

266 5061 458 5135 τηρίῳ
505 5062 587 5131 τῷ
637 5054 1019 5131 παρευρεθὲντι
1079 5056 1386 5133 χρώμενοι,
1418 5054 1471 5109 τί
1502 5054 1597 5125 μὲν
1628 5052 1735 5127 οὐχ
1760 5055 1891 5129 ἣρπι

2073 5054 2339 5110 nalorum
2372 5069 2559 5125 genus
2588 5053 2848 5124 quolibet
2896 5068 3093 5108 secum
3154 5050 3500 5107 attulerunt.
3534 5050 3698 5105 Multi

272 5171 398 5220 σαν,
457 5146 511 5203 τί
568 5143 625 5201 δὲ
687 5146 964 5220 χείριστον
1051 5142 1150 5198 οὐκ
1234 5141 1607 5219 εἶργάσαντο;
1667 5141 1897 5215 οἰκήμασι

2074 5144 2203 5213 ιοοᾶ
2229 5144 2302 5198 ob
2324 5142 2705 5212 direptionem
2723 5142 2929 5197 aedium
2947 5156 3188 5196 suarum
3206 5144 3699 5205 murmurassent,

271 5240 639 5312 κατήρειψαν,
700 5236 790 5291 τὸν
850 5228 999 5289 ἔνδον
1057 5229 1299 5288 πλοῦτον
1358 5226 1776 5307 περιεϐάλοντο,
1825 5231 1896 5305 te;

2075 5232 2231 5287 ιοοὶεἱ
2264 5241 2418 5286 sunt.
2460 5234 2539 5285 Ac
2568 5248 2634 5285 ea
2665 5231 2970 5286 calamitas
2999 5229 3176 5284 latius
3207 5232 3415 5300 vagata
3474 5245 3538 5283 ac
3571 5230 3700 5285 diu-

275 5326 651 5403 ἀνηρεύνησαν
712 5324 1125 5398 φροντιστήρια,
1182 5316 1390 5377 ἔπιπλα
1457 5321 1748 5399 ἀφείλοντο
1805 5339 1900 5374 παν

2075 5322 2174 5375 .ius
2205 5328 2262 5375 et
2292 5321 2557 5375 acerbius
2581 5323 2843 5389 grassata
2873 5324 3047 5386 esset,
3095 5318 3206 5373 nisi
3257 5318 3494 5388 quidam
3541 5318 3700 5390 gravi

278 5424 418 5494 αγῆ,
465 5414 628 5485 σκεύη
686 5412 847 5487 τίμια
903 5406 1278 5482 ἐϐεϐήλωσαν,
1339 5414 1552 5483 σεμνῶν
1597 5406 1903 5481 μοναζόντω

2074 5411 2248 5464 lolore
2276 5409 2550 5463 commoti
2586 5424 2712 5462 eam
2748 5408 3054 5462 audaciam
3084 5406 3419 5479 imperatori
3443 5407 3699 5463 indicas-

280 5508 386 5565 οὐκ
438 5502 745 5580 ᾐδέσθησαν
796 5500 1017 5570 πολιὰν,
1100 5500 1317 5574 ἀρετῆς,
1393 5500 1460 5570 ἢν
1526 5498 1616 5554 καὶ
1670 5494 1905 5568 πολέμια

2075 5503 2203 5565 ient,
2246 5513 2500 5567 eumque
2540 5494 2932 5568 perpulissent
2983 5500 3048 5550 ut
3099 5495 3232 5551 viris
3282 5495 3575 5551 nobilibus
3642 5500 3700 5552 et

284 5596 403 5654 οἶδε
454 5599 643 5668 τιμᾷν,
704 5590 1013 5669 ἠλόγησαν,
1069 5592 1160 5644 καὶ
1206 5587 1299 5644 ’ἱνα
1349 5588 1417 5645 τὰ
1452 5586 1639 5644 πολλὰ
1670 5586 1909 5656 συντέμω

2070 5588 2331 5660 lignitate
2363 5586 2775 5658 praestantibus
2795 5586 2994 5641 missis
3018 5586 3483 5658 importunorum
3505 5586 3695 5644 homi-

288 5693 464 5746 πᾶσαν
520 5682 759 5741 κάκωσιν
818 5681 937 5746 καθ’
995 5680 1069 5736 ὧν
1127 5677 1358 5755 ἆπῄεσαν
1406 5675 1764 5752 ἐπεδείξαντο.
1797 5672 1911 5732 Πολ

1308 5699 1358 5735 ιν
1406 5675 1764 5752 ἐπεδείξαντο.
1797 5672 1944 5749 Πολτ
2053 5692 2195 5735 num
2224 5675 2508 5749 impetum
2537 5671 2933 5747 repressisset.
