4116 6206
414 276 529 335 ’155
1735 268 2044 332 NlCET/E
2088 270 2511 333 CHONIATE
3728 268 3857 328 786

411 403 503 461 λοὶ
534 402 591 460 δὲ
623 404 714 460 καὶ
746 403 829 459 ὅτι
859 408 965 459 τῶν
999 404 1119 458 κατ’
1144 402 1291 457 οἶκον
1324 401 1738 473 σκυλευομένων
1771 401 2079 474 ὑπὲμυξαν,
2130 401 2354 465 θάνατον
2405 403 2626 479 εὕραντο
2666 404 2729 460 τὸ
2771 404 3057 477 ζημίωμα.
3090 402 3379 478 Προύκοψε
3409 398 3455 455 δ’
3487 399 3547 456 ἃν
3583 401 3648 456 τὸ
3678 398 3851 455 δεινὸν

410 495 503 550 καὶ
560 496 924 570 χρονιώτερον
979 493 1200 569 γεγονὸς
1260 489 1417 563 diem,
1472 492 1563 545 καὶ
1614 490 2096 566 περιαλγὲστερον,
2146 492 2190 546 εἰ
2254 494 2330 565 μή
2372 515 2512 554 τινες
2564 494 2935 568 ἀνενεγκόντες
2994 494 3215 567 βασιλεῖ
3269 492 3335 546 τὰ
3391 489 3702 562 τελούμενα
3758 491 3848 544 καὶ

428 584 924 659 βαρυαλγήσαντες,
955 581 1027 642 ὡς
1060 580 1225 647 εἰκὸς,
1261 579 1514 650 ὑπὲνυξαν
1547 579 1683 654 πρὸς
1717 576 2026 654 διόρθωσιν.
2063 580 2164 636 Καέ
2197 581 2416 641 στείλας
2450 582 2606 643 εὐθύς
2636 604 2784 646 τινας
2828 588 2933 637 τῶν
2979 584 3094 637 κατ’
3135 581 3351 652 ἀξίωσιν
3384 580 3475 634 καὶ
3503 581 3661 654 γενος
3694 598 3855 653 περι-

418 678 601 751 φανῶν
627 669 900 726 ἃνέστειλέ
930 690 991 724 τε
1013 673 1108 730 τὰς
1134 673 1242 724 τῶν
1275 668 1518 725 ἃτάκτων
1552 669 1748 742 ὁρμὰς,
1781 668 1871 723 καὶ
1920 670 2213 740 κατέληξεν
2260 670 2436 733 αὕτως
2485 670 2586 745 ὀψε
2634 692 2767 727 ποτε
2799 670 2866 727 τὰ
2902 671 2978 733 εἷς
3031 669 3165 746 μέγα
3199 669 3362 747 μέρος
3394 669 3707 747 ἀφανισμοῦ
3736 672 3848 724 τῶν

419 760 598 816 ἐκεῖσε
636 780 699 829 το
711 761 742 814 λ
751 759 1000 832 μώμενα.

485 859 604 914 Iloc
627 859 799 915 modo
816 859 1144 914 vastatione
1159 876 1381 928 magna;
1395 858 1577 930 partis
1590 859 2065 915 suburbanorum
2100 861 2151 927 Α

414 947 794 1005 αιάἱῆοἱοιιυῐῑι
828 948 919 1003 vix
951 947 1186 1003 tandem
1216 949 1400 1013 finita,
1433 948 1579 1004 etab
1602 947 1941 1003 hominibus
1968 949 2070 1018 qui

415 1036 666 1093 aliorum
703 1037 875 1093 malis
896 1037 1238 1092 afﬁciuntur
1259 1036 1350 1091 vix
1372 1035 1515 1092 satis
1540 1036 1731 1091 adhuc
1773 1037 2073 1108 deplorata

417 1126 650 1196 opiﬁces
676 1126 907 1191 urbani,
937 1127 1035 1197 qni
1069 1141 1136 1179 ea
1157 1142 1285 1197 qum
1311 1126 1431 1195 jam
1465 1126 1705 1196 exposui
1755 1142 1867 1180 non
1916 1125 2070 1182 512

418 1219 761 1288 probarunt,
787 1231 899 1270 non
933 1216 1237 1269 ferendum
1273 1231 1401 1269 esse
1435 1220 1537 1267 rati
1571 1216 1717 1275 quod
1749 1214 1933 1269 Latini
1958 1231 2072 1269 non

416 1306 593 1359 modo
625 1304 801 1358 libere
849 1310 905 1357 et
949 1303 1268 1357 insolenter
1304 1303 1587 1369 jactarent
1634 1307 1876 1355 anum
1934 1321 1964 1354 a
2011 1317 2071 1355 se

419 1392 771 1448 debellatum
796 1391 1051 1459 esse,scd
1087 1393 1261 1450 etiam
1295 1395 1347 1445 in
1366 1392 1739 1445 suburbanus
1783 1391 2073 1449 Ruunt-mos

417 1481 867 1537 intolerabiliter
894 1479 1145 1553 grassati
1177 1488 1394 1544 essent,
1446 1480 1502 1534 in
1549 1480 1815 1535 cohortes
1838 1484 1895 1534 et
1926 1481 2074 1550 pha'

418 1569 623 1643 langes
655 1570 962 1625 centuriati
997 1570 1187 1625 instar
1227 1570 1447 1625 hiberni
1498 1570 1774 1624 torrentis
1809 1573 1867 1624 in
1918 1569 2071 1624 Lati‘

423 1675 633 1716 norum
657 1660 811 1715 aedes
834 1660 1085 1715 irruunt.
1101 1658 1284 1729 Igitur
1308 1657 1563 1713 confusas
1585 1673 1756 1713 voces
1779 1674 1891 1713 non
1908 1657 2076 1714 aliter

425 1764 605 1821 quam
636 1747 913 1820 gregibus
943 1763 1151 1819 gruum
1184 1756 1280 1802 aut
1310 1745 1683 1818 graculorum
1731 1747 2073 1818 obstrepen-

420 1836 1103 1902 tibus,autvenatoribus
1128 1837 1406 1891 latratum
1428 1852 1639 1892 canum
1666 1835 2072 1905 incitantibus,

421 1941 615 1983 aerem
637 1924 984 1997 implebant,
1018 1928 1198 1996 atque
1232 1922 1328 1978 alii
1357 1923 1503 1980 alios
1524 1924 1737 1980 tunicis
1767 1923 2072 1995 prehensis

420 2015 803 2087 instigabant.
837 2014 1015 2070 Nemo
1047 2014 1125 2069 ibi
1150 2014 1492 2069 audiebatur
1550 2014 1651 2084 qui
1703 2029 1902 2084 pacem
1933 2030 2001 2068 su
2017 2032 2072 2069 ι-

421 2104 597 2161 debat
625 2121 638 2160 :
671 2118 875 2159 omnes
908 2108 970 2157 ut
999 2102 1232 2173 aspides
1260 2118 1430 2157 aures
1469 2103 1840 2171 obturabant,
1873 2119 1945 2157 ne
1977 2119 2069 2158 sa-

2258 855 2417 912 ’Δλλ’
2456 854 2609 912 οὔπω
2651 863 2821 913 ταῦτα
2873 855 3260 933 διετεθρήνητο
3315 852 3559 931 ἀκριϐῶς
3611 857 3845 919 ὁπόσοις

2179 949 2287 1000 τῶν
2345 947 2643 1021 ἀνθρώπων
2699 949 2853 1023 ψυχή
2916 947 3209 1025 φίλοικτος
3258 948 3348 1002 καὶ
3406 949 3468 1002 τὸ
3529 944 3699 1021 δάκρυ
3727 953 3847 1010 ταῖς

2179 1038 2285 1089 τῶν
2341 1035 2671 1112 πασχόντων
2751 1035 3035 1093 ἀναπιδύει
3118 1036 3451 1112 θερμότερον
3509 1043 3845 1113 συμφοραῖς,

2179 1124 2278 1179 καὶ
2316 1126 2379 1179 τὸ
2408 1132 2509 1195 τῆς
2549 1125 2767 1188 πόλεως
2826 1127 3252 1202 χειρωνακτικὸν
3307 1127 3400 1181 καὶ
3464 1128 3587 1181 ὅσον
3623 1127 3687 1181 οὗ
3719 1146 3849 1181 συν-

2184 1210 2518 1283 επευδόκησε
2573 1220 2688 1277 τοῖς
2752 1215 2977 1278 λοιποῖς
3028 1217 3114 1271 ἐπὶ
3163 1216 3230 1271 τὰ
3259 1215 3592 1291 ἱστορημένα
3624 1213 3734 1285 ἤδη
3766 1221 3845 1288 τῷ

2184 1301 2361 1375 λέγειν
2398 1325 2514 1376 μοι,
2548 1301 2722 1360 δεινὸν
2768 1306 3116 1383 ἡγησάμενοι
3168 1305 3216 1359 εἰ
3263 1306 3375 1379 οὐχ
3421 1305 3573 1367 ὃπως
3625 1303 3847 1360 ἐλευθε-

2185 1398 2518 1466 ροστομοῦσι
2578 1399 2803 1449 Λατῖνοι
2858 1393 2949 1449 καὶ
3011 1393 3359 1468 βρενθύονται
3414 1400 3493 1466 τῷ
3545 1395 3639 1449 ὑπ’
3664 1395 3844 1450 αὐτῶν

2181 1484 2645 1557 καταγωνισθῆναι
2705 1489 2938 1559 Βρανᾶν,
2968 1483 3116 1541 ἀλλὰ
3168 1485 3257 1538 καὶ
3322 1484 3459 1538 κατά
3506 1488 3614 1539 τῶν
3676 1484 3842 1538 ἀστυ-

2181 1575 2437 1651 γειτόνων
2478 1577 2624 1651 σφίσι
2682 1576 2976 1650 Ῥωμαίων
3023 1575 3432 1656 διαπεπράχασι
3487 1579 3558 1632 τὰ
3612 1577 3843 1633 ἀνύποι-

2183 1685 2301 1733 στα,
2332 1664 2471 1720 κατά
2520 1664 2796 1740 σάλαγγας
2833 1662 3201 1742 ἀγηγερμένοι
3255 1665 3346 1721 καὶ
3401 1666 3627 1742 σπείρας
3685 1662 3845 1735 δίκὴν

2182 1753 2489 1833 χειμάρρου
2537 1760 2656 1816 ταῖς
2711 1759 2819 1810 τῶν
2881 1758 3182 1809 Λατινικῶν
3239 1758 3410 1829 γενῶν
3439 1754 3641 1816 οἰκίαις
3670 1775 3846 1831 προσ-

2184 1845 2495 1921 ρήγνυνται.
2531 1842 2602 1901 Αἵ
2634 1865 2693 1899 τε
2743 1844 2837 1899 οὗν
2892 1843 3104 1916 ἄσημοι
3160 1845 3333 1922 φωναὶ
3376 1846 3469 1900 τὸν
3497 1841 3629 1919 ἀέρα
3660 1844 3845 1915 ἀπλή-

2182 1952 2330 2008 ρουν,
2372 1932 2447 1994 ὡς
2506 1930 2621 1987 οόδ’
2681 1933 2727 1987 εἰ
2784 1931 3025 1988 κολοιῶν
3058 1934 3093 2002 ἢ
3129 1933 3370 2009 γεράνων
3401 1934 3437 2003 ἢ
3471 1934 3664 2009 ψᾶρων
3693 1930 3845 1999 ἔθνεα

2179 2020 2502 2097 κλαγγηδὸν
2537 2020 2933 2098 ἑπτερύσσοντο
2988 2021 3025 2092 ἢ
3081 2021 3392 2092 ὲπὲκλωζον
3460 2023 3723 2097 θηρευταὶ
3753 2023 3843 2079 καὶ

2183 2108 2490 2180 ἐπεθώϋζον
2535 2112 2852 2188 κυνηγέται,
2902 2109 3192 2181 ἀλλήλους
3241 2132 3299 2166 τε
3346 2111 3692 2186 παρεκάλουν
3719 2111 3843 2167 ἐπι.

423 2194 680 2267 pientem
720 2206 988 2261 magnum
1049 2191 1340 2247 audirent.
1394 2193 1538 2246 Eum
1592 2190 2068 2247 circumforaneis

425 2287 439 2300 .
646 2296 982 2300 --___-____
1023 2296 1129 2300 _-_-
1202 2281 1361 2300 ---μ
1464 2280 1696 2300 me”-.-
1752 2279 2041 2300 ,μη-π-

2182 2200 2466 2273 σπώμενοι
2508 2205 2618 2256 τῶν
2672 2201 2969 2275 χιτωνίων.
3033 2201 3141 2257 Καὶ
3200 2199 3298 2255 οὔκ
3346 2202 3411 2270 ἦν
3453 2200 3565 2256 ἐκεῖ
3610 2222 3692 2265 τις
3723 2207 3837 2257 τῶν

422 2282 608 2338 turba:
639 2296 987 2337 concursum
1023 2296 1136 2336 non
1200 2281 1369 2335 modo
1427 2280 1705 2336 ctl'renata
1752 2279 2071 2346 iracundia,

425 2371 524 2428 sed
558 2370 732 2428 etiam
767 2368 969 2425 aliena:
1003 2368 1260 2439 pecunias
1292 2368 1578 2439 cupiditas
1618 2369 1874 2441 regebat.
1907 2369 2074 2425 Puta-

424 2462 567 2517 bant
596 2460 754 2516 enim
789 2476 849 2515 se
880 2459 1101 2515 Latinis
1134 2462 1337 2530 exiguo
1367 2458 1566 2514 labore
1605 2459 1825 2514 edibus
1873 2458 2071 2531 expul-

427 2547 533 2618 sis,
565 2548 849 2621 quidquid
887 2548 944 2604 in
979 2547 1051 2603 iis
1080 2556 1225 2603 esset
1258 2548 1642 2617 reconditum,
1698 2553 1761 2603 ut
1809 2548 1917 2604 sub
1962 2554 2071 2604 An-

427 2638 668 2694 dronico
701 2636 993 2703 fecissent,
1048 2636 1405 2707 direpturos.
1476 2636 1684 2692 Verum
1743 2653 1860 2691 non
1904 2638 2073 2694 modo

428 2743 532 2799 spe
552 2742 661 2783 sua
680 2725 963 2794 frustrati,
982 2726 1082 2782 sed
1107 2725 1278 2781 etiam
1297 2725 1656 2782 contrarium
1674 2731 1815 2781 sunt
1829 2726 2070 2798 experti.

420 2817 566 2873 Nam
596 2814 913 2872 adversarii
947 2814 1351 2870 animadverso
1385 2815 1568 2885 plebis
1589 2820 1795 2871 contra
1827 2832 1890 2871 se
1933 2832 2070 2872 con-

422 2906 613 2962 citatas
638 2905 888 2977 impetu,
914 2904 1036 2959 vias
1061 2902 1343 2975 publicas,
1382 2920 1508 2975 quas
1532 2904 1602 2958 ad
1627 2903 1887 2975 ipsorum
1922 2905 2072 2961 ades

427 2994 742 3060 ducebant,
778 2992 1045 3047 maximis
1101 2992 1367 3048 trabibus
1396 2992 1830 3059 obstruxerunt,
1854 2998 1910 3048 et
1939 2993 2075 3049 tho-

423 3083 601 3138 racati
633 3082 691 3136 in
726 3079 1155 3136 munitionibus
1203 3079 1344 3147 illis,
1376 3081 1540 3136 densi
1562 3082 1715 3138 518
1740 3082 1891 3137 inter
1923 3099 2072 3150 sese,

424 3169 836 3227 constiterunt.
869 3171 942 3224 At
964 3167 1276 3224 collectitia
1308 3169 1478 3226 turba
1508 3187 1656 3240 sapae
1687 3170 1902 3227 vallum
1927 3171 2071 3228 illud

428 3258 843 3314 transcendere
872 3264 1082 3314 conata
1122 3274 1234 3313 non
1269 3259 1441 3314 modo
1482 3258 1627 3314 nihil
1677 3261 1938 3331 profecit,
1969 3262 2071 3317 sed

2180 2288 2589 2362 εἰσηγουμένων
2641 2288 2711 2344 τὰ
2764 2289 2903 2364 πρὸς
2957 2287 3181 2363 είρήνην
3238 2291 3535 2359 κατήκοος,
3595 2289 3718 2345 ἀλλ’
3758 2291 3838 2353 ὡς

2176 2372 2401 2437 ἀσπίδες
2458 2374 2526 2429 τὰ
2580 2375 2696 2429 ὦτα
2767 2376 2987 2450 βύοντες
3042 2376 3218 2431 πάντα
3271 2377 3613 2454 παρέτρεχον
3669 2380 3839 2455 σοφὸν

2178 2463 2488 2544 φαρμακόν.
2548 2464 2880 2539 Ἡγεμόνευε
2937 2462 2995 2520 δὶ
3048 2472 3152 2535 τῆς
3214 2466 3341 2521 τότε
3392 2471 3500 2521 τῶν
3558 2466 3843 2544 ἀγοραίων

2175 2550 2489 2627 συνδρομῆς
2537 2554 2602 2609 οὗ
2638 2552 2799 2627 μόνον
2833 2552 3240 2632 θυμὸςᾶλογος,
3299 2553 3444 2611 ἀλλά
3491 2556 3582 2610 καὶ
3647 2557 3675 2611 ὁ
3728 2563 3841 2613 τῶν

2175 2640 2491 2718 ἀλλοτρίων
2547 2640 2781 2719 ἠρῥὲνου
2845 2637 2983 2717 ἔρως
3038 2643 3366 2719 χρημάτων.
3429 2643 3608 2716 ᾤοντο
3647 2646 3755 2721 γὰρ
3787 2646 3842 2703 ὲν

2181 2731 2378 2806 βραχει
2404 2730 2558 2804 πόνῳ
2594 2730 2723 2793 τοὺς
2774 2732 3037 2787 Λατίνους
3088 2734 3347 2802 εκστῆσαι
3391 2734 3715 2806 οἰκημάτων
3745 2738 3841 2791 καὶ

2182 2818 2473 2896 διαρπάσαι
2534 2824 2617 2895 [Ρ.
2677 2825 2804 2894 251]
2864 2821 3004 2877 ἆπαν
3064 2823 3532 2899 ἀπραγματεύτως
3571 2827 3637 2881 τὸ
3689 2823 3847 2883 ἔνδον

2174 2909 2674 2984 κειμηλιούμενον,
2716 2909 2906 2986 διόπερ
2945 2912 3083 2967 κατά
3127 2914 3257 2978 τοὺς
3305 2915 3542 2989 χρόνους
3591 2922 3691 2973 τοῦ
3743 2919 3847 2994 βα-

2183 2996 2387 3064 σιλέως
2455 2997 2807 3074 Ἀνδρονίκου
2866 2997 3296 3078 διαπεπράχασι.
3352 3005 3485 3066 Τοῖς
3518 3002 3577 3060 δδ
3605 3007 3688 3070 εἷς
3717 3007 3850 3063 τού-

2181 3089 2394 3143 ναντίον
2468 3089 2536 3144 τὶ
2606 3094 2715 3144 τῶν
2793 3088 3035 3145 ἐλπίδων
3115 3093 3535 3167 μετέστραπται.
3606 3098 3677 3153 Οἱ
3742 3098 3851 3173 γὰρ

2178 3176 2435 3253 διάφοροι
2496 3178 2570 3241 ὠς
2627 3177 2775 3234 εἶδον
2830 3182 2931 3248 τήν
2987 3181 3072 3235 ἐπ’
3125 3181 3323 3245 αὐτοὺς
3377 3188 3489 3239 τῶν
3521 3184 3840 3261 ξυγκλύδων

2177 3267 2456 3345 σύῤῥοιαν,
2514 3268 2612 3330 τὰς
2684 3288 2743 3324 τε
2800 3266 3119 3344 λεωφόρους
3182 3273 3679 3349 περιεφράγμωσαν
3741 3298 3847 3350 με.

424 3346 603 3404 etiam
636 3363 669 3402 a
702 3346 921 3401 Latinis
955 3345 1105 3401 male
1135 3350 1381 3402 tractata
1434 3352 1545 3403 est.
1580 3348 1724 3404 Nam
1782 3366 1916 3404 cum
1947 3351 2074 3407 sine

2182 3357 2385 3430 γίστοις
2444 3355 2728 3431 σκόλοψιν,
2788 3355 2911 3412 ὅσαι
2970 3364 3087 3414 κατ’
3136 3359 3335 3424 αὐτοὺς
3377 3362 3516 3439 ἦγον
3566 3363 3633 3419 τὸ
3663 3385 3848 3440 παρο-

428 3435 579 3491 ferro
606 3439 664 3491 et
719 3434 885 3502 nudi,
945 3433 1207 3508 plerique
1263 3436 1436 3491 etiam
1496 3430 1630 3492 vino
1682 3438 1897 3505 obruti,
1938 3456 2071 3495 cum

428 3525 673 3581 armatis
698 3526 1209 3595 congrederentur,
1234 3530 1356 3580 tum
1381 3526 1617 3581 demum
1643 3528 1776 3597 quid
1796 3528 2073 3584 fecissent

426 3582 1165 3685 cernebant,Epimetheum
1191 3582 1532 3673 i’romelheo
1574 3582 1901 3674 stultiorem
2098 3582 2141 3650 C

428 3706 857 3779 intelligebant,
888 3722 1024 3761 cum
1075 3712 1177 3760 aut
1230 3705 1459 3777 sagittis
1510 3706 1606 3762 icti
1656 3712 1756 3763 aut
1810 3708 2076 3764 cominus

423 3798 713 3853 vulnerati
776 3796 940 3851 humi
999 3796 1478 3867 procumbebant.
1537 3804 1610 3853 Ac
1683 3802 1802 3854 toto
1853 3800 2077 3871 vesperi

426 3901 614 3957 usque
645 3884 703 3939 in
738 3885 1151 3955 crepusculum
1187 3884 1407 3940 malum
1441 3884 1586 3940 illud
1631 3887 1876 3943 duravit.
1912 3893 2076 3945 Mane

426 3981 615 4029 autem
650 3989 783 4028 cum
818 3973 1061 4028 Romani
1086 3975 1307 4043 majore
1351 3974 1573 4043 impetu
1634 3978 1705 4031 ad
1750 3979 2075 4034 secundum

426 4063 688 4137 praelium
717 4080 780 4121 se
802 4067 1098 4135 pararent,
1135 4064 1397 4132 plurimis
1420 4066 1662 4121 armatis
1712 4066 1863 4124 hosti
1896 4086 2079 4141 oppo-

429 4155 579 4220 sitis,
613 4170 748 4210 cum
779 4154 921 4210 clari
956 4154 1061 4209 viri
1122 4154 1194 4210 ab
1255 4155 1602 4225 imperatore
1632 4158 1794 4213 missi
1840 4176 1939 4216 eos
1988 4177 2076 4218 re-

430 4247 791 4316 presserunt,
823 4246 949 4297 turn
983 4243 1170 4299 Latini
1206 4243 1400 4300 stultis
1452 4245 1649 4301 fucum
1710 4248 1973 4304 fecerunt
2010 4265 2079 4307 ac

433 4331 688 4387 multum
749 4332 821 4387 de
878 4332 1099 4387 fervore
1158 4330 1262 4388 illo
1314 4332 1724 4391 restinxerunt.
1783 4336 2077 4396 Romanos

428 4421 581 4477 enim
631 4420 728 4492 qui
786 4420 841 4474 in
894 4436 1090 4493 pugna
1142 4421 1490 4491 ceciderant,
1544 4425 1764 4480 Latinis
1821 4428 2079 4485 vestibus

435 4508 674 4563 indutos
707 4507 971 4579 rasisque
1011 4508 1210 4565 barbis
1269 4511 1325 4565 in
1383 4528 1626 4567 suarum
1655 4514 1866 4570 aedium
1902 4518 2077 4573 vesti-

429 4596 583 4652 bulis
612 4595 950 4661 collooatos,
1004 4614 1106 4668 pro
1170 4599 1551 4671 popularibus
1604 4603 1726 4658 suis
1775 4603 2078 4662 lamentati

429 4689 569 4740 sunt
600 4705 616 4753 ;
644 4693 697 4740 et
731 4684 802 4740 iis
831 4685 929 4756 qui
960 4688 1032 4739 ab
1066 4687 1416 4758 imperatore
1446 4691 1710 4757 aderant,
1742 4692 1875 4749 illos
1908 4711 2080 4750 mon-

430 4776 986 4846 strando,rogarunt
1020 4792 1091 4831 ne
1112 4776 1304 4832 denuo
1326 4779 1617 4834 committi
1659 4782 1919 4850 prazlium
1953 4800 2079 4841 seve

432 4864 522 4919 bis
538 4863 743 4919 iisdem
769 4862 1034 4921 cladibus
1057 4881 1203 4937 quas
1223 4875 1523 4921 cernerent
1544 4866 1692 4923 affici
1720 4876 2073 4940 paterentur.

2177 3442 2356 3516 δεῦον,
2386 3446 2473 3500 καὶ
2508 3446 2933 3521 θωρακισθέντες
2964 3447 3135 3523 βύζην
3196 3446 3248 3503 ἐν
3306 3456 3424 3515 τοῖς
3471 3452 3838 3529 ὀχυρώμασιν

2177 3529 2428 3620 ἔστησαν.
2478 3536 2540 3592 Ὁ
2599 3534 2645 3590 δ’
2677 3534 2934 3610 ἀγελαῖος
2991 3536 3166 3612 ύχλος
3226 3537 3503 3603 πολλάκις
3547 3543 3645 3615 μὲν
3682 3546 3849 3620 ὑπερ-

2180 3618 2344 3693 ϐῆναι
2404 3625 2471 3679 τὰ
2526 3626 3021 3700 περισταυρώματα
3068 3624 3360 3701 ὥρμησαν,
3419 3630 3481 3685 οὖ
3556 3632 3720 3705 μόνον
3788 3618 3850 3690 δὲ

2180 3728 2297 3784 τοῖς
2328 3722 2463 3777 κατά
2494 3725 2694 3779 σκοπὸν
2726 3723 2825 3779 ούκ
2877 3718 3063 3780 ἔδοσαν
3117 3723 3308 3801 πέρας,
3360 3727 3503 3785 ἀλλὰ
3540 3732 3625 3786 καί
3656 3739 3847 3795 κακῶς

2185 3810 2292 3867 ὑπὸ
2366 3816 2475 3867 τῶν
2560 3815 2804 3869 Λατίνων
2888 3812 3109 3870 ἔπαθον⁸
3197 3814 3523 3892 ἀσιδήρωτοι
3580 3820 3679 3894 γὰρ
3735 3821 3836 3875 καὶ

2183 3901 2385 3976 γυμνοὶ
2413 3902 2551 3975 πρὸς
2582 3901 2966 3975 ὡπλισμένους
3024 3904 3362 3979 μαχόμενοι,
3404 3909 3452 3961 oi
3491 3907 3736 3964 πλεῖστοι
3771 3906 3836 3966 δὲ

2185 3990 2275 4044 καὶ
2328 3989 2652 4068 οῗνόφλυγες
2683 3991 2856 4063 ὄντες,
2914 3993 3037 4048 τότε
3094 3993 3124 4048 8
3180 3996 3273 4050 καὶ
3330 3994 3493 4073 ὶδρων
3534 3995 3840 4073 ἒγίνωσκον

2179 4079 2275 4165 καὶ
2334 4079 2428 4135 τὸν
2484 4078 2797 4153 Ἐπιμηθέα
2851 4086 2949 4137 τοῦ
3009 4085 3351 4159 Προμηθέως
3423 4085 3847 4165 καταδεέστερον

2182 4164 2403 4241 ᾔδεσαν,
2437 4168 2602 4223 ὀπότε
2630 4168 2967 4245 βαλλόμενοι
3021 4173 3127 4228 ἀπὸ
3184 4176 3356 4245 τόξων
3406 4176 3443 4245 ἢ
3493 4177 3850 4253 παρασταδὸν

2184 4253 2548 4327 ούταζόμενοι
2602 4256 2740 4311 κατά
2776 4264 2878 4332 γῆς
2933 4253 3181 4319 ἔπιπτον.
3241 4260 3345 4317 Καὶ
3383 4264 3485 4333 τήν
3523 4264 3619 4336 μὲν
3652 4262 3848 4337 δείλην

2186 4340 2325 4413 ὅλην
2376 4349 2479 4413 τῆς
2537 4341 2748 4419 ἡμέρας
2823 4344 3035 4419 ἐκείνης
3127 4349 3295 4425 μέχρι
3352 4352 3451 4407 καὶ
3504 4351 3561 4416 ἐς
3624 4356 3851 4431 βαθεῖαν

2186 4432 2414 4506 ἑσπέραν
2476 4432 2619 4489 οὕτω
2676 4436 2939 4511 κατίσχυε
3011 4438 3074 4493 τὸ
3151 4436 3344 4494 δεινόν·
3404 4441 3575 4512 ἡλίου
3636 4442 3696 4500 δέ
3753 4448 3851 4502 τὸν

2186 4522 2438 4597 ὁρίζοντα
2542 4520 2978 4600 ὑπεραναϐάντος
3041 4529 3176 4601 μετὰ
3250 4529 3498 4603 μείζονος
3575 4534 3851 4608 Ῥωμαῖοι

2187 4610 2367 4687 ῥύμης
2445 4611 2519 4673 ὡς
2568 4612 2643 4675 εἰς
2704 4614 2994 4689 ἀγώνισμα
3070 4615 3319 4692 δεύτερον
3396 4625 3851 4698 συνηθροίζοντο,

2184 4699 2477 4764 πλείστους
2509 4703 2645 4774 μετὰ
2688 4707 2796 4758 τῶν
2855 4702 3043 4759 ὅπλων
3100 4702 3569 4784 προϐεϐλημένοι.
3602 4712 3766 4771 Ἀλλ’
3798 4715 3854 4770 οἳ

2183 4809 2243 4843 τε
2274 4788 2623 4853 συνελθόντες
2687 4791 2748 4847 ἑκ
2808 4794 3084 4868 βασιλέως
3141 4796 3372 4872 λόγιμοι
3430 4798 3618 4877 ἄνδρες
3649 4803 3852 4869 αὐτοὺς

2187 4878 2523 4949 ἀνέστειλαν,
2585 4881 2676 4935 καὶ
2735 4882 2788 4936 oi
2847 4883 2908 4938 ἐκ
2960 4890 3062 4953 τῆς
3116 4886 3356 4942 Λατίνων
3401 4890 3581 4968 φυλῆς
3612 4913 3852 4949 κατασο-

429 4954 536 5020 Qui
568 4969 701 5010 cum
725 4954 878 5010 514
912 4952 1009 5009 illa
1041 4954 1114 5009 ad
1144 4954 1377 5024 Opiﬂces
1409 4956 1749 5025 perferrent,
1785 4965 1842 5015 et
1876 4977 2074 5019 mone-

2510 4944 2520 4949 -
3019 4944 3057 4953 ..
3413 4944 3425 4968 ι
3616 4944 3816 4949 πυτς--

2185 4967 2476 5047 φισάμενοι
2523 4968 2653 5032 τοὺς
2740 4971 2952 5043 εὐήθεις
3018 4970 3339 5030 κατέσϐεσαν
3418 4980 3482 5034 τὸ
3540 4981 3686 5037 πολὺ
3744 4992 3852 5055 τῆς

433 5052 560 5100 rent
592 5045 744 5098 utin
778 5049 1041 5100 mortuos
1096 5043 1419 5113 deﬁgerent
1470 5044 1692 5114 oculos,
1748 5064 1925 5120 seque
1974 5051 2073 5108 illa

433 5135 677 5204 probare
737 5137 1037 5205 negarent,
1085 5134 1177 5187 vix
1232 5133 1459 5188 tandem
1517 5135 1712 5207 populi
1771 5139 2074 5199 colluviem

430 5221 692 5277 emollire
720 5226 1052 5293 potuerunt,
1087 5226 1150 5276 ut
1180 5222 1239 5277 in
1270 5222 1563 5280 ofﬁcinam
1615 5227 1861 5300 quisque
1906 5246 2072 5288 suam

434 5314 833 5366 reverteretur.
893 5309 1138 5366 Facilius
1196 5315 1388 5367 tamen
1450 5313 1822 5385 impetratum
1883 5325 1973 5376 est
2013 5327 2076 5378 ut

432 5399 791 5469 gravissimis
819 5399 1280 5469 pacificatoribus
1297 5403 1558 5459 obsecuti
1582 5405 1653 5459 ab
1675 5408 1855 5462 armis
1886 5410 2073 5465 disce-

435 5488 656 5555 derent,
691 5490 845 5559 quod
878 5496 938 5543 ut
972 5489 1254 5545 matutino
1288 5501 1542 5563 tempore
1601 5511 1717 5552 non
1756 5505 2073 5559 consuetus

438 5573 554 5628 dux
585 5573 714 5632 illos
736 5582 1007 5649 armarat,
1044 5593 1149 5635 nec
1165 5579 1352 5653 magis
1375 5596 1550 5652 quam
1577 5584 1793 5645 ferrum
1817 5594 2069 5650 acueret.

2186 5057 2388 5143 ὁρμῆςο
2443 5060 2830 5135 συναγαγόντες
2866 5063 2970 5135 γαρ
2996 5063 3125 5125 τοὺς
3174 5063 3227 5119 ἐν
3271 5070 3352 5138 τῷ
3391 5067 3624 5143 πολεμῳ
3679 5092 3851 5128 κατα-

2183 5142 2446 5208 λύσαντας
2484 5146 2547 5201 τὸ
2597 5152 2695 5221 ζῇν
2740 5150 3073 5223 Ῥωμαίους,
3109 5152 3199 5207 καὶ
3252 5156 3389 5226 μετά
3415 5158 3514 5225 τήν
3546 5164 3654 5214 τῶν
3686 5182 3850 5234 περι-

2183 5227 2490 5323 βλημάτων
2567 5235 2848 5314 ἀφαίρεσιν
2926 5237 3192 5312 δείξαντες
3266 5243 3318 5299 ἐν
3403 5251 3525 5321 χρῷ
3597 5227 3850 5323 κουριας,

2183 5319 2417 5391 ὶξέθεντο
2470 5325 2608 5379 κατᾶ
2664 5327 2767 5396 τὴν
2825 5325 3044 5383 αὔλειον
3092 5334 3261 5404 σφῶν,
3318 5334 3409 5389 καὶ
3448 5319 3719 5401 ’πλαστῶς
3762 5319 3854 5397 ἐπἰ

2180 5411 2366 5476 αὐτοῖς
2419 5415 2495 5477 ὠς
2553 5415 2634 5493 ἐφ’
2715 5419 3004 5495 ὁμογενέσι
3057 5424 3431 5495 παθηνάμενοι
3494 5425 3845 5487 ὑπεδείκνυον

2177 5506 2295 5565 τοῖς
2354 5509 2673 5579 προσιοῦσιν
2751 5506 2812 5564 ἐκ
2899 5508 3193 5584 βασιλέως,
3270 5513 3361 5567 καὶ
3428 5516 3701 5589 ίκεσίαζον
3763 5525 3840 5596 μη

2185 5591 2513 5670 ἀνασχέσθαι
2571 5600 2662 5654 καί
2720 5598 2933 5666 ἐσαῦθις
2988 5599 3322 5681 συρῥαγῆναι
3358 5595 3604 5685 πόλεμον
3635 5611 3728 5666 καὶ
