4112 6218
344 287 452 350 757
1434 297 1535 358 DE
1580 297 1888 361 ISAACIO
1929 300 2249 363 ANGELO
2294 304 2446 364 LIB.
2495 303 2569 365 Ιῐ.

338 422 523 517 αὐτοὺς
577 426 893 517 πεπονθέναι
933 428 1108 486 ἀπόσα
1165 429 1255 487 καὶ
1313 431 1441 508 ὀρᾷν
1499 426 1743 509 ἔχουσιν.
1776 431 1840 488 Ol
1890 429 1948 489 ὂὶ

2062 440 2207 498 Nam
2241 439 2288 495 si
2334 440 2471 497 vino
2528 442 2792 514 occupati
2856 444 3108 501 fuissent
3164 445 3205 501 ii
3244 446 3342 517 qui
3400 446 3610 514 gallum
3669 452 3729 506 et

335 515 466 591 πρὸς
492 517 581 572 τὸν
610 516 1052 594 ἆποχειροϐίοτον
1109 523 1237 580 λαὸν
1289 530 1460 582 ταῦτα
1516 523 1953 602 διαπορθμεύον-

332 626 436 676 τες,
465 608 592 663 κάπὶ
620 610 742 673 τοὺς
789 618 1074 677 τεθνεῶτας
1120 615 1312 671 τείνειν
1360 617 1427 672 τὰ
1484 616 1708 692 ὄμματα
1735 615 1954 682 πείθον-

328 720 434 769 τες,
495 699 620 774 μηδ’
675 701 904 759 ἐπαινεῖν
952 705 1018 761 τὰ
1066 708 1325 784 γινόμενα
1376 709 1688 783 φάσκοντες,
1718 709 1953 784 ἲσχυσαν

327 788 494 852 οὕτως
524 791 619 865 ὀψὲ
665 813 792 848 ποτε
843 792 1072 869 μαλάξαι
1125 795 1251 859 τοὺς
1302 796 1576 873 σύρφακας
1607 799 1683 863 ὡς
1711 796 1950 878 ἀποχω-

325 885 481 951 ρῆσαι
553 882 682 956 πρὸς
750 882 813 937 τὸ
884 884 1081 940 οἰκεῖον
1137 884 1364 943 ’ἑκαστον
1425 886 1786 963 ἐπιτήδευμα.
1842 890 1950 946 Καὶ

324 966 501 1033 ἄλλως
548 967 603 1025 δὲ
657 971 841 1042 εἰπεῖν,
898 975 973 1047 μὴ
1029 980 1127 1031 τοῦ
1199 979 1461 1050 συνήθους
1518 980 1796 1056 ἡγεμόνος
1851 983 1950 1035 τοῦ

323 1056 463 1114 οἴνου
490 1066 621 1135 σφᾶς
670 1063 1062 1137 θωρακίσαντος
1116 1062 1243 1140 μηδ’
1303 1063 1685 1145 ἀκριϐέστερον
1715 1065 1948 1144 σιδήρου

2059 547 2231 587 acum
2264 532 2567 603 subigunt,
2598 551 2728 605 quae
2762 535 2974 601 oratio,
3030 535 3165 605 quis
3234 535 3580 608 eloquentiae
3610 544 3722 596 tor-

2062 637 2197 677 rens
2228 621 2393 677 illum
2430 624 2733 695 pugnandi
2763 624 3031 679 ardorem
3065 624 3452 691 restinxisset,
3486 634 3589 683 aut
3646 630 3719 685 ad

2061 713 2319 783 quietam
2344 711 2592 768 aliamve
2616 712 2917 768 honestam
2936 711 3222 769 actionem
3238 730 3337 769 eos
3352 715 3721 788 impulisset?

2062 817 2199 856 nam
2231 817 2366 856 cum
2395 800 2498 856 alii
2556 801 2903 873 Byzantinos
2961 806 3026 857 ut
3077 803 3339 859 ebriosos
3371 805 3722 875 perstrinxe-

2060 894 2220 955 runt,
2255 895 2381 944 tum
2413 889 2731 945 Menander
2754 889 2837 945 sic
2871 907 2971 946 eos
2997 890 3193 961 arguit
3226 909 3239 948 :
3301 914 3328 942 ‹‹
3379 892 3717 964 Byzantium

2060 980 2324 1035 ebriosos
2355 978 2548 1034 reddit
2572 978 2856 1050 hospites.
2917 979 3178 1035 Potando
3231 986 3431 1037 noctes
3475 984 3719 1053 perdere

2058 1069 2319 1143 integras
2352 1068 2561 1126 solent.
2596 1090 2625 1120 ι)
2660 1073 2849 1141 Atque
2879 1069 2999 1125 hinc
3031 1070 3111 1126 ita
3131 1071 3525 1144 contigerunt.

319 1149 449 1224 πρὸς
499 1150 588 1205 τὸν
640 1149 817 1225 ἀγῶνα
887 1156 1296 1229 παραθήξαντος
1364 1158 1591 1234 (πρώϊος
1666 1158 1770 1235 γὰρ
1844 1160 1920 1230 ἦη
1991 1159 2020 1214 ὁ
2088 1158 2301 1233 καιρὸς)
2396 1154 2722 1227 διελύθήσαν
2784 1158 3038 1232 εὐμαρῶς
3131 1157 3530 1232 ἀναμίλλητοι,
3626 1162 3720 1224 οὗς

321 1236 647 1314 ὑποσχόντες
706 1241 930 1313 εὖήκοον
991 1249 1059 1319 τῇ
1124 1247 1446 1321 παρεκτάσει
1501 1252 1609 1303 τῶν
1670 1245 2094 1324 διαλλακτήρων
2158 1248 2427 1322 μεγίστων
2484 1244 2713 1322 ἀνδρῶν.
2783 1246 2848 1304 Ei
2898 1248 3003 1323 γὰρ
3060 1246 3194 1321 οἷ’νῳ
3253 1249 3717 1329 προκατελήφθη·

321 1347 413 1380 σαν
454 1328 503 1382 οἱ
556 1329 639 1384 καί
670 1332 918 1407 ταπύρων
980 1330 1407 1412 οἰνοϐαρέστεροι
1465 1342 1601 1412 (31),
1662 1338 1720 1392 οἱ
1773 1343 1892 1400 ταῖς
1944 1337 2172 1411 σμίλαις
2209 1337 2300 1393 καὶ
2354 1342 2474 1399 ταῖς
2518 1336 2703 1416 ,ἑαφίσι
2761 1340 3219 1416 προσανέχοντες,
3251 1336 3383 1392 ποία
3409 1359 3493 1401 τις
3519 1328 3715 1402 αὐτοὺς

316 1415 436 1493 ἲυγξ
458 1417 489 1488 ἢ
508 1418 658 1474 τίνων
680 1421 1036 1497 τερετίσματα
1066 1428 1341 1501 Σειρήνων
1370 1427 1505 1502 πρὸς
1536 1429 1761 1503 εἰρήνην
1792 1426 1853 1484 ἃν
1890 1428 2325 1506 μετερῥύθμισαν
2410 1428 2547 1503 πρὸς
2569 1415 2751 1503 ἑτέραν
2785 1428 3114 1506 εὐσχήμονα
3143 1428 3339 1502 πρᾶξιν
3371 1428 3670 1501 μετέθηκαν
3696 1448 3710 1497 ;

315 1506 389 1561 ὧν
495 1507 577 1563 καὶ
614 1506 775 1595 (ἧλοι
812 1512 905 1587 μὲν
928 1513 1001 1578 ὡς
1028 1514 1132 1570 ὑπὸ
1159 1516 1327 1589 μέθης
1355 1514 1719 1594 διαρῥεόντων
1781 1517 1882 1574 οὐκ
1938 1518 2106 1595 ὀλίγα
2158 1518 2431 1589 ξυνὲοεντο
2476 1518 2787 1591 σκώμματα
2825 1519 2960 1590 (32),
3008 1516 3035 1571 ὁ
3086 1515 3143 1571 δὲ
3172 1514 3480 1595 Μένανδρος
3513 1518 3715 1574 οὑτωσί

309 1614 425 1682 πως
454 1593 892 1672 ἐπιλαμϐάνεται*
929 1625 957 1654 ‹‹
991 1602 1264 1667 Μεθύσους
1292 1606 1419 1669 τοὺς
1461 1593 1738 1682 ἐμπόρους
1783 1613 1934 1664 ποιεῖ
1978 1593 2058 1663 τόή
2090 1605 2408 1678 Βυζάντιον·
2460 1604 2597 1677 ὅλην
2636 1600 2825 1661 ἔπινον
2857 1608 2956 1676 τὴν
2988 1606 3175 1666 νύκτα.
3204 1630 3235 1659 ››
3271 1593 3582 1663 Καίνταῦτα
3614 1608 3708 1681 μὲν

314 1681 418 1740 ὧδὲ
444 1688 517 1757 πή
548 1686 780 1767 ὶφέρετο.

1667 1828 1840 1891 Hier.
1873 1827 2089 1889 Wolﬁi
2118 1834 2307 1889 nota.

399 2007 502 2092 (εει)
532 2007 947 2092 Htecnclausula
975 2016 1114 2092 quid
1174 2017 1284 2074 sibi
1342 2019 1498 2076 velut
1557 2022 1774 2092 nescio,
1808 2034 1864 2077 et
1892 2021 1952 2077 in
1988 2026 2035 2091 Β
2064 2033 2275 2092 quoque
2300 2033 2399 2089 per
2427 2020 2752 2092 ebrietatem
2771 2019 2946 2092 multa
2975 2020 3162 2090 inepta
3185 2020 3506 2091 loquuntur,
3529 2028 3714 2075 tamen

318 2076 537 2135 duabus
567 2083 862 2142 codicibus
890 2076 1195 2146 omittitur.

2063 2091 2130 2145 id
2154 2105 2215 2145 eo
2242 2091 2587 2160 frequentius
2628 2090 2928 2159 Cpolilanis
2954 2092 3179 2163 accidit,
3229 2090 3335 2163 quo
3380 2092 3712 2147 ebriosior-c3

388 2151 507 2233 .(_32)_
527 2152 690 2212 Hunc
718 2155 906 2233 locum
937 2160 1021 2216 vel
1052 2177 1120 2217 eo
1151 2163 1388 2220 nomine
1410 2172 1630 2220 vertere
1679 2164 1847 2232 libet,
1877 2181 1951 2220 ne
2058 2167 2209 2228 sunt,
2241 2151 2380 2217 tota}
2408 2163 2590 2218 nocte:
2611 2151 2898 2233 perpotare
2916 2160 3093 2218 soliti.

312 2221 452 2279 solis
469 2221 766 2285 Germanis
787 2231 1036 2289 ebrietas
1053 2234 1367 2304 objiciatur
1400 2252 1415 2291 :
1464 2238 1539 2291 Ac
1569 2237 1806 2292 tametsi
1827 2221 1952 2292 'ah'i

313 2406 2855 2437 -ῄ--ι-*ι-ῇ

1665 2634 2093 2736 ΤΟΜΟΣ
2176 2636 2250 2729 Β

1247 2868 1387 2924 ΤΗΣ
1428 2870 1808 2925 ΒΑΣΙΛΕΙΑΣ
1846 2867 2186 2924 ΙΣΑΑΚῙΟΥ
2224 2868 2352 2923 ΤΟΥ
2404 2867 2735 2924 ΑΓΓΕΛΟΥ.

1174 3170 1681 3269 IMPERII
1791 3170 2218 3266 ISAACI
2308 3170 2792 3267 ANGELI

1677 3383 1889 3440 LIBER
1926 3381 2317 3440 SECUNDUS.

369 3726 452 3797 [P.
510 3729 631 3803 252]
691 3730 758 3788 α’.
820 3729 1084 3793 Βασιλεὺς
1144 3727 1203 3784 δὲ
1261 3726 1491 3783 δισσεύει
1548 3727 1684 3783 κατὰ
1741 3730 1940 3785 Μυσῶν

2123 3728 2272 3785 ﬁlii
2308 3728 2361 3783 l.
2394 3730 2715 3800 Imperator
2774 3744 2906 3786 vero
2967 3728 3170 3783 dolens
3227 3726 3379 3798 quod
3415 3726 3603 3798 prima
3633 3727 3691 3784 in

294 3810 683 3889 ὗστεροϐουλίᾳ
730 3818 1129 3893 πληττόμενος,
1181 3821 1263 3875 ὅτι
1314 3819 1389 3891 μὴ
1440 3818 1575 3872 καιτά
1613 3819 1709 3885 τήν
1742 3818 1938 3891 προτέ-

293 3926 390 3982 ραν
422 3905 580 3962 αὖτοῦ
610 3906 860 3982 ἐμϐολὴν
905 3912 971 3966 τὰ
1012 3919 1113 3980 τῆς
1163 3908 1437 3985 πολεμίας
1479 3906 1534 3964 εὖ
1577 3907 1783 3972 διέθετο
1814 3916 1936 3984 γῆς,

291 3993 420 4050 ἀλλ’
446 3996 671 4061 ἀναστὰς
703 3998 883 4079 ᾤχετο
916 4001 1113 4056 ἐκεῖθεν
1157 4000 1233 4063 ὡς
1274 3999 1319 4053 εἰ
1368 3997 1632 4071 πολέμιοι
1664 3998 1935 4053 ἐπέκειντο

293 4083 613 4159 βάλλοντες,
667 4091 805 4161 μήτε
855 4094 975 4151 τοῖς
1028 4088 1308 4167 φρουρίοις
1354 4087 1660 4160 Ῥωμαίους
1720 4086 1937 4157 ἐπιστή-

286 4194 380 4235 σας
414 4174 657 4249 φύλαοιας
721 4180 858 4251 μήτε
917 4174 1104 4253 ὅμηρα
1160 4173 1345 4232 λαϐὼν
1392 4178 1460 4232 τὰ
1505 4180 1611 4230 τῶν
1646 4170 1933 4252 βαρϐαρων

287 4261 545 4341 φίλτατα.
595 4267 695 4322 Καὶ
753 4266 875 4323 τότε
931 4268 1028 4341 μὲν
1085 4267 1247 4329 αὐτὸς
1308 4266 1444 4339 μετὰ
1499 4269 1607 4319 τῶν
1664 4262 1933 4319 συνόντων

286 4354 339 4407 οἱ
372 4351 573 4429 ὀλίγων
619 4355 762 4431 ἐξῄει
816 4364 916 4427 τῆς
975 4356 1213 4417 πόλεως’
1283 4355 1514 4425 ἠκηκόει
1573 4353 1675 4429 γὰρ
1738 4353 1934 4426 μηκέτι

282 4444 412 4505 τοὺς
466 4443 684 4509 Μύσους
729 4447 798 4501 τὰ
845 4445 945 4520 ὅρη
999 4443 1443 4523 περιπαπταῖνειν
1493 4444 1584 4498 καὶ
1633 4443 1759 4505 τοὺς
1805 4443 1936 4519 βου-

284 4533 435 4601 νοὺς,
479 4532 605 4589 ἀλλ’
653 4532 935 4590 ὁπλιτικὸν
988 4532 1447 4608 ξενολογήσαντας
1496 4532 1759 4588 Σκυθικὸν
1788 4530 1839 4593 ἐς
1870 4532 1935 4587 τὰ

283 4622 385 4691 τῆς
434 4622 855 4698 Ἀγαθαπόλεως
909 4624 1045 4697 μέρη
1095 4618 1434 4698 παραϐαλεῖν
1484 4623 1770 4677 καὶταῦτα
1799 4621 1933 4677 κατὰ

282 4711 484 4782 κράτος
544 4710 851 4783 ληίζεσθαι,
935 4712 1069 4767 κατὰ
1151 4710 1551 4789 ἐργαζομένους
1607 4710 1929 4786 Τερμέρειαο

279 4800 344 4855 τὸ
378 4797 436 4855 δὶ
469 4800 665 4856 λοιπὸν
723 4800 783 4856 ἐκ
837 4800 1231 4877 προσκλήσεως
1289 4802 1545 4875 συνήγετο
1603 4801 1928 4874 στράτευμα.

279 4887 428 4963 Πρὸς
478 4890 583 4966 γὰρ
625 4890 723 4959 τὴν
773 4888 1006 4946 ἄελπτον
1053 4890 1142 4944 καὶ
1200 4890 1371 4959 ὀξεῖαν
1418 4887 1608 4968 ἔφοδον
1651 4893 1758 4943 τῶν
1793 4892 1927 4967 Bap-

275 4973 463 5051 ϐἀρων
531 4978 619 5034 καὶ
678 4977 839 5042 αὐτός
888 5000 941 5032 τι
998 4979 1419 5052 τοιουτότροπον
1469 4975 1807 5050 ἑμεθόδευσε,
1839 4982 1927 5036 καὶ

276 5066 555 5139 συστολὴν
611 5066 846 5123 ἐντεῦθεν
902 5068 1029 5130 τοὺς
1084 5065 1317 5145 ἐχθροὺς
1373 5068 1557 5121 παθεῖν
1604 5069 1926 5142 προμηθού-
1959 5103 2006 5168 D

271 5178 462 5230 μενος,
516 5157 608 5212 καὶ
664 5158 792 5219 τοὺς
853 5155 1088 5217 οἰκείους
1144 5157 1220 5227 μὴ
1276 5152 1670 5226 ἆπαυθαδήσειν
1721 5155 1774 5219 ἐς
1824 5159 1923 5227 τήν

263 5246 419 5321 παρὰ
448 5243 619 5308 πόδας
668 5245 757 5301 καὶ
791 5243 1040 5321 δευτέραν
1095 5244 1231 5299 κατὰ
1277 5247 1382 5299 τῶν
1418 5242 1654 5324 Βλάχων
1687 5246 1927 5322 ἐξόρμη-

263 5357 376 5405 σιν,
438 5335 484 5390 εἷ
540 5334 677 5389 κατὰ
731 5334 939 5389 τούτων
998 5338 1215 5406 πρῶτος
1262 5330 1413 5397 αὖθις
1470 5335 1635 5398 αὐτὸς
1681 5336 1748 5391 τὰ
1779 5336 1925 5392 ὅπλα

263 5428 446 5501 ἤρατο
476 5424 567 5480 καὶ
613 5425 706 5478 τὸν
758 5423 927 5477 ’ἱππον
967 5416 1132 5490 ἀνέϐη
1180 5420 1271 5475 τὸν
1317 5419 1773 5498 πολεμιστήριον.
1821 5425 1928 5481 Καὶ

269 5517 301 5571 ὁ
337 5516 436 5588 μὲν
493 5513 632 5568 κατὰ
686 5512 778 5567 τὸν
833 5511 1205 5586 Ταυρόκωμον
1261 5509 1554 5585 γενόμενος
1596 5510 1928 5587 (κῖησείδιον

269 5601 333 5660 δι
393 5602 540 5661 ἔστιν
595 5601 751 5665 οὗτος
813 5598 1131 5675 οἰκούμενον
1186 5595 1448 5673 κωμηδὸν
1517 5600 1606 5656 καὶ
1664 5603 1739 5675 μὴ
1786 5601 1928 5657 πάνυ

2052 3818 2291 3891 Mysiam
2327 3818 2710 3887 impressione
2737 3816 2953 3874 bellum
2986 3834 3103 3873 non
3137 3818 3243 3872 rite
3283 3817 3692 3873 administras-

2048 3908 2260 3972 set,sed
2289 3908 2423 3961 inde
2456 3924 2566 3961 non
2603 3907 2765 3963 aliter
2786 3908 3089 3978 digressus
3111 3922 3287 3978 quam
3339 3906 3388 3961 si
3435 3906 3693 3963 hostium

2049 3996 2174 4052 telis
2205 4006 2530 4068 urgeretur,
2564 4013 2751 4068 neque
2802 3995 3041 4051 castella
3080 3997 3355 4050 Romanis
3408 3997 3694 4066 praesidiis

2046 4090 2408 4157 occupasset,
2442 4102 2626 4157 neque
2652 4085 3037 4140 Barbarorum
3071 4084 3223 4139 ﬁlios
3271 4083 3505 4141 obsides
3528 4103 3690 4141 sum-

2047 4176 2279 4246 psisset,
2312 4175 2501 4229 denuo
2523 4173 2750 4229 Blachis
2772 4190 2932 4229 arma
2956 4175 3170 4229 inferre
3196 4174 3424 4230 statuit.
3462 4177 3531 4230 Ac
3560 4181 3691 4232 tum

2046 4265 2171 4335 ipse
2201 4264 2435 4335 quidem
2468 4280 2602 4319 cum
2639 4279 2840 4335 paucis
2871 4263 2969 4334 qui
3010 4263 3196 4319 obiter
3249 4264 3693 4335 reperiebantur

2044 4354 2370 4426 egreditur;
2401 4352 2662 4409 audierat
2713 4352 2870 4407 enim
2928 4352 3126 4409 hostes
3168 4369 3280 4408 non
3326 4352 3582 4425 amplius
3631 4356 3689 4410 in

2047 4444 2344 4499 montibus
2371 4446 2428 4497 et
2459 4440 2710 4498 collibus
2733 4441 2970 4511 versari,
2995 4441 3098 4499 sed
3133 4441 3423 4516 Scythicis
3458 4443 3691 4500 auxiliis

2044 4532 2248 4588 ascitis
2280 4534 2334 4586 in
2372 4548 2510 4603 agro
2542 4530 3025 4603 Agathopolitano
3068 4535 3261 4587 castra
3314 4532 3599 4603 posuisse,
3634 4537 3692 4589 et

2044 4622 2169 4678 loca
2209 4621 2310 4702 illa
2336 4622 2518 4678 effuse
2549 4628 2777 4678 vastare
2842 4626 2901 4677 et
2960 4622 3192 4695 magnis
3232 4622 3463 4678 afﬁcere
3517 4623 3692 4678 detri-

2044 4711 2544 4782 mentis.Reliqute
2575 4727 2709 4767 vero
2733 4709 2985 4781 legiones
3026 4711 3245 4767 interea
3289 4712 3690 4768 convocaban-

2043 4809 2159 4861 tur.
2191 4803 2335 4860 Nam
2370 4809 2421 4860 et
2456 4804 2581 4875 ipse
2608 4804 2928 4876 imperator
2985 4807 3051 4860 ad
3114 4804 3377 4860 subitum
3435 4809 3492 4860 et
3523 4804 3686 4859 inex-

2041 4900 2364 4966 spectatum
2397 4893 2655 4949 hostium
2688 4892 3008 4949 tumultum
3042 4892 3461 4966 expeditionem
3521 4890 3684 4944 illam

2040 4984 2485 5041 accommodare
2516 4985 2868 5057 cogebatur;
2898 4982 2954 5037 in
2990 4998 3103 5053 quo
3134 4982 3237 5035 illa
3274 4981 3450 5035 etiam
3509 4991 3682 5046 spec-

2042 5076 2224 5145 tabat,
2256 5078 2401 5130 utet
2433 5072 2689 5128 hostium
2725 5073 3004 5141 impetum
3064 5069 3401 5137 reprimeret
3438 5069 3495 5120 et
3546 5078 3684 5119 suos

2037 5164 2187 5220 dicto
2247 5162 2646 5217 audientiores
2724 5159 2876 5213 £516
2935 5157 3175 5212 haberet
3231 5160 3299 5209 ad
3352 5153 3682 5209 secundum

2037 5252 2180 5307 illud
2215 5249 2546 5305 Blachicum
2586 5246 2825 5314 bellum,
2886 5244 2931 5297 si
2989 5242 3114 5313 ipse
3176 5241 3397 5309 primus
3440 5241 3497 5295 in
3531 5257 3681 5311 equo

2037 5339 2247 5394 bellico
2270 5343 2528 5393 armatus
2551 5339 2905 5389 cerneretur.
2941 5330 3047 5385 Ubi
3089 5331 3512 5385 Taurocomum
3542 5348 3680 5403 per-

2038 5428 2194 5482 venit
2225 5425 2529 5497 (praedium
2562 5422 2615 5475 id
2649 5427 2759 5483 cst,
2793 5422 2943 5490 quod
2978 5418 3204 5474 vicatim
3239 5419 3530 5490 incolitur,
3566 5436 3681 5476 non

2041 5514 2237 5587 procul
2264 5512 2334 5568 ab
2366 5507 2742 5578 Adrianopoli
2770 5507 3070 5578 dissitum)
3130 5507 3483 5581 exspectavit
3540 5510 3677 5566 dum

2039 5601 2216 5676 ecpite
2290 5597 2682 5657 convenirent.
2743 5596 2813 5653 Et
2866 5594 3128 5654 Conrado
3184 5598 3390 5657 Caesari
3447 5615 3680 5674 quoque

3607 310 3729 373 758
