4116 6206
440 329 555 392 ⁸159

1743 323 2063 389 ΝΙΟΕΤΕ
2103 324 2521 388 ΟΗΟΝῙΑΤΛΕ

3723 327 3834 390 760

437 465 732 524 mandavit
788 469 853 520 ut
909 464 1051 519 citra
1101 462 1533 519 cunctationem
1595 461 1796 519 exiret.
1859 461 1912 516 ls
1952 476 2080 515 vero

2198 457 2387 532 πὸῤῥω
2437 461 2519 532 [Ρ.
2577 463 2704 530 253]
2757 464 2862 526 τῆς
2919 453 3212 532 Ἀδριανοῦ
3287 454 3564 530 κείμενον)
3624 455 3834 530 ἐπέμενε

438 574 571 614 cum
604 557 974 628 imperatoris
1035 568 1168 623 erga
1218 569 1281 606 se
1333 553 1774 618 benignitatem,
1809 567 1940 605 cum
1977 565 2085 604 suo

437 659 648 717 genere
680 660 792 698 non
826 642 1284 697 consentientem
1325 647 1382 696 et
1439 643 1510 696 ab
1553 639 1929 710 imperatoria
1955 639 2082 694 afﬁ-

439 733 620 788 nitate
641 731 1076 799 abhorrentem,
1102 729 1256 784 haud
1275 729 1478 784 dissim
1491 728 1876 800 ulantersegre
1890 727 2082 792 terret,

437 824 496 876 et
527 818 1076 891 magnittcamillam
1095 832 1259 890 spem
1285 835 1397 874 non
1415 817 1571 872 aliud
1595 818 1799 872 atferre
1824 821 2086 872 cerneret

437 908 554 964 nisi
588 915 652 964 ut
682 908 894 964 calceis
916 907 1214 974 Caesareis,
1231 923 1264 962 a
1281 907 1454 978 vulgo
1476 907 1790 973 distinctis,
1828 911 2085 961 cteretur

437 996 526 1070 (eo
558 997 892 1063 accedebat,
948 997 1104 1068 quod
1167 1012 1338 1052 cruce
1394 997 1566 1050 domo
1625 1011 1822 1052 secum
1857 998 2082 1066 gestata

434 1085 802 1142 Palmstinam
825 1086 897 1139 ab
917 1085 1200 1157 Egyptiis
1221 1085 1554 1140 Sarracenis
1590 1087 1714 1156 jam
1740 1087 2078 1154 occupatam

434 1175 686 1231 invisere
709 1174 1116 1242 constituerat,
1138 1179 1194 1229 et
1225 1173 1412 1228 obiter
1430 1173 1508 1230 im
1521 1172 1798 1243 peratoris
1819 1187 2080 1227 sororem

435 1264 722 1335 duxerat),
755 1264 962 1318 annuit
996 1263 1090 1318 ille
1133 1263 1369 1336 quidem
1405 1279 1465 1318 se
1495 1263 1901 1332 imperatorem
1943 1277 2080 1317 con-

431 1357 744 1410 venturum
769 1358 826 1407 et
857 1353 1076 1408 bellum
1115 1370 1229 1408 una
1262 1351 1833 1406 administraturum.
1868 1351 2076 1406 Verum

431 1459 564 1499 cum
597 1449 745 1498 Deus
777 1441 1057 1498 Romanis
1088 1442 1282 1514 plures
1342 1441 1534 1496 clades
1588 1457 1689 1512 per
1745 1439 1958 1512 Mysios
1991 1443 2078 1494 in-

433 1533 580 1589 ferre
612 1531 1210 1599 derrevisset,mutato
1241 1529 1506 1598 consilio,
1541 1546 1684 1585 nave
1741 1530 2081 1586 firmissima

432 1628 492 1680 et
515 1639 662 1680 nova
692 1637 1030 1688 conscensa,
1066 1623 1122 1677 in
1159 1619 1526 1676 Palaestinam
1585 1622 1901 1677 contendit.
1933 1623 2075 1676 Cum

431 1712 567 1786 Tyri
598 1712 948 1784 appulisset,
979 1727 1012 1766 a
1039 1709 1418 1782 popularibus
1471 1709 1597 1766 suis
1635 1709 1811 1766 veluti
1859 1726 2076 1765 numen

2193 547 2287 610 τὰς
2319 545 2576 621 δυνάμεις
2607 545 2904 615 συνελθεῖν,
2942 547 3214 620 ἐπέσκηψε
3261 543 3318 600 δὲ
3363 547 3450 602 καὶ
3484 547 3579 600 τὸν
3611 547 3835 622 Καίσαρα

2195 636 2475 712 Κοῤῥάδον
2555 637 2724 713 μηδὲν
2797 659 2851 696 τι
2915 637 3268 712 μελλήσαντα
3321 637 3580 708 ἐξελθεῖν.
3656 640 3716 696 '0
3785 637 3836 694 δὶ

2193 723 2563 802 δυσχεραίνων
2618 725 2918 802 προδήλως
2967 729 3104 800 πρὸς
3144 725 3212 798 ἤν
3261 726 3456 804 εὕρατο
3487 727 3550 781 ἐκ
3583 725 3837 802 βασιλέως

2192 813 2600 894 φιλοφροσύνης
2631 819 2706 878 ὡς
2751 823 2832 890 τῷ
2881 815 3146 893 βασιλείῳ
3192 813 3350 887 κήδει
3397 815 3732 894 ἀσύμφωνον
3757 817 3838 872 κιὶ

2189 909 2270 978 τῷ
2319 905 2511 962 ἑαυτοῦ
2569 905 2710 983 γίνει
2763 903 3094 977 ἃπάδουσαψ
3157 906 3300 980 ὀρῶν
3330 902 3388 960 δέ
3416 905 3641 968 καὶτὰς
3690 905 3836 979 ὑπερ-

2191 996 2428 1072 ηφάνους
2478 994 2704 1058 ἐλπίδας
2753 995 3132 1069 καταληξάσας
3183 996 3236 1058 ἐς
3291 997 3454 1068 μόνον
3513 997 3579 1052 τὸ
3627 998 3702 1068 μὴ
3730 1003 3836 1060 τοῖς

2188 1082 2428 1148 πολλοῖς
2481 1086 2827 1165 ὁμόχρωμον
2893 1083 3156 1158 ὑπόδημα
3211 1086 3308 1140 τοῦ
3361 1082 3538 1148 ποδὸς
3607 1085 3690 1157 (τὸ
3739 1090 3835 1140 τῶν

2189 1174 2469 1248 Καισάρων
2531 1173 2676 1250 λέγω
2731 1175 3104 1250 παράσημονι,
3163 1175 3252 1229 καὶ
3313 1173 3508 1237 ἄλλως
3571 1170 3630 1229 δὶ
3687 1195 3836 1230 σταυ-

2188 1266 2498 1342 ροφορήσας
2549 1262 2758 1327 οῗκοθεν
2802 1263 2891 1318 καὶ
2943 1267 3042 1334 τήν
3103 1263 3157 1325 ἐς
3214 1265 3591 1333 Παλαιστίνην
3634 1261 3831 1319 ὁδεῦσαι

2183 1353 2356 1410 πάλαι
2386 1355 2722 1430 προθέμενος
2780 1353 2889 1427 ἤδη
2947 1360 3371 1435 κατασχεθεῖσαν
3414 1355 3528 1410 ὑπὸ
3558 1359 3669 1411 τῶν
3715 1357 3834 1412 κατᾶ

2185 1446 2285 1514 τήν
2347 1443 2622 1518 Αἲγυπτον
2687 1448 3042 1520 Σαρακηνῶν,
3100 1445 3191 1499 καὶ
3249 1445 3528 1520 πάρεργον
3592 1441 3721 1500 ὀδοῦ
3747 1447 3834 1514 τήν

2190 1535 2324 1608 μετᾶ
2365 1538 2465 1603 τῆς
2524 1532 2766 1614 ἀδελφῆς
2823 1541 2922 1590 τοῦ
2985 1535 3258 1611 βασιλέως
3315 1533 3645 1597 ἐπιτελέσας
3692 1535 3834 1589 συνάο

2185 1644 2359 1702 φειαν,
2391 1621 2636 1679 ἐπένευσε
2669 1627 2765 1696 μὲν
2798 1625 3091 1697 συνεξιέναι
3135 1629 3214 1696 τῷ
3257 1623 3484 1700 βασιλεῖ
3521 1623 3614 1679 καὶ
3642 1623 3834 1679 συνδια-

2183 1711 2363 1768 θέσθαι
2392 1713 2484 1768 τὸν
2517 1711 2877 1789 προκείμενον
2904 1712 3174 1786 πόλεμον,
3207 1713 3284 1777 ὡς
3335 1711 3382 1768 δ’
3427 1713 3755 1788 ἀντέκρουσε
3779 1715 3832 1769 τὸ

432 1802 725 1873 quoddam
760 1805 1070 1872 susceptus
1099 1799 1434 1854 Sarracenis
1467 1799 1697 1864 restitit,
1729 1803 1788 1854 et
1823 1799 2077 1870 Joppen,

2190 1797 2573 1876 βεϐουλεῦσθαι
2622 1802 2750 1858 Θεὸν
2797 1807 3124 1878 καγοτυχεῖν
3173 1801 3336 1858 είσέτι
3380 1803 3702 1876 Ῥωμαίους
3741 1803 3830 1858 ὑπὸ

433 1906 559 1962 quae
585 1890 732 1948 517
773 1905 929 1944 nunc
960 1894 1072 1944 Acs
1103 1887 1337 1955 dicitur,
1370 1886 1600 1959 aliaque
1647 1889 1860 1958 oppida
1905 1903 2070 1943 recu-

430 1981 674 2052 peravit.
708 1981 816 2036 Sed
849 1981 988 2051 quia
1042 1977 1162 2035 illis
1215 1994 1446 2051 quoque
1503 1977 1644 2034 locis
1700 1977 1894 2035 fatalis
1925 1978 2075 2034 cala-

432 2069 652 2126 mitatis
684 2067 1256 2141 impendebat,multi
1287 2067 1546 2140 praeclari
1578 2073 1634 2124 et
1664 2068 1842 2124 fortes
1873 2070 2073 2135 duces,

430 2158 532 2230 qui
562 2159 963 2216 Christianum
995 2157 1140 2212 illud
1175 2157 1284 2214 iter
1309 2156 1461 2214 ultro
1491 2162 1549 2212 et
1595 2157 1722 2213 suis
1767 2157 2076 2230 stipendiis

435 2251 833 2320 susceperant,
884 2249 1227 2318 perierunt;
1287 2251 1344 2302 et
1419 2247 1544 2317 ipse
1601 2246 1902 2304 Conradus
1960 2263 2075 2302 non

436 2336 620 2396 multo
652 2341 804 2410 post,
836 2337 927 2391 vix
983 2336 1136 2392 edito
1194 2336 1514 2406 specimine
1555 2337 1782 2392 virtutis
1828 2342 1885 2392 et
1938 2353 2077 2408 prn-

436 2427 646 2485 dentits
705 2444 844 2495 sues,
897 2431 961 2481 ut
1027 2425 1312 2499 Agarenis
1377 2425 1753 2482 admirationi
1810 2431 1987 2491 esset,
2046 2445 2078 2482 a

437 2517 648 2573 Chasio
678 2516 931 2587 quodam
965 2515 1268 2571 occiditur.
1310 2515 1464 2571 Gens
1494 2520 1688 2571 autem
1733 2515 2076 2573 Cbasiorum

440 2621 581 2662 suos
605 2605 900 2678 principes
931 2604 1008 2660 ita
1035 2605 1220 2660 vereri
1247 2609 1306 2660 et
1335 2605 1642 2660 observare
1693 2609 1752 2660 et
1795 2605 1854 2660 in
1893 2606 2080 2676 jussis

438 2709 636 2751 eorum
668 2692 1052 2764 exsequendis
1100 2693 1243 2748 adeo
1291 2691 1502 2748 alacris
1525 2709 1652 2749 esse
1670 2693 1907 2760 dicitur,
1942 2701 2002 2750 ut
2031 2693 2080 2750 si

439 2787 665 2840 tantum
701 2783 1012 2854 supercilio
1045 2783 1426 2855 magistratus
1455 2781 1734 2850 innuerit,
1767 2785 1969 2840 statim
2011 2785 2082 2840 de

439 2873 691 2946 rupibus
717 2888 779 2928 se
801 2872 1183 2944 pracipitent,
1215 2872 1272 2926 in
1299 2888 1470 2928 enses
1519 2873 1768 2939 irruant,
1803 2872 1860 2928 in
1896 2875 2082 2930 undas

436 2960 740 3027 desiliant,
771 2960 832 3016 in
879 2961 1072 3033 ignem
1103 2977 1164 3017 se
1186 2961 1500 3030 conjiciunt
1523 2977 1537 3027 ;
1559 2966 1616 3017 et
1645 2962 1716 3016 ad
1765 2978 1863 3018 eos
1917 2961 2081 3020 missi

435 3068 586 3124 quos
617 3067 814 3107 eorum
845 3050 1141 3123 principes
1180 3051 1402 3106 occisos
1452 3049 1670 3118 volunt,
1716 3057 1778 3107 ut
1825 3051 2084 3123 hospites

436 3145 496 3198 et
529 3140 699 3196 amici
732 3141 970 3210 adeunt,
997 3146 1053 3194 et
1077 3144 1180 3195 aut
1211 3154 1272 3195 se
1301 3139 1516 3196 habere
1547 3141 1700 3210 quod
1749 3142 1834 3196 eis
1864 3140 2078 3209 dicant,

439 3234 543 3287 aut
574 3227 798 3300 legatos
828 3229 1019 3284 venire
1074 3227 1447 3296 simulantes,
1505 3245 1658 3301 saepe
1709 3229 2082 3287 dominorum

441 3333 685 3376 suorum
741 3316 1104 3374 adversarios
1165 3317 1514 3388 pugionibus
1571 3319 1870 3388 occidunt,
1922 3319 2086 3378 nulla

445 3406 808 3464 difﬁcultatis
841 3411 900 3462 et
929 3405 1209 3478 explorati
1269 3407 1548 3480 supplicii
1605 3408 1828 3464 ratione
1865 3409 2084 3482 habita,

444 3496 675 3555 etiamsi
707 3494 955 3552 alterum
985 3511 1100 3550 non
1131 3495 1470 3552 occiderint.

2183 1894 2398 1958 Μυσῶν,
2431 1889 2516 1945 ἐπ’
2545 1889 2742 1954 ἀλλοις
2770 1890 2955 1965 τρέπει
2996 1891 3090 1946 τὸν
3139 1895 3287 1947 νοῦν.
3334 1897 3458 1960 Νῆα
3491 1892 3598 1965 γὰρ
3631 1891 3833 1965 ἐξαρτυ-

2183 2000 2278 2042 σας
2303 1977 2513 2054 εὐπαγῆ
2543 1999 2602 2034 τε
2630 1981 2722 2036 καὶ
2746 1979 3134 2060 νεογόμφωτον
3159 1981 3250 2036 τὸν
3274 1978 3453 2036 πλοῦν
3479 1980 3536 2041 ἐς
3563 1979 3835 2037 Παλαιστί-

2180 2091 2279 2138 νην
2311 2067 2483 2142 ἔθετο,
2535 2069 2627 2124 καὶ
2682 2073 2750 2142 τῇ
2807 2070 2968 2146 Τύρῳ
3023 2069 3402 2146 προσορμίσας
3435 2071 3538 2125 καὶ
3569 2072 3714 2146 παρᾶ
3736 2075 3832 2127 τῶν

2181 2157 2354 2213 ἐκεῖσε
2383 2158 2660 2232 ὁμογενῶν
2695 2160 2787 2214 οἷά
2831 2179 2916 2220 τις
2947 2158 3204 2234 κρείττων
3237 2159 3453 2235 ὁραθείς
3497 2159 3592 2214 καὶ
3620 2158 3825 2230 προσδε-

2183 2249 2338 2326 χθεὶς
2372 2245 2600 2320 δύναμις
2647 2253 2766 2311 τοῖς
2825 2255 3166 2324 Σαρακηνοῖς
3226 2248 3581 2328 ἆντεφέρετο,
3625 2251 3826 2320 Ἰόππην

2185 2339 2692 2414 ἱπανασωσάμενος,
2723 2340 2760 2410 είς
2789 2345 2882 2395 νῦν
2931 2347 3066 2397 "Axs
3124 2339 3367 2419 λέγεται,
3399 2342 3498 2397 καὶ
3535 2341 3716 2419 ἐτέρας
3743 2341 3833 2397 πό-

2184 2427 2302 2490 λεις
2325 2433 2440 2491 τοῖς
2471 2427 2800 2508 ὁμοφύλοις.
2827 2427 3006 2488 Ἀλλᾶ
3026 2431 3130 2506 γὰρ
3154 2430 3240 2486 ὅτι
3267 2431 3359 2486 καὶ
3383 2434 3455 2486 τὰ
3486 2429 3605 2487 ἐκεῖ
3623 2433 3834 2506 πάσχειν

2183 2522 2368 2580 κακῶς
2389 2518 2689 2595 ἀφώριστο,
2711 2517 2878 2576 ἄλλοι
2903 2541 2959 2575 τε
2985 2518 3150 2576 καλοὶ
3172 2521 3263 2576 καὶ
3286 2526 3538 2598 γενναῖοι
3563 2519 3832 2576 ἀπώλοντο

2186 2608 2486 2684 στρατηγοὶ
2539 2611 2640 2679 τὴν
2698 2610 2834 2664 κατὰ
2889 2609 3130 2683 Χριστὸν
3194 2609 3409 2675 ἑκόντες
3471 2613 3569 2666 καὶ
3629 2610 3832 2670 οἰκείοις

2187 2696 2444 2772 ὀψωνίοις
2498 2697 2719 2774 πορείαν
2774 2697 3147 2772 στειλάμενοι,
3223 2699 3315 2756 καὶ
3368 2699 3543 2763 αὑτὸς
3597 2698 3656 2756 δι
3703 2699 3833 2755 ἆναιο

2188 2791 2358 2862 ρεῖται
2419 2787 2523 2843 ὑπὸ
2583 2788 2864 2858 Χασισίου,
2923 2791 3118 2865 μικρόν
3146 2811 3198 2844 τι
3236 2784 3519 2861 ἐπιϐιοὺς,
3578 2791 3666 2846 καὶ
3723 2789 3830 2844 ὅσον

2185 2883 2376 2952 πεῖραν
2405 2883 2507 2947 τῆς
2543 2876 2708 2932 αὑτοῦ
2739 2875 2988 2954 ἀνδρείας
3029 2899 3090 2934 τε
3147 2880 3235 2934 καὶ
3283 2881 3616 2958 φρονήσεως
3669 2876 3835 2934 δοῦναι

2185 2970 2302 3028 τοῖς
2359 2969 2686 3040 Ἀγαρηνοῖς
2743 2967 2834 3022 καὶ
2889 2969 3280 3040 θαυμεσθῆναι.
3342 2969 3512 3032 Γὲνος
3559 2965 3617 3024 δέ
3645 2967 3768 3024 εἰσιν
3791 2967 3837 3022 οἱ

2187 3052 2442 3111 Χασίσιοι
2509 3055 2780 3126 τοσαύτην
2851 3055 3148 3132 λεγόμενον
3219 3063 3405 3131 τηρεῖν
3477 3063 3565 3130 τῷ
3628 3057 3838 3136 ἄρχοντι

2191 3147 2336 3224 σφῶν
2371 3143 2644 3216 συστολὴν
2697 3147 2790 3201 καὶ
2836 3150 2944 3201 τῶν
2995 3144 3400 3220 ἐντελλομένων
3431 3147 3747 3222 πλήρωσιν,
3772 3147 3837 3207 ὡς

2184 3233 2276 3290 καὶ
2335 3236 2472 3290 κατὰ
2527 3241 2791 3310 κρημνῶν
2842 3237 3001 3292 ὠθεῖν
3041 3235 3264 3298 ἑαυτοὺς
3296 3235 3513 3292 ἐκείνου
3548 3237 3628 3294 ἐπ’
3658 3237 3833 3316 ὀφρύσι

2191 3322 2477 3388 νεύσαντος
2557 3326 2720 3400 μόνον
2793 3325 2885 3381 καὶ
2979 3326 3230 3405 χορεύειν
3304 3327 3441 3382 κατὰ
3521 3330 3688 3406 ξιφῶν
3755 3325 3834 3382 καὶ

2195 3409 2402 3468 ὑδάτων
2479 3413 2848 3480 καθάλλεσθαι
2937 3415 3031 3471 καὶ
3117 3416 3258 3472 κατᾶ
3329 3416 3508 3488 πυρὸς
3583 3417 3835 3484 ἀκοντίζε-

2195 3513 2338 3566 σθαι.
2371 3502 2596 3576 Ἀμέλει
2625 3525 2711 3560 τοι
2737 3505 2828 3560 καὶ
2885 3505 3022 3580 πρὸς
3082 3502 3176 3568 οὕς
3233 3503 3294 3560 ἂν
3351 3503 3618 3562 ἐθέλωσιν
3657 3508 3704 3560 οἱ
3731 3510 3828 3561 τῶν

439 3583 722 3642 Χασισίων
781 3582 1180 3655 ἐξουσιάζοντες
1237 3581 1638 3639 ἀποστέλλουσι
1693 3585 1820 3649 τοὺς
1904 3591 2039 3660 σφᾶς
2093 3588 2502 3663 ἀναιρήσοντας
2569 3593 2620 3647 oi.
2679 3589 2738 3647 δὲ
2791 3593 2866 3656 ὡς
2925 3591 3104 3670 φίλιοι
3160 3594 3478 3668 προσιόντες
3535 3595 3570 3664 ἢ
3624 3594 3706 3648 καὶ
3757 3593 3824 3654 ὡς

437 3671 710 3745 ἐπήλυδες
739 3673 966 3762 ἐκείνοις
998 3672 1244 3750 ὀφθέντες
1271 3673 1307 3744 ἢ
1337 3679 1526 3762 τιτῶν
1559 3675 1905 3747 καθηκόντων
1941 3677 2108 3734 εἰπεῖν
2135 3674 2380 3760 ἔχοντες,
2414 3683 2450 3752 ἢ
2480 3683 2572 3738 καὶ
2603 3684 2678 3745 ὡς
2707 3679 2960 3760 πρέσϐεις
2991 3683 3040 3758 ἐξ
3073 3685 3242 3740 ἐθνῶν
3271 3685 3425 3755 ἥκειν
3455 3685 3814 3758 πλαττόμενοι,

433 3762 739 3852 πλήττουσι
771 3761 1042 3824 πολλάκις
1099 3760 1464 3840 παραξιφιὸίῳ
1518 3765 1607 3818 καὶ
1665 3769 1953 3852 θανατοῦσι
1999 3767 2128 3830 τοὺς
2179 3774 2296 3834 τοῖς
2351 3771 2561 3847 κυρίοις
2590 3772 2764 3828 αὑτῶν
2803 3773 3150 3852 άντίφρονας,
3183 3776 3261 3847 μή
3295 3775 3358 3830 τὸ
3392 3779 3490 3830 τοῦ
3521 3775 3803 3848 πράγματος

432 3847 666 3927 ἐργῶδες
696 3849 844 3913 ’ὀλως
878 3849 930 3906 ἐν
960 3855 1037 3923 νῷ
1071 3849 1433 3928 βαλλόμενοι,
1469 3848 1604 3923 μηδ’
1630 3853 1715 3907 ὅτι
1743 3846 1804 3907 ἔκ
1830 3873 1928 3908 του
1959 3850 2230 3925 δήπουθεν
2257 3846 2704 3934 ἀναιρεθήσονται
2732 3865 2861 3938 γοῦν
2894 3846 3072 3931 αὑτοὶ,
3101 3846 3194 3917 καὶ
3226 3863 3304 3936 μὴ
3337 3863 3430 3917 τὸν
3455 3846 3800 3934 ἐτέρουνκατα-

433 3938 766 4017 πραξάμενοι
797 3941 1040 4005 θάνατον.

503 4034 830 4104 imperator
858 4048 990 4088 vero
1021 4031 1251 4088 circiter
1279 4031 1371 4087 bis
1418 4031 1576 4088 mille
1625 4032 1869 4089 delectis
1921 4033 2082 4103 viris,

433 4124 650 4197 quibus
678 4141 840 4180 arma
869 4129 927 4180 et
983 4123 1212 4180 veloces
1268 4139 1450 4196 equos
1509 4125 1687 4190 dedit,
1725 4125 2084 4182 Taurocomo

437 4211 512 4268 ad
536 4213 740 4270 hostes
769 4213 1074 4269 contendit
1105 4231 1120 4280 ;
1153 4213 1574 4286 impedimenta
1603 4213 1820 4283 omnia,
1852 4213 1999 4270 lixas
2029 4220 2088 4272 et

435 4301 670 4357 calones
701 4299 1139 4372 Adrianopolim
1175 4303 1255 4358 ire
1279 4302 1480 4372 jussit.
1542 4305 1766 4358 Interea
1819 4303 2083 4375 specula-

434 4395 591 4446 tores
622 4390 776 4448 ΜΒ
810 4391 1083 4446 nuntiant
1113 4389 1358 4448 Blachos
1389 4391 1515 4446 loca
1547 4391 1776 4448 Larders
1836 4392 2084 4449 ﬁnitima

433 4483 680 4548 vastare,
749 4495 815 4534 ac
893 4479 1092 4535 multis
1196 4481 1406 4536 occisis
1499 4496 1606 4536 nec
1708 4482 2082 4552 paucioribus

435 4567 622 4636 captis
653 4583 785 4622 cum
849 4571 1104 4624 maxima
1164 4571 1354 4639 praeda
1421 4569 1720 4626 discedere
1777 4571 2078 4628 statuisse.

437 4655 621 4725 Igitur
651 4659 824 4710 noctu
859 4657 1126 4711 classicis
1155 4657 1500 4714 canentibus
1545 4675 1862 4715 conscenso
1910 4675 2080 4732 equo,

437 4760 568 4800 cum
599 4745 669 4798 ad
731 4743 1036 4800 Basternae
1093 4745 1224 4817 (loci
1284 4762 1494 4801 nomen
1547 4747 1658 4819 est)
1707 4750 2084 4820 pervenisset,

435 4831 601 4890 nullo
619 4832 786 4888 hoste
811 4840 1144 4904 apparente,
1177 4836 1372 4907 quiete
1389 4834 1718 4890 refocillavit
1744 4837 2080 4895 exercitum.

433 4924 652 4982 Triduo
682 4928 816 4995 post
846 4923 984 4980 inde
1014 4925 1333 4998 digressus,
1371 4941 1541 4980 mane
1581 4924 1828 4980 Berroen
1882 4943 2083 4983 versus

433 5016 547 5071 iter
573 5013 922 5083 ingreditur.
957 5015 1099 5070 Cum
1135 5015 1397 5096 nondum
1430 5022 1682 5086 quatuor
1723 5031 2082 5088 parasangas

437 5103 838 5176 processisset,
871 5103 1009 5159 mali
1078 5105 1319 5160 nuntius
1375 5103 1561 5173 adest,
1620 5103 1796 5160 homo
1841 5105 2081 5176 quidam

433 5193 758 5265 etpeditus,
798 5196 899 5266 qui
965 5191 1175 5264 spiritu
1245 5209 1314 5248 ex
1391 5191 1761 5249 festinatione
1836 5193 2082 5251 subinde

433 5283 758 5354 interrupto
827 5287 1026 5336 narrat
1083 5281 1282 5338 hostes
1339 5297 1452 5337 non
1515 5281 1711 5354 procul
1767 5280 1903 5337 inde
1959 5298 2082 5338 cum

437 5371 628 5440 prteda
659 5372 888 5440 reverti,
921 5387 988 5427 ac
1021 5371 1372 5441 pedetentim
1407 5371 1525 5427 fere
1582 5372 1872 5439 incedere,
1925 5372 2080 5444 quod

437 5462 495 5512 et
527 5459 751 5514 nulium
777 5461 1002 5516 hostem
1037 5461 1400 5517 invenissent
1427 5467 1486 5516 et
1547 5461 1841 5518 manubiis
1884 5462 2081 5517 onusti

437 5551 650 5601 essent.
675 5549 862 5610 Quare
895 5549 1090 5604 statim
1117 5549 1368 5606 exercitu
1393 5549 1545 5604 inter
1565 5550 1744 5606 duces
1768 5551 2081 5606 distributo

437 5641 496 5694 et
517 5633 638 5692 acie
671 5637 970 5706 instructa,
1001 5655 1128 5696 eam
1187 5641 1340 5697 viam
1399 5640 1614 5698 institit
1641 5658 1758 5714 qua
1812 5641 2080 5699 incedere

2262 4033 2427 4092 Ἀλλ’
2457 4038 2486 4093 ὁ
2520 4039 2614 4112 μὶν
2677 4039 2931 4115 βασιλεὺς
2987 4041 3110 4113 περὶ
3171 4037 3485 4116 δισχιλίους
3525 4037 3816 4097 ἐπιλέκτους

2193 4123 2508 4201 ἀποκρίνας,
2540 4128 2628 4182 καὶ
2682 4129 2900 4186 τούτοις
2967 4126 3115 4184 ’ὸπλα
3179 4129 3268 4184 καὶ
3322 4129 3534 4193 ’ίππους
3561 4122 3823 4186 ὠκύποδας

2196 4210 2438 4284 διαδοὺς,
2481 4215 2738 4291 ὥρμησεν
2797 4216 2859 4274 ἐκ
2911 4223 3010 4274 τοῦ
3061 4219 3440 4294 Ταυροκώμου
3487 4219 3624 4294 πρὸς
3649 4217 3706 4270 τὸ
3733 4235 3829 4270 πο-

2197 4303 2414 4377 λέμιον,
2447 4306 2547 4372 τήν
2605 4304 2652 4360 δ’
2702 4307 3012 4376 ἀποσκευήν
3060 4313 3235 4363 πᾶσαν
3274 4308 3491 4363 καὶτὸν
3517 4305 3824 4383 ὑπηρετικὸν

2194 4387 2368 4468 ὄχλον
2429 4392 2482 4458 ἐς
2541 4391 2997 4471 Ἀδριανούπολιν
3055 4395 3262 4461 ἱκέσθαι
3323 4393 3655 4472 διατετάχειο
3695 4395 3741 4450 οἱ
3778 4391 3826 4447 δὲ

2191 4479 2524 4556 ἠγγέλλοντο
2555 4483 2702 4559 παρὰ
2739 4487 2846 4539 τῶν
2893 4485 3150 4560 ὀπτῆρων
3191 4485 3258 4540 τὰ
3302 4486 3428 4558 περὶ
3459 4487 3554 4542 τὸν
3605 4481 3826 4558 Λαρόἐαν

2191 4570 2546 4650 κατατρέχειν
2597 4573 2802 4647 χωρία,
2860 4575 2951 4629 καὶ
3009 4573 3300 4636 πλείστους
3347 4574 3440 4646 μὶν
3475 4572 3829 4634 ἀπεκτονέναι,

2191 4659 2292 4716 οὐκ
2346 4659 2604 4726 ἐλάττους
2679 4660 2737 4716 δὶ
2801 4663 3208 4736 συνειληφέναι,
3272 4664 3363 4718 καὶ
3423 4665 3498 4728 ὡς
3559 4663 3832 4732 ἐπαναζευ-

2189 4749 2367 4825 γνύειν
2429 4749 2693 4826 ἐγνώκασι
2751 4750 2977 4808 πολλῶν
3037 4751 3489 4827 ἐμπεπλησμένοι
3544 4752 3831 4832 ὠφελειῶν.

2193 4837 2474 4914 Ἐννύχιος
2538 4839 2719 4894 τοίνυν
2780 4840 2882 4896 ὑπὸ
2933 4839 3202 4918 σάλπιγγι
3259 4843 3350 4898 τὸν
3407 4840 3584 4899 ἵππον
3643 4835 3832 4900 ἀναϐὰς

2192 4926 2501 5002 ἐπορεύετο,
2551 4929 2642 4984 καὶ
2699 4930 2836 4985 κατὰ
2884 4931 3052 4986 τόπον
3108 4932 3225 4986 τινὰ
3273 4931 3577 5006 Βτστέρνας
3608 4931 3830 5006 λεγόμε-

2191 5038 2282 5072 νον
2331 5017 2631 5097 ἀφιγμένος
2683 5016 3031 5074 διανέπαυσεν
3078 5021 3250 5076 ἐκεῖσε
3297 5023 3398 5090 τήν
3442 5023 3717 5098 στρατιὰν,
3759 5019 3828 5092 μὴ

2187 5105 2624 5184 ἐπιφαινομένων
2683 5113 2790 5162 τῶν
2848 5107 3158 5182 πολεμίων.
3190 5110 3340 5164 Μετά
3367 5107 3424 5166 δὲ
3451 5116 3598 5185 τρεῖς
3629 5109 3828 5181 ἡμέρας

2190 5199 2276 5272 [Ρ.
2335 5198 2462 5270 254]
2519 5195 2717 5252 ἐκεῖθεν
2785 5196 2997 5270 ἀπάρας
3072 5205 3172 5268 τῆς
3247 5198 3374 5254 εύθὺ
3448 5206 3550 5269 τῆς
3607 5197 3828 5274 Βεῤῥὸης

2191 5281 2695 5360 ἐπορθρευσάμενος
2745 5284 2970 5354 ἥπτετο.
3031 5283 3188 5343 Ἀλλ’
3263 5285 3419 5341 οὔπω
3493 5286 3834 5360 παρασάγγας

2193 5373 2440 5448 παρῆλθε
2469 5371 2748 5448 τέσσαρας,
2799 5372 2888 5428 καί
2931 5395 3014 5436 τις
3063 5372 3302 5445 εὔζωνος
3353 5374 3627 5454 ἐφίσταται
3679 5375 3829 5447 ἀνὴρ.

2187 5461 2250 5516 τὸ
2279 5468 2380 5531 τῆς
2408 5459 2668 5538 ἀγγελίας
2699 5457 2845 5540 ἔχων
2907 5461 2994 5517 ἐπὶ
3051 5467 3148 5518 τοῦ
3204 5465 3503 5539 προσώπου
3533 5463 3718 5534 κακὸν,
3745 5458 3828 5515 καὶ

2189 5548 2345 5625 ἔλεγε
2415 5550 2480 5608 τὸ
2554 5554 2766 5624 πνεῦμα
2825 5551 3088 5626 συχνάκις
3147 5552 3584 5626 ἀνακαλούμενος
3654 5551 3828 5627 ἀγχοῦ

2188 5660 2294 5696 που
2373 5641 2487 5715 μετ’
2562 5638 2954 5716 αἰχμαλωσίας
3009 5643 3071 5698 τὸ
3111 5641 3402 5700 ἀντίπαλον
3461 5637 3823 5721 ὑποστρέφειν,
