4112 6218
311 385 425 447 761

1448 388 1548 446 DE
1594 386 1902 451 lSAACIO
1946 392 2263 453 ANGELO
2312 393 2454 454 LIB.
2502 395 2575 457 ll.

3601 387 3722 469 76.2

308 519 598 593 ἀνειμένην
625 517 693 573 τὰ
719 515 950 573 πλεῖστα
980 519 1076 585 τὴν
1105 516 1324 592 πορείαν
1369 518 1485 574 κατ’
1536 520 1702 593 ἄμφω
1760 540 1919 575 ποιου

2067 524 2263 581 hostes
2294 526 2642 584 ferebantur.
2703 529 2857 591 Quos
2917 528 3016 585 ubi
3073 528 3325 586 vidimus
3370 537 3427 586 et
3456 533 3714 589 vicissim

311 629 496 683 μενον,
556 607 640 662 ὅτι
696 628 755 661 τε
812 605 1003 661 οὐδένα
1062 608 1295 682 ἑώρακεν
1360 607 1684 687 ἀντίμαχον,
1741 610 1829 664 καῖ
1884 610 1957 671 ὡς

304 693 579 773 ἔμφορτον
656 693 1010 768 παμπόλλων
1088 696 1367 768 λη’ίσμῶν.
1444 696 1648 753 Αὐτίκα
1698 704 1829 774 γοῦν
1879 699 1958 754 εἷς

303 787 578 859 ἡγεμόνας
632 786 695 838 τὸ
754 784 906 838 συνὸν
959 784 1146 858 ἐκείνῳ
1205 783 1403 841 διελῶν
1472 784 1797 862 στράτευμα,
1867 786 1955 842 καὶ

301 881 498 951 σχῆμα
564 875 913 949 παρατάξεως
1002 875 1244 947 θέμενος,
1310 872 1507 929 ὥδευεν
1596 874 1800 944 ἐκείνην
1886 873 1952 945 ἤν

299 963 619 1039 ὁδοιπορεῖν
660 962 878 1039 ἐλέγετο
945 964 1006 1018 τὸ
1066 962 1351 1038 πολέμιον.
1411 965 1561 1020 Έπεὶ
1625 962 1681 1019 δὲ
1734 965 1950 1040 ε’ἰδομέν

295 1076 354 1109 τε
392 1053 483 1110 καὶ
535 1052 837 1127 ἒθεάθημεν
886 1052 1240 1127 (συνειπόμην
1294 1054 1397 1130 γὰρ
1443 1054 1533 1108 καὶ
1583 1052 1743 1115 αὐτὸς
1797 1055 1955 1128 βασι-

296 1142 385 1198 λεῖ
443 1142 1008 1219 ὑπογραμματεύων),
1066 1143 1116 1197 οἱ
1177 1142 1270 1215 μὲν
1330 1142 1527 1197 Σκύθαι
1584 1144 1674 1198 καὶ
1735 1145 1951 1223 Βλάχὸι

294 1233 396 1300 τὴν
425 1231 579 1289 λείαν
637 1231 972 1308 παραδόντες
1026 1232 1166 1287 τισὶν
1228 1232 1279 1303 ἐξ
1338 1231 1513 1287 αὐτῶν
1572 1233 1785 1309 μοίραις
1835 1232 1949 1288 ἐκέ-

294 1321 491 1379 λευσαν
568 1321 664 1382 τὰς
741 1320 1149 1394 ἐπιτομωτέρας
1225 1321 1577 1395 ἀναλέγεσθαι
1626 1328 1735 1379 τῶν
1806 1321 1947 1378 ὁδῶν

290 1412 388 1466 καὶ
439 1414 536 1479 τήν
588 1411 809 1485 πορείαν
865 1410 1168 1479 ἐπιτείνειν,
1218 1407 1323 1473 ἓως
1370 1406 1431 1466 ἅν
1481 1409 1790 1491 ἐφάψωνται
1840 1417 1947 1467 τῶν

292 1500 570 1574 ὀρειαίων·
605 1502 657 1555 οἱ
700 1499 748 1555 δ’
803 1499 971 1555 ἄλλοι
1025 1500 1408 1578 συστραφέντες
1471 1498 1729 1576 ἐδέχοντο
1785 1501 1947 1556 εὐπε-

288 1594 405 1651 τῶς
434 1590 561 1652 τοὺς
603 1591 721 1644 κατ’
772 1590 947 1644 αὐτῶν
1006 1589 1415 1662 ἱππαζομένους
1470 1590 1802 1663 Ῥωμαίους,
1852 1591 1944 1646 τὸν

288 1681 518 1757 πάτριον
552 1683 737 1743 αὐτοῖς
768 1685 856 1736 καὶ
897 1677 1073 1751 ἠθάδα
1119 1682 1321 1756 τρόπον
1381 1683 1709 1756 μαχόμενὸν
1764 1680 1944 1736 ἔπιόν-

288 1791 378 1831 τες
413 1771 516 1846 γὰρ
547 1770 776 1847 ἠφίεσαν
813 1768 1051 1844 βέλεμνα
1105 1770 1195 1824 καὶ
1245 1767 1430 1845 δόρασι
1480 1769 1943 1846 προσεπλὲκοντο,

2072 617 2364 685 conspecti
2398 634 2606 672 sumus
2656 620 2814 686 (nam
2872 624 2932 673 et
2987 635 3092 690 ego
3152 619 3560 689 imperatorem
3618 640 3717 693 pro

2071 706 2264 760 scriba
2294 705 2670 783 comitabar),
2692 711 2914 778 Scythis
2948 717 2999 761 et
3034 705 3251 767 Blacbi.
3286 708 3480 778 prteda
3512 712 3719 765 robor-

2070 793 2229 849 tibus
2263 794 2480 864 aliquot
2512 812 2755 851 suorum
2786 796 2999 851 tradita
3030 813 3129 852 eos
3161 799 3511 870 compendia
3545 800 3717 854 itine-

2070 899 2199 937 rum
2233 886 2441 938 sectari
2474 894 2527 939 et
2568 883 2909 953 accelerare,
2959 886 3100 940 dum
3154 892 3433 941 montana
3476 888 3720 959 attinge-

2068 974 2545 1042 rentJusscrunt,
2578 974 2730 1028 519
2768 973 3345 1045 Reliquiconglobati
3384 974 3711 1031 Romanum

2065 1064 2388 1132 equitatum
2452 1062 2740 1133 intrepide
2795 1068 3161 1133 exceperunt,
3224 1064 3408 1135 patrio
3443 1063 3558 1118 ritu
3601 1081 3715 1135 pu-

2063 1156 2334 1224 gnantes-
2372 1151 2515 1206 Nam
2550 1169 2681 1207 cum
2727 1152 3093 1221 accederent,
3142 1151 3385 1223 sagittas
3444 1152 3715 1222 conjicie-

2065 1242 2199 1296 bant
2231 1247 2288 1296 et
2316 1240 2501 1296 hastis
2560 1242 3108 1311 congrediebautur.
3170 1242 3347 1297 Paulo
3406 1258 3537 1298 vero
3580 1245 3713 1314 post

2063 1331 2279 1402 impetu
2317 1331 2372 1386 in
2411 1332 2604 1401 fugam
2639 1346 2939 1395 converso,
2973 1330 3242 1385 hostibus
3266 1332 3335 1384 ad
3364 1347 3711 1400 persequen-

2062 1422 2200 1474 dum
2230 1420 2496 1484 irritatis,
2533 1437 2738 1475 rursus
2799 1418 2984 1473 instar
3039 1419 3342 1474 volucrum
3400 1419 3590 1475 subito
3633 1436 3717 1475 re-

2062 1510 2202 1564 versi
2264 1510 2506 1566 adversa
2563 1511 2749 1565 fronte
2805 1508 2993 1564 multo
3055 1508 3262 1563 fortius
3327 1509 3709 1565 dimicabant.

2059 1598 2180 1661 Quo
2212 1614 2364 1669 saepe
2398 1599 2545 1654 facto
2568 1615 2693 1653 cum
2712 1599 2833 1665 jam
2860 1599 3192 1667 superiores
3224 1602 3441 1663 essent,
3465 1597 3709 1654 omissis

2061 1687 2176 1743 illis
2208 1687 2565 1742 anfractibus
2622 1687 2852 1759 gladios
2899 1689 3296 1742 strinxerunt:
3345 1691 3401 1741 et
3441 1686 3709 1741 horribili

2058 1775 2311 1832 clamore
2332 1774 2562 1832 sublato
2585 1776 2739 1832 dicto
2763 1776 2938 1831 citius
2963 1776 3018 1829 in
3052 1776 3342 1830 Romanos
3386 1774 3706 1840 irruerunt,

290 1860 429 1933 μετᾶ
464 1859 644 1934 βραχὺ
703 1856 760 1914 δὲ
807 1854 1205 1934 μεταϐαλόντες
1255 1862 1354 1931 τήν
1406 1860 1585 1932 ὁρμὴν
1634 1859 1710 1919 εἷς
1766 1862 1935 1937 φυγὴν

2056 1872 2112 1921 et
2143 1871 2473 1938 pugnantes
2504 1872 2561 1921 et
2591 1866 2877 1939 fugientes
2905 1881 2975 1921 ex
3024 1881 3187 1936 atque
3238 1865 3595 1920 occiderunt.
3627 1866 3707 1920 Ac

288 1946 384 2002 καὶ
429 1945 780 2002 καταδιώκειν
831 1946 1008 2002 ὀπίσω
1061 1949 1205 2025 σφῶν
1257 1948 1333 2011 ὡς
1379 1945 1628 2026 φυγάδων
1683 1948 1744 2002 τὸ
1793 1948 1937 2011 ἀνθι-

290 2036 560 2109 στάμενον
636 2035 988 2112 ἐρεθίζοντες,
1065 2038 1215 2099 αὗθις
1291 2037 1364 2100 ὡς
1439 2035 1568 2092 οὐδὲ
1614 2038 1794 2108 πτηνὰ
1847 2039 1941 2091 τὸν

286 2123 424 2200 ἆέρα
457 2125 716 2198 τέμνοντα
746 2126 814 2180 τὰ
855 2131 1003 2181 νῶτα
1051 2125 1129 2187 εἷς
1175 2128 1276 2196 τήν
1325 2132 1432 2181 τῶν
1491 2127 1667 2199 ’ὄψεων
1723 2146 1939 2200 μετατι-

287 2216 512 2289 θὲμενοι
544 2216 732 2291 χώραν
788 2214 1011 2271 ἐνώπιοι
1068 2221 1185 2279 τοῖς
1235 2214 1476 2271 ἐπιοῦσιν
1522 2213 1799 2291 ἐμάχοντο
1849 2215 1939 2270 καὶ

286 2304 498 2379 πολλῷ
553 2306 922 2383 γενναιότερον
967 2304 1381 2361 συνεπλέκοντο.
1431 2307 1533 2362 Καὶ
1582 2310 1747 2360 τοῦτο
1798 2303 1939 2360 πολ-

287 2393 451 2454 λάκις
526 2395 913 2465 πεποιηκότες,
990 2393 1066 2455 ὡς
1140 2389 1249 2462 ἤδη
1325 2397 1433 2448 τῶν
1471 2392 1762 2466 Ῥωμαίων
1803 2396 1935 2461 ἦσαν

284 2483 754 2558 ἰπικρατὲστεροι,
786 2481 958 2539 οὐκέτ’
1000 2481 1310 2557 ἐμέμνηντο
1344 2488 1448 2538 τῶν
1492 2481 1738 2553 ἑλίξεων,
1791 2480 1938 2537 ἀλλὰ

277 2574 351 2628 τὰ
385 2572 508 2652 ξίφη
541 2573 923 2650 γυμνώσαντες
968 2570 1055 2627 καί
1109 2593 1228 2627 τινα
1282 2574 1420 2647 βοὴν
1480 2570 1935 2643 ἐκπληκτικωτά-

268 2683 379 2733 την
451 2659 769 2736 ἐκρήξαντες
846 2666 1043 2738 μικροῦ
1124 2662 1213 2717 καὶ
1314 2660 1644 2734 ἐννοήματα)
1736 2661 1930 2736 τάχιον

267 2751 575 2823 Ῥωμαίοις
611 2750 882 2821 ἐνέπεσον,
935 2751 1024 2806 καὶ
1077 2751 1168 2806 τὸν
1228 2750 1542 2826 μαχόμενον
1585 2750 1795 2823 ὁμοίως
1840 2749 1929 2804 καὶ

267 2842 371 2895 τὸν
412 2837 823 2913 δειλαινόμενον
884 2834 1397 2913 καταλαμϐάνοντὲς
1461 2838 1777 2915 ἐξεθὲριζον.
1829 2840 1928 2894 Καὶ

264 2929 405 3007 τάχ’
446 2926 507 2983 ἄν
547 2927 644 2997 τήν
722 2928 843 2983 τότε
915 2928 1124 3003 ἡμέραν
1203 2929 1255 2983 οἱ
1315 2927 1518 2982 Σκύθαι
1595 2927 1730 3003 μέγα
1768 2925 1928 2990 κλέος

267 3018 542 3093 ἀράμενοι
618 3020 1097 3093 κατεκαυχήσαντο
1172 3019 1331 3090 ἡμῶν
1393 3016 1485 3072 καὶ
1554 3016 1673 3090 λαῷ
1735 3017 1927 3096 ἄφρονι

263 3104 486 3169 ὄνειδος
517 3104 916 3182 παρεδόθημεν,
950 3107 993 3162 εἰ
1050 3109 1127 3182 μὴ
1168 3107 1334 3170 αὐτὸς
1379 3101 1719 3177 ἐπεϐοήθησε
1770 3107 1928 3181 βασι-

265 3196 403 3258 λεὺς
444 3191 522 3251 ἔτι
562 3198 661 3266 τήν
720 3197 842 3270 περὶ
898 3197 1061 3251 αὐτὸν
1116 3190 1262 3272 ἔχων
1320 3195 1589 3271 ἀκραιφνῆ
1650 3194 1924 3273 φάλαγγα,

265 3285 331 3341 αἳ
368 3306 429 3341 τε
471 3283 769 3363 σάλπιγγες
828 3284 1077 3360 ὲπίτορον
1130 3283 1471 3355 ἀλαλάξασαι
1530 3285 1618 3340 καὶ
1667 3286 1721 3339 αἱ
1782 3282 1920 3361 χαλ·
1954 3274 1995 3339 C

266 3374 540 3449 κόστομοι
573 3373 821 3436 κώδωνες
863 3373 1201 3451 διηχήσασαι
1233 3376 1299 3430 τά
1337 3396 1397 3431 τε
1453 3380 1561 3431 τῶν
1616 3372 1923 3451 δρακόντων

270 3464 506 3542 ὀφθέντα
546 3464 870 3538 εἰκάσματα,
926 3464 959 3519 ἃ
1006 3464 1093 3521 ἐπὶ
1144 3461 1388 3540 δοράτων
1434 3465 1720 3542 ᾑώρηνται
1774 3485 1925 3541 περι-

272 3550 585 3628 σοόοόμενα
656 3554 945 3628 πνεύμασι,
1019 3554 1147 3618 τοὺς
1212 3554 1516 3628 πολεμίους
1584 3553 1925 3625 κατέπληξαν

273 3646 569 3723 φαντασίαν
610 3644 966 3720 παρασχόντα
1018 3645 1269 3718 μείζονος
1318 3651 1592 3709 στρατιᾶς.
1647 3645 1781 3703 Τότε
1833 3645 1927 3718 μὶν

275 3733 377 3790 οὖν
409 3733 658 3809 βασιλεὺς
694 3734 872 3810 βραχύ
899 3755 953 3789 τι
982 3741 1081 3805 τῆς
1132 3734 1518 3809 αἰχμαλωσίας
1568 3736 1642 3797 ὡς
1697 3735 1755 3789 ἐκ
1803 3734 1929 3789 στό-

273 3843 455 3896 ματος
512 3826 693 3898 θηρῶν
748 3822 1065 3901 ἀφαρπάσας
1121 3819 1388 3879 κατέλαϐε
1444 3826 1544 3894 τήν
1609 3822 1926 3900 Ἀδριανοό-

268 3911 465 3979 πολιν,
541 3911 610 3981 ἢν
689 3913 921 3988 βασίζειν
998 3913 1263 3985 προύθετο
1338 3917 1630 3987 παρεικῶβ·
1708 3918 1814 3967 τῶν
1873 3909 1929 3967 δὲ

275 3997 572 4077 βαρϐάρωε
603 4002 704 4056 οὐκ
734 4000 1104 4076 ἠρεμούντων,
1136 4001 1202 4071 ἢν
1253 4008 1466 4076 παρῆκε
1513 4002 1727 4077 τρέχειν
1778 4001 1930 4066 αὗθις

270 4087 479 4149 ε’ίλετο.
541 4091 638 4145 Καὶ
699 4088 764 4160 δὴ
822 4089 1112 4166 γενόμενος
1170 4091 1304 4146 κατὰ
1362 4090 1602 4167 Βεῤῥόην
1672 4093 1767 4155 τὰς
1820 4095 1930 4146 τῶν

274 4184 501 4245 Σκυθῶν
558 4180 649 4235 καὶ
707 4183 904 4237 Μυσῶν
972 4178 1283 4236 ἀνέστελλεν
1354 4178 1625 4255 ἐκδρομὰς
1709 4180 1799 4234 καὶ
1859 4178 1930 4235 δι’

271 4267 486 4345 ἀνδρῶν
546 4269 643 4343 μὲν
704 4264 1097 4343 ἡκρεόωκότων
1174 4272 1237 4323 τὸ
1304 4274 1650 4345 στρατηγεῖν,
1715 4269 1802 4322 καὶ
1861 4266 1931 4322 δι’

273 4360 471 4415 ἑαυτοῦ
521 4356 580 4413 δὲ
647 4360 756 4434 οὐχ
811 4358 1030 4427 ἥκιστα.
1090 4359 1156 4416 Οἱ
1215 4354 1271 4412 δὶ
1325 4358 1519 4434 καίπερ
1581 4356 1931 4434 ὑφορώμενοι

268 4448 583 4522 Ῥωμαίους
638 4448 729 4502 καὶ
791 4445 1062 4523 βασιλέως
1119 4446 1388 4519 παρόντος
1453 4446 1930 4524 ἐπιστρεφόμενοι,

271 4540 431 4611 ’ὅμως
461 4539 527 4592 αὗ
559 4535 725 4592 πάλιν
759 4535 1099 4600 ἐπετίθενντο
1130 4533 1426 4612 λαθραίως,
1461 4536 1567 4590 ὧδέ
1596 4558 1671 4606 πη
1716 4529 1930 4608 ἐμϐάλ-

2055 1970 2122 2010 co
2154 1956 2247 2010 die
2270 1956 2511 2011 fortasse
2544 1971 2816 2026 magnam
2878 1954 3070 2023 adepti
3121 1952 3365 2023 gloriam
3410 1958 3707 2023 contemp-

2056 2043 2267 2099 tissimi
2302 2043 2496 2115 populi
2531 2042 2696 2098 nobis
2755 2042 3164 2108 insultassent,
3224 2042 3338 2097 nisi
3391 2042 3706 2114 imperator

2052 2150 2181 2188 cum
2220 2132 2502 2204 phalange
2532 2148 2640 2188 sua
2672 2131 2865 2187 adhuc
2889 2131 3116 2203 integra
3165 2128 3618 2201 supervenisset,
3646 2134 3706 2184 et

2052 2223 2327 2277 incitatus
2359 2222 2736 2277 classicorum
2770 2223 2979 2276 cantus
3037 2224 3092 2274 ct
3139 2218 3374 2290 clangor
3420 2218 3698 2273 tubarum

2049 2318 2106 2366 et
2138 2312 2318 2366 rictus
2351 2310 2633 2366 hiantium
2664 2310 3006 2373 draconum,
3040 2307 3225 2363 hastis
3276 2310 3548 2378 suspensi
3580 2310 3639 2362 et
3669 2323 3703 2362 ο.

2045 2401 2236 2458 ventis
2267 2400 2491 2472 agitati,
2535 2400 2731 2456 hostes
2782 2398 3023 2469 majoris
3081 2396 3368 2452 exercitus
3420 2394 3694 2468 opinione

2046 2490 2410 2547 terruissent.
2447 2493 2521 2544 Ac
2554 2495 2689 2544 tunc
2748 2490 3064 2558 imperator
3114 2503 3288 2558 parva
3329 2485 3693 2557 captivorum

2044 2585 2207 2652 parte
2243 2579 2397 2635 velut
2422 2596 2491 2635 ex
2525 2580 2789 2634 faucibus
2852 2578 3105 2632 ferarum
3152 2580 3371 2647 erepta,
3423 2575 3694 2630 instituto

2047 2670 2250 2724 itinere
2282 2669 2526 2736 omisso,
2564 2666 3000 2736 Adrianopolitu
3052 2665 3333 2738 pervenit.
3393 2664 3546 2722 520
3585 2666 3693 2721 Sed

2041 2758 2180 2830 quia
2212 2757 2445 2814 barbari
2479 2774 2590 2813 non
2618 2755 3204 2828 quiescebant,quam
3222 2755 3371 2809 viam
3393 2754 3693 2821 omiserat,

2040 2848 2231 2903 denuo
2288 2862 2523 2901 currere
2581 2845 2892 2913 instituit;
2948 2850 3007 2900 et
3065 2843 3313 2899 Berroen
3373 2844 3694 2915 profectus,

2041 2938 2387 2995 Blachorum
2445 2943 2502 2992 et
2561 2936 2909 3009 Scytharum
2966 2934 3340 2991 excursiones
3393 2951 3526 2989 cum
3586 2948 3692 3005 per

2038 3030 2213 3085 duces
2262 3030 2356 3083 rei
2412 3025 2629 3082 bellicis
2689 3027 2906 3098 peritos
2964 3030 3087 3080 tum
3151 3040 3249 3094 per
3306 3024 3685 3094 semetipsum

2038 3117 2337 3190 repressit.
2372 3116 2482 3180 Qui
2507 3118 2612 3171 etsi
2639 3116 2934 3171 Romanos
2969 3114 3321 3169 verebantur
3349 3115 3410 3167 et
3431 3112 3685 3183 impera-

2036 3208 2183 3262 toris
2202 3205 2567 3278 presentiam
2614 3201 3239 3273 formidabant,tamen
3284 3201 3495 3255 iterum
3532 3200 3685 3255 clam

2037 3296 2491 3359 insidiabantur,
2525 3296 2606 3349 ita
2654 3297 3029 3350 exeurrentes
3083 3296 3147 3346 ut
3196 3307 3403 3364 pugnas
3442 3288 3596 3345 avidi
3628 3293 3686 3345 et

2031 3386 2283 3441 subinde
2337 3383 2710 3458 exspectandi
2770 3383 3105 3438 viderentur
3153 3405 3167 3447 ;
3258 3384 3317 3435 et
3372 3378 3517 3435 alias
3569 3378 3682 3434 alio

2033 3475 2491 3544 transibant,nec
2533 3488 2781 3544 usquam
2801 3470 3211 3528 occasionibus
3243 3471 3500 3525 deerant.
3534 3469 3678 3525 Cum

2031 3564 2347 3634 imperator
2377 3563 2446 3619 ad
2472 3580 2570 3618 eos
2595 3560 2994 3633 reprimendos
3022 3558 3434 3633 AgathOpolim
3474 3573 3679 3628 prope-

2035 3653 2307 3720 rabat,i1li
2343 3669 2522 3725 pagos
2555 3650 2943 3722 Philippopoli
2974 3652 3272 3721 proximos
3324 3645 3631 3702 vastabant
3663 3660 3678 3698 :

2035 3758 2163 3796 cum
2193 3741 2420 3797 afﬂictas
2464 3741 2611 3812 parti
2670 3739 3070 3801 succurrebat,
3136 3736 3215 3791 illi
3261 3751 3326 3791 eo
3379 3733 3682 3788 irruebant

2038 3832 2190 3886 unde
2220 3829 2315 3885 ille
2343 3830 2711 3885 discesserat.
2745 3834 2877 3883 Haec
2910 3828 3054 3882 alter
3087 3826 3263 3881 frater
3294 3829 3448 3878 Asan
3499 3822 3677 3876 facie-

2035 3920 2155 3986 bat,
2182 3919 2353 3974 homo
2400 3917 2853 3988 ingeniossimus
2878 3920 2932 3972 et
2962 3917 3018 3969 in
3071 3915 3243 3969 rebus
3278 3911 3474 3967 dubiis
3505 3910 3684 3967 soler-

2036 4007 2319 4063 tissimus.
2344 4008 2549 4076 Itaque
2606 4005 2919 4074 imperator
2966 4019 3100 4057 cum
3159 4002 3349 4056 denuo
3396 3999 3678 4068 Zagoram

2036 4097 2326 4165 invadere,
2359 4101 2416 4150 et
2471 4099 2758 4166 quantum
2819 4094 3038 4161 liceret,
3108 4090 3435 4163 periculum
3498 4090 3688 4143 facere

2040 4185 2390 4241 instituisset
2420 4201 2491 4239 an
2555 4183 2746 4253 Mysos
2795 4184 2866 4238 ad
2929 4181 3275 4237 deditionem
3337 4177 3686 4250 compellere

2042 4278 2256 4341 posset,
2292 4270 3032 4346 PhilippopoliTriadizam
3068 4270 3367 4340 digressus
3401 4273 3507 4323 est.
3545 4266 3687 4321 Inde

2038 4364 2191 4417 enim
2251 4362 2511 4418 Hmmum
2566 4361 2734 4417 facile
2794 4360 2939 4414 adiri
3004 4373 3192 4430 posse,
3244 4356 3457 4411 alicubi
3510 4355 3682 4411 etiam

2040 4451 2242 4524 planos
2264 4452 2527 4506 tramites
2552 4457 2772 4521 patere,
2802 4449 2937 4504 item
2962 4463 3124 4519 aquae
3149 4445 3371 4501 affatim
3414 4450 3469 4501 et
3501 4444 3685 4516 pabu-

2037 4539 2462 4609 lumjumentis
2485 4545 2791 4611 suppetere
2851 4539 3134 4606 audierat,
3168 4536 3218 4590 si
3250 4534 3383 4607 quis
3416 4551 3482 4591 eo
3533 4541 3679 4590 tem-

275 4627 467 4689 λοντες
499 4628 575 4688 ὡς
634 4625 1101 4699 πολεμησείοντες
1156 4623 1247 4679 καί
1305 4624 1626 4700 καραδοκεῖν
1685 4625 1759 4687 ὡς
1806 4624 1929 4680 ἐπι-

2046 4629 2259 4701 pestive
2314 4630 2795 4702 proficisceretur.
2844 4629 2988 4694 Quia
3044 4644 3178 4682 vero
3260 4626 3473 4681 bruma
3529 4626 3676 4683 521

276 4719 434 4778 όντας
466 4714 666 4778 αὐτοὺς
708 4715 1103 4791 παρεχόμενοι,
1163 4711 1362 4779 ἄλλοθι
1408 4711 1465 4769 δὲ
1516 4709 1929 4788 μεταϐαίνοντες

274 4806 368 4861 καὶ
399 4804 483 4860 ἀεί
510 4826 566 4860 τι
597 4801 828 4877 δρῶντες
860 4802 1138 4883 ἐπιτυχὲς.
1191 4805 1287 4861 Ἦν
1321 4799 1367 4858 δ’
1399 4803 1488 4858 ὅτε
1529 4803 1619 4858 καὶ
1675 4802 1929 4879 βασιλεὺς

279 4897 376 4970 μὲν
410 4895 487 4957 εἷς
519 4891 891 4971 Ἀγαθόπολιν
937 4892 1189 4963 ἣλαυνεν,
1249 4891 1562 4969 ἐπισχήσων
1613 4894 1737 4955 τοὺς
1792 4895 1930 4970 Βαρ-

273 4981 481 5060 ϐάρους
511 4987 620 5039 τῶν
663 4979 970 5058 ἐκδρομῶν,
1022 4982 1177 5037 αὐτοὶ
1230 4979 1286 5036 δὲ
1337 4982 1431 5045 τὰς
1484 4983 1675 5055 κώμας
1725 4978 1931 5057 ἔκειρον

272 5074 332 5129 αἳ
390 5073 627 5148 ἃγχιστα
680 5073 816 5141 ἦσαν
885 5078 985 5141 τῆς
1043 5068 1568 5131 Φιλιππουπόλεως·
1657 5073 1742 5143 [p'
1802 5074 1930 5145 255]

270 5162 544 5221 Κάκείνου
590 5158 729 5234 πρὸς
785 5160 849 5214 τὸ
909 5160 1120 5234 πάσχον
1204 5158 1450 5222 ἐπιόντος
1509 5158 1708 5215 ἐκεῖνοι
1775 5161 1928 5225 αὖθις

267 5249 583 5322 ἐπήλαυνον
617 5248 665 5319 ἐξ
726 5248 800 5303 ὧν
860 5249 888 5304 ὁ
943 5247 1197 5322 βασιλεὺς
1244 5247 1591 5305 ἀπανίστατο.
1648 5254 1825 5306 Ταῦτα
1883 5247 1928 5303 δ’

268 5340 451 5396 ἐποίει
496 5340 684 5413 ἅτερος
729 5341 834 5393 τῶν
898 5334 1145 5413 ἀδελφῶν
1207 5338 1235 5391 ὁ
1292 5338 1474 5409 Ἄσαν,
1533 5337 1797 5416 ἀγχίνους
1856 5337 1930 5391 ὢν

276 5428 647 5506 διαφερόντως
675 5427 772 5482 κᾶν
802 5431 920 5488 τοῖς
952 5425 1179 5501 ἀπόροις
1237 5426 1521 5496 ἐπινοῆσαι
1566 5427 1633 5480 τὰ
1683 5426 1931 5503 ξύμφορα

271 5521 634 5580 ἱκανώτατος.
693 5519 945 5594 Ἐγνώκει
997 5516 1089 5572 οὖν
1125 5518 1152 5572 ὁ
1187 5516 1444 5592 βασιλεὺς
1492 5517 1582 5573 καὶ
1630 5514 1797 5573 πάλιν
1852 5517 1928 5577 εἰς

270 5612 375 5679 τὴν
407 5608 650 5682 Ζαγορὰν
692 5607 975 5677 εἰσελθεῖν,
1032 5608 1122 5661 καὶ
1175 5606 1248 5669 ὡς
1302 5607 1416 5661 οἷόν
1468 5628 1526 5660 τε
1577 5606 1931 5681 πειράσασοαι

273 5698 725 5775 παραστήσασθαι
778 5696 904 5758 τοὺς
965 5696 1205 5759 Μυσούς.
1293 5697 1400 5754 Καὶ
1459 5693 1525 5767 δὴ
1575 5695 1764 5771 ἐξάρας
1825 5696 1932 5752 ἀπὸ

2043 4718 2318 4785 instabat,
2351 4722 2406 4775 et
2428 4719 2669 4774 ﬂumina
2702 4720 2781 4792 (in
2843 4717 3031 4790 gelido
3088 4716 3186 4773 illo
3229 4722 3288 4771 et
3342 4716 3688 4787 septentrio-

2041 4809 2157 4866 nali
2192 4808 2509 4880 prtesertim
2536 4808 2792 4875 climate)
2814 4808 3217 4881 congelabant,
3243 4811 3300 4860 et
3322 4801 3689 4859 densissimas

2040 4902 2202 4957 nives
2245 4916 2354 4954 non
2390 4903 2578 4954 solum
2605 4904 2816 4954 terram
2837 4896 3179 4969 operiebant
3204 4899 3261 4949 et
3290 4893 3466 4948 valles
3493 4888 3683 4960 exple-

2040 4989 2200 5057 bant,
2233 4989 2332 5043 sed
2368 4987 2576 5042 mdium
2614 5002 2846 5059 quoque
2902 4987 3050 5041 fores
3108 4982 3514 5045 obstruebant,
3547 4992 3681 5033 eum

2038 5083 2314 5133 conatum
2348 5076 2404 5130 in
2439 5092 2679 5130 vernum
2716 5081 2944 5143 tempus
2974 5072 3219 5137 distulit,
3242 5080 3298 5126 et
3334 5066 3587 5124 exercitu
3621 5062 3680 5117 in

2039 5167 2140 5221 illa
2170 5166 2464 5237 provincia
2522 5165 2828 5220 hibernare
2868 5167 3058 5233 jusso,
3116 5177 3249 5216 cum
3303 5155 3584 5228 expeditis
3620 5152 3679 5208 in

2039 5254 2235 5309 urbem
2272 5269 2533 5309 reversus
2590 5252 2747 5307 ludis
2805 5250 3173 5305 Circensibus
3229 5252 3283 5302 et
3330 5241 3682 5318 spectaculis

2038 5343 2301 5398 animum
2328 5340 2796 5408 recreavit,Veris
2822 5338 2987 5392 initio
3015 5353 3219 5391 rursus
3242 5341 3445 5391 contra
3494 5331 3683 5400 Mysos

2037 5446 2331 5501 egressus,
2364 5434 2422 5483 et
2447 5428 2633 5483 tribus
2682 5425 2923 5498 integris
2955 5424 3255 5479 mensibus
3288 5423 3343 5477 in
3378 5416 3680 5477 obsidione

2039 5519 2227 5574 Lobizi
2248 5518 2471 5573 castelli
2495 5518 2706 5571 frustra
2729 5530 2861 5569 cum
2888 5513 3136 5568 maximo
3162 5512 3356 5567 labore
3403 5527 3677 5567 consum-

2038 5609 2172 5681 ptis,
2206 5608 2417 5663 infecta
2473 5622 2531 5661 rc
2588 5606 2825 5660 demum
2880 5603 3067 5658 rediit.
3112 5602 3257 5657 Nam
3310 5601 3679 5673 Propontidis

2037 5695 2366 5766 ammnitas,
2420 5692 2768 5751 suavissima
2834 5690 3174 5759 diversoria,
3234 5690 3565 5749 venationes
3621 5696 3680 5747 et
