4116 6206
465 287 588 350 763
1769 287 2077 350 NICETE
2119 284 2547 348 CHONIATE
3747 291 3860 355 ’164

465 419 874 492 equitationes,
937 437 1064 492 quis
1121 419 1274 474 velut
1325 420 1547 477 catenis
1595 421 1991 492 constringere
2020 435 2112 472 so-

2231 410 2736 474 Φιλιππουπόλεως
2775 412 2852 474 είς
2883 409 3232 486 ἷΤριάδιτζαν
3281 413 3655 490 παραγίνεται.
3707 419 3864 476 Ἐκεῖ-

469 509 592 564 lont
619 520 825 566 nostra:
855 511 1045 564 aetatis
1100 508 1502 581 imperatores,
1557 527 1671 566 non
1713 511 1812 564 diu
1841 525 1972 565 cum
2005 507 2120 563 sub

2231 504 2310 559 θεν
2342 503 2450 578 γὰρ
2479 504 2710 573 ἠκηκόει
2763 503 2838 576 μή
2891 499 3294 576 δυσπορεύτους
3359 504 3489 558 εἶναι
3545 507 3678 560 κατὰ
3731 508 3860 564 πολὺ

464 598 560 654 dio
591 615 720 654 esse
751 597 1042 664 sinebant,
1075 598 1173 652 sed
1240 597 1416 652 veluti
1473 598 1658 669 clipeo
1689 598 1910 668 abjecto
1944 597 2108 652 aul‘u-

2231 593 2320 653 τὰς
2370 593 2446 654 εἷς
2503 591 2594 646 τὸν
2636 593 2820 664 Αἷμον
2875 591 3122 668 πορείας,
3181 589 3308 648 ἀλλ’
3355 592 3462 648 ἐσθ’
3511 593 3621 664 ὅπη
3677 597 3764 650 καὶ
3812 597 3860 662 ἐς

460 701 596 756 gere
628 685 934 756 cogebant.
970 684 1092 740 Etsi
1120 689 1314 740 autem
1349 691 1406 741 et
1430 685 1637 742 Asanis
1682 701 1916 742 uxorem
1948 701 2114 755 cepe-

2231 681 2432 744 εὐθείας
2491 679 2823 756 ἀνοίγεσθαι,
2888 681 2980 736 καὶ
3037 677 3185 756 ὕδωρ
3243 681 3379 737 εἶναι
3461 683 3540 745 εἰς
3624 681 3857 760 ἄντλημα

461 775 552 827 rat
580 776 638 826 et
669 773 904 828 fratrem
964 775 1095 844 ejus
1151 773 1434 830 Joannem
1494 776 1755 832 obsidem
1797 777 2112 845 receperat,

2231 770 2558 827 ἱκανώτατον
2615 769 2706 825 καὶ
2764 767 2928 845 χιλὸν
2988 775 3106 832 τοῖς
3167 771 3480 846 ὑποξυγίοις
3540 770 3762 844 ἐνόδιον,
3817 777 3857 831 εί

461 859 852 918 nihilominus
877 867 1068 919 tamen
1102 881 1194 920 res
1225 865 1282 920 in
1309 864 1476 936 pejus
1509 865 1776 920 ruebant.

2231 861 2357 916 κατὰ
2386 860 2570 934 καιρὸν
2599 858 2711 916 ἐκεῖ
2736 881 2819 922 τις
2868 859 3180 937 πορεύοιτο.
3229 861 3320 922 Ὧς
3367 857 3416 916 δ’
3465 861 3546 924 είς
3595 865 3855 938 χειμέριον

468 950 682 1022 τροπὴν
740 951 1109 1025 παρεγκλίνας
1175 951 1408 1021 ἤλαυνεν
1466 950 1651 1022 ἣλιος,
1705 952 1794 1007 καὶ
1846 949 2087 1025 ποταμοὶ
2149 951 2244 1024 μὲν
2313 950 2416 1005 ὑπὸ
2471 953 2683 1026 ψυχους
2743 949 3042 1020 ἐπησσοντο
3099 950 3189 1004 καὶ
3248 949 3436 1012 ἄλλως
3500 951 3716 1027 βορείου
3783 954 3862 1010 καὶ

467 1041 688 1114 ψυχροῦ
741 1043 838 1095 τοῦ
897 1037 1068 1095 ἐκεῖσε
1119 1039 1388 1115 κλίματος
1445 1041 1624 1112 ὃντος,
1699 1040 1838 1117 χιὼν
1921 1037 1978 1095 δὲ
2061 1037 2294 1109 πλείστη
2387 1041 2769 1118 κατενεχθεῖσα
2841 1039 2904 1094 τὸ
2987 1041 3086 1108 τῆς
3145 1039 3368 1114 ἠφάνισε
3445 1039 3758 1116 πρόσωπον,
3808 1043 3861 1098 οὗ

473 1125 644 1200 μόνον
702 1125 961 1198 πλήσασα
1016 1128 1318 1207 φάραγγας,
1378 1128 1523 1186 ἂλλᾶ
1577 1131 1668 1185 καὶ
1728 1131 1892 1204 θύρας
1943 1127 2260 1201 οἰκημάτων
2321 1127 2716 1203 ἐπιζυγώσασα,
2779 1129 3066 1202 ὑπερέθετο
3123 1129 3185 1184 τὸ
3247 1123 3408 1203 ἔργον
3497 1129 3576 1190 είς
3646 1128 3860 1210 ἆνάιρανυ

459 1237 543 1270 σιν
597 1213 779 1290 ἔαρος,
839 1217 930 1271 καὶ
989 1215 1055 1288 δή
1109 1221 1208 1286 τὴ·
1277 1220 1371 1292 μὶν
1432 1219 1684 1294 στρατιὰν
1744 1216 2054 1288 αὺλίζισθαι
2113 1213 2344 1287 διαφῆκε
2400 1216 2534 1271 κατὰ
2589 1217 2689 1286 τήν
2757 1215 2920 1271 ἐκεῖθι
2980 1213 3268 1292 ἐπαρχίαν,
3336 1217 3501 1278 αὐτὸς
3558 1215 3605 1272 δ’
3659 1217 3868 1288 εὔζωνος

451 1305 553 1373 τὴν
619 1302 880 1378 βασιλίδα
929 1326 1064 1360 κατῖι,
1109 1306 1257 1360 αᾶὼν
1325 1304 1566 1381 διεχεῖτο
1617 1305 1804 1362 Ἵππων
1867 1302 2134 1378 ἁμίλλαις
2175 1299 2280 1358 κκαὶ
2332 1303 2606 1376 θεωρείοις
2663 1301 2938 1376 ἐγάννυτο.
2997 1305 3146 1377 Ἅμα
3175 1301 3220 1359 δ’
3253 1304 3349 1377 ἦρι
3412 1301 3634 1381 φανέντι
3703 1304 3866 1376 ἔξεισιν

458 1391 612 1456 αὖθις
658 1393 749 1448 καὶ
807 1395 1010 1466 μέτεισι
1067 1394 1194 1458 τους
1265 1395 1502 1458 Μυσούς.
1559 1393 1762 1458 ’Ὀλους
1820 1395 1912 1449 οὖν
1977 1396 2148 1467 μῆνας
2207 1397 2352 1466 τρεῖς
2412 1390 2710 1464 έξηνυκὼς,
2764 1393 2852 1446 καὶ
2907 1391 3032 1468 περὶ
3090 1393 3188 1460 τήν
3242 1396 3339 1448 τοῦ
3400 1394 3675 1471 φρουρίου
3726 1396 3864 1450 κατά-

461 1499 649 1556 σχεσιν
705 1481 736 1537 6'
793 1479 1060 1554 Λοϐιτζὸς
1121 1483 1475 1554 ἐπιγέκληται
1531 1483 1762 1540 πλεῖστα
1821 1483 2164 1553 πεπονηκὼς,
2221 1479 2408 1543 ἀτελὲς
2464 1481 2528 1536 τὸ
2587 1479 2900 1558 ἐγχείρημα
2954 1480 3045 1536 καὶ
3105 1479 3270 1536 πάλιν
3329 1480 3626 1537 ἀπολιπὼν
3692 1482 3866 1538 ἐκεῖθεν

469 1569 786 1644 μεθίσταται
837 1571 928 1626 καὶ
987 1575 1086 1643 τήν
1147 1571 1405 1649 βασιλίδα
1458 1577 1565 1628 τῶν
1617 1570 1832 1627 πόλεων
1895 1569 2130 1627 εἷ’σεισινο
2190 1569 2246 1625 αἱ
2299 1570 2401 1646 γὰρ
2456 1576 2556 1640 τῆς
2616 1567 2982 1645 Προποντίδος
3055 1572 3276 1646 χάριτες
3346 1571 3436 1626 καὶ
3501 1571 3571 1625 τά
3627 1571 3862 1649 ἐπιτερπῆ

463 1661 584 1714 κατ’
623 1660 793 1729 αὐτὴν
855 1662 1188 1735 σκηνώματα
1245 1663 1313 1718 τά
1371 1683 1428 1717 τε
1483 1659 1776 1736 κυνηγέσια
1830 1659 1921 1715 καὶ
1979 1659 2232 1727 ἱππάσια,
2294 1655 2659 1714 ἀλυσιδοῦντα
2721 1661 2838 1714 οἷον
2891 1658 3020 1720 τοὺς
3102 1657 3158 1721 ἐς
3233 1660 3383 1732 ἡμᾶς
3456 1659 3865 1736 αὐτοκράτορας,

511 1749 526 1768 9
628 1747 654 1768 ιι
854 1749 870 1768 \
1085 1749 1099 1768 ς
1434 1755 1458 1766 σε
1681 1750 1692 1771 9
1764 1750 1780 1772 ι
1993 1749 2004 1768 Ι
2642 1743 2667 1765 ν
2954 1746 2967 1766 θ
3192 1753 3216 1764 υ
3329 1749 3341 1765 η
3435 1748 3484 1768 ι’
3546 1749 3557 1764 ⁸
3696 1749 3708 1768 Ι
3817 1747 3853 1768 αἱ

469 1767 570 1803 ουκ
600 1767 724 1804 ειων
783 1747 871 1804 ἐπι
934 1771 1138 1825 μακρον
1197 1751 1508 1825 θυραυλειν,
1564 1747 1674 1806 ἀλλ
1749 1771 1824 1812 ως
1879 1745 2205 1825 ῥιψάσπιδας
2260 1747 2585 1826 γινομένους
2641 1749 2851 1803 επειθον
2909 1746 3241 1821 αυτομολειν
3297 1769 3374 1811 εις
3421 1769 3584 1805 αυτα.
3635 1751 3764 1806 Τοτε
3813 1769 3863 1806 οε

457 1837 550 1892 καὶ
606 1837 708 1906 τήν
763 1841 860 1892 τοῦ
921 1839 1080 1894 ’Δσὰν
1135 1845 1359 1914 γυναῖκα
1414 1837 1676 1914 κατέσχεν
1735 1839 1764 1893 6
1815 1837 2092 1914 βασιλεὺς,
2145 1835 2234 1892 καὶ
2313 1837 2407 1892 τὸν
2486 1834 2720 1916 ἀδελφὸν
2793 1836 2960 1891 αὐτοῦ
3031 1835 3251 1912 θάτερον
3301 1837 3394 1892 τὸν
3473 1839 3734 1908 Ἰωάννην
3803 1838 3868 1899 εἷς

58 4939 74 4984 ξ’
97 4959 134 4978 φ.

65 4993 78 5006 θ
149 5002 150 5007 ι

58 5043 90 5075 '--
111 5075 124 5082 -

65 5101 80 5122 ἆ
105 5113 110 5120 .

58 5127 76 5182 :"
99 5157 140 5168 ιι

58 5199 78 5238 t:

58 5249 122 5300 ἷκε

58 5319 104 5372 ἐν.

58 5407 112 5446 δι’.

58 5465 108 5504 ha;
133 5477 144 5486 .

58 5519 98 5564 ἢ
139 5517 150 5524 .

58 5565 150 5612 ιῖττν·

58 5611 108 5634 κ

58 5641 134 5688 εσιῃ

58 5685 98 5748 2

58 5747 110 5792 ibi
135 5751 138 5754 ’

58 5787 100 5942 εει

58 5945 96 5968 Ia

57 5945 68 6018 l

77 5989 98 6016 ’ἰ

459 1927 672 2004 ὅμηρον
693 1925 942 2006 εἷ’ληφεν.
979 1927 1154 1985 Ἀλλὰ
1181 1929 1270 1984 καὶ
1301 1929 1474 1992 οὓτως
1503 1927 1592 1984 ἐπὶ
1621 1929 1688 1984 τὰ
1717 1927 1890 2002 χείρω
1929 1927 1995 1982 τὰ
2026 1927 2322 2003 πράγματα
2359 1921 2680 2001 προῦϐαινε.

525 2021 582 2075 2.
613 2019 732 2076 Sub
765 2019 874 2076 hoc
907 2027 1140 2094 tempus
1197 2023 1529 2078 Theodorus
1565 2021 1944 2092 Mangapbas,
1984 2019 2115 2073 Phi-
2148 2023 2192 2086 Β

455 2108 898 2181 ladelphiensis,
931 2127 1177 2182 regnum
1211 2109 1540 2177 affectavit;
1573 2127 1640 2166 ac
1670 2111 1929 2182 primum
1983 2108 2113 2178 ejus

459 2199 625 2256 urbis
655 2199 1142 2272 frequentissima)
1200 2201 1426 2272 plebem
1474 2201 1628 2258 522
1662 2197 2111 2257 audacissimam

457 2287 572 2344 sibi
602 2287 935 2344 conciliavit
965 2293 1024 2344 et
1077 2290 1463 2361 jurejurando
1492 2288 1836 2354 obstrinxit,
1874 2305 1940 2343 ac
1973 2303 2113 2358 pau-

459 2376 628 2434 latim
661 2394 1026 2449 progressus,
1061 2377 1241 2452 Lydis
1285 2380 1563 2436 omnibus
1622 2379 1694 2434 ad
1724 2377 2112 2434 defectionem

461 2463 998 2537 impulsio,regium
1023 2483 1234 2523 nomen
1261 2467 1585 2539 usurpavit.
1606 2467 1824 2522 Deinde
1848 2464 2116 2521 finitimis

463 2566 702 2621 quoque
758 2553 1072 2622 provinciis
1129 2554 1364 2610 tentatis
1428 2558 1764 2626 argenteam
1817 2557 2114 2608 monetam

467 2655 602 2696 cum
637 2657 741 2696 sua
771 2641 1025 2712 imagine
1058 2645 1364 2715 percussit.
1399 2643 1470 2700 Ut
1499 2647 1693 2699 autem
1737 2642 1980 2699 defectio
2011 2659 2114 2698 au-

467 2729 733 2802 gebatur,
781 2736 839 2787 et
898 2737 960 2786 ut
1014 2733 1182 2788 initio
1241 2734 1434 2788 derisa
1491 2735 1698 2800 fuerat,
1759 2732 1842 2788 sic
1907 2731 2118 2788 deinde

468 2819 838 2891 imperatoris
903 2821 1167 2876 animum
1227 2821 1482 2894 graviter
1534 2820 1901 2893 percellebat,
1972 2820 2118 2876 nihil

468 2909 864 2964 cunctandum
889 2915 1048 2966 ratus
1078 2911 1464 2984 Mangapham
1512 2914 1896 2982 cognomento
1929 2909 2113 2966 Moro-

468 2997 814 3054 theodorum
872 3001 945 3052 ob
1004 3015 1211 3069 parum
1271 3015 1581 3071 prosperos
1640 3015 1944 3055 successus
2003 3015 2116 3054 non

466 3085 656 3142 multo
685 3091 815 3156 post
836 3085 1051 3141 dictum
1081 3087 1495 3160 Philadelphia:
1538 3087 1786 3143 obsidet.
1819 3087 1932 3144 Sed
1985 3103 2116 3143 cum

469 3174 672 3229 urbem
707 3174 985 3230 diuturna
1013 3175 1314 3232 obsidione
1351 3178 1423 3234 ad
1466 3179 1820 3234 deditionem
1861 3177 2117 3249 compel-

472 3263 594 3319 lere
623 3280 738 3319 non
788 3270 1002 3337 posset,
1063 3265 1134 3321 iis
1193 3267 1629 3324 conditionibus
1686 3267 2002 3340 paciscitur
2057 3275 2119 3324 ut

469 3351 815 3409 Theodorus
875 3353 1155 3426 depositis
1215 3355 1373 3428 regni
1441 3356 1776 3430 insignibus
1834 3357 2118 3430 privatam

469 3441 652 3498 vitam
684 3447 818 3514 agat
867 3447 932 3498 ut
988 3444 1177 3515 prius,
1237 3446 1388 3502 cives
1440 3463 1574 3502 vero
1625 3447 1676 3504 ei
1731 3451 1973 3521 pareant
2029 3447 2122 3502 cui

474 3531 684 3604 prius;
717 3536 775 3587 et
803 3531 1110 3590 obsidibus
1145 3551 1254 3590 suo
1285 3533 1568 3591 arbitratu
1603 3538 1856 3608 acceptis
1890 3535 1947 3591 in
2000 3552 2120 3592 ma-

477 3635 652 3692 gnam
689 3621 892 3676 urbem
926 3623 1248 3680 revertitur.
1287 3624 1347 3679 ln
1394 3641 1461 3680 ea
1518 3641 1746 3696 quoque
1803 3625 2122 3681 defectione

478 3708 648 3764 multi
675 3709 778 3765 viri
823 3710 998 3766 fortes
1053 3714 1368 3784 perierunt.
1426 3717 1708 3769 Caeterum
1764 3729 1878 3768 non
1939 3712 2122 3768 multo

475 3803 608 3870 post
631 3799 880 3856 Basilius
906 3801 1190 3864 Batatzes,
1224 3803 1469 3857 obscura
1506 3819 1715 3874 genere
1753 3807 1934 3869 ortus,
1970 3802 2121 3858 523

469 3891 670 3943 tamen
704 3889 776 3943 ob
799 3891 1034 3946 ductam
1066 3893 1433 3960 imperatoris
1487 3900 1712 3963 neptem
1765 3891 2122 3947 domesticus

480 3975 731 4033 Orientis
763 3983 819 4033 et
847 3979 1104 4034 Thraciae
1127 3981 1243 4035 dux
1265 3981 1628 4051 designatus,
1667 3981 1950 4050 plurimos
1990 3997 2119 4036 con-

470 4067 703 4138 juratos
723 4067 1062 4138 Mangaphe
1095 4067 1503 4140 largitionibus
1525 4073 1802 4140 corrupit.
1837 4070 1906 4124 Et
1945 4087 2123 4140 quan-

478 4175 656 4232 quam
681 4159 977 4216 hominem
1009 4162 1502 4233 comprehendere
1533 4167 1589 4216 et
1619 4163 1676 4215 in
1707 4161 1942 4216 vincula
1981 4178 2084 4217 con
2106 4192 2119 4202 -

465 4252 649 4323 jicere
703 4269 820 4308 non
865 4255 1072 4324 potuit,
1135 4253 1278 4308 illud
1341 4260 1532 4308 tamen
1615 4253 1802 4308 eﬂ‘ecit
1859 4257 1923 4307 ut
1979 4253 2122 4307 urbe

475 4339 808 4416 pelleretur.
841 4343 964 4408 Quo
988 4343 1138 4398 facto
1172 4359 1302 4397 cum
1341 4359 1615 4412 magnum
1666 4343 1947 4415 quiddam
1996 4359 2125 4397 con-

477 4434 716 4486 secutus
746 4430 1161 4501 etirnporatori
1193 4433 1510 4487 admodum
1557 4432 1922 4504 gratiﬁcatus
1967 4431 2120 4486 vide-

476 4525 657 4584 retur,
697 4519 1056 4590 Mangaphas
1091 4523 1159 4574 ad
1190 4521 1574 4578 Caichosroen
1615 4521 1788 4576 lconii
1822 4520 2119 4576 sultanum

477 4606 762 4680 profugus
795 4608 1011 4664 auxilia
1030 4616 1231 4666 contra
1272 4611 1564 4666 Romanos
1615 4628 1728 4664 non
1769 4609 2123 4681 impetravit,

477 4695 702 4753 litteras
731 4703 922 4752 tamen
981 4699 1255 4767 obtinuit,
1317 4701 1533 4771 quibus
1587 4699 2014 4755 concedebatur
2061 4701 2125 4753 ut

473 4789 690 4842 Turcas
721 4785 958 4856 liberos,
1018 4789 1116 4860 qui
1175 4806 1312 4844 arcu
1357 4795 1412 4844 et
1443 4789 1708 4860 pharetra
1753 4787 1878 4842 freti
1911 4791 2117 4842 Roma-
2154 4771 2198 4835 D

477 4893 582 4933 nos
609 4876 1021 4950 praedarentur,
1060 4879 1386 4932 ascisceret.
1419 4879 1540 4940 Qua
1586 4877 1810 4931 ratione
1839 4891 1969 4930 cum
2003 4893 2118 4930 non

475 4981 686 5040 parvas
715 4967 912 5038 copias
943 4967 1345 5031 contraxisset,
1387 4965 1596 5020 civium
1659 4981 1892 5020 suorum
1951 4980 2119 5020 man-

478 5056 627 5128 cipia
660 5056 1006 5126 etjumenla
1038 5055 1296 5124 abduxit,
1327 5059 1385 5110 et
1433 5054 1690 5126 Phryges
1741 5053 2121 5110 Laodicenses

475 5143 806 5202 innumeris
860 5145 1127 5200 cladibus
1185 5143 1398 5212 atl‘ecit,
1426 5147 1490 5198 ut
1518 5148 1576 5198 et
1603 5143 1910 5216 populares
1962 5158 2121 5198 meos

474 5233 963 5297 Choniatas,--rcis
984 5251 1182 5290 eorum
1208 5233 1405 5288 rsstivo
1457 5236 1718 5305 tempore
1755 5233 2032 5301 incensis,
2065 5237 2122 5288 ct

477 5323 664 5390 obviis
722 5323 1054 5396 quibusque
1106 5322 1377 5379 hostilem
1431 5321 1491 5376 in
1552 5322 1791 5378 modum
1839 5321 2120 5379 tractatis.

467 5413 623 5472 Nam
654 5419 715 5468 ut
745 5430 860 5470 non
891 5416 1076 5469 dicam
1103 5413 1323 5468 Turcas
1345 5411 1418 5468 ob
1449 5411 1818 5468 clementiam
1859 5412 1918 5466 in
1952 5411 2124 5466 finiti.-

481 5517 610 5560 mos
639 5501 998 5559 Christianos
1027 5505 1098 5558 ab
1129 5519 1194 5559 eo
1247 5501 1585 5576 objurgatos
1615 5518 1766 5573 esse,
1799 5508 1854 5558 ct
1886 5503 2034 5558 facta
2061 5500 2121 5556 in

476 5589 704 5660 Cariam
735 5581 1120 5666 impressione
1149 5591 1366 5650 multos
1415 5593 1553 5650 inde
1605 5592 1869 5666 captivos
1914 5590 2122 5650 Turcis

2297 2017 2365 2092 β’.
2403 2017 2546 2073 Κατὰ
2585 2014 2644 2072 δὲ
2665 2017 2758 2072 τὸν
2794 2017 2982 2092 καιρὸν
3030 2021 3223 2072 τοῦτον
3274 2016 3562 2092 τυραννίδι
3611 2017 3864 2093 ἐπικεχεί-

2226 2125 2388 2180 ρηκεν
2422 2106 2450 2159 6
2483 2102 2862 2184 Φιλαδελφεὺς
2913 2103 3194 2180 Θεόδωρος
3227 2108 3256 2162 6
3284 2113 3616 2188 Μαγκαςρᾶς.
3667 2109 3770 2164 Καὶ
3809 2109 3865 2164 τὰ

2228 2193 2326 2267 μὲν
2358 2197 2548 2270 πρῶτα
2594 2197 2742 2268 [256]
2790 2195 2854 2251 τὸ
2901 2198 3003 2264 τῆς
3061 2195 3280 2260 πόλεως
3336 2197 3550 2266 ταύτης
3613 2197 3864 2272 ἀγελαῖον,

2225 2280 2746 2359 πολυανδρούμένον
2819 2282 2876 2340 ὃν
2951 2285 3118 2358 θρασῦ
3192 2306 3252 2342 τε
3325 2286 3416 2342 καὶ
3481 2283 3865 2357 ἀναιδέστατον,

2225 2371 2401 2444 ἐαυτῷ
2429 2393 2840 2447 προσῳκειωσε,
2873 2373 2964 2428 καὶ
3001 2373 3185 2448 ὅρκοις
3226 2376 3326 2444 τήν
3373 2375 3452 2439 εἰς
3506 2374 3668 2431 αὐτὸν
3711 2376 3865 2431 πίστιν

2224 2458 2672 2518 κατεοεπέδωσεψ
2709 2458 2824 2535 ὁδῷ
2875 2458 2931 2518 δὲ
2974 2463 3182 2539 προϊὼν
3224 2465 3314 2518 καὶ
3372 2464 3664 2540 βασιλείας
3709 2465 3862 2537 ἑαυτῷ

2225 2547 2540 2624 περιέθηκεν
2599 2549 2796 2624 ὄνομα,
2843 2551 2972 2614 τοὺς
3025 2549 3236 2615 Λυδοὺς
3285 2553 3492 2615 πάντας
3539 2553 3616 2617 εἶς
3661 2555 3866 2608 ἆποστα·

2227 2637 2345 2693 σίαν
2401 2637 2860 2714 ἐπισπασάμενος’
2921 2638 3106 2696 ἔπειτα
3163 2638 3221 2696 δὲ
3266 2641 3358 2696 καὶ
3412 2645 3531 2696 τῶν
3597 2639 3864 2718 ἀγχούρων

2226 2727 2588 2804 ἂποπειρᾶται
2636 2735 2864 2808 χωρῶν,
2922 2731 3014 2786 καὶ
3073 2730 3335 2808 ἀργύρεον
3394 2733 3600 2811 κέκοφε
3645 2734 3866 2807 νόμισμα

2227 2819 2326 2888 τὴν
2389 2817 2590 2874 οἰκείαν
2651 2819 2956 2898 ἐγχαράξας
3015 2819 3068 2875 ἐν
3124 2821 3274 2893 αὖτῷ
3357 2819 3602 2892 στήλην.
3687 2823 3768 2886 Ὠς
3819 2819 3866 2877 δέ

2227 2903 2548 2984 προῦκοπτε
2575 2910 2641 2964 τὰ
2670 2917 2770 2980 τῆς
2799 2909 3130 2966 ἀποστασίας
3179 2910 3269 2965 καὶ
3301 2911 3329 2966 6
3360 2909 3450 2966 ἐπὶ
3508 2917 3630 2975 τοῖς
3677 2907 3866 2986 δρωμέ-

2227 3005 2343 3061 νὸις
2376 2997 2641 3075 πρότερον
2674 2996 2853 3076 γέλως
2887 2999 2962 3061 εἷς
3005 2998 3228 3075 πληγήν
3274 3001 3528 3076 γενναίαν
3608 3002 3867 3075 μεθίστατο

2227 3086 2364 3162 πρὸς
2439 3089 2588 3162 ἧπαρ
2664 3092 2950 3164 χωροῦσαν
3025 3092 3124 3143 τοῦ
3180 3087 3477 3165 βασιλέως,
3544 3093 3621 3165 μὴ
3665 3088 3861 3164 μέλλειν

2229 3176 2387 3237 οὗτος
2419 3175 2664 3250 ἐγνώκει,
2699 3175 2846 3232 ἀλλὰ
2871 3177 2989 3232 κατ’
3021 3175 3186 3232 αὐτοῦ
3235 3178 3301 3232 τὰ
3353 3177 3510 3234 ὅπλα
3559 3177 3732 3260 διφᾷν.
3776 3177 3863 3236 Καὶ

2229 3262 2298 3334 δὴ
2321 3265 2456 3320 κατὰ
2495 3267 2593 3336 τήν
2645 3262 3049 3341 Φιλαδέλφειαν
3097 3267 3334 3344 γεγονὼς
3387 3265 3700 3346 ἔμφρουρον
3746 3266 3860 3340 αὐτῇ

2231 3354 2324 3410 τὸν
2371 3357 2674 3433 Μαγκαφᾶν
2733 3354 3042 3428 εἰργάσατο,
3110 3355 3170 3418 ὅς
3225 3355 3313 3411 καὶ
3370 3359 3474 3427 τήν
3533 3361 3633 3413 τοῦ
3686 3363 3864 3432 Muigo-

2237 3443 2512 3522 θεοδώρου
2561 3445 2954 3520 προσωνυμίαν
3002 3445 3266 3517 ἐκτήσατο
3322 3451 3432 3502 τῶν
3492 3450 3629 3504 κατᾶ
3685 3447 3858 3504 σκοπὸν

2233 3533 2424 3608 ἐκείνῳ
2491 3531 2856 3591 διαπεσόντων
2912 3534 3178 3591 ἐσέπειτα.
3239 3536 3340 3593 Καὶ
3427 3537 3612 3592 ἱκανὸν
3684 3535 3855 3613 χρόνον

2230 3629 2300 3698 τῇ
2347 3625 2646 3698 πολιορκίᾳ
2693 3623 3092 3701 ἐγκαρτερήσας
3145 3624 3243 3680 οὐκ
3291 3625 3488 3702 ἴσχυσε
3537 3628 3654 3689 τοὺς
3707 3622 3858 3681 Φιλα-

2233 3711 2450 3792 δελφεῖς
2505 3715 2979 3788 παραστήσασθαι·
3056 3713 3174 3769 ὅθεν
3233 3715 3371 3789 πρὸς
3430 3715 3715 3790 ὁμολογίαν
3766 3715 3850 3766 καί

2233 3797 2526 3876 συμϐάσεις
2559 3802 2839 3876 ἐτράπετο,
2873 3803 3012 3858 ὥστε
3059 3803 3152 3859 τὸν
3209 3805 3301 3876 μὶν
3354 3803 3621 3878 Θεόδωρον
3655 3803 3712 3857 τά
3749 3803 3836 3870 τῆς

2235 3889 2514 3968 βασιλείας
2556 3891 2846 3955 ἀποθέσθαι
2899 3891 3200 3966 παράσημα
3253 3893 3346 3948 καὶ
3403 3897 3514 3950 καθ’
3557 3893 3722 3948 ἑαυτὸν
3767 3890 3836 3951 ὡς

2230 3981 2492 4055 πρότερον
2549 3979 2954 4050 πολιτεύεσθαι,
3013 3981 3076 4035 τὸ
3129 3979 3186 4036 δὲ
3243 3989 3345 4052 τῆς
3398 3983 3604 4044 πόλεως
3655 3979 3846 4049 ἐκείνης

2230 4067 2512 4143 πλήρωμα
2561 4067 2937 4144 βασιλεύεσθαι
2994 4069 3162 4126 πάλιν
3215 4072 3303 4148 ὑφ’
3342 4073 3404 4126 οὗ
3454 4073 3702 4148 πρότερον
3741 4063 3850 4124 15a-

2232 4156 2498 4215 σιλεῦετο.
2551 4159 2654 4215 Καὶ
2705 4157 2892 4234 ὅμηρα
2957 4157 3155 4214 ἐκεῖθεν
3210 4157 3500 4234 δεξάμενος
3557 4160 3628 4214 ὧν
3681 4159 3851 4236 ᾑρεῖτο

2231 4245 2359 4310 τοὺς
2387 4244 2584 4308 παῖδας
2633 4245 2970 4321 ἒπανέζευξεν
3029 4247 3103 4310 εἰς
3160 4250 3258 4318 τὴν
3319 4246 3706 4324 μεγαλόπολιν,
3757 4247 3858 4306 Οὖκ

2233 4334 2411 4410 ὀλίγοι
2470 4333 2528 4390 δὲ
2583 4336 2680 4390 κάν
2741 4341 2812 4411 τῇ
2901 4335 3254 4393 ἐπαναστάσει
3311 4339 3480 4414 ταύτῃ
3540 4340 3724 4415 ἀγαθοὶ
3777 4337 3856 4392 καὶ

2229 4430 2466 4502 γενναῖοι
2536 4423 2722 4500 ἄνδρες
2783 4423 3100 4483 ἀπώλοντο.
3160 4428 3288 4482 Μετ’
3347 4428 3412 4482 οὐ
3469 4427 3616 4484 πολὺ
3674 4425 3728 4483 δὲ
3777 4424 3856 4481 καὶ

2232 4513 2518 4576 Βασίλειος
2552 4515 2579 4570 6
2613 4515 2892 4585 Βατάτζης
2945 4515 3136 4590 γένους
3187 4516 3281 4590 μὲν
3323 4517 3543 4591 ἀσήμου
3603 4517 3857 4593 βλαστὼν,

2235 4601 2323 4659 διὰ
2353 4600 2409 4658 δὲ
2453 4604 2516 4658 τὸ
2564 4603 2640 4666 εἷς
2694 4605 2925 4679 γυναῖκά
2981 4606 3037 4658 οἱ
3092 4606 3335 4681 γαμετὴν
3390 4609 3718 4686 συναφθῆναι
3770 4606 3858 4674 τὴν

2233 4697 2330 4749 τοῦ
2389 4693 2664 4768 βασιλέως
2720 4693 2858 4766 πρὸς
2914 4695 3119 4767 πατρὸς
3203 4694 3476 4769 ἐξανεψιὰν
3564 4695 3864 4770 δομέστικος

2229 4789 2330 4852 τῆς
2361 4782 2664 4848 ’Δνατολῆς
2691 4781 2944 4856 τιμηθεὶς
2974 4783 3062 4838 καὶ
3095 4783 3194 4852 τήν
3245 4782 3504 4854 δουκικην
3549 4787 3729 4862 ἀρχὴν
3767 4785 3863 4839 τῶν

2231 4873 2548 4949 Θρᾳκησίων
2648 4871 3086 4946 ἀναζωσάμενος,
3186 4875 3466 4948 χρήμασιν
3597 4875 3867 4948 ὑπέφθειρε

2229 4959 2520 5022 πλείσυους
2549 4967 2656 5016 τῶν
2685 4967 2782 5016 τοῦ
2817 4967 3086 5040 Μαγκαφᾶ
3124 4961 3364 5035 ὀμοτῶν,
3423 4965 3514 5018 καί
3562 4965 3724 5020 αὑτὸν
3775 4964 3858 5038 μὲν

2231 5049 2330 5105 οὐκ
2358 5048 2490 5130 ἔσχε
2553 5045 2867 5120 συλλαϐεῖν,
2925 5057 3024 5120 τῆς
3093 5044 3150 5106 δὲ
3201 5050 3418 5114 πόλεως
3476 5052 3865 5133 Φιλαδελφείας

2230 5139 2428 5212 ἐξώσας
2477 5134 2624 5212 ἔδοξε
2661 5139 2750 5195 καί
2809 5135 2953 5195 οὕτω
3013 5140 3154 5218 μέγα
3207 5161 3260 5196 τι
3313 5143 3730 5219 κατωρθωκέναι
3782 5141 3863 5198 καὶ

2233 5229 2490 5285 ἀσπάσιον
2515 5226 2672 5306 ἔργον
2699 5233 2777 5302 τῷ
2803 5227 3042 5306 βασιλεῖ.
3075 5227 3231 5287 Ἀλλ’
3254 5229 3412 5294 οὗτος
3434 5237 3514 5305 τῷ
3531 5237 3630 5288 τοῦ
3651 5233 3867 5292 Ἰκονίου

2233 5318 2466 5376 σουλτᾶν
2501 5321 2813 5396 προσρυεὶς,
2869 5321 2915 5393 ᾧ
2972 5321 3007 5389 ἦ
3066 5319 3262 5388 κλῆσις
3316 5323 3687 5400 Καϊχοσρόης,
3743 5345 3870 5397 συμ-

2236 5412 2472 5486 μαχικὸν
2527 5411 2622 5483 μὲν
2681 5409 2906 5480 αἰτήσας
2963 5408 3100 5464 κατᾶ
3153 5410 3448 5484 Ῥωμαίων
3505 5413 3606 5468 οὐκ
3664 5409 3863 5481 ἔλαϐεν,

2233 5495 2450 5571 ἐνεδόθη
2513 5497 2570 5554 δέ
2615 5500 2667 5554 οἱ
2719 5492 3231 5574 προσλαμϐάνεσθαι
3279 5499 3701 5578 ἆνεπεγκλήτως
3747 5502 3867 5557 ὁπό-

2235 5609 2320 5646 σοι
2351 5593 2458 5646 τῶν
2519 5588 2787 5668 Τούρκων
2830 5584 3294 5671 κερδαλεόφρονες
3338 5590 3474 5647 κάπὶ
3523 5595 3603 5666 τῷ
3649 5596 3870 5670 γωρυτῷ
