4112 6218
320 310 439 368 765

1442 313 1543 372 DE
1586 311 1892 372 lSAACIO
1938 312 2245 373 ANGEM)
2290 312 2437 374 LIB.
2487 316 2564 375 ΙΙ.

3614 316 3739 377 ’ῖσὸ

315 441 411 495 καὶ
485 444 564 511 τῷ
638 439 780 514 τόξῳ
831 442 931 509 τήν
998 440 1325 513 πεποίθησιν
1382 437 1606 521 ἔχοντες
1657 441 1970 514 Ῥωμαίους

2090 444 2463 499 abducendos
2495 462 2623 501 esse
2681 446 2869 514 datos,
2931 445 3229 501 Michaelis
3287 463 3518 519 quoque
3548 426 3736 502 arcbi.

319 529 695 605 λῃστεύουσιν.
731 532 848 588 Οὐκ
882 530 1081 605 ὀλίγην
1116 530 1206 587 οὖν
1256 537 1336 605 τῷ
1389 531 1579 605 τρόπῳ
1625 531 1804 604 τούτῳ
1862 554 1979 586 συν-

322 619 563 695 αγηὸχει
594 618 845 693 δύναμιν,
878 621 966 676 καὶ
1004 622 1167 677 ἐπιὼν
1214 621 1341 684 τούς
1389 641 1447 675 τε
1495 622 1804 697 πατριώτας
1849 622 1972 676 εαυ-

315 713 417 765 τοῦ
444 708 498 771 ἐς
524 710 617 764 τὸν
649 711 951 787 γεωργικὸν
987 708 1160 785 ὄχλον
1191 710 1279 765 καὶ
1311 713 1419 765 τῶν
1451 710 1604 779 ζώων
1654 709 1972 782 ἐλυμαίνετο

315 799 385 854 τὰ
417 798 521 854 ὐπὸ
553 800 735 873 ζυγὸν,
769 799 1015 861 καὶτοὺς
1075 797 1360 862 Λαοδικεῖς
1406 796 1463 854 δὲ
1511 800 1729 874 Φρύγας
1777 821 1974 875 μυρια-

320 892 442 962 χῶς
491 887 782 957 ἐκάκωσεν,
832 886 1013 963 ὥσπερ
1079 888 1169 943 καὶ
1234 887 1359 951 τοὺς
1425 892 1531 944 τῶν
1596 891 1797 946 Χωνῶν
1862 893 1970 943 τῶν

318 976 469 1050 ὲμῶν
501 976 824 1049 οἰκήτορας,
857 977 949 1039 τὰς
1000 975 1211 1039 ἅλωνας
1270 976 1408 1031 κατὰ
1455 977 1546 1032 τὸν
1601 979 1804 1052 θέρειον
1853 998 1970 1032 και-

316 1065 412 1140 ρὸν
445 1064 745 1139 πυρπολῶν
775 1066 865 1123 καὶ
896 1066 957 1120 τὸ
988 1066 1302 1140 προστυχὸν
1350 1066 1423 1127 ὡς
1475 1065 1746 1139 πολέμιος
1796 1066 1970 1142 χειρίς

312 1173 459 1215 στως
491 1150 860 1225 διατιθέμενος
923 1152 995 1208 ἐῶ
1032 1154 1132 1229 γὰρ
1186 1154 1362 1229 λέγειν
1404 1154 1480 1218 ὡς
1518 1154 1650 1216 τοὺς
1693 1155 1974 1225 Τούρκους

309 1242 935 1322 φιλανθρωπευομένους
990 1241 1219 1321 ἐνιαχοῦ
1277 1243 1415 1317 πρὸς
1471 1243 1534 1298 τὸ
1597 1243 1659 1297 ἐκ
1713 1242 1971 1318 γειτόνων

311 1331 467 1409 σφίσι
514 1330 917 1403 Χριστώνυμον
978 1336 1161 1394 κακῶς
1218 1324 1414 1409 ἔφασκε
1460 1332 1552 1385 καὶ
1613 1330 1969 1402 ἐπέπληττεν.

311 1414 611 1495 Ἐμϐαλὼν
664 1417 720 1474 δὶ
772 1422 864 1474 καὶ
915 1423 986 1493 τῇ
1037 1422 1213 1492 Καρίᾳ
1265 1424 1356 1475 καὶ
1413 1418 1660 1484 πολλοὺς
1707 1426 1815 1476 τῶν
1861 1420 1973 1477 ἐκεῖ

309 1509 696 1584 προνομεύσας
754 1513 871 1568 τοῖς
937 1504 1241 1583 Βαρϐἀροις
1290 1506 1583 1564 ἐκδέδωκεν
1636 1509 1711 1571 είς
1756 1509 1972 1583 ἀπαγω-

305 1600 436 1674 γήν.
472 1596 651 1653 Ἀλλὰ
677 1596 766 1651 καὶ
797 1596 888 1652 τὸν
919 1598 1054 1652 νεὼν
1098 1600 1196 1652 τοῦ
1243 1597 1689 1674 ἀρχιστρατήγου
1737 1598 1968 1675 Μιχαὴλ

307 1689 340 1742 ὁ
394 1688 599 1759 ἄνομος
653 1687 808 1748 οὗτος
850 1683 1109 1764 διαφῆκεν
1156 1684 1457 1762 ἐμπρῆσαι,
1501 1684 1661 1762 ἔργον
1713 1686 1966 1761 μέγιστον

304 1775 404 1831 καὶ
472 1774 802 1850 περίπυστον
856 1771 1005 1845 ὄντα,
1061 1777 1150 1831 καὶ
1214 1770 1605 1851 ὑπερϐαίνοντα
1658 1774 1711 1838 ές
1759 1773 1967 1831 κᾶλλο)

308 1866 406 1922 καὶ
435 1869 535 1937 τὴν
567 1865 646 1927 εἷς
688 1873 865 1939 μῆκος
906 1859 1118 1921 ἔκτασιν
1158 1866 1222 1922 τὸ
1288 1863 1340 1921 ἔν
1403 1869 1472 1939 τῇ
1532 1864 1774 1940 βασιλίδι
1805 1867 1965 1923 πόλει

309 1960 413 2012 τοῦ
461 1953 911 2030 καλλιμάρτυρος
972 1954 1203 2011 Μωκίου
1256 1953 1500 2027 τέμενος.
1561 1954 1650 2017 Ὠς
1719 1951 1776 2010 δέ
1831 1976 1965 2010 ποτε

303 2045 449 2121 πρὸς
494 2046 589 2099 τὸν
639 2042 871 2099 σουλτᾶν
924 2042 1232 2114 ἐπανέξευξε
1284 2042 1548 2098 τοιούτων
1606 2048 1962 2119 παρανομιῶν

300 2134 557 2207 πλήρης,
584 2133 673 2189 καὶ
734 2132 960 2188 πόθοι-ιο
1023 2130 1278 2207 βασιλεὺς
1338 2133 1436 2186 οὐκ
1495 2133 1570 2194 είς
1625 2134 1828 2208 ἀγαθὰς
1876 2132 1965 2188 έν-

301 2224 463 2287 νοίας
528 2224 621 2278 καὶ
689 2222 908 2298 πράξεις
995 2224 1086 2278 τὸν
1163 2222 1511 2296 Ἰκονιάρχην
1571 2221 1774 2298 ἐνάγειν
1831 2225 1968 2280 Καῖ-

300 2313 559 2390 χοσρόην
590 2311 711 2387 ἃρτι
742 2312 881 2388 πρὸς
912 2312 1117 2386 πατρὸς
1171 2309 1564 2374 ἐκλελοιπότος
1620 2312 1682 2366 τὸ
1742 2317 1837 2386 ζῇν
1869 2314 1968 2382 τήν

300 2404 492 2482 ἀρχὴν
522 2406 621 2458 τοῦ
667 2400 900 2459 Ἰκονίου
957 2397 1267 2474 δεξάμενον,
1326 2397 1577 2475 πρέσϐεις
1635 2396 1842 2457 ἔστειλε
1880 2402 1970 2457 καὶ

304 2494 581 2567 χρήματα
661 2490 960 2567 παρασχὼν
1037 2494 1116 2562 τῷ
1193 2487 1426 2545 σουλτὰν
1500 2489 1973 2569 καταπροδοθέντα

2085 535 2250 591 ducis
2282 535 2592 606 templum,
2624 553 2768 605 opus
2805 536 3114 590 maximum
3163 544 3217 591 et
3267 536 3732 602 celeberrimum,

2085 624 2240 696 quod
2273 624 2560 696 elegantia
2624 626 2780 681 524
2838 630 2894 679 et
2957 624 3321 695 longitudine
3382 628 3493 681 divi
3560 627 3730 682 Mocii

2086 713 2357 784 martyris
2413 714 2594 768 tndem
2655 713 2714 768 in
2777 715 2921 769 urbe
2979 714 3348 785 imperatrice
3398 715 3733 786 superabat,

2082 801 2316 857 incendi
2350 818 2556 873 passus
2585 806 2691 857 est.
2730 803 2794 859 Ut
2828 810 3018 858 autem
3072 802 3408 873 huiusmodi
3456 804 3734 859 facinori-

2084 891 2193 946 bus
2220 891 2426 962 plenus
2445 891 2680 946 tandem
2704 893 2773 947 ad
2800 891 3102 947 sultanum
3129 891 3387 957 rediit,et
3409 892 3731 963 imperator

2084 980 2154 1035 ad
2188 979 2365 1036 lconii
2408 979 2725 1051 principem
2760 979 3165 1047 Caicbosroen,
3199 981 3369 1047 cujus
3421 982 3584 1052 pater
3615 997 3730 1036 nu-

2086 1084 2186 1140 per
2217 1069 2530 1124 det‘unctus
2572 1068 2943 1140 erat,legatos
2979 1071 3317 1142 misit,quod
3350 1087 3478 1125 eum
3514 1071 3727 1127 aMan-

2084 1158 2277 1230 gapba
2313 1158 2369 1212 in
2403 1157 2781 1230 cogitationes
2812 1165 2869 1215 et
2898 1161 3158 1216 actiones
3191 1178 3303 1215 non
3329 1159 3513 1214 bonas
3537 1159 3732 1216 induci

2083 1247 2334 1314 videbat,
2368 1253 2422 1301 et
2452 1247 2866 1318 largitionibus
2897 1248 3233 1319 impetravit
3283 1254 3345 1302 ut
3399 1249 3495 1303 ille
3530 1250 3734 1304 deser-

2083 1339 2182 1391 tus
2214 1353 2278 1391 ac
2306 1336 2573 1406 proditus
2613 1338 2682 1391 ad
2718 1353 2780 1392 se
2813 1336 3160 1407 mitteretur,
3180 1353 3247 1392 ea
3296 1343 3489 1392 tamen
3524 1337 3726 1393 condi-

2082 1426 2241 1480 tione
2265 1430 2328 1479 ut
2371 1425 2752 1481 defectionem
2805 1443 2910 1482 nec
2968 1428 3158 1498 capite
3208 1443 3311 1480 nec
3363 1425 3730 1482 mutilatione

2079 1512 2385 1569 laesioneve
2415 1513 3089 1570 nlliusmembrilucret.
3121 1515 3241 1579 Qua
3301 1516 3371 1570 de
3402 1531 3580 1570 causa
3613 1533 3731 1571 om-

2081 1603 2174 1658 nis
2199 1604 2441 1658 alterius
2475 1602 2608 1659 inali
2648 1619 2853 1675 expers
2912 1605 2983 1659 ad
3048 1604 3390 1659 diuturnum
3439 1621 3726 1661 carcerem

2079 1698 2169 1748 est
2227 1692 2562 1748 damnatus.
2627 1693 2681 1748 id
2744 1693 2959 1748 factum
3020 1694 3164 1748 adeo
3223 1693 3446 1751 caeteris
3501 1692 3728 1748 Sullani

2082 1781 2383 1851 fratribus,
2413 1782 2513 1854 qui
2572 1797 2820 1854 regnum
2879 1798 3015 1837 cum
3059 1798 3126 1838 eo
3157 1781 3491 1851 diviserant,
3522 1782 3725 1854 displi-

2073 1872 2212 1938 cuit,
2250 1876 2399 1927 utet
2430 1888 2593 1927 arma
2616 1871 2666 1927 ei
2699 1871 2914 1928 illaturi
2967 1871 3202 1938 fuerint,
3238 1874 3392 1943 quod
3428 1871 3723 1928 hominem

2076 1961 2386 2033 profugum
2411 1965 2465 2016 et
2488 1960 2811 2032 supplicem
2840 1960 3099 2032 pecuniae
3121 1976 3299 2016 causa
3325 1961 3724 2016 Romanorum

2074 2049 2409 2120 imperatori
2446 2050 2820 2123 prodidisset,
2854 2050 2965 2105 nisi
2999 2050 3261 2120 specioso
3294 2065 3574 2119 responso
3607 2050 3726 2105 ira-

2077 2139 2353 2194 cundiam
2389 2138 2619 2194 illorum
2656 2139 2965 2211 placasset.
2997 2138 3201 2193 Aiebat
3225 2137 3379 2192 enim
3412 2153 3473 2192 se
3524 2138 3724 2208 pacili-

2080 2226 2330 2285 cationis
2371 2244 2506 2300 ergo
2568 2227 2729 2282 illum
2783 2227 3101 2295 remisisse,
3160 2242 3533 2296 nequaquam
3591 2242 3727 2283 vero

2082 2317 2406 2388 prodidisse
2438 2336 2453 2384 ;
2488 2320 2544 2370 et
2573 2316 2870 2371 hominem
2902 2331 3117 2387 vagum
3152 2315 3210 2370 in
3267 2315 3518 2386 patriam
3560 2315 3723 2370 resti-

2084 2407 2354 2476 tuisse,ut
2376 2422 2479 2461 nec
2504 2407 2625 2475 ipse
2649 2405 2795 2460 alios
2819 2421 2923 2460 nec
2947 2405 3139 2476 ipsum
3185 2402 3285 2459 alii
3330 2419 3501 2475 porro
3531 2419 3727 2475 perse-

2082 2499 2419 2566 querentur.
2452 2496 2639 2566 Atque
2669 2493 2788 2550 hzec
2821 2494 3121 2549 hactenus.

305 2581 430 2657 εἶχε
458 2581 548 2637 καὶ
590 2578 941 2653 ἀνάπεμπτον
982 2578 1131 2651 αὐτῷ
1169 2579 1458 2654 γενόμενον
1499 2579 1590 2633 τὸν
1625 2581 1947 2657 Μαγκαφᾶν,
1989 2579 2135 2652 πλήν
2176 2602 2235 2657 γε
2278 2582 2396 2653 μεθ’
2463 2581 2765 2655 ὁμολογίας
2788 2580 2878 2635 καὶ
2919 2581 3154 2642 πίστεως
3185 2588 3261 2654 μὴ
3307 2578 3447 2635 ὢστε
3476 2578 3725 2636 τοῦπιτί-

300 2691 436 2745 μιον
467 2667 616 2742 αὒτῷ
640 2676 741 2739 τῆς
769 2668 1101 2731 ἆποστασίας
1133 2667 1406 2732 κείσεσθαι
1440 2667 1666 2723 θάνατον
1708 2668 1743 2739 ἢ
1780 2667 1943 2745 μέρος
1982 2676 2348 2744 περικοπῆναι
2404 2672 2495 2725 καὶ
2557 2666 2974 2739 διαλωϐδβῆναι
3016 2670 3114 2725 τοῦ
3155 2669 3431 2742 σώματος·
3468 2669 3528 2724 οὗ
3569 2669 3730 2744 χάριν

302 2760 528 2829 ἀπαθὴς
563 2760 749 2833 ἑτέρου
781 2760 984 2821 παντὸς
1019 2758 1204 2835 ὀφθεὶς
1243 2762 1416 2813 κακοῦ
1448 2755 1622 2833 δεσμᾶ
1656 2757 2012 2834 κατακέκριτο
2069 2760 2284 2835 χρόνια.
2335 2764 2603 2833 Τοσοῦτον
2662 2757 2720 2815 δὲ
2748 2761 2810 2815 τὸ
2863 2754 3019 2837 ἔργον
3048 2757 3175 2816 τόδε
3211 2765 3309 2817 τοῦ
3345 2760 3574 2816 σουλτὰν
3614 2766 3732 2824 τοῖς

308 2848 536 2912 λοιποῖς
569 2847 736 2904 αὐτοῦ
766 2849 1134 2923 κασιγνήτοις,
1169 2849 1320 2922 [257]
1353 2846 1548 2903 ὁπόσοι
1576 2849 1677 2917 τήν
1710 2849 1965 2924 πατρῴαν
1996 2849 2173 2924 ἀρχὴν
2217 2847 2590 2905 συνδιείλοντο
2628 2848 2838 2922 ἐκείνῳ,
2870 2849 3177 2924 ἀποθύμιον
3211 2846 3405 2922 ἔδοξεν,
3446 2848 3585 2905 ὣστε
3636 2839 3730 2903 κιιιὶ

309 2938 464 2996 ὅπλα
493 2940 699 3015 ἤραντο
753 2937 813 2993 ἂν
874 2942 991 2993 κατ’
1047 2938 1214 2993 αὐτοῦ
1277 2936 1351 2999 ὠς
1420 2936 1707 3011 ἄνθρωπον
1765 2937 1817 3000 ἐς
1871 2939 2037 2994 αὐτὸν
2094 2938 2361 3003 ἑκουσίως
2402 2939 2699 3018 ἀφιγμένον
2742 2939 3135 3020 συνειληφότως
3164 2940 3256 2995 καὶ
3294 2936 3728 3015 καταπροδόντος

305 3029 602 3104 Ῥωμαίων
635 3030 858 3106 βασιλεῖ
875 3027 963 3084 ἐπὶ
997 3027 1306 3102 λήμμασιν,
1340 3028 1385 3084 εἰ
1420 3030 1496 3101 μὴ
1538 3027 1697 3091 οὗτος
1729 3028 2085 3105 εὐπρόσωπον
2117 3031 2286 3094 τιθεὶς
2327 3032 2425 3099 τὴν
2455 3031 2741 3106 ἀπόκρισιν
2783 3030 2872 3088 ἐπὶ
2914 3026 3240 3106 συμϐἅσεσιν
3283 3031 3625 3102 ἀποστεῖλαι,
3660 3030 3722 3086 οὐ

313 3123 427 3194 μὴν
459 3117 895 3194 καταπροδοΰναι
939 3116 1333 3197 διισχυρίζετο,
1364 3118 1455 3174 καὶ
1481 3117 1732 3187 πλάνητα
1761 3117 1889 3174 ὄντα
1920 3118 1972 3181 ἐς
1994 3126 2095 3190 τήν
2134 3118 2370 3197 πατρίδα
2396 3127 2739 3196 καταγαγεῖν,
2793 3121 2870 3185 ὠς
2927 3120 3121 3195 μηκέτι
3167 3118 3438 3177 διώκοντα
3467 3120 3597 3176 εἶναι
3637 3122 3728 3177 καὶ

310 3208 677 3283 διωκόμενον.
712 3209 809 3265 Καὶ
839 3211 1007 3263 ταῦτα
1036 3208 1128 3281 μὲν
1165 3207 1313 3282 εἶχεν
1347 3206 1543 3270 οὕτως.

373 3305 443 3373 γ’.
476 3298 588 3354 Οὐκ
613 3298 683 3367 ἦν
737 3294 795 3353 δὲ
826 3291 1133 3352 λυκάϐαντα
1188 3294 1482 3373 παρελθεῖν
1540 3299 1616 3370 μή
1664 3318 1717 3353 τι
1749 3296 1960 3373 ἐπενεγ-
1997 3311 2037 3373 C

299 3391 472 3445 κόντα
553 3388 733 3444 κοινὸν
817 3386 1213 3463 ἀποτρόπαιον,
1280 3387 1354 3448 ὡς
1439 3384 1588 3463 εἴπερ
1669 3388 1733 3443 τὸ
1816 3394 1970 3443 Θεῖον

305 3477 616 3536 ἐπέκλωσεν
697 3476 1107 3552 ἆνειρηνεύτους
1194 3476 1290 3539 τὰς
1379 3477 1592 3552 ἡμέρας
1674 3481 1780 3532 τῶν
1855 3475 1974 3534 καθ’

312 3570 465 3641 ἡμᾶς
519 3567 773 3643 μερόπων
832 3563 1227 3641 παραδραμέῖΨ
1262 3566 1338 3627 ὡς
1402 3566 1505 3641 γάρ
1578 3587 1631 3622 τι
1690 3562 1974 3622 ἐνδεόντων

311 3657 454 3729 πρὸς
520 3658 581 3711 τὸ
664 3658 899 3725 καθῆκον
956 3660 1057 3725 τῆς
1146 3654 1533 3731 μαστιγώσεως
1580 3661 1690 3710 τῶν
1767 3654 1825 3710 έκ
1876 3659 1973 3711 τοῦ

313 3746 509 3822 κύκλῳ
540 3743 887 3823 Βαρϐαρικοῦ
940 3752 1262 3823 μαχισμὼν,
1327 3747 1419 3801 καὶ
1476 3746 1764 3823 ὑπερόριον
1805 3749 1969 3803 κακὸν

309 3839 655 3911 εἰσεκώμασε
685 3836 1025 3914 Φρεδέριχος
1058 3838 1085 3892 6
1141 3842 1249 3892 τῶν
1314 3835 1640 3912 Ἀλαμανῶς
1672 3839 1793 3913 ῥήξ.
1830 3839 1970 3914 Πρὸς

304 3931 416 4005 γὰρ
473 3929 567 3983 τὸν
630 3926 861 4003 βασιλέα
936 3922 1499 4001 διαπρεσϐευσάμενος
1547 3927 1835 3999 Ἰσαάκιον,
1895 3927 1972 3989 ὡς

306 4020 406 4076 διὰ
432 4019 624 4097 φιλίας
655 4020 841 4096 ᾐτεῖτο
881 4025 982 4087 τῆς
1041 4017 1334 4090 Ῥωμαίων
1392 4024 1497 4093 γῆς
1528 4018 1777 4093 παριέναι
1808 4016 1969 4080 αὐτός

298 4132 362 4167 τε
393 4110 486 4165 καὶ
527 4109 652 4164 ὅσον
708 4110 758 4163 οἱ
817 4108 1074 4183 ἐφέποιτο
1128 4106 1435 4181 στράτευμα
1493 4105 1546 4161 ἒν
1587 4110 1665 4178 τῷ
1722 4106 1968 4181 ἀπαίρειν

300 4199 385 4262 εἷς
448 4196 841 4267 Παλαιστίνην,
907 4196 999 4251 καὶ
1055 4195 1124 4250 τὰ
1176 4196 1313 4268 πρὸς
1368 4194 1431 4249 τὸ
1482 4198 1578 4268 ζῇν
1640 4192 1971 4266 ὠνουμένοις

292 4290 492 4349 αὐτοῖς
536 4289 920 4363 χορηγεῖσθαι,
954 4284 1045 4339 καὶ
1084 4283 1148 4338 τὸ
1208 4280 1399 4338 δοκοῦν
1450 4283 1538 4338 ἐπὶ
1575 4282 1792 4344 τούτοις
1826 4284 1973 4356 αὐτῷ

296 4383 575 4450 σημανεῖν
673 4373 744 4431 δι’
847 4373 1062 4430 οἷ’κείων
1160 4372 1572 4442 ἀνταπυστολῆς
1668 4368 1970 4446 πρέσϐεων.

296 4463 806 4523 Στέλλεταιτοίνυν
842 4462 979 4539 πρὸς
1008 4460 1169 4516 αὐτὸν
1211 4461 1239 4516 6
1295 4466 1393 4515 τοῦ
1426 4456 1636 4535 δρόμου
1668 4457 1971 4536 λογοθὲτης

296 4555 565 4624 Ἰωάννης
619 4554 646 4608 6
706 4552 931 4622 Δοόκας,
991 4552 1082 4606 καὶ
1113 4550 1318 4611 πίστεις
1370 4548 1496 4612 δοὺς
1527 4549 1615 4605 καὶ
1652 4544 1839 4604 λαϐὼν
1898 4549 1973 4612 ὡς

294 4643 471 4705 αὐτὸς
505 4643 601 4716 μὶν
633 4643 660 4697 ὁ
822 4642 923 4711 τήν
958 4640 1061 4695 ὑπὸ
1119 4638 1428 4711 Ῥωμαίους
1488 4637 1695 4714 ἀμαχεὶ
1755 4635 1967 4695 διελεύ-

296 4754 453 4788 σεται
485 4733 574 4787 καὶ
637 4728 806 4804 μηδὲν
830 4750 882 4784 τι
937 4726 1136 4799 δράσας
1195 4728 1394 4783 ὲσεῖται
1432 4728 1622 4791 κακὸν,
1682 4728 1745 4781 οὐ
1775 4725 1962 4794 πόλιν,

296 4826 369 4883 οὗ
408 4824 629 4895 κώμην,
653 4821 716 4876 οὐ
770 4820 1049 4896 φρούριον,
1111 4817 1173 4873 οὐ
1231 4817 1549 4893 πολίχνιον⁹
1581 4818 1851 4891 Ῥωμαῖοι
1908 4813 1965 4871 δὲ

296 4909 689 4991 προϐαλοῦσιν
725 4911 874 4980 αὐτῷ
904 4908 970 4962 τὰ
1000 4903 1284 4979 ἐπιτήδεια
1315 4905 1540 4986 ἄφθονα,
1574 4906 1648 4968 ὡς
1685 4908 1761 4980 μή
1818 4926 1964 4968 τινος

297 5003 585 5074 σπανίζειν
616 5002 715 5071 τήν
755 4999 842 5054 ὑπ’
887 4996 1048 5054 αὐτὸν
1110 4996 1381 5071 στρατιὰν,
1438 4994 1565 5052 ἀλλ’
1595 4996 1963 5072 ἀπραγμόνως

298 5096 400 5152 καὶ
458 5093 596 5149 κατὰ
654 5089 855 5161 λαιμὸν
914 5082 1060 5162 ἔχειν
1127 5085 1308 5159 ὣσπερ
1378 5080 1758 5159 ἐπεμϐυόμενα
1815 5085 1965 5147 ὅσοις

301 5185 585 5260 ἄνθρωποι
615 5177 903 5256 τρέφονται
935 5176 1025 5230 καὶ
1068 5178 1158 5230 οἷα
1186 5179 1303 5237 τοῖς
1331 5173 1530 5237 ’ίπποις
1562 5170 1962 5247 συμϐάλλεται,

303 5274 447 5351 μετὰ
477 5270 664 5345 καιρὸν
705 5266 903 5331 ἐκεῖθεν
960 5263 1201 5321 ἐπάνεισι
1266 5263 1356 5318 καὶ
1414 5261 1664 5339 ἀγγέλλει
1723 5262 1790 5318 τιὶ
1830 5262 1964 5335 ξυμ-

296 5359 621 5444 φωνηθὲντα
648 5362 727 5429 τῷ
761 5354 996 5432 βασιλεῖ.
1032 5353 1134 5410 Καὶ
1191 5353 1219 5407 6
1253 5351 1508 5429 βασιλεὺς
1554 5359 1654 5422 τῆς
1686 5350 1963 5424 ξυλλογῆς

291 5439 408 5511 Ιτῶν
439 5446 617 5504 ὠνίων
651 5441 911 5524 φροντίδα
968 5442 1175 5511 τίθησι,
1208 5441 1297 5496 καὶ
1355 5441 1422 5510 ἦν
1480 5440 1527 5511 ἐξ
1587 5439 1962 5514 ἐπιτάγματος

298 5542 409 5599 δπὸ
441 5543 549 5595 τῶν
583 5534 947 5610 ἐπαρχιωτῶν
982 5529 1175 5586 αὒτίκα
1237 5530 1643 5609 μεταφερόμενα
1696 5530 1813 5585 καθ’
1870 5530 1964 5591 οὕς

293 5627 511 5708 Ἐμελλε
537 5623 799 5688 τόπουςὸ
1005 5617 1339 5696 διέρχεσθαι.
1402 5620 1492 5683 Ὠς
1551 5617 1608 5675 Si
1672 5620 1764 5674 καὶ
1805 5618 1965 5682 αὐτὸς

2147 3301 2200 3356 3.
2234 3301 2434 3373 Neque
2466 3318 2598 3357 vero
2639 3300 2790 3357 ullus
2842 3318 3034 3358 annus
3089 3301 3239 3359 elabi
3297 3305 3524 3374 poterat
3579 3302 3722 3373 quin

2080 3386 2313 3459 publice
2372 3388 2749 3444 abominandi
2808 3387 3023 3459 aliquid
3080 3388 3332 3459 all'erret,
3391 3405 3508 3443 non
3559 3387 3729 3445 aliter

2078 3492 2251 3547 quam
2312 3477 2360 3531 si
2418 3476 2692 3532 Numinis
2748 3475 3076 3549 indignatio
3107 3476 3193 3532 illi
3231 3476 3379 3534 525
3421 3478 3571 3532 atati
3607 3495 3731 3549 per-

2077 3570 2253 3637 petua
2285 3566 2431 3622 bella
2474 3567 2839 3622 decrevisset.
2902 3566 3078 3629 Quasi
3136 3566 3292 3620 enim
3352 3565 3590 3621 Barbari
3622 3564 3726 3622 cir-

2076 3656 2370 3710 cumcirca
2422 3655 2638 3711 nostris
2691 3653 3013 3710 cervicibus
3062 3652 3441 3709 imminentes
3494 3653 3565 3707 ad
3615 3669 3721 3709 nos

2076 3744 2447 3814 castigandos
2508 3760 2619 3797 non
2681 3743 2824 3798 satis
2890 3750 3103 3808 essent,
3166 3741 3340 3796 etiam
3400 3739 3722 3811 longinquo

2077 3834 2231 3888 malo
2273 3848 2479 3887 sumus
2525 3833 2811 3904 oppressi.
2866 3831 3010 3887 Nam
3071 3830 3398 3885 Fridericus
3456 3828 3724 3884 Aleman-

2077 3939 2282 3978 norum
2313 3938 2411 3978 rex
2441 3922 2648 3993 legatis
2679 3920 2752 3975 ad
2800 3921 3085 3974 Isaacium
3139 3919 3551 3990 imperatorem
3588 3918 3724 3974 mis-

2075 4014 2155 4070 sis
2187 4013 2349 4084 petiit
2379 4023 2437 4067 ut
2468 4013 2579 4068 sibi
2604 4029 2739 4067 eum
2797 4011 3074 4067 omnibus
3129 4009 3314 4080 copiis
3357 4008 3717 4066 Palaestinam

2076 4102 2406 4176 petentibus
2469 4118 2571 4173 per
2620 4102 2911 4157 Romanas
2977 4099 3305 4171 provincias
3368 4103 3570 4171 pacate
3619 4100 3728 4155 iter

2074 4193 2260 4247 facere
2292 4197 2349 4247 et
2368 4193 2753 4245 commeatum
2797 4204 2990 4243 emere
3037 4188 3254 4249 liceret,
3297 4193 3352 4243 et
3401 4204 3562 4244 suam
3592 4206 3723 4244 sen-

2072 4285 2315 4339 tentiam
2377 4300 2478 4356 per
2541 4282 2805 4354 proprios
2880 4281 3101 4353 legatos
3164 4281 3275 4335 sibi
3344 4280 3718 4352 significaret.

2071 4374 2317 4429 Mittitur
2344 4373 2523 4443 igitur
2575 4372 2644 4427 ad
2702 4388 2835 4428 eum
2892 4369 3081 4427 dromi
3126 4369 3420 4442 logotbeta
3467 4372 3721 4427 Joannes

2072 4463 2300 4531 Ducas;
2336 4463 2564 4534 fideque
2595 4461 2730 4517 data
2753 4465 2810 4515 et
2839 4465 3077 4532 accepta
3127 4476 3321 4532 regem
3363 4459 3490 4518 sine
3544 4458 3721 4515 male-

2075 4550 2203 4606 ticio
2239 4549 2646 4619 transiturum,
2707 4547 2930 4604 nullam
2994 4548 3222 4617 urbem,
3282 4547 3511 4604 nullum
3555 4549 3720 4621 oppi-

1996 4638 2498 4725 Ddum,nullum
2559 4638 2864 4694 castellum
2925 4642 3021 4693 aut
3074 4654 3283 4708 pagum
3344 4637 3721 4707 violaturum,

2075 4731 2366 4785 Romanos
2395 4734 2787 4784 commeatum
2845 4728 2896 4783 ei
2950 4728 3182 4783 abunde
3225 4728 3723 4799 suppeditaturos,

2078 4824 2145 4874 ut
2174 4822 2302 4889 ejus
2333 4820 2619 4875 exercitus
2652 4816 2813 4873 nulla
2868 4833 2928 4872 re
2978 4817 3303 4873 necessaria
3361 4823 3572 4881 careat,
3622 4818 3721 4872 sed

2077 4906 2274 4963 omnia
2306 4907 2363 4962 in
2399 4909 2671 4978 promptu
2704 4904 3107 4977 copiosissime
3165 4903 3377 4959 habeat
3429 4922 3560 4975 quae
3599 4909 3717 4957 tam

2070 4995 2355 5068 jumentis
2395 5013 2565 5065 quam
2618 4994 2960 5048 hominibus
3012 4992 3146 5047 usui
3196 4996 3352 5056 sunt,
3405 4992 3717 5060 aliquando

2076 5092 2208 5157 post
2265 5086 2586 5140 revertitur.
2659 5087 2736 5139 Iis
2827 5081 3263 5137 conditionibus
3347 5078 3716 5146 renuntiatis,

2073 5174 2387 5245 imperator
2445 5190 2544 5246 per
2601 5172 2923 5242 provincias
3002 5169 3175 5224 edicit
3261 5172 3345 5229 ut,
3432 5183 3549 5237 qua
3622 5183 3720 5221 rex

2071 5262 2428 5319 transiturus
2461 5266 2636 5325 esset,
2669 5263 3029 5313 commentus
3071 5260 3499 5327 comportatur:
3533 5255 3722 5327 ipsius

2072 5370 2203 5406 vero
2236 5353 2291 5406 in
2324 5351 2468 5405 fines
2499 5352 2791 5405 Romanos
2825 5347 3128 5416 ingressus
3176 5345 3458 5399 victorum
3511 5361 3719 5417 genere

2071 5450 2125 5495 et.
2164 5440 2445 5510 dignitate
2470 5438 2620 5494 520
2645 5435 2933 5491 clarorum
2986 5434 3197 5487 litteris
3256 5433 3521 5489 nuntiato
3553 5452 3717 5489 eum-

2072 5531 2199 5585 dem
2247 5526 2623 5599 Logotbetam
2684 5524 2873 5579 denuo
2934 5523 3132 5588 mittit,
3175 5539 3403 5593 unaque
3460 5540 3591 5580 cum
3653 5541 3719 5582 eo

2070 5616 2463 5676 Andronicum
2498 5617 2984 5685 Cantaouzenum,
3031 5611 3131 5685 qui
3189 5609 3343 5685 regis
3397 5615 3715 5672 transitum
