4116 6206
407 339 527 404 761

1717 335 1768 395 Ν
1775 331 2029 396 [GETA
2068 327 2491 394 CHONIATE

3706 332 3826 394 768

403 473 863 532 commodiorem
932 471 1262 526 redderent.
1323 469 1535 526 Verum
1592 469 1634 526 ii
1687 465 2048 541 ignoratione

2162 460 2310 525 ἐντὸς
2367 461 2499 518 εἶναι
2562 467 2672 518 τῶν
2727 461 2891 537 ὁρίων
2938 458 3244 537 ἠγγέλλετο
3311 463 3421 516 τῶν
3490 461 3824 534 Ῥωμαϊκῶν

405 567 669 624 otticiiet
699 573 900 632 suapte
956 562 1190 632 ignavia
1247 563 1374 634 (etsi
1424 563 1579 617 enim
1641 560 1810 616 amici
1869 556 2053 612 nostri

403 660 564 721 sunt,
596 661 789 708 tamen
857 653 1066 707 veritas
1125 650 1211 707 eis
1283 661 1368 707 est
1437 650 1816 724 praeferenda)
1859 662 2052 715 regem

405 748 605 800 contra
661 747 952 798 Romanos
1009 741 1401 810 concitarunt,
1451 745 1508 796 et
1591 745 1656 796 ut
1736 739 2054 808 imperator

403 847 538 888 eum
606 847 710 902 pro
764 831 926 886 hoste
995 835 1330 900 suspectum
1416 829 1655 886 haberet
1717 829 2049 883 effecerunt.

401 923 488 978 Ita
516 923 574 977 et
609 921 1028 993 jusjurandum
1085 926 1175 976 est
1219 920 1518 975 turbatum
1569 923 1628 974 et
1669 917 2052 990 comportatio

401 1016 763 1068 commeatus
795 1008 1046 1066 cessavit
1077 1028 1092 1078 ;
1127 1013 1184 1064 et
1213 1026 1340 1078 nos,
1375 1009 1475 1078 qui
1537 1009 1654 1064 haec
1709 1007 2050 1072 scribimus,

399 1105 526 1156 tum
560 1097 1110 1171 Philippopolitanaa
1170 1097 1476 1168 provincias
1531 1095 1938 1167 gubernationi
1995 1099 2053 1148 et

399 1188 777 1260 descriptioni
838 1187 1114 1259 praefecti,
1184 1187 1453 1258 plurimis
1513 1185 1800 1242 molestiis
1845 1183 2048 1239 confli-

398 1278 534 1334 ctati
568 1293 800 1342 sumus,
845 1291 980 1330 cum
1042 1291 1199 1330 nunc
1255 1275 1624 1346 imperatoris
1680 1275 1854 1344 jussu
1913 1270 2051 1326 Phi-

399 1365 712 1437 lippopolis
741 1364 958 1420 mmnia
1003 1368 1062 1418 et
1123 1365 1308 1420 fossas
1374 1363 1494 1418 illis
1552 1363 1818 1434 angustis
1862 1367 1917 1415 et
1947 1375 2044 1432 pe-

401 1454 674 1510 riculosus
729 1453 1093 1523 temporibus
1143 1453 1630 1521 instauraremus,
1692 1467 1846 1506 nunc
1917 1449 2050 1505 aliis

399 1543 615 1600 litteris
667 1543 869 1599 eadem
930 1542 1195 1598 demoliri
1245 1543 1611 1613 juberemur,
1671 1557 1742 1597 ne
1791 1547 2046 1612 recepta-

402 1633 602 1690 culum
635 1632 790 1705 regis
820 1639 1034 1688 essent.
1066 1632 1172 1697 Qui
1228 1649 1360 1686 cum
1413 1631 1858 1687 excursionibus
1899 1647 2052 1684 com-

2160 554 2248 607 καὶ
2282 552 2583 628 γράμματα
2630 551 3004 631 πεφοιτηκότα
3033 555 3111 622 τῷ
3157 549 3376 625 βασιλεῖ
3426 552 3545 622 μετ’
3609 549 3825 627 ἀνδρῶν

2160 641 2297 696 κατὰ
2325 640 2482 716 γένος
2521 640 2792 716 λαμπρῶν
2849 641 2940 696 καὶ
2999 633 3218 710 ἀξίωσιν
3268 641 3367 707 τὴν
3396 641 3565 695 αὐτοῦ
3608 661 3824 717 παρου-

2163 728 2277 784 σίαν
2308 731 2634 802 ἒσήμαινον,
2668 732 2696 786 ὁ
2753 730 2914 792 αὐτὸς
2973 731 3063 784 καὶ
3103 728 3268 784 πάλιν
3301 727 3586 785 στέλλεται
3646 730 3822 806 λογο-

2163 819 2322 888 θέτης
2378 819 2434 874 εὖ
2489 815 2764 890 διαθήσων
2809 821 2910 888 τήν
2968 817 3147 874 δίοδον
3173 822 3270 874 τοῦ
3301 819 3498 896 ῥηγὸς,
3533 818 3630 874 σὺν
3671 819 3823 894 αύτῷ

2164 905 2221 962 δὲ
2276 907 2365 962 καὶ
2427 909 2454 962 ὁ
2512 909 2962 980 Καντακουζηνὸς
3017 906 3383 983 Ἀνδρόνικος.
3443 907 3606 966 Ἀλλ’
3671 910 3830 964 οὗτοι

2161 995 2658 1073 ἀνεπιστημοσύνῃο
2771 1002 2880 1053 τῶν
2966 997 3300 1076 ὀφειλόντων
3413 998 3659 1072 γενέσθαι
3736 998 3830 1053 καὶ

2165 1083 2510 1159 μαλακότητι
2552 1086 2726 1159 οἴκείᾳ
2781 1087 2984 1164 (χρεὼν
3039 1087 3142 1163 γὰρ
3196 1087 3286 1142 καὶ
3336 1086 3512 1164 φίλων
3552 1089 3692 1162 ἡμῖν
3719 1093 3830 1143 τῶν

2162 1170 2368 1248 ἀνδρῶν
2415 1170 2587 1228 ὅντων
2645 1175 2720 1238 ὡς
2779 1170 3150 1252 πρεσϐυτέραν
3196 1173 3287 1230 καὶ
3339 1171 3601 1249 φιλτὲραν
3657 1181 3825 1248 τιμᾷν

2158 1262 2258 1330 τὴν
2314 1262 2602 1338 ἀλήθειαν)
2661 1263 2821 1320 αὐτόν
2871 1285 2930 1319 τε
2987 1263 3078 1320 τὸν
3141 1264 3285 1341 ῥῆγα
3335 1264 3473 1319 κατᾶ
3529 1265 3826 1336 Ῥωμαίων

2159 1349 2418 1424 ἐξέμηναν
2475 1352 2567 1408 καί
2623 1353 2716 1409 τὸν
2805 1352 3032 1428 βασιλέα
3113 1353 3187 1416 ὡς
3281 1349 3557 1426 πολέμιον
3625 1353 3835 1409 ἐκεῖνον

2161 1440 2460 1520 ὑφορᾶσθαι
2517 1443 2868 1518 παρέπεισαν.
2935 1445 3096 1506 Ὀθεν
3160 1441 3214 1497 οτί
3262 1464 3323 1498 τε
3382 1441 3540 1514 ὅρκοι
3598 1443 3832 1518 συνεχὲς-

2161 1531 2354 1600 θησαν,
2385 1531 2476 1585 καὶ
2509 1535 2542 1600 ἡ
2575 1536 2682 1587 τῶν
2747 1537 3007 1606 ζωαρκῖον
3065 1531 3415 1587 ἐπιλελοίπει
3475 1529 3824 1609 συγκομιδὴ,

2157 1619 2246 1674 καὶ
2295 1623 2461 1692 ἡμεῖς
2518 1621 2567 1676 οἱ
2632 1623 2798 1678 ταῦτα
2853 1624 3146 1697 γράφοντες
3226 1620 3510 1684 πλείστοις
3566 1623 3819 1697 ἀνιαροῖς

400 1729 656 1780 meatum
701 1727 950 1794 pararet,
982 1721 1057 1776 im
1069 1725 1297 1794 perator
1324 1721 1548 1793 legatos
1578 1721 1705 1790 ejus
1754 1719 2048 1776 detinebat

2156 1708 2642 1784 προσεπλάκημεν,
2711 1713 2812 1781 τὴν
2869 1716 2964 1767 τοῦ
3017 1712 3251 1784 θέματος
3303 1709 3820 1774 Φιλιππουπόλεως

399 1820 454 1868 et
485 1816 766 1884 augustos
807 1811 1072 1866 tramites
1120 1827 1228 1864 sua
1279 1809 1554 1881 Opinione
1602 1807 2048 1876 intercludebat,

2159 1799 2530 1873 ὑπεζωσμένοι
2595 1805 2894 1871 τηνικαῦτα
2950 1802 3038 1856 καὶ
3099 1801 3280 1876 ἀρχὴν
3340 1803 3431 1856 καὶ
3467 1804 3820 1878 ἀπογραφὴν,

401 1899 708 1955 altissimis
758 1897 1062 1954 arboribus
1120 1896 1370 1954 succisis
1419 1905 1475 1952 et
1523 1896 1603 1952 ita
1660 1895 1928 1969 implexis
1987 1901 2050 1952 ut

399 1988 456 2044 id
489 1993 709 2059 septum
761 2005 794 2044 a
849 2003 984 2058 rege
1039 1985 1276 2042 transiri
1325 2003 1439 2041 non
1474 1991 1689 2056 posset.
1721 1986 1830 2042 Sed
1865 1991 1922 2042 et
1956 2003 2052 2058 pa-

402 2078 644 2141 truelem
698 2094 872 2133 suum
926 2075 1248 2132 Manuelem
1323 2076 1469 2132 527
1559 2077 1862 2148 Camyzem
1925 2093 2050 2147 prc-

399 2159 797 2233 tostratorem,
853 2170 910 2221 et
959 2165 1288 2222 Occidentis
1338 2166 1716 2222 domesticum
1784 2166 2047 2223 Alexium

403 2257 820 2323 Guidum,cum
845 2256 1097 2312 exercitu
1114 2270 1308 2327 regem
1329 2255 1610 2327 subsequi
1625 2261 1680 2311 et
1697 2255 2012 2312 Alemanno
2027 2273 2054 2312 s

397 2347 747 2420 pabulantes
787 2364 857 2403 ex
902 2346 1135 2402 insidiis
1184 2346 1421 2418 aggredi
1458 2347 1655 2417 jussit.
1703 2346 1916 2403 Verum
1949 2363 2048 2404 rex

398 2437 496 2493 illo
531 2439 804 2492 arborum
836 2434 985 2490 vallo
1013 2435 1095 2491 ita
1146 2435 1463 2507 impeditus
1503 2438 1592 2491 est
1641 2441 1705 2491 ut
1741 2453 1810 2492 ex
1857 2453 2048 2510 angu-

401 2526 534 2585 stiis
561 2526 687 2582 sine
736 2523 854 2581 ullo
901 2525 1130 2598 negotio
1181 2527 1464 2581 evaderet.
1520 2525 1638 2581 lmo
1688 2527 1842 2598 quod
1894 2527 2044 2582 face-

403 2615 520 2673 tius
552 2619 661 2680 est,
694 2614 808 2670 alia
836 2615 926 2670 via
957 2613 1408 2688 Philippopolim
1442 2615 1763 2687 penetravit
1793 2632 1808 2684 ;
1852 2615 2048 2688 ibique

400 2705 550 2762 vallo
576 2704 806 2760 munito
830 2703 1110 2760 Romanis
1140 2704 1608 2776 imprudentibus
1659 2702 1786 2760 loca
1834 2721 2048 2775 prame-

401 2795 655 2866 cupavit,
687 2810 720 2849 a
750 2791 967 2864 quibus
993 2792 1414 2864 prohibebatur
1461 2808 1832 2866 quorumque
1870 2809 2050 2850 causa

397 2883 682 2956 angustiae
709 2883 1185 2938 obstruebantur.
1221 2880 1667 2954 Philippopolim
1719 2881 2046 2954 ingressus,

396 2971 602 3028 urbem
656 2970 951 3045 plerisque
999 2971 1190 3044 iisque
1249 2969 1636 3026 nobilissimis
1685 2970 1910 3027 civibus
1957 2989 2050 3028 va-

397 3077 567 3118 cuam
603 3061 832 3133 reperit.
867 3061 1014 3116 Nam
1045 3061 1095 3117 si
1129 3062 1260 3132 quis
1290 3059 1372 3116 ibi
1402 3066 1718 3129 manserat,
1751 3061 1800 3118 is
1842 3067 1946 3116 aut
1969 3061 2048 3118 ita

2156 1891 2248 1944 νῦν
2331 1889 2424 1961 μὶν
2478 1890 2613 1963 πρὸς
2677 1887 2948 1964 βασιλέως
3009 1889 3420 1961 ἐπιταττόμενοι
3511 1890 3824 1959 ἀνακτίζειν

2155 1977 2246 2034 τὸν
2277 1983 2380 2048 τῆς
2440 1975 2724 2034 Φιλίππου
2783 1973 3086 2054 περίϐολον
3135 1977 3224 2034 καὶ
3287 1977 3688 2056 διαταφρεύειν,
3734 1978 3829 2034 καὶ

2157 2067 2304 2123 οὕτω
2359 2068 2494 2122 κατὰ
2538 2065 2668 2130 τοὺς
2724 2066 2940 2129 στενοὺς
2998 2066 3237 2129 ἰκείνους
3319 2069 3406 2123 καὶ
3471 2065 3824 2132 κινδυνώδεις

2159 2156 2395 2234 χρόνους
2427 2155 2908 2232 διαπραττόμενοι,
2963 2159 3100 2231 μετά
3132 2157 3314 2233 βραχὺ
3374 2155 3432 2213 δὲ
3491 2155 3582 2213 διὰ
3639 2179 3824 2234 γραμο

2161 2247 2344 2322 μάτων
2397 2248 2495 2317 τὴν
2567 2248 2878 2323 καθαίρεσιν
2965 2247 3387 2322 ἐπιτιμώμενοι,
3448 2247 3543 2304 ’ἱνα
3601 2250 3679 2323 μή
3732 2249 3820 2321 εἲη

2157 2337 2524 2416 κρησφύγετον
2571 2341 2652 2410 τῷ
2708 2337 2858 2414 ῥηγί,
2919 2335 3144 2411 ’Δμέλει
3169 2338 3264 2392 καὶ
3322 2338 3350 2392 ὁ
3413 2339 3507 2410 μὶν
3541 2335 3821 2412 ἒκδρομᾶς

2157 2426 2485 2500 ποιούμενος
2517 2427 2583 2482 τόι
2635 2426 2770 2501 πρὸς
2815 2427 2879 2482 τὸ
2940 2430 3035 2500 ζῇν
3091 2425 3393 2503 ἐπορίζετο,
3428 2425 3687 2502 βασιλεὺς
3760 2425 3820 2484 δὲ

2155 2516 2280 2578 τοὺς
2345 2519 2444 2571 τοῦ
2500 2514 2665 2592 ρηγὸς
2722 2510 2976 2592 πρέσϐεις
3033 2517 3136 2572 οὖκ
3199 2515 3283 2572 εἴα
3369 2515 3816 2573 ἐπανελεύσεσθαι

2155 2607 2290 2682 πρὸς
2326 2606 2419 2662 τὸν
2453 2606 2874 2672 ἀποστείλαντα,
2903 2606 2994 2662 καὶ
3025 2607 3121 2670 τὰς
3156 2607 3340 2668 στενὰς
3385 2612 3494 2662 τῶν
3526 2603 3812 2682 παρόδων,

2157 2695 2232 2758 ὡς
2263 2694 2448 2770 ἐκείνῳ
2477 2692 2676 2762 ἐδόκει,
2710 2692 2987 2767 ἀπέκλειε,
3017 2691 3383 2752 καταϐάλλων
3409 2693 3498 2750 διὰ
3531 2696 3811 2751 πελέκεων

2155 2783 2224 2841 τὰ
2257 2788 2366 2839 τῶν
2426 2781 2662 2858 δένδρων
2725 2784 2944 2860 ὑψιτενῆ
3001 2785 3092 2840 καὶ
3128 2784 3449 2862 βαθύῤῥιζα,
3490 2785 3582 2840 καὶ
3639 2789 3822 2842 ταῦτα

2159 2875 2246 2948 [Ρ.
2277 2873 2748 2948 2581ὲκκορυφῶν
2805 2875 2880 2937 ὡς
2940 2875 3016 2939 εἰς
3077 2871 3412 2946 ἀδιεξίτητον
3463 2874 3819 2954 ὰντίφραγμα

2155 2969 2272 3027 τοῖς
2357 2960 2659 3021 ὁδεύουσιν.
2717 2961 2898 3022 ’Δλλά
2945 2963 3035 3019 καί
3111 2963 3204 3018 τὸν
3263 2961 3557 3044 ἐξάδελφον
3606 2963 3820 3022 ἐκείνου

2156 3054 2419 3125 Μανουήλ
2482 3054 2576 3110 τὸν
2631 3054 2950 3129 Καμύτζην,
3003 3057 3467 3131 πρωτοπράτορα
3516 3055 3670 3128 ὄντα,
3727 3057 3823 3113 καὶ

401 3168 627 3224 pauper
656 3156 780 3208 erat
810 3156 871 3206 ut
898 3151 1026 3222 ejus
1073 3167 1214 3222 opes
1255 3149 1314 3205 in
1347 3151 1606 3206 vestibus
1651 3152 1865 3222 quibus
1895 3159 2047 3222 tege-

2155 3145 2246 3202 τὸν
2273 3151 2374 3216 τῆς
2407 3145 2616 3207 Δύσεως
2649 3141 2970 3218 δομέστικον
3009 3145 3102 3201 τὸν
3161 3143 3322 3201 Γίδον
3359 3145 3627 3219 -Ἀλέξιον
3667 3167 3822 3224 παρ-

400 3241 574 3298 batur
603 3240 1010 3311 consisterent,
1063 3245 1166 3302 aut
1215 3243 1341 3297 erat
1387 3255 1457 3296 ex
1504 3241 1906 3296 Armeniorum
1948 3258 2050 3296 nu-

400 3347 581 3388 mero.
620 3331 688 3386 Hi
715 3331 872 3387 enim
907 3329 1008 3386 uni
1039 3329 1307 3386 omnium
1338 3330 1648 3386 transitum
1700 3329 2048 3386 Alamanno-

400 3435 531 3476 rum
567 3435 680 3476 non
711 3419 972 3477 hostium
1001 3419 1420 3488 incursionem,
1456 3419 1556 3475 sed
1597 3418 1920 3476 amicorum
1953 3419 2048 3476 ad-

395 3511 628 3564 ventum
655 3509 1020 3580 judicabant.
1054 3508 1201 3564 Nam
1253 3511 1311 3565 et
1361 3508 1708 3564 commercia
1742 3509 1894 3564 inter
1919 3523 2049 3566 sese

396 3597 620 3670 agitant
649 3603 708 3654 et
735 3599 794 3654 in
827 3597 1120 3670 plerisque
1151 3596 1453 3669 religionis
1483 3597 1862 3670 dogmatibus
1907 3614 2050 3654 con-

401 3687 693 3744 sentiunt.’
715 3685 939 3760 Quippe
972 3688 1124 3759 apud
1155 3685 1509 3742 Alamannos
1539 3691 1596 3742 et
1625 3687 1932 3742 Armenios
1953 3703 2045 3743 sa-

399 3792 631 3834 crarum
665 3775 991 3848 imaginum
1025 3775 1289 3832 adoratio
1321 3791 1486 3846 eaque
1515 3775 1822 3832 interdicta
1851 3781 1962 3844 est,
1993 3779 2052 3831 et

398 3869 618 3940 azymis
646 3865 701 3921 in
735 3865 917 3923 sacris
943 3864 1176 3937 utrique
1210 3869 1475 3934 utuntur,
1521 3868 1578 3920 et
1625 3863 1739 3920 alia
1781 3866 2045 3936 quaedam

402 3955 738 4014 orthodoxis
767 3953 1116 4011 Christianis
1161 3955 1490 4026 improbata
1537 3953 1831 4027 opinionis
1855 3969 2050 4010 errore

401 4063 506 4120 pro
538 4045 819 4118 legitimis
849 4047 1181 4102 observant.
1213 4043 1517 4099 Enimvero
1564 4059 1662 4100 rex
1705 4044 1877 4100 etiam
1921 4051 2050 4116 post

405 4134 848 4207 Philippopolim
883 4138 1220 4205 occupatam
1272 4134 1340 4189 ad
1388 4135 1862 4206 protostratorem
1899 4132 2048 4189 scri-

402 4224 538 4281 bere
570 4225 719 4282 528
751 4225 916 4294 eique
966 4222 1299 4296 signiﬁcare
1352 4239 1468 4279 non
1509 4219 1730 4277 destitit
1758 4221 2048 4277 Romanos

399 4314 618 4371 frustra
647 4315 758 4371 sibi
794 4315 903 4371 iter
933 4315 1233 4370 includere
1280 4318 1340 4368 et
1389 4316 1793 4386 properantem
1844 4318 2048 4368 contra

397 4403 658 4461 ofﬁcium
691 4404 992 4478 impedire.
1044 4403 1242 4476 Neque
1295 4403 1451 4459 enim
1516 4419 1577 4460 se
1619 4401 1704 4460 vel
1757 4401 1919 4474 prius
1958 4402 2045 4458 vel

398 4511 554 4549 nunc
579 4493 901 4564 qtiiquam
933 4493 991 4548 in
1023 4493 1219 4548 animo
1241 4491 1541 4558 habuisse,
1576 4493 1732 4564 quod
1763 4491 2041 4548 Romanis

399 4581 838 4637 incommodum
875 4587 978 4636 aut
1002 4581 1330 4636 molestiam
1363 4581 1614 4647 afferret,
1655 4586 1714 4638 et
1765 4586 1928 4653 pacta
1977 4597 2042 4637 ac

394 4677 683 4728 conventa
711 4669 903 4726 adhuc
934 4669 1212 4726 inviolata
1231 4685 1596 4726 conservare.
1638 4671 1746 4737 Qui
1779 4686 1910 4726 cum
1943 4687 2042 4726 eas

392 4759 617 4817 litteras
656 4759 995 4830 imperatori
1027 4757 1420 4830 signiﬁcasset
1464 4764 1521 4814 et
1555 4760 1728 4829 juesa
1763 4759 1892 4829 ejus
1921 4775 2046 4816 exs-

391 4855 669 4926 pectaret,
702 4866 1004 4922 nunquam
1041 4851 1303 4918 pacatum
1333 4848 1404 4902 ab
1453 4864 1519 4904 eo
1579 4864 1921 4920 responsum
1956 4865 2044 4904 ac-

338 4955 344 4960 ·
392 4941 566 5014 cepit,
595 4939 848 4997 subinde
895 4941 965 4996 ad
1015 4936 1278 5010 praelium
1331 4936 1818 4993 committendum
1872 4935 2044 4992 exsti-

391 5032 744 5101 mulantejet
775 5029 1070 5103 ignaviam
1098 5028 1148 5085 ci
1179 5028 1556 5100 exprobante,
1579 5027 1737 5099 quod
1773 5025 2042 5082 Aleman-

391 5138 603 5180 norum
632 5125 848 5176 temere
887 5124 943 5175 et
987 5117 1242 5189 sparsim
1315 5115 1654 5190 pabulatum
1705 5115 2042 5172 exeuntium

389 5213 606 5270 caedem
627 5215 698 5281 .et
728 5207 1184 5266 internecionem
1215 5207 1476 5263 nondum
1505 5204 1914 5278 significasset.

2153 3234 2371 3300 έπεσθαί
2459 3235 2511 3290 ol
2617 3234 2754 3308 μετᾶ
2851 3237 3270 3310 στρατευμάτων
3375 3233 3648 3309 ἐκέλευσε,
3724 3236 3825 3292 καὶ

2154 3321 2470 3395 λεληθότως
2529 3321 2860 3378 ἐπιτίθεσθαι
2921 3328 3038 3385 τοῖς
3111 3323 3522 3400 χορτολογοῦσι
3579 3325 3674 3380 καὶ
3730 3325 3830 3390 τὰς

2151 3413 2356 3490 τροφὰς
2409 3413 2762 3486 μαστεύουσιν
2813 3410 3176 3485 Ἀλαμανοῖς.
3229 3415 3324 3486 Τῷ
3379 3411 3438 3468 δὶ
3493 3412 3621 3490 ρηγὶ
3675 3413 3822 3471 οὕτω

2153 3501 2522 3578 προσέστησαν
2601 3501 2669 3557 τὰ
2724 3506 2844 3566 ταῖς
2909 3498 3248 3579 δυσχωρίαις
3330 3502 3672 3579 γεγενημένα
3729 3501 3824 3560 διὰ

2153 3587 2469 3662 καταϐολῆς
2536 3595 2642 3646 τῶν
2709 3586 2940 3664 δένδρων
3035 3591 3462 3668 ἐπιτειχίσματα
3525 3590 3666 3648 ὥστε
3724 3593 3822 3650 σὺν

2153 3681 2304 3755 πόνῳ
2327 3677 2500 3736 οὐδενὶ
2531 3679 2807 3750 παρῆλθεν
2866 3681 3026 3736 αὐτά.
3085 3682 3161 3738 Τὸ
3220 3677 3279 3736 δὲ
3323 3677 3392 3750 δή
3428 3680 3812 3760 χαριέστερον,

2155 3771 2314 3832 αὐτὸς
2348 3771 2442 3844 μὶν
2474 3767 2544 3824 δι’
2575 3767 2754 3842 ἄλλης
2815 3767 2946 3825 ὁδοῦ
2994 3768 3265 3842 ἐπορεύθη
3307 3770 3400 3825 καὶ
3458 3769 3670 3838 εῗσῆλθε
3699 3771 3805 3838 τὴν

2154 3857 2633 3928 Φιλιππούπολιν,
2691 3858 2782 3914 καὶ
2841 3861 2959 3916 κατ’
3043 3857 3213 3928 αὒτῆν
3276 3853 3491 3916 ἐϐάλετο
3553 3857 3794 3934 χάρακα,

2151 3949 2464 4022 Ῥωμαίους
2495 3945 2552 4004 δὲ
2599 3945 3008 4023 ἀντιπαρελθὼν
3039 3947 3220 4018 ἔλαθε,
3281 3950 3567 4024 γενόμενος
3595 3945 3646 4002 ὲν
3675 3953 3800 4010 τοῖς

2154 4033 2460 4112 ἔμπροσθεν
2510 4036 2601 4092 καὶ
2655 4037 2900 4114 κατέχων
2960 4035 3034 4092 ὧν
3108 4035 3321 4112 εἴργετο
3374 4038 3464 4093 καὶ
3519 4037 3589 4091 ὧν
3638 4035 3807 4112 χάριν

2154 4128 2210 4183 αὶ
2249 4123 2481 4200 πάροδοι
2532 4125 2958 4204 ἀπεφράσσοντο.
3033 4127 3142 4195 Τὴν
3218 4123 3276 4181 δὲ
3353 4123 3817 4182 Φιλιππούπολιν

2153 4215 2334 4272 είσιὼν
2367 4214 2744 4290 κεκενωμένην
2805 4214 2926 4290 εὗρε
2979 4220 3088 4271 τῶν
3149 4215 3423 4271 πλειόνων
3484 4217 3575 4270 καὶ
3618 4213 3821 4294 ἐπιφα-

2151 4305 2410 4379 νεστέρων
2440 4305 2608 4375 αὐτῆς
2667 4303 2998 4378 οῑκητόρων·
3061 4305 3107 4360 εἷ
3163 4306 3268 4382 γάρ
3315 4325 3400 4366 τις
3459 4305 3554 4359 καὶ
3613 4303 3827 4362 ὑπολέ-

2154 4393 2368 4464 λειπτο,
2401 4393 2704 4473 πτωχεύων
2763 4393 2831 4463 ἦν
2875 4393 3034 4457 οὗτος
3089 4395 3180 4449 καὶ
3242 4395 3342 4463 τήν
3403 4393 3592 4448 οὐσίαν
3647 4399 3824 4450 πᾶσαν

2154 4483 2207 4540 ὲν
2231 4483 2310 4546 οἷς
2336 4479 2612 4538 ἐνεδέδυτο
2669 4482 2914 4558 ἀριθμῶν
2968 4484 3056 4540 καὶ
3106 4488 3224 4547 τοῖς
3286 4482 3604 4558 Ἀρμενίοις
3635 4504 3824 4540 κατει-

2151 4572 2432 4648 λεγμένος.
2472 4571 2640 4629 Οὗτοι
2691 4572 2794 4648 γὰρ
2858 4571 3017 4645 μόνοι
3077 4577 3186 4629 τῶν
3229 4573 3480 4628 ἁπάντων
3543 4571 3642 4628 οὐκ
3694 4573 3821 4629 ἐπι-

2152 4658 2365 4737 δρομήν
2394 4658 2584 4729 ἒθνῶν,
2610 4659 2758 4716 ἀλλὰ
2789 4657 2967 4738 φίλων
3021 4659 3318 4736 παρουσίαν
3345 4661 3449 4730 τήν
3489 4665 3599 4716 τῶν
3651 4659 3818 4718 ’Δλα-

2155 4754 2338 4825 μανῶν
2394 4747 2664 4805 διέλευσιν
2732 4745 2958 4824 ἥγηντο,
3009 4747 3202 4818 ἐπειδὴ
3284 4749 3376 4806 καὶ
3460 4754 3817 4827 συγχρῶνται

2152 4839 2466 4915 Ἀρμενίοις
2521 4836 2821 4913 ’Λλαμανοὶ
2881 4839 2970 4894 καὶ
3029 4839 3168 4895 κατὰ
3214 4843 3323 4895 τῶν
3390 4841 3650 4915 αἱρέσεων
3716 4841 3815 4904 τὰς

2151 4927 2410 4990 πλείστας
2442 4926 2718 5000 ἀλλήλοις
2753 4930 3142 5008 συμφέρονται’
3195 4928 3510 5004 Ἀρμενίοις
3559 4929 3667 5004 γὰρ
3722 4928 3814 4983 καὶ

2152 5019 2488 5094 Ἀλαμανοῖς
2546 5017 2630 5074 ἐπ’
2685 5017 2814 5090 ἴσης
2870 5021 2906 5088 ἡ
2955 5022 3063 5074 τῶν
3103 5017 3273 5094 ἀγίων
3305 5019 3528 5076 εἰκόνων
3570 5017 3812 5094 προσκύ-

2151 5131 2305 5181 νησις
2335 5107 2728 5182 ἀπηγόρευται,
2757 5107 2850 5163 καὶ
2879 5111 2996 5170 τοῖς
3053 5107 3288 5180 ἀζύμοις
3319 5107 3460 5164 κατὰ
3514 5110 3609 5170 τὰς
3665 5109 3812 5180 ἱερο-

2148 5197 2399 5259 τελεσίας
2501 5197 2806 5272 ἀμφότεροι
2897 5195 3225 5276 κέχρηνται,
3301 5195 3391 5252 καὶ
3477 5195 3624 5254 ἄλλα
3681 5195 3812 5253 ἄττα

391 5279 706 5377 ὁρθοδὸξοις
749 5295 1166 5369 Χριστωνύμοις
1208 5288 1502 5364 ἀπόϐλητα
1558 5293 1712 5348 οὗτοι
1751 5289 2132 5369 σφαλλόμενοι
2196 5287 2498 5377 τοῦνδρθοῦ
2573 5291 2832 5361 τηροῦσιν
2911 5287 2989 5377 ὠς
3055 5279 3272 5360 ἔννομα.
3331 5287 3492 5377 Ηλλήν
3545 5287 3656 5377 καὶ-
3711 5294 3808 5377 τῆς

393 5369 680 5445 φιλίππου
754 5387 1043 5462 γενόμενος
1111 5385 1140 5439 ὁ
1357 5383 1622 5460 ἐγκρατὴς
1679 5383 1780 5439 οὐκ
1851 5381 2046 5452 ἀνῆκεν
2125 5375 2463 5436 ἐπιστέλλων
2535 5379 2615 5447 τῷ
2653 5375 3128 5451 πρωτοπράτορι,
3205 5376 3297 5430 καὶ
3376 5369 3815 5462 διαμηνυόμενοξ

393 5477 469 5540 ὠς
511 5477 686 5550 μάτην
737 5457 898 5529 at.ch
973 5481 1074 5543 τῆς
1115 5473 1304 5550 πρόσω
1369 5457 1593 5549 πορείας
1667 5475 1938 5546 Ῥωμαῖοι
2004 5468 2282 5526 κωλύουσι
2357 5465 2449 5522 καὶ
2527 5466 2604 5538 μή
2684 5462 2803 5550 δέον
2869 5463 3162 5541 ἐπέχουσιν
3231 5463 3619 5541 ἆπειγόμιινον⁹
3679 5457 3815 5540 μηδδ

388 5548 670 5644 γὰρ-κατὰ
706 5561 996 5636 Ῥωμαίων
1039 5548 1348 5642 ἀξύμφορόν
1413 5548 1464 5618 τι
1505 5565 1595 5619 καὶ
1636 5561 1804 5640 ἄχαρι
1879 5560 1971 5618 καὶ
2011 5564 2102 5615 νῦν
2166 5558 2259 5614 καὶ
2334 5555 2600 5630 πρότερον
2679 5548 3096 5630 βεϐουλεῦσθαι,
3153 5552 3244 5608 καὶ
3322 5555 3391 5609 τά
3434 5554 3815 5629 συντεθειμένα

391 5641 459 5713 δῖ
489 5650 780 5734 φυλάττειν
839 5641 1316 5730 ἀπαρεγχείρητα.
1360 5657 1422 5712 Ὀ
1460 5649 1516 5708 δὶ
1559 5649 1704 5724 δῆλα
1739 5651 1910 5717 τιθεὶς
1945 5653 2028 5724 τῷ
2093 5645 2453 5724 αὐτοκράτορι
2490 5645 2558 5701 τὰ
2593 5644 2935 5725 γραφόμενα,
3010 5643 3099 5700 καὶ
3166 5643 3232 5701 τὸ
3271 5644 3534 5717 ποιητέον
3609 5641 3808 5709 ἐκεῖθεν
