4116 6206
312 368 345 425 7
353 364 436 426 69

1447 365 1549 427 DE
1590 365 1903 428 ISAACIO
1943 365 2258 428 ANGELO
2303 367 2449 428 LIB.
2493 365 2570 430 II.

3612 375 3646 431 '1
3653 369 3734 431 70

311 514 761 588 ἐπιταττόμενος,
816 512 1079 570 αύδὲποτε
1135 516 1256 590 εἶχε
1308 516 1401 570 τὸν
1463 514 1692 591 βασιλέα
1745 514 1813 569 τὰ
1867 515 2005 589 πρὸς
2066 514 2289 591 εἰρήνην
2350 518 2866 587 ἀντεπιστέλλοντα,
2921 516 3049 575 ἀλλ’
3129 519 3455 596 ἀῤῥενοῦντα
3516 521 3732 595 μᾶλλον

325 604 492 659 αὐτὸν
527 604 604 667 εἷς
644 606 744 672 τήν
777 604 914 676 μετᾶ
962 609 1057 659 τοῦ
1116 603 1282 680 ρηγὸς
1341 605 1690 679 συμπλοκῆν,
1743 604 1829 658 καὶ
1882 602 1959 665 εἷς
2018 605 2196 680 ἆγενὶς
2252 604 2687 679 κατονειδίζοντα
2741 610 2997 689 φρόνημα
3044 607 3126 664 ὅτι
3187 612 3260 683 μὴ
3313 610 3365 673 ἐς
3413 609 3569 686 δεῦρο
3616 606 3734 687 ἔχει

320 693 635 766 πυθόμενος
668 692 939 768 ἀναίρεσιν
970 693 1059 748 καὶ
1089 695 1253 762 ἧτταν
1308 691 1633 765 ’Δλαμανῶν
1683 692 1819 747 κατὰ
1863 690 1991 754 ἴλας
2033 693 2282 764 ἐξιόντων
2332 696 2408 759 εἷς
2458 702 2641 754 σιτίων
2691 698 2960 772 ἀνεύρεσιν
3006 698 3095 753 καὶ
3144 701 3280 754 κατᾶ
3320 701 3473 755 πώεα
3521 700 3733 757 πλατέα

307 785 470 839 κάκεῖ
498 785 589 838 καὶ
618 780 754 858 τῇδε
785 784 1126 860 ἐκχεομένων
1163 783 1298 857 μετὰ
1328 783 1594 854 πλείστης
1625 783 1759 853 ’ὀσης
1786 785 1885 852 τῆς
1913 786 2313 855 πεποιθήσεως.

387 869 458 929 δ’.
536 876 716 930 Ταῦτα
793 869 849 927 δὲ
920 873 1138 950 γράφων
1211 873 1280 942 ἧν
1355 873 1413 928 ἐυ
1451 877 1532 945 τῷ
1571 871 1810 942 δοξάζειν
1848 891 1954 947 παρ

2158 878 2210 932 4.
2249 879 2375 935 Haec
2417 879 2675 950 impulsu
2735 881 3045 950 cujusdam
3106 880 3422 946 scribebat,
3502 881 3600 953 qui
3663 898 3731 936 ex

308 963 487 1033 ἑαυτῷ
517 983 680 1016 τινων
714 962 1044 1038 ὑφηγήσεσι,
1077 962 1405 1036 φωνούντων
1442 960 1655 1035 μᾶλλον
1706 961 1814 1016 ἀπὸ
1863 982 1972 1039 γα·-

2080 967 2521 1039 engastrimythi
2558 970 2749 1039 potius
2779 968 2979 1025 afﬂatu
3030 985 3205 1039 quam
3246 969 3582 1041 prophetico
3615 972 3731 1041 spi-

306 1052 467 1126 στρὸς
519 1053 634 1125 (33)
686 1050 826 1125 ἢπερ
902 1047 1238 1126 προειδότων
1314 1053 1381 1106 τὰ
1459 1049 1752 1126 μέλλοντα,
1834 1047 1954 1124 μηδι

2079 1056 2554 1114 ritu-affirmabat
2583 1060 2701 1132 regi
2737 1077 3036 1132 nunquam
3073 1060 3130 1115 in
3188 1065 3444 1116 mentem
3496 1064 3728 1117 venisse

307 1160 449 1196 ποτε
479 1139 772 1215 προθέσθαι
822 1140 916 1194 τὸν
976 1140 1119 1216 ῥῆγα
1165 1142 1262 1211 τὴν
1311 1138 1679 1211 Παλαιστίνην
1730 1137 1954 1195 καταλα-

2079 1145 2397 1202 Palaestina;
2429 1148 2896 1219 occupationem,
2929 1150 3032 1205 sed
3061 1165 3197 1204 eum
3242 1148 3389 1204 nihil
3448 1149 3603 1205 aliud
3639 1167 3730 1206 co-

312 1225 451 1297 δεῖν,
509 1229 656 1285 ἀλλὰ
711 1230 811 1297 τὴν
870 1230 1076 1284 ἅπασαν
1134 1230 1344 1308 τρέφειν
1426 1225 1603 1308 ἔφεσιν
1682 1229 1820 1285 κατᾶ
1869 1236 1969 1298 τῆς

316 1315 608 1390 βασιλίδος
652 1322 759 1373 τῶν
804 1317 1045 1389 πόλεων,
1102 1318 1193 1373 καὶ
1263 1318 1486 1392 μέλλειν
1543 1318 1603 1373 ἐκ
1656 1322 1754 1373 τοῦ
1813 1315 1970 1387 δῆθεν

314 1405 725 1486 ἀναμφιλέκτου
768 1403 856 1461 διὰ
891 1413 993 1476 τῆς
1023 1405 1325 1483 λεγομένης
1358 1406 1710 1482 Ξυλοκέκρου
1732 1403 1968 1468 πυλίδος

309 1504 417 1566 τῆς
445 1496 660 1557 πόλεως
700 1495 961 1560 εἰσελθεῖν
1012 1493 1215 1566 ἔνδοθι,
1264 1497 1354 1551 καὶ
1401 1494 1592 1572 δρᾶσαι
1640 1500 1857 1571 πρῶτον
1900 1496 1968 1550 τὰ

304 1588 636 1653 ἀπευκταῖα,
714 1589 902 1649 παθεῖν
981 1581 1030 1639 δ’
1102 1579 1286 1640 ἔπειτα
1356 1586 1424 1641 τὰ
1497 1584 1795 1663 ἀντίρῥοπα
1848 1589 1965 1646 τοῖς

308 1672 555 1736 δικαίοις
584 1678 681 1730 τοῦ
731 1678 867 1729 Θεοῦ
917 1673 1221 1748 σταθμίοις.
1273 1676 1375 1731 Καὶ
1424 1672 1701 1736 τοιαύταις
1747 1671 1967 1749 προλη-

305 1766 462 1840 φθείς
490 1766 745 1840 γνώμαις
774 1763 941 1835 αὐτήν
966 1785 1024 1819 τε
1067 1766 1165 1834 τὴν
1203 1765 1552 1839 Ξυλόκερκρν
1604 1761 1698 1820 διὰ
1746 1763 1966 1819 τιτάνου

299 1853 394 1908 καὶ
425 1854 664 1917 πλίνθου
717 1852 890 1921 ὀπτῆς
944 1852 1263 1927 ἀπέφραξεν,
1309 1853 1458 1926 [259]
1508 1853 1597 1906 καὶ
1650 1851 1786 1929 βέλη
1850 1855 1965 1923 (34)

299 1940 680 2018 νεοχὰλκευτα
711 1944 886 2019 φέρων
918 1940 1194 2004 πολλάκις
1226 1940 1277 1996 ἐν
1305 1947 1424 1996 ταῖν
1452 1946 1641 2016 χεροῖν
1662 1941 1812 1995 ταῦτ’
1832 1934 1964 2017 ἔφα-

304 2053 431 2087 σκεν
473 2031 669 2102 ἂκονᾷν
722 2032 860 2086 κατὰ
904 2028 1126 2105 καρδίας
1170 2030 1530 2105 παγησόμενα
1569 2035 1678 2086 τῶν
1712 2028 1963 2103 Ἀλαμα-

299 2127 436 2177 νῶν
471 2119 731 2176 δεικνύων
761 2118 819 2175 δὲ
866 2121 965 2189 τὴν
1015 2120 1328 2195 παράθυρον
1388 2118 1440 2174 ἐν
1483 2124 1600 2181 τοῖς
1657 2118 1961 2196 βασιλείοις

2076 1234 2260 1306 gitare
2293 1235 2403 1291 nisi
2453 1236 2615 1291 urbis
2661 1236 3051 1309 imperatricis
3102 1238 3491 1306 dominatum,
3525 1243 3583 1294 et
3628 1254 3728 1308 per

2076 1323 2369 1394 Xylocerci
2402 1331 2627 1398 portam
2653 1326 2803 1381 haud
2841 1327 3012 1382 dubie
3043 1327 3375 1400 ingressum
3416 1345 3481 1384 ea
3537 1329 3726 1384 factu-

2077 1429 2206 1468 rum
2234 1413 2519 1487 principio
2544 1432 2671 1487 quas
2702 1416 3099 1472 abominanda
3148 1416 3290 1483 sint,
3323 1415 3533 1472 deinde
3559 1418 3723 1486 justo

2080 1501 2173 1557 Dei
2199 1502 2425 1573 judicio
2456 1520 2571 1559 non
2605 1505 2880 1575 pauciora
2910 1522 3347 1577 perpessurum.
3384 1505 3721 1577 Hujusmodi

2075 1592 2446 1663 opinionibus
2470 1594 2624 1649 529
2658 1584 2978 1664 occupatus
3006 1594 3330 1665 imperator
3370 1593 3556 1665 ipsum
3588 1612 3722 1665 por-

2075 1685 2195 1734 tam
2251 1680 2535 1738 lateribus
2590 1690 2643 1738 et
2693 1688 2959 1739 cemento
3018 1683 3358 1752 obstruxit;
3418 1692 3471 1739 et
3523 1687 3724 1739 acutas

2072 1768 2340 1841 sagittas,
2373 1787 2521 1842 quas
2553 1788 2706 1843 saepe
2737 1772 3009 1828 manibus
3036 1773 3328 1843 gestabat,
3356 1789 3417 1827 se
3445 1771 3506 1827 in
3541 1772 3727 1828 cordi-

2072 1856 2181 1913 bus
2210 1858 2662 1915 Alemannorum
2696 1860 3023 1915 defixurum
3073 1877 3202 1918 esse
3251 1861 3522 1929 dicebat;
3557 1878 3721 1917 mon-

2071 1951 2371 2017 strataque
2404 1950 2656 2004 fenestra
2714 1949 3044 2004 Blachernii
3112 1950 3312 2021 palatii
3369 1951 3427 2005 in
3489 1967 3554 2006 eo
3594 1951 3722 2006 loco

2071 2035 2166 2105 qui
2200 2035 2273 2090 ab
2305 2037 2609 2092 altitudine
2661 2045 3114 2110 cognomentum
3173 2037 3367 2108 habet,
3416 2039 3569 2094 unde
3627 2055 3723 2109 pa-

2071 2127 2255 2180 tentes
2313 2126 2498 2198 campi
2544 2132 2705 2182 extra
2763 2126 3202 2199 progugnacula
3258 2126 3317 2181 in
3376 2125 3721 2198 Philopatiis

300 2216 416 2268 τῶν
449 2211 778 2290 Βλαχερνῶν
821 2209 888 2265 δι’
932 2213 998 2279 ἧς
1051 2212 1163 2285 (35)
1222 2210 1388 2280 ὁρατᾶ
1435 2213 1500 2279 ἦν
1554 2211 1620 2265 τὰ
1678 2209 1954 2281 ἱππήλατα

2069 2219 2408 2280 cernuntur,
2444 2231 2546 2286 per
2573 2231 2697 2270 eam
2731 2230 2792 2270 se
2843 2215 2975 2270 illas
3033 2215 3089 2269 in
3125 2215 3480 2270 Alamannos
3513 2229 3717 2269 excus-

300 2297 466 2355 πεδία
495 2299 562 2356 τὰ
608 2298 796 2372 ἔξωθεν
838 2304 947 2354 τῶν
1001 2298 1274 2369 ἐπάλξεων
1334 2297 1387 2354 ἐν
1432 2304 1550 2360 τοῖς
1603 2297 1965 2361 Φιλοπατίοις

303 2392 765 2458 καθυπτιάζοντα,
841 2388 901 2443 ἐκ
970 2389 1174 2458 ταύτης
1250 2386 1401 2463 ἔλεγε
1479 2387 1700 2462 μέλλειν
1750 2388 1962 2463 ἀφιὲναι

294 2480 365 2535 τὰ
404 2477 671 2553 βέλεμνα,
717 2475 943 2554 βάλλειν
973 2498 1032 2532 τε
1061 2479 1148 2533 καὶ
1196 2473 1564 2553 κρταϐἀλλειν
1604 2477 1731 2539 τοὺς
1790 2475 1961 2532 Ἀλα-

302 2573 532 2646 μανοὺς,
568 2569 709 2626 ὥστε
735 2572 825 2625 καὶ
860 2570 913 2625 ἐν
959 2568 1160 2644 γέλωτι
1208 2570 1371 2646 ἤγετο
1412 2575 1528 2631 τοῖς
1588 2569 1843 2624 ἀκούουσι
1893 2569 1960 2625 τὰ

299 2662 596 2737 λεγόμενα.
645 2666 741 2716 Ἢν
794 2659 850 2716 δέ
891 2682 973 2723 τις
1022 2662 1274 2725 Δοσίθεος
1322 2658 1374 2715 ἐν
1418 2664 1489 2735 τῇ
1536 2663 1634 2714 τοῦ
1692 2657 1959 2715 Στουδίου

303 2756 451 2827 μονῇ
479 2753 580 2821 τήν
637 2748 865 2821 ἄσκησιν
921 2750 1144 2823 μετιὼν,
1201 2751 1261 2813 ’ὸς
1319 2750 1379 2804 ἐκ
1430 2749 1723 2807 Βενετίκων
1776 2747 1956 2804 ἕλκειν

289 2843 355 2896 τὸ
394 2841 549 2918 γένος
596 2840 684 2895 καὶ
743 2844 947 2916 πατρὸς
1005 2837 1250 2913 τοῦνομα
1305 2837 1625 2895 Βιτικλὶνου
1682 2839 1961 2915 γεγονέναι

291 2926 547 3005 ἐλέγετο·
611 2930 849 2997 συνήθης
906 2925 963 2982 δέ
1018 2927 1285 2989 καταστὰς
1347 2925 1601 2999 Ἰσαακίῳ
1687 2926 1795 3002 πρὸ
1858 2933 1960 2996 τῆς

291 3019 481 3093 ἀρχῆς
512 3018 839 3092 προείρηκεν
897 3016 1044 3088 αὐτῷ
1099 3017 1199 3085 την
1262 3014 1564 3091 βασιλείαν,
1613 3013 1951 3090 κάπειδήπερ

293 3106 516 3183 εἷ’λήφει
576 3106 745 3177 πέρας
797 3106 863 3161 τᾶ
919 3112 1019 3175 τῆς
1077 3106 1456 3181 προρρήσεως,
1516 3102 1682 3179 ἤγετο
1743 3101 1815 3158 δι’
1872 3105 1954 3159 ὅτι

291 3193 561 3264 πλείστης
593 3201 761 3267 τιμῆς
792 3194 936 3266 παρὰ
988 3196 1065 3264 τῷ
1118 3192 1336 3267 βασιλεῖ
1376 3192 1556 3264 τούτῳ
1605 3192 1696 3247 καὶ
1743 3192 1809 3246 τὰ
1863 3213 1956 3265 μεο

280 3284 438 3358 γάλα
480 3279 739 3351 δεδύνητο
784 3282 874 3335 καὶ
931 3281 1275 3355 πανριάρχης
1329 3277 1727 3355 Ἰεροσολύμων
1779 3300 1955 3355 πρου-

287 3367 539 3442 ϐἑϐλητο
617 3369 1022 3432 καταλύσαντος
1096 3371 1198 3439 τήν
1274 3369 1420 3438 ζωὴν
1475 3372 1571 3423 τοῦ
1623 3368 1715 3423 τὸν
1761 3367 1951 3443 θρόνον

289 3465 404 3516 τῶν
459 3458 860 3537 Ἱεροσολύμων
917 3458 1043 3514 τότε
1092 3455 1370 3513 διέποντος
1428 3458 1704 3526 Λεοντίου,
1758 3453 1952 3531 ανδρὸς

290 3552 581 3627 χαρίεντος
610 3550 673 3604 τὸ
719 3551 853 3619 ἦθος
883 3549 974 3603 καὶ
1007 3543 1307 3618 διαϐοήτου
1335 3549 1436 3616 τήν
1485 3548 1704 3621 ἀρετήν.
1755 3546 1948 3604 Ὀποία

292 3639 355 3696 δὲ
390 3641 423 3708 ἡ
454 3645 559 3694 τῶν
613 3638 886 3715 βασιλέων
943 3639 1090 3713 ὁρμὴ
1149 3638 1239 3693 καὶ
1300 3635 1460 3715 ἰσχὺς
1507 3633 1699 3691 οὔκουν
1758 3636 1951 3715 ἀνεχο-

293 3730 433 3805 μένη
502 3730 578 3802 μή
642 3728 749 3804 οὐχ
816 3728 891 3791 ὡς
945 3726 1131 3789 αὐτοῖς
1214 3728 1426 3798 αἱρετὸν
1485 3727 1802 3803 μεταφέρειν
1860 3727 1950 3783 καὶ

287 3818 560 3875 ἀλλοιοῦν
592 3817 657 3872 τὰ
708 3816 823 3872 θεῖά
861 3837 917 3872 τε
965 3815 1056 3871 καὶ
1109 3816 1424 3891 ἀνθρώπινα
1480 3804 1797 3892 πράγματα,
1852 3816 1950 3891 βα-

281 3907 543 3971 σιλεύσας
595 3906 863 3968 ’ίσαάκιος
922 3910 1021 3960 τοῦ
1080 3909 1488 3980 πατριαρχικοῦ
1529 3905 1724 3979 θρόνου
1772 3924 1950 3979 παρα-

281 3995 407 4051 λύει
468 3996 561 4050 τὸν
622 3995 954 4070 Καματηρὸν
1015 3993 1325 4065 Βασίλειον,
1411 3994 1590 4049 καίτοι
1647 3994 1785 4067 πρὸς
1848 3995 1949 4063 τὴν

276 4085 471 4161 ἀρχὴν
526 4083 716 4158 ἐκείνῳ
771 4085 839 4140 τὰ
902 4085 1130 4162 μέγιστα
1186 4084 1577 4157 συναράμενον·
1673 4083 1822 4139 αἰτία
1901 4080 1948 4137 δ’

279 4177 441 4248 αὐτῷ
478 4178 762 4251 περιήχθη
800 4182 903 4245 τῆς
934 4174 1317 4251 καθαιρέσεως,
1349 4172 1434 4229 ὅτι
1492 4172 1554 4235 ἅς
1600 4170 1948 4249 Ἀνδρόνικος

278 4270 399 4322 τῶν
454 4265 514 4321 εὖ
575 4268 867 4341 γεγονυιῶν
921 4268 1188 4338 γυναικῶν
1246 4263 1356 4337 οὐχ
1419 4260 1644 4325 ἑκούσας
1701 4262 1950 4337 ἀπέκειρε

296 4353 664 4429 μοναζούσας,
722 4354 919 4416 ταύτας
972 4352 1131 4415 αὐτὸς
1190 4349 1420 4408 ἐνέδωκε
1472 4352 1535 4406 τὸ
1588 4350 1758 4424 μὲλαν
1807 4351 1947 4406 ἀποο

287 4443 555 4508 δύσασθαι
588 4445 816 4523 ἅμιφιον
857 4444 944 4499 καὶ
1002 4442 1140 4517 πρὸς
1185 4442 1284 4511 τήν
1335 4438 1557 4516 πρώτην
1613 4434 1947 4515 μεταόλὲψαι

283 4531 383 4588 καὶ
427 4534 577 4601 ζωὴν
620 4532 713 4585 καὶ
772 4530 998 4601 στολήν.
1055 4524 1481 4603 Προϐαλόμενος
1530 4525 1578 4583 δ’
1625 4529 1732 4584 ἀντ’
1781 4527 1946 4582 αὐτοῦ

283 4622 640 4696 πατριάρχην
683 4620 773 4675 τὸν
828 4618 1150 4689 Μουντάνην
1203 4619 1469 4688 Νικήταν,
1526 4623 1628 4688 τῆς
1671 4617 1945 4694 Μεγίστης

281 4709 589 4781 ἐκκλησίας
647 4706 776 4765 ὄντα
831 4709 1214 4784 σακελλάριον,
1277 4704 1401 4762 ούδὶ
1484 4708 1577 4763 τὸν
1634 4708 1949 4783 τριγέροντα

275 4800 502 4856 τουτονί
557 4803 638 4872 τῷ
696 4799 874 4873 θρόνω
928 4805 1169 4873 παρῆκεν
1230 4796 1580 4869 ἐναποψῦξαι,
1652 4796 1781 4852 ἀλλ’
1818 4796 1950 4875 ἀφὲο

278 4890 435 4946 λειαν
469 4887 774 4963 καταγνοὺς
829 4892 930 4943 τοῦ
978 4885 1173 4958 ἀνδρὸς
1222 4885 1311 4941 καὶ
1365 4891 1538 4962 γῆρας
1579 4885 1943 4961 ἐπεγκαλέττας

277 4976 623 5053 ἀνέγκλητον
684 4977 774 5033 καὶ
828 4976 1026 5032 ἄκοντα
1083 4980 1179 5032 τοῦ
1238 4974 1431 5050 θρόνου
1486 4972 1943 5052 ἀπεσφενδόνησε,

282 5069 826 5145 Φρονκιστικώτερον
896 5064 953 5121 δὲ
1003 5064 1264 5131 διατεθείς
1306 5066 1428 5138 περὶ
1478 5069 1575 5121 τοῦ
1613 5068 1705 5122 τὸν
1750 5061 1943 5141 κυϐερ-

2069 2318 2274 2358 surum
2308 2319 2525 2375 eosque
2585 2307 3011 2377 prostraturum
3073 2303 3429 2371 minabatur,
3461 2305 3605 2359 adeo
3653 2308 3721 2359 ut

2071 2409 2138 2449 ea
2165 2394 2341 2449 verba
2374 2394 2619 2450 ridicula
2641 2396 3015 2450 audientibus
3053 2394 3409 2450 viderentur.
3460 2394 3513 2449 Is
3557 2398 3718 2450 vates

2068 2490 2189 2537 erat
2212 2483 2525 2539 Dositheus
2547 2482 3150 2554 quidam,Studiensis
3171 2482 3517 2553 monachus,
3534 2482 3714 2540 Vene-

2069 2569 2166 2624 tiis
2198 2570 2482 2626 oriundus
2512 2577 2569 2626 et
2600 2577 2761 2642 patre
2802 2571 3097 2641 Viliclino,
3132 2577 3197 2627 ut
3249 2573 3564 2641 ferebatur,
3608 2588 3716 2627 na-

2067 2662 2180 2726 tus,
2217 2661 2314 2731 qui
2346 2661 2587 2725 Isaacio,
2619 2662 2712 2715 cui
2746 2660 3054 2717 familiaris
3085 2665 3233 2731 erat,
3264 2661 3486 2732 privato
3523 2663 3717 2718 adhuc

2066 2750 2379 2822 imperium
2439 2751 2799 2825 praedixerat.
2861 2756 2987 2820 Qua
3061 2753 3434 2825 praedictione
3507 2758 3719 2809 eventu

2065 2841 2461 2913 comprobata,
2503 2858 2739 2897 summo
2799 2841 3019 2897 honore
3071 2847 3128 2897 et
3182 2844 3529 2899 auctoritate
3559 2843 3716 2914 apud

2064 2928 2221 2984 hunc
2252 2929 2666 3001 imperatorem
2700 2931 2915 2986 florens
2949 2931 3483 3004 Hierosolymorum
3534 2932 3716 3004 patri-

2065 3017 2239 3073 archa
2275 3024 2405 3090 post
2435 3018 2659 3074 Leontii
2692 3019 2798 3073 viri
2857 3019 3071 3074 eruditi
3124 3029 3177 3074 et
3235 3021 3443 3077 virtute
3476 3020 3719 3077 celebris

2064 3107 2286 3162 obitum
2321 3107 2665 3178 designatus
2692 3108 2847 3165 580
2879 3115 2987 3163 est.
3020 3108 3127 3164 Sed
3181 3113 3246 3164 ut
3294 3111 3714 3182 imperatorum

2064 3195 2320 3267 impetus
2352 3202 2408 3250 et
2428 3199 2683 3267 polentia
2729 3214 2843 3253 non
2886 3201 3189 3269 quiescere
3211 3197 3360 3254 solet
3383 3199 3495 3254 nisi
3523 3197 3717 3254 divina

2066 3283 2442 3357 humanaque
2476 3301 2578 3357 pro
2611 3302 2718 3341 suo
2766 3285 2954 3342 lubito
2988 3287 3291 3355 mutarint,
3324 3287 3717 3360 principatum

2062 3374 2310 3445 adeptus
2334 3374 2590 3430 Isaacius
2623 3375 2837 3431 Basilio
2862 3376 3191 3443 Camatero,
3216 3393 3555 3449 quanquam
3588 3377 3717 3447 ejus

2062 3478 2170 3533 ope
2203 3463 2455 3519 maxime
2488 3465 2749 3533 adjutus,
2802 3464 3203 3536 patriarchatu
3261 3466 3483 3536 dejecto
3514 3465 3716 3536 (causa

2066 3553 2485 3622 praitexebatur
2542 3555 2719 3625 quod,
2779 3569 2924 3625 quas
2981 3553 3206 3610 nobiles
3265 3559 3566 3608 matronas
3595 3557 3714 3609 An-

2067 3640 2342 3697 dronicus
2393 3643 2450 3697 in
2512 3644 2870 3698 monasteria
2926 3643 3137 3698 invitas
3190 3643 3599 3709 abstrusisset,
3640 3641 3714 3697 iis

2062 3730 2188 3803 ipse
2218 3730 2385 3803 nigro
2414 3734 2626 3788 vestitu
2659 3731 2922 3804 deposito
2980 3732 3232 3787 reditum
3292 3732 3360 3785 ad
3395 3729 3707 3802 pristinum

2063 3821 2325 3877 habitum
2359 3827 2415 3876 et
2471 3824 2598 3877 vitae
2658 3823 2943 3880 rationem
3006 3823 3416 3890 concessisset)
3450 3822 3711 3877 Nicetam

2062 3912 2410 3967 Muntanum
2446 3929 2548 3984 pro
2586 3928 2653 3968 eo
2672 3912 3061 3983 patriarcham
3091 3911 3717 3983 designavit,ecclesias

2062 4002 2328 4055 maxima:
2360 4001 2752 4056 sacellarium.
2784 3999 2895 4057 Sed
2932 4018 3003 4056 ne
3036 4000 3189 4056 hunc
3231 4000 3489 4072 quidem,
3524 4000 3717 4055 homi-

2061 4104 2192 4144 nem
2220 4094 2353 4143 natu
2389 4090 2733 4156 maximum,
2765 4088 2825 4144 in
2858 4106 3024 4145 sacra
3055 4090 3191 4145 sede
3223 4089 3517 4161 exspirare
3578 4105 3711 4160 pas-

2059 4195 2161 4234 sus
2192 4179 2437 4233 invitum
2466 4178 2708 4251 expulit,
2743 4178 2966 4235 senium
3009 4183 3066 4235 et
3122 4178 3392 4234 delirium
3462 4184 3519 4235 et
3562 4177 3703 4234 levi-

2058 4273 2231 4324 tatem
2262 4274 2561 4325 causatus.
2587 4272 2729 4324 Cum
2764 4273 2958 4324 autem
2992 4268 3434 4339 diligentius-de
3491 4269 3703 4341 guber~

2058 4362 2257 4413 natore
2314 4356 2585 4413 Ecclesia:
2645 4357 2939 4430 cogitaret,
3002 4357 3299 4413 Leontium
3352 4359 3706 4414 monachum

2057 4447 2373 4518 quemdam
2411 4463 2688 4518 magnum
2722 4451 3017 4519 pastorem
3063 4446 3354 4519 designat,
3388 4448 3447 4503 in
3506 4447 3708 4520 populi

2057 4534 2384 4606 frequentia
2416 4552 2518 4608 pro
2551 4534 2830 4591 tribunali
2855 4536 3244 4607 jurejurando
3275 4540 3526 4593 testatus
3573 4553 3708 4594 eum

2055 4621 2244 4677 virum
2280 4622 2439 4693 prius
2470 4623 2737 4696 ignotum
2799 4622 2911 4679 sibi
2960 4641 2993 4678 a
3051 4623 3152 4680 Dei
3209 4624 3498 4681 Genitrice
3531 4631 3708 4682 noctu

2055 4725 2184 4767 esse
2233 4711 2723 4780 demonstratum,
2785 4730 2895 4769 non
2955 4714 3142 4769 forma
3198 4720 3257 4769 et
3314 4718 3524 4770 virtute
3576 4716 3706 4785 ejus

2056 4801 2337 4856 duntaxat
2391 4800 2705 4873 descripta,
2765 4803 2867 4858 sed
2925 4801 3050 4859 loco
3116 4802 3291 4859 etiam
3351 4809 3586 4860 ostenso
3644 4805 3703 4858 in

2031 4905 2172 4960 quo
2203 4888 2509 4946 habitaret.
2569 4890 2784 4946 Verum
2843 4907 2909 4946 eo
2969 4908 3200 4964 quoque
3252 4893 3347 4948 Dei
3378 4893 3700 4962 geniti-icio,

2056 4980 2205 5036 531
2260 4979 2603 5051 priusquam
2681 4997 2874 5036 annus
2949 4979 3299 5047 elaberetur,
3376 4980 3703 5050 repudiato,

2052 5067 2199 5124 nihil
2231 5072 2682 5139 verecundatus,
2714 5070 2873 5141 quod
2903 5087 3098 5126 coram
3143 5075 3258 5125 tam
3311 5070 3515 5126 multis
3569 5086 3706 5126 eum

1697 5221 1862 5284 Hier.
1899 5222 2110 5284 Wolfii
2142 5230 2329 5285 notae.

363 5385 477 5462 (33)
508 5381 582 5462 Τὸ
614 5387 830 5462 φωνεῖν,
872 5382 977 5462 aut
1023 5380 1284 5462 γαστρός,
1345 5381 1765 5462 interpretatus
1788 5397 1938 5462 sum

282 5453 470 5530 quasi
511 5459 582 5514 de
626 5453 1097 5530 engastrimytho
1136 5453 1516 5526 laquereturf
1548 5453 1799 5530 Ωιιοάᾼεί
1843 5454 1938 5530 cui

279 5524 580 5601 displicet,
614 5524 858 5601 exp'onat
890 5524 991 5599 qui’
1016 5524 1230 5601 ventris—
1270 5541 1438 5582 causa
1476 5524 1647 5601 verfm
1702 5526 1936 5594 faciunt,

274 5598 503 5673 aut—qui
522 5598 736 5657 temere
758 5598 1241 5672 nugdnlurpotiu:
1263 5613 1429 5669 quam
1452 5612 1541 5652 res
1557 5598 1779 5666 futuras
1790 5612 1935 5667 prm-

271 5676 650 5823 “milia:
680 5745 861 5805 codex
907 5743 990 5802 ita
1012 5742 1216 5802 miscet
1236 5740 1381 5816 haec:
1405 5744 1474 5798 ut
1494 5755 1609 5798 που
1634 5738 1777 5798 “tis
1799 5754 1951 5799 oon-

2050 5386 2345 5455 stetuter,
2389 5382 2701 5455 imperator
2730 5399 2799 5437 an
2837 5381 3188 5455 patriarcha,
3224 5384 3338 5441 tela
3370 5383 3450 5443 sit
3475 5383 3698 5441 defixu-

2050 5469 2148 5509 rus
2180 5454 2238 5507 in
2267 5454 2545 5508 cordibus
2588 5454 2866 5510 hostium.

2118 5524 2331 5602 (_35)_A_i’
2364 5529 2453 5602 ᾖς.
2490 5524 2811 5602 Relativum
2849 5525 3055 5602 retulit
3081 5544 3190 5582 non
3251 5529 3319 5602 ad
3362 5527 3695 5602 παράθυρον,

2048 5591 2145 5673 sed
2174 5596 2243 5650 ad
2268 5591 2478 5667 θυρίδα,
2526 5599 2682 5673 quod
2731 5615 2844 5673 non
2890 5600 3106 5673 posuit,
3153 5591 3473 5673 πταῖσμα-εἰ,
3507 5591 3693 5659 ιιιίῑτλ

2046 5668 2254 5740 bitror,
2291 5666 2620 5744 μνημονικῷ
2652 5668 2687 5741 ἢ
2719 5672 2849 5746 γοῦν
2882 5666 3247 5746 σολοικισμῷ.
