4112 6218
421 417 532 477 ’ΠΙ

1724 403 2038 470 ΝῙΕΕΤίΕ
2081 405 2506 468 ΟΗΟΝΙΑΤΛΕ

3713 414 3821 475 ’1Ἶὲ

421 555 488 608 ut
516 551 780 607 divinum
809 546 1120 605 hominum
1177 544 1454 602 laudibus
1507 543 1838 610 extulisset,
1883 546 2061 598 muta-

2177 544 2414 612 ννςσοντα
2440 541 2540 610 τήν
2609 536 2900 613 ἐκκλησίαν
2947 538 3143 618 εὑρεῖν,
3199 542 3613 619 προχειρίζεται
3675 540 3826 622 μέγαν

419 645 640 698 tionem
676 639 948 704 instituit,
981 635 1573 710 Hierosolymitanum
1621 634 1966 692 Dositheum
2000 633 2067 688 ad

421 731 846 788 mcumenicum
883 727 1343 800 patriarcbatum
1379 733 1708 782 evecturm.
1743 725 1904 788 Quod
1939 737 2072 777 cum

421 836 675 877 canones
707 836 820 875 non
857 819 1188 890 permittere
1219 817 1414 882 sciret,
1456 816 1823 872 Theodorum
1885 812 2079 868 Balsa-

424 927 844 982 mum,magnze
876 907 1196 964 Antiochia:
1217 909 1579 977 episcopum,
1600 906 1784 960 virum
1808 921 1880 960 ea
1907 907 2074 958 aetate

417 997 1104 1068 jurisconsultissimum,
1138 1000 1264 1052 astu
1301 994 1723 1062 circumvenit;
1768 996 1824 1048 et
1867 991 1925 1046 in
1960 990 2074 1060 pri.

421 1094 552 1144 vate
583 1087 870 1159 colloquio
901 1085 1361 1158 indignationem
1381 1082 1798 1153 simulat,quod
1819 1079 2074 1136 Ecclesia

423 1177 536 1248 piis
564 1183 623 1232 et
651 1177 837 1233 doctis
907 1174 1043 1230 viris
1101 1174 1182 1228 ita
1239 1172 1598 1228 destituatur
1651 1176 1710 1226 et
1750 1169 2073 1226 monastica

421 1265 611 1321 virtus
643 1267 725 1321 ita
755 1262 1104 1321 obsolevcrit
1135 1267 1307 1334 atque
1333 1261 1650 1329 evanuerit,
1685 1264 1747 1314 ut
1778 1275 1948 1315 nemo
1997 1258 2075 1313 sit

422 1356 524 1426 qui
557 1353 938 1411 univerSalem
982 1353 1204 1422 sedem,
1266 1367 1379 1408 non
1439 1366 1610 1405 secus
1656 1365 1720 1404 ac
1765 1348 1908 1404 solis
1935 1347 2074 1403 irre-

421 1444 656 1516 quietus
687 1441 968 1498 circuitus
986 1443 1186 1496 orbem
1211 1437 1796 1504 terrarum,illustret,
1827 1441 2071 1491 emtum-

420 1549 534 1604 que
566 1531 827 1588 ﬁdelium
855 1548 1028 1602 quam
1091 1533 1311 1601 Optime
1359 1529 1669 1600 gubernet.
1730 1526 1857 1581 Haec
1918 1531 1974 1580 et
2013 1524 2071 1579 id

421 1639 604 1691 genus
644 1620 761 1676 alia
816 1637 928 1676 non
995 1618 1124 1673 sine
1177 1618 1372 1672 dolore
1432 1617 1708 1688 praefatus
1767 1613 2074 1684 subjunxit

420 1709 560 1765 olim
594 1709 777 1764 fuisse
833 1707 944 1762 sibi
1004 1707 1060 1762 in
1122 1706 1316 1761 animo
1377 1704 1536 1759 illum
1588 1720 1657 1759 ex
1713 1703 2073 1758 Antiochena

421 1798 560 1854 sede
591 1796 648 1852 in
681 1796 1122 1863 cacumenicam,
1155 1799 1220 1848 ut
1247 1793 1534 1848 illustrem
1569 1791 1772 1864 legalis
1803 1791 2074 1862 puritatis

425 1885 743 1952 lucernam,
778 1885 1114 1938 transferre.
1179 1881 1291 1936 Sed
1341 1881 1411 1936 ab
1467 1897 1534 1936 ea
1565 1881 1888 1936 mutatione
1916 1879 2070 1937 582
2105 1903 2150 1968 Β

419 1985 681 2032 veterum
714 1991 1005 2030 canonum
1039 1979 1096 2027 et
1125 1971 1654 2027 ecclesiasticarum
1698 1970 2069 2026 sanctienum

421 2066 732 2122 interdicto
764 2063 1060 2119 deterreri.
1111 2063 1166 2116 Si
1235 2077 1370 2117 vero
1427 2059 1572 2132 ipse,
1633 2066 1697 2114 ut
1765 2060 1952 2132 legum
2015 2063 2072 2113 et

421 2173 462 2211 ς.
496 2171 712 2211 τιοουιη
747 2152 1166 2225 peritissimus,
1195 2150 1664 2219 translationem,
1695 2153 1758 2206 ut
1796 2149 1958 2217 olim,
1992 2149 2072 2205 ita

420 2261 579 2302 nunc
603 2259 836 2316 quoque
867 2243 1080 2298 habere
1111 2241 1324 2308 locum,
1345 2241 1752 2296 demonstrare
1801 2257 1866 2296 ac
1901 2238 2070 2310 vulgo

419 2335 775 2406 persuadere
809 2332 1013 2404 possit,
1071 2347 1135 2386 se
1193 2330 1429 2386 omnino
1492 2331 1548 2384 id
1603 2329 1853 2384 inlucro
1884 2334 2072 2401 depu-

419 2429 705 2490 taturum,
735 2436 1010 2492 eumque,
1047 2420 1219 2475 modo
1251 2419 1443 2487 liceat,
1465 2419 1876 2473 incunctanter
1905 2417 2068 2474 desi-

421 2516 757 2583 gnatorum.
793 2507 910 2564 Hoc
944 2507 1116 2562 modo
1147 2511 1430 2561 tractatus
1483 2506 1820 2561 Theodorus
1872 2505 2071 2561 omnia

424 2603 552 2655 rata
583 2599 704 2653 fore
733 2597 1069 2653 afﬁrmavit.
1101 2595 1385 2651 Postridie
1425 2593 1668 2651 concilio
1726 2593 2067 2666 pontiﬁcum

421 2690 483 2746 in
513 2689 634 2744 aede
683 2704 849 2742 sacra
901 2686 1146 2752 indicto,
1207 2689 1264 2739 et
1319 2682 1644 2756 quaestione
1695 2684 1796 2738 illa
1827 2685 2066 2755 agitata,

425 2777 728 2834 translatio
760 2776 954 2831 statim
988 2789 1265 2830 concessa
1321 2779 1377 2828 et
1433 2773 1644 2828 litteris
1675 2772 2068 2844 imperatoriis

425 2868 773 2924 conﬁrmata
802 2869 910 2920 cst.
969 2867 1047 2919 Ac
1106 2861 1526 2928 Antiochenus,
1571 2871 1628 2918 ut
1690 2867 1822 2916 ante
1863 2861 2066 2928 fuerat,

419 2959 508 3012 ita
537 2956 753 3012 mansit
810 2952 1234 3008 Antiochenus.
1295 2951 1606 3006 Dositbeus
1655 2967 1786 3006 vero
1843 2969 1878 3006 a
1931 2951 2069 3007 sede

424 3043 952 3115 Hierosolymitana
983 3040 1203 3112 Cpolim
1263 3046 1354 3095 est
1409 3039 1746 3103 translatus,
1783 3055 1916 3095 cum
1949 3047 2067 3095 tam

419 3132 709 3203 frequenti
769 3135 828 3184 et
879 3129 1188 3202 splendido
1255 3127 1530 3184 comitatu
1591 3134 1655 3183 ut
1704 3127 1860 3183 haud
1891 3127 2068 3184 dubie

2180 629 2414 704 ποιμένα
2488 628 2744 687 Αεόντιόν
2819 651 2942 686 τινα
3019 633 3286 708 μοναχὸν,
3356 627 3826 706 διαϐεϐαιούμενος

2181 719 2270 774 ἐπὶ
2303 718 2594 794 βασιλικοῦ
2623 721 2713 774 καὶ
2745 717 3110 793 διομνύμενος
3155 722 3406 796 βήματος
3435 722 3509 784 ὡς
3561 722 3665 777 οὐκ
3718 720 3829 798 ᾔδει

2179 808 2272 863 τὸν
2309 805 2478 884 ἄνδρα
2536 808 2819 886 πρότερον,
2863 809 3053 872 νυκτὸς
3101 807 3159 864 δὲ
3204 812 3240 880 ἡ
3290 813 3598 887 Θεομήτωρ
3645 817 3827 868 τοῦτον

2181 895 2327 970 αὐτῷ
2355 895 2720 968 καθυπέδειεε,
2753 897 2814 953 οὔ
2844 899 2908 954 τὸ
2937 895 3080 962 εἶδος
3135 899 3298 972 μόνον
3348 901 3440 956 καὶ
3487 901 3594 970 τήν
3645 899 3830 975 ἀρετήν

2184 986 2561 1062 ὑπογράψασα,
2638 984 2783 1042 αλλὰ
2857 987 2948 1042 καὶ
3022 987 3113 1042 τὸν
3195 988 3362 1043 τόπον
3463 985 3832 1066 διασαφήσασα

2179 1076 2297 1139 καθ’
2339 1076 2397 1130 ’ὁν
2455 1077 2554 1146 τὴν
2615 1074 2830 1148 οἴκησιν
2884 1072 3109 1157 ἔλαχεν.
3167 1076 3329 1135 Ἀλλ’
3386 1078 3544 1136 οὕπω
3602 1079 3830 1145 ἐνιαυτὸς

2179 1161 2406 1233 ἐξίκετο,
2458 1165 2548 1219 καὶ
2595 1165 3020 1242 καταστρέφεται
3065 1168 3157 1222 καὶ
3207 1168 3370 1230 οὗτος
3417 1173 3516 1224 τοῦ
3571 1189 3832 1243 πατριαρ-

2179 1257 2349 1328 ’χικοῦ
2408 1253 2725 1328 ὕψωματος.
2783 1255 3368 1332 Ἀποσκορακισθέντος
3445 1253 3492 1310 δ’
3552 1257 3700 1312 οὕτω
3744 1258 3828 1312 καὶ

2179 1341 2453 1413 Λεοντίου,
2515 1341 2652 1418 ἔγνω
2715 1341 3198 1422 δραματουργῆσαι
3260 1345 3548 1419 μετάθεσιν
3611 1348 3698 1402 καὶ
3758 1346 3827 1410 εἷς

2178 1433 2279 1502 τῆν
2335 1431 2722 1506 οἷκουμενικήν
2783 1433 2978 1510 ἐπᾶραι
3026 1431 3379 1511 προέδρευσιν
3425 1435 3520 1490 τὸν
3571 1439 3686 1490 τῶν
3731 1439 3828 1494 Ὶεο

2181 1520 2508 1596 ροσολύμων
2557 1521 2834 1581 Δοσίθεον.
2878 1519 3057 1584 Εἰδὼς
3111 1521 3170 1578 δὶ
3215 1521 3345 1588 τοὺς
3394 1522 3634 1586 κακόνας
3679 1528 3830 1580 τοῦτο

2180 1611 2258 1684 μή
2327 1613 2772 1688 συγχωροῦντας,
2825 1610 3060 1684 μέτεισιν
3116 1611 3372 1675 ὑπούλως
3429 1611 3524 1668 τὸν
3585 1611 3832 1668 διέποντα

2176 1701 2268 1754 τὸν
2319 1699 2508 1774 θρόνον
2562 1705 2664 1768 τῆς
2719 1704 2853 1756 Θεοῦ
2909 1699 3126 1763 πόλεως
3185 1697 3432 1777 μεγάλης
3489 1701 3829 1779 Ἀντιοχείας

2178 1789 2457 1866 Θεόδωρον
2515 1791 2608 1848 τὸν
2669 1792 3000 1866 Βαλσαμὼν,
3085 1789 3253 1866 ἄνδρα
3331 1794 3466 1868 ὗπέρ
3527 1794 3663 1856 τοὺς
3715 1793 3829 1850 τότε

2178 1883 2381 1936 πάντας
2413 1877 2542 1936 ὄντα
2587 1877 2920 1957 νομοτριϐἧ.
2978 1882 3080 1939 Καὶ
3141 1879 3208 1950 δὴ
3265 1883 3404 1938 κατὰ
3460 1879 3639 1958 μόνας
3692 1882 3828 1956 αὖτῷ

2182 1971 2268 2042 [Ρ.
2300 1971 2429 2044 260]
2505 1969 2896 2048 συγγενόμενος
2969 1971 3368 2046 σχηματίζεται
3439 1971 3537 2027 τὸν
3613 1971 3828 2048 ἀσχάλ-

2182 2056 2352 2114 λοντα
2382 2056 2429 2113 εἲ
2459 2059 2633 2120 οὕτως
2683 2055 2894 2133 ἀνδρῶν
2945 2057 3214 2138 φιλοθέων
3265 2060 3356 2115 καὶ
3409 2057 3622 2138 λογίων
3652 2063 3688 2130 ἡ
3720 2061 3831 2115 Ἐκ·-

2182 2146 2389 2218 κλησία
2431 2145 2742 2217 σπανίζεται
2791 2147 2880 2202 λαὶ
2941 2151 2976 2218 ἡ
3035 2150 3314 2228 μοναχικὴ
3375 2146 3695 2226 διέρῥιπται
3747 2149 3830 2204 καὶ

2181 2238 2496 2312 ἠφάντωται
2547 2237 2736 2312 ἀρετὴ,
2797 2237 2872 2298 ὡς
2933 2239 3008 2311 μὴ
3068 2238 3333 2314 πρότερον
3393 2242 3506 2312 (36)
3565 2239 3704 2294 εἶναι
3747 2237 3830 2293 τὸν

2181 2326 2413 2398 ἡμέριον
2472 2325 2690 2381 τουτονί
2750 2323 3070 2400 λαμπτῆρα,
3127 2325 3218 2381 τὸν
3280 2325 3600 2398 ἀεικίνητον
3654 2327 3832 2396 ἣλιον,

2181 2415 2216 2483 ἡ
2249 2414 2340 2468 τὸν
2372 2412 2459 2468 ἐπὶ
2517 2419 2625 2469 τῶν
2685 2415 2984 2489 κεροιάκων
3037 2419 3134 2470 τοῦ
3193 2415 3345 2491 ἰεροῦ
3397 2416 3832 2490 καθιζησύμενον

2183 2501 2374 2577 θρόνου
2448 2501 2537 2558 καὶ
2613 2502 2852 2574 ἀρίστως
2923 2505 2987 2560 τὸ
3061 2508 3170 2560 τῶν
3229 2509 3436 2561 πιστῶν
3487 2503 3830 2562 διιθυνοῦντα

2181 2591 2486 2670 πλήρωμα.
2530 2593 2635 2650 Καὶ
2684 2595 2896 2658 τοιαῦθ’
2954 2590 3110 2669 ἕτερα
3166 2594 3616 2671 σχετλιαπικῶς
3662 2616 3829 2672 προα-

2181 2678 2552 2757 ναῦαλόμενος
2605 2681 2848 2761 ἐπήγαγε
2903 2681 3073 2738 πάλαι
3162 2684 3255 2756 μὲν
3345 2682 3648 2760 βούλεσθαι
3706 2705 3825 2759 μετ-

2181 2776 2410 2846 ενεγκεῖν
2440 2772 2598 2826 αὐτὸν
2650 2771 2711 2826 ἐκ
2755 2779 2854 2841 τῆς
2906 2773 3238 2848 Ἀντιοχέων
3291 2771 3559 2849 καθέδρας
3609 2773 3690 2837 εἷς
3735 2775 3826 2844 τήν

2181 2859 2569 2934 οἷκουμενικήν
2606 2861 2890 2937 περιωπήν
2943 2862 3018 2924 ὡς
3068 2861 3276 2938 λύχνον
3322 2869 3442 2926 ταῖς
3487 2866 3603 2919 τῶν
3648 2863 3826 2938 νόμων

2179 2949 2533 3026 τηλαυγείαις
2588 2953 2910 3030 πάμφωτον,
2989 2949 3413 3008 ὑποστέλλεσθαι
3467 2949 3530 3007 δὲ
3579 2955 3683 3023 τήν
3733 2973 3820 3026 μισ

2177 3039 2390 3094 τάθεσιν
2450 3039 2524 3102 ὡς
2581 3039 2752 3096 πάλαι
2804 3044 2922 3102 τοῖς
2978 3041 3190 3096 κανόσιν
3275 3041 3652 3116 άπειρημένην
3733 3040 3820 3096 καὶ

2177 3133 2296 3188 τοῖς
2352 3126 2823 3199 έκκλησιασνικοῖς
2875 3125 3184 3200 ἀπᾴδουσαν
3235 3139 3478 3203 θεσμοις·
3510 3129 3582 3184 .εἶ
3631 3127 3680 3185 δ’
3725 3128 3818 3184 αὖ·

416 3221 642 3293 regium
682 3219 1047 3290 triumphum
1089 3221 1366 3290 aequaret.
1420 3223 1488 3272 At
1546 3216 1809 3289 primarii
1871 3233 2061 3274 sacer-

2175 3215 2270 3281 τὸς
2299 3217 2462 3292 σχοίη
2497 3217 2557 3272 ἄν
2585 3217 2660 3280 ὡς
2713 3216 2918 3291 νόμους
2966 3217 3057 3272 καὶ
3101 3219 3331 3282 κανόνας
3375 3213 3820 3292 ἁκριόωσάμενος

412 3311 582 3366 dotes
639 3308 944 3378 ceterique
993 3305 1262 3360 facundia
1319 3305 1597 3378 insignes,
1659 3305 1758 3378 qui
1808 3323 1867 3361 se
1897 3322 2066 3362 cano-

414 3399 586 3454 nibus
621 3402 838 3453 temere
866 3394 1098 3450 violatis
1142 3395 1416 3466 deceptos
1453 3394 1746 3460 videbant,
1779 3394 2058 3468 obstupe-

414 3487 569 3558 facti,
602 3502 738 3542 cum
799 3485 980 3541 risum
1041 3483 1262 3540 diutius
1318 3485 1571 3555 perferre
1635 3502 1747 3539 nou
1794 3489 2056 3556 possent,

410 3573 871 3634 extraordinaria
901 3572 1287 3630 conciliabula
1332 3579 1386 3627 et
1432 3571 1617 3644 plebis
1656 3573 2057 3630 conventicula

409 3666 766 3723 instituunt:
801 3663 998 3719 alienas
1028 3662 1284 3718 ecclesia:
1323 3666 1636 3733 occupatur
1692 3662 1856 3718 audit
1894 3663 2056 3718 Dosi-

407 3757 619 3824 theus;
655 3755 912 3812 secundo
945 3753 1162 3808 honore
1193 3753 1470 3823 abrogato
1503 3767 1533 3807 e
1583 3753 1721 3808 sede
1761 3752 2051 3822 educitur,

406 3847 562 3904 533
593 3848 908 3917 imperator
937 3859 1069 3898 vero
1101 3841 1483 3915 ignominiam
1518 3839 1674 3896 illam
1720 3859 1833 3897 non
1863 3841 2052 3898 ferens

405 3933 679 3991 omnibus
710 3932 896 3988 modis
927 3930 1293 3994 adversatur,
1327 3945 1391 3984 ac
1440 3928 1586 3984 nihil
1647 3946 1762 3984 non
1825 3929 1960 3985 facit
1989 3934 2054 3985 ut

400 4026 722 4099 approbata
754 4022 854 4078 illa
913 4020 1220 4077 translatio
1287 4018 1494 4074 valeat.
1524 4017 1641 4074 Nec
1693 4019 1881 4075 multo
1923 4025 2052 4091 post

401 4115 778 4186 abrogatione
809 4111 1064 4177 sublata,
1111 4109 1445 4165 Dositheum
1493 4109 1686 4164 denuo
1745 4110 2054 4166 conﬁrma.

399 4207 526 4258 tum
564 4220 664 4274 per
709 4201 1102 4274 bipenniferos
1161 4197 1443 4255 satellites
1497 4202 1554 4253 et
1602 4197 1886 4268 palatinos
1919 4216 2052 4270 pro-

404 4307 565 4349 ceres
602 4293 663 4348 in
695 4307 920 4348 sacram
992 4290 1174 4344 aedem
1237 4284 1496 4354 deducit,
1566 4287 1762 4358 pepuli
1825 4294 2049 4344 motum

400 4382 642 4438 veritus.
672 4381 806 4437 Erat
853 4381 1010 4436 enim
1055 4377 1361 4434 Dositbeus
1420 4377 1492 4432 ob
1551 4377 1932 4433 ambitionem
1993 4384 2052 4434 et

399 4469 770 4543 imperatoris
800 4467 1272 4539 intempestivam
1326 4466 1704 4535 pertinaciam
1749 4471 1804 4522 et
1845 4483 2050 4538 parum

397 4559 699 4614 laudatum
737 4558 830 4613 sui
863 4557 1127 4613 studium
1161 4555 1432 4610 omnibus
1473 4555 1727 4612 invisus.
1765 4560 2045 4614 Caeterum

397 4664 607 4704 rursus
637 4647 773 4703 sede
803 4646 1054 4719 ejicitur,
1115 4645 1435 4716 eodemque
1495 4645 1666 4701 modo
1719 4663 1835 4718 quo
1883 4648 2045 4704 canis
2080 4621 2125 4684 θ

393 4735 720 4810 ίΕεορίοιιε,
752 4741 811 4792 et
841 4735 1242 4807 pontiﬁcatum
1283 4749 1458 4804 quem
1517 4738 1782 4789 tenuerat
1833 4737 2047 4794 amittit

397 4831 556 4898 (nam
617 4824 766 4882 alius
810 4823 1222 4893 Hierosolymis
1276 4821 1493 4877 electus
1549 4823 1692 4892 erat)
1724 4829 1782 4878 et
1839 4826 2046 4896 majori

399 4917 538 4974 sede
563 4914 796 4982 excidit,
844 4929 1058 4985 magno
1119 4925 1390 4966 vasorum
1457 4911 1696 4966 custode
1751 4910 2046 4984 Xiphilino

399 5005 642 5079 Georgio
676 5002 1004 5080 patriarcha
1037 5002 1360 5073 designato.

2174 3306 2364 3381 χώραν
2423 3304 2652 3383 ἔχουσαν
2692 3303 3125 3382 ἆποδεδειχέναι,
3181 3304 3317 3362 καθᾶ
3375 3327 3531 3374 ποτε,
3590 3309 3680 3363 καὶ
3733 3311 3816 3362 νῦν

2168 3396 2270 3464 τήν
2306 3417 2375 3468 με
2405 3395 2647 3464 τάθεσιν,
2679 3395 2769 3452 καὶ
2801 3395 2897 3458 τὰς
2922 3400 3031 3450 τῶν
3071 3394 3299 3452 ποΛλιῖιν
3355 3395 3432 3458 εἰς
3480 3401 3646 3452 τοῦτο
3695 3407 3812 3469 μεθ-

2167 3485 2426 3559 αρμόσειε
2499 3484 2747 3561 γνώμας,
2826 3483 3051 3560 ἕρμαιον
3135 3483 3302 3548 ὄντως
3397 3487 3664 3560 ἡγήσεται
3750 3484 3810 3539 τὸ

2166 3576 2406 3652 πραχθὲν
2461 3577 2549 3631 καὶ
2612 3577 2713 3632 οὐκ
2770 3571 3126 3632 ἁναϐαλεῖται
3182 3577 3246 3632 τὸ
3303 3581 3471 3652 πέρας
3534 3575 3804 3632 ἀνεύθυνον

2163 3671 2354 3721 ποιοῦι
2387 3669 2488 3737 τήν
2531 3665 2896 3746 προχείοισιν.
2937 3667 3036 3722 Καὶ
3081 3667 3108 3722 ὀ
3171 3668 3265 3740 μέν
3324 3665 3582 3742 βασιλεὺς
3633 3666 3798 3727 οὕτως

2167 3754 2406 3828 μετῆλθε
2478 3757 2568 3810 τὸν
2647 3756 2988 3832 Ἀντιοχείας
3065 3753 3370 3831 Θεόδωρον,
3448 3757 3477 3811 ὁ
3523 3753 3577 3810 δὲ
3627 3755 3788 3808 πάντα

2162 3843 2359 3914 ἐκτελῆ
2385 3847 2624 3920 γενέσθαι
2674 3845 2946 3900 κατέθετο.
3010 3845 3288 3922 Σύλλογοι
3352 3843 3440 3900 οῦν
3495 3845 3602 3916 μετ’
3651 3839 3779 3895 ἐκεί-

2160 3957 2257 4006 νην
2285 3936 2384 4004 τὴν
2443 3937 2652 4010 ἦμέραν
2709 3935 3013 4011 ἀρχιερέων
3067 3935 3164 3991 δινὰ
3210 3937 3278 3991 τὰ
3327 3934 3512 4012 ἀρχεῖα
3559 3933 3623 3988 τὰ
3672 3930 3786 4005 ἱερὰ

2161 4024 2249 4078 καὶ
2326 4023 2542 4079 σύνοδοι
2617 4025 2709 4080 καὶ
2785 4027 3082 4097 συζήτησις
3157 4025 3282 4099 περὶ
3325 4021 3674 4098 μεταθέσεως,
3708 4019 3795 4075 καὶ

2160 4114 2305 4189 παρᾶ
2379 4111 2550 4176 πόδας
2625 4113 2944 4192 ἐκχώρησις
3017 4113 3107 4170 καὶ
3181 4115 3355 4188 τόμος
3394 4113 3482 4168 ἐπὶ
3529 4109 3800 4188 βασιλικοῦ

2161 4201 2657 4276 συμπληρούμενος
2737 4203 3009 4278 βήματος,
3084 4203 3174 4258 καὶ
3226 4205 3254 4259 ὁ
3307 4203 3402 4276 μὲν
3475 4197 3804 4274 Ἀντιοχείας

2159 4291 2325 4348 πάλιν
2360 4291 2697 4368 Ἀντιοχείας
2744 4290 3007 4366 ἐώμενος,
3058 4293 3086 4347 ὁ
3139 4289 3196 4348 δὲ
3245 4293 3504 4357 Δοσίθεος
3555 4292 3660 4346 ἀπὸ
3711 4290 3803 4344 τοῦ

2158 4385 2266 4436 τῶν
2323 4378 2720 4456 Ἰεροσολύμων
2773 4381 2951 4436 θώκου
3010 4381 3088 4445 εἰς
3157 4381 3250 4438 τὸν
3307 4389 3410 4452 τῆς
3469 4387 3798 4436 Κωνσταντιο

2157 4469 2474 4534 νουπόλεως
2535 4469 2887 4548 ἀναγόμενος,
2944 4470 3033 4526 καὶ
3071 4472 3108 4540 ἡ
3147 4472 3466 4544 προπομπή
3529 4469 3604 4532 ὠς
3662 4466 3802 4539 λαμ-

2157 4559 2398 4634 προτάτη
2459 4561 2550 4614 καί
2617 4560 3164 4635 πολυανθρωποτάτῃ
3237 4564 3348 4614 τῶν
3434 4559 3680 4625 πώποτε,
3735 4555 3804 4616 ὡς

2155 4648 2407 4704 εἶναικαὶ
2447 4643 2738 4722 θριάμϐοις
2788 4645 3062 4724 βασιλέων
3111 4649 3489 4726 ἀμφήριστος,
3537 4649 3628 4702 καί
3669 4646 3802 4723 ἀχα-

2154 4745 2262 4802 νεῖς
2295 4737 2382 4794 ἐπὶ
2412 4738 2590 4812 τούτῳ
2645 4739 2696 4794 οἱ
2746 4739 3146 4818 φενακισθέντες
3203 4739 3489 4816 ἀρχιεφεῖς
3546 4739 3636 4793 καὶ
3682 4733 3804 4796 τοὺς

2154 4828 2377 4890 κανόνας
2421 4827 2539 4898 εἰκῆ
2588 4830 3106 4904 κατανωτισάμενοι.
3164 4829 3386 4902 Ἀμέλει
3441 4849 3529 4884 τοι
3591 4826 3681 4882 καὶ
3727 4823 3800 4899 μή

2155 4915 2243 4972 ἐπὶ
2274 4916 2448 4972 πολὺν
2481 4917 2678 4993 χρόνον
2711 4918 2942 4995 ἐνεγκεῖν
2972 4919 3065 4974 τὸν
3099 4915 3315 4993 γέλωτα
3343 4914 3570 4993 ἔχοντες
3626 4934 3803 4990 παρα-

2158 5009 2468 5084 συναγωγὰς
2529 5013 2744 5065 ποιοῦσι
2799 5011 2892 5066 καὶ
2943 5007 3268 5086 ὀχλαγώγια
3317 5010 3368 5064 οἱ
3428 5004 3659 5084 λογάδες
3714 5006 3805 5060 τοῦ

1801 5131 1944 5192 Ilier
1973 5133 2184 5198 Wolﬁi
2217 5144 2404 5198 notae.

467 5263 580 5335 (36)
635 5260 724 5321 Ὦς
761 5257 862 5335 -μή
921 5255 1206 5335 πρότερονσ
1255 5253 1612 5335 ηθρνεινιιιυε
1671 5252 1898 5335 videtur
1934 5258 2048 5335 _hic

396 5326 578 5392 locus:
611 5338 724 5404 Ego
757 5326 814 5387 in
854 5326 1135 5404 vertendo
1169 5326 1652 5404 qualemcunque
1691 5330 2045 5404 sententiam

397 5421 529 5458 sum
561 5395 812 5460 secutus.
851 5403 1125 5458 Vetustas
1155 5395 1333 5456 codex
1365 5407 1418 5454 et
1452 5397 1581 5466 ipse
1641 5395 1816 5466 habet
1871 5403 2046 5460 verba

399 5474 541 5546 satis
565 5475 884 5546 perplexa;
936 5471 1026 5534 Ὠς
1083 5470 1168 5526 ὅτι
1223 5471 1258 5540 ἡ
1316 5464 1736 5546 ξΕκκλὴσίαΠΪ-
1765 5464 2042 5534 διϊθύνεις·

398 5537 696 5599 Εσσιεὲἱαγή
723 5562 834 5600 non
866 5545 1065 5600 habere
1092 5537 1386 5614 virosiptos
1415 5549 1464 5614 et
1491 5537 1756 5608 eruditos,
1777 5558 1950 5614 caque
1978 5548 2046 5600 de

397 5629 568 5669 causa
595 5617 644 5668 et
697 5617 1061 5669 monasticam
1118 5614 1288 5670 vitam
1345 5613 1611 5682 dejectam
1661 5618 1714 5666 et
1771 5613 2040 5672 deaertam

394 5700 532 5745 esse.
567 5686 632 5740 Et
669 5687 750 5750 tu,
799 5683 1004 5755 inquit,
1063 5686 1278 5740 illustre
1331 5684 1501 5752 sidus,
1559 5696 1668 5738 non
1718 5690 2040 5756 apparuisti

2158 5266 2335 5334 prius,
2382 5267 2440 5318 ut
2492 5265 2551 5318 in
2607 5262 2750 5320 solio
2801 5264 2901 5321 hoc
2955 5263 3332 5334 patriarchico
3384 5261 3700 5320 consideres
3752 5260 3805 5334 et

2160 5330 2537 5408 Christianum
2569 5351 2786 5408 gregem
2815 5330 3014 5408 optime
3065 5338 3422 5405 gubernat-es.
3469 5335 3532 5408 I_u
3590 5330 3806 5408 caeteris

2157 5406 2385 5480 duobus
2411 5404 2855 5480 codicibuspro'
2873 5404 3456 5480 xepotiawv___t‘orta§se
3483 5404 3798 5480 legendum

2157 5475 2379 5554 οἰάκων,
2406 5479 2534 5554 sine
2563 5473 2784 5554 syllaba
2810 5473 3014 5554 κερ,ἐι
3039 5474 3324 5554 ριόίῆλιολν
3353 5473 3389 5547 ἤ
3444 5473 3800 5554 cev—fortas-

2156 5564 2220 5603 se
2251 5549 2564 5618 legendum
2595 5548 2631 5619 ἤ
2663 5548 2848 5619 αὐτὸν,
2875 5548 2944 5608 ιιι
2974 5548 3095 5607 huic
3116 5553 3188 5606 de
3217 5552 3342 5607 sole
3371 5549 3660 5606 sententia
3691 5561 3804 5602 non

2153 5621 2222 5677 ad
2259 5622 2437 5678 alium
2469 5639 2644 5694 quam
2680 5625 2749 5680 ad
2784 5625 2974 5696 ipsum
3014 5623 3342 5680 Balsamum
3376 5622 3677 5678 referatur.
