4112 6218
284 396 402 460 773

1406 392 1507 455 DE
1550 390 1867 455 ISAACIO
1910 391 2236 456 ANGELO
2283 392 2431 454 LIB.
2479 395 2558 454 ΙΙ.

3575 399 3695 461 774

292 528 568 602 βήματος,
598 524 826 580 καὶτῶν
858 522 1160 601 ἀρχιερέων
1219 522 1417 579 ὁπόσον
1464 524 1583 597 εἶχε
1634 524 1734 593 τὴν
1794 522 2044 599 γλῶτταν
2123 523 2259 598 πρὸς
2335 523 2517 601 λόγων
2598 523 2756 598 ίσχὺν
2807 524 3102 599 ἐπίσημον.
3180 527 3388 583 Οὐκοῦν
3439 525 3706 601 ἐπιϐάτης

287 616 591 686 ἐκκλησίας
669 611 968 690 ἂλλοτρίας
1041 613 1224 669 ἀκούει
1301 613 1575 683 Δοσίθεος,
1651 614 1743 668 καὶ
1818 612 2191 686 ἀνειλουμένην
2263 607 2392 688 ἔσχε
2465 614 2562 683 τὴν
2641 612 2887 690 δευτέραν
2961 618 3151 689 τιμὴν,
3225 618 3456 673 καὶτοῦ
3508 621 3704 693 θρόνου

283 705 736 780 κατάγεται.Τὴν
772 701 815 757 δ’
861 704 1024 772 ἦτταν
1063 705 1138 776 μὴ
1215 704 1393 783 φέρειν
1472 700 1617 778 ἔχων
1696 703 1723 756 6
1803 701 2059 777 βασιλεὺς
2137 703 2553 778 ἀναμαχόμενος
2586 704 2652 773 ἦν
2704 705 2791 759 καὶ
2867 708 3137 769 παντοίως
3169 704 3411 761 σπεύδων
3490 708 3700 783 ίσχύειν

281 797 385 865 τήν
415 799 751 869 κυρωθεῖσαν
833 793 1130 866 μετάθεσιν,
1206 793 1296 847 καὶ
1375 793 1509 864 μετὰ
1586 790 1797 870 βραχύν
1874 813 1995 846 τινα
2071 793 2272 866 χρόνον
2349 792 2618 855 ἀναλύσας
2658 796 2723 848 τὰ
2796 794 3154 870 ἐπιγενόμενα
3228 795 3383 859 αὖθις
3458 796 3703 871 ἐστήριξε

283 887 381 940 τὸν
417 884 696 951 Δοσίθεον,
730 882 821 937 ὅτε
870 881 960 937 καὶ
1037 879 1126 936 διὰ
1197 886 1306 938 τῶν
1381 880 1771 958 πελεκυφόρων
1847 881 1937 935 καὶ
2013 886 2117 934 τὼν
2153 885 2250 934 τοῦ
2281 880 2549 936 παλατίου
2626 882 2886 957 ἐκκρίτων
2962 883 3316 959 προύπεμψεν
3390 884 3548 940 αὐτὸν
3624 887 3704 949 εἷς

282 973 349 1028 τὸ
387 971 644 1047 μέγιστον
678 970 923 1044 τέμενος,
958 967 1152 1033 δεδιὼς
1188 973 1263 1044 μὴ
1295 972 1356 1026 τὸ
1382 969 1595 1040 πλῆθος
1671 971 2061 1044 νεωτερίσειεν·
2139 970 2205 1037 ἦν
2283 972 2385 1044 γὰρ
2464 967 2553 1026 διὰ
2630 974 2822 1044 μίσους
2898 974 3092 1028 ’ἅπασιν
3171 974 3243 1034 ὠς
3320 973 3705 1050 φιλόθρονοςὸ

285 1062 545 1126 Δοσίθεος
573 1060 836 1135 (37),καὶ
895 1061 957 1116 τὸ
1030 1064 1128 1116 τοῦ
1162 1065 1490 1131 κρατοῦντος
1566 1058 1652 1115 ἐπὶ
1734 1060 1810 1132 μὴ
1888 1058 2125 1134 καιρίοις
2200 1059 2513 1133 πράγμασιν
2590 1060 2896 1117 ἐνστατικόν
2971 1085 3028 1118 τε
3102 1065 3193 1117 καὶ
3270 1062 3528 1137 φίλαυτον
3607 1065 3706 1121 οὐκ

279 1152 582 1209 ἐπαινετόν.
617 1149 801 1208 Ἀλλὰ
829 1150 922 1205 καὶ
954 1148 1120 1205 πάλιν
1149 1155 1244 1205 τοῦ
1278 1150 1473 1225 θρόνου
1506 1146 2009 1221 ἆποὸιοπομπεῖται
2061 1148 2331 1221 Δοσίθεος,
2391 1150 2480 1204 καὶ
2531 1152 2793 1217 πέπονθεν
2852 1154 3095 1228 ἀτεχνῶς
3147 1154 3209 1208 τὸ
3266 1161 3365 1223 τῆς
3395 1154 3706 1220 Αἷσωπείας

272 1242 469 1311 κυνὸς,
547 1241 615 1311 ἧς
690 1261 749 1295 τε
825 1237 1027 1295 διεῖπεν
1102 1240 1392 1295 ἀποπεσὼν
1469 1241 1618 1314 ἱερᾶς
1693 1238 1878 1313 ἀρχῆς
1952 1233 2154 1311 (ἕτερος
2224 1239 2326 1314 γάρ

272 1332 530 1404 μείζονος
606 1330 803 1402 θρόνου
878 1329 1239 1403 καθαιρεθείς.
1319 1330 1417 1386 Καὶ
1498 1332 1660 1383 τοῦτο
1739 1327 1833 1399 μὶν
1911 1325 2178 1393 ἐσέπειτα,
2254 1328 2343 1382 καὶ
2418 1331 2825 1404 προγειρίζεται
2900 1331 3246 1407 πατριάρχης

264 1418 613 1499 σκευοᾳόλαξ
645 1420 672 1472 6
694 1417 993 1490 Ξιφιλῖνος
1024 1416 1320 1493 Γεώργιος.

2429 1239 2834 1314 Ἱεροσολύμων
2912 1242 3359 1318 κεχειροτόνητο)
3442 1246 3532 1298 καὶ
3608 1249 3704 1299 τοῦ

3354 1332 3519 1409 μέγας
3624 1331 3698 1388 ὥν

347 1510 408 1563 ε’.
443 1510 528 1581 [Ρ.
562 1509 687 1581 261]
737 1506 871 1562 Τότε
937 1502 1005 1575 δ’,
1067 1505 1140 1568 ὡς
1194 1507 1476 1580 ἁπανταχῆ
1522 1501 1838 1580 περιῄδετο,
1869 1502 1930 1559 ἐκ

2112 1506 2170 1560 5.
2201 1507 2347 1562 Tum
2381 1525 2536 1573 vero,
2570 1511 2723 1581 quod
2761 1511 2978 1582 ubique
3028 1517 3151 1567 erat
3211 1512 3460 1582 celebre,
3494 1530 3559 1569 ex
3588 1518 3699 1570 Sa-

275 1596 721 1670 Σολομωντείων
776 1589 985 1669 βίϐλων
1050 1590 1357 1667 ἰνδάλματα
1395 1598 1505 1648 τῶν
1536 1590 1816 1666 ἐσομένων
1847 1603 1938 1657 καί

268 1707 433 1748 τινας
478 1686 735 1763 ἐμφάσεις
796 1687 935 1739 κατά
988 1683 1117 1746 τοὺς
1178 1683 1615 1758 όνειροπομπυὺς
1675 1679 1940 1755 δαίμονας

262 1776 608 1851 ἀποτρυγῶν
639 1775 667 1828 6
697 1774 949 1835 Δοσίθεος
989 1770 1096 1849 οὺχ
1140 1771 1323 1847 ὥσπερ
1363 1773 1468 1827 ἀπὸ
1501 1772 1667 1846 ῥινὸς,
1720 1769 1847 1827 ἀλλ’
1880 1771 1938 1824 ἐκ

264 1871 384 1922 τῶν
437 1863 596 1920 ὤτων
667 1863 818 1920 εἷλκε
870 1866 963 1919 τὸν
1021 1863 1413 1938 αὐτοκράτορα.
1472 1864 1533 1921 Ὀ
1586 1859 1644 1917 δέ
1693 1882 1753 1937 γε
1784 1881 1939 1937 πρω-

260 1954 601 2028 τοστράτωρ
657 1952 794 2008 κατὰ
850 1954 945 2014 τὰς
1001 1949 1286 2025 βασιλικὰς
1343 1951 1761 2024 ὑποθημοσύνας
1820 1946 1935 2004 δια-

268 2044 658 2117 πραττόμενος
718 2035 1093 2115 παρεὸλέπετο
1157 2040 1224 2096 τὰ
1284 2041 1420 2115 πρὸς
1504 2040 1666 2095 αὐτὸν
1733 2039 1937 2116 γραφό-

269 2154 414 2207 μενα
436 2132 584 2205 παρὰ
613 2135 711 2186 τοῦ
742 2131 936 2207 ῥηγὸς,
993 2130 1083 2184 καὶ
1142 2131 1278 2191 ἅπας
1330 2130 1531 2206 ἐγίνετο
1595 2133 1691 2183 τοῦ
1743 2127 1935 2202 δρᾶσαί

262 2244 318 2278 τι
354 2223 526 2277 κακὸν
580 2222 709 2282 τοὺς
770 2220 1120 2292 Ἀλαμανοὺς
1175 2218 1298 2294 περὶ
1354 2219 1721 2295 φρυγανισμὸν
1769 2216 1936 2286 ἐξιόν.

262 2330 387 2371 τας.
448 2309 555 2366 Καὶ
614 2306 681 2378 δή
734 2328 866 2363 ποτε
944 2307 1067 2382 περὶ
1149 2309 1277 2370 τοὺς
1338 2304 1654 2383 δισχιλίους
1721 2327 1781 2361 τε
1845 2304 1937 2361 καὶ

271 2399 542 2462 εύίππους
626 2397 1003 2472 ἀποκεκρικὼς
1081 2396 1347 2468 ἠθέλησεν
1432 2394 1608 2475 ἀγχοῦ
1675 2417 1779 2451 που
1838 2398 1937 2463 τῆς

266 2488 563 2543 Φιλίππου
604 2489 930 2563 πορευθῆναι
961 2488 1154 2551 νυκτὸς
1190 2485 1281 2541 καὶ
1340 2490 1447 2542 τῶν
1497 2485 1663 2541 ἐκεῖθι
1729 2485 1938 2559 βουνῶν

268 2577 557 2653 ἐχομένως
617 2576 937 2640 ὑποκαθίσαι
993 2572 1167 2650 λόχον
1238 2574 1329 2630 καί
1411 2580 1528 2638 τοῖς
1623 2574 1934 2651 σιτοφόροις

274 2665 558 2722 ἐπιθέσθαι
618 2661 860 2741 ὄρθριος.
920 2665 1023 2721 Καὶ
1084 2664 1245 2726 αὐτὸς
1307 2666 1400 2738 μὲν
1455 2667 1715 2733 τοιαύτης
1752 2662 1936 2737 εἷ’χετο

276 2755 550 2831 πράξεως,
609 2755 675 2809 τὰ
727 2752 784 2810 δέ
843 2753 1143 2833 σκευοφόρα
1198 2753 1286 2810 καὶ
1328 2754 1392 2809 τὸ
1425 2754 1759 2831 ὃπουργικὸν
1817 2757 1938 2813 τοῖς

275 2845 641 2920 στρατιώταις
697 2844 790 2899 καὶ
846 2845 909 2899 τὸ
967 2841 1162 2899 λοιπὸν
1218 2843 1527 2917 στράτευμα
1583 2842 1780 2897 ἐκεῖθεν
1843 2862 2014 2939 με-Β

274 2933 517 3005 ταϐῆναι
581 2936 700 3007 μεθ’
760 2936 921 3008 ἡμῶν
996 2933 1264 3006 ἐπέταξεν,
1333 2933 1407 2996 ὡς
1478 2932 1524 2987 εἰ
1612 2931 1790 2995 θεόθεν
1869 2930 1936 3000 ἦν

275 3024 665 3098 ἐμπνευσθείς.
717 3022 885 3080 Οὔπω
949 3022 1053 3097 γάρ
1110 3023 1178 3092 ἦν
1223 3020 1405 3096 ἡμέρα
1461 3019 1791 3099 διαγελῶσαι,
1849 3019 1939 3075 καὶ

278 3115 334 3168 οἱ
391 3111 702 3186 Ἀλαμανοὶ
763 3111 1021 3184 μαθόντες
1078 3111 1222 3185 παρά
1275 3115 1382 3166 τῶν
1457 3108 1509 3173 ἐς
1572 3110 1633 3165 τὸ
1680 3108 1938 3186 φρούριον

277 3204 377 3259 τὸν
436 3202 753 3277 Προυσηνὸν
812 3198 1111 3275 Ἀρμενίων
1166 3201 1359 3274 (ἐκεῖσε
1422 3200 1524 3275 γάρ
1582 3202 1616 3269 ὴ
1680 3197 1937 3275 βασιλική

276 3287 873 3367 κατεστρατοπεδεύετο
969 3293 1215 3365 στρατιὰ)
1294 3287 1393 3344 ὅσα
1449 3289 1516 3358 ἦν
1598 3293 1676 3361 τῷ
1731 3308 1943 3363 πρωτο-

278 3378 713 3456 στράτοριπρὸς
770 3377 1001 3454 βουλῆς,
1041 3379 1208 3434 νύκτα
1270 3380 1367 3448 τὴν
1425 3378 1596 3447 αὐτὴν
1659 3375 1938 3453 ἐξάραντες

274 3477 383 3541 τῆς
472 3467 759 3525 Φιλίππου
821 3469 951 3542 ὑπὲρ
1021 3468 1118 3532 τὰς
1189 3466 1345 3523 πέντε
1404 3463 1663 3542 χιλιάδας
1732 3464 1942 3542 σιδήρῳ

277 3558 482 3620 πάντες
552 3558 922 3638 κατάφρακτοι
1016 3555 1291 3621 ἐπιθέσθαι
1385 3559 1522 3630 ἡμῖν
1618 3557 1938 3632 ἠπείγοντο,

289 3647 554 3711 λαθόντες
600 3647 698 3710 οὕς
758 3646 984 3723 εἴχομεν
1046 3647 1292 3721 ὀπτῆρας
1340 3646 1431 3701 καὶ
1491 3645 1757 3724 φύλακας,
1801 3643 1942 3719 μηδὲ

289 3742 417 3798 τοῖς
471 3736 583 3811 ἅμα
647 3742 726 3810 τῷ
782 3735 1232 3812 πρωτοστράτορι
1299 3733 1607 3799 ἐπιλέκτοις
1683 3757 1945 3807 συνηντηι-

278 3829 461 3899 κότες,
504 3824 619 3881 ἐπεὶ
648 3826 740 3881 καὶ
808 3827 836 3881 6
898 3827 994 3900 μὲν
1022 3826 1467 3901 πρωτοστράτωρ
1523 3826 1590 3881 τὰ
1627 3830 1744 3890 τοῖς
1792 3821 1941 3899 ὅρεσι

278 3918 715 3994 προσεγγίζοντα
780 3912 916 3993 μέρη
1005 3916 1384 3988 ἐπεπορεύετο,
1434 3914 1555 3971 ἔνθα
1609 3918 1696 3972 καὶ
1760 3917 1942 3992 χωρία

277 4010 348 4076 ἦν
408 4008 575 4063 εἰσέτι
631 4011 739 4061 τῶν
787 4003 1110 4077 ἐπιτηδείων
1164 4000 1402 4080 ἔμπλεα,
1459 4006 1712 4069 καὶτοὺς
1763 4005 1939 4083 γηλό-

276 4118 414 4177 φους
448 4094 711 4151 ὑπεδύετο
753 4092 1002 4151 κλέπτων
1061 4096 1124 4150 τὸ
1184 4096 1437 4164 θεαθῆναι
1498 4096 1634 4169 πρὸς
1662 4099 1759 4151 τοῦ
1836 4106 1941 4165 θη-

274 4187 548 4263 ράματος’
585 4187 639 4240 oi.
689 4183 735 4240 δ’
793 4183 1096 4259 ’Δλαμανοὶ
1153 4184 1495 4245 πεποιθότως
1552 4180 1798 4253 ἐϐάδιζον
1838 4183 1936 4251 τὴν

270 4274 365 4331 διὰ
420 4275 575 4331 λείου
629 4272 816 4329 πεδίου
876 4274 952 4336 εἷς
1036 4275 1098 4329 τὸ
1182 4273 1492 4346 Ῥωμαϊκὸν
1577 4269 1937 4348 στρατόπεδον

272 4368 573 4444 φέρουσαν.
606 4366 696 4428 Ὠς
727 4360 773 4418 δ’
831 4362 1020 4419 οὐδένα
1079 4361 1300 4439 εὕροσαν
1360 4362 1665 4441 ἀντίμαχον
1726 4363 1776 4417 οἱ
1832 4384 1941 4418 πο-

274 4451 499 4528 λέμιοι,
540 4451 689 4508 ἀλλᾶ
717 4454 816 4522 τήν
882 4453 974 4525 μὲν
1034 4451 1339 4520 ἀποσκευὴν
1393 4455 1491 4507 τοῦ
1540 4449 1939 4526 στρατεύματος

270 4547 415 4600 κατᾶ
468 4545 568 4612 τὴν
629 4549 793 4612 τῆτες
851 4538 1037 4612 δείλην
1098 4541 1460 4610 ἀπονοστῆσαι
1538 4540 1734 4604 ἐκεῖθεν
1809 4540 1939 4596 ἐπύο

270 4639 466 4699 θοντο,
524 4632 652 4688 ὅσον
710 4629 755 4686 δ’
805 4630 969 4686 αὐτοῦ
1027 4631 1337 4707 κράτιστον,
1387 4631 1524 4685 κατὰ
1578 4635 1686 4685 τῶν
1754 4629 1812 4686 ἐκ
1844 4634 1942 4685 τοῦ

275 4724 476 4800 γένους
535 4726 685 4800 σφῶν
735 4721 804 4775 τὰ
880 4725 1001 4775 σῖτα
1059 4719 1137 4782 εἷς
1191 4721 1291 4789 τὴν
1355 4714 1715 4795 παρεμϐολὴν
1776 4741 1939 4793 μετα⁸

276 4815 562 4893 φερόντων
619 4810 1028 4890 ἐφωρμηκέναι,
1083 4810 1159 4882 μὴ
1220 4809 1594 4883 ἀναμείναντες
1624 4810 1723 4878 τήν
1784 4810 1943 4886 ἀγγε-

277 4903 408 4958 λίαν
469 4903 599 4957 τοὺς
651 4897 859 4963 ’ίππους
921 4900 1274 4975 μετήνεγκαν,
1328 4899 1613 4973 εὑρεθῆναι
1680 4904 1796 4960 τοῖς
1851 4905 1943 4971 ζη-

268 4996 471 5045 τοῦσιν
496 4988 855 5063 γλιχόμενοι.
908 4986 1119 5045 Οὐκοῦν
1180 4987 1231 5040 οἱ
1287 4987 1381 5059 μὲν
1430 4986 1519 5040 τὸν
1579 4984 1743 5041 ἐκεῖθι
1773 4986 1943 5067 λόφον

270 5074 836 5143 ὑποκαταϐαίνοντες,
870 5075 928 5137 ὃς
984 5075 1111 5152 περὶ
1167 5077 1227 5129 τὸ
1285 5078 1541 5152 φρούριον
1576 5074 1792 5151 ἐξῆρται
1850 5078 1941 5133 τὸν

267 5168 628 5245 Προυσηνὸν,
715 5166 766 5219 οἱ
845 5163 893 5219 δ’
967 5165 1227 5239 ἡμέτεροι

262 5257 559 5328 ἀλλήλοις
638 5253 923 5324 ἀδόκητοι.
1030 5254 1178 5310 Ἐπεὶ
1240 5251 1297 5308 δὲ
1369 5255 1457 5308 καὶ
1537 5255 1942 5328 συμπλακέντες

263 5348 587 5424 ἐμάχοντο,
651 5346 703 5399 οἱ
740 5346 832 5417 μὲν
877 5343 1097 5401 Ἀλανοὶ
1129 5341 1485 5416 ἐξηγούμενον
1518 5344 1691 5401 αὐτῶν
1727 5343 1944 5420 ἔχοντες

266 5436 367 5490 τὸν
403 5441 504 5490 τοῦ
548 5431 795 5505 Ἀλεξίου
854 5438 1030 5506 Βρανᾶ
1069 5431 1183 5485 υἱὸν
1245 5431 1335 5485 τὸν
1406 5428 1684 5507 Θεὸδωρον
1746 5441 1943 5511 μικροῦ

1310 5166 1547 5227 ἀνιόντες
1616 5166 1942 5240 προσέμιξαν

2040 1592 2295 1651 lomonis
2326 1596 2491 1653 libris
2525 1600 2849 1654 futurarum
2879 1618 3073 1655 rerum
3099 1601 3383 1671 imagines
3406 1604 3698 1659 etformas

2043 1685 2352 1755 quasdam,
2388 1685 2575 1742 instar
2605 1689 2933 1744 daemonum
2960 1690 3056 1759 qui
3087 1690 3317 1745 somnia
3344 1691 3696 1759 immittunt,

2042 1771 2433 1844 depingendo,
2466 1790 2580 1829 non
2616 1792 2758 1830 naso
2792 1777 2891 1830 sed
2926 1776 3168 1832 auribus
3198 1776 3472 1832 trahebat
3513 1779 3700 1849 impe-

2045 1860 2706 1932 ratorem.Cujusjussis
2727 1869 3109 1934 protostrator
3129 1865 3699 1937 obsequens,litteris

2043 1949 2196 2021 regis
2221 1950 2687 2021 ncg!cctis,totus
2713 1954 2771 2008 in
2806 1969 2869 2007 eo
2901 1959 3023 2008 erat
3055 1959 3117 2007 ut
3149 1955 3489 2009 Alemannis
3532 1970 3699 2009 noce-

2044 2042 2129 2093 ret
2163 2039 2587 2095 frumentatum
2645 2042 3014 2098 exeuntibus.
3089 2042 3153 2096 Et
3210 2044 3463 2113 quadam
3528 2048 3699 2099 nocte

2043 2127 2274 2183 circiter
2306 2129 2393 2183 bis
2427 2129 2586 2184 mille
2619 2130 2952 2201 insignibus
2998 2132 3299 2203 equitibus
3351 2130 3595 2187 delectis
3627 2133 3698 2188 ad

2044 2215 2200 2272 534
2234 2216 2687 2288 Philippopolim
2723 2219 3035 2289 proﬁcisci,
3070 2223 3128 2273 et
3158 2219 3393 2275 insidiis
3440 2219 3499 2273 in
3533 2218 3703 2275 colli-

2045 2304 2154 2359 bus
2185 2304 2303 2360 illis
2334 2304 2634 2361 collocatis
2686 2307 3139 2362 frumentatores
3202 2323 3368 2362 mane
3422 2307 3698 2363 invadere

2042 2393 2319 2448 instituit.
2350 2398 2429 2448 Ac
2461 2395 2512 2449 ei
2546 2394 2624 2449 rei
2659 2395 2921 2450 intentus
2970 2394 3412 2465 impedimenta,
3457 2396 3697 2454 servitia

2046 2482 2297 2537 militum
2349 2491 2401 2538 et
2458 2484 2750 2555 reliquum
2811 2483 3151 2553 exercitum,
3222 2485 3390 2556 quasi
3450 2486 3692 2542 numine

2045 2571 2298 2637 afﬂatus,
2358 2571 2664 2627 nobiscum
2731 2573 3029 2629 discedere
3082 2573 3285 2645 jussit.
3348 2574 3693 2646 Priusquam

2044 2659 2196 2714 enim
2230 2658 2539 2727 diluxerat,
2600 2660 2910 2715 Alemanni
2977 2662 3048 2717 ab
3105 2661 3399 2718 Armeniis
3447 2663 3694 2719 Pruseni

2044 2747 2264 2803 castelli
2291 2747 2392 2821 (ibi
2417 2750 2571 2804 enim
2597 2750 2939 2806 constiterat
2974 2751 3342 2821 imperatoris
3387 2750 3697 2823 exercitus)

2045 2837 2115 2893 de
2149 2838 2583 2908 protostratoris
2615 2839 2857 2894 consilio
2888 2842 3172 2895 certiones
3231 2840 3465 2909 redditi,
3488 2841 3693 2896 eadem

2047 2936 2213 2985 nocte
2245 2929 2397 2984 ultra
2429 2930 2690 3002 quinque
2721 2930 2908 2986 millia
2929 2932 3435 3003 cataphractorum
3463 2931 3520 2987 in
3561 2949 3695 2989 nos-

2045 3020 2201 3071 trum
2252 3017 2565 3072 exercitum
2621 3016 2935 3074 immittere
3012 3019 3415 3089 prolierabant,
3477 3020 3696 3076 nostris

2045 3104 2511 3176 speculatoribus
2542 3110 2600 3161 ct
2630 3107 2972 3162 custodibus
3014 3107 3292 3178 deceptis,
3344 3123 3449 3163 nec
3498 3112 3696 3179 proto-

2048 3194 2281 3250 stratori
2309 3194 2443 3250 facti
2463 3195 2869 3251 obviam.Nam
2910 3196 2958 3250 is
2983 3196 3222 3267 quidem
3244 3200 3442 3268 partes
3470 3196 3696 3252 monti-

2045 3284 2157 3339 bus
2178 3284 2422 3352 vicinas,
2455 3284 2512 3339 in
2547 3285 2762 3355 quibus
2796 3285 3009 3355 praedia
3032 3284 3407 3340 erantadhuc
3438 3300 3696 3341 comme—

2046 3388 2144 3439 atu
2180 3383 2412 3450 referta,
2445 3385 2861 3455 pertransibat,
2912 3388 2968 3439 et
3021 3384 3284 3439 tumulos
3341 3385 3595 3453 subibat,
3627 3399 3702 3441 ne

2047 3473 2117 3528 ab
2162 3473 2235 3527 iis
2286 3473 2721 3545 conspiceretur
2779 3491 2927 3544 quos
2985 3474 3326 3529 venabatur.
3388 3473 3699 3530 Alemanni

2045 3578 2180 3617 vero
2212 3561 2575 3617 confidenter
2605 3579 2707 3634 per
2737 3561 3039 3634 planitiem
3074 3563 3140 3617 ad
3203 3563 3466 3618 Romana
3510 3567 3699 3618 castra

2048 3651 2389 3723 pergebant.
2424 3652 2535 3707 Sed
2571 3668 2700 3707 cum
2732 3651 2966 3706 nemine
2997 3656 3223 3723 reperto
3255 3656 3489 3706 nostros
3513 3650 3699 3720 pridie

2048 3741 2157 3796 sub
2188 3758 2361 3797 coenas
2393 3746 2629 3813 tempus
2653 3741 3013 3808 discessisse,
3046 3740 3400 3811 deiectisque
3451 3739 3699 3794 fortissi-

2050 3830 2161 3884 mis
2184 3832 2252 3884 ad
2275 3831 2729 3885 frumentatores
2753 3847 2891 3885 suos
2916 3829 3456 3885 circumveniendos
3482 3827 3699 3883 abiisse

2049 3918 2438 3983 audivissent,
2470 3935 2540 3975 ne
2571 3923 2903 3989 exspectato
2932 3918 3165 3989 quidem
3203 3915 3411 3972 nuntio
3462 3932 3699 3972 conver-

2048 4011 2180 4061 tunt
2211 4024 2414 4077 equos,
2444 4014 2508 4062 ut
2540 4007 2611 4062 ab
2646 4008 2717 4062 iis
2748 4007 3147 4062 invenirentur
3200 4023 3234 4060 a
3288 4005 3502 4078 quibus
3544 4005 3693 4062 535

2048 4096 2475 4166 quaerebantur.
2513 4097 2698 4168 Igitur
2727 4113 2859 4152 cum
2893 4113 2962 4152 ex
2993 4112 3058 4151 eo
3091 4094 3241 4150 colle
3277 4095 3702 4150 descenderent

2050 4185 2147 4255 qui
2174 4186 2343 4253 juxta
2379 4185 2698 4241 Prusenum
2731 4185 3038 4241 castellum
3072 4184 3313 4252 eminet,
3348 4183 3531 4240 nostri
3563 4198 3697 4238 vero

2048 4274 2447 4340 ascenderent,
2502 4290 2569 4329 ex
2629 4275 2948 4347 improviso
3004 4278 3443 4330 concurrerunt.
3504 4272 3575 4329 Ut
3623 4273 3696 4330 ad

2049 4380 2213 4419 arma
2235 4370 2466 4420 ventum
2525 4368 2633 4434 est,
2694 4363 2865 4420 Alani
2930 4364 3233 4420 Theodoro
3282 4362 3696 4419 AlexiiBranae

2052 4453 2170 4508 filio
2198 4452 2347 4507 duce
2385 4454 2500 4510 fere
2532 4469 2735 4509 omnes
2761 4453 3117 4522 ceciderunt,
3142 4452 3358 4525 quippe
3391 4453 3488 4524 qui
3521 4453 3695 4525 primi

2051 4546 2108 4597 et
2137 4542 2243 4597 soti
2278 4559 2410 4597 cum
2452 4541 2795 4599 Alemannis
2854 4552 3202 4616 pugnarent.
3257 4542 3500 4599 Romani
3566 4561 3701 4601 vero

2053 4640 2335 4712 praecipiti
2384 4649 2438 4695 et
2489 4641 2645 4712 turpi
2705 4642 2854 4713 fugin
2918 4658 2981 4697 se
3041 4642 3422 4711 mandabant,
3454 4642 3547 4697 vix
3606 4660 3704 4699 as-

2054 4734 2223 4801 pectu
2255 4728 2517 4785 hostium
2550 4729 2829 4797 tolerato;
2862 4736 2919 4785 et
2959 4731 3083 4803 ipse
3138 4735 3529 4803 protostrator
3588 4731 3704 4788 alia

2053 4818 2144 4872 via
2173 4818 2405 4888 elapsus
2436 4836 2467 4873 a
2500 4820 2669 4875 nobis
2700 4819 2756 4874 in
2789 4818 3027 4875 tertium
3090 4836 3275 4891 usque
3331 4822 3484 4875 diem
3543 4820 3703 4876 visus

2057 4924 2169 4962 non
2202 4914 2311 4975 est,
2342 4914 2399 4964 et
2430 4911 2703 4967 manibus
2734 4909 2989 4965 hostium
3022 4910 3402 4981 cupidissime
3447 4909 3700 4975 evitatis,

2057 4998 2148 5052 vix
2178 5007 2452 5070 tanquam
2486 5016 2554 5053 ex
2585 4998 2756 5069 longo
2791 4998 2936 5053 mari
2986 4999 3200 5054 salsam
3260 4998 3435 5053 veluti
3486 5012 3697 5069 aquam

2055 5087 2246 5142 adhuc
2278 5104 2590 5159 exspuens,
2624 5089 2680 5142 in
2716 5093 2948 5159 portum
2990 5092 3310 5159 pervectus,
3349 5088 3536 5153 rediit,
3570 5102 3704 5141 con-

2055 5177 2200 5229 fusis
2225 5177 2680 5232 Alamannorum
2715 5178 2956 5232 vocibus
2987 5179 3058 5230 de
3101 5194 3165 5230 co
3197 5176 3475 5246 capiendo
3512 5174 3702 5230 adhuc

2055 5281 2223 5319 aures
2246 5266 2374 5335 ejus
2407 5267 2879 5336 personantitius.
2906 5264 3072 5320 Multi
3092 5281 3317 5334 quoque
3339 5264 3466 5318 sine
3498 5263 3702 5334 armis,

2056 5353 2183 5409 sine
2212 5356 2380 5424 equis
2409 5357 2464 5408 in
2498 5361 2690 5410 castra
2723 5356 3040 5419 redierunt,
3077 5354 3273 5407 tractis
3324 5352 3383 5406 in
3440 5352 3541 5408 illa
3570 5369 3701 5407 cur-

2054 5460 2157 5497 sus
2192 5445 2560 5499 contentione
2581 5444 2887 5499 vehiculis.
2954 5444 3029 5498 Ex
3085 5459 3151 5498 eo
3202 5447 3435 5498 tantum
3466 5443 3536 5499 ab
3571 5442 3701 5499 Ale-

1672 5565 1837 5629 Hier.
1871 5567 2089 5631 Wolﬁi
2124 5579 2308 5633 notae.

341 5704 469 5775 (37)
500 5701 662 5757 Alter
696 5698 965 5756 Dositheo
994 5696 1403 5766 ambitionem,
1438 5696 1772 5768 imperatori
1805 5700 2151 5772 pbilautiam
2187 5705 2408 5777 tribuit,
2443 5706 2535 5761 hic
2565 5709 2881 5781 utrumque
2914 5708 3208 5767 Dositheo.
