4116 6206
294 377 418 439 777

1448 376 1550 438 DE
1591 374 1892 439 ISAACIO
1938 375 2247 438 ANGELO
2294 375 2440 438 LIB.
2485 376 2563 438 II.

3481 338 3486 342 ’
3598 380 3718 446 773

293 512 572 580 ἐνταυθοῖ,
606 508 741 590 ἄχρι
773 508 840 581 δὴ
872 508 964 573 τὰς
997 512 1327 588 παρειμένας
1361 512 1576 587 κνήμας
1606 509 1695 566 καὶ
1726 511 1793 567 τὰ
1821 508 2243 585 παραλελυμὲνα
2271 510 2472 585 γόνατα
2511 509 2572 565 ἐκ
2593 513 2691 565 τοῦ
2721 510 3082 588 παρίστασθαι
3112 516 3192 586 τῷ
3220 513 3441 589 βασιλεῖ
3468 520 3715 591 Γραικῶν

297 605 386 678 [Ρ.
420 604 549 677 263]
580 601 1043 678 ἀναρῥωσθείητε.
1078 625 1108 654 »

370 734 434 796 ¢;'.
470 733 622 790 Ἐπεὶ
655 730 702 787 δ’
733 733 762 787 6
802 733 1016 808 χειμὼν
1072 735 1320 809 παρῆλθε
1374 731 1465 787 καὶ
1522 729 1588 786 τὰ
1631 726 1760 800 ἄνθη
1810 725 1943 784 ἔδω·

2127 731 2182 785 6.
2206 728 2414 802 Elapsa
2445 729 2658 802 hieme,
2699 747 2833 788 cum
2873 736 3036 805 prata
3074 733 3199 804 jam
3259 734 3713 810 reﬂorescerent,

291 842 389 877 κεν
445 822 647 895 ὀσμὴν,
707 821 1021 877 ἀνανεοῦται
1078 822 1205 884 τοὺς
1265 821 1459 896 ὅρκους
1518 815 1547 875 ὅ
1585 840 1645 874 τε
1694 817 1949 892 βασιλεὺς

293 908 385 963 καὶ
450 909 480 961 6
533 907 655 980 ῥήξ,
711 907 802 961 καὶ
857 913 955 963 1:05
1016 908 1110 980 μὲν
1172 907 1534 980 ὀμωμόκεσαν
1583 906 1634 959 οἱ
1675 904 1953 978 τοπάρχαι

294 995 388 1051 καί
450 1000 769 1071 μεγιστᾶνες
854 994 1280 1070 παρελεύσεσθαι
1356 996 1447 1051 τὸν
1508 995 1653 1068 ῥῆγα
1710 990 1801 1047 διὸ.
1853 998 1954 1061 τῆς

293 1087 620 1158 Ῥωμαϊκῆς
678 1092 784 1161 γῆς
847 1086 939 1140 καὶ
1002 1085 1078 1160 μή
1139 1082 1210 1141 δι’
1281 1084 1464 1161 ἀγρῶν
1522 1084 1558 1152 ἢ
1609 1080 1953 1155 ἀμπελώνων

290 1173 692 1246 διελεύσεσθαι,
761 1172 873 1248 ὁδῷ
933 1172 1194 1250 βασιλικῇ
1261 1172 1638 1251 πορεύσεσθαι,
1697 1167 1813 1225 οὐδ’
1864 1168 1952 1224 ἐκ-

288 1267 504 1324 κλινεῖν
562 1265 708 1338 δεξιά
784 1269 821 1339 ἢ
877 1268 1153 1343 ἀριστερὰ,
1211 1265 1319 1330 ’ὲως
1370 1266 1438 1321 τὰ
1489 1268 1598 1320 τῶν
1662 1262 1949 1337 Ῥωμαίων

289 1357 687 1434 παρελεύσεται
747 1355 896 1431 ὅρια.
965 1354 1233 1418 Βασιλεὺς
1304 1352 1362 1409 δὲ
1420 1352 1647 1409 δίδωκεν
1704 1353 1950 1426 ὁμήρους

291 1450 449 1509 τινας
501 1450 607 1502 τῶν
664 1444 715 1516 ἐξ
803 1443 1054 1519 α’ίματος.
1135 1445 1484 1521 Ὠρκώθησαν
1543 1439 1600 1497 δὲ
1655 1441 1741 1497 καὶ
1799 1438 1949 1495 ἔνδον

291 1544 398 1595 τοῦ
431 1538 690 1613 μεγίστου
743 1535 845 1592 νεὼ
902 1537 1009 1591 ἀπὸ
1060 1540 1171 1591 τῶν
1229 1536 1501 1612 ἀγοραίων
1546 1534 1765 1602 καὶτῆς
1796 1533 1950 1605 βασι-

290 1627 447 1684 λείου
482 1627 655 1697 αὐλῆς
710 1628 1079 1695 πεντακόσιοι,
1140 1626 1214 1687 ὼς
1271 1625 1299 1679 6
1362 1622 1616 1699 βασιλεὺς
1668 1615 1948 1696 ἀπαρκϐά-

284 1738 422 1780 τους
489 1718 586 1777 τὰς
641 1717 910 1787 συνθήκας
987 1712 1211 1792 φυλάξει
1284 1711 1373 1768 καὶ
1449 1712 1758 1787 χορηγήσει
1830 1713 1949 1771 τοῖς

285 1803 631 1878 Ἀλαμανοῖς
708 1804 982 1878 ἡγεμόνας
1042 1800 1173 1857 ὀδοῦ
1228 1800 1317 1856 καὶ
1375 1797 1585 1877 ἐφόδια.
1664 1798 1804 1855 Τότε
1858 1796 1948 1852 καὶ

284 1898 402 1948 τῶν
461 1896 665 1969 κριτῶν
729 1897 826 1947 τοῦ
876 1892 1066 1963 Βήλου
1123 1892 1265 1953 τινὶς
1324 1888 1401 1951 είς
1467 1889 1558 1944 τὸν
1615 1886 1755 1964 ρἦα
1812 1886 1949 1943 κατά

286 1981 464 2059 λόγον
496 1983 726 2058 ὁμήρων
779 1981 1140 2054 στελλόμενοι
1207 1980 1318 2055 οὐχ
1375 1980 1710 2049 ὑπήκουσαν,
1741 1976 1832 2032 καὶ
1866 1977 1943 2049 μὴ

288 2068 517 2146 ἔχοντες
560 2071 900 2127 ἀντιπίπτειν
974 2067 1191 2145 βασιλεῖ
1260 2069 1348 2124 καὶ
1425 2068 1686 2136 καθῆσθαι
1762 2062 1946 2120 οἶκαδε
1980 2097 2028 2162 Β

290 2159 473 2223 ἀδεῶς
549 2160 774 2238 γωνίαις
829 2159 1144 2235 ἀλλοτρίων
1202 2156 1388 2231 δόμων
1444 2158 1667 2219 ἑαυτοὺς
1728 2154 1950 2228 ὲνετύμ-

296 2246 498 2306 ϐευσαν
580 2246 747 2327 μέχρι
822 2256 921 2319 τῆς
980 2249 1055 2311 εἷς
1101 2247 1177 2303 ἓω
1234 2251 1331 2302 τοῖ’)
1378 2246 1550 2323 ρηγός
1627 2240 1948 2308 διαϐάσεως.

296 2337 570 2401 Βασιλεὺς
601 2335 658 2393 δὲ
702 2337 976 2413 χολωθεὶς
1013 2337 1129 2393 ἀντὶ
1186 2337 1281 2410 μὶν
1324 2340 1431 2391 τῶν
1479 2338 1680 2411 κριτῶν
1712 2337 1810 2389 τοῦ
1839 2335 1950 2404 Βή-

296 2428 405 2484 λου
454 2423 816 2490 ταόελλίονας
870 2425 1180 2483 ἀπέστειλεν
1239 2422 1455 2499 ὄψιδας,
1484 2425 1581 2487 τὰς
1642 2421 1700 2478 δὲ
1728 2427 1834 2479 τῶν
1871 2425 1946 2496 μὴ

289 2517 623 2593 πεισθέντων
675 2519 896 2588 κτήσεις
941 2536 999 2572 τε
1055 2515 1145 2571 καὶ
1202 2514 1444 2586 οἰκήσεις
1490 2514 1578 2576 οἷς
1628 2514 1813 2587 ᾑρεῖτο
1845 2533 1951 2567 πα-

289 2611 547 2685 ρέσχετο,
614 2606 704 2662 καὶ
763 2604 1017 2668 δικαστὰς
1074 2604 1291 2679 ἐτέρους
1336 2598 1714 2671 οπρουϐἀλετο.
1764 2604 1950 2657 Ὕστε-

292 2717 388 2774 ρον
422 2696 482 2752 δὶ
514 2699 591 2770 μὴ
649 2695 944 2760 ἀπείθειαν,
1002 2692 1151 2750 ἀλλά
1208 2690 1412 2748 δειλίαν
1442 2692 1576 2747 είναι
1619 2690 1719 2745 οὐκ
1747 2687 1946 2765 ἄλογον

288 2785 552 2863 ἐπιγνοὺς
634 2785 697 2840 τὸ
782 2784 1048 2859 πραχθὲν,
1132 2785 1240 2838 τῶν
1323 2801 1381 2836 τε
1437 2781 1680 2851 κτήσεων
1729 2777 1949 2853 κυρίους

287 2875 448 2939 αὖθις
507 2875 779 2946 πεποίηκε
834 2873 925 2928 καὶ
980 2876 1091 2928 τῶν
1148 2869 1429 2946 προτέρων
1486 2867 1711 2940 ἠξιώκει
1747 2872 1944 2938 τιμῶν.

288 2968 418 3023 Τῶν
470 2961 531 3019 δὲ
577 2968 910 3039 συμφωνιῶν
948 2959 1370 3036 πεπερασμένων
1433 2956 1688 3035 βασιλεὺς
1743 2957 1839 3031 μὲν
1868 2960 1948 3029 τῷ

289 3054 429 3130 ῥηγὶ
505 3053 781 3130 ἀργυρέων
857 3050 1214 3125 νομισμάτων
1315 3046 1531 3104 στέλλει
1626 3048 1949 3122 κεντηνάρια

284 3144 527 3218 τέσσαρα
581 3142 672 3198 καὶ
734 3147 999 3220 μεριιρανῆ
1059 3141 1280 3213 νήματα
1333 3143 1645 3217 χρυσοϋφῆ,
1697 3137 1945 3197 κάκεῖνος

289 3232 496 3295 ἄλλοις
569 3227 960 3304 ἀντιδεξιουται
1017 3233 1209 3284 τοῦτον
1269 3224 1580 3304 δωρήμασι.
1648 3224 1944 3289 Κάντεῦθεν

286 3321 511 3379 πλοίων
581 3320 852 3376 πλείστων
937 3320 1269 3394 ἱππαγωγῶν
1362 3315 1769 3391 ἀπενεχθέντων
1869 3314 1945 3377 εἰς

2063 818 2254 874 {cadus
2283 818 2433 875 inter
2460 835 2656 891 regem
2678 825 2736 876 et
2793 821 3199 893 imperatorem
3256 828 3563 881 renovatur
3595 842 3610 894 ;
3641 842 3710 883 ac

2062 908 2223 963 illius
2278 908 2566 980 principes
2625 914 2683 965 et
2751 914 3052 981 magnates
3091 912 3298 981 jurant
3364 929 3553 984 regem
3612 931 3714 986 per

2065 999 2349 1055 Romanas
2380 999 2707 1070 provincias
2734 1002 2824 1056 via
2853 1004 3013 1073 regia
3067 1003 3477 1069 transiturum,
3523 1020 3712 1076 neque

2063 1087 2203 1144 laava
2232 1105 2422 1160 neque
2451 1089 2650 1145 dextra
2680 1090 2764 1145 vel
2797 1091 2857 1146 in
2889 1092 3085 1148 vineas
3116 1092 3200 1148 vel
3250 1092 3310 1147 in
3357 1110 3526 1166 agros
3577 1110 3704 1151 eva-

2063 1182 2320 1251 gantcm,
2352 1181 2535 1236 donec
2564 1180 2958 1237 Romanorum
2991 1182 3134 1239 ﬁnes
3155 1183 3484 1240 excesserit.
3520 1184 3706 1258 Impe-

2061 1273 2214 1324 rator
2234 1284 2368 1327 vero
2398 1269 2680 1340 quosdam
2726 1275 2999 1342 cognatos
3029 1288 3167 1329 suos
3226 1275 3388 1330 dedit
3442 1276 3701 1344 obsides,

2062 1366 2116 1414 et
2168 1360 2227 1414 in
2289 1359 2537 1415 maximo
2595 1360 2809 1431 templo
2859 1361 3305 1420 circumforanei
3353 1369 3410 1419 et
3467 1364 3709 1436 palatini

2061 1462 2328 1519 proceres
2353 1447 3062 1520 quingentijurejurando
3102 1457 3243 1507 sunt
3304 1452 3493 1509 adacti
3516 1452 3707 1526 impe-

2059 1544 2309 1594 ratorem
2339 1544 2507 1610 pacta
2536 1538 2807 1595 inviolata
2837 1546 3314 1597 conservaturum
3348 1547 3405 1598 et
3434 1542 3708 1615 iAleman-

2060 1626 2154 1683 nis
2182 1628 2289 1682 vite
2318 1627 2582 1683 ductores
2609 1637 2665 1684 et
2693 1628 2969 1685 viaticum
2985 1631 3518 1701 suppeditaturum.
3552 1634 3704 1688 Tum

2056 1716 2228 1773 etiam
2262 1716 2498 1787 quidam
2521 1733 2590 1771 ex
2626 1716 2746 1772 Beli
2782 1717 3082 1787 judicibus
3113 1719 3182 1773 ad
3220 1735 3411 1791 regem
3437 1720 3704 1777 obsidum

2059 1806 2187 1863 locu
2235 1808 2526 1875 mittendi,
2565 1808 2703 1880 quia
2770 1808 2966 1880 palam
3030 1808 3367 1879 imperatori
3427 1809 3704 1883 refragari

2057 1898 2301 1966 tutoque
2331 1897 2532 1952 sedere
2573 1896 2731 1951 domi
2763 1913 2877 1954 non
2921 1901 3206 1967 poterant,
3264 1898 3322 1952 in
3381 1896 3702 1955 alienarum

2056 1984 2266 2039 mdium
2292 1983 2544 2056 angulis,
2575 1986 2758 2040 donec
2785 2001 2883 2041 rex
2920 1986 2981 2040 in
3025 1985 3315 2042 Orientem
3347 1986 3701 2052 transiisset,

2056 2090 2186 2130 sese
2212 2074 2583 2130 abdiderunt.
2606 2074 2912 2130 Enimvero
2944 2075 3259 2147 imperator
3308 2075 3493 2132 iratus
3537 2077 3699 2146 judi-

2064 2179 2195 2220 cum
2216 2162 2343 2220 loco
2365 2162 2705 2222 tabelliones
2730 2162 2891 2219 misit
2921 2164 3171 2231 obsides,
3189 2170 3246 2220 et
3259 2165 3701 2221 contumacium

2061 2252 2458 2326 possessiones
2497 2256 2557 2308 et
2619 2253 2775 2309 sedes
2828 2253 2902 2309 iis
2939 2252 3179 2311 donavit
3227 2254 3443 2324 quibus
3492 2253 3698 2323 voluit,

2057 2340 2316 2413 aliosque
2336 2341 2569 2413 judices
2590 2340 2936 2412 designavit.
2974 2345 3107 2397 Post
3134 2356 3267 2398 vero
3297 2358 3431 2398 cum
3466 2342 3524 2397 id
3583 2358 3701 2398 non

2057 2431 2423 2487 contumacia
2481 2430 2631 2487 589
2690 2431 2791 2485 sed
2840 2434 2998 2486 metu
3057 2445 3176 2486 non
3274 2446 3701 2502 supervacaneo

2058 2521 2275 2577 factum
2328 2536 2454 2576 esse
2509 2520 2914 2591 comperisset,
2974 2520 3060 2575 eis
3106 2525 3164 2575 et
3211 2522 3609 2590 possessiones
3644 2526 3702 2578 et

2055 2609 2397 2679 dignitatem
2449 2608 2747 2679 pristinam
2781 2607 3053 2663 restituit.
3105 2608 3374 2665 Pactione
3442 2614 3699 2681 peracta,

2056 2696 2176 2768 regi
2206 2705 2455 2768 quatuor
2484 2698 2845 2754 centenarios
2876 2702 3161 2769 argentea
3193 2702 3441 2754 moneta
3503 2703 3560 2754 et
3588 2713 3658 2754 ex
3679 2727 3703 2739 -

2054 2785 2201 2842 mias
2230 2784 2377 2842 telas
2408 2802 2549 2842 auro
2580 2786 2925 2842 intertextas
2957 2786 3156 2853 mittit,
3208 2785 3438 2858 aliaque
3483 2787 3555 2843 ab
3598 2785 3699 2843 illo

2055 2890 2299 2930 munera
2328 2874 2556 2944 recipit.
2587 2874 2729 2930 Inde
2759 2873 3031 2946 plurimis
3054 2874 3291 2930 navibus
3322 2875 3696 2946 equestribus

2054 2963 2417 3034 Calliopolim
2450 2962 2737 3034 perductis
2764 2967 2928 3031 (nam
2958 2962 3016 3018 id
3048 2979 3280 3034 quoque
3322 2968 3694 3021 convenerat.

2054 3058 2117 3108 ut
2145 3053 2369 3109 duabus
2385 3050 2855 3124 navigationibus
2868 3054 3026 3107 totus
3039 3052 3361 3109 excercitus
3377 3052 3693 3123 trajiceret.

2052 3158 2183 3213 rege
2213 3146 2505 3199 metuente
2548 3157 2621 3197 ne
2676 3141 2919 3197 Romani
2967 3142 3151 3212 pactis
3205 3141 3432 3198 violatis
3478 3157 3694 3213 paucos

2054 3247 2174 3286 una
2200 3230 2479 3288 vehentes
2507 3230 2569 3286 in
2616 3233 2860 3302 trajectu
2919 3229 3268 3303 occiderent)
3328 3246 3428 3286 rex
3487 3231 3693 3287 diebus

2053 3337 2167 3377 non
2186 3320 2443 3393 amplius
2472 3326 2721 3391 quatuor
2750 3319 2810 3375 in
2827 3318 3119 3376 Orientem
3180 3321 3460 3392 pervenit.
3524 3321 3595 3378 Ut
3622 3320 3694 3377 ad

288 3409 732 3482 Καλλιούπολιν,
787 3408 901 3465 ἐπεὶ
958 3409 1049 3464 καὶ
1117 3411 1279 3464 τοῦτο
1336 3403 1612 3478 ἀλλήλοις
1669 3401 1940 3474 συνέδοξεν

2056 3409 2517 3481 Philadelphiam
2545 3409 2806 3477 accessit,
2833 3425 3021 3481 neque
3050 3426 3154 3481 per
3201 3410 3406 3467 urbem
3457 3409 3695 3467 transiit

288 3500 437 3557 ὥστε
493 3498 851 3556 διαπλωΐσεσι
919 3496 1123 3554 διτταῖς
1185 3496 1320 3570 μετά
1368 3500 1466 3551 τοῦ
1523 3495 1725 3552 παντὸς
1781 3494 1943 3549 αὐτὸν

2056 3503 2106 3555 et
2132 3498 2256 3569 ejus
2278 3497 2483 3555 incolae
2509 3497 2786 3554 simulata
2814 3497 3093 3567 amicitia,
3122 3497 3185 3554 in
3215 3499 3368 3570 regis
3401 3497 3691 3569 discessu,

291 3588 757 3664 διαπεραιωθῆναι
818 3587 1219 3663 στρατεύματος
1277 3581 1495 3659 (ἐδεδίει
1552 3584 1656 3661 γὰρ
1700 3583 1776 3657 μὴ
1836 3604 1942 3638 πα-

292 3676 769 3756 ρασπονδήσαντες
826 3680 1093 3751 Ῥωμαῖοι
1149 3680 1266 3737 τοῖς
1340 3673 1479 3728 κατὰ
1542 3674 1770 3749 βραγεῖς
1826 3669 1946 3727 δια-

288 3772 532 3845 περῶσιν
593 3767 669 3831 εἶς
725 3769 826 3835 τὴν
884 3764 1173 3840 ἀντιπὲραν
1227 3762 1562 3836 ἐπίθωνται),
1622 3759 1795 3824 οὕτως
1838 3761 1950 3836 οὑχ

287 3860 535 3934 ἡμέραις
586 3856 804 3914 πλείοσι
846 3861 957 3912 τῶν
1011 3856 1281 3929 τεττάρων
1339 3854 1476 3908 κατά
1520 3854 1619 3921 τὴν
1671 3847 1747 3906 ἕω
1800 3850 1947 3926 γίνε-

284 3970 401 4005 ται.
481 3949 571 4010 Ὠς
631 3944 678 4002 δ’
734 3946 929 4022 ἢγγισε
999 3945 1136 4000 κατὰ
1188 3945 1289 4013 τὴν
1344 3938 1769 4019 Φιλαδέλφειαν,
1824 3937 1948 3995 οὔτε

286 4036 550 4112 παρῆλθε
606 4033 697 4090 διὰ
759 4042 859 4104 τῆς
913 4033 1153 4104 πόλεως,
1215 4030 1306 4086 καὶ
1362 4032 1417 4085 οἱ
1468 4029 1673 4100 ταύτης
1756 4026 1944 4108 ιριλεν⁹

291 4127 636 4190 δεικτοῦντες
713 4125 997 4199 οἰκήτορες
1064 4123 1116 4179 ἓν
1181 4127 1262 4193 τῷ
1316 4120 1564 4197 ἀπαίρειν
1640 4119 1731 4175 τὸν
1810 4118 1951 4195 ῥῆγα

287 4220 500 4274 ἐκεῖθεν
529 4215 670 4293 πρὸς
699 4214 949 4290 πόλεμον
1012 4212 1473 4289 μεθηρμόσθησαν
1532 4212 1621 4266 καὶ
1665 4210 1816 4284 μέρει
1846 4214 1948 4279 τῆς

288 4314 552 4384 στρατιᾶς
610 4308 750 4364 κατά
806 4305 1064 4382 λῃστείαν
1120 4304 1388 4361 ἐπέθεντο.
1445 4302 1534 4364 Ὠς
1586 4298 1633 4356 δ’
1680 4300 1745 4354 οὗ
1776 4298 1945 4373 προὺ-

285 4400 470 4475 χώρει
498 4398 716 4469 τούτοις
760 4397 829 4452 τά
874 4396 1204 4467 καταθύμια,
1265 4390 1393 4448 ἀλλ’
1445 4388 1689 4465 ἀνδριᾶσι
1721 4389 1943 4475 χαλκή-

284 4471 437 4564 ρεσιν
487 4485 524 4557 ἤ
572 4485 786 4561 γίγασιν
841 4478 1244 4552 ἀκαταὸλήτοις
1302 4480 1748 4555 προσεγγίζοντες
1777 4471 1943 4564 ἔγνω-

284 4562 409 4649 σαν,
471 4575 752 4649 μετέθεντο
817 4576 917 4645 τὴν
984 4573 1163 4647 ὁρμὴν
1233 4570 1309 4631 εἷς
1365 4570 1596 4645 τροπήν.
1632 4567 1699 4624 Οἱ
1755 4564 1814 4621 δὲ
1856 4562 1946 4620 διὰ

279 4671 388 4723 τοῦ
447 4667 633 4723 Ἀετοῦ
692 4665 993 4740 λεγομένου
1068 4663 1260 4737 χώρου
1315 4656 1658 4733 πορευθέντες
1714 4655 1943 4730 παρενέ-

285 4752 464 4811 6αλον
499 4754 575 4817 εἷς
605 4755 705 4824 τὴν
767 4753 820 4809 ἐν
879 4752 1093 4829 Φρυγίᾳ
1151 4746 1498 4807 Λαοδίκειαν.
1541 4746 1641 4802 Καὶ
1670 4744 1947 4822 φιλοφρο-

282 4846 542 4914 νηθέντες
615 4842 785 4899 ἐκεῖσε
860 4841 1245 4897 ἀσπασιώτατα
1318 4837 1407 4892 καὶ
1482 4836 1943 4913 ξεναγωγηθίντες

285 4936 368 4997 ὡς
406 4934 518 5013 οὐχ
575 4933 819 5007 δτὲρωθι,
878 4932 967 4987 καὶ
1022 4930 1219 4991 πάντες
1291 4928 1386 5000 μὲν
1433 4930 1555 4988 τοῖς
1594 4920 1946 5013 ’Λαοδικεῦσι

284 5011 592 5081 πάνταητά
650 5022 833 5087 θεόθεν
883 5019 1185 5091 ἔπηύξαντο
1248 5016 1445 5094 ἀγαθὰ,
1505 5016 1533 5071 6
1589 5011 1647 5069 δὲ
1856 5011 1948 5068 καὶ

287 5114 557 5189 μάλιστα⁶
591 5111 865 5174 ἀνατείνας
925 5110 1030 5186 γὰρ
1089 5109 1186 5172 τὰς
1242 5111 1432 5183 χεῖρας
1481 5104 1556 5166 είς
1603 5103 1824 5179 οὐρανὸν
1856 5102 1949 5158 καὶ

284 5202 424 5279 ἄρας
484 5199 597 5257 ἅνω
652 5202 719 5257 τὰ
777 5196 1023 5273 ὄμματα,
1079 5199 1142 5252 τὸ
1200 5195 1256 5251 δὲ
1306 5199 1435 5270 γόνυ
1466 5193 1689 5267 κάμψας
1718 5193 1794 5253 εἷς
1824 5197 1950 5265 γῆν.

2046 3589 2107 3643 in
2139 3587 2481 3644 inimicitias
2511 3593 2847 3660 erumpente
2878 3594 3104 3661 partem
3156 3589 3442 3646 exercitus
3471 3606 3572 3660 per
3604 3589 3694 3646 la-

2049 3678 2360 3734 trocinium
2386 3681 2526 3734 sunt
2554 3677 2764 3734 adorti.
2798 3678 2866 3735 Ut
2893 3694 3029 3735 vero
3051 3694 3144 3734 res
3175 3693 3378 3750 parum
3395 3678 3694 3745 successit,

2053 3768 2152 3823 sed
2178 3767 2391 3823 ferreas
2441 3772 2661 3823 statuas
2717 3772 2818 3823 aut
2869 3768 3133 3840 gigantes
3185 3766 3296 3822 sibi
3355 3781 3695 3838 oppugnare

2053 3855 2421 3922 videbantur,
2482 3864 2640 3926 terga
2688 3855 2993 3911 dederunt.
3044 3853 3345 3910 Alemanni
3397 3870 3533 3911 vero
3593 3871 3698 3926 per

2053 3944 2271 4016 Aquilia
2304 3944 2585 4016 praedium
2639 3943 2774 4015 (loci
2816 3959 3027 4001 nomen
3087 3943 3145 3998 id
3201 3944 3311 4015 est)
3356 3944 3596 4014 profecti
3625 3945 3699 4001 ad

2055 4034 2313 4105 Phrygias
2336 4032 2677 4089 Laodiceam
2708 4037 2899 4090 castra
2942 4036 3267 4104 posuerunt
3298 4050 3312 4101 ;
3358 4032 3558 4103 ibique
3592 4033 3702 4088 hu-

2058 4123 2399 4181 manissime
2450 4122 2709 4194 suscepti
2761 4127 2818 4179 et
2874 4120 3225 4192 hospitalius
3299 4137 3476 4193 quam
3559 4120 3703 4179 alibi

2056 4228 2303 4284 usquam
2399 4209 2649 4279 tractati,
2719 4226 2855 4266 cum
2955 4227 3157 4268 omnes
3250 4211 3701 4268 Laodicensibus

2052 4300 2408 4359 faustissima
2462 4314 2709 4371 quisque
2756 4315 2790 4354 a
2874 4303 2987 4353 Deo
3038 4304 3180 4354 sunt
3258 4300 3503 4371 precati,
3571 4303 3699 4355 tum

2054 4406 2152 4446 rex
2173 4389 2444 4444 manibus
2492 4392 2548 4443 et
2578 4386 2762 4442 oculis
2801 4386 2859 4441 in
2894 4387 3105 4442 cretum
3139 4386 3408 4454 sublatis,
3456 4388 3703 4460 genibus

2050 4494 2184 4534 vero
2213 4478 2375 4533 humi
2410 4475 2597 4543 ﬂexis,
2649 4475 2822 4531 oravii
2885 4476 3042 4532 540
3102 4479 3167 4530 ut
3225 4475 3509 4548 quidquid
3573 4477 3701 4532 vitm

2049 4568 2369 4642 prodesset,
2424 4563 2711 4636 quidquid
2762 4565 2976 4620 animis
3042 4564 3290 4621 salutem
3340 4563 3596 4633 afferret,
3641 4564 3702 4621 id

2050 4676 2084 4716 a
2112 4657 2492 4730 gubernatore
2526 4653 2914 4710 universitatis
2942 4659 3058 4710 Deo
3092 4654 3259 4711 Patre
3283 4653 3399 4710 illis
3429 4654 3703 4710 tribuere-

2051 4752 2166 4814 tur,
2186 4746 2293 4802 hac
2307 4745 2533 4814 adjecta
2548 4742 2832 4809 clausula,
2853 4744 2902 4800 si
2928 4744 3196 4800 Romana
3221 4742 3528 4816 provinciis
3545 4742 3707 4798 Chri-

2057 4834 2266 4891 stianis
2308 4831 2649 4903 hujusmodi
2674 4830 2950 4889 ﬂorerent
2976 4836 3032 4888 et
3045 4832 3189 4890 adeo
3206 4832 3458 4904 benigne
3488 4831 3705 4887 Christi

2058 4922 2273 4979 milites
2302 4921 2689 4994 susciperent,
2719 4937 2779 4977 se
2810 4927 2863 4977 et
2893 4920 3013 4976 illis
3043 4937 3180 4991 opes
3211 4918 3706 4993 quasattulissent

2057 5012 2305 5069 libenter
2342 5012 2521 5068 fuisse
2564 5010 2823 5077 daturos,
2855 5015 3181 5067 commeatu
3215 5014 3416 5081 pacate
3443 5011 3704 5078 accepto,

2059 5110 2116 5158 et
2148 5100 2290 5158 lines
2321 5100 2708 5156 Romanorum
2729 5099 3081 5170 jampridem
3103 5097 3284 5153 fuisse
3333 5096 3701 5160 transituros,

2058 5191 2251 5247 hastis
2287 5188 2510 5245 nullius
2561 5187 2875 5242 Christiani
2929 5187 3214 5258 sanguine
3273 5182 3702 5266 contaminatis.

281 5268 339 5349 σῖ
371 5314 423 5348 τι
461 5290 751 5368 βιωφελίς,
780 5268 833 5345 εἶ’
856 5268 910 5343 τι
941 5291 1133 5363 ψυχῶν
1170 5268 1460 5361 σωτήριον,
1516 5282 1577 5337 ἐκ
1633 5284 1730 5337 τοῦ
1784 5284 1893 5334 τῶν
1948 5277 2094 5334 ὅλων
2146 5274 2452 5348 κηδεμόνος
2482 5277 2616 5329 Θεοῦ
2656 5273 2748 5327 καὶ
2794 5273 3007 5346 Πατρὸς
3035 5269 3463 5339 ἒπικαταπτῆναι
3490 5268 3705 5332 τούτοις

284 5356 594 5451 ἱκέτευσεν,⁸
612 5378 848 5435 ἐπειπὼν
877 5356 977 5443 ὡς’,
1010 5356 1060 5432 εί
1083 5378 1433 5452 Χριστιανοῖς
1464 5369 1733 5431 τοιούτοις
1793 5367 2131 5439 ἐνευθηνεῖτο
2189 5368 2225 5435 ἡ
2282 5362 2574 5437 Ῥωμαίων
2629 5368 2700 5437 γῆ
2741 5360 2832 5415 καὶ
2888 5360 3245 5436 εὐγνωμόνως
3279 5356 3424 5414 οὕτω
3450 5356 3578 5419 τούς
3607 5361 3705 5412 τοῦ

281 5473 530 5547 Χριστοῦ
562 5445 793 5533 όπλίτας
826 5474 911 5541 [Ρ.
949 5469 1074 5540 264]
1106 5445 1565 5538 ᾐθυπεδέχοντο,
1595 5461 1839 5515 κάκεῖνοι
1867 5458 1960 5513 τὸν
1988 5455 2377 5547 ἐπιφερόμενον
2397 5449 2649 5547 ,πλοῦτον
2677 5449 2859 5547 σφίσιν
2889 5449 3185 5547 ἀγαπητῶς
3212 5449 3294 5521 ἂν,
3325 5445 3706 5547 τὰῇἐπιτήδεια

288 5537 412 5637 μετ’
445 5559 669 5636 εἰρήνης
701 5537 1072 5637 παρέχοντεςί
1085 5556 1176 5611 καὶ
1205 5537 1386 5609 αύτοὶγ
1409 5552 1477 5609 τὰ
1523 5549 1648 5626 ὅρια
1694 5547 1982 5623 Ῥωμαίων
2035 5545 2207 5602 πάλαι
2261 5539 2633 5618 παρήλθοσαν,
2666 5538 2958 5619 ἀγεύστους
2986 5540 3321 5618 Χριστιανων
3354 5538 3587 5615 αἵματος
3615 5537 3707 5596 καὶ

285 5651 564 5712 δπνούσας
594 5649 685 5706 ἐπὶ
714 5648 954 5705 κουλεῶν
980 5648 1075 5709 τὰς
1108 5644 1320 5720 λόγχας
1360 5643 1641 5722 φέροντες.

618 5766 882 5828 ΡΔτιιοι..
930 5763 1040 5824 Gn.
1075 5758 1388 5822 CXXXIX.
