  <div class='ocr_page' id='page_1' title='image "/cluster/home/n/w/nwhite01/storage/ocr_20150623/139/hvd.32044023361710/395.png"; bbox 0 0 4112 6218; ppageno 0'>
   <div class='ocr_carea' id='block_1_1' title="bbox 518 358 638 471">
    <p class='ocr_par' dir='ltr' id='par_1_1' title="bbox 518 358 638 471">
     <span class='ocr_line' id='line_1_1' title="bbox 518 358 638 471; baseline 0.025 -4"><span class='ocrx_word' id='word_1_1' title='bbox 518 358 638 471; x_wconf 61' lang='lat'><strong>77&#39;9</strong></span> 
     </span>
    </p>
   </div>
   <div class='ocr_carea' id='block_1_2' title="bbox 513 629 2177 701">
    <p class='ocr_par' dir='ltr' id='par_1_2' title="bbox 513 629 2177 701">
     <span class='ocr_line' id='line_1_2' title="bbox 513 629 2177 701; baseline -0.001 -14"><span class='ocrx_word' id='word_1_2' title='bbox 513 637 653 688; x_wconf 91' lang='lat' dir='ltr'><strong>sunt</strong></span> <span class='ocrx_word' id='word_1_3' title='bbox 678 630 934 701; x_wconf 79' lang='lat' dir='ltr'><strong>experti:</strong></span> <span class='ocrx_word' id='word_1_4' title='bbox 968 630 1070 685; x_wconf 90' lang='lat' dir='ltr'><strong>sed</strong></span> <span class='ocrx_word' id='word_1_5' title='bbox 1102 635 1160 684; x_wconf 90' lang='lat' dir='ltr'><strong>et</strong></span> <span class='ocrx_word' id='word_1_6' title='bbox 1187 629 1243 684; x_wconf 91' lang='lat' dir='ltr'><strong>bi</strong></span> <span class='ocrx_word' id='word_1_7' title='bbox 1275 633 1536 701; x_wconf 90' lang='lat' dir='ltr'><strong>apertam</strong></span> <span class='ocrx_word' id='word_1_8' title='bbox 1570 645 1829 701; x_wconf 82' lang='lat' dir='ltr'><strong>pugnam</strong></span> <span class='ocrx_word' id='word_1_9' title='bbox 1877 629 2177 685; x_wconf 83' lang='lat' dir='ltr'><strong>declinan-</strong></span> 
     </span>
    </p>
   </div>
   <div class='ocr_carea' id='block_1_3' title="bbox 510 717 2176 790">
    <p class='ocr_par' dir='ltr' id='par_1_3' title="bbox 510 717 2176 790">
     <span class='ocr_line' id='line_1_3' title="bbox 510 717 2176 790; baseline 0 -14"><span class='ocrx_word' id='word_1_10' title='bbox 510 724 596 776; x_wconf 86' lang='lat' dir='ltr'><strong>tes</strong></span> <span class='ocrx_word' id='word_1_11' title='bbox 626 717 949 774; x_wconf 76' lang='lat' dir='ltr'><strong>latrociniis</strong></span> <span class='ocrx_word' id='word_1_12' title='bbox 979 734 1099 784; x_wconf 86' lang='lat' dir='ltr'><strong>eos,</strong></span> <span class='ocrx_word' id='word_1_13' title='bbox 1124 717 1225 773; x_wconf 92' lang='lat' dir='ltr'><strong>ubi</strong></span> <span class='ocrx_word' id='word_1_14' title='bbox 1275 718 1962 790; x_wconf 81' lang='lat' dir='ltr'><strong>poterant,infestabant,</strong></span> <span class='ocrx_word' id='word_1_15' title='bbox 1989 735 2176 790; x_wconf 87' lang='lat' dir='ltr'><strong>quan-</strong></span> 
     </span>
    </p>
   </div>
   <div class='ocr_carea' id='block_1_4' title="bbox 513 815 2176 889">
    <p class='ocr_par' dir='ltr' id='par_1_4' title="bbox 513 815 2176 889">
     <span class='ocr_line' id='line_1_4' title="bbox 513 815 2176 889; baseline 0.001 -16"><span class='ocrx_word' id='word_1_16' title='bbox 513 833 693 889; x_wconf 82' lang='lat' dir='ltr'><strong>quam</strong></span> <span class='ocrx_word' id='word_1_17' title='bbox 724 833 887 888; x_wconf 70' lang='lat' dir='ltr'><strong>taque</strong></span> <span class='ocrx_word' id='word_1_18' title='bbox 919 821 984 872; x_wconf 89' lang='lat' dir='ltr'><strong>ut</strong></span> <span class='ocrx_word' id='word_1_19' title='bbox 1017 815 1281 883; x_wconf 82' lang='lat' dir='ltr'><strong>Romani,</strong></span> <span class='ocrx_word' id='word_1_20' title='bbox 1316 817 1489 888; x_wconf 90' lang='lat' dir='ltr'><strong>pacti,</strong></span> <span class='ocrx_word' id='word_1_21' title='bbox 1525 815 1575 871; x_wconf 89' lang='lat' dir='ltr'><strong>si</strong></span> <span class='ocrx_word' id='word_1_22' title='bbox 1620 817 1843 887; x_wconf 88' lang='lat' dir='ltr'><strong>absque</strong></span> <span class='ocrx_word' id='word_1_23' title='bbox 1890 817 2176 874; x_wconf 76' lang='lat' dir='ltr'><strong>maleﬁcio</strong></span> 
     </span>
    </p>
   </div>
   <div class='ocr_carea' id='block_1_5' title="bbox 514 906 2174 978">
    <p class='ocr_par' dir='ltr' id='par_1_5' title="bbox 514 906 2174 978">
     <span class='ocr_line' id='line_1_5' title="bbox 514 906 2174 978; baseline 0.001 -16"><span class='ocrx_word' id='word_1_24' title='bbox 514 906 857 974; x_wconf 79' lang='lat' dir='ltr'><strong>transirent,</strong></span> <span class='ocrx_word' id='word_1_25' title='bbox 891 922 955 963; x_wconf 91' lang='lat' dir='ltr'><strong>se</strong></span> <span class='ocrx_word' id='word_1_26' title='bbox 986 907 1071 962; x_wconf 88' lang='lat' dir='ltr'><strong>eis</strong></span> <span class='ocrx_word' id='word_1_27' title='bbox 1105 906 1307 961; x_wconf 89' lang='lat' dir='ltr'><strong>omnia</strong></span> <span class='ocrx_word' id='word_1_28' title='bbox 1337 922 1467 977; x_wconf 66' lang='lat' dir='ltr'><strong>quae</strong></span> <span class='ocrx_word' id='word_1_29' title='bbox 1500 906 1873 978; x_wconf 63' lang='lat' dir='ltr'><strong>praetereunti</strong></span> <span class='ocrx_word' id='word_1_30' title='bbox 1889 907 2174 963; x_wconf 84' lang='lat' dir='ltr'><strong>exercitui</strong></span> 
     </span>
    </p>
   </div>
   <div class='ocr_carea' id='block_1_6' title="bbox 513 996 2175 1067">
    <p class='ocr_par' dir='ltr' id='par_1_6' title="bbox 513 996 2175 1067">
     <span class='ocr_line' id='line_1_6' title="bbox 513 996 2175 1067; baseline -0.001 -15"><span class='ocrx_word' id='word_1_31' title='bbox 513 1001 712 1052; x_wconf 88' lang='lat' dir='ltr'><strong>essent</strong></span> <span class='ocrx_word' id='word_1_32' title='bbox 740 1011 890 1065; x_wconf 88' lang='lat' dir='ltr'><strong>opus</strong></span> <span class='ocrx_word' id='word_1_33' title='bbox 936 996 1439 1066; x_wconf 87' lang='lat' dir='ltr'><strong>suppeditaturos.</strong></span> <span class='ocrx_word' id='word_1_34' title='bbox 1502 996 1582 1050; x_wconf 86' lang='lat' dir='ltr'><strong>Ac</strong></span> <span class='ocrx_word' id='word_1_35' title='bbox 1628 1011 1769 1050; x_wconf 88' lang='lat' dir='ltr'><strong>sane</strong></span> <span class='ocrx_word' id='word_1_36' title='bbox 1797 996 1883 1051; x_wconf 86' lang='lat' dir='ltr'><strong>eis</strong></span> <span class='ocrx_word' id='word_1_37' title='bbox 1940 1011 2175 1067; x_wconf 88' lang='lat' dir='ltr'><strong>quoque</strong></span> 
     </span>
    </p>
   </div>
   <div class='ocr_carea' id='block_1_7' title="bbox 523 1083 2170 1157">
    <p class='ocr_par' dir='ltr' id='par_1_7' title="bbox 523 1083 2170 1157">
     <span class='ocr_line' id='line_1_7' title="bbox 523 1083 2170 1157; baseline 0.001 -18"><span class='ocrx_word' id='word_1_38' title='bbox 523 1084 865 1156; x_wconf 80' lang='lat' dir='ltr'><strong>profuisset,</strong></span> <span class='ocrx_word' id='word_1_39' title='bbox 913 1084 963 1141; x_wconf 87' lang='lat' dir='ltr'><strong>si</strong></span> <span class='ocrx_word' id='word_1_40' title='bbox 1032 1084 1217 1156; x_wconf 88' lang='lat' dir='ltr'><strong>pactis</strong></span> <span class='ocrx_word' id='word_1_41' title='bbox 1262 1085 1588 1140; x_wconf 84' lang='lat' dir='ltr'><strong>stetissent.</strong></span> <span class='ocrx_word' id='word_1_42' title='bbox 1645 1083 1812 1139; x_wconf 86' lang='lat' dir='ltr'><strong>Nune</strong></span> <span class='ocrx_word' id='word_1_43' title='bbox 1871 1084 2034 1140; x_wconf 90' lang='lat' dir='ltr'><strong>inani</strong></span> <span class='ocrx_word' id='word_1_44' title='bbox 2066 1100 2170 1157; x_wconf 89' lang='lat' dir='ltr'><strong>spe</strong></span> 
     </span>
    </p>
   </div>
   <div class='ocr_carea' id='block_1_8' title="bbox 518 1171 2169 1245">
    <p class='ocr_par' dir='ltr' id='par_1_8' title="bbox 518 1171 2169 1245">
     <span class='ocr_line' id='line_1_8' title="bbox 518 1171 2169 1245; baseline -0.001 -16"><span class='ocrx_word' id='word_1_45' title='bbox 518 1174 656 1229; x_wconf 83' lang='lat' dir='ltr'><strong>elati</strong></span> <span class='ocrx_word' id='word_1_46' title='bbox 686 1174 749 1228; x_wconf 88' lang='lat' dir='ltr'><strong>in</strong></span> <span class='ocrx_word' id='word_1_47' title='bbox 776 1178 1041 1245; x_wconf 86' lang='lat' dir='ltr'><strong>apertum</strong></span> <span class='ocrx_word' id='word_1_48' title='bbox 1079 1172 1296 1228; x_wconf 89' lang='lat' dir='ltr'><strong>bellum</strong></span> <span class='ocrx_word' id='word_1_49' title='bbox 1329 1177 1672 1245; x_wconf 87' lang='lat' dir='ltr'><strong>eruperunt.</strong></span> <span class='ocrx_word' id='word_1_50' title='bbox 1705 1171 1909 1244; x_wconf 85' lang='lat' dir='ltr'><strong>Itaque</strong></span> <span class='ocrx_word' id='word_1_51' title='bbox 1968 1189 2067 1229; x_wconf 78' lang='lat' dir='ltr'><strong>rex</strong></span> <span class='ocrx_word' id='word_1_52' title='bbox 2094 1174 2169 1228; x_wconf 88' lang='lat' dir='ltr'><strong>ad</strong></span> 
     </span>
    </p>
   </div>
   <div class='ocr_carea' id='block_1_9' title="bbox 514 1261 2174 1332">
    <p class='ocr_par' dir='ltr' id='par_1_9' title="bbox 514 1261 2174 1332">
     <span class='ocr_line' id='line_1_9' title="bbox 514 1261 2174 1332; baseline -0.001 -14"><span class='ocrx_word' id='word_1_53' title='bbox 514 1268 777 1319; x_wconf 86' lang='lat' dir='ltr'><strong>castrum</strong></span> <span class='ocrx_word' id='word_1_54' title='bbox 795 1261 1199 1318; x_wconf 87' lang='lat' dir='ltr'><strong>Philomelium</strong></span> <span class='ocrx_word' id='word_1_55' title='bbox 1223 1262 1418 1332; x_wconf 69' lang='lat' dir='ltr'><strong>praelio</strong></span> <span class='ocrx_word' id='word_1_56' title='bbox 1432 1278 1568 1317; x_wconf 87' lang='lat' dir='ltr'><strong>cum</strong></span> <span class='ocrx_word' id='word_1_57' title='bbox 1592 1262 1915 1318; x_wconf 88' lang='lat' dir='ltr'><strong>Iooniensis</strong></span> <span class='ocrx_word' id='word_1_58' title='bbox 1953 1261 2174 1318; x_wconf 86' lang='lat' dir='ltr'><strong>sultani</strong></span> 
     </span>
    </p>
   </div>
   <div class='ocr_carea' id='block_1_10' title="bbox 516 1349 2172 1422">
    <p class='ocr_par' dir='ltr' id='par_1_10' title="bbox 516 1349 2172 1422">
     <span class='ocr_line' id='line_1_10' title="bbox 516 1349 2172 1422; baseline 0.001 -17"><span class='ocrx_word' id='word_1_59' title='bbox 516 1350 716 1407; x_wconf 88' lang='lat' dir='ltr'><strong>liberis</strong></span> <span class='ocrx_word' id='word_1_60' title='bbox 748 1350 1070 1407; x_wconf 90' lang='lat' dir='ltr'><strong>commisso</strong></span> <span class='ocrx_word' id='word_1_61' title='bbox 1105 1350 1299 1422; x_wconf 86' lang='lat' dir='ltr'><strong>(quem</strong></span> <span class='ocrx_word' id='word_1_62' title='bbox 1326 1367 1500 1421; x_wconf 85' lang='lat' dir='ltr'><strong>regno</strong></span> <span class='ocrx_word' id='word_1_63' title='bbox 1530 1355 1729 1422; x_wconf 89' lang='lat' dir='ltr'><strong>erepto</strong></span> <span class='ocrx_word' id='word_1_64' title='bbox 1755 1349 1948 1406; x_wconf 90' lang='lat' dir='ltr'><strong>Iconio</strong></span> <span class='ocrx_word' id='word_1_65' title='bbox 1991 1366 2172 1422; x_wconf 82' lang='lat' dir='ltr'><strong>expu-</strong></span> 
     </span>
    </p>
   </div>
   <div class='ocr_carea' id='block_1_11' title="bbox 519 1440 2171 1513">
    <p class='ocr_par' dir='ltr' id='par_1_11' title="bbox 519 1440 2171 1513">
     <span class='ocr_line' id='line_1_11' title="bbox 519 1440 2171 1513; baseline 0 -18"><span class='ocrx_word' id='word_1_66' title='bbox 519 1440 729 1507; x_wconf 85' lang='lat' dir='ltr'><strong>lerant,</strong></span> <span class='ocrx_word' id='word_1_67' title='bbox 762 1440 1007 1513; x_wconf 88' lang='lat' dir='ltr'><strong>pristina</strong></span> <span class='ocrx_word' id='word_1_68' title='bbox 1037 1440 1167 1511; x_wconf 84' lang='lat' dir='ltr'><strong>ejus</strong></span> <span class='ocrx_word' id='word_1_69' title='bbox 1189 1440 1461 1496; x_wconf 89' lang='lat' dir='ltr'><strong>felicitate</strong></span> <span class='ocrx_word' id='word_1_70' title='bbox 1483 1440 1543 1494; x_wconf 91' lang='lat' dir='ltr'><strong>in</strong></span> <span class='ocrx_word' id='word_1_71' title='bbox 1576 1455 1972 1496; x_wconf 70' lang='lat' dir='ltr'><strong>aerumnosam</strong></span> <span class='ocrx_word' id='word_1_72' title='bbox 2005 1455 2171 1495; x_wconf 90' lang='lat' dir='ltr'><strong>sene-</strong></span> 
     </span>
    </p>
   </div>
   <div class='ocr_carea' id='block_1_12' title="bbox 515 1528 2170 1600">
    <p class='ocr_par' dir='ltr' id='par_1_12' title="bbox 515 1528 2170 1600">
     <span class='ocr_line' id='line_1_12' title="bbox 515 1528 2170 1600; baseline -0.001 -15"><span class='ocrx_word' id='word_1_73' title='bbox 515 1538 729 1585; x_wconf 88' lang='lat' dir='ltr'><strong>ctutem</strong></span> <span class='ocrx_word' id='word_1_74' title='bbox 763 1530 1008 1600; x_wconf 87' lang='lat' dir='ltr'><strong>mutata)</strong></span> <span class='ocrx_word' id='word_1_75' title='bbox 1041 1544 1177 1585; x_wconf 90' lang='lat' dir='ltr'><strong>cum</strong></span> <span class='ocrx_word' id='word_1_76' title='bbox 1214 1529 1375 1599; x_wconf 87' lang='lat' dir='ltr'><strong>ipsos</strong></span> <span class='ocrx_word' id='word_1_77' title='bbox 1408 1528 1575 1584; x_wconf 86' lang='lat' dir='ltr'><strong>facile</strong></span> <span class='ocrx_word' id='word_1_78' title='bbox 1626 1529 1975 1600; x_wconf 86' lang='lat' dir='ltr'><strong>profligavit,</strong></span> <span class='ocrx_word' id='word_1_79' title='bbox 2044 1533 2170 1584; x_wconf 90' lang='lat' dir='ltr'><strong>tum</strong></span> 
     </span>
    </p>
   </div>
   <div class='ocr_carea' id='block_1_13' title="bbox 518 1617 2170 1689">
    <p class='ocr_par' dir='ltr' id='par_1_13' title="bbox 518 1617 2170 1689">
     <span class='ocr_line' id='line_1_13' title="bbox 518 1617 2170 1689; baseline -0.001 -14"><span class='ocrx_word' id='word_1_80' title='bbox 518 1620 666 1675; x_wconf 72' lang='lat'><strong>54!</strong></span> <span class='ocrx_word' id='word_1_81' title='bbox 699 1617 1112 1673; x_wconf 90' lang='lat' dir='ltr'><strong>Pbilomelium</strong></span> <span class='ocrx_word' id='word_1_82' title='bbox 1145 1618 1357 1673; x_wconf 84' lang='lat' dir='ltr'><strong>evertit</strong></span> <span class='ocrx_word' id='word_1_83' title='bbox 1389 1623 1569 1689; x_wconf 79' lang='lat' dir='ltr'><strong>atque</strong></span> <span class='ocrx_word' id='word_1_84' title='bbox 1598 1618 1879 1674; x_wconf 87' lang='lat' dir='ltr'><strong>incendit.</strong></span> <span class='ocrx_word' id='word_1_85' title='bbox 1923 1617 2170 1674; x_wconf 88' lang='lat' dir='ltr'><strong>Eosdem</strong></span> 
     </span>
    </p>
   </div>
   <div class='ocr_carea' id='block_1_14' title="bbox 517 1705 2170 1779">
    <p class='ocr_par' dir='ltr' id='par_1_14' title="bbox 517 1705 2170 1779">
     <span class='ocr_line' id='line_1_14' title="bbox 517 1705 2170 1779; baseline 0.001 -17"><span class='ocrx_word' id='word_1_86' title='bbox 517 1707 696 1762; x_wconf 88' lang='lat' dir='ltr'><strong>etiam</strong></span> <span class='ocrx_word' id='word_1_87' title='bbox 729 1707 799 1760; x_wconf 88' lang='lat' dir='ltr'><strong>ad</strong></span> <span class='ocrx_word' id='word_1_88' title='bbox 833 1705 1239 1777; x_wconf 88' lang='lat' dir='ltr'><strong>Cingularium</strong></span> <span class='ocrx_word' id='word_1_89' title='bbox 1271 1705 1426 1761; x_wconf 81' lang='lat' dir='ltr'><strong>vicit.</strong></span> <span class='ocrx_word' id='word_1_90' title='bbox 1469 1710 1611 1762; x_wconf 90' lang='lat' dir='ltr'><strong>Cum</strong></span> <span class='ocrx_word' id='word_1_91' title='bbox 1668 1707 1827 1762; x_wconf 90' lang='lat' dir='ltr'><strong>enim</strong></span> <span class='ocrx_word' id='word_1_92' title='bbox 1874 1706 2170 1779; x_wconf 86' lang='lat' dir='ltr'><strong>angustiis</strong></span> 
     </span>
    </p>
   </div>
   <div class='ocr_carea' id='block_1_15' title="bbox 519 1793 2171 1867">
    <p class='ocr_par' dir='ltr' id='par_1_15' title="bbox 519 1793 2171 1867">
     <span class='ocr_line' id='line_1_15' title="bbox 519 1793 2171 1867; baseline -0.001 -16"><span class='ocrx_word' id='word_1_93' title='bbox 519 1796 818 1867; x_wconf 85' lang='lat' dir='ltr'><strong>occupatis</strong></span> <span class='ocrx_word' id='word_1_94' title='bbox 875 1793 1329 1849; x_wconf 84' lang='lat' dir='ltr'><strong>Alemannorum</strong></span> <span class='ocrx_word' id='word_1_95' title='bbox 1382 1797 1699 1850; x_wconf 83' lang='lat' dir='ltr'><strong>transitum</strong></span> <span class='ocrx_word' id='word_1_96' title='bbox 1772 1795 2171 1863; x_wconf 78' lang='lat' dir='ltr'><strong>observarent,</strong></span> 
     </span>
    </p>
   </div>
   <div class='ocr_carea' id='block_1_16' title="bbox 1803 406 2580 471">
    <p class='ocr_par' dir='ltr' id='par_1_16' title="bbox 1803 406 2580 471">
     <span class='ocr_line' id='line_1_16' title="bbox 1803 406 2580 471; baseline 0.006 -4"><span class='ocrx_word' id='word_1_97' title='bbox 1803 407 2121 468; x_wconf 76' lang='lat' dir='ltr'><strong>NlCET/E</strong></span> <span class='ocrx_word' id='word_1_98' title='bbox 2160 406 2580 471; x_wconf 73' lang='lat' dir='ltr'><strong>CHONIATE</strong></span> 
     </span>
    </p>
   </div>
   <div class='ocr_carea' id='block_1_17' title="bbox 586 540 2246 613">
    <p class='ocr_par' dir='ltr' id='par_1_17' title="bbox 586 540 2246 613">
     <span class='ocr_line' id='line_1_17' title="bbox 586 540 2246 613; baseline 0 -15"><span class='ocrx_word' id='word_1_99' title='bbox 586 542 734 598; x_wconf 88' lang='lat' dir='ltr'><strong>Cum</strong></span> <span class='ocrx_word' id='word_1_100' title='bbox 766 540 944 597; x_wconf 85' lang='lat' dir='ltr'><strong>altius</strong></span> <span class='ocrx_word' id='word_1_101' title='bbox 1000 540 1400 609; x_wconf 78' lang='lat' dir='ltr'><strong>escenderent,</strong></span> <span class='ocrx_word' id='word_1_102' title='bbox 1455 555 1563 595; x_wconf 88' lang='lat' dir='ltr'><strong>nec</strong></span> <span class='ocrx_word' id='word_1_103' title='bbox 1620 540 1840 595; x_wconf 87' lang='lat' dir='ltr'><strong>Turcos</strong></span> <span class='ocrx_word' id='word_1_104' title='bbox 1884 541 2166 613; x_wconf 88' lang='lat' dir='ltr'><strong>benignos</strong></span> <span class='ocrx_word' id='word_1_105' title='bbox 2194 546 2246 610; x_wconf 78' lang='grc' dir='ltr'><strong>Α</strong></span> 
     </span>
    </p>
   </div>
   <div class='ocr_carea' id='block_1_18' title="bbox 3817 411 3915 479">
    <p class='ocr_par' dir='ltr' id='par_1_18' title="bbox 3817 411 3915 479">
     <span class='ocr_line' id='line_1_18' title="bbox 3817 411 3915 479; baseline 0.071 -7"><span class='ocrx_word' id='word_1_106' title='bbox 3817 411 3915 479; x_wconf 73' lang='grc' dir='ltr'><strong>τεο</strong></span> 
     </span>
    </p>
   </div>
   <div class='ocr_carea' id='block_1_19' title="bbox 2354 539 3917 621">
    <p class='ocr_par' dir='ltr' id='par_1_19' title="bbox 2354 539 3917 621">
     <span class='ocr_line' id='line_1_19' title="bbox 2354 539 3917 621; baseline 0.001 -23"><span class='ocrx_word' id='word_1_107' title='bbox 2354 542 2654 615; x_wconf 72' lang='grc' dir='ltr'>’Δψὰμενοι</span> <span class='ocrx_word' id='word_1_108' title='bbox 2713 539 2771 597; x_wconf 71' lang='grc' dir='ltr'>δὲ</span> <span class='ocrx_word' id='word_1_109' title='bbox 2823 548 2927 613; x_wconf 83' lang='grc' dir='ltr'><strong>τῆς</strong></span> <span class='ocrx_word' id='word_1_110' title='bbox 2981 541 3092 599; x_wconf 71' lang='grc' dir='ltr'>ἅνω</span> <span class='ocrx_word' id='word_1_111' title='bbox 3145 542 3371 620; x_wconf 85' lang='grc' dir='ltr'>πορείας</span> <span class='ocrx_word' id='word_1_112' title='bbox 3428 540 3557 599; x_wconf 75' lang='grc' dir='ltr'>ούδὶ</span> <span class='ocrx_word' id='word_1_113' title='bbox 3598 543 3730 606; x_wconf 71' lang='grc' dir='ltr'>τοὺς</span> <span class='ocrx_word' id='word_1_114' title='bbox 3757 546 3917 621; x_wconf 73' lang='grc' dir='ltr'>Ταύρ-</span> 
     </span>
    </p>
   </div>
   <div class='ocr_carea' id='block_1_20' title="bbox 2280 630 3917 711">
    <p class='ocr_par' dir='ltr' id='par_1_20' title="bbox 2280 630 3917 711">
     <span class='ocr_line' id='line_1_20' title="bbox 2280 630 3917 711; baseline 0.003 -27"><span class='ocrx_word' id='word_1_115' title='bbox 2280 651 2408 693; x_wconf 72' lang='grc' dir='ltr'>ιιους</span> <span class='ocrx_word' id='word_1_116' title='bbox 2467 630 2713 702; x_wconf 70' lang='grc' dir='ltr'>εὕρισκον</span> <span class='ocrx_word' id='word_1_117' title='bbox 2773 632 2955 701; x_wconf 68' lang='grc' dir='ltr'><strong>⁴ἠπίως</strong></span> <span class='ocrx_word' id='word_1_118' title='bbox 3012 633 3202 695; x_wconf 83' lang='grc' dir='ltr'>αὐτοῖς</span> <span class='ocrx_word' id='word_1_119' title='bbox 3252 632 3763 711; x_wconf 49' lang='grc' dir='ltr'>προσξερομένους,</span> <span class='ocrx_word' id='word_1_120' title='bbox 3794 632 3917 689; x_wconf 77' lang='grc' dir='ltr'><strong>ἆλλᾶ</strong></span> 
     </span>
    </p>
   </div>
   <div class='ocr_carea' id='block_1_21' title="bbox 2279 718 3915 797">
    <p class='ocr_par' dir='ltr' id='par_1_21' title="bbox 2279 718 3915 797">
     <span class='ocr_line' id='line_1_21' title="bbox 2279 718 3915 797; baseline 0.002 -23"><span class='ocrx_word' id='word_1_121' title='bbox 2279 719 2370 774; x_wconf 75' lang='grc' dir='ltr'><strong>καὶ</strong></span> <span class='ocrx_word' id='word_1_122' title='bbox 2401 720 2552 775; x_wconf 74' lang='grc' dir='ltr'>οὗτοι</span> <span class='ocrx_word' id='word_1_123' title='bbox 2605 722 2707 790; x_wconf 73' lang='grc' dir='ltr'>τὴν</span> <span class='ocrx_word' id='word_1_124' title='bbox 2757 718 2989 778; x_wconf 76' lang='grc' dir='ltr'>ἐνώπιον</span> <span class='ocrx_word' id='word_1_125' title='bbox 3048 721 3237 797; x_wconf 80' lang='grc' dir='ltr'>μάχην</span> <span class='ocrx_word' id='word_1_126' title='bbox 3270 721 3613 783; x_wconf 64' lang='grc' dir='ltr'>ἐκκλίνοντες</span> <span class='ocrx_word' id='word_1_127' title='bbox 3647 722 3915 797; x_wconf 69' lang='grc' dir='ltr'>ἐλῄστευον</span> 
     </span>
    </p>
   </div>
   <div class='ocr_carea' id='block_1_22' title="bbox 2281 808 3917 889">
    <p class='ocr_par' dir='ltr' id='par_1_22' title="bbox 2281 808 3917 889">
     <span class='ocr_line' id='line_1_22' title="bbox 2281 808 3917 889; baseline -0.004 -25"><span class='ocrx_word' id='word_1_128' title='bbox 2281 810 2390 881; x_wconf 79' lang='grc' dir='ltr'>ὅπη</span> <span class='ocrx_word' id='word_1_129' title='bbox 2424 811 2556 866; x_wconf 78' lang='grc' dir='ltr'>ποτὲ</span> <span class='ocrx_word' id='word_1_130' title='bbox 2586 808 2807 889; x_wconf 68' lang='grc' dir='ltr'>ἴσχυον,</span> <span class='ocrx_word' id='word_1_131' title='bbox 2863 810 3041 866; x_wconf 83' lang='grc' dir='ltr'>καίτοι</span> <span class='ocrx_word' id='word_1_132' title='bbox 3097 812 3402 885; x_wconf 82' lang='grc' dir='ltr'>Ῥωμαίοις</span> <span class='ocrx_word' id='word_1_133' title='bbox 3461 813 3545 867; x_wconf 70' lang='grc' dir='ltr'><strong>ἐπ’</strong></span> <span class='ocrx_word' id='word_1_134' title='bbox 3598 810 3728 883; x_wconf 71' lang='grc' dir='ltr'>ἴσης</span> <span class='ocrx_word' id='word_1_135' title='bbox 3756 810 3917 868; x_wconf 75' lang='grc' dir='ltr'>συνθέ.</span> 
     </span>
    </p>
   </div>
   <div class='ocr_carea' id='block_1_23' title="bbox 2285 898 3919 979">
    <p class='ocr_par' dir='ltr' id='par_1_23' title="bbox 2285 898 3919 979">
     <span class='ocr_line' id='line_1_23' title="bbox 2285 898 3919 979; baseline 0.001 -24"><span class='ocrx_word' id='word_1_136' title='bbox 2285 920 2438 971; x_wconf 86' lang='grc' dir='ltr'>μενοι</span> <span class='ocrx_word' id='word_1_137' title='bbox 2497 898 2587 955; x_wconf 78' lang='grc' dir='ltr'><strong>διὰ</strong></span> <span class='ocrx_word' id='word_1_138' title='bbox 2642 907 2741 970; x_wconf 76' lang='grc' dir='ltr'><strong>τῆς</strong></span> <span class='ocrx_word' id='word_1_139' title='bbox 2783 902 2974 976; x_wconf 83' lang='grc' dir='ltr'>χώρας</span> <span class='ocrx_word' id='word_1_140' title='bbox 3048 906 3195 979; x_wconf 73' lang='grc' dir='ltr'>σφῶν</span> <span class='ocrx_word' id='word_1_141' title='bbox 3257 902 3489 964; x_wconf 81' lang='grc' dir='ltr'><strong>τούτους</strong></span> <span class='ocrx_word' id='word_1_142' title='bbox 3548 900 3804 977; x_wconf 80' lang='grc' dir='ltr'>ἀμαχητὶ</span> <span class='ocrx_word' id='word_1_143' title='bbox 3830 922 3919 957; x_wconf 73' lang='grc' dir='ltr'>πα-</span> 
     </span>
    </p>
   </div>
   <div class='ocr_carea' id='block_1_24' title="bbox 2280 987 3916 1068">
    <p class='ocr_par' dir='ltr' id='par_1_24' title="bbox 2280 987 3916 1068">
     <span class='ocr_line' id='line_1_24' title="bbox 2280 987 3916 1068; baseline 0.002 -25"><span class='ocrx_word' id='word_1_144' title='bbox 2280 987 2518 1063; x_wconf 82' lang='grc' dir='ltr'>ρελθεῖν,</span> <span class='ocrx_word' id='word_1_145' title='bbox 2577 991 2670 1044; x_wconf 79' lang='grc' dir='ltr'><strong>καὶ</strong></span> <span class='ocrx_word' id='word_1_146' title='bbox 2720 991 2896 1045; x_wconf 84' lang='grc' dir='ltr'>πάντα</span> <span class='ocrx_word' id='word_1_147' title='bbox 2974 991 3314 1065; x_wconf 82' lang='grc' dir='ltr'>χορηγήσειν</span> <span class='ocrx_word' id='word_1_148' title='bbox 3372 989 3596 1046; x_wconf 78' lang='grc' dir='ltr'><strong>ὁπόσων</strong></span> <span class='ocrx_word' id='word_1_149' title='bbox 3658 992 3710 1046; x_wconf 72' lang='grc' dir='ltr'>οἱ</span> <span class='ocrx_word' id='word_1_150' title='bbox 3764 1013 3916 1068; x_wconf 65' lang='grc' dir='ltr'>παρος</span> 
     </span>
    </p>
   </div>
   <div class='ocr_carea' id='block_1_25' title="bbox 2280 1071 3920 1155">
    <p class='ocr_par' dir='ltr' id='par_1_25' title="bbox 2280 1071 3920 1155">
     <span class='ocr_line' id='line_1_25' title="bbox 2280 1071 3920 1155; baseline 0.002 -23"><span class='ocrx_word' id='word_1_151' title='bbox 2280 1074 2523 1140; x_wconf 79' lang='grc' dir='ltr'>δεύοντες</span> <span class='ocrx_word' id='word_1_152' title='bbox 2579 1075 2876 1155; x_wconf 66' lang='grc' dir='ltr'>χρῇζουσι.</span> <span class='ocrx_word' id='word_1_153' title='bbox 2928 1078 3025 1133; x_wconf 82' lang='grc' dir='ltr'>Καὶ</span> <span class='ocrx_word' id='word_1_154' title='bbox 3082 1080 3150 1148; x_wconf 73' lang='grc' dir='ltr'><strong>ἦν</strong></span> <span class='ocrx_word' id='word_1_155' title='bbox 3207 1077 3268 1133; x_wconf 81' lang='grc' dir='ltr'><strong>ἃν</strong></span> <span class='ocrx_word' id='word_1_156' title='bbox 3322 1078 3384 1134; x_wconf 77' lang='grc' dir='ltr'>οὗ</span> <span class='ocrx_word' id='word_1_157' title='bbox 3441 1080 3585 1155; x_wconf 88' lang='grc' dir='ltr'>πρὸς</span> <span class='ocrx_word' id='word_1_158' title='bbox 3641 1085 3808 1135; x_wconf 76' lang='grc' dir='ltr'>κακοῦ</span> <span class='ocrx_word' id='word_1_159' title='bbox 3840 1071 3920 1134; x_wconf 64' lang='grc' dir='ltr'><strong>καὶ</strong></span> 
     </span>
    </p>
   </div>
   <div class='ocr_carea' id='block_1_26' title="bbox 2277 1167 3918 1245">
    <p class='ocr_par' dir='ltr' id='par_1_26' title="bbox 2277 1167 3918 1245">
     <span class='ocr_line' id='line_1_26' title="bbox 2277 1167 3918 1245; baseline 0.001 -22"><span class='ocrx_word' id='word_1_160' title='bbox 2277 1168 2485 1239; x_wconf 81' lang='grc' dir='ltr'>αὐτοῖς,</span> <span class='ocrx_word' id='word_1_161' title='bbox 2546 1170 2593 1223; x_wconf 80' lang='grc' dir='ltr'><strong>εί</strong></span> <span class='ocrx_word' id='word_1_162' title='bbox 2648 1169 2743 1230; x_wconf 80' lang='grc' dir='ltr'><strong>τὰς</strong></span> <span class='ocrx_word' id='word_1_163' title='bbox 2810 1171 3083 1240; x_wconf 76' lang='grc' dir='ltr'>συνθήκας</span> <span class='ocrx_word' id='word_1_164' title='bbox 3154 1169 3447 1245; x_wconf 68' lang='grc' dir='ltr'><strong>ἐτήρησαν⁸</strong></span> <span class='ocrx_word' id='word_1_165' title='bbox 3502 1174 3603 1226; x_wconf 80' lang='grc' dir='ltr'><strong>νῦν</strong></span> <span class='ocrx_word' id='word_1_166' title='bbox 3653 1167 3700 1225; x_wconf 89' lang='grc' dir='ltr'>δ’</span> <span class='ocrx_word' id='word_1_167' title='bbox 3754 1170 3918 1226; x_wconf 82' lang='grc' dir='ltr'>ἐλπίσι</span> 
     </span>
    </p>
   </div>
   <div class='ocr_carea' id='block_1_27' title="bbox 2277 1257 3917 1337">
    <p class='ocr_par' dir='ltr' id='par_1_27' title="bbox 2277 1257 3917 1337">
     <span class='ocr_line' id='line_1_27' title="bbox 2277 1257 3917 1337; baseline 0 -23"><span class='ocrx_word' id='word_1_168' title='bbox 2277 1264 2459 1322; x_wconf 77' lang='grc' dir='ltr'>κεναῖς</span> <span class='ocrx_word' id='word_1_169' title='bbox 2529 1260 2921 1337; x_wconf 77' lang='grc' dir='ltr'>κουφιζόμενοι</span> <span class='ocrx_word' id='word_1_170' title='bbox 2994 1259 3134 1333; x_wconf 85' lang='grc' dir='ltr'>πρὸς</span> <span class='ocrx_word' id='word_1_171' title='bbox 3208 1258 3487 1335; x_wconf 73' lang='grc' dir='ltr'>προῦπτον</span> <span class='ocrx_word' id='word_1_172' title='bbox 3554 1257 3917 1335; x_wconf 71' lang='grc' dir='ltr'>ὴρῥενώθησσν</span> 
     </span>
    </p>
   </div>
   <div class='ocr_carea' id='block_1_28' title="bbox 2275 1345 3913 1424">
    <p class='ocr_par' dir='ltr' id='par_1_28' title="bbox 2275 1345 3913 1424">
     <span class='ocr_line' id='line_1_28' title="bbox 2275 1345 3913 1424; baseline 0.001 -22"><span class='ocrx_word' id='word_1_173' title='bbox 2275 1345 2546 1420; x_wconf 89' lang='grc' dir='ltr'>πόλεμον,</span> <span class='ocrx_word' id='word_1_174' title='bbox 2579 1351 2676 1420; x_wconf 85' lang='grc' dir='ltr'>Τῷ</span> <span class='ocrx_word' id='word_1_175' title='bbox 2714 1369 2802 1403; x_wconf 88' lang='grc' dir='ltr'><strong>τοι</strong></span> <span class='ocrx_word' id='word_1_176' title='bbox 2840 1347 2930 1404; x_wconf 84' lang='grc' dir='ltr'><strong>καὶ</strong></span> <span class='ocrx_word' id='word_1_177' title='bbox 2986 1350 3111 1423; x_wconf 82' lang='grc' dir='ltr'>περὶ</span> <span class='ocrx_word' id='word_1_178' title='bbox 3168 1349 3231 1403; x_wconf 88' lang='grc' dir='ltr'>τὸ</span> <span class='ocrx_word' id='word_1_179' title='bbox 3282 1348 3514 1424; x_wconf 80' lang='grc' dir='ltr'>κάστρον</span> <span class='ocrx_word' id='word_1_180' title='bbox 3544 1350 3613 1404; x_wconf 85' lang='grc' dir='ltr'>τὸ</span> <span class='ocrx_word' id='word_1_181' title='bbox 3644 1348 3913 1424; x_wconf 82' lang='grc' dir='ltr'>λεγόμενον</span> 
     </span>
    </p>
   </div>
   <div class='ocr_carea' id='block_1_29' title="bbox 2278 1435 3913 1512">
    <p class='ocr_par' dir='ltr' id='par_1_29' title="bbox 2278 1435 3913 1512">
     <span class='ocr_line' id='line_1_29' title="bbox 2278 1435 3913 1512; baseline 0.001 -20"><span class='ocrx_word' id='word_1_182' title='bbox 2278 1435 2620 1511; x_wconf 76' lang='grc' dir='ltr'>Φολομίλιον</span> <span class='ocrx_word' id='word_1_183' title='bbox 2678 1438 3130 1511; x_wconf 84' lang='grc' dir='ltr'>συγκεκροτηκὼς</span> <span class='ocrx_word' id='word_1_184' title='bbox 3186 1436 3432 1510; x_wconf 77' lang='grc' dir='ltr'>πόλεμον</span> <span class='ocrx_word' id='word_1_185' title='bbox 3466 1439 3495 1491; x_wconf 86' lang='grc' dir='ltr'>ὁ</span> <span class='ocrx_word' id='word_1_186' title='bbox 3527 1438 3633 1511; x_wconf 73' lang='grc' dir='ltr'><strong>ῥήξ</strong></span> <span class='ocrx_word' id='word_1_187' title='bbox 3670 1437 3801 1512; x_wconf 83' lang='grc' dir='ltr'>μετὰ</span> <span class='ocrx_word' id='word_1_188' title='bbox 3826 1443 3913 1493; x_wconf 81' lang='grc' dir='ltr'><strong>τῶν</strong></span> 
     </span>
    </p>
   </div>
   <div class='ocr_carea' id='block_1_30' title="bbox 2276 1522 3915 1596">
    <p class='ocr_par' dir='ltr' id='par_1_30' title="bbox 2276 1522 3915 1596">
     <span class='ocr_line' id='line_1_30' title="bbox 2276 1522 3915 1596; baseline 0.002 -17"><span class='ocrx_word' id='word_1_189' title='bbox 2276 1522 2486 1580; x_wconf 89' lang='grc' dir='ltr'>παίδων</span> <span class='ocrx_word' id='word_1_190' title='bbox 2536 1530 2636 1581; x_wconf 80' lang='grc' dir='ltr'><strong>τοῦ</strong></span> <span class='ocrx_word' id='word_1_191' title='bbox 2694 1525 2966 1588; x_wconf 74' lang='grc' dir='ltr'>Ἰκονιὲως</span> <span class='ocrx_word' id='word_1_192' title='bbox 3024 1524 3356 1596; x_wconf 84' lang='grc' dir='ltr'>σουλτάνου,</span> <span class='ocrx_word' id='word_1_193' title='bbox 3414 1526 3620 1589; x_wconf 84' lang='grc' dir='ltr'>οἳτινες</span> <span class='ocrx_word' id='word_1_194' title='bbox 3656 1525 3809 1582; x_wconf 79' lang='grc' dir='ltr'>αὐτὸν</span> <span class='ocrx_word' id='word_1_195' title='bbox 3837 1531 3915 1582; x_wconf 73' lang='grc' dir='ltr'><strong>τοῦ</strong></span> 
     </span>
    </p>
   </div>
   <div class='ocr_carea' id='block_1_31' title="bbox 2276 1612 3914 1693">
    <p class='ocr_par' dir='ltr' id='par_1_31' title="bbox 2276 1612 3914 1693">
     <span class='ocr_line' id='line_1_31' title="bbox 2276 1612 3914 1693; baseline 0 -25"><span class='ocrx_word' id='word_1_196' title='bbox 2276 1614 2469 1693; x_wconf 75' lang='grc' dir='ltr'>ἄρχειν</span> <span class='ocrx_word' id='word_1_197' title='bbox 2527 1615 2616 1669; x_wconf 81' lang='grc' dir='ltr'><strong>καὶ</strong></span> <span class='ocrx_word' id='word_1_198' title='bbox 2679 1613 2984 1690; x_wconf 73' lang='grc' dir='ltr'>βασιλεύειν</span> <span class='ocrx_word' id='word_1_199' title='bbox 3048 1612 3359 1686; x_wconf 71' lang='grc' dir='ltr'>παρέλυσαν</span> <span class='ocrx_word' id='word_1_200' title='bbox 3410 1613 3502 1670; x_wconf 84' lang='grc' dir='ltr'><strong>καὶ</strong></span> <span class='ocrx_word' id='word_1_201' title='bbox 3566 1620 3672 1671; x_wconf 79' lang='grc' dir='ltr'><strong>τοῦ</strong></span> <span class='ocrx_word' id='word_1_202' title='bbox 3720 1616 3914 1673; x_wconf 74' lang='grc' dir='ltr'>Ἰκονίου</span> 
     </span>
    </p>
   </div>
   <div class='ocr_carea' id='block_1_32' title="bbox 2274 1703 3915 1781">
    <p class='ocr_par' dir='ltr' id='par_1_32' title="bbox 2274 1703 3915 1781">
     <span class='ocr_line' id='line_1_32' title="bbox 2274 1703 3915 1781; baseline -0.001 -22"><span class='ocrx_word' id='word_1_203' title='bbox 2274 1703 2615 1772; x_wconf 80' lang='grc' dir='ltr'>ἀπεώσαντο,</span> <span class='ocrx_word' id='word_1_204' title='bbox 2670 1705 2770 1773; x_wconf 81' lang='grc' dir='ltr'>τὴν</span> <span class='ocrx_word' id='word_1_205' title='bbox 2845 1703 3111 1780; x_wconf 79' lang='grc' dir='ltr'>προτέραν</span> <span class='ocrx_word' id='word_1_206' title='bbox 3170 1705 3442 1781; x_wconf 72' lang='grc' dir='ltr'>πατρικὴν</span> <span class='ocrx_word' id='word_1_207' title='bbox 3500 1703 3802 1780; x_wconf 76' lang='grc' dir='ltr'>εὐκληρίαν</span> <span class='ocrx_word' id='word_1_208' title='bbox 3850 1705 3915 1765; x_wconf 71' lang='grc' dir='ltr'>εἷς</span> 
     </span>
    </p>
   </div>
   <div class='ocr_carea' id='block_1_33' title="bbox 2272 1790 3918 1870">
    <p class='ocr_par' dir='ltr' id='par_1_33' title="bbox 2272 1790 3918 1870">
     <span class='ocr_line' id='line_1_33' title="bbox 2272 1790 3918 1870; baseline 0 -22"><span class='ocrx_word' id='word_1_209' title='bbox 2272 1795 2445 1870; x_wconf 75' lang='grc' dir='ltr'>γῆρας</span> <span class='ocrx_word' id='word_1_210' title='bbox 2526 1794 2878 1867; x_wconf 72' lang='grc' dir='ltr'>μεταθέμενοι</span> <span class='ocrx_word' id='word_1_211' title='bbox 2956 1790 3278 1867; x_wconf 72' lang='grc' dir='ltr'>δύσδαιμον,</span> <span class='ocrx_word' id='word_1_212' title='bbox 3354 1794 3559 1855; x_wconf 80' lang='grc' dir='ltr'>αὐτοὺς</span> <span class='ocrx_word' id='word_1_213' title='bbox 3635 1815 3697 1849; x_wconf 86' lang='grc' dir='ltr'><strong>τε</strong></span> <span class='ocrx_word' id='word_1_214' title='bbox 3771 1792 3918 1869; x_wconf 72' lang='grc' dir='ltr'>ῥᾷστα</span> 
     </span>
    </p>
   </div>
   <div class='ocr_carea' id='block_1_34' title="bbox 520 1880 2171 1979">
    <p class='ocr_par' dir='ltr' id='par_1_34' title="bbox 520 1883 2165 1956">
     <span class='ocr_line' id='line_1_34' title="bbox 520 1883 2165 1956; baseline 0.001 -17"><span class='ocrx_word' id='word_1_215' title='bbox 520 1885 617 1940; x_wconf 91' lang='lat' dir='ltr'><strong>ille</strong></span> <span class='ocrx_word' id='word_1_216' title='bbox 648 1883 892 1939; x_wconf 92' lang='lat' dir='ltr'><strong>consilio</strong></span> <span class='ocrx_word' id='word_1_217' title='bbox 932 1885 1186 1939; x_wconf 88' lang='lat' dir='ltr'><strong>hostium</strong></span> <span class='ocrx_word' id='word_1_218' title='bbox 1245 1883 1539 1940; x_wconf 86' lang='lat' dir='ltr'><strong>intellecto</strong></span> <span class='ocrx_word' id='word_1_219' title='bbox 1592 1889 1784 1940; x_wconf 89' lang='lat' dir='ltr'><strong>castra</strong></span> <span class='ocrx_word' id='word_1_220' title='bbox 1841 1886 1898 1939; x_wconf 92' lang='lat' dir='ltr'><strong>in</strong></span> <span class='ocrx_word' id='word_1_221' title='bbox 1956 1900 2165 1956; x_wconf 88' lang='lat' dir='ltr'><strong>campo</strong></span> 
     </span>
    </p>
   </div>
   <div class='ocr_carea' id='block_1_35' title="bbox 2278 1880 3913 1979">
    <p class='ocr_par' dir='ltr' id='par_1_35' title="bbox 2278 1880 3913 1959">
     <span class='ocr_line' id='line_1_35' title="bbox 2278 1880 3913 1959; baseline 0 -21"><span class='ocrx_word' id='word_1_222' title='bbox 2278 1880 2537 1957; x_wconf 70' lang='grc' dir='ltr'>ἐτρέψατο</span> <span class='ocrx_word' id='word_1_223' title='bbox 2568 1883 2749 1937; x_wconf 80' lang='grc' dir='ltr'>καὶτὸ</span> <span class='ocrx_word' id='word_1_224' title='bbox 2799 1880 3141 1956; x_wconf 77' lang='grc' dir='ltr'>Φιλομίλιον</span> <span class='ocrx_word' id='word_1_225' title='bbox 3189 1882 3576 1959; x_wconf 72' lang='grc' dir='ltr'>πολιορκήσας</span> <span class='ocrx_word' id='word_1_226' title='bbox 3630 1881 3913 1958; x_wconf 68' lang='grc' dir='ltr'>ἐνέπρησεν.</span> 
     </span>
    </p>
   </div>
   <div class='ocr_carea' id='block_1_36' title="bbox 521 1972 2162 2043">
    <p class='ocr_par' dir='ltr' id='par_1_36' title="bbox 521 1972 2162 2043">
     <span class='ocr_line' id='line_1_36' title="bbox 521 1972 2162 2043; baseline 0.001 -16"><span class='ocrx_word' id='word_1_227' title='bbox 521 1972 754 2043; x_wconf 88' lang='lat' dir='ltr'><strong>posuit;</strong></span> <span class='ocrx_word' id='word_1_228' title='bbox 788 1976 845 2027; x_wconf 92' lang='lat' dir='ltr'><strong>et</strong></span> <span class='ocrx_word' id='word_1_229' title='bbox 874 1972 1059 2041; x_wconf 90' lang='lat' dir='ltr'><strong>copiis</strong></span> <span class='ocrx_word' id='word_1_230' title='bbox 1089 1973 1216 2027; x_wconf 89' lang='lat' dir='ltr'><strong>suis</strong></span> <span class='ocrx_word' id='word_1_231' title='bbox 1248 1977 1423 2028; x_wconf 89' lang='lat' dir='ltr'><strong>noctu</strong></span> <span class='ocrx_word' id='word_1_232' title='bbox 1448 1973 1717 2028; x_wconf 84' lang='lat' dir='ltr'><strong>bifariam</strong></span> <span class='ocrx_word' id='word_1_233' title='bbox 1743 1972 2162 2042; x_wconf 85' lang='lat' dir='ltr'><strong>divisis,unam</strong></span> 
     </span>
    </p>
   </div>
   <div class='ocr_carea' id='block_1_37' title="bbox 520 2060 2159 2133">
    <p class='ocr_par' dir='ltr' id='par_1_37' title="bbox 520 2060 2159 2133">
     <span class='ocr_line' id='line_1_37' title="bbox 520 2060 2159 2133; baseline 0.002 -18"><span class='ocrx_word' id='word_1_234' title='bbox 520 2064 738 2132; x_wconf 87' lang='lat' dir='ltr'><strong>partem</strong></span> <span class='ocrx_word' id='word_1_235' title='bbox 768 2060 826 2115; x_wconf 91' lang='lat' dir='ltr'><strong>in</strong></span> <span class='ocrx_word' id='word_1_236' title='bbox 859 2061 1126 2117; x_wconf 88' lang='lat' dir='ltr'><strong>tentoriis</strong></span> <span class='ocrx_word' id='word_1_237' title='bbox 1158 2062 1606 2133; x_wconf 88' lang='lat' dir='ltr'><strong>manerejussit,</strong></span> <span class='ocrx_word' id='word_1_238' title='bbox 1639 2061 2159 2118; x_wconf 86' lang='lat' dir='ltr'><strong>alteramdiluoulo</strong></span> 
     </span>
    </p>
   </div>
   <div class='ocr_carea' id='block_1_38' title="bbox 518 2149 2154 2219">
    <p class='ocr_par' dir='ltr' id='par_1_38' title="bbox 518 2149 2154 2219">
     <span class='ocr_line' id='line_1_38' title="bbox 518 2149 2154 2219; baseline 0.001 -14"><span class='ocrx_word' id='word_1_239' title='bbox 518 2150 651 2219; x_wconf 80' lang='lat' dir='ltr'><strong>fuga</strong></span> <span class='ocrx_word' id='word_1_240' title='bbox 681 2149 953 2205; x_wconf 80' lang='lat' dir='ltr'><strong>simulata</strong></span> <span class='ocrx_word' id='word_1_241' title='bbox 985 2149 1137 2205; x_wconf 90' lang='lat' dir='ltr'><strong>viam</strong></span> <span class='ocrx_word' id='word_1_242' title='bbox 1169 2150 1344 2206; x_wconf 84' lang='lat' dir='ltr'><strong>aliam</strong></span> <span class='ocrx_word' id='word_1_243' title='bbox 1375 2150 1667 2206; x_wconf 78' lang='lat' dir='ltr'><strong>insistere.</strong></span> <span class='ocrx_word' id='word_1_244' title='bbox 1710 2150 1897 2207; x_wconf 78' lang='lat' dir='ltr'><strong>Persas</strong></span> <span class='ocrx_word' id='word_1_245' title='bbox 1957 2156 2154 2207; x_wconf 90' lang='lat' dir='ltr'><strong>autem</strong></span> 
     </span>
    </p>
   </div>
   <div class='ocr_carea' id='block_1_39' title="bbox 517 2240 2168 2314">
    <p class='ocr_par' dir='ltr' id='par_1_39' title="bbox 517 2240 2168 2314">
     <span class='ocr_line' id='line_1_39' title="bbox 517 2240 2168 2314; baseline 0.001 -20"><span class='ocrx_word' id='word_1_246' title='bbox 517 2240 717 2297; x_wconf 88' lang='lat' dir='ltr'><strong>dolum</strong></span> <span class='ocrx_word' id='word_1_247' title='bbox 748 2256 883 2296; x_wconf 93' lang='lat' dir='ltr'><strong>eum</strong></span> <span class='ocrx_word' id='word_1_248' title='bbox 915 2256 1038 2296; x_wconf 88' lang='lat' dir='ltr'><strong>rem</strong></span> <span class='ocrx_word' id='word_1_249' title='bbox 1070 2257 1265 2297; x_wconf 82' lang='lat' dir='ltr'><strong>veram</strong></span> <span class='ocrx_word' id='word_1_250' title='bbox 1289 2258 1418 2297; x_wconf 87' lang='lat' dir='ltr'><strong>esse</strong></span> <span class='ocrx_word' id='word_1_251' title='bbox 1473 2241 1606 2311; x_wconf 88' lang='lat' dir='ltr'><strong>rati,</strong></span> <span class='ocrx_word' id='word_1_252' title='bbox 1638 2240 1752 2297; x_wconf 74' lang='lat' dir='ltr'><strong>laeti</strong></span> <span class='ocrx_word' id='word_1_253' title='bbox 1777 2258 1846 2297; x_wconf 80' lang='lat' dir='ltr'><strong>ex</strong></span> <span class='ocrx_word' id='word_1_254' title='bbox 1879 2241 2168 2314; x_wconf 87' lang='lat' dir='ltr'><strong>angustiis</strong></span> 
     </span>
    </p>
   </div>
   <div class='ocr_carea' id='block_1_40' title="bbox 518 2329 2167 2402">
    <p class='ocr_par' dir='ltr' id='par_1_40' title="bbox 518 2329 2167 2402">
     <span class='ocr_line' id='line_1_40' title="bbox 518 2329 2167 2402; baseline 0.001 -17"><span class='ocrx_word' id='word_1_255' title='bbox 518 2330 580 2386; x_wconf 91' lang='lat' dir='ltr'><strong>in</strong></span> <span class='ocrx_word' id='word_1_256' title='bbox 609 2336 881 2402; x_wconf 91' lang='lat' dir='ltr'><strong>apertum</strong></span> <span class='ocrx_word' id='word_1_257' title='bbox 914 2346 1188 2402; x_wconf 87' lang='lat' dir='ltr'><strong>campum</strong></span> <span class='ocrx_word' id='word_1_258' title='bbox 1217 2330 1386 2386; x_wconf 77' lang='lat' dir='ltr'><strong>effusi</strong></span> <span class='ocrx_word' id='word_1_259' title='bbox 1430 2329 1651 2385; x_wconf 87' lang='lat' dir='ltr'><strong>vallum</strong></span> <span class='ocrx_word' id='word_1_260' title='bbox 1705 2330 2167 2386; x_wconf 83' lang='lat' dir='ltr'><strong>Alemannorum</strong></span> 
     </span>
    </p>
   </div>
   <div class='ocr_carea' id='block_1_41' title="bbox 515 2418 2166 2492">
    <p class='ocr_par' dir='ltr' id='par_1_41' title="bbox 515 2418 2166 2492">
     <span class='ocr_line' id='line_1_41' title="bbox 515 2418 2166 2492; baseline 0.001 -19"><span class='ocrx_word' id='word_1_261' title='bbox 515 2419 877 2491; x_wconf 83' lang='lat' dir='ltr'><strong>irrumpunt,</strong></span> <span class='ocrx_word' id='word_1_262' title='bbox 941 2418 1111 2475; x_wconf 87' lang='lat' dir='ltr'><strong>simul</strong></span> <span class='ocrx_word' id='word_1_263' title='bbox 1142 2423 1199 2474; x_wconf 90' lang='lat' dir='ltr'><strong>et</strong></span> <span class='ocrx_word' id='word_1_264' title='bbox 1254 2420 1445 2476; x_wconf 85' lang='lat' dir='ltr'><strong>securi</strong></span> <span class='ocrx_word' id='word_1_265' title='bbox 1493 2424 1551 2474; x_wconf 92' lang='lat' dir='ltr'><strong>et</strong></span> <span class='ocrx_word' id='word_1_266' title='bbox 1606 2418 1744 2485; x_wconf 65' lang='lat' dir='ltr'><strong>leti,</strong></span> <span class='ocrx_word' id='word_1_267' title='bbox 1797 2425 1862 2475; x_wconf 92' lang='lat' dir='ltr'><strong>ut</strong></span> <span class='ocrx_word' id='word_1_268' title='bbox 1904 2425 2166 2492; x_wconf 84' lang='lat' dir='ltr'><strong>paratam</strong></span> 
     </span>
    </p>
   </div>
   <div class='ocr_carea' id='block_1_42' title="bbox 522 2508 2169 2582">
    <p class='ocr_par' dir='ltr' id='par_1_42' title="bbox 522 2508 2169 2582">
     <span class='ocr_line' id='line_1_42' title="bbox 522 2508 2169 2582; baseline -0.001 -19"><span class='ocrx_word' id='word_1_269' title='bbox 522 2509 801 2581; x_wconf 70' lang='lat' dir='ltr'><strong>praedam,</strong></span> <span class='ocrx_word' id='word_1_270' title='bbox 836 2524 1081 2580; x_wconf 80' lang='lat' dir='ltr'><strong>magnas</strong></span> <span class='ocrx_word' id='word_1_271' title='bbox 1113 2525 1253 2582; x_wconf 89' lang='lat' dir='ltr'><strong>opes</strong></span> <span class='ocrx_word' id='word_1_272' title='bbox 1286 2508 1580 2579; x_wconf 90' lang='lat' dir='ltr'><strong>direpturi.</strong></span> <span class='ocrx_word' id='word_1_273' title='bbox 1607 2508 1814 2565; x_wconf 88' lang='lat' dir='ltr'><strong>Omnis</strong></span> <span class='ocrx_word' id='word_1_274' title='bbox 1842 2509 1999 2565; x_wconf 92' lang='lat' dir='ltr'><strong>enim</strong></span> <span class='ocrx_word' id='word_1_275' title='bbox 2030 2513 2169 2563; x_wconf 79' lang='lat' dir='ltr'><strong>Bar-</strong></span> 
     </span>
    </p>
   </div>
   <div class='ocr_carea' id='block_1_43' title="bbox 525 2598 2167 2673">
    <p class='ocr_par' dir='ltr' id='par_1_43' title="bbox 525 2598 2167 2673">
     <span class='ocr_line' id='line_1_43' title="bbox 525 2598 2167 2673; baseline 0.001 -19"><span class='ocrx_word' id='word_1_276' title='bbox 525 2599 703 2655; x_wconf 88' lang='lat' dir='ltr'><strong>barus</strong></span> <span class='ocrx_word' id='word_1_277' title='bbox 733 2616 940 2655; x_wconf 87' lang='lat' dir='ltr'><strong>avarus</strong></span> <span class='ocrx_word' id='word_1_278' title='bbox 970 2604 1080 2667; x_wconf 90' lang='lat' dir='ltr'><strong>est,</strong></span> <span class='ocrx_word' id='word_1_279' title='bbox 1112 2608 1165 2655; x_wconf 91' lang='lat' dir='ltr'><strong>et</strong></span> <span class='ocrx_word' id='word_1_280' title='bbox 1224 2599 1482 2672; x_wconf 67' lang='lat' dir='ltr'><strong>pecuniis</strong></span> <span class='ocrx_word' id='word_1_281' title='bbox 1536 2616 1716 2655; x_wconf 90' lang='lat' dir='ltr'><strong>causa</strong></span> <span class='ocrx_word' id='word_1_282' title='bbox 1765 2598 2062 2673; x_wconf 88' lang='lat' dir='ltr'><strong>pleraque,</strong></span> <span class='ocrx_word' id='word_1_283' title='bbox 2095 2615 2167 2656; x_wconf 88' lang='lat' dir='ltr'><strong>ne</strong></span> 
     </span>
    </p>
   </div>
   <div class='ocr_carea' id='block_1_44' title="bbox 522 2687 2169 2759">
    <p class='ocr_par' dir='ltr' id='par_1_44' title="bbox 522 2687 2169 2759">
     <span class='ocr_line' id='line_1_44' title="bbox 522 2687 2169 2759; baseline -0.001 -16"><span class='ocrx_word' id='word_1_284' title='bbox 522 2687 715 2745; x_wconf 91' lang='lat' dir='ltr'><strong>dicam</strong></span> <span class='ocrx_word' id='word_1_285' title='bbox 747 2689 969 2755; x_wconf 89' lang='lat' dir='ltr'><strong>omnia,</strong></span> <span class='ocrx_word' id='word_1_286' title='bbox 1001 2687 1210 2744; x_wconf 90' lang='lat' dir='ltr'><strong>etdicit</strong></span> <span class='ocrx_word' id='word_1_287' title='bbox 1237 2692 1295 2744; x_wconf 90' lang='lat' dir='ltr'><strong>et</strong></span> <span class='ocrx_word' id='word_1_288' title='bbox 1325 2689 1478 2745; x_wconf 82' lang='lat' dir='ltr'><strong>facit.</strong></span> <span class='ocrx_word' id='word_1_289' title='bbox 1543 2688 1613 2743; x_wconf 89' lang='lat' dir='ltr'><strong>Ut</strong></span> <span class='ocrx_word' id='word_1_290' title='bbox 1644 2704 1776 2744; x_wconf 89' lang='lat' dir='ltr'><strong>vero</strong></span> <span class='ocrx_word' id='word_1_291' title='bbox 1814 2691 1873 2744; x_wconf 92' lang='lat' dir='ltr'><strong>et</strong></span> <span class='ocrx_word' id='word_1_292' title='bbox 1927 2687 2027 2759; x_wconf 88' lang='lat' dir='ltr'><strong>qui</strong></span> <span class='ocrx_word' id='word_1_293' title='bbox 2069 2688 2169 2743; x_wconf 89' lang='lat' dir='ltr'><strong>fu—</strong></span> 
     </span>
    </p>
   </div>
   <div class='ocr_carea' id='block_1_45' title="bbox 525 2777 2162 2851">
    <p class='ocr_par' dir='ltr' id='par_1_45' title="bbox 525 2777 2162 2851">
     <span class='ocr_line' id='line_1_45' title="bbox 525 2777 2162 2851; baseline -0.001 -17"><span class='ocrx_word' id='word_1_294' title='bbox 525 2782 730 2851; x_wconf 82' lang='lat' dir='ltr'><strong>gerant</strong></span> <span class='ocrx_word' id='word_1_295' title='bbox 778 2794 841 2834; x_wconf 89' lang='lat' dir='ltr'><strong>se</strong></span> <span class='ocrx_word' id='word_1_296' title='bbox 899 2782 1328 2848; x_wconf 89' lang='lat' dir='ltr'><strong>converterunt,</strong></span> <span class='ocrx_word' id='word_1_297' title='bbox 1379 2782 1436 2833; x_wconf 90' lang='lat' dir='ltr'><strong>et</strong></span> <span class='ocrx_word' id='word_1_298' title='bbox 1477 2777 1676 2847; x_wconf 87' lang='lat' dir='ltr'><strong>quiin</strong></span> <span class='ocrx_word' id='word_1_299' title='bbox 1733 2777 1943 2833; x_wconf 89' lang='lat' dir='ltr'><strong>castris</strong></span> <span class='ocrx_word' id='word_1_300' title='bbox 1995 2780 2162 2834; x_wconf 90' lang='lat' dir='ltr'><strong>erant</strong></span> 
     </span>
    </p>
   </div>
   <div class='ocr_carea' id='block_1_46' title="bbox 524 2866 2168 2936">
    <p class='ocr_par' dir='ltr' id='par_1_46' title="bbox 524 2866 2168 2936">
     <span class='ocr_line' id='line_1_46' title="bbox 524 2866 2168 2936; baseline 0 -13"><span class='ocrx_word' id='word_1_301' title='bbox 524 2868 885 2924; x_wconf 78' lang='lat' dir='ltr'><strong>confidenter</strong></span> <span class='ocrx_word' id='word_1_302' title='bbox 914 2871 1317 2936; x_wconf 89' lang='lat' dir='ltr'><strong>occurrerunt,</strong></span> <span class='ocrx_word' id='word_1_303' title='bbox 1357 2867 1545 2923; x_wconf 56' lang='lat' dir='ltr'><strong>Persas</strong></span> <span class='ocrx_word' id='word_1_304' title='bbox 1598 2868 1979 2924; x_wconf 88' lang='lat' dir='ltr'><strong>circumventi</strong></span> <span class='ocrx_word' id='word_1_305' title='bbox 2010 2866 2168 2923; x_wconf 89' lang='lat' dir='ltr'><strong>occi-</strong></span> 
     </span>
    </p>
   </div>
   <div class='ocr_carea' id='block_1_47' title="bbox 506 2957 838 3014">
    <p class='ocr_par' dir='ltr' id='par_1_47' title="bbox 506 2957 838 3014">
     <span class='ocr_line' id='line_1_47' title="bbox 506 2957 838 3014; baseline 0.006 -2"><span class='ocrx_word' id='word_1_306' title='bbox 506 2957 838 3014; x_wconf 68' lang='lat' dir='ltr'><strong>&#39;debantur.</strong></span> 
     </span>
    </p>
   </div>
   <div class='ocr_carea' id='block_1_48' title="bbox 2279 1970 3913 2049">
    <p class='ocr_par' dir='ltr' id='par_1_48' title="bbox 2279 1970 3913 2049">
     <span class='ocr_line' id='line_1_48' title="bbox 2279 1970 3913 2049; baseline -0.001 -20"><span class='ocrx_word' id='word_1_307' title='bbox 2279 1970 2453 2029; x_wconf 82' lang='grc' dir='ltr'>Ἀλλὰ</span> <span class='ocrx_word' id='word_1_308' title='bbox 2503 1972 2593 2027; x_wconf 82' lang='grc' dir='ltr'><strong>καὶ</strong></span> <span class='ocrx_word' id='word_1_309' title='bbox 2653 1971 2791 2028; x_wconf 78' lang='grc' dir='ltr'>κατὰ</span> <span class='ocrx_word' id='word_1_310' title='bbox 2860 1973 2923 2027; x_wconf 87' lang='grc' dir='ltr'>τὸ</span> <span class='ocrx_word' id='word_1_311' title='bbox 2999 1971 3299 2049; x_wconf 86' lang='grc' dir='ltr'>λεγόμενον</span> <span class='ocrx_word' id='word_1_312' title='bbox 3359 1970 3696 2048; x_wconf 69' lang='grc' dir='ltr'>Γιγκλὲριον</span> <span class='ocrx_word' id='word_1_313' title='bbox 3754 1971 3913 2034; x_wconf 76' lang='grc' dir='ltr'>αὐτοῖς</span> 
     </span>
    </p>
   </div>
   <div class='ocr_carea' id='block_1_49' title="bbox 2273 2057 3914 2137">
    <p class='ocr_par' dir='ltr' id='par_1_49' title="bbox 2273 2057 3914 2137">
     <span class='ocr_line' id='line_1_49' title="bbox 2273 2057 3914 2137; baseline -0.001 -20"><span class='ocrx_word' id='word_1_314' title='bbox 2273 2057 2571 2134; x_wconf 85' lang='grc' dir='ltr'>συμϐαλὼν</span> <span class='ocrx_word' id='word_1_315' title='bbox 2618 2061 2682 2116; x_wconf 88' lang='grc' dir='ltr'>τὸ</span> <span class='ocrx_word' id='word_1_316' title='bbox 2738 2062 2937 2137; x_wconf 79' lang='grc' dir='ltr'>κράτος</span> <span class='ocrx_word' id='word_1_317' title='bbox 2992 2061 3188 2136; x_wconf 79' lang='grc' dir='ltr'>ἤρατο,</span> <span class='ocrx_word' id='word_1_318' title='bbox 3235 2062 3325 2117; x_wconf 77' lang='grc' dir='ltr'><strong>ὅτε</strong></span> <span class='ocrx_word' id='word_1_319' title='bbox 3352 2061 3443 2116; x_wconf 83' lang='grc' dir='ltr'><strong>καὶ</strong></span> <span class='ocrx_word' id='word_1_320' title='bbox 3474 2062 3531 2116; x_wconf 69' lang='lat' dir='ltr'><strong>oi</strong></span> <span class='ocrx_word' id='word_1_321' title='bbox 3563 2063 3666 2135; x_wconf 74' lang='grc' dir='ltr'>μὶν</span> <span class='ocrx_word' id='word_1_322' title='bbox 3698 2065 3914 2135; x_wconf 71' lang='grc' dir='ltr'><strong>Τοῖιριιο,⁸</strong></span> 
     </span>
    </p>
   </div>
   <div class='ocr_carea' id='block_1_50' title="bbox 2276 2146 3911 2228">
    <p class='ocr_par' dir='ltr' id='par_1_50' title="bbox 2276 2146 3911 2228">
     <span class='ocr_line' id='line_1_50' title="bbox 2276 2146 3911 2228; baseline -0.001 -21"><span class='ocrx_word' id='word_1_323' title='bbox 2276 2154 2372 2214; x_wconf 84' lang='grc' dir='ltr'><strong>τὰς</strong></span> <span class='ocrx_word' id='word_1_324' title='bbox 2426 2155 2536 2207; x_wconf 89' lang='grc' dir='ltr'><strong>τῶν</strong></span> <span class='ocrx_word' id='word_1_325' title='bbox 2585 2147 2841 2227; x_wconf 81' lang='grc' dir='ltr'>παρόδων</span> <span class='ocrx_word' id='word_1_326' title='bbox 2926 2150 3428 2228; x_wconf 78' lang='grc' dir='ltr'>προκατειληφότες</span> <span class='ocrx_word' id='word_1_327' title='bbox 3485 2152 3681 2213; x_wconf 69' lang='grc' dir='ltr'>στενὰς</span> <span class='ocrx_word' id='word_1_328' title='bbox 3738 2146 3911 2224; x_wconf 68' lang='grc' dir='ltr'>προσί-</span> 
     </span>
    </p>
   </div>
   <div class='ocr_carea' id='block_1_51' title="bbox 2280 2238 3911 2318">
    <p class='ocr_par' dir='ltr' id='par_1_51' title="bbox 2280 2238 3911 2318">
     <span class='ocr_line' id='line_1_51' title="bbox 2280 2238 3911 2318; baseline 0 -23"><span class='ocrx_word' id='word_1_329' title='bbox 2280 2262 2444 2315; x_wconf 86' lang='grc' dir='ltr'>μενυν</span> <span class='ocrx_word' id='word_1_330' title='bbox 2501 2241 2601 2310; x_wconf 76' lang='grc' dir='ltr'>τὴν</span> <span class='ocrx_word' id='word_1_331' title='bbox 2657 2244 2764 2295; x_wconf 89' lang='grc' dir='ltr'><strong>τῶν</strong></span> <span class='ocrx_word' id='word_1_332' title='bbox 2826 2239 3155 2314; x_wconf 81' lang='grc' dir='ltr'>’Δλαμανῶν</span> <span class='ocrx_word' id='word_1_333' title='bbox 3224 2239 3387 2295; x_wconf 81' lang='grc' dir='ltr'>ἐκεῖθι</span> <span class='ocrx_word' id='word_1_334' title='bbox 3447 2238 3659 2318; x_wconf 77' lang='grc' dir='ltr'>ἄφιξιν,</span> <span class='ocrx_word' id='word_1_335' title='bbox 3692 2241 3722 2295; x_wconf 84' lang='grc' dir='ltr'>ὁ</span> <span class='ocrx_word' id='word_1_336' title='bbox 3753 2238 3805 2295; x_wconf 79' lang='grc' dir='ltr'>δὶ</span> <span class='ocrx_word' id='word_1_337' title='bbox 3831 2240 3911 2313; x_wconf 75' lang='grc' dir='ltr'><strong>ῥήξ</strong></span> 
     </span>
    </p>
   </div>
   <div class='ocr_carea' id='block_1_52' title="bbox 2276 2328 3915 2405">
    <p class='ocr_par' dir='ltr' id='par_1_52' title="bbox 2276 2328 3915 2405">
     <span class='ocr_line' id='line_1_52' title="bbox 2276 2328 3915 2405; baseline -0.002 -17"><span class='ocrx_word' id='word_1_338' title='bbox 2276 2333 2338 2388; x_wconf 90' lang='grc' dir='ltr'>τὸ</span> <span class='ocrx_word' id='word_1_339' title='bbox 2396 2336 2505 2387; x_wconf 88' lang='grc' dir='ltr'><strong>τῶν</strong></span> <span class='ocrx_word' id='word_1_340' title='bbox 2566 2330 2897 2387; x_wconf 80' lang='grc' dir='ltr'>ὑπεναντίων</span> <span class='ocrx_word' id='word_1_341' title='bbox 2956 2333 3177 2405; x_wconf 75' lang='grc' dir='ltr'>σκέμμα</span> <span class='ocrx_word' id='word_1_342' title='bbox 3234 2331 3409 2392; x_wconf 85' lang='grc' dir='ltr'>συνεὶς</span> <span class='ocrx_word' id='word_1_343' title='bbox 3459 2328 3547 2385; x_wconf 68' lang='grc' dir='ltr'>ἐπὶ</span> <span class='ocrx_word' id='word_1_344' title='bbox 3615 2332 3788 2386; x_wconf 86' lang='grc' dir='ltr'>τόπου</span> <span class='ocrx_word' id='word_1_345' title='bbox 3831 2350 3915 2384; x_wconf 84' lang='grc' dir='ltr'>κα-</span> 
     </span>
    </p>
   </div>
   <div class='ocr_carea' id='block_1_53' title="bbox 2272 2416 3918 2495">
    <p class='ocr_par' dir='ltr' id='par_1_53' title="bbox 2272 2416 3918 2495">
     <span class='ocr_line' id='line_1_53' title="bbox 2272 2416 3918 2495; baseline -0.002 -19"><span class='ocrx_word' id='word_1_346' title='bbox 2272 2418 2761 2495; x_wconf 73' lang='grc' dir='ltr'>τεστρατοπὲδευσε</span> <span class='ocrx_word' id='word_1_347' title='bbox 2816 2418 3058 2487; x_wconf 78' lang='grc' dir='ltr'>πεδινοῦ,</span> <span class='ocrx_word' id='word_1_348' title='bbox 3117 2421 3308 2481; x_wconf 82' lang='grc' dir='ltr'>νυκτὸς</span> <span class='ocrx_word' id='word_1_349' title='bbox 3365 2416 3423 2474; x_wconf 76' lang='grc' dir='ltr'>δὲ</span> <span class='ocrx_word' id='word_1_350' title='bbox 3478 2419 3555 2481; x_wconf 84' lang='grc' dir='ltr'>εἷς</span> <span class='ocrx_word' id='word_1_351' title='bbox 3614 2417 3714 2475; x_wconf 85' lang='grc' dir='ltr'><strong>δύο</strong></span> <span class='ocrx_word' id='word_1_352' title='bbox 3748 2420 3918 2493; x_wconf 68' lang='grc' dir='ltr'>μοίρας</span> 
     </span>
    </p>
   </div>
   <div class='ocr_carea' id='block_1_54' title="bbox 2273 2507 3916 2586">
    <p class='ocr_par' dir='ltr' id='par_1_54' title="bbox 2273 2507 3916 2586">
     <span class='ocr_line' id='line_1_54' title="bbox 2273 2507 3916 2586; baseline -0.002 -21"><span class='ocrx_word' id='word_1_353' title='bbox 2273 2511 2339 2566; x_wconf 85' lang='grc' dir='ltr'>τὸ</span> <span class='ocrx_word' id='word_1_354' title='bbox 2369 2510 2572 2565; x_wconf 75' lang='grc' dir='ltr'>οἷκεῖον</span> <span class='ocrx_word' id='word_1_355' title='bbox 2619 2507 2980 2586; x_wconf 84' lang='grc' dir='ltr'>στρατόπεδον</span> <span class='ocrx_word' id='word_1_356' title='bbox 3038 2507 3236 2565; x_wconf 82' lang='grc' dir='ltr'>διελὼν</span> <span class='ocrx_word' id='word_1_357' title='bbox 3292 2511 3354 2565; x_wconf 82' lang='grc' dir='ltr'>τὸ</span> <span class='ocrx_word' id='word_1_358' title='bbox 3409 2510 3504 2584; x_wconf 74' lang='grc' dir='ltr'>μὲν</span> <span class='ocrx_word' id='word_1_359' title='bbox 3556 2515 3688 2573; x_wconf 86' lang='grc' dir='ltr'>ταῖς</span> <span class='ocrx_word' id='word_1_360' title='bbox 3720 2511 3916 2580; x_wconf 75' lang='grc' dir='ltr'>σκηναῖς</span> 
     </span>
    </p>
   </div>
   <div class='ocr_carea' id='block_1_55' title="bbox 2275 2598 3917 2674">
    <p class='ocr_par' dir='ltr' id='par_1_55' title="bbox 2275 2598 3917 2674">
     <span class='ocr_line' id='line_1_55' title="bbox 2275 2598 3917 2674; baseline -0.002 -19"><span class='ocrx_word' id='word_1_361' title='bbox 2275 2599 2600 2674; x_wconf 81' lang='grc' dir='ltr'>προσμένειν</span> <span class='ocrx_word' id='word_1_362' title='bbox 2644 2598 2889 2671; x_wconf 76' lang='grc' dir='ltr'>ἁπέταξε,</span> <span class='ocrx_word' id='word_1_363' title='bbox 2946 2601 3011 2655; x_wconf 83' lang='grc' dir='ltr'>τὸ</span> <span class='ocrx_word' id='word_1_364' title='bbox 3069 2598 3128 2655; x_wconf 72' lang='grc' dir='ltr'>δὶ</span> <span class='ocrx_word' id='word_1_365' title='bbox 3186 2599 3382 2654; x_wconf 85' lang='grc' dir='ltr'>Λοιπὸν</span> <span class='ocrx_word' id='word_1_366' title='bbox 3436 2600 3580 2653; x_wconf 83' lang='grc' dir='ltr'>’ἁπαν</span> <span class='ocrx_word' id='word_1_367' title='bbox 3649 2600 3917 2673; x_wconf 74' lang='grc' dir='ltr'>ὑποφαινο-</span> 
     </span>
    </p>
   </div>
   <div class='ocr_carea' id='block_1_56' title="bbox 2280 2685 3913 2765">
    <p class='ocr_par' dir='ltr' id='par_1_56' title="bbox 2280 2685 3913 2765">
     <span class='ocr_line' id='line_1_56' title="bbox 2280 2685 3913 2765; baseline -0.002 -21"><span class='ocrx_word' id='word_1_368' title='bbox 2280 2689 2448 2763; x_wconf 78' lang='grc' dir='ltr'>μένης</span> <span class='ocrx_word' id='word_1_369' title='bbox 2503 2687 2714 2763; x_wconf 70' lang='grc' dir='ltr'>ἡμέρας</span> <span class='ocrx_word' id='word_1_370' title='bbox 2771 2689 2851 2752; x_wconf 80' lang='grc' dir='ltr'><strong>εἰς</strong></span> <span class='ocrx_word' id='word_1_371' title='bbox 2909 2686 3206 2765; x_wconf 85' lang='grc' dir='ltr'>ἀπόδρασιν</span> <span class='ocrx_word' id='word_1_372' title='bbox 3265 2687 3483 2758; x_wconf 70' lang='grc' dir='ltr'>ἰπέταξε</span> <span class='ocrx_word' id='word_1_373' title='bbox 3540 2686 3805 2749; x_wconf 81' lang='grc' dir='ltr'>πλαστῶς</span> <span class='ocrx_word' id='word_1_374' title='bbox 3844 2685 3913 2740; x_wconf 70' lang='grc' dir='ltr'><strong>ἐν·</strong></span> 
     </span>
    </p>
   </div>
   <div class='ocr_carea' id='block_1_57' title="bbox 2277 2773 3917 2851">
    <p class='ocr_par' dir='ltr' id='par_1_57' title="bbox 2277 2773 3917 2851">
     <span class='ocr_line' id='line_1_57' title="bbox 2277 2773 3917 2851; baseline -0.001 -19"><span class='ocrx_word' id='word_1_375' title='bbox 2277 2778 2623 2846; x_wconf 73' lang='grc' dir='ltr'>σκευάζεσθαι</span> <span class='ocrx_word' id='word_1_376' title='bbox 2654 2774 2837 2848; x_wconf 75' lang='grc' dir='ltr'>ἄλλης</span> <span class='ocrx_word' id='word_1_377' title='bbox 2890 2774 3201 2851; x_wconf 79' lang='grc' dir='ltr'>ἀπτόμενον</span> <span class='ocrx_word' id='word_1_378' title='bbox 3262 2773 3416 2834; x_wconf 80' lang='grc' dir='ltr'>ὀδοῦ.</span> <span class='ocrx_word' id='word_1_379' title='bbox 3473 2776 3543 2833; x_wconf 77' lang='grc' dir='ltr'><strong>Οἱ</strong></span> <span class='ocrx_word' id='word_1_380' title='bbox 3581 2778 3768 2831; x_wconf 87' lang='grc' dir='ltr'>τοίνυν</span> <span class='ocrx_word' id='word_1_381' title='bbox 3797 2773 3917 2849; x_wconf 62' lang='grc' dir='ltr'><strong>Περ·</strong></span> 
     </span>
    </p>
   </div>
   <div class='ocr_carea' id='block_1_58' title="bbox 2279 2859 3904 2941">
    <p class='ocr_par' dir='ltr' id='par_1_58' title="bbox 2279 2859 3904 2941">
     <span class='ocr_line' id='line_1_58' title="bbox 2279 2859 3904 2941; baseline -0.001 -22"><span class='ocrx_word' id='word_1_382' title='bbox 2279 2886 2364 2920; x_wconf 86' lang='grc' dir='ltr'><strong>σαι</strong></span> <span class='ocrx_word' id='word_1_383' title='bbox 2418 2865 2514 2921; x_wconf 89' lang='grc' dir='ltr'>τὸν</span> <span class='ocrx_word' id='word_1_384' title='bbox 2572 2863 2735 2921; x_wconf 84' lang='grc' dir='ltr'>δόλον</span> <span class='ocrx_word' id='word_1_385' title='bbox 2790 2859 2945 2941; x_wconf 82' lang='grc' dir='ltr'>ἔργον</span> <span class='ocrx_word' id='word_1_386' title='bbox 3021 2865 3221 2936; x_wconf 71' lang='grc' dir='ltr'>ἀληθὲς</span> <span class='ocrx_word' id='word_1_387' title='bbox 3276 2864 3411 2920; x_wconf 80' lang='grc' dir='ltr'>εἶναι</span> <span class='ocrx_word' id='word_1_388' title='bbox 3474 2866 3904 2936; x_wconf 68' lang='grc' dir='ltr'>ὑποτοπήσαντες</span> 
     </span>
    </p>
   </div>
   <div class='ocr_carea' id='block_1_59' title="bbox 2277 2951 3912 3030">
    <p class='ocr_par' dir='ltr' id='par_1_59' title="bbox 2277 2951 3912 3030">
     <span class='ocr_line' id='line_1_59' title="bbox 2277 2951 3912 3030; baseline -0.002 -21"><span class='ocrx_word' id='word_1_389' title='bbox 2277 2954 2661 3009; x_wconf 82' lang='grc' dir='ltr'>ἀπανίστανται</span> <span class='ocrx_word' id='word_1_390' title='bbox 2722 2956 2816 3028; x_wconf 75' lang='grc' dir='ltr'>μὲν</span> <span class='ocrx_word' id='word_1_391' title='bbox 2866 2959 2975 3009; x_wconf 90' lang='grc' dir='ltr'><strong>τῶν</strong></span> <span class='ocrx_word' id='word_1_392' title='bbox 3035 2952 3361 3030; x_wconf 80' lang='grc' dir='ltr'>δυσχωριῶν</span> <span class='ocrx_word' id='word_1_393' title='bbox 3421 2958 3768 3030; x_wconf 85' lang='grc' dir='ltr'>περιχαρῶς,</span> <span class='ocrx_word' id='word_1_394' title='bbox 3796 2951 3912 3007; x_wconf 83' lang='grc' dir='ltr'>κατᾶ</span> 
     </span>
    </p>
   </div>
   <div class='ocr_carea' id='block_1_60' title="bbox 524 3038 3911 3123">
    <p class='ocr_par' dir='ltr' id='par_1_60' title="bbox 524 3038 3911 3123">
     <span class='ocr_line' id='line_1_60' title="bbox 524 3038 3911 3123; baseline 0.001 -27"><span class='ocrx_word' id='word_1_395' title='bbox 524 3038 580 3097; x_wconf 68' lang='grc' dir='ltr'>δὲ</span> <span class='ocrx_word' id='word_1_396' title='bbox 651 3044 715 3098; x_wconf 83' lang='grc' dir='ltr'>τὸ</span> <span class='ocrx_word' id='word_1_397' title='bbox 787 3041 973 3098; x_wconf 82' lang='grc' dir='ltr'>πεδίον</span> <span class='ocrx_word' id='word_1_398' title='bbox 1046 3040 1331 3118; x_wconf 88' lang='grc' dir='ltr'>γενόμενοι</span> <span class='ocrx_word' id='word_1_399' title='bbox 1397 3041 1490 3098; x_wconf 81' lang='grc' dir='ltr'><strong>τὸν</strong></span> <span class='ocrx_word' id='word_1_400' title='bbox 1550 3043 1769 3118; x_wconf 79' lang='grc' dir='ltr'>χάρακα</span> <span class='ocrx_word' id='word_1_401' title='bbox 1842 3040 2115 3098; x_wconf 79' lang='grc' dir='ltr'>είσὲδυσαν</span> <span class='ocrx_word' id='word_1_402' title='bbox 2188 3042 2281 3098; x_wconf 84' lang='grc' dir='ltr'><strong>τὸν</strong></span> <span class='ocrx_word' id='word_1_403' title='bbox 2359 3042 2701 3117; x_wconf 81' lang='grc' dir='ltr'>Ἀλαμανῶν,</span> <span class='ocrx_word' id='word_1_404' title='bbox 2776 3044 3259 3123; x_wconf 79' lang='grc' dir='ltr'>ἀφροντιστοῦντες</span> <span class='ocrx_word' id='word_1_405' title='bbox 3308 3040 3423 3117; x_wconf 74' lang='grc' dir='ltr'>ἅμα</span> <span class='ocrx_word' id='word_1_406' title='bbox 3497 3044 3589 3098; x_wconf 71' lang='grc' dir='ltr'><strong>καὶ</strong></span> <span class='ocrx_word' id='word_1_407' title='bbox 3650 3041 3911 3119; x_wconf 78' lang='grc' dir='ltr'>χαίροντις</span> 
     </span>
    </p>
   </div>
   <div class='ocr_carea' id='block_1_61' title="bbox 524 3128 3908 3211">
    <p class='ocr_par' dir='ltr' id='par_1_61' title="bbox 524 3128 3908 3211">
     <span class='ocr_line' id='line_1_61' title="bbox 524 3128 3908 3211; baseline 0.002 -26"><span class='ocrx_word' id='word_1_408' title='bbox 524 3131 649 3185; x_wconf 81' lang='grc' dir='ltr'>ὡσεί</span> <span class='ocrx_word' id='word_1_409' title='bbox 681 3131 771 3186; x_wconf 81' lang='grc' dir='ltr'><strong>καὶ</strong></span> <span class='ocrx_word' id='word_1_410' title='bbox 798 3132 1087 3210; x_wconf 85' lang='grc' dir='ltr'>προχείρῳ</span> <span class='ocrx_word' id='word_1_411' title='bbox 1119 3131 1331 3207; x_wconf 72' lang='grc' dir='ltr'>ἑρμαίῳ</span> <span class='ocrx_word' id='word_1_412' title='bbox 1358 3136 1474 3193; x_wconf 88' lang='grc' dir='ltr'>τοῖς</span> <span class='ocrx_word' id='word_1_413' title='bbox 1551 3130 1602 3186; x_wconf 77' lang='grc' dir='ltr'>ἐν</span> <span class='ocrx_word' id='word_1_414' title='bbox 1674 3130 1821 3204; x_wconf 79' lang='grc' dir='ltr'>αὒτῷ</span> <span class='ocrx_word' id='word_1_415' title='bbox 1884 3132 2254 3204; x_wconf 79' lang='grc' dir='ltr'>ἑντευξόμενοι</span> <span class='ocrx_word' id='word_1_416' title='bbox 2306 3132 2543 3195; x_wconf 85' lang='grc' dir='ltr'>πολλοῖς</span> <span class='ocrx_word' id='word_1_417' title='bbox 2618 3133 2735 3190; x_wconf 80' lang='grc' dir='ltr'>οὖσι</span> <span class='ocrx_word' id='word_1_418' title='bbox 2784 3134 2876 3189; x_wconf 88' lang='grc' dir='ltr'><strong>καὶ</strong></span> <span class='ocrx_word' id='word_1_419' title='bbox 2917 3134 3161 3211; x_wconf 78' lang='grc' dir='ltr'>ἀγαθοῖς,</span> <span class='ocrx_word' id='word_1_420' title='bbox 3238 3131 3353 3189; x_wconf 76' lang='grc' dir='ltr'>ἐπεὶ</span> <span class='ocrx_word' id='word_1_421' title='bbox 3426 3132 3517 3188; x_wconf 85' lang='grc' dir='ltr'>καί</span> <span class='ocrx_word' id='word_1_422' title='bbox 3596 3128 3908 3211; x_wconf 72' lang='grc' dir='ltr'>φιλοκερδὴς</span> 
     </span>
    </p>
   </div>
   <div class='ocr_carea' id='block_1_62' title="bbox 524 3215 3908 3302">
    <p class='ocr_par' dir='ltr' id='par_1_62' title="bbox 524 3215 3908 3302">
     <span class='ocr_line' id='line_1_62' title="bbox 524 3215 3908 3302; baseline -0 -28"><span class='ocrx_word' id='word_1_423' title='bbox 524 3219 666 3282; x_wconf 72' lang='grc' dir='ltr'>ἄπας</span> <span class='ocrx_word' id='word_1_424' title='bbox 738 3215 1042 3294; x_wconf 75' lang='grc' dir='ltr'>Βάρϐαρος,</span> <span class='ocrx_word' id='word_1_425' title='bbox 1118 3220 1208 3274; x_wconf 85' lang='grc' dir='ltr'><strong>καὶ</strong></span> <span class='ocrx_word' id='word_1_426' title='bbox 1281 3221 1347 3275; x_wconf 73' lang='grc' dir='ltr'><strong>τὰ</strong></span> <span class='ocrx_word' id='word_1_427' title='bbox 1420 3218 1597 3275; x_wconf 85' lang='grc' dir='ltr'>πλείω</span> <span class='ocrx_word' id='word_1_428' title='bbox 1663 3221 1691 3291; x_wconf 65' lang='grc' dir='ltr'>ἢ</span> <span class='ocrx_word' id='word_1_429' title='bbox 1751 3221 1842 3275; x_wconf 85' lang='grc' dir='ltr'><strong>καὶ</strong></span> <span class='ocrx_word' id='word_1_430' title='bbox 1909 3220 2082 3275; x_wconf 84' lang='grc' dir='ltr'>πάντα</span> <span class='ocrx_word' id='word_1_431' title='bbox 2142 3222 2394 3297; x_wconf 79' lang='grc' dir='ltr'>πράττων</span> <span class='ocrx_word' id='word_1_432' title='bbox 2455 3221 2565 3278; x_wconf 79' lang='grc' dir='ltr'>ἐστὶ</span> <span class='ocrx_word' id='word_1_433' title='bbox 2629 3224 2720 3278; x_wconf 79' lang='grc' dir='ltr'><strong>καὶ</strong></span> <span class='ocrx_word' id='word_1_434' title='bbox 2760 3223 3130 3302; x_wconf 77' lang='grc' dir='ltr'>φθεγγόμενος</span> <span class='ocrx_word' id='word_1_435' title='bbox 3202 3224 3340 3298; x_wconf 84' lang='grc' dir='ltr'>πρὸς</span> <span class='ocrx_word' id='word_1_436' title='bbox 3414 3220 3701 3297; x_wconf 67' lang='grc' dir='ltr'>ἐργύρίον·</span> <span class='ocrx_word' id='word_1_437' title='bbox 3740 3222 3824 3283; x_wconf 82' lang='grc' dir='ltr'>Ὧς</span> <span class='ocrx_word' id='word_1_438' title='bbox 3859 3217 3908 3273; x_wconf 77' lang='grc' dir='ltr'><strong>δὶ</strong></span> 
     </span>
    </p>
   </div>
   <div class='ocr_carea' id='block_1_63' title="bbox 525 3307 3908 3389">
    <p class='ocr_par' dir='ltr' id='par_1_63' title="bbox 525 3307 3908 3389">
     <span class='ocr_line' id='line_1_63' title="bbox 525 3307 3908 3389; baseline 0.003 -26"><span class='ocrx_word' id='word_1_439' title='bbox 525 3308 579 3363; x_wconf 78' lang='grc' dir='ltr'>οἳ</span> <span class='ocrx_word' id='word_1_440' title='bbox 623 3328 682 3363; x_wconf 83' lang='grc' dir='ltr'><strong>τε</strong></span> <span class='ocrx_word' id='word_1_441' title='bbox 733 3308 1019 3387; x_wconf 77' lang='grc' dir='ltr'>φεύγοντες</span> <span class='ocrx_word' id='word_1_442' title='bbox 1064 3307 1395 3364; x_wconf 78' lang='grc' dir='ltr'>ἐπανέλυσαν</span> <span class='ocrx_word' id='word_1_443' title='bbox 1427 3310 1518 3365; x_wconf 83' lang='grc' dir='ltr'><strong>καὶ</strong></span> <span class='ocrx_word' id='word_1_444' title='bbox 1577 3310 1629 3364; x_wconf 76' lang='grc' dir='ltr'>οἱ</span> <span class='ocrx_word' id='word_1_445' title='bbox 1681 3307 1735 3364; x_wconf 71' lang='grc' dir='ltr'>ἐν</span> <span class='ocrx_word' id='word_1_446' title='bbox 1787 3315 1906 3373; x_wconf 89' lang='grc' dir='ltr'>ταῖς</span> <span class='ocrx_word' id='word_1_447' title='bbox 1933 3315 2158 3381; x_wconf 85' lang='grc' dir='ltr'>σκηναῖς</span> <span class='ocrx_word' id='word_1_448' title='bbox 2190 3310 2462 3386; x_wconf 79' lang='grc' dir='ltr'>εὐθαρσῶς</span> <span class='ocrx_word' id='word_1_449' title='bbox 2495 3313 2849 3386; x_wconf 83' lang='grc' dir='ltr'>ὑπηντίαζον,</span> <span class='ocrx_word' id='word_1_450' title='bbox 2880 3311 3320 3389; x_wconf 87' lang='grc' dir='ltr'>περιειλούμενοι</span> <span class='ocrx_word' id='word_1_451' title='bbox 3352 3313 3407 3368; x_wconf 82' lang='grc' dir='ltr'>οἱ</span> <span class='ocrx_word' id='word_1_452' title='bbox 3436 3313 3637 3388; x_wconf 68' lang='grc' dir='ltr'>Πέρσαι</span> <span class='ocrx_word' id='word_1_453' title='bbox 3668 3313 3763 3383; x_wconf 75' lang='grc' dir='ltr'>τήν</span> <span class='ocrx_word' id='word_1_454' title='bbox 3788 3307 3908 3385; x_wconf 78' lang='grc' dir='ltr'>πρὸς</span> 
     </span>
    </p>
   </div>
   <div class='ocr_carea' id='block_1_64' title="bbox 524 3396 1000 3474">
    <p class='ocr_par' dir='ltr' id='par_1_64' title="bbox 524 3396 1000 3474">
     <span class='ocr_line' id='line_1_64' title="bbox 524 3396 1000 3474; baseline 0.004 -21"><span class='ocrx_word' id='word_1_455' title='bbox 524 3397 751 3454; x_wconf 87' lang='grc' dir='ltr'>θάνατον</span> <span class='ocrx_word' id='word_1_456' title='bbox 782 3396 1000 3474; x_wconf 73' lang='grc' dir='ltr'>ἤγοντο.</span> 
     </span>
    </p>
   </div>
   <div class='ocr_carea' id='block_1_65' title="bbox 594 3489 2171 3568">
    <p class='ocr_par' dir='ltr' id='par_1_65' title="bbox 594 3489 2168 3564">
     <span class='ocr_line' id='line_1_65' title="bbox 594 3489 2168 3564; baseline 0.003 -20"><span class='ocrx_word' id='word_1_457' title='bbox 594 3490 649 3545; x_wconf 92' lang='lat'><strong>7.</strong></span> <span class='ocrx_word' id='word_1_458' title='bbox 682 3489 880 3561; x_wconf 83' lang='lat' dir='ltr'><strong>Neque</strong></span> <span class='ocrx_word' id='word_1_459' title='bbox 912 3506 1043 3546; x_wconf 84' lang='lat' dir='ltr'><strong>vero</strong></span> <span class='ocrx_word' id='word_1_460' title='bbox 1074 3507 1140 3546; x_wconf 80' lang='lat' dir='ltr'><strong>ex</strong></span> <span class='ocrx_word' id='word_1_461' title='bbox 1171 3489 1264 3546; x_wconf 88' lang='lat' dir='ltr'><strong>bis</strong></span> <span class='ocrx_word' id='word_1_462' title='bbox 1309 3489 1536 3548; x_wconf 84' lang='lat' dir='ltr'><strong>duobus</strong></span> <span class='ocrx_word' id='word_1_463' title='bbox 1592 3490 1877 3547; x_wconf 87' lang='lat' dir='ltr'><strong>duntaxat</strong></span> <span class='ocrx_word' id='word_1_464' title='bbox 1951 3491 2168 3564; x_wconf 70' lang='lat' dir='ltr'><strong>praeliis</strong></span> 
     </span>
    </p>
   </div>
   <div class='ocr_carea' id='block_1_66' title="bbox 2278 3489 3908 3568">
    <p class='ocr_par' dir='ltr' id='par_1_66' title="bbox 2355 3489 3908 3568">
     <span class='ocr_line' id='line_1_66' title="bbox 2355 3489 3908 3568; baseline -0.006 -15"><span class='ocrx_word' id='word_1_465' title='bbox 2355 3498 2412 3563; x_wconf 82' lang='grc' dir='ltr'><strong>ζ’.</strong></span> <span class='ocrx_word' id='word_1_466' title='bbox 2447 3492 2523 3553; x_wconf 82' lang='grc' dir='ltr'>Ού</span> <span class='ocrx_word' id='word_1_467' title='bbox 2592 3494 2753 3568; x_wconf 91' lang='grc' dir='ltr'>μόνον</span> <span class='ocrx_word' id='word_1_468' title='bbox 2817 3495 2909 3550; x_wconf 77' lang='grc' dir='ltr'>οὖν</span> <span class='ocrx_word' id='word_1_469' title='bbox 2968 3492 3029 3551; x_wconf 78' lang='grc' dir='ltr'>ἔκ</span> <span class='ocrx_word' id='word_1_470' title='bbox 3083 3498 3192 3550; x_wconf 85' lang='grc' dir='ltr'><strong>τῶν</strong></span> <span class='ocrx_word' id='word_1_471' title='bbox 3250 3490 3400 3550; x_wconf 88' lang='grc' dir='ltr'>δυοῖν</span> <span class='ocrx_word' id='word_1_472' title='bbox 3430 3513 3639 3551; x_wconf 87' lang='grc' dir='ltr'>τουτων</span> <span class='ocrx_word' id='word_1_473' title='bbox 3669 3489 3908 3563; x_wconf 75' lang='grc' dir='ltr'>πολέμων</span> 
     </span>
    </p>
   </div>
   <div class='ocr_carea' id='block_1_67' title="bbox 527 3579 2173 3653">
    <p class='ocr_par' dir='ltr' id='par_1_67' title="bbox 527 3579 2173 3653">
     <span class='ocr_line' id='line_1_67' title="bbox 527 3579 2173 3653; baseline 0.001 -16"><span class='ocrx_word' id='word_1_474' title='bbox 527 3596 629 3637; x_wconf 85' lang='lat' dir='ltr'><strong>rex</strong></span> <span class='ocrx_word' id='word_1_475' title='bbox 652 3579 1037 3636; x_wconf 83' lang='lat' dir='ltr'><strong>formidabilis</strong></span> <span class='ocrx_word' id='word_1_476' title='bbox 1066 3579 1251 3636; x_wconf 89' lang='lat' dir='ltr'><strong>evasit</strong></span> <span class='ocrx_word' id='word_1_477' title='bbox 1280 3584 1338 3637; x_wconf 93' lang='lat' dir='ltr'><strong>et</strong></span> <span class='ocrx_word' id='word_1_478' title='bbox 1395 3581 1549 3652; x_wconf 87' lang='lat' dir='ltr'><strong>apud</strong></span> <span class='ocrx_word' id='word_1_479' title='bbox 1587 3579 1912 3636; x_wconf 87' lang='lat' dir='ltr'><strong>Orientales</strong></span> <span class='ocrx_word' id='word_1_480' title='bbox 1970 3585 2173 3653; x_wconf 87' lang='lat' dir='ltr'><strong>gentes</strong></span> 
     </span>
    </p>
   </div>
   <div class='ocr_carea' id='block_1_68' title="bbox 530 3668 2176 3742">
    <p class='ocr_par' dir='ltr' id='par_1_68' title="bbox 530 3668 2176 3742">
     <span class='ocr_line' id='line_1_68' title="bbox 530 3668 2176 3742; baseline -0.001 -16"><span class='ocrx_word' id='word_1_481' title='bbox 530 3669 796 3737; x_wconf 83' lang='lat' dir='ltr'><strong>celebris,</strong></span> <span class='ocrx_word' id='word_1_482' title='bbox 830 3670 930 3726; x_wconf 88' lang='lat' dir='ltr'><strong>sed</strong></span> <span class='ocrx_word' id='word_1_483' title='bbox 963 3684 1031 3725; x_wconf 80' lang='lat' dir='ltr'><strong>ex</strong></span> <span class='ocrx_word' id='word_1_484' title='bbox 1074 3686 1140 3727; x_wconf 90' lang='lat' dir='ltr'><strong>eo</strong></span> <span class='ocrx_word' id='word_1_485' title='bbox 1169 3668 1347 3725; x_wconf 90' lang='lat' dir='ltr'><strong>etiam</strong></span> <span class='ocrx_word' id='word_1_486' title='bbox 1403 3669 1559 3741; x_wconf 90' lang='lat' dir='ltr'><strong>quod</strong></span> <span class='ocrx_word' id='word_1_487' title='bbox 1595 3668 1816 3726; x_wconf 90' lang='lat' dir='ltr'><strong>Turcos</strong></span> <span class='ocrx_word' id='word_1_488' title='bbox 1868 3669 1938 3725; x_wconf 87' lang='lat' dir='ltr'><strong>ad</strong></span> <span class='ocrx_word' id='word_1_489' title='bbox 1982 3670 2176 3742; x_wconf 87' lang='lat' dir='ltr'><strong>ipsum</strong></span> 
     </span>
    </p>
   </div>
   <div class='ocr_carea' id='block_1_69' title="bbox 533 3758 2176 3832">
    <p class='ocr_par' dir='ltr' id='par_1_69' title="bbox 533 3758 2176 3832">
     <span class='ocr_line' id='line_1_69' title="bbox 533 3758 2176 3832; baseline -0.001 -16"><span class='ocrx_word' id='word_1_490' title='bbox 533 3759 792 3817; x_wconf 89' lang='lat' dir='ltr'><strong>Iconium</strong></span> <span class='ocrx_word' id='word_1_491' title='bbox 824 3759 1032 3815; x_wconf 88' lang='lat' dir='ltr'><strong>iisdem</strong></span> <span class='ocrx_word' id='word_1_492' title='bbox 1066 3759 1333 3815; x_wconf 88' lang='lat' dir='ltr'><strong>eladibus</strong></span> <span class='ocrx_word' id='word_1_493' title='bbox 1363 3758 1571 3815; x_wconf 80' lang='lat' dir='ltr'><strong>affecit.</strong></span> <span class='ocrx_word' id='word_1_494' title='bbox 1598 3758 1739 3817; x_wconf 87' lang='lat' dir='ltr'><strong>Nam</strong></span> <span class='ocrx_word' id='word_1_495' title='bbox 1780 3758 1907 3832; x_wconf 84' lang='lat' dir='ltr'><strong>ipse</strong></span> <span class='ocrx_word' id='word_1_496' title='bbox 1938 3759 2176 3831; x_wconf 90' lang='lat' dir='ltr'><strong>quidem</strong></span> 
     </span>
    </p>
   </div>
   <div class='ocr_carea' id='block_1_70' title="bbox 536 3848 2176 3921">
    <p class='ocr_par' dir='ltr' id='par_1_70' title="bbox 536 3848 2176 3921">
     <span class='ocr_line' id='line_1_70' title="bbox 536 3848 2176 3921; baseline 0 -15"><span class='ocrx_word' id='word_1_497' title='bbox 536 3850 804 3907; x_wconf 86' lang='lat' dir='ltr'><strong>sultanus</strong></span> <span class='ocrx_word' id='word_1_498' title='bbox 835 3850 907 3906; x_wconf 91' lang='lat' dir='ltr'><strong>ad</strong></span> <span class='ocrx_word' id='word_1_499' title='bbox 936 3850 1160 3906; x_wconf 83' lang='lat' dir='ltr'><strong>Taxara</strong></span> <span class='ocrx_word' id='word_1_500' title='bbox 1192 3849 1471 3920; x_wconf 79' lang='lat' dir='ltr'><strong>profugus</strong></span> <span class='ocrx_word' id='word_1_501' title='bbox 1526 3848 1955 3921; x_wconf 83' lang='lat' dir='ltr'><strong>ignorationem</strong></span> <span class='ocrx_word' id='word_1_502' title='bbox 2000 3865 2176 3906; x_wconf 83' lang='lat' dir='ltr'><strong>excu-</strong></span> 
     </span>
    </p>
   </div>
   <div class='ocr_carea' id='block_1_71' title="bbox 538 3937 2176 4011">
    <p class='ocr_par' dir='ltr' id='par_1_71' title="bbox 538 3937 2176 4011">
     <span class='ocr_line' id='line_1_71' title="bbox 538 3937 2176 4011; baseline -0.001 -14"><span class='ocrx_word' id='word_1_503' title='bbox 538 3940 706 3997; x_wconf 88' lang='lat' dir='ltr'><strong>sabat</strong></span> <span class='ocrx_word' id='word_1_504' title='bbox 735 3955 934 3996; x_wconf 90' lang='lat' dir='ltr'><strong>eorum</strong></span> <span class='ocrx_word' id='word_1_505' title='bbox 966 3956 1094 4011; x_wconf 67' lang='lat' dir='ltr'><strong>quae</strong></span> <span class='ocrx_word' id='word_1_506' title='bbox 1136 3938 1239 3995; x_wconf 85' lang='lat' dir='ltr'><strong>filii</strong></span> <span class='ocrx_word' id='word_1_507' title='bbox 1289 3938 1441 3995; x_wconf 73' lang='lat'><strong>542</strong></span> <span class='ocrx_word' id='word_1_508' title='bbox 1478 3938 1570 3993; x_wconf 90' lang='lat' dir='ltr'><strong>sui</strong></span> <span class='ocrx_word' id='word_1_509' title='bbox 1630 3937 1925 4007; x_wconf 88' lang='lat' dir='ltr'><strong>fecissent,</strong></span> <span class='ocrx_word' id='word_1_510' title='bbox 1973 3943 2176 4011; x_wconf 91' lang='lat' dir='ltr'><strong>utpote</strong></span> 
     </span>
    </p>
   </div>
   <div class='ocr_carea' id='block_1_72' title="bbox 538 4026 2174 4100">
    <p class='ocr_par' dir='ltr' id='par_1_72' title="bbox 538 4026 2174 4100">
     <span class='ocr_line' id='line_1_72' title="bbox 538 4026 2174 4100; baseline -0.001 -14"><span class='ocrx_word' id='word_1_511' title='bbox 538 4031 611 4086; x_wconf 88' lang='lat' dir='ltr'><strong>ab</strong></span> <span class='ocrx_word' id='word_1_512' title='bbox 645 4047 758 4086; x_wconf 88' lang='lat' dir='ltr'><strong>uno</strong></span> <span class='ocrx_word' id='word_1_513' title='bbox 788 4045 857 4085; x_wconf 85' lang='lat' dir='ltr'><strong>ex</strong></span> <span class='ocrx_word' id='word_1_514' title='bbox 887 4030 959 4085; x_wconf 92' lang='lat' dir='ltr'><strong>iis</strong></span> <span class='ocrx_word' id='word_1_515' title='bbox 1017 4028 1297 4100; x_wconf 86' lang='lat' dir='ltr'><strong>Copatino</strong></span> <span class='ocrx_word' id='word_1_516' title='bbox 1339 4044 1512 4098; x_wconf 84' lang='lat' dir='ltr'><strong>regno</strong></span> <span class='ocrx_word' id='word_1_517' title='bbox 1544 4026 1776 4099; x_wconf 87' lang='lat' dir='ltr'><strong>pulsus:</strong></span> <span class='ocrx_word' id='word_1_518' title='bbox 1838 4026 2012 4085; x_wconf 88' lang='lat' dir='ltr'><strong>Turci</strong></span> <span class='ocrx_word' id='word_1_519' title='bbox 2041 4043 2174 4085; x_wconf 90' lang='lat' dir='ltr'><strong>vero</strong></span> 
     </span>
    </p>
   </div>
   <div class='ocr_carea' id='block_1_73' title="bbox 536 4117 2175 4192">
    <p class='ocr_par' dir='ltr' id='par_1_73' title="bbox 536 4117 2175 4192">
     <span class='ocr_line' id='line_1_73' title="bbox 536 4117 2175 4192; baseline 0 -17"><span class='ocrx_word' id='word_1_520' title='bbox 536 4119 832 4176; x_wconf 88' lang='lat' dir='ltr'><strong>hortorum</strong></span> <span class='ocrx_word' id='word_1_521' title='bbox 888 4117 1198 4192; x_wconf 87' lang='lat' dir='ltr'><strong>aggeribus</strong></span> <span class='ocrx_word' id='word_1_522' title='bbox 1263 4121 1319 4172; x_wconf 88' lang='lat' dir='ltr'><strong>et</strong></span> <span class='ocrx_word' id='word_1_523' title='bbox 1377 4117 1573 4185; x_wconf 88' lang='lat' dir='ltr'><strong>fossis,</strong></span> <span class='ocrx_word' id='word_1_524' title='bbox 1640 4132 1768 4186; x_wconf 69' lang='lat' dir='ltr'><strong>quin</strong></span> <span class='ocrx_word' id='word_1_525' title='bbox 1789 4117 1988 4173; x_wconf 86' lang='lat' dir='ltr'><strong>crebra</strong></span> <span class='ocrx_word' id='word_1_526' title='bbox 2036 4122 2175 4175; x_wconf 90' lang='lat' dir='ltr'><strong>sunt</strong></span> 
     </span>
    </p>
   </div>
   <div class='ocr_carea' id='block_1_74' title="bbox 524 4205 2172 4281">
    <p class='ocr_par' dir='ltr' id='par_1_74' title="bbox 524 4205 2172 4281">
     <span class='ocr_line' id='line_1_74' title="bbox 524 4205 2172 4281; baseline -0.001 -17"><span class='ocrx_word' id='word_1_527' title='bbox 524 4210 695 4281; x_wconf 85' lang='lat' dir='ltr'><strong>juxta</strong></span> <span class='ocrx_word' id='word_1_528' title='bbox 720 4208 1003 4277; x_wconf 89' lang='lat' dir='ltr'><strong>Iconium,</strong></span> <span class='ocrx_word' id='word_1_529' title='bbox 1038 4206 1357 4280; x_wconf 84' lang='lat' dir='ltr'><strong>occupatis,</strong></span> <span class='ocrx_word' id='word_1_530' title='bbox 1414 4211 1473 4262; x_wconf 88' lang='lat' dir='ltr'><strong>et</strong></span> <span class='ocrx_word' id='word_1_531' title='bbox 1528 4205 1794 4261; x_wconf 88' lang='lat' dir='ltr'><strong>maceriis</strong></span> <span class='ocrx_word' id='word_1_532' title='bbox 1842 4223 1944 4276; x_wconf 91' lang='lat' dir='ltr'><strong>pro</strong></span> <span class='ocrx_word' id='word_1_533' title='bbox 2004 4223 2172 4264; x_wconf 89' lang='lat' dir='ltr'><strong>muro</strong></span> 
     </span>
    </p>
   </div>
   <div class='ocr_carea' id='block_1_75' title="bbox 530 4295 2171 4371">
    <p class='ocr_par' dir='ltr' id='par_1_75' title="bbox 530 4295 2171 4371">
     <span class='ocr_line' id='line_1_75' title="bbox 530 4295 2171 4371; baseline -0.002 -16"><span class='ocrx_word' id='word_1_534' title='bbox 530 4300 791 4371; x_wconf 86' lang='lat' dir='ltr'><strong>objectis,</strong></span> <span class='ocrx_word' id='word_1_535' title='bbox 832 4298 1284 4355; x_wconf 78' lang='lat' dir='ltr'><strong>Alamannorum</strong></span> <span class='ocrx_word' id='word_1_536' title='bbox 1316 4312 1617 4352; x_wconf 85' lang='lat' dir='ltr'><strong>accessum</strong></span> <span class='ocrx_word' id='word_1_537' title='bbox 1649 4295 1893 4351; x_wconf 84' lang='lat' dir='ltr'><strong>facilese</strong></span> <span class='ocrx_word' id='word_1_538' title='bbox 1913 4296 2171 4365; x_wconf 88' lang='lat' dir='ltr'><strong>prohibi-</strong></span> 
     </span>
    </p>
   </div>
   <div class='ocr_carea' id='block_1_76' title="bbox 527 4384 2167 4459">
    <p class='ocr_par' dir='ltr' id='par_1_76' title="bbox 527 4384 2167 4459">
     <span class='ocr_line' id='line_1_76' title="bbox 527 4384 2167 4459; baseline -0.001 -16"><span class='ocrx_word' id='word_1_539' title='bbox 527 4395 691 4444; x_wconf 85' lang='lat' dir='ltr'><strong>turos</strong></span> <span class='ocrx_word' id='word_1_540' title='bbox 766 4388 1076 4459; x_wconf 80' lang='lat' dir='ltr'><strong>putabant,</strong></span> <span class='ocrx_word' id='word_1_541' title='bbox 1160 4403 1295 4443; x_wconf 90' lang='lat' dir='ltr'><strong>cum</strong></span> <span class='ocrx_word' id='word_1_542' title='bbox 1354 4400 1556 4442; x_wconf 87' lang='lat' dir='ltr'><strong>omnes</strong></span> <span class='ocrx_word' id='word_1_543' title='bbox 1614 4384 1900 4456; x_wconf 85' lang='lat' dir='ltr'><strong>sagittarii</strong></span> <span class='ocrx_word' id='word_1_544' title='bbox 1959 4386 2167 4456; x_wconf 86' lang='lat' dir='ltr'><strong>optimi</strong></span> 
     </span>
    </p>
   </div>
   <div class='ocr_carea' id='block_1_77' title="bbox 524 4474 2164 4549">
    <p class='ocr_par' dir='ltr' id='par_1_77' title="bbox 524 4474 2164 4549">
     <span class='ocr_line' id='line_1_77' title="bbox 524 4474 2164 4549; baseline -0.001 -16"><span class='ocrx_word' id='word_1_545' title='bbox 524 4481 740 4545; x_wconf 84' lang='lat' dir='ltr'><strong>essent,</strong></span> <span class='ocrx_word' id='word_1_546' title='bbox 773 4483 948 4549; x_wconf 90' lang='lat' dir='ltr'><strong>atque</strong></span> <span class='ocrx_word' id='word_1_547' title='bbox 979 4494 1095 4531; x_wconf 91' lang='lat' dir='ltr'><strong>uno</strong></span> <span class='ocrx_word' id='word_1_548' title='bbox 1130 4477 1188 4531; x_wconf 91' lang='lat' dir='ltr'><strong>in</strong></span> <span class='ocrx_word' id='word_1_549' title='bbox 1219 4476 1345 4532; x_wconf 91' lang='lat' dir='ltr'><strong>loco</strong></span> <span class='ocrx_word' id='word_1_550' title='bbox 1377 4474 1629 4547; x_wconf 78' lang='lat' dir='ltr'><strong>expediti</strong></span> <span class='ocrx_word' id='word_1_551' title='bbox 1680 4489 1810 4529; x_wconf 87' lang='lat' dir='ltr'><strong>cum</strong></span> <span class='ocrx_word' id='word_1_552' title='bbox 1839 4475 2031 4544; x_wconf 87' lang='lat' dir='ltr'><strong>gravis</strong></span> <span class='ocrx_word' id='word_1_553' title='bbox 2072 4493 2164 4531; x_wconf 83' lang='lat' dir='ltr'><strong>ar-</strong></span> 
     </span>
    </p>
   </div>
   <div class='ocr_carea' id='block_1_78' title="bbox 522 4563 2163 4637">
    <p class='ocr_par' dir='ltr' id='par_1_78' title="bbox 522 4563 2163 4637">
     <span class='ocr_line' id='line_1_78' title="bbox 522 4563 2163 4637; baseline -0.001 -17"><span class='ocrx_word' id='word_1_554' title='bbox 522 4569 760 4620; x_wconf 69' lang='lat' dir='ltr'><strong>matura</strong></span> <span class='ocrx_word' id='word_1_555' title='bbox 792 4566 1088 4637; x_wconf 88' lang='lat' dir='ltr'><strong>equitibus</strong></span> <span class='ocrx_word' id='word_1_556' title='bbox 1119 4566 1477 4637; x_wconf 86' lang='lat' dir='ltr'><strong>pugnaturi;</strong></span> <span class='ocrx_word' id='word_1_557' title='bbox 1513 4566 1612 4620; x_wconf 90' lang='lat' dir='ltr'><strong>sed</strong></span> <span class='ocrx_word' id='word_1_558' title='bbox 1646 4563 1705 4618; x_wconf 93' lang='lat' dir='ltr'><strong>id</strong></span> <span class='ocrx_word' id='word_1_559' title='bbox 1752 4580 1986 4636; x_wconf 86' lang='lat' dir='ltr'><strong>quoque</strong></span> <span class='ocrx_word' id='word_1_560' title='bbox 2029 4580 2163 4619; x_wconf 90' lang='lat' dir='ltr'><strong>con-</strong></span> 
     </span>
    </p>
   </div>
   <div class='ocr_carea' id='block_1_79' title="bbox 2283 3576 3905 3662">
    <p class='ocr_par' dir='ltr' id='par_1_79' title="bbox 2283 3576 3905 3662">
     <span class='ocr_line' id='line_1_79' title="bbox 2283 3576 3905 3662; baseline -0.004 -23"><span class='ocrx_word' id='word_1_561' title='bbox 2283 3578 2514 3659; x_wconf 81' lang='grc' dir='ltr'>φοϐερὸς</span> <span class='ocrx_word' id='word_1_562' title='bbox 2545 3584 2572 3640; x_wconf 85' lang='grc' dir='ltr'>ὁ</span> <span class='ocrx_word' id='word_1_563' title='bbox 2604 3583 2703 3662; x_wconf 79' lang='grc' dir='ltr'><strong>ῥήξ</strong></span> <span class='ocrx_word' id='word_1_564' title='bbox 2737 3584 2971 3661; x_wconf 72' lang='grc' dir='ltr'>ὶγεγόνει</span> <span class='ocrx_word' id='word_1_565' title='bbox 3034 3585 3125 3640; x_wconf 78' lang='grc' dir='ltr'><strong>καὶ</strong></span> <span class='ocrx_word' id='word_1_566' title='bbox 3182 3583 3329 3659; x_wconf 85' lang='grc' dir='ltr'>παρᾶ</span> <span class='ocrx_word' id='word_1_567' title='bbox 3386 3589 3504 3646; x_wconf 88' lang='grc' dir='ltr'>τοῖς</span> <span class='ocrx_word' id='word_1_568' title='bbox 3559 3584 3715 3656; x_wconf 74' lang='grc' dir='ltr'>ἑῴοις</span> <span class='ocrx_word' id='word_1_569' title='bbox 3752 3576 3905 3645; x_wconf 68' lang='grc' dir='ltr'>ἔθνεσι</span> 
     </span>
    </p>
   </div>
   <div class='ocr_carea' id='block_1_80' title="bbox 2283 3666 3907 3743">
    <p class='ocr_par' dir='ltr' id='par_1_80' title="bbox 2283 3666 3907 3743">
     <span class='ocr_line' id='line_1_80' title="bbox 2283 3666 3907 3743; baseline 0.001 -17"><span class='ocrx_word' id='word_1_570' title='bbox 2283 3666 2603 3743; x_wconf 77' lang='grc' dir='ltr'>διαϐόητος,</span> <span class='ocrx_word' id='word_1_571' title='bbox 2634 3672 2766 3730; x_wconf 79' lang='grc' dir='ltr'>ἀλλ’</span> <span class='ocrx_word' id='word_1_572' title='bbox 2822 3674 2906 3730; x_wconf 78' lang='grc' dir='ltr'>ὅτι</span> <span class='ocrx_word' id='word_1_573' title='bbox 2960 3674 3050 3729; x_wconf 86' lang='grc' dir='ltr'><strong>καὶ</strong></span> <span class='ocrx_word' id='word_1_574' title='bbox 3099 3674 3217 3728; x_wconf 84' lang='grc' dir='ltr'>κατ’</span> <span class='ocrx_word' id='word_1_575' title='bbox 3264 3673 3394 3728; x_wconf 73' lang='grc' dir='ltr'>αὐτὸ</span> <span class='ocrx_word' id='word_1_576' title='bbox 3448 3673 3512 3727; x_wconf 83' lang='grc' dir='ltr'>τὸ</span> <span class='ocrx_word' id='word_1_577' title='bbox 3566 3671 3778 3728; x_wconf 83' lang='grc' dir='ltr'>Ἰκόνιον</span> <span class='ocrx_word' id='word_1_578' title='bbox 3803 3671 3907 3727; x_wconf 76' lang='grc' dir='ltr'>τοῖς</span> 
     </span>
    </p>
   </div>
   <div class='ocr_carea' id='block_1_81' title="bbox 2283 3757 3899 3840">
    <p class='ocr_par' dir='ltr' id='par_1_81' title="bbox 2283 3757 3899 3840">
     <span class='ocr_line' id='line_1_81' title="bbox 2283 3757 3899 3840; baseline -0.002 -24"><span class='ocrx_word' id='word_1_579' title='bbox 2283 3760 2471 3825; x_wconf 82' lang='grc' dir='ltr'>αὐτοῖς</span> <span class='ocrx_word' id='word_1_580' title='bbox 2544 3764 2671 3825; x_wconf 77' lang='grc' dir='ltr'>τοὺς</span> <span class='ocrx_word' id='word_1_581' title='bbox 2741 3764 3014 3840; x_wconf 82' lang='grc' dir='ltr'>Τούρκους</span> <span class='ocrx_word' id='word_1_582' title='bbox 3085 3757 3381 3838; x_wconf 79' lang='grc' dir='ltr'>περιίϐαλε</span> <span class='ocrx_word' id='word_1_583' title='bbox 3450 3759 3899 3833; x_wconf 70' lang='grc' dir='ltr'>δυσπραγήμασιν.</span> 
     </span>
    </p>
   </div>
   <div class='ocr_carea' id='block_1_82' title="bbox 2279 3841 3893 3929">
    <p class='ocr_par' dir='ltr' id='par_1_82' title="bbox 2279 3841 3893 3929">
     <span class='ocr_line' id='line_1_82' title="bbox 2279 3841 3893 3929; baseline -0.01 -19"><span class='ocrx_word' id='word_1_584' title='bbox 2279 3852 2455 3913; x_wconf 83' lang='grc' dir='ltr'>Αύτὸς</span> <span class='ocrx_word' id='word_1_585' title='bbox 2515 3853 2609 3927; x_wconf 75' lang='grc' dir='ltr'>μὶν</span> <span class='ocrx_word' id='word_1_586' title='bbox 2668 3852 2770 3929; x_wconf 76' lang='grc' dir='ltr'><strong>γὰρ</strong></span> <span class='ocrx_word' id='word_1_587' title='bbox 2830 3853 2858 3907; x_wconf 78' lang='grc' dir='ltr'><strong>ὁ</strong></span> <span class='ocrx_word' id='word_1_588' title='bbox 2916 3850 3146 3908; x_wconf 81' lang='grc' dir='ltr'>σουλτᾶν</span> <span class='ocrx_word' id='word_1_589' title='bbox 3205 3850 3284 3914; x_wconf 67' lang='grc' dir='ltr'>εἷς</span> <span class='ocrx_word' id='word_1_590' title='bbox 3343 3851 3408 3906; x_wconf 77' lang='grc' dir='ltr'>τὰ</span> <span class='ocrx_word' id='word_1_591' title='bbox 3459 3850 3658 3921; x_wconf 75' lang='grc' dir='ltr'>Τάεαρα</span> <span class='ocrx_word' id='word_1_592' title='bbox 3704 3841 3893 3917; x_wconf 83' lang='grc' dir='ltr'>δραπε-</span> 
     </span>
    </p>
   </div>
   <div class='ocr_carea' id='block_1_83' title="bbox 2278 3929 3894 4015">
    <p class='ocr_par' dir='ltr' id='par_1_83' title="bbox 2278 3929 3894 4015">
     <span class='ocr_line' id='line_1_83' title="bbox 2278 3929 3894 4015; baseline -0.007 -20"><span class='ocrx_word' id='word_1_593' title='bbox 2278 3940 2467 4003; x_wconf 85' lang='grc' dir='ltr'>τεύσας</span> <span class='ocrx_word' id='word_1_594' title='bbox 2502 3938 2822 4014; x_wconf 83' lang='grc' dir='ltr'>ἀπελογεῖτο</span> <span class='ocrx_word' id='word_1_595' title='bbox 2883 3937 3054 4015; x_wconf 74' lang='grc' dir='ltr'>μηδὲν</span> <span class='ocrx_word' id='word_1_596' title='bbox 3113 3937 3313 3996; x_wconf 79' lang='grc' dir='ltr'>εἰδέναι</span> <span class='ocrx_word' id='word_1_597' title='bbox 3352 3938 3421 3993; x_wconf 84' lang='grc' dir='ltr'>ὧν</span> <span class='ocrx_word' id='word_1_598' title='bbox 3468 3936 3519 3991; x_wconf 82' lang='grc' dir='ltr'>οἱ</span> <span class='ocrx_word' id='word_1_599' title='bbox 3576 3934 3701 3994; x_wconf 74' lang='grc' dir='ltr'>υἱεῖς</span> <span class='ocrx_word' id='word_1_600' title='bbox 3728 3929 3894 3986; x_wconf 65' lang='grc' dir='ltr'>αὐτοῦ</span> 
     </span>
    </p>
   </div>
   <div class='ocr_carea' id='block_1_84' title="bbox 2280 4020 3898 4104">
    <p class='ocr_par' dir='ltr' id='par_1_84' title="bbox 2280 4020 3898 4104">
     <span class='ocr_line' id='line_1_84' title="bbox 2280 4020 3898 4104; baseline -0.008 -21"><span class='ocrx_word' id='word_1_601' title='bbox 2280 4025 2652 4103; x_wconf 77' lang='grc' dir='ltr'>διεπράξαντο,</span> <span class='ocrx_word' id='word_1_602' title='bbox 2694 4027 2778 4083; x_wconf 78' lang='grc' dir='ltr'><strong>ὅτι</strong></span> <span class='ocrx_word' id='word_1_603' title='bbox 2836 4029 2927 4083; x_wconf 85' lang='grc' dir='ltr'><strong>καὶ</strong></span> <span class='ocrx_word' id='word_1_604' title='bbox 2981 4034 3083 4099; x_wconf 85' lang='grc' dir='ltr'><strong>τῆς</strong></span> <span class='ocrx_word' id='word_1_605' title='bbox 3141 4026 3324 4104; x_wconf 78' lang='grc' dir='ltr'>ἀρχῆς</span> <span class='ocrx_word' id='word_1_606' title='bbox 3356 4027 3436 4099; x_wconf 79' lang='grc' dir='ltr'><strong>ὑφ’</strong></span> <span class='ocrx_word' id='word_1_607' title='bbox 3466 4024 3579 4085; x_wconf 70' lang='grc' dir='ltr'>ἑνὸς</span> <span class='ocrx_word' id='word_1_608' title='bbox 3606 4020 3776 4076; x_wconf 77' lang='grc' dir='ltr'>αύτῶν</span> <span class='ocrx_word' id='word_1_609' title='bbox 3805 4020 3898 4072; x_wconf 75' lang='grc' dir='ltr'><strong>τοῦ</strong></span> 
     </span>
    </p>
   </div>
   <div class='ocr_carea' id='block_1_85' title="bbox 2277 4107 3896 4194">
    <p class='ocr_par' dir='ltr' id='par_1_85' title="bbox 2277 4107 3896 4194">
     <span class='ocr_line' id='line_1_85' title="bbox 2277 4107 3896 4194; baseline -0.008 -21"><span class='ocrx_word' id='word_1_610' title='bbox 2277 4119 2616 4173; x_wconf 85' lang='grc' dir='ltr'>Κοπαττίνου</span> <span class='ocrx_word' id='word_1_611' title='bbox 2671 4118 3145 4194; x_wconf 80' lang='grc' dir='ltr'>ἆπεσκοράκισται·</span> <span class='ocrx_word' id='word_1_612' title='bbox 3206 4117 3259 4171; x_wconf 76' lang='grc' dir='ltr'>οἱ</span> <span class='ocrx_word' id='word_1_613' title='bbox 3313 4113 3371 4171; x_wconf 77' lang='grc' dir='ltr'>δὶ</span> <span class='ocrx_word' id='word_1_614' title='bbox 3419 4117 3646 4187; x_wconf 81' lang='grc' dir='ltr'>Τοῦρκοι</span> <span class='ocrx_word' id='word_1_615' title='bbox 3694 4109 3764 4166; x_wconf 74' lang='grc' dir='ltr'>τὰ</span> <span class='ocrx_word' id='word_1_616' title='bbox 3799 4107 3896 4163; x_wconf 81' lang='grc' dir='ltr'><strong>τῶν</strong></span> 
     </span>
    </p>
   </div>
   <div class='ocr_carea' id='block_1_86' title="bbox 2275 4195 3901 4285">
    <p class='ocr_par' dir='ltr' id='par_1_86' title="bbox 2275 4195 3901 4285">
     <span class='ocr_line' id='line_1_86' title="bbox 2275 4195 3901 4285; baseline -0.006 -23"><span class='ocrx_word' id='word_1_617' title='bbox 2275 4209 2467 4277; x_wconf 85' lang='grc' dir='ltr'>κήπων</span> <span class='ocrx_word' id='word_1_618' title='bbox 2547 4204 2885 4269; x_wconf 85' lang='grc' dir='ltr'>ὑπεισδύντες</span> <span class='ocrx_word' id='word_1_619' title='bbox 2934 4204 3287 4285; x_wconf 76' lang='grc' dir='ltr'>ταφρεύματά</span> <span class='ocrx_word' id='word_1_620' title='bbox 3342 4226 3402 4260; x_wconf 91' lang='grc' dir='ltr'><strong>τε</strong></span> <span class='ocrx_word' id='word_1_621' title='bbox 3454 4202 3545 4258; x_wconf 85' lang='grc' dir='ltr'><strong>καὶ</strong></span> <span class='ocrx_word' id='word_1_622' title='bbox 3614 4199 3737 4262; x_wconf 71' lang='grc' dir='ltr'>τοὺς</span> <span class='ocrx_word' id='word_1_623' title='bbox 3789 4195 3901 4252; x_wconf 80' lang='grc' dir='ltr'>διώ-</span> 
     </span>
    </p>
   </div>
   <div class='ocr_carea' id='block_1_87' title="bbox 2273 4284 3901 4377">
    <p class='ocr_par' dir='ltr' id='par_1_87' title="bbox 2273 4284 3901 4377">
     <span class='ocr_line' id='line_1_87' title="bbox 2273 4284 3901 4377; baseline -0.003 -27"><span class='ocrx_word' id='word_1_624' title='bbox 2273 4316 2470 4377; x_wconf 85' lang='grc' dir='ltr'>ρυχας,</span> <span class='ocrx_word' id='word_1_625' title='bbox 2518 4297 2570 4351; x_wconf 81' lang='grc' dir='ltr'>οἳ</span> <span class='ocrx_word' id='word_1_626' title='bbox 2631 4301 2877 4372; x_wconf 79' lang='grc' dir='ltr'>συνεχεῖς</span> <span class='ocrx_word' id='word_1_627' title='bbox 2935 4284 3039 4351; x_wconf 76' lang='grc' dir='ltr'>εἶσι</span> <span class='ocrx_word' id='word_1_628' title='bbox 3097 4296 3219 4371; x_wconf 86' lang='grc' dir='ltr'>περὶ</span> <span class='ocrx_word' id='word_1_629' title='bbox 3280 4295 3342 4349; x_wconf 88' lang='grc' dir='ltr'>τὸ</span> <span class='ocrx_word' id='word_1_630' title='bbox 3400 4294 3651 4362; x_wconf 80' lang='grc' dir='ltr'>Ἰκόνιον,</span> <span class='ocrx_word' id='word_1_631' title='bbox 3676 4287 3761 4345; x_wconf 70' lang='grc' dir='ltr'><strong>καὶ</strong></span> <span class='ocrx_word' id='word_1_632' title='bbox 3788 4284 3901 4345; x_wconf 74' lang='grc' dir='ltr'>τοὺς</span> 
     </span>
    </p>
   </div>
   <div class='ocr_carea' id='block_1_88' title="bbox 2273 4373 3902 4460">
    <p class='ocr_par' dir='ltr' id='par_1_88' title="bbox 2273 4373 3902 4460">
     <span class='ocr_line' id='line_1_88' title="bbox 2273 4373 3902 4460; baseline -0.004 -20"><span class='ocrx_word' id='word_1_633' title='bbox 2273 4373 2558 4450; x_wconf 18' lang='grc' dir='ltr'>ἐκήλίθων</span> <span class='ocrx_word' id='word_1_634' title='bbox 2613 4381 2945 4460; x_wconf 72' lang='grc' dir='ltr'>περιϐόλους</span> <span class='ocrx_word' id='word_1_635' title='bbox 2994 4386 3069 4447; x_wconf 86' lang='grc' dir='ltr'>ὡς</span> <span class='ocrx_word' id='word_1_636' title='bbox 3115 4383 3273 4459; x_wconf 74' lang='grc' dir='ltr'>ἕρκος</span> <span class='ocrx_word' id='word_1_637' title='bbox 3323 4379 3807 4457; x_wconf 85' lang='grc' dir='ltr'>περιϐαλλόμενοι,</span> <span class='ocrx_word' id='word_1_638' title='bbox 3850 4373 3902 4429; x_wconf 74' lang='grc' dir='ltr'>ἐκ</span> 
     </span>
    </p>
   </div>
   <div class='ocr_carea' id='block_1_89' title="bbox 2268 4462 3895 4550">
    <p class='ocr_par' dir='ltr' id='par_1_89' title="bbox 2268 4462 3895 4550">
     <span class='ocr_line' id='line_1_89' title="bbox 2268 4462 3895 4550; baseline -0.007 -20"><span class='ocrx_word' id='word_1_639' title='bbox 2268 4476 2474 4530; x_wconf 80' lang='grc' dir='ltr'>τούτων</span> <span class='ocrx_word' id='word_1_640' title='bbox 2526 4475 2704 4547; x_wconf 80' lang='grc' dir='ltr'>ᾤοντο</span> <span class='ocrx_word' id='word_1_641' title='bbox 2764 4473 3085 4550; x_wconf 71' lang='grc' dir='ltr'>ἐπισχήσειν</span> <span class='ocrx_word' id='word_1_642' title='bbox 3139 4476 3237 4544; x_wconf 78' lang='grc' dir='ltr'><strong>τήν</strong></span> <span class='ocrx_word' id='word_1_643' title='bbox 3299 4473 3353 4536; x_wconf 75' lang='grc' dir='ltr'>ἐς</span> <span class='ocrx_word' id='word_1_644' title='bbox 3421 4473 3645 4529; x_wconf 72' lang='grc' dir='ltr'>Ἰκόνιον</span> <span class='ocrx_word' id='word_1_645' title='bbox 3684 4462 3895 4543; x_wconf 75' lang='grc' dir='ltr'>πάροδον</span> 
     </span>
    </p>
   </div>
   <div class='ocr_carea' id='block_1_90' title="bbox 2263 4550 3899 4638">
    <p class='ocr_par' dir='ltr' id='par_1_90' title="bbox 2263 4550 3899 4638">
     <span class='ocr_line' id='line_1_90' title="bbox 2263 4550 3899 4638; baseline -0.006 -19"><span class='ocrx_word' id='word_1_646' title='bbox 2263 4569 2370 4619; x_wconf 84' lang='grc' dir='ltr'><strong>τῶν</strong></span> <span class='ocrx_word' id='word_1_647' title='bbox 2405 4562 2753 4638; x_wconf 77' lang='grc' dir='ltr'>Ἀλαμανῶν,</span> <span class='ocrx_word' id='word_1_648' title='bbox 2813 4566 2901 4618; x_wconf 83' lang='grc' dir='ltr'>οἷα</span> <span class='ocrx_word' id='word_1_649' title='bbox 2959 4563 3175 4634; x_wconf 83' lang='grc' dir='ltr'>τοξόται</span> <span class='ocrx_word' id='word_1_650' title='bbox 3233 4562 3428 4623; x_wconf 79' lang='grc' dir='ltr'>πάντες</span> <span class='ocrx_word' id='word_1_651' title='bbox 3487 4560 3765 4634; x_wconf 72' lang='grc' dir='ltr'>κράτιστοι</span> <span class='ocrx_word' id='word_1_652' title='bbox 3792 4550 3899 4638; x_wconf 77' lang='grc' dir='ltr'>περὶ</span> 
     </span>
    </p>
   </div>
   <div class='ocr_carea' id='block_1_91' title="bbox 521 4643 2171 4729">
    <p class='ocr_par' dir='ltr' id='par_1_91' title="bbox 521 4661 2161 4719">
     <span class='ocr_line' id='line_1_91' title="bbox 521 4661 2161 4719; baseline -0.001 -2"><span class='ocrx_word' id='word_1_653' title='bbox 521 4662 720 4719; x_wconf 89' lang='lat' dir='ltr'><strong>silium</strong></span> <span class='ocrx_word' id='word_1_654' title='bbox 749 4679 951 4719; x_wconf 89' lang='lat' dir='ltr'><strong>eorum</strong></span> <span class='ocrx_word' id='word_1_655' title='bbox 1002 4664 1110 4717; x_wconf 87' lang='lat' dir='ltr'><strong>fuit</strong></span> <span class='ocrx_word' id='word_1_656' title='bbox 1166 4663 1419 4717; x_wconf 89' lang='lat' dir='ltr'><strong>irritum.</strong></span> <span class='ocrx_word' id='word_1_657' title='bbox 1478 4662 1619 4716; x_wconf 90' lang='lat' dir='ltr'><strong>Nam</strong></span> <span class='ocrx_word' id='word_1_658' title='bbox 1676 4661 1983 4717; x_wconf 82' lang='lat' dir='ltr'><strong>Alemanni</strong></span> <span class='ocrx_word' id='word_1_659' title='bbox 2027 4678 2161 4717; x_wconf 91' lang='lat' dir='ltr'><strong>cum</strong></span> 
     </span>
    </p>
   </div>
   <div class='ocr_carea' id='block_1_92' title="bbox 2278 4643 3898 4729">
    <p class='ocr_par' dir='ltr' id='par_1_92' title="bbox 2278 4643 3898 4729">
     <span class='ocr_line' id='line_1_92' title="bbox 2278 4643 3898 4729; baseline -0.007 -21"><span class='ocrx_word' id='word_1_660' title='bbox 2278 4650 2355 4708; x_wconf 74' lang='grc' dir='ltr'>ἕνα</span> <span class='ocrx_word' id='word_1_661' title='bbox 2397 4659 2585 4729; x_wconf 83' lang='grc' dir='ltr'>χῶρον</span> <span class='ocrx_word' id='word_1_662' title='bbox 2642 4651 3047 4728; x_wconf 81' lang='grc' dir='ltr'>συνηλισμὲνοι,</span> <span class='ocrx_word' id='word_1_663' title='bbox 3096 4653 3183 4707; x_wconf 84' lang='grc' dir='ltr'>καὶ</span> <span class='ocrx_word' id='word_1_664' title='bbox 3235 4653 3372 4726; x_wconf 82' lang='grc' dir='ltr'>πρὸς</span> <span class='ocrx_word' id='word_1_665' title='bbox 3424 4652 3612 4713; x_wconf 74' lang='grc' dir='ltr'>ἱππεῖς</span> <span class='ocrx_word' id='word_1_666' title='bbox 3670 4643 3898 4716; x_wconf 75' lang='grc' dir='ltr'>ὁπλοφό-</span> 
     </span>
    </p>
   </div>
   <div class='ocr_carea' id='block_1_93' title="bbox 521 4728 2171 4821">
    <p class='ocr_par' dir='ltr' id='par_1_93' title="bbox 521 4750 2157 4821">
     <span class='ocr_line' id='line_1_93' title="bbox 521 4750 2157 4821; baseline -0.001 -15"><span class='ocrx_word' id='word_1_667' title='bbox 521 4752 740 4807; x_wconf 89' lang='lat' dir='ltr'><strong>Turcos</strong></span> <span class='ocrx_word' id='word_1_668' title='bbox 771 4758 933 4821; x_wconf 88' lang='lat' dir='ltr'><strong>septa</strong></span> <span class='ocrx_word' id='word_1_669' title='bbox 956 4751 1257 4807; x_wconf 88' lang='lat' dir='ltr'><strong>hortorum</strong></span> <span class='ocrx_word' id='word_1_670' title='bbox 1290 4750 1486 4805; x_wconf 89' lang='lat' dir='ltr'><strong>subire</strong></span> <span class='ocrx_word' id='word_1_671' title='bbox 1514 4756 1688 4821; x_wconf 88' lang='lat' dir='ltr'><strong>atque</strong></span> <span class='ocrx_word' id='word_1_672' title='bbox 1718 4751 1854 4805; x_wconf 86' lang='lat' dir='ltr'><strong>inde</strong></span> <span class='ocrx_word' id='word_1_673' title='bbox 1895 4750 2051 4805; x_wconf 88' lang='lat' dir='ltr'><strong>velut</strong></span> <span class='ocrx_word' id='word_1_674' title='bbox 2089 4766 2157 4805; x_wconf 80' lang='lat' dir='ltr'><strong>ex</strong></span> 
     </span>
    </p>
   </div>
   <div class='ocr_carea' id='block_1_94' title="bbox 2278 4728 3897 4821">
    <p class='ocr_par' dir='ltr' id='par_1_94' title="bbox 2278 4728 3897 4819">
     <span class='ocr_line' id='line_1_94' title="bbox 2278 4728 3897 4819; baseline -0.007 -21"><span class='ocrx_word' id='word_1_675' title='bbox 2278 4764 2389 4804; x_wconf 84' lang='grc' dir='ltr'>&gt;ους</span> <span class='ocrx_word' id='word_1_676' title='bbox 2455 4742 2507 4797; x_wconf 67' lang='grc' dir='ltr'>ἐν</span> <span class='ocrx_word' id='word_1_677' title='bbox 2567 4739 2903 4819; x_wconf 81' lang='grc' dir='ltr'>δυσχωρίαις</span> <span class='ocrx_word' id='word_1_678' title='bbox 2962 4746 3154 4819; x_wconf 72' lang='grc' dir='ltr'>κοῦφοι</span> <span class='ocrx_word' id='word_1_679' title='bbox 3228 4738 3697 4812; x_wconf 81' lang='grc' dir='ltr'>διαμιλλώμενοι.</span> <span class='ocrx_word' id='word_1_680' title='bbox 3757 4728 3897 4792; x_wconf 83' lang='grc' dir='ltr'>Ἀλλ’</span> 
     </span>
    </p>
   </div>
   <div class='ocr_carea' id='block_1_95' title="bbox 520 4822 2171 4922">
    <p class='ocr_par' dir='ltr' id='par_1_95' title="bbox 520 4839 2153 4916">
     <span class='ocr_line' id='line_1_95' title="bbox 520 4839 2153 4916; baseline -0.002 -18"><span class='ocrx_word' id='word_1_681' title='bbox 520 4840 982 4916; x_wconf 86' lang='lat' dir='ltr'><strong>pr0pugnaculis</strong></span> <span class='ocrx_word' id='word_1_682' title='bbox 1040 4841 1312 4913; x_wconf 76' lang='lat' dir='ltr'><strong>sagittam</strong></span> <span class='ocrx_word' id='word_1_683' title='bbox 1378 4839 1656 4907; x_wconf 85' lang='lat' dir='ltr'><strong>viderent,</strong></span> <span class='ocrx_word' id='word_1_684' title='bbox 1724 4840 1808 4895; x_wconf 90' lang='lat' dir='ltr'><strong>sic</strong></span> <span class='ocrx_word' id='word_1_685' title='bbox 1875 4840 2153 4895; x_wconf 87' lang='lat' dir='ltr'><strong>fecerunt.</strong></span> 
     </span>
    </p>
   </div>
   <div class='ocr_carea' id='block_1_96' title="bbox 2278 4822 3895 4922">
    <p class='ocr_par' dir='ltr' id='par_1_96' title="bbox 2278 4822 3895 4913">
     <span class='ocr_line' id='line_1_96' title="bbox 2278 4822 3895 4913; baseline -0.008 -22"><span class='ocrx_word' id='word_1_686' title='bbox 2278 4836 2365 4902; x_wconf 78' lang='grc' dir='ltr'>εἷς,</span> <span class='ocrx_word' id='word_1_687' title='bbox 2413 4836 2568 4891; x_wconf 85' lang='grc' dir='ltr'>κεκὸν</span> <span class='ocrx_word' id='word_1_688' title='bbox 2607 4836 2697 4890; x_wconf 85' lang='grc' dir='ltr'><strong>καὶ</strong></span> <span class='ocrx_word' id='word_1_689' title='bbox 2739 4835 2863 4891; x_wconf 85' lang='grc' dir='ltr'>τότε</span> <span class='ocrx_word' id='word_1_690' title='bbox 2913 4835 3058 4913; x_wconf 81' lang='grc' dir='ltr'>σφίσι</span> <span class='ocrx_word' id='word_1_691' title='bbox 3106 4835 3172 4889; x_wconf 81' lang='grc' dir='ltr'>τὰ</span> <span class='ocrx_word' id='word_1_692' title='bbox 3222 4828 3515 4888; x_wconf 80' lang='grc' dir='ltr'>διαϐούΑια</span> <span class='ocrx_word' id='word_1_693' title='bbox 3559 4827 3811 4909; x_wconf 73' lang='grc' dir='ltr'>ἔσχασαν.</span> <span class='ocrx_word' id='word_1_694' title='bbox 3840 4822 3895 4878; x_wconf 74' lang='grc' dir='ltr'><strong>Οἱ</strong></span> 
     </span>
    </p>
   </div>
   <div class='ocr_carea' id='block_1_97' title="bbox 518 4918 2171 5005">
    <p class='ocr_par' dir='ltr' id='par_1_97' title="bbox 518 4928 2156 5005">
     <span class='ocr_line' id='line_1_97' title="bbox 518 4928 2156 5005; baseline -0.003 -16"><span class='ocrx_word' id='word_1_695' title='bbox 518 4933 774 5005; x_wconf 78' lang='lat' dir='ltr'><strong>Quisque</strong></span> <span class='ocrx_word' id='word_1_696' title='bbox 820 4932 1073 5004; x_wconf 88' lang='lat' dir='ltr'><strong>peditem</strong></span> <span class='ocrx_word' id='word_1_697' title='bbox 1116 4934 1411 4985; x_wconf 82' lang='lat' dir='ltr'><strong>armatum</strong></span> <span class='ocrx_word' id='word_1_698' title='bbox 1474 4928 1530 4983; x_wconf 93' lang='lat' dir='ltr'><strong>in</strong></span> <span class='ocrx_word' id='word_1_699' title='bbox 1589 4928 1719 4998; x_wconf 88' lang='lat' dir='ltr'><strong>equi</strong></span> <span class='ocrx_word' id='word_1_700' title='bbox 1777 4929 1867 4983; x_wconf 88' lang='lat' dir='ltr'><strong>sui</strong></span> <span class='ocrx_word' id='word_1_701' title='bbox 1931 4937 2156 5001; x_wconf 86' lang='lat' dir='ltr'><strong>tergum</strong></span> 
     </span>
    </p>
   </div>
   <div class='ocr_carea' id='block_1_98' title="bbox 2278 4918 3897 5005">
    <p class='ocr_par' dir='ltr' id='par_1_98' title="bbox 2278 4918 3897 5005">
     <span class='ocr_line' id='line_1_98' title="bbox 2278 4918 3897 5005; baseline -0.004 -26"><span class='ocrx_word' id='word_1_702' title='bbox 2278 4925 2371 5001; x_wconf 79' lang='grc' dir='ltr'><strong>γὰρ</strong></span> <span class='ocrx_word' id='word_1_703' title='bbox 2430 4923 2730 4998; x_wconf 83' lang='grc' dir='ltr'>Ἀλαμανοὶ</span> <span class='ocrx_word' id='word_1_704' title='bbox 2789 4924 3102 4996; x_wconf 67' lang='grc' dir='ltr'>θεασάμενοι</span> <span class='ocrx_word' id='word_1_705' title='bbox 3145 4924 3228 4993; x_wconf 90' lang='grc' dir='ltr'><strong>[Ρ.</strong></span> <span class='ocrx_word' id='word_1_706' title='bbox 3279 4924 3406 4995; x_wconf 80' lang='lat'><strong>265]</strong></span> <span class='ocrx_word' id='word_1_707' title='bbox 3464 4919 3595 4985; x_wconf 74' lang='grc' dir='ltr'>τοὺς</span> <span class='ocrx_word' id='word_1_708' title='bbox 3639 4918 3897 5005; x_wconf 79' lang='grc' dir='ltr'>Τούρκους</span> 
     </span>
    </p>
   </div>
   <div class='ocr_carea' id='block_1_99' title="bbox 516 5004 2171 5092">
    <p class='ocr_par' dir='ltr' id='par_1_99' title="bbox 516 5004 2155 5092">
     <span class='ocr_line' id='line_1_99' title="bbox 516 5004 2155 5092; baseline -0.005 -14"><span class='ocrx_word' id='word_1_709' title='bbox 516 5004 745 5092; x_wconf 75' lang='lat' dir='ltr'><strong>recepit,</strong></span> <span class='ocrx_word' id='word_1_710' title='bbox 779 5028 840 5077; x_wconf 87' lang='lat' dir='ltr'><strong>ut</strong></span> <span class='ocrx_word' id='word_1_711' title='bbox 871 5037 938 5076; x_wconf 82' lang='lat' dir='ltr'><strong>ex</strong></span> <span class='ocrx_word' id='word_1_712' title='bbox 959 5038 1025 5076; x_wconf 92' lang='lat' dir='ltr'><strong>eo</strong></span> <span class='ocrx_word' id='word_1_713' title='bbox 1039 5026 1314 5090; x_wconf 81' lang='lat' dir='ltr'><strong>tauquam</strong></span> <span class='ocrx_word' id='word_1_714' title='bbox 1336 5014 1514 5080; x_wconf 86' lang='lat' dir='ltr'><strong>scala,</strong></span> <span class='ocrx_word' id='word_1_715' title='bbox 1549 5015 1793 5071; x_wconf 78' lang='lat' dir='ltr'><strong>maceria</strong></span> <span class='ocrx_word' id='word_1_716' title='bbox 1817 5033 2155 5078; x_wconf 80' lang='lat' dir='ltr'><strong>conscensa.</strong></span> 
     </span>
    </p>
   </div>
   <div class='ocr_carea' id='block_1_100' title="bbox 2278 5004 3897 5092">
    <p class='ocr_par' dir='ltr' id='par_1_100' title="bbox 2278 5004 3897 5085">
     <span class='ocr_line' id='line_1_100' title="bbox 2278 5004 3897 5085; baseline -0.004 -16"><span class='ocrx_word' id='word_1_717' title='bbox 2278 5014 2359 5076; x_wconf 76' lang='grc' dir='ltr'><strong>τὰς</strong></span> <span class='ocrx_word' id='word_1_718' title='bbox 2388 5018 2495 5069; x_wconf 85' lang='grc' dir='ltr'><strong>τῶν</strong></span> <span class='ocrx_word' id='word_1_719' title='bbox 2547 5016 2738 5085; x_wconf 89' lang='grc' dir='ltr'>κήπων</span> <span class='ocrx_word' id='word_1_720' title='bbox 2815 5013 3151 5075; x_wconf 81' lang='grc' dir='ltr'>ὑπεισιόντας</span> <span class='ocrx_word' id='word_1_721' title='bbox 3227 5013 3488 5084; x_wconf 76' lang='grc' dir='ltr'>αἱμασιὰς</span> <span class='ocrx_word' id='word_1_722' title='bbox 3526 5009 3618 5065; x_wconf 81' lang='grc' dir='ltr'><strong>καὶ</strong></span> <span class='ocrx_word' id='word_1_723' title='bbox 3695 5009 3769 5069; x_wconf 85' lang='grc' dir='ltr'>ὡς</span> <span class='ocrx_word' id='word_1_724' title='bbox 3821 5004 3897 5082; x_wconf 59' lang='grc' dir='ltr'><strong>ἀφ’</strong></span> 
     </span>
    </p>
   </div>
   <div class='ocr_carea' id='block_1_101' title="bbox 515 5094 2171 5180">
    <p class='ocr_par' dir='ltr' id='par_1_101' title="bbox 515 5106 2155 5180">
     <span class='ocr_line' id='line_1_101' title="bbox 515 5106 2155 5180; baseline -0.004 -13"><span class='ocrx_word' id='word_1_725' title='bbox 515 5129 781 5169; x_wconf 59' lang='lat' dir='ltr'><strong>cominus</strong></span> <span class='ocrx_word' id='word_1_726' title='bbox 814 5129 943 5168; x_wconf 88' lang='lat' dir='ltr'><strong>cum</strong></span> <span class='ocrx_word' id='word_1_727' title='bbox 981 5111 1146 5167; x_wconf 89' lang='lat' dir='ltr'><strong>boste</strong></span> <span class='ocrx_word' id='word_1_728' title='bbox 1205 5108 1659 5180; x_wconf 80' lang='lat' dir='ltr'><strong>congrederetur</strong></span> <span class='ocrx_word' id='word_1_729' title='bbox 1709 5112 1809 5172; x_wconf 87' lang='lat' dir='ltr'><strong>;et</strong></span> <span class='ocrx_word' id='word_1_730' title='bbox 1853 5106 1988 5176; x_wconf 89' lang='lat' dir='ltr'><strong>ipsi.</strong></span> <span class='ocrx_word' id='word_1_731' title='bbox 2037 5122 2155 5177; x_wconf 84' lang='lat' dir='ltr'><strong>qua</strong></span> 
     </span>
    </p>
   </div>
   <div class='ocr_carea' id='block_1_102' title="bbox 2278 5094 3893 5180">
    <p class='ocr_par' dir='ltr' id='par_1_102' title="bbox 2278 5094 3893 5177">
     <span class='ocr_line' id='line_1_102' title="bbox 2278 5094 3893 5177; baseline -0.009 -18"><span class='ocrx_word' id='word_1_732' title='bbox 2278 5102 2611 5177; x_wconf 74' lang='grc' dir='ltr'>5ρμητηρίου</span> <span class='ocrx_word' id='word_1_733' title='bbox 2666 5102 2813 5164; x_wconf 88' lang='grc' dir='ltr'>τινὸς</span> <span class='ocrx_word' id='word_1_734' title='bbox 2867 5102 3063 5157; x_wconf 74' lang='grc' dir='ltr'>ἐκεῖθεν</span> <span class='ocrx_word' id='word_1_735' title='bbox 3117 5100 3436 5171; x_wconf 80' lang='grc' dir='ltr'>τοξεύοντας</span> <span class='ocrx_word' id='word_1_736' title='bbox 3490 5096 3619 5153; x_wconf 79' lang='grc' dir='ltr'>τάδε</span> <span class='ocrx_word' id='word_1_737' title='bbox 3670 5094 3893 5152; x_wconf 69' lang='grc' dir='ltr'>ἐποίουν·</span> 
     </span>
    </p>
   </div>
   <div class='ocr_carea' id='block_1_103' title="bbox 482 5182 2171 5277">
    <p class='ocr_par' dir='ltr' id='par_1_103' title="bbox 482 5198 2151 5277">
     <span class='ocr_line' id='line_1_103' title="bbox 482 5198 2151 5277; baseline -0.005 -17"><span class='ocrx_word' id='word_1_738' title='bbox 482 5206 671 5277; x_wconf 76' lang='lat' dir='ltr'><strong>equis</strong></span> <span class='ocrx_word' id='word_1_739' title='bbox 696 5203 1075 5275; x_wconf 83' lang='lat' dir='ltr'><strong>patebatiter,</strong></span> <span class='ocrx_word' id='word_1_740' title='bbox 1110 5200 1571 5272; x_wconf 84' lang='lat' dir='ltr'><strong>Opitulabautur.</strong></span> <span class='ocrx_word' id='word_1_741' title='bbox 1613 5198 1695 5252; x_wconf 90' lang='lat' dir='ltr'><strong>lta</strong></span> <span class='ocrx_word' id='word_1_742' title='bbox 1739 5202 1862 5251; x_wconf 91' lang='lat' dir='ltr'><strong>tum</strong></span> <span class='ocrx_word' id='word_1_743' title='bbox 1918 5214 2151 5268; x_wconf 90' lang='lat' dir='ltr'><strong>quoque</strong></span> 
     </span>
    </p>
   </div>
   <div class='ocr_carea' id='block_1_104' title="bbox 2278 5182 3896 5277">
    <p class='ocr_par' dir='ltr' id='par_1_104' title="bbox 2278 5182 3896 5267">
     <span class='ocr_line' id='line_1_104' title="bbox 2278 5182 3896 5267; baseline -0.006 -21"><span class='ocrx_word' id='word_1_744' title='bbox 2278 5193 2348 5246; x_wconf 66' lang='lat' dir='ltr'><strong>Eni</strong></span> <span class='ocrx_word' id='word_1_745' title='bbox 2405 5193 2469 5247; x_wconf 81' lang='grc' dir='ltr'><strong>τὸ</strong></span> <span class='ocrx_word' id='word_1_746' title='bbox 2524 5192 2724 5247; x_wconf 80' lang='grc' dir='ltr'>οἰκεῖον</span> <span class='ocrx_word' id='word_1_747' title='bbox 2786 5186 2983 5267; x_wconf 73' lang='grc' dir='ltr'>ὄχημα</span> <span class='ocrx_word' id='word_1_748' title='bbox 3044 5196 3154 5246; x_wconf 84' lang='grc' dir='ltr'><strong>τῶν</strong></span> <span class='ocrx_word' id='word_1_749' title='bbox 3213 5188 3424 5245; x_wconf 71' lang='grc' dir='ltr'>ἱππέων</span> <span class='ocrx_word' id='word_1_750' title='bbox 3475 5184 3704 5248; x_wconf 69' lang='grc' dir='ltr'>ἕκαστος</span> <span class='ocrx_word' id='word_1_751' title='bbox 3751 5182 3896 5251; x_wconf 77' lang='grc' dir='ltr'>πεζὸν</span> 
     </span>
    </p>
   </div>
   <div class='ocr_carea' id='block_1_105' title="bbox 503 5269 2171 5365">
    <p class='ocr_par' dir='ltr' id='par_1_105' title="bbox 503 5269 2145 5365">
     <span class='ocr_line' id='line_1_105' title="bbox 503 5269 2145 5365; baseline -0.005 -16"><span class='ocrx_word' id='word_1_752' title='bbox 503 5269 677 5350; x_wconf 83' lang='lat' dir='ltr'><strong>Turci</strong></span> <span class='ocrx_word' id='word_1_753' title='bbox 739 5293 999 5365; x_wconf 86' lang='lat' dir='ltr'><strong>plerique</strong></span> <span class='ocrx_word' id='word_1_754' title='bbox 1060 5291 1194 5347; x_wconf 88' lang='lat' dir='ltr'><strong>mali</strong></span> <span class='ocrx_word' id='word_1_755' title='bbox 1259 5288 1408 5345; x_wconf 87' lang='lat' dir='ltr'><strong>male</strong></span> <span class='ocrx_word' id='word_1_756' title='bbox 1479 5287 1819 5357; x_wconf 82' lang='lat' dir='ltr'><strong>perierunt;</strong></span> <span class='ocrx_word' id='word_1_757' title='bbox 1879 5287 2145 5342; x_wconf 87' lang='lat' dir='ltr'><strong>nonnulli</strong></span> 
     </span>
    </p>
   </div>
   <div class='ocr_carea' id='block_1_106' title="bbox 2278 5269 3896 5365">
    <p class='ocr_par' dir='ltr' id='par_1_106' title="bbox 2278 5269 3896 5365">
     <span class='ocr_line' id='line_1_106' title="bbox 2278 5269 3896 5365; baseline -0.007 -28"><span class='ocrx_word' id='word_1_758' title='bbox 2278 5277 2583 5337; x_wconf 66' lang='grc' dir='ltr'>ὶπανὲλαϐεν</span> <span class='ocrx_word' id='word_1_759' title='bbox 2645 5270 2903 5352; x_wconf 87' lang='grc' dir='ltr'>ὁπλίτην,</span> <span class='ocrx_word' id='word_1_760' title='bbox 2956 5280 3049 5335; x_wconf 85' lang='grc' dir='ltr'><strong>καὶ</strong></span> <span class='ocrx_word' id='word_1_761' title='bbox 3105 5280 3335 5341; x_wconf 79' lang='grc' dir='ltr'>τούτους</span> <span class='ocrx_word' id='word_1_762' title='bbox 3392 5278 3468 5342; x_wconf 83' lang='grc' dir='ltr'>ὡς</span> <span class='ocrx_word' id='word_1_763' title='bbox 3508 5275 3598 5332; x_wconf 84' lang='grc' dir='ltr'><strong>διά</strong></span> <span class='ocrx_word' id='word_1_764' title='bbox 3631 5269 3896 5365; x_wconf 61' lang='grc' dir='ltr'>βαθμίδων</span> 
     </span>
    </p>
   </div>
   <div class='ocr_carea' id='block_1_107' title="bbox 498 5359 2171 5455">
    <p class='ocr_par' dir='ltr' id='par_1_107' title="bbox 498 5359 2141 5455">
     <span class='ocr_line' id='line_1_107' title="bbox 498 5359 2141 5455; baseline -0.003 -19"><span class='ocrx_word' id='word_1_765' title='bbox 498 5393 673 5438; x_wconf 80' lang='lat' dir='ltr'><strong>etiam</strong></span> <span class='ocrx_word' id='word_1_766' title='bbox 708 5359 957 5455; x_wconf 68' lang='lat' dir='ltr'><strong>dispersi</strong></span> <span class='ocrx_word' id='word_1_767' title='bbox 1000 5386 1133 5451; x_wconf 73' lang='lat' dir='ltr'><strong>fuga</strong></span> <span class='ocrx_word' id='word_1_768' title='bbox 1164 5379 1415 5435; x_wconf 85' lang='lat' dir='ltr'><strong>salutem</strong></span> <span class='ocrx_word' id='word_1_769' title='bbox 1451 5376 1791 5449; x_wconf 72' lang='lat' dir='ltr'><strong>quaesivere.</strong></span> <span class='ocrx_word' id='word_1_770' title='bbox 1826 5375 1899 5431; x_wconf 88' lang='lat' dir='ltr'><strong>Ut</strong></span> <span class='ocrx_word' id='word_1_771' title='bbox 1946 5382 2141 5431; x_wconf 87' lang='lat' dir='ltr'><strong>autem</strong></span> 
     </span>
    </p>
   </div>
   <div class='ocr_carea' id='block_1_108' title="bbox 2278 5359 3897 5455">
    <p class='ocr_par' dir='ltr' id='par_1_108' title="bbox 2278 5359 3897 5455">
     <span class='ocr_line' id='line_1_108' title="bbox 2278 5359 3897 5455; baseline -0.006 -26"><span class='ocrx_word' id='word_1_772' title='bbox 2278 5380 2361 5429; x_wconf 77' lang='grc' dir='ltr'>τῶν</span> <span class='ocrx_word' id='word_1_773' title='bbox 2414 5373 2603 5430; x_wconf 72' lang='grc' dir='ltr'>’ίππων</span> <span class='ocrx_word' id='word_1_774' title='bbox 2661 5371 2861 5430; x_wconf 79' lang='grc' dir='ltr'>ἄνωθεν</span> <span class='ocrx_word' id='word_1_775' title='bbox 2906 5378 3012 5428; x_wconf 88' lang='grc' dir='ltr'><strong>τῶν</strong></span> <span class='ocrx_word' id='word_1_776' title='bbox 3086 5366 3396 5448; x_wconf 85' lang='grc' dir='ltr'>περιϐόλων</span> <span class='ocrx_word' id='word_1_777' title='bbox 3470 5371 3713 5442; x_wconf 65' lang='grc' dir='ltr'>θέμενοι,</span> <span class='ocrx_word' id='word_1_778' title='bbox 3786 5359 3897 5455; x_wconf 53' lang='grc' dir='ltr'>ἔνθα</span> 
     </span>
    </p>
   </div>
   <div class='ocr_carea' id='block_1_109' title="bbox 491 5448 2171 5539">
    <p class='ocr_par' dir='ltr' id='par_1_109' title="bbox 491 5465 2139 5526">
     <span class='ocr_line' id='line_1_109' title="bbox 491 5465 2139 5526; baseline 0 -5"><span class='ocrx_word' id='word_1_779' title='bbox 491 5472 818 5526; x_wconf 88' lang='lat' dir='ltr'><strong>occisorum</strong></span> <span class='ocrx_word' id='word_1_780' title='bbox 854 5472 1297 5526; x_wconf 88' lang='lat' dir='ltr'><strong>multitudinem</strong></span> <span class='ocrx_word' id='word_1_781' title='bbox 1332 5469 1589 5525; x_wconf 87' lang='lat' dir='ltr'><strong>hostium</strong></span> <span class='ocrx_word' id='word_1_782' title='bbox 1624 5465 1959 5521; x_wconf 89' lang='lat' dir='ltr'><strong>testimonio</strong></span> <span class='ocrx_word' id='word_1_783' title='bbox 2002 5483 2139 5521; x_wconf 90' lang='lat' dir='ltr'><strong>con-</strong></span> 
     </span>
    </p>
   </div>
   <div class='ocr_carea' id='block_1_110' title="bbox 2278 5448 3897 5539">
    <p class='ocr_par' dir='ltr' id='par_1_110' title="bbox 2278 5448 3897 5539">
     <span class='ocr_line' id='line_1_110' title="bbox 2278 5448 3897 5539; baseline -0.007 -21"><span class='ocrx_word' id='word_1_784' title='bbox 2278 5465 2306 5518; x_wconf 71' lang='grc' dir='ltr'>ιὶ</span> <span class='ocrx_word' id='word_1_785' title='bbox 2420 5466 2657 5539; x_wconf 78' lang='grc' dir='ltr'>Τοῦρκοι</span> <span class='ocrx_word' id='word_1_786' title='bbox 2735 5457 3251 5537; x_wconf 65' lang='grc' dir='ltr'>συνεπειρᾶθησαν,</span> <span class='ocrx_word' id='word_1_787' title='bbox 3353 5458 3625 5537; x_wconf 74' lang='grc' dir='ltr'>διαφῆκαν</span> <span class='ocrx_word' id='word_1_788' title='bbox 3706 5448 3897 5512; x_wconf 67' lang='grc' dir='ltr'>ἐνθένδε</span> 
     </span>
    </p>
   </div>
   <div class='ocr_carea' id='block_1_111' title="bbox 491 5541 2171 5633">
    <p class='ocr_par' dir='ltr' id='par_1_111' title="bbox 491 5556 2137 5630">
     <span class='ocr_line' id='line_1_111' title="bbox 491 5556 2137 5630; baseline 0.002 -22"><span class='ocrx_word' id='word_1_789' title='bbox 491 5556 815 5625; x_wconf 81' lang='lat' dir='ltr'><strong>firmemus,</strong></span> <span class='ocrx_word' id='word_1_790' title='bbox 849 5559 1146 5615; x_wconf 90' lang='lat' dir='ltr'><strong>lsmaelita</strong></span> <span class='ocrx_word' id='word_1_791' title='bbox 1177 5559 1415 5630; x_wconf 76' lang='lat' dir='ltr'><strong>quidam</strong></span> <span class='ocrx_word' id='word_1_792' title='bbox 1446 5558 1544 5629; x_wconf 92' lang='lat' dir='ltr'><strong>qui</strong></span> <span class='ocrx_word' id='word_1_793' title='bbox 1577 5556 1628 5612; x_wconf 92' lang='lat' dir='ltr'><strong>ei</strong></span> <span class='ocrx_word' id='word_1_794' title='bbox 1689 5571 1899 5628; x_wconf 75' lang='lat' dir='ltr'><strong>pugnis</strong></span> <span class='ocrx_word' id='word_1_795' title='bbox 1958 5556 2137 5612; x_wconf 83' lang='lat' dir='ltr'><strong>inter-</strong></span> 
     </span>
    </p>
   </div>
   <div class='ocr_carea' id='block_1_112' title="bbox 2278 5541 3893 5633">
    <p class='ocr_par' dir='ltr' id='par_1_112' title="bbox 2278 5541 3893 5633">
     <span class='ocr_line' id='line_1_112' title="bbox 2278 5541 3893 5633; baseline -0.011 -22"><span class='ocrx_word' id='word_1_796' title='bbox 2278 5554 2401 5633; x_wconf 61' lang='grc' dir='ltr'>εφίσι</span> <span class='ocrx_word' id='word_1_797' title='bbox 2450 5554 2873 5629; x_wconf 65' lang='grc' dir='ltr'>συμπλέκεσθαι,</span> <span class='ocrx_word' id='word_1_798' title='bbox 2933 5547 3271 5622; x_wconf 76' lang='grc' dir='ltr'>ἐπεϐοήθουν</span> <span class='ocrx_word' id='word_1_799' title='bbox 3317 5547 3374 5605; x_wconf 75' lang='grc' dir='ltr'>δὲ</span> <span class='ocrx_word' id='word_1_800' title='bbox 3402 5548 3494 5604; x_wconf 83' lang='grc' dir='ltr'><strong>καὶ</strong></span> <span class='ocrx_word' id='word_1_801' title='bbox 3524 5547 3683 5604; x_wconf 78' lang='grc' dir='ltr'>αὐτοὶ</span> <span class='ocrx_word' id='word_1_802' title='bbox 3725 5544 3776 5599; x_wconf 82' lang='grc' dir='ltr'>ἐν</span> <span class='ocrx_word' id='word_1_803' title='bbox 3819 5541 3893 5633; x_wconf 72' lang='grc' dir='ltr'>οἷς</span> 
     </span>
    </p>
   </div>
   <div class='ocr_carea' id='block_1_113' title="bbox 494 5629 2171 5719">
    <p class='ocr_par' dir='ltr' id='par_1_113' title="bbox 494 5629 2139 5719">
     <span class='ocr_line' id='line_1_113' title="bbox 494 5629 2139 5719; baseline 0.004 -23"><span class='ocrx_word' id='word_1_804' title='bbox 494 5643 696 5712; x_wconf 84' lang='lat' dir='ltr'><strong>fuerat,</strong></span> <span class='ocrx_word' id='word_1_805' title='bbox 721 5647 791 5701; x_wconf 90' lang='lat' dir='ltr'><strong>ad</strong></span> <span class='ocrx_word' id='word_1_806' title='bbox 824 5629 1233 5719; x_wconf 83' lang='lat' dir='ltr'><strong>imperatorem</strong></span> <span class='ocrx_word' id='word_1_807' title='bbox 1282 5648 1584 5718; x_wconf 88' lang='lat' dir='ltr'><strong>profugus,</strong></span> <span class='ocrx_word' id='word_1_808' title='bbox 1646 5661 1746 5717; x_wconf 88' lang='lat' dir='ltr'><strong>per</strong></span> <span class='ocrx_word' id='word_1_809' title='bbox 1802 5662 1966 5701; x_wconf 85' lang='lat' dir='ltr'><strong>suam</strong></span> <span class='ocrx_word' id='word_1_810' title='bbox 2012 5645 2139 5702; x_wconf 82' lang='lat' dir='ltr'><strong>reli-</strong></span> 
     </span>
    </p>
   </div>
   <div class='ocr_carea' id='block_1_114' title="bbox 2278 5629 3889 5719">
    <p class='ocr_par' dir='ltr' id='par_1_114' title="bbox 2278 5629 3889 5715">
     <span class='ocr_line' id='line_1_114' title="bbox 2278 5629 3889 5715; baseline -0.001 -17"><span class='ocrx_word' id='word_1_811' title='bbox 2278 5629 2367 5715; x_wconf 64' lang='grc' dir='ltr'>ξῆν</span> <span class='ocrx_word' id='word_1_812' title='bbox 2429 5641 2829 5714; x_wconf 83' lang='grc' dir='ltr'>διιππάζεσθαι.</span> <span class='ocrx_word' id='word_1_813' title='bbox 2890 5643 2990 5698; x_wconf 79' lang='grc' dir='ltr'>Καὶ</span> <span class='ocrx_word' id='word_1_814' title='bbox 3058 5641 3217 5697; x_wconf 79' lang='grc' dir='ltr'>κακοὶ</span> <span class='ocrx_word' id='word_1_815' title='bbox 3285 5641 3374 5695; x_wconf 85' lang='grc' dir='ltr'>καὶ</span> <span class='ocrx_word' id='word_1_816' title='bbox 3431 5638 3557 5694; x_wconf 83' lang='grc' dir='ltr'>τότε</span> <span class='ocrx_word' id='word_1_817' title='bbox 3611 5639 3792 5696; x_wconf 77' lang='grc' dir='ltr'>κακῶς</span> <span class='ocrx_word' id='word_1_818' title='bbox 3844 5629 3889 5686; x_wconf 66' lang='grc' dir='ltr'><strong>οἱ</strong></span> 
     </span>
    </p>
   </div>
   <div class='ocr_carea' id='block_1_115' title="bbox 493 5724 2171 5808">
    <p class='ocr_par' dir='ltr' id='par_1_115' title="bbox 493 5731 2134 5807">
     <span class='ocr_line' id='line_1_115' title="bbox 493 5731 2134 5807; baseline 0.002 -19"><span class='ocrx_word' id='word_1_819' title='bbox 493 5731 727 5807; x_wconf 90' lang='lat' dir='ltr'><strong>gionem</strong></span> <span class='ocrx_word' id='word_1_820' title='bbox 744 5733 956 5805; x_wconf 88' lang='lat' dir='ltr'><strong>juravit</strong></span> <span class='ocrx_word' id='word_1_821' title='bbox 989 5750 1051 5789; x_wconf 90' lang='lat' dir='ltr'><strong>se</strong></span> <span class='ocrx_word' id='word_1_822' title='bbox 1080 5735 1360 5791; x_wconf 85' lang='lat' dir='ltr'><strong>ducentos</strong></span> <span class='ocrx_word' id='word_1_823' title='bbox 1390 5733 1615 5807; x_wconf 82' lang='lat' dir='ltr'><strong>argenti</strong></span> <span class='ocrx_word' id='word_1_824' title='bbox 1646 5738 1889 5792; x_wconf 86' lang='lat' dir='ltr'><strong>statores</strong></span> <span class='ocrx_word' id='word_1_825' title='bbox 1920 5733 2134 5806; x_wconf 88' lang='lat' dir='ltr'><strong>pollin-</strong></span> 
     </span>
    </p>
   </div>
   <div class='ocr_carea' id='block_1_116' title="bbox 2278 5724 3887 5808">
    <p class='ocr_par' dir='ltr' id='par_1_116' title="bbox 2278 5724 3887 5808">
     <span class='ocr_line' id='line_1_116' title="bbox 2278 5724 3887 5808; baseline -0.008 -20"><span class='ocrx_word' id='word_1_826' title='bbox 2278 5730 2472 5796; x_wconf 66' lang='grc' dir='ltr'>πλείους</span> <span class='ocrx_word' id='word_1_827' title='bbox 2529 5736 2636 5789; x_wconf 86' lang='grc' dir='ltr'><strong>τῶν</strong></span> <span class='ocrx_word' id='word_1_828' title='bbox 2696 5731 2953 5808; x_wconf 86' lang='grc' dir='ltr'>Τούρκων</span> <span class='ocrx_word' id='word_1_829' title='bbox 3012 5729 3326 5802; x_wconf 69' lang='grc' dir='ltr'>ἀπώλοντο,</span> <span class='ocrx_word' id='word_1_830' title='bbox 3360 5728 3416 5784; x_wconf 74' lang='grc' dir='ltr'>οἱ</span> <span class='ocrx_word' id='word_1_831' title='bbox 3444 5724 3502 5783; x_wconf 73' lang='grc' dir='ltr'>δὶ</span> <span class='ocrx_word' id='word_1_832' title='bbox 3542 5726 3635 5782; x_wconf 81' lang='grc' dir='ltr'>καὶ</span> <span class='ocrx_word' id='word_1_833' title='bbox 3668 5725 3887 5782; x_wconf 84' lang='grc' dir='ltr'>διασπα-</span> 
     </span>
    </p>
   </div>
  </div>
