4112 6218
301 471 418 534 781

1430 472 1531 535 DE
1574 471 1882 536 ISAACIO
1924 473 2236 537 ANGELO
2282 475 2431 538 LIB.
2475 477 2554 538 II.

3595 483 3632 543 7
3636 485 3714 544 82

302 606 487 681 ρέντες
550 603 848 675 ἐσώθησαν.
884 605 1004 662 Ἵνα
1058 602 1115 660 δὶ
1169 602 1260 659 καὶ
1308 609 1429 666 ταῖς
1461 602 1568 660 ἀπὸ
1599 608 1706 660 τῶν
1740 605 1950 681 ἐχθρῶν

2073 608 2331 665 ctoribus
2372 626 2734 677 numerasse,
2799 614 2860 667 ut
2916 612 3195 669 cadavera
3252 628 3317 669 ex
3373 615 3528 672 548
3609 631 3713 675 suo

303 695 633 771 μαρτυρίαις
690 694 753 750 τὸ
813 692 1029 763 πλῆθος
1087 695 1489 768 πιστωσώμεθα
1520 699 1625 749 τῶν
1658 696 1960 768 πεσόντων,

298 782 501 860 ἔφασκὲ
559 806 645 848 τις
681 781 1063 857 ’Ἰσμαηλίτης
1117 782 1176 845 ὅς
1230 788 1309 856 τῷ
1366 782 1600 857 πολὲμῳ
1643 784 1824 857 τούτῳ
1853 805 1959 840 πα-

300 877 693 952 ρατετυχήκει,
733 878 812 945 τῷ
871 871 1089 949 βασιλεῖ
1143 873 1434 948 προσρυεὶς
1489 872 1804 946 Ῥωμαίων,
1857 874 1958 943 τήν

299 964 508 1020 οἰκείαν
586 962 963 1036 ἐπομνύμενος
1040 962 1352 1037 θρησκείαν,
1430 958 1741 1025 διακοσίους
1797 961 1963 1037 ἀργυ-

299 1053 460 1130 ρέους
518 1050 840 1117 καταθέσθαι
900 1058 1169 1126 στατῆρας
1229 1049 1307 1113 εἷς
1362 1050 1643 1125 ἐκκόμισιν
1702 1055 1810 1105 τῶν
1876 1072 1963 1130 νεῖ

300 1147 450 1219 κρῶν
480 1140 535 1197 οἳ
583 1141 721 1196 κατά
775 1140 866 1195 τὸν
917 1146 1097 1210 κῆπον
1155 1139 1319 1195 αὐτοῦ
1378 1138 1779 1219 ἀπεσφάγησαν.
1814 1140 1881 1196 Οἱ
1913 1124 1962 1194 δ³

296 1228 607 1305 Ἀλαμανοὶ
664 1230 727 1284 τὸ
787 1228 1012 1285 Ἰκόνιον
1066 1227 1433 1303 κατασχόντες
1492 1229 1689 1284 τούτου
1749 1228 1844 1301 μὲν
1880 1227 1961 1284 ἐν·

294 1320 392 1383 τὸς
425 1320 527 1375 ούκ
554 1316 849 1389 εἰσέδυσαν,
908 1318 1044 1373 κατά
1096 1315 1153 1372 δὲ
1203 1319 1304 1388 τήν
1358 1316 1459 1388 ἔξω
1517 1314 1830 1393 λεγομένην
1862 1317 1960 1371 πό-

299 1409 392 1465 λιν
425 1407 785 1479 ηὐλίσθησαν,
844 1408 1045 1471 ἄνωθεν
1101 1408 1211 1463 τῶν
1273 1405 1544 1481 δωμάτων
1582 1406 1678 1468 τὰς
1726 1405 1957 1468 αὐλαίας

295 1498 625 1571 πήξάμενοι.
681 1497 785 1553 Καὶ
851 1494 1018 1570 μηδὲν
1070 1495 1252 1567 ἓτερον
1313 1496 1397 1552 ὅτι
1457 1497 1533 1571 μή
1587 1497 1652 1551 τὰ
1710 1499 1848 1570 πρὸς
1894 1496 1958 1551 τὸ

295 1593 399 1663 ζῇν
477 1585 759 1660 ἐπιτήδεια
832 1589 922 1642 καὶ
1000 1587 1138 1661 μόνα
1230 1587 1429 1643 ἐκεῖθεν
1507 1586 1955 1661 ἒνσκευασάμενοι

291 1682 393 1733 τοῦ
423 1678 614 1753 πρόσω
666 1676 908 1753 εἴχοντο.
968 1677 1121 1733 Κατὰ
1179 1674 1237 1732 δὲ
1287 1678 1389 1746 τὴν
1449 1670 1707 1732 ἀνάϐασιν
1749 1676 1954 1746 ταύτην

292 1765 515 1843 λέγεταί
571 1788 696 1822 τινα
752 1765 1061 1841 Ἀλαμανὸν
1147 1765 1421 1838 πελώριον
1485 1767 1547 1821 τὸ
1606 1770 1792 1840 σῶμα,
1849 1768 1949 1836 τὴν

294 1856 460 1936 ίσχὺν
516 1853 932 1933 ἀπαράμιλλον,
984 1852 1091 1911 τῶν
1150 1853 1451 1935 ὁμοφύλων
1531 1854 1619 1911 ἐπὶ
1694 1856 1952 1911 πλεῖστον

295 1946 716 2021 ἂπολειφθῆναι,
774 1944 865 1999 καὶ
961 1944 1053 1999 τὸν
1117 1944 1210 2018 μὲν
1270 1944 1574 2020 ἀνειμένοις
1627 1942 1951 2000 στέλλεσθαι

295 2034 482 2105 ποσὶν,
540 2032 600 2089 ἐκ
651 2038 751 2088 τοῦ
828 2030 1059 2108 χάλινοῦ
1131 2034 1221 2088 τὸν
1301 2032 1466 2088 ίππον
1542 2030 1833 2110 ἐφέλκοντα
1880 2036 1948 2107 τῇ

295 2122 593 2198 ὁδοιπορίᾳ
620 2124 957 2197 κεκμηκότα,
990 2126 1095 2178 τῶν
1147 2119 1194 2179 δ’
1243 2120 1293 2193 ἐξ
1336 2122 1570 2198 Ὶσμαὴλ
1597 2124 1947 2198 ἀθροισθῆναι

294 2213 426 2287 περὶ
473 2214 635 2269 αὐτὸν
697 2213 830 2287 ὑπὲρ
884 2211 1014 2274 τοὺς
1073 2213 1427 2284 πεντήκοντα,
1484 2210 1802 2286 κρατίστους
1835 2207 1949 2285 ἅμα

283 2302 495 2366 πάντας
553 2304 641 2358 καὶ
672 2304 769 2365 τάς
830 2302 1032 2364 οἲκείας
1089 2303 1263 2372 τάξεις
1320 2300 1715 2366 ἀπολιπόντας.
1749 2302 1815 2359 Οἱ
1850 2303 1945 2376 μὶν

285 2393 382 2450 οὖν
416 2395 491 2457 ὡς
524 2393 576 2456 ἐς
608 2393 883 2448 κύκλωσιν
935 2391 1093 2447 αὐτὸν
1154 2389 1501 2467 διειληφότες
1549 2391 1947 2469 περιετόξευον,

285 2487 319 2542 ὁ
347 2482 405 2540 δὲ
434 2490 515 2558 τῷ
544 2483 690 2560 εύρεῖ
736 2485 885 2539 σάκει
934 2482 1267 2555 σκεπόμενος
1344 2482 1435 2537 καὶ
1490 2486 1559 2558 τῇ
1616 2486 1723 2537 τῶν
1756 2480 1946 2538 ὅπλων

283 2573 505 2650 Οαῤῥῶν
563 2575 921 2650 στεγανότητι
980 2574 1231 2650 γεγηθὼς
1289 2572 1599 2649 ἐπορεύετο,
1658 2572 1946 2635 ἀτίνακτος

283 2664 429 2719 κατά
502 2669 696 2739 πρῶνα
882 2658 1160 2739 πρόϐολον
1232 2668 1353 2726 τοῖς
1428 2666 1525 2718 τοῦ
1601 2656 1945 2738 Βαρϐαρικοῦ

286 2752 501 2809 ἐκείνου
550 2751 826 2828 ξυλλόγου
887 2752 1139 2828 βλήμασι
1191 2751 1281 2808 καὶ
1329 2749 1403 2806 ὢν
1461 2751 1551 2808 καὶ
1611 2749 1942 2825 δεικνύμενο·

286 2846 380 2905 Ὠς
438 2840 485 2897 δ’
543 2841 760 2898 ἐκείνων
800 2862 883 2903 τις
939 2840 1176 2917 γενναῖόν
1236 2863 1291 2896 τι
1351 2837 1567 2917 δράσειν
1629 2840 1765 2916 ὑπὲρ
1815 2838 1943 2903 τοὺς

284 2931 500 2995 ἄλλους
556 2929 1023 3009 ἐπαγγειλάμενος
1083 2931 1308 2995 ἀπέθετο
1384 2930 1480 3004 μὲν
1538 2930 1600 2985 τὸ
1655 2930 1810 3002 τόξον
1868 2929 1942 2992 ὡς

284 3021 391 3077 οὐκ
448 3021 740 3095 ὀνήσιμον,
800 3021 897 3090 τὴν
958 3017 1003 3076 δ’
1062 3018 1310 3094 ἐπιμήκη
1376 3018 1647 3096 μάχαιραν
1694 3017 1941 3093 ἐξερύσας

282 3111 380 3166 καὶ
455 3110 548 3166 τὸν
596 3108 768 3166 ’ίππον
844 3109 896 3172 ἐς
969 3107 1176 3184 δρόμον
1234 3108 1376 3171 ἀνεὶς
1430 3106 1795 3189 ἀγχωμάλως
1851 3107 1942 3163 καὶ

284 3199 525 3261 ἐνώπιος
554 3197 776 3271 ἐνωπίῳ
826 3203 906 3270 τῷ
958 3196 1259 3272 Ἀλαμανῷ
1315 3192 1611 3253 ἐπεϐάλετο
1647 3197 1939 3271 μάχεσθαι,

283 3290 449 3352 αὐτὸς
513 3290 611 3363 μὲν
668 3287 767 3343 ὅσα
822 3287 914 3343 καὶ
971 3287 1273 3362 ἀκρώρειαν
1324 3287 1487 3362 θρους
1551 3287 1586 3356 ἤ
1654 3284 1941 3364 ἀνδριάντα

287 3345 530 3455 χάλκεον
561 3372 714 3433 ἔπαιε
768 3378 860 3433 τὸν
919 3345 1254 3450 Ἀλάμάνὸν,
1311 3345 1368 3431 ὁι
1399 3345 1585 3432 δὶττδ
1614 3345 1768 3456 ξίφος
1799 3397 1936 3432 σπα-
1981 3345 2023 3412 C

286 3470 526 3543 σάμενος
581 3466 784 3542 παχείᾳ
834 3467 924 3521 καὶ
982 3469 1199 3542 ἡρωϊκῇ
1262 3466 1410 3542 χειρὶ
1469 3465 1628 3542 βριθὺ
1676 3464 1767 3521 καὶ
1802 3464 1943 3543 μέγα

284 3559 381 3613 καὶ
438 3551 693 3631 στιϐαρὸν
751 3553 986 3627 πλήττει
1040 3555 1133 3609 τὸν
1192 3555 1362 3609 ἳππον
1420 3553 1768 3634 ἐπιδοχμίως
1817 3555 1941 3630 περὶ

289 3646 426 3708 τοὺς
475 3643 667 3717 πόδας,
724 3646 812 3700 καὶ
870 3645 1035 3721 ἄμφω
1092 3643 1218 3707 τοὺς
1275 3643 1643 3721 ἐμπροσθίους
1698 3645 1773 3708 ὡς
1825 3641 1943 3699 οὐδ’

286 3738 468 3813 ἀγροῦ
498 3756 580 3798 τις
611 3734 814 3813 χόρτον
870 3733 1156 3807 ἀπέτεμεν.
1211 3734 1299 3796 Ὠς
1350 3730 1397 3788 δ’
1452 3732 1541 3789 ἐπὶ
1572 3734 1704 3810 γόνυ
1734 3734 1942 3797 κλιθεὶς

2067 702 2343 758 duntaxat
2366 701 2532 758 horto
2564 703 2851 760 efferrent.
2887 704 3195 759 Alemanni
3228 721 3356 761 vero
3387 709 3578 764 Iconio
3611 725 3711 781 po-

2067 790 2159 847 titi
2190 791 2393 847 urbem
2425 792 2647 862 ingredi
2680 792 3013 858 noluerunt,
3044 794 3143 849 sed
3176 794 3235 848 in
3268 795 3432 851 tectis
3452 796 3714 855 suburhii

2069 879 2197 936 lixis
2244 880 2652 952 tabernaculis,
2713 898 2816 939 nec
2863 883 2978 939 ulla
3026 899 3085 940 re
3139 883 3251 939 alia
3284 885 3391 940 nisi
3422 888 3491 942 ad
3535 891 3711 945 vitam

2071 969 2344 1025 tuendam
2377 970 2719 1027 necessariis
2750 972 2886 1028 inde
2916 970 3129 1041 ablata,
3158 977 3410 1044 coeptum
3438 975 3549 1032 iter
3578 984 3713 1033 sunt

2069 1058 2383 1130 prosecuti.
2422 1060 2485 1115 In
2530 1060 2636 1116 hac
2666 1061 3027 1134 expeditione
3084 1063 3275 1119 ferunt
3321 1063 3711 1122 Alemannum

2066 1149 2377 1219 quemdam
2409 1164 2646 1222 corpore
2696 1150 2915 1223 ingenti
2945 1157 2999 1208 et
3025 1152 3228 1208 robore
3260 1152 3471 1210 invicto
3511 1155 3712 1226 prandi-

2066 1244 2212 1303 tum,
2254 1238 2556 1310 pupulares
2614 1256 2750 1296 suos
2781 1239 2949 1313 longo
2972 1242 3270 1299 intervallo
3302 1249 3585 1311 secutum,
3618 1262 3709 1317 pe-

2063 1325 2339 1382 detentim
2396 1327 2727 1394 incessisse,
2759 1344 2969 1401 equum
3022 1331 3342 1388 trahentem
3401 1348 3469 1389 ex
3501 1333 3711 1391 itinere

2062 1414 2393 1487 fatigatum.
2453 1415 2774 1472 Ismaelitas
2831 1433 2961 1474 vero
2992 1418 3218 1477 circiter
3264 1421 3705 1495 quinquaginta,

2063 1504 2212 1560 viros
2243 1504 2607 1574 fortissimos,
2658 1507 2780 1562 suis
2811 1507 3159 1564 stationibus
3215 1515 3487 1582 evagatos
3545 1512 3709 1570 illum

2064 1593 2316 1663 undique
2347 1593 2574 1665 sagittis
2619 1594 2873 1665 petiisse.
2904 1595 3180 1653 Craterum
3212 1615 3342 1655 eum
3377 1601 3495 1658 lato
3545 1610 3707 1661 scuto

2062 1686 2278 1739 tectum
2310 1688 2362 1739 et
2395 1682 2664 1740 ﬁrmitate
2715 1684 2965 1741 thoracis
3017 1686 3219 1742 fretum
3272 1688 3519 1746 alacrem
3578 1709 3705 1763 per-

2062 1774 2296 1841 rexisse,
2330 1771 2512 1828 nihilo
2562 1776 2747 1844 magis
2778 1774 3157 1832 Barbarorum
3192 1776 3323 1834 telis
3351 1787 3706 1840 commotum

2059 1876 2228 1932 quam
2259 1860 2310 1917 si
2334 1877 2503 1933 rupes
2559 1866 2733 1918 esset.
2766 1861 2957 1919 Unum
2996 1869 3187 1922 autem
3219 1870 3441 1924 casteria
3483 1871 3707 1940 jactan-

1982 1977 2027 2042 Β
2059 1950 2281 2019 tiorem,
2336 1949 2557 2021 ahjecto
2614 1949 2989 2020 inutiliarcu,
3021 1953 3257 2026 longum
3305 1973 3503 2014 ensem
3533 1962 3705 2016 strin-

2059 2038 2233 2105 xisse,
2265 2045 2319 2094 et
2350 2038 2640 2095 concitatu
2669 2055 2819 2111 equo
2849 2041 3114 2098 cominus
3145 2042 3311 2099 illam
3349 2054 3407 2101 ut
3438 2063 3704 2117 promon-

2060 2128 2272 2194 torium
2328 2135 2425 2185 aul
2455 2145 2661 2185 aream
2700 2129 3040 2203 columnam
3092 2132 3281 2202 gladio
3326 2138 3703 2207 percussisse,

2056 2221 2443 2277 Alemannum
2492 2235 2626 2276 vero
2683 2218 2894 2291 gladio,
2951 2221 3050 2291 qui
3108 2221 3392 2279 heroicun
3444 2226 3701 2283 dextram

2057 2310 2302 2376 deceret,
2352 2308 2550 2364 ambos
2597 2307 2909 2364 anteriores
2956 2309 3126 2380 pedes
3156 2310 3380 2368 hostilis
3411 2314 3542 2384 equi
3574 2319 3701 2371 tan-

2058 2414 2227 2469 quam
2279 2397 2433 2453 544
2475 2396 2691 2452 fmnum
2724 2401 3073 2468 amputasse.
3105 2398 3210 2462 Qui
3241 2416 3369 2456 cum
3404 2401 3462 2456 in
3514 2418 3702 2475 genua

2054 2487 2359 2558 prolapsus
2392 2485 2775 2542 nihilominus
2805 2502 3085 2544 sessorem
3117 2489 3178 2544 in
3210 2489 3349 2545 sella
3374 2491 3699 2565 sustineret,

2055 2592 2249 2633 ensem
2283 2575 2340 2631 in
2373 2575 2623 2631 medium
2675 2579 2858 2631 Persas
2907 2581 3081 2648 caput
3128 2577 3207 2633 ita
3255 2578 3583 2653 impegisse,
3638 2588 3701 2639 ut

2053 2664 2241 2737 equite
2270 2664 2329 2720 in
2360 2666 2500 2720 duas
2548 2668 2741 2734 partes
2770 2664 3019 2721 dissecto
3058 2666 3230 2723 etiam
3280 2668 3526 2738 jumenti
3579 2675 3697 2728 ter-

2054 2771 2212 2828 gum,
2269 2752 2407 2810 sella
2482 2769 2707 2825 quoque
2763 2754 3035 2821 dissecta,
3092 2756 3441 2816 vulneraret.
3508 2764 3699 2833 quue

2052 2843 2375 2916 spectaculo
2429 2842 2633 2899 Persas
2664 2842 2937 2900 attonitos
2987 2861 3105 2902 non
3143 2847 3392 2918 amplius
3436 2865 3564 2906 esse
3595 2867 3697 2908 au-

2052 2949 2149 2989 sos
2182 2948 2359 2989 unum
2390 2947 2523 2987 eum
2572 2930 2869 3002 lacessere,
2931 2934 3029 3005 qui
3060 2934 3205 2991 nihil
3263 2937 3575 2995 accelerato
3603 2939 3702 2996 iti-

2052 3039 2187 3079 nere
2240 3020 2587 3093 pedetentim
2630 3021 2851 3094 vesperi
2903 3022 2964 3079 in
3013 3028 3198 3081 castra
3246 3041 3476 3084 suorum
3508 3045 3700 3100 perve-

2050 3111 2222 3169 nerit.
2254 3111 2433 3167 Aiunt
2490 3111 2837 3177 Ismaclitas,
2896 3112 3106 3171 veritos
3135 3131 3208 3172 ne
3238 3132 3335 3172 rex
3389 3118 3448 3174 in
3480 3119 3700 3178 ditione

2051 3202 2328 3274 ipsorum,
2390 3205 2451 3255 ut
2511 3214 2651 3271 quos
2683 3200 3006 3270 devicisset,
3068 3210 3408 3275 moraretur,
3457 3208 3702 3266 simula-

2055 3290 2209 3346 tione
2240 3287 2612 3360 benignitatis
2667 3304 2799 3345 eum
2833 3289 2942 3347 sibi
2975 3291 3200 3363 placare
3245 3296 3516 3353 voluisse.
3554 3298 3699 3356 lium

2052 3394 2184 3436 vero
2213 3393 2514 3450 procerum
2575 3377 2708 3434 filiis
2742 3379 3039 3437 obsidibus
3068 3383 3318 3454 acceptis
3348 3392 3402 3442 et
3431 3385 3703 3458 plurimis

2051 3468 2319 3525 itinerum
2372 3467 2615 3524 ducibus
2643 3467 2977 3537 assumptis,
3009 3465 3085 3522 ita
3117 3468 3261 3524 fines
3300 3484 3500 3526 corum
3540 3486 3707 3544 supe-

2052 3574 2226 3614 rasse.
2270 3555 2442 3614 Paulo
2484 3572 2613 3613 vero
2646 3563 2793 3627 post,
2826 3570 2959 3612 cum
3004 3554 3284 3613 Armeniae
3318 3557 3462 3614 fines
3490 3560 3705 3631 attigis-

2053 3653 2157 3713 set,
2184 3662 2302 3701 non
2334 3660 2548 3716 paucos
2580 3643 2740 3701 exiis
2769 3643 3162 3712 obtruncasse,
3196 3653 3431 3701 ceteros
3462 3645 3700 3702 domum

2053 3751 2360 3793 remisisse.

286 3828 315 3881 ὁ
371 3823 548 3887 ἵππος
600 3820 678 3879 ἔτι
752 3824 843 3878 τὸν
902 3820 1180 3895 ἀναϐάτην
1257 3820 1596 3900 ἐρειδόμενον
1669 3825 1790 3901 εἶχε
1844 3828 1913 3899 τῇ
1986 3822 2285 3903 ἐφεστρίδι,
2343 3821 2577 3885 ἔκτείνας
2635 3823 2663 3877 ὀ
2703 3820 3014 3895 Ἀλαμανός
3088 3822 3178 3875 τὸν
3240 3821 3512 3897 βραχίονα
3565 3823 3701 3878 κατὰ

286 3915 465 3990 μέσης
519 3916 617 3984 τῆς
692 3918 789 3969 τοῦ
849 3914 1057 3988 Πέρσου
1130 3912 1334 3989 κόρσης
1391 3915 1490 3985 τὴν
1569 3915 1777 3985 σπάθην
1850 3916 2189 3991 κατήνεγκεν.
2249 3915 2313 3970 Ἠ
2372 3910 2429 3968 δὲ
2490 3916 2560 3985 τῇ
2619 3909 2792 3984 οἰκείᾳ
2844 3932 2901 3965 τε
2954 3910 3239 3981 ἀντιτυπία
3309 3911 3401 3965 καὶ
3460 3914 3528 3985 τῇ
3601 3916 3703 3967 τοῦ

291 4004 561 4080 φέροντος
632 4005 968 4078 γενναιότητι
1045 4003 1220 4065 οὕτως
1295 4000 1720 4076 ἀξιοθαύμαστόν
1777 4004 2065 4081 εἰργάσατο
2120 4005 2220 4072 τὴν
2273 4004 2451 4075 τομὴν
2529 4001 2603 4061 ὡς
2681 4000 2767 4054 τὸν
2846 4000 2941 4073 μὲν
3013 3998 3293 4074 πληγέντα
3367 3996 3704 4074 διαιρεθῆναι

280 4092 439 4163 δικ-ἧ,
496 4097 676 4155 κακῶς
735 4091 792 4148 δε
849 4093 939 4148 καὶ
994 4093 1086 4149 τὸν
1139 4093 1312 4148 ἳππον
1369 4091 1422 4156 ἐς
1466 4094 1557 4148 τὸν
1612 4098 1782 4150 νῶτον
1840 4098 2027 4157 παθεῖν
2090 4090 2414 4155 διαπτάντος
2470 4092 2570 4160 τὴν
2624 4084 2900 4163 ἀστράϐην
2938 4093 3035 4143 τοῦ
3083 4086 3438 4165 πλήγματος,
3487 4092 3617 4154 τοὺς
3648 4087 3705 4147 δὲ

284 4181 527 4245 λοιποὺς
589 4185 794 4259 Περσας
853 4182 990 4257 πρὸς
1048 4185 1147 4251 τὴν
1204 4182 1467 4252 τοιαύτην
1531 4183 1650 4246 θέαν
1706 4180 2146 4259 καταπλαγέντας
2210 4178 2404 4252 μηκέτι
2474 4177 2850 4253 ἂποθαρῥῆσαι
2908 4177 3000 4232 τὸν
3062 4180 3180 4251 μεθ’
3238 4177 3354 4241 ἐνὸς
3430 4176 3703 4251 πόλεμον.

279 4272 389 4329 Καὶ
424 4272 478 4326 οἱ
512 4272 607 4344 μὲν
637 4271 831 4342 οὕτως,
892 4271 921 4325 ὁ
982 4268 1039 4324 δὲ
1096 4270 1171 4333 ὡς
1230 4268 1370 4325 λέων
1431 4270 1707 4334 πεποιθὼς
1745 4273 1813 4342 τῇ
1870 4268 2045 4341 οἷκείᾳ
2089 4267 2249 4345 ῥώμῃ
2302 4266 2401 4321 ούκ
2439 4266 2671 4321 ἐπέτεινε
2700 4267 2801 4335 τὴν
2832 4267 3079 4340 πορείαν,
3112 4264 3258 4321 ἄλλά
3294 4263 3467 4339 βαδην
3501 4265 3703 4324 ὁδεύων

278 4361 413 4436 περὶ
475 4360 635 4435 ὀψίαν
710 4366 831 4423 τοῖς
909 4360 1194 4437 ὁμογενὲσι
1252 4362 1574 4434 προσέμιξεν
1633 4357 1757 4414 ἔνθα
1830 4357 2147 4428 ηὐλίσαντο.
2226 4357 2362 4411 Φασὶ
2424 4353 2470 4410 δ’
2529 4356 2602 4418 ὡς
2681 4356 2732 4410 οἱ
2788 4353 2839 4425 ἐξ
2916 4353 3150 4428 Ἰσμαὴλ
3229 4355 3573 4431 ὑφορώμενοι
3627 4360 3702 4432 μή

280 4471 411 4512 πως
472 4450 550 4514 είς
622 4452 723 4519 τὴν
782 4451 961 4505 αὐτῶν
1041 4450 1225 4524 χώραν
1286 4447 1371 4519 εἷή
1452 4449 1707 4524 χρονίσας
1768 4449 1796 4503 ὁ
2030 4449 2105 4512 ὡς
2177 4443 2287 4517 ἤδη
2348 4443 2759 4506 καταπαλαίσας
2818 4450 2975 4520 σφᾶς,
3027 4442 3429 4518 σιλοφροσύνην
3461 4445 3515 4507 ἐς
3544 4447 3703 4503 αὐτὸν

282 4540 688 4617 προσποιητὴν
746 4536 1112 4613 ἐνδειξάμενοι
1180 4539 1265 4613 [Ρ.
1326 4540 1453 4612 266]
1527 4534 1712 4608 ἔδοξάν
1768 4558 1885 4600 πως
1942 4537 2101 4593 αὐτὸν
2168 4534 2570 4609 ἐκμειλίξασθαι
2645 4535 2810 4588 οὕτω·
2870 4534 2961 4588 τὸν
3020 4531 3077 4588 δὲ
3142 4533 3328 4609 ὅμηρα
3394 4540 3504 4591 τῶν
3567 4534 3709 4615 μέγα

280 4631 420 4705 παρ’
454 4629 642 4693 αὐτοῖς
682 4626 991 4703 δυναμένων
1022 4628 1150 4693 τοὺς
1180 4627 1379 4693 παῖδας
1439 4626 1724 4704 δεξάμενον
1782 4628 1873 4683 καὶ
1929 4627 2209 4705 ἡγεμόνας
2268 4623 2396 4680 ὁδοῦ
2452 4620 2900 4699 προσλαϐόμενον
2956 4622 3248 4688 πλείστους
3277 4627 3346 4682 τὰ
3374 4626 3552 4684 αὐτῶν
3584 4627 3709 4704 ὅρια

283 4722 470 4779 οὕτως
504 4714 850 4793 ὑπερϐαλεῖν,
885 4717 1066 4794 ὀλίγῳ
1097 4716 1155 4773 δὲ
1184 4717 1406 4793 ὕστερον
1436 4724 1534 4789 τῆς
1585 4717 1878 4794 Ἀρμενίας
1938 4717 2214 4792 ἁψάμενον
2276 4714 2337 4771 ού
2389 4715 2616 4790 βραχεῖς
2648 4712 2709 4769 ἐκ
2734 4713 2945 4771 τούτων
2977 4711 3160 4769 δοῦναι
3191 4721 3270 4788 τῷ
3300 4716 3459 4794 ξίφει,
3494 4719 3622 4783 τούς
3652 4716 3709 4774 δὶ

290 4808 534 4869 λοιποὺς
564 4808 886 4885 ἀποπέμψαι
910 4809 1105 4867 ὀπίσω.

362 4901 435 4971 η’.
495 4898 822 4973 Φιλοτίμως
880 4896 939 4954 δὲ
1000 4899 1104 4954 ὑπὸ
1159 4902 1269 4953 τῶν
1344 4896 1650 4975 Ἀρμενίων
1715 4895 1947 4970 προσδε-

2125 4900 2180 4954 8.
2232 4898 2317 4954 Ab
2374 4897 2663 4954 Armeniis
2720 4897 3037 4958 honorifice
3092 4906 3416 4972 susceptus,
3477 4909 3532 4955 et
3586 4900 3710 4956 dies

285 4991 469 5067 χθεὶς,
543 4989 634 5045 καὶ
713 4989 912 5064 συχνὰς
987 4988 1157 5044 ἐκεῖσε
1230 4991 1442 5064 ἡμέρας
1500 4985 1949 5064 προσδιατρίψας,

285 5081 342 5142 ἐς
382 5082 486 5151 τής
538 5081 837 5158 Ἀντιόχου
894 5077 1056 5134 πόλιν
1114 5075 1347 5155 ὥρμητο
1411 5081 1775 5153 μεταχωρεῖν,
1813 5076 1951 5150 μέγα

288 5168 377 5224 ἀεὶ
445 5163 927 5245 περιϐαλλόμενος
987 5166 1159 5241 ὅνομα
1213 5167 1301 5222 ἐπὶ
1352 5187 1411 5221 τε
1468 5166 1670 5222 συνέσει
1724 5166 1816 5221 καὶ
1872 5169 1953 5237 τῷ

291 5258 715 5333 ἀκαταμαχήτῳ
774 5254 1134 5330 στρατεύματι
1190 5256 1279 5310 καὶ
1348 5252 1518 5330 μηδὲν
1577 5248 1721 5328 ἔχων
1784 5253 1952 5309 ὑπαν-

289 5348 479 5417 τιάζον
520 5344 813 5419 πολέμιον.
870 5344 1170 5418 Γενόμενος
1228 5339 1286 5399 δὶ
1335 5346 1470 5399 κατά
1525 5363 1646 5398 τινα
1706 5341 1953 5415 ποταμὸν

292 5431 361 5511 (ὥ
422 5439 531 5490 τῶν
594 5436 729 5510 ὑπὲρ
789 5431 946 5505 δόξαν
996 5433 1087 5488 καὶ
1141 5432 1391 5489 ἀέλπτων
1450 5430 1863 5507 περιπτώσεων,
1916 5430 1952 5499 ἢ

296 5524 517 5600 μᾶλλον
573 5523 745 5580 εἰπεῖν
798 5527 907 5579 τῶν
962 5520 1258 5601 ἀνεφίκτων
1319 5521 1629 5596 ἀνθρώποις
1673 5518 1954 5594 κριμάτων

294 5617 497 5689 Θεοῦι)
524 5618 643 5677 ταῖς
669 5618 779 5670 τῶν
837 5609 1047 5668 ὑδάτων
1108 5608 1277 5674 δίναις
1334 5608 1777 5688 ἐναποπνίγεται,
1818 5608 1955 5685 ἀνὴρ

296 5703 387 5761 διὰ
447 5707 676 5781 μνήμης
734 5701 953 5780 ἄγεσθαι
1011 5703 1223 5780 ἀγαθῆς
1278 5724 1337 5759 τε
1400 5701 1491 5758 καὶ
1553 5698 1838 5771 διηνεκοῦς
1867 5700 1958 5755 καὶ

300 5793 694 5871 μακαρίζεσθαι
724 5791 950 5855 δικαίως
976 5795 1075 5847 τοῦ
1102 5789 1297 5855 τέλους
1327 5791 1475 5866 παρὰ
1500 5795 1619 5853 τοῖς
1663 5787 1957 5868 ἐχέφροσιν

2059 4989 2391 5062 complures
2436 4988 2515 5045 ibi
2546 4994 2951 5061 commoratus,
2985 4991 3350 5048 Antiochiam
3383 4991 3466 5046 ire
3496 4990 3558 5044 in
3588 4989 3711 5044 ani-

2062 5095 2157 5135 mo
2188 5078 2410 5148 habuit,
2439 5086 2779 5149 augescente
2806 5078 2865 5135 in
2899 5079 3020 5135 dies
3041 5079 3167 5150 ejus
3184 5078 3364 5150 gloria
3392 5084 3446 5133 et
3477 5076 3711 5133 nomine

2062 5166 2351 5223 illustrato
2410 5175 2531 5223 tum
2588 5167 2660 5222 ob
2716 5168 3082 5238 prudentiam
3142 5174 3264 5221 tum
3297 5172 3525 5237 propter
3572 5164 3714 5221 invi-

2064 5264 2216 5314 ctum
2271 5256 2421 5313 545
2484 5255 2824 5322 exercitum,
2894 5256 3056 5311 nullo
3114 5255 3278 5311 hoste
3352 5261 3709 5311 occurrente.

2063 5345 2207 5401 Cum
2261 5352 2447 5399 autem
2483 5345 2552 5398 ad
2606 5343 2843 5399 ﬂuvium
2895 5345 3197 5415 quemdam
3255 5342 3611 5414 pervenisset
3655 5345 3713 5416 (ο

2064 5435 2386 5505 insperatos
2416 5436 2473 5487 et
2502 5432 2833 5502 inopinatos
2876 5447 3066 5499 casus,
3090 5432 3185 5511 ‘vel
3219 5432 3408 5503 potius
3452 5431 3715 5505 inexplo-

2065 5528 2193 5579 rata
2253 5520 2581 5578 hominibus
2630 5520 2731 5577 Dei
2766 5520 3011 5594 judicia)
3066 5521 3385 5579 vorticibus
3439 5537 3715 5594 aquarum

2066 5613 2399 5681 suffocatur,
2450 5609 2540 5665 vir
2595 5609 2839 5667 honesta
2867 5616 2924 5667 et
2972 5617 3247 5683 perpetua
3296 5611 3569 5669 memoria
3624 5610 3716 5668 di-

2068 5716 2238 5772 gnus,
2273 5707 2326 5755 et
2367 5696 2586 5769 judicio
2629 5700 2976 5770 prudentum
3006 5700 3093 5756 vel
3150 5699 3211 5756 in
3237 5697 3338 5756 tali
3368 5700 3523 5757 obitu
3555 5700 3715 5781 felix,

2070 5805 2190 5847 non
2217 5804 2284 5847 eo
2313 5791 2536 5844 tantum
2594 5789 2747 5860 quod
2800 5788 2983 5846 nobili
3031 5796 3193 5846 ortus
3245 5804 3457 5863 genere
3500 5790 3716 5845 avitum
