4116 6206
438 417 558 475 783

1761 409 2072 474 NICETJE
2111 411 2531 475 CHONIAT/E

3735 417 3860 474 ’784

439 517 752 618 imperium
809 543 868 598 in
899 541 1109 598 multas
1140 547 1336 613 gentes
1366 543 1635 612 obtinuit,
1689 545 1787 601 sed
1843 545 1914 600 ob
1950 543 2085 599 illud

2207 540 2374 614 ἄξιος,
2409 544 2471 598 ού
2506 545 2668 617 μόνον
2701 545 2786 600 ’ὁτι
2843 565 2942 619 περ
2999 547 3055 601 εὗ
3106 544 3227 620 εἶχε
3282 544 3473 619 γίνους
3501 543 3594 600 καὶ
3624 543 3858 600 πολλῶν

443 637 651 707 potius,
687 634 836 706 quod
870 632 1014 688 ultra
1071 649 1273 688 omnes
1301 635 1559 689 omnium
1615 633 1867 704 gentium
1927 633 2091 689 Chri-

443 726 757 780 stianarum
817 722 1112 793 principes
1189 722 1404 779 Christi
1463 723 1746 780 desiderio
1825 723 2090 794 ﬂagrans,

442 814 644 886 patria,
708 812 931 868 deliciis
991 812 1178 882 regiis,
1239 811 1670 884 tranquillitate,
1732 814 1902 868 beata
1925 811 2091 867 ‘domi

442 903 803 974 superbaque
861 918 991 960 cum
1023 901 1379 958 charissimis
1406 903 1518 957 vita
1550 903 1862 972 despectis,
1895 916 2091 957 aerum-

447 1010 609 1049 mnas
668 993 905 1049 tolerare
955 991 1184 1059 maluit,
1237 999 1290 1046 el
1322 997 1555 1063 propter
1611 985 1825 1047 Christi
1883 1007 2088 1048 nomen

445 1089 500 1140 et
523 1082 710 1138 vitalis
770 1082 1020 1153 sepulcri
1061 1081 1483 1138 venerationem
1516 1085 1743 1137 exteras
1774 1088 1955 1136 terras
1987 1097 2090 1150 pa-

446 1173 567 1227 triae
617 1172 886 1242 praetulit,
941 1171 1012 1225 ab
1061 1186 1126 1225 eo
1157 1170 1425 1226 instituto
1459 1187 1571 1226 non
1605 1175 1690 1225 tot
1728 1169 2090 1241 parasangis,

443 1277 556 1316 non
593 1268 708 1315 tam
780 1260 1094 1330 longinquo
1126 1267 1180 1313 et
1212 1258 1424 1329 ubique
1454 1258 1678 1315 difficili
1712 1259 1939 1329 itinere,
1974 1273 2090 1313 non

442 1351 737 1423 periculis,
771 1367 896 1421 quas
943 1368 974 1405 a
1005 1349 1272 1421 gentibus
1331 1366 1431 1420 per
1469 1366 1711 1420 quarum
1765 1349 2090 1421 provincias

443 1442 857 1495 transeundum
932 1448 1046 1495 erat
1119 1439 1521 1508 imminebant,
1573 1439 1898 1494 deterritus.
1964 1437 2090 1494 Non

439 1546 601 1600 aquas
659 1528 919 1598 penuria,
991 1544 1107 1583 non
1174 1528 1488 1597 praefinitus
1554 1529 1716 1600 isque
1781 1528 2091 1599 empticius

442 1622 630 1690 panis,
664 1625 720 1674 et
755 1618 970 1674 alicubi
1025 1619 1356 1684 insidiosus,
1411 1635 1539 1673 cum
1573 1619 1642 1673 ab
1690 1620 1956 1674 instituto
2003 1619 2088 1673 di-

445 1709 633 1764 movit.
662 1713 786 1765 Non
838 1708 1148 1762 liberorum
1197 1707 1499 1778 amplexus
1543 1723 1673 1762 cum
1726 1708 1991 1778 lacrymis
2038 1715 2092 1763 et

441 1802 705 1852 extremae
757 1797 1130 1852 salutationes
1182 1797 1438 1850 animum
1500 1797 1626 1866 ejus
1655 1799 2093 1852 commoverunt

441 1893 540 1942 aut
572 1888 976 1942 effeminarunt
1008 1902 1020 1938 :
1055 1886 1153 1941 sed
1198 1886 1384 1955 potius
1437 1885 1616 1940 instar
1644 1885 1801 1940 Pauli
1847 1885 2089 1956 apostoli
2120 1919 2168 1984 Β

441 1980 609 2031 vitam
649 1976 809 2046 parvi
861 1975 1014 2031 546
1070 1975 1358 2030 aestimans
1411 1974 1570 2042 abiit,
1631 1990 1748 2030 non
1807 1975 1976 2032 modo
2031 1982 2087 2030 ut

438 2065 778 2130 vinciretur,
813 2066 911 2118 sed
946 2064 1115 2118 etiam
1152 2068 1215 2118 ut
1240 2081 1340 2133 pro
1391 2063 1604 2118 Christi
1639 2065 1871 2119 nomine
1905 2080 2089 2119 more—

439 2164 611 2212 retur.
659 2156 813 2209 Adeo
865 2152 1212 2224 apostolicus
1270 2153 1376 2207 fuit
1433 2153 1592 2207 illius
1623 2153 1730 2208 viri
1772 2154 1958 2209 fervor
2035 2156 2091 2206 et

437 2243 778 2315 religiosum
806 2241 1151 2308 institutum,
1189 2241 1333 2296 nihil
1366 2258 1563 2296 eorum
1589 2242 1970 2298 sanctimonia
1998 2243 2089 2297 in-

434 2334 612 2388 ferius
665 2331 764 2404 qui
824 2336 984 2386 extra
1042 2346 1408 2386 communem
1466 2338 1681 2386 sortem
1743 2331 1914 2402 positi
1973 2338 2090 2386 tota

435 2423 802 2480 contentione
860 2421 1189 2476 animorum
1222 2421 1292 2474 ad
1352 2421 1478 2475 vitae
1529 2421 1808 2476 rationem
1849 2436 2086 2492 evange-

439 2514 562 2568 licae
605 2511 940 2569 celsitudini
982 2512 1427 2583 respondentem
1472 2513 1760 2577 ferunlur,
1800 2515 1856 2566 ct
1913 2515 2088 2568 totius

439 2601 624 2658 astatis
655 2618 822 2657 cursu
855 2617 922 2656 eo
972 2601 1187 2656 directo
1246 2617 1334 2656 res
1397 2600 1676 2656 humanas
1723 2616 1825 2672 pro
1878 2609 2086 2657 sterco-

441 2693 604 2748 ribus
635 2692 1041 2763 despexerunt.
1074 2693 1151 2744 Ao
1200 2689 1248 2745 is
1280 2689 1535 2760 quidem,
1578 2697 1635 2744 ut
1685 2689 1825 2744 mihi
1867 2705 2091 2758 persua-

441 2798 567 2837 sum
602 2789 705 2846 est,
729 2781 974 2836 feliciter
1005 2783 1092 2834 est
1122 2779 1450 2834 defunctus.
1505 2778 1682 2833 Filius
1742 2782 1934 2833 autem
1967 2781 2090 2847 ejus

441 2881 680 2942 paterno
751 2870 1078 2942 principatu
1155 2875 1422 2938 suscepto
1486 2867 1850 2924 Antiochiam
1912 2869 2086 2924 venit.

439 2961 601 3016 Unde
634 2961 692 3014 in
736 2959 1061 3014 ulteriorem
1121 2958 1484 3030 leesyriam
1546 2957 1829 3027 profectus
1887 2957 2088 3012 Laodi-

436 3067 596 3106 ceam
633 3049 918 3106 seditione
949 3047 1302 3104 laborantem
1354 3053 1411 3102 et
1438 3048 1507 3102 ad
1570 3046 1885 3102 Ismaelitas
1921 3047 2092 3102 incli-

439 3146 672 3196 nantem
755 3140 995 3210 pacavit.
1075 3143 1336 3210 Berytum
1399 3153 1625 3208 quoque
1695 3137 1851 3192 nullo
1898 3137 2090 3193 labore

435 3230 681 3299 subegit;
714 3243 884 3299 a'que
913 3227 1040 3282 aliis
1072 3226 1342 3298 plurimis
1382 3227 1635 3299 Syriacis
1678 3227 1934 3293 urbibus,
1962 3243 2083 3295 qua

2202 633 2260 688 ἐκ
2288 635 2561 710 τριγονίας
2619 643 2896 712 κατῆρχεν
2955 637 3142 704 ἐθνῶν,
3204 635 3334 692 ἀλλ’
3389 635 3472 692 ὅτι
3526 637 3733 708 καὶτῷ
3761 640 3859 690 τοῦ

2204 727 2444 798 Χριστοῦ
2498 725 2653 797 πόθῳ
2715 724 3056 800 πυρούμενος
3111 725 3243 800 ὑπὲρ
3319 725 3448 788 τοὺς
3504 721 3858 793 ὁπουδήποτε

2197 817 2306 866 τῶν
2360 813 2483 868 τότε
2543 819 2877 888 Χριστιανῶν
2971 814 3396 890 αὐτοκράτορας,
3466 811 3706 888 πατρίδα
3766 813 3858 868 καὶ

2203 899 2408 975 χλιδήν
2447 903 2722 977 βασίλειον
2782 903 2873 958 καὶ
2931 901 3242 958 ἀνάπαυλαν
3290 902 3504 958 καὶτὸν
3539 901 3685 957 οἷ’κοι
3720 902 3856 974 μετᾶ

2199 995 2313 1046 πῶν
2348 989 2622 1065 φιλτάτων
2655 987 2821 1047 ὄλϐον
2855 991 2943 1047 καί
2982 994 3073 1048 τὸν
3125 993 3466 1070 ὑπερήφανον
3514 992 3700 1066 βίοτον
3751 1012 3858 1046 πα-

2199 1083 2535 1154 ρωσάμενος,
2592 1080 2766 1137 ε’ἰλετο
2827 1087 3317 1157 συγκακουχεῖσθαι
3372 1087 3490 1142 τοῖς
3547 1083 3686 1135 κατὰ
3735 1087 3854 1135 Πα-

2199 1167 2480 1240 λαιστίνην
2513 1173 2881 1243 Χριστιανοῖς,
2940 1170 3072 1244 ὑπὶρ
3132 1174 3228 1224 τοῦ
3286 1169 3558 1242 ὀνόματος
3590 1173 3689 1224 τοῦ
3721 1169 3857 1241 Χρι-

2200 1262 2328 1312 στοῦ
2384 1259 2475 1312 καὶ
2533 1266 2632 1328 τῆς
2686 1263 2783 1314 τοῦ
2863 1260 3225 1334 ζωοπαρόχου
3275 1260 3446 1337 τάφου
3498 1266 3696 1332 τιμῆς,
3756 1259 3855 1326 τήν

2200 1344 2498 1422 ἀλλοτρίαν
2555 1355 2654 1418 τῆς
2712 1348 2916 1412 οἰκείας
2990 1349 3308 1424 προκρίνας,
3388 1347 3518 1423 μηδ’
3569 1346 3859 1422 ὑποχαλα-

2201 1437 2342 1502 σθεὶς
2374 1444 2472 1506 τῆς
2531 1439 2709 1512 ὁρμῆς
2765 1444 2881 1500 τοῖς
2943 1439 3314 1514 παρασάγγαις
3357 1445 3456 1507 τῆς
3491 1436 3734 1512 δολιχῆς
3768 1437 3859 1491 καὶ

2199 1525 2375 1596 πάσης
2415 1527 2686 1603 ἀργαλὲας
2718 1524 2846 1582 ὁδοῦ
2897 1529 2984 1582 καὶ
3045 1533 3162 1590 τοῖς
3222 1525 3281 1581 ἐκ
3334 1533 3441 1582 τῶν
3471 1525 3642 1591 savii»;
3671 1523 3860 1580 κινδύ-

2198 1637 2310 1676 νοις
2372 1613 2441 1669 δι⁹
2500 1617 2572 1670 ὧν
2628 1617 2995 1692 παρέρχεσθαι
3054 1615 3328 1690 ἤμελλεν.
3385 1613 3525 1673 Οὐδὲ
3579 1617 3640 1670 τὸ
3674 1617 3859 1670 στενὸν

2200 1703 2348 1780 ὕδωρ
2423 1707 2512 1760 καὶ
2574 1707 2602 1760 6
2665 1708 2931 1778 μετρητὸς
2991 1707 3176 1782 ἀρτὸς,
3231 1707 3320 1760 καὶ
3397 1707 3559 1767 οὗτος
3621 1705 3858 1773 ὠνητὸς,

2200 1792 2423 1869 ἐνιαχοῦ
2483 1792 2539 1849 δὲ
2594 1795 2683 1849 καὶ
2742 1791 3060 1865 ἐπίϐουλος,
3137 1795 3444 1870 ἐξέκρουσεν
3519 1794 3683 1849 αὐτὸν
3757 1800 3862 1862 τῆς

2200 1883 2530 1957 προθέσεως.
2591 1882 2729 1940 Ούδὲ
2787 1883 2987 1939 τέκνων
3039 1884 3358 1959 περιχύσεις
3417 1884 3507 1937 καὶ
3557 1878 3859 1957 περιϐολαί

2201 1975 2335 2048 μετά
2384 1973 2629 2047 δακρύων
2670 1973 2760 2028 καὶ
2811 1974 3027 2030 ὕστατοι
3086 1975 3365 2048 ἀσπασμοί
3410 1974 3508 2042 τὴν
3555 1973 3721 2027 αὐτοῦ
3752 1976 3860 2044 ψυ-

2195 2065 2303 2138 χὴν
2384 2063 2774 2139 συγκεχύκασιν
2835 2063 2869 2133 ἢ
2924 2064 3269 2134 ἐξεθτςλυνανο
3329 2062 3476 2118 ἀλλά
3548 2063 3687 2117 κατά
3761 2061 3854 2116 τὸν

2196 2151 2500 2207 ἀπόστολον
2564 2153 2780 2208 Παῦλον
2845 2155 2920 2224 μὴ
2981 2150 3126 2232 ἔχων
3187 2155 3287 2222 τήν
3347 2151 3512 2207 αὐτοῦ
3559 2152 3745 2227 ψυχήν
3773 2171 3858 2205 τιο

2198 2243 2326 2314 μίαν
2381 2248 2505 2316 παρ’
2564 2241 2760 2314 ἑαυτῷ,
2815 2242 3100 2318 ἐπορεύετο
3163 2245 3239 2315 μὴ
3301 2241 3464 2314 μόνον
3518 2238 3858 2315 δησόμενος,

2194 2329 2341 2386 ἀλλά
2396 2331 2483 2385 καὶ
2548 2331 2986 2403 ἀποθανούμενος
3046 2333 3176 2405 ὑπὲρ
3246 2336 3342 2386 τοῦ
3410 2329 3683 2403 ὀνόματος
3759 2332 3859 2383 τοῦ

2195 2424 2454 2496 Χριστοῦ.
2515 2422 2703 2481 Οὕτως
2761 2421 3126 2484 ἀποστολικὸς
3159 2423 3224 2490 ἦν
3265 2425 3360 2476 τοῦ
3395 2418 3591 2497 ἀνδρὸς
3625 2422 3652 2474 6
3686 2419 3861 2489 ζῆλος

2195 2511 2285 2565 καὶ
2343 2509 2605 2586 θεοφιλὴς
2656 2512 2684 2564 6
2747 2512 2947 2572 σκοπὸς
2998 2510 3088 2566 καὶ
3140 2513 3246 2566 τῶν
3313 2508 3622 2585 ὑπερτελῶν
3665 2510 3730 2563 τὸ
3760 2529 3860 2563 και

2194 2601 2476 2672 τόρθωμα,
2537 2601 2588 2654 οἳ
2639 2602 2774 2674 πρὸς
2832 2602 2929 2669 τὴν
2993 2601 3191 2671 ἀνάντη
3243 2598 3525 2655 πολιτείαν
3556 2607 3656 2668 τῆς
3689 2599 3862 2675 εῦαγ-

2194 2689 2419 2763 γελικῆς
2477 2690 2783 2764 ὑψηγορίας
2841 2688 2970 2744 ὅλον
3025 2691 3117 2744 τὸν
3175 2694 3301 2744 νοῦν
3359 2689 3729 2750 ἀνατείναντες
3761 2691 3858 2742 καὶ

2196 2781 2334 2852 πρὸς
2389 2779 2589 2849 ταύτην
2647 2779 2853 2849 ᾃπαντα
2923 2779 3013 2834 τὸν
3091 2776 3294 2854 δρόμον
3366 2781 3733 2840 συντείναντες
3791 2780 3861 2833 τὰ

2196 2870 2334 2924 κατά
2388 2870 2479 2923 τὸν
2544 2869 2661 2944 βίον
2722 2867 3056 2938 ἁπαξαπλῶς
3112 2869 3187 2931 ὡς
3265 2863 3512 2923 σκύϐαλα
3581 2863 3860 2943 παρεόλὲ-

2197 2961 2383 3031 ψαντο.
2446 2958 2546 3013 Καὶ
2605 2958 2633 3011 6
2697 2959 2814 3028 μὲν,
2875 2959 2949 3018 ὡς
3007 2957 3239 3030 ἐμαυτὸν
3286 2959 3480 3028 πείθω,
3517 2961 3858 3030 μακαριστοῦ

2194 3047 2464 3122 τετύχηκε
2493 3046 2706 3108 τέλους·
2741 3048 2768 3101 ὁ
2803 3044 2849 3101 δ’
2880 3045 3086 3102 ἐκείνου
3152 3047 3268 3109 υἱὸς
3319 3048 3418 3114 τὴν
3463 3049 3730 3120 πατρῴαν
3760 3047 3862 3117 ἀρ-

2197 3137 2400 3212 χηγίαν
2437 3135 2724 3210 δεξάμενος
2769 3138 2869 3205 τὴν
2919 3136 3258 3211 Ἀντιόχειαν
3303 3135 3686 3207 εἷσελήλυθεν,
3719 3135 3862 3191 iusi-

2198 3237 2284 3290 θεν
2317 3224 2360 3280 δ’
2394 3226 2689 3303 ἀφιγμένος
2743 3225 2818 3286 είς
2877 3227 2974 3294 τήν
3034 3225 3365 3301 προσωτέρω
3410 3225 3624 3296 Κοίλην
3659 3225 3858 3300 Συρίαν

433 3320 654 3392 pridem
691 3318 900 3372 Latinis
937 3321 1268 3389 paruerunt,
1329 3322 1452 3370 tum
1484 3333 1618 3371 vero
1678 3317 1748 3371 ad
1812 3316 2083 3372 Sarrace—

2205 3285 2220 3290 -
2441 3285 2450 3303 ,
2503 3285 2540 3302 ,,
2677 3285 2683 3287 .
2806 3285 2812 3286 κ
2934 3285 2944 3294 .
3079 3285 3088 3301 .
3286 3285 3295 3300 .
3582 3285 3592 3296 .
3738 3285 3748 3300 .

2197 3314 2519 3372 Λαοδίκειαν
2575 3319 2945 3387 κατεστήσατο
3010 3319 3131 3372 καθ’
3197 3318 3394 3386 ἑαυτὴν
3462 3319 3858 3386 στασιάζουσαν

435 3425 542 3464 nos
573 3407 918 3473 defecerant,
949 3405 1159 3476 potius,
1212 3413 1264 3460 et
1298 3406 1502 3475 Syrum
1565 3406 1856 3476 profectus
1905 3411 2086 3472 Acen,

435 3513 604 3568 quam
638 3496 945 3550 lsmaelitas
988 3505 1362 3566 occuparant,
1421 3495 1681 3563 obsedit;
1715 3499 1770 3550 et
1830 3494 2090 3565 pluribus

437 3586 730 3643 laboribus
762 3601 863 3658 pro
895 3584 1105 3640 Christi
1142 3585 1372 3638 nomine
1430 3585 1728 3639 exhaustis
1773 3589 2088 3639 extremum

439 3683 491 3732 et
517 3677 639 3747 ipse
670 3677 818 3730 diem
861 3673 940 3729 ibi
1001 3672 1226 3728 clausit.
1290 3673 1584 3728 Exercitus
1642 3689 1770 3728 vero
1831 3673 2088 3743 reliquus

442 3786 557 3826 non
581 3767 911 3826 consultum
945 3767 1103 3822 duxit
1134 3771 1282 3821 terra
1339 3766 1574 3820 domum
1628 3765 1860 3830 reverti,
1909 3764 2084 3833 perfi-

437 3862 544 3917 dia:
576 3872 728 3917 metu
753 3875 946 3916 earum
1005 3857 1260 3927 gentium
1317 3872 1416 3926 per
1462 3872 1607 3926 quas
1665 3854 2081 3910 transeundum

435 3959 593 4007 erat:
629 3952 726 4006 sed
785 3949 1046 4004 rotundis
1103 3947 1347 4002 navibus
1423 3943 1786 4017 pepularium
1843 3960 2080 4000 suorum

431 4058 561 4113 quas
582 4039 798 4112 Tyrum
858 4037 1204 4109 appulerant
1250 4035 1608 4101 conscensis,
1663 4034 1984 4090 incolumes
2008 4033 2078 4089 ad

433 4147 570 4186 suos
601 4130 919 4185 redierunt.

2190 3409 2279 3462 καὶ
2337 3407 2474 3482 πρὸς
2526 3406 2654 3468 τοὺς
2710 3405 2760 3476 ἓξ
2820 3405 3051 3478 Ἰσμαὴλ
3109 3405 3573 3483 μεταρρἐουσαν,
3605 3406 3698 3461 καὶ
3745 3413 3862 3476 Br;-

2195 3498 2350 3570 ρυτὸν
2411 3491 2562 3568 πόνῳ
2619 3492 2798 3550 οὐδενὶ
2855 3498 3256 3569 παρεστήσατο,
3314 3495 3406 3549 καὶ
3466 3494 3646 3557 ἄλλας
3686 3493 3860 3550 πλεί-

2195 3607 2318 3648 στας
2398 3585 2668 3659 Συριακάς
2749 3585 3064 3660 ὑπηγάγετο
3124 3583 3338 3652 πόλεις,

2197 3674 2470 3744 ὑπηκόους
2529 3673 2812 3748 πρότερον,
2870 3674 2992 3728 τότε
3051 3671 3106 3728 δὲ
3159 3673 3688 3749 προσκεχωρηκυίας
3737 3679 3852 3727 Σα-

2194 3768 2474 3838 ρακηνοῖς.
2540 3761 2720 3819 Ἀλλά
2777 3763 2866 3817 καὶ
2923 3762 3058 3817 κατά
3115 3763 3213 3829 τὴν
3283 3762 3458 3837 Τύρον
3519 3763 3837 3836 ἀφιγμένος,

2193 3853 2279 3907 καὶ
2350 3851 2727 3926 πολιορκήσας
2793 3852 2855 3906 τὸ
2919 3857 3055 3909 "Axs
3121 3851 3224 3905 ὕπὸ
3294 3857 3401 3907 τῶν
3470 3847 3826 3920 Ἰσμαηλιτῶν

2191 3944 2277 4016 [Ρ.
2311 3944 2436 4015 267]
2485 3943 2880 4016 κατεχόμενον,
2929 3942 3021 3996 καὶ
3069 3944 3316 4016 μογήσας
3363 3942 3435 4013 ἐφ’
3479 3940 3649 3993 ἱκανὸν
3686 3937 3834 4012 ῦπὶρ

2189 4036 2287 4086 τοῦ
2319 4031 2589 4104 ὀνόματος
2619 4034 2714 4085 τοῦ
2743 4035 2977 4106 Χριστοῦ
3024 4032 3110 4085 καὶ
3173 4029 3336 4092 αὐτὸς
3369 4030 3525 4086 ἐκεῖσε
3546 4029 3644 4095 τὴν
3676 4029 3843 4097 ζωὴν

2186 4119 2542 4177 καταλέλυκε.
2575 4121 2650 4176 Τὸ
2684 4117 2740 4174 δὲ
2769 4119 3113 4197 περιλειφθὲν
3145 4123 3242 4174 τοῦ
3285 4120 3680 4194 στρατεύματος
3719 4116 3858 4174 ούκο

3418 3585 3669 3646 Λατίνοις
3751 3585 3850 3657 μὲν

431 4219 506 4274 ἐτι
541 4215 630 4272 διὰ
653 4223 755 4286 τῆς
786 4216 1018 4290 ἠπείρου
1079 4211 1259 4268 θέσθαι
1314 4212 1413 4281 τήν
1471 4207 1734 4266 ἐπάνοδον
1791 4207 2130 4283 ἐδοκίμασεν,
2191 4209 2440 4265 ἀπιστίαν
2498 4210 2834 4285 κατεγνωγὸς
2873 4213 2980 4263 τῶν
3032 4207 3198 4263 ἐθνῶν
3256 4207 3327 4264 δι’
3385 4210 3459 4262 ὧν
3509 4205 3858 4283 παρώδευσι.

427 4317 642 4372 πλοίων
674 4314 718 4370 δ’
750 4314 1056 4388 εὖπορῆσαν
1119 4308 1500 4388 στρογγύλων,
1551 4309 1684 4384 ἅπερ
1744 4311 1878 4378 ἦσαν
1932 4307 1990 4363 ἐκ
2045 4312 2153 4363 τῶν
2215 4304 2513 4387 ὁμοφύλων
2555 4306 2742 4370 αὐτοῖς
2789 4306 2957 4382 γένῶν
2992 4306 3068 4367 εἷς
3100 4307 3279 4382 Τύρον
3320 4308 3674 4381 καταίροντα,
3735 4311 3858 4369 τοῖς

434 4415 617 4473 ο“ῗκαδε
646 4416 998 4483 ἀνασώζεται.

505 4509 621 4562 Hoc
666 4513 922 4577 tempore
976 4522 1088 4560 non
1144 4504 1448 4560 Alemanni
1492 4503 1768 4558 duntaxat
1817 4501 2081 4557 Sarrace-

2261 4499 2354 4570 Τῷ
2426 4501 2602 4573 καιρῷ
2677 4494 2736 4552 δὲ
2807 4496 2985 4570 τούτῷ
3045 4497 3106 4552 ού
3171 4497 3331 4571 μόνον
3370 4496 3854 4570 Ἀλαμανοὶκατά

432 4597 524 4651 nis
559 4596 652 4662 qui
690 4595 1045 4650 Palaestinam
1097 4595 1245 4650 547
1303 4598 1660 4662 occuparant
1714 4601 1767 4647 et
1816 4591 2090 4646 Hierosov

430 4686 587 4753 lyma
614 4686 924 4745 vastarent,
955 4699 1116 4736 arma
1159 4682 1514 4736 intulerunt:
1577 4681 1675 4735 sed
1724 4685 1781 4735 et
1827 4680 2078 4734 Francia:

430 4790 550 4838 rex,
615 4777 670 4827 et
746 4770 1240 4838 bipenniferorum
1311 4771 1714 4825 Britannorum
1785 4768 2078 4839 princeps,

428 4879 572 4934 quos
607 4876 758 4916 nunc
796 4859 1048 4931 lnglinos
1097 4865 1322 4927 vocant,
1391 4857 1659 4928 plurimis
1715 4856 1960 4910 navibus
2009 4872 2077 4911 ex

429 4952 622 5009 Sicilia
653 4953 709 5007 et
741 4965 836 5005 ora
869 4947 1042 5002 Italia:
1077 4946 1365 5000 maritima
1396 4947 1607 5000 coactis
1658 4949 1715 5000 et
1753 4956 2078 5000 commeatu

428 5044 908 5109 oneratIsTyrum
959 5036 1268 5109 petierunt.
1303 5035 1446 5089 Nam
1505 5050 1568 5087 ea
1618 5035 1758 5087 urbs
1817 5041 2080 5105 receptus

429 5149 626 5187 eorum
653 5136 708 5186 et
729 5131 895 5202 quasi
929 5127 1060 5182 belli
1123 5143 1218 5180 arx
1269 5129 1392 5179 erat
1443 5133 1639 5178 contra
1699 5123 2076 5190 Sarracenos;

429 5240 573 5294 quos
603 5237 735 5276 cum
777 5235 880 5274 nec
914 5217 1024 5288 ipsi
1052 5216 1190 5273 urbe
1230 5219 1432 5269 sancta
1465 5212 1675 5283 pellere
1701 5222 1956 5284 possent,
1989 5213 2079 5267 in-

428 5313 598 5366 fectis
630 5313 802 5366 rebus
823 5310 1058 5363 domum
1119 5305 1431 5362 redierunt.
1484 5309 1766 5359 Caeterum
1813 5303 2078 5367 Inglino-

432 5417 553 5454 rum
585 5415 675 5454 rex
715 5401 770 5454 in
802 5399 902 5452 illo
937 5397 1138 5452 itinere
1168 5399 1419 5465 Cyprum
1473 5394 1788 5461 occupavit,
1839 5392 2080 5463 ejusque

430 5488 730 5544 dominum
786 5505 851 5542 ac
883 5480 1071 5558 potius
1112 5486 1495 5540 inhumanum
1555 5491 1610 5538 et
1647 5481 2079 5554 implacabilem

433 5583 742 5647 tyrannum
767 5577 1050 5630 Isaacium
1073 5576 1436 5631 Comnenum
1463 5570 1748 5643 principio
1771 5571 1831 5626 in
1853 5571 2082 5628 vincula

431 5661 700 5730 conjecit,
747 5667 805 5716 et
860 5663 1034 5730 paulo
1093 5667 1224 5732 post
1263 5661 1562 5717 hominem
1607 5659 1888 5714 nefarium
1947 5661 2082 5717 inde

433 5749 752 5810 abductum
783 5747 1014 5804 cuidam
1048 5765 1148 5805 suo
1179 5748 1444 5821 populari
1483 5763 1586 5822 pro
1636 5748 1920 5819 mancipio
1967 5750 2080 5808 do-

2187 4592 2292 4642 τῶν
2322 4589 2418 4658 τήν
2477 4586 2844 4658 Παλαιστίνην
2903 4589 3284 4662 κατασχόντων
3343 4587 3435 4642 καὶ
3490 4590 3589 4656 τήν
3645 4588 3855 4661 Ἰερου-

2188 4676 2380 4747 σαλήμ
2475 4673 2922 4750 ἕκπορθησάντων
3040 4681 3370 4750 Σαρακηνῶν
3472 4675 3854 4752 ἐστράτευσαν,

2189 4764 2336 4820 ἀλλά
2376 4765 2525 4819 καὶὸ
2714 4765 2991 4842 Φραγγίας
3049 4767 3138 4820 καὶ
3198 4767 3226 4820 6
3284 4770 3394 4819 τῶν
3453 4764 3851 4842 πελεκυφόρων

2189 4853 2245 4910 δὲ
2275 4856 2566 4933 κατάρχων
2602 4858 2940 4930 Βρεττανῶν,
3000 4854 3091 4917 οὕς
3145 4860 3240 4910 νῦν
3299 4876 3458 4934 φασιν
3511 4853 3854 4930 Ἰγγλίνους,

2187 4949 2316 5006 ναῦς
2377 4943 2460 4999 ὅτι
2519 4942 2776 5006 πλείστας
2833 4943 2894 5000 ἐκ
2950 4943 3208 5008 Σικελίας
3266 4945 3355 5000 καὶ
3416 4951 3516 5014 τῆς
3569 4945 3708 4998 κατά
3749 4947 3855 5012 τήν

2189 5032 2419 5088 Ἰταλίαν
2453 5033 2685 5106 ἠπείρου
2742 5032 3064 5109 ἀγείραντες,
3145 5033 3296 5088 σίτου
3370 5054 3428 5088 τε
3502 5032 3665 5094 αὐτάς
3747 5031 3856 5104 ξμς

2187 5122 2531 5194 πλησάμενοι
2590 5124 2676 5176 καὶ
2744 5128 2852 5178 τῶν
2922 5120 3109 5177 ἄλλων
3174 5122 3502 5193 ἐπιτηδείων
3563 5121 3640 5183 εἷς
3670 5124 3852 5194 Τύρον

2189 5211 2470 5268 ἔπλευσαν·
2530 5211 2731 5282 ταύτην
2792 5212 2897 5288 γάρ
2952 5213 3049 5280 τὴν
3107 5211 3270 5268 πόλιν
3312 5214 3460 5287 εἶχον
3507 5213 3556 5266 οἱ
3590 5211 3862 5285 ἀθροιζὸ-

2191 5322 2345 5374 μενοι
2404 5300 2742 5374 ναύσταθμον
2806 5302 2893 5356 καὶ
2954 5301 3089 5376 πρὸς
3155 5303 3248 5356 τὸν
3309 5301 3447 5357 κατά
3514 5304 3856 5372 Σαρακηνῶν

2187 5391 2434 5466 πόλεμον
2494 5393 2860 5468 ὁρμητήριον.
2942 5392 3092 5461 Πλὴν
3151 5390 3266 5447 οὐδ’
3321 5394 3472 5447 οῦτοι
3531 5398 3633 5461 τῆς
3697 5391 3856 5464 ἁγίας

2187 5480 2404 5541 πόλεως
2479 5479 2726 5551 ἐξελάσαι
2805 5481 3033 5557 ἴσχυσαν
3107 5481 3234 5544 τοὺς
3292 5482 3666 5557 Σαρακηνοὺς,
3719 5478 3858 5535 ἀλλ’

2189 5570 2473 5627 ἀτέλεστον
2534 5570 2812 5645 ἀφεικότες
2870 5571 2900 5625 ὅ
2958 5571 3249 5646 προέθεντο
3325 5571 3505 5647 ἔργον,
3562 5575 3661 5626 τοῦ
3715 5570 3861 5644 πρὸς

2186 5661 2280 5723 τὰς
2350 5657 2609 5735 πατρίδας
2663 5659 2830 5716 πάλιν
2890 5661 3102 5735 ἥψαντο
3154 5658 3319 5719 πλοῦ.
3377 5661 3438 5718 Ὀ
3498 5659 3556 5716 δὲ
3622 5682 3684 5736 γε
3739 5663 3860 5714 τῶν

2191 5748 2474 5827 Ἰγγλίνων
2527 5749 2625 5827 ῥὴξ
2681 5748 2733 5804 ἰν
2790 5754 2860 5828 τῇ
2918 5751 3176 5828 ἀναγωγῇ
3233 5750 3469 5829 κατάρας
3519 5749 3600 5815 εἷς
3630 5751 3861 5838 Κύπρον
