4112 6218
312 314 429 378 785
1439 311 1540 373 DE
1581 310 1892 375 ISAACIO
1935 311 1986 372 Α

2071 310 2255 373 ιειο
2297 310 2446 372 LIB.
2492 312 2601 372 ΙΙΙ.
3611 317 3730 379 786

313 447 483 516 αὐτῆς
539 465 598 501 τε
656 440 941 514 ἒκτάτησε,
996 442 1085 499 καὶ
1142 441 1235 499 τὸν
1310 442 1511 511 ταύτης
1597 442 1875 517 τόραννον,
1929 442 1966 511 ἤ

2086 443 2261 499 navit.
2297 444 2402 499 Sed
2439 460 2573 500 cum
2623 443 2680 499 in
2741 444 3112 503 Palaestinam
3170 447 3489 519 navigaret,
3522 450 3725 510 relicto

315 534 535 610 μᾶλλον
581 533 775 597 εἷπεῖ-ι,
836 533 1200 606 ἀπάνθρωπον
1256 532 1346 587 καὶ
1407 529 1791 603 δυσμείλικτον
1846 533 1975 585 ὁκο-

2087 550 2141 586 ιη
2176 539 2357 605 Cynm
2390 535 2644 589 υκαι-εἰμι
2705 536 2955 590 insulam
3017 537 3128 592 sibi
3160 539 3495 601 vindicavit.
3530 558 3576 595 e'
3631 561 3701 597 na

313 627 564 698 θρευτὴν,
614 622 880 679 Ἰσαάέιιον
924 626 1011 676 τὸν
1073 621 1358 693 Κομνηνὸν
1410 616 1702 675 συλλαϐὼν
1754 622 1819 676 τὰ
1875 623 1969 694 μὲν

2085 623 2249 676 νὶὺυδ
2279 628 2564 677 Om'rul‘lls
2596 640 2662 677 eo
2686 626 2879 679 missis
2914 627 3237 681 neccsmria
3272 630 3402 681 inde
3434 632 3725 687 atl‘ercmta

310 718 505 787 πρῶτα
557 713 709 787 εἶχεν
767 710 818 765 ἐν
875 708 1117 783 δεσμοῖς,
1175 715 1358 786 μικρῷ
1417 708 1475 765 δὲ
1531 710 1754 783 ὕστερον
1832 709 1973 765 ἐκεῖ-

2082 713 2339 767 curabat.
2379 714 2455 767 Ex
2492 713 2799 770 Palmstina
2832 717 3140 772 discedens
3176 720 3423 775 insulam
3482 740 3582 791 pro
3614 740 3721 777 sua

311 804 399 858 θεν
462 800 750 861 ἐκτοπίσας
805 798 897 853 τὸν
952 797 1240 874 ἀλιτήριον
1298 800 1397 853 ὅσα
1467 799 1559 853 καὶ
1636 796 1972 874 ἀνδράποδόν

2080 802 2611 874 Hierosolymitano
2645 808 2761 875 regi
2795 804 3052 874 donavit,
3090 814 3153 861 ut
3185 809 3261 861 ibi
3296 813 3515 865 amisso
3550 828 3723 881 regno

310 911 423 946 τινι
473 895 580 945 τῶν
629 887 1005 966 ὁμογλώττων
1061 887 1458 963 ἀπεχσρίσατο.
1512 888 1614 945 Καὶ
1661 887 1821 949 αὐτὸς
1873 890 1967 961 μὲν

2080 889 2396 956 habitaret,
2450 889 2584 946 belli
2666 896 2949 947 molestiis
3030 893 3333 966 liberatus,
3419 904 3477 953 et
3541 903 3723 972 Cypro

312 981 393 1044 εἲς
426 977 802 1047 Παλαιστίνην
849 975 1233 1042 κατέπλευσεν,
1280 975 1334 1032 ἐν
1385 974 1443 1032 δὲ
1490 982 1559 1051 τῇ
1618 977 1822 1050 Κύπρῳ
1871 998 1965 1032 κα-

2078 978 2391 1049 imperaret
2423 986 2487 1034 ut
2515 1000 2544 1033 a
2576 997 2639 1036 se
2670 982 2972 1038 Dominico
3031 985 3297 1056 sepulcro
3347 988 3637 1043 attributae
3668 996 3726 1044 et

306 1069 570 1144 ταλείψας
647 1067 951 1142 στράτευμα
1027 1067 1103 1129 ὡς
1181 1065 1383 1128 οἰκείας
1457 1064 1566 1136 ἤδη
1641 1069 1741 1131 τῆς
1797 1068 1966 1138 νήσου

2080 1083 2215 1123 cum
2249 1068 2569 1125 Palaestinae
2602 1070 2820 1127 ﬁnibus
2881 1074 3226 1144 conjunctis.
3260 1075 3371 1132 Sed
3406 1077 3528 1132 haec
3578 1077 3725 1134 hac-

310 1161 677 1225 ἀντεποιεῖτο,
709 1156 797 1211 καὶ
851 1153 1097 1211 στέλλων
1150 1155 1226 1216 εἷς
1273 1157 1374 1225 τήν
1428 1162 1593 1225 νῆσον
1646 1161 1776 1224 νῆας
1828 1174 1965 1233 φορ-
2077 1160 2272 1213 tenus,

300 1246 595 1325 ταγωγοὺς
650 1248 717 1301 τὰ
772 1246 908 1318 πρὸς
963 1245 1027 1301 τὸ
1087 1248 1184 1315 ζῆν
1246 1244 1443 1300 ἐκεῖθεν
1505 1242 1849 1323 ἐφορολόγει.
1911 1245 1998 1301 Ἐν
2058 1241 2116 1299 δὶ
2172 1249 2252 1317 τῷ
2311 1245 2663 1320 μεθίστασθαι
2720 1254 2822 1316 τῆς
2905 1248 3271 1321 Παλαιστίνης
3329 1253 3404 1317 ὡς
3460 1253 3714 1330 σφετέραν

304 1338 626 1414 ἐδωρήσατο
668 1336 857 1411 χώραν
904 1337 1004 1407 τὴν
1054 1334 1276 1410 Κύπρον
1320 1340 1401 1405 τῷ
1449 1339 1556 1390 τῶν
1588 1333 1983 1411 Ἱεροσολύμων
2061 1337 2297 1410 ἡγήτορι
2372 1335 2525 1413 ρηγὶ,
2595 1336 2687 1391 ⁹ίνα
2760 1340 2857 1402 τὰς
2933 1339 3134 1403 οἰκείας
3211 1349 3427 1397 ποιοῖτο
3507 1342 3722 1419 διατρι-

305 1424 410 1491 ϐὰς
468 1429 654 1495 ἐκεῖσε,
709 1424 1009 1500 ἐκεχειρίαν
1067 1423 1184 1498 ἄγω
1243 1423 1303 1479 ἐκ
1355 1421 1462 1479 τῶν
1517 1422 1786 1499 πολέμων
1848 1425 1937 1478 οἷα
1991 1425 2090 1493 τὴν
2152 1424 2357 1479 οἰκείαν
2413 1427 2591 1500 ἀρχήν
2648 1423 3088 1501 ἀποϐαλόμενος,
3144 1431 3231 1485 καὶ
3293 1433 3545 1511 κατάρχῃ
3622 1439 3722 1502 τῆς

301 1516 563 1591 Κυπρίων
638 1513 714 1577 ὡς
789 1514 877 1567 ὑπ’
949 1510 1156 1568 ἐκείνου
1228 1517 1306 1585 τῷ
1382 1517 1634 1586 Κυριακῷ
1705 1510 2233 1589 προσκληρωθείσης
2312 1516 2557 1588 μνήματι
2634 1515 2723 1570 καὶ
2800 1519 3157 1594 συναφθείσης
3231 1527 3349 1584 τοῖς
3423 1530 3523 1593 τῆς
3604 1530 3713 1579 [ια.

303 1604 591 1674 λαιστίνης
622 1602 901 1677 ὁρίσμασι.
946 1600 1044 1658 Καὶ
1073 1605 1241 1657 ταῦτα
1273 1602 1367 1676 μὲν
1401 1602 1628 1660 οὑτωσί.

1701 1911 2131 2010 ΤΟΜΟΣ
2212 1914 2281 2009 Γ

1272 2132 1409 2187 ΤΗΣ
1450 2131 1833 2187 ΒΑΣΙΛΕΙΑΣ
1875 2129 2208 2183 ΙΣΔΔΚΙΟΥ
2245 2128 2383 2184 ΤΟΥ
2418 2129 2756 2186 ΑΓΓΕΛΟΥ.

1228 2408 1705 2508 IMPERII
1799 2408 2250 2503 ISAACII
2342 2408 2808 2506 ANGELI

1717 2617 1925 2673 LIBER
1965 2616 2260 2673 TERTIUS

363 2971 454 3046 [P.
487 2968 616 3041 268]
658 2966 725 3023 α’.
802 2965 845 3023 0
906 2961 963 3018 δὲ
1024 2959 1291 3038 βασιλεὺς
1339 2957 1607 3021 Ἰσαάκιος
1666 2957 1757 3013 ἐπὶ
1809 2955 1990 3034 τρισὶ]

2134 2957 2286 3015 548
2322 2959 2369 3014 1.
2403 2959 2663 3016 Isaaciue
2695 2966 2881 3016 autem
2913 2958 3228 3031 imperator
3249 2961 3442 3018 tribus
3474 2978 3544 3018 ex
3574 2980 3643 3035 pr
3718 2980 3739 3018 ι

287 3058 444 3115 παισῖ
478 3058 578 3127 τὴν
609 3059 708 3112 τοῦ
758 3052 948 3131 γὲνους
992 3051 1236 3108 σαλεύων
1291 3047 1583 3126 διαδοχὴν,
1638 3048 1692 3103 οἳ
1741 3046 1802 3103 ἐκ
1847 3051 1956 3103 τῶν

2071 3064 2132 3104 re
2162 3048 2411 3121 conjuge
2441 3048 2640 3105 liberis
2671 3049 3233 3120 susceptis,ﬁliabus
3259 3051 3488 3108 duabus
3510 3057 3569 3109 et
3599 3069 3719 3108 uno

289 3146 577 3224 προτίρων
635 3143 785 3216 αὗτῷ
868 3144 1062 3217 γάμων
1144 3142 1455 3216 γεγένηντο,
1516 3136 1635 3224 δυσὶ
1696 3138 1790 3211 μὲν
1849 3148 1953 3207 οη-

296 3222 500 3307 λείαις,
531 3234 609 3291 ἐνὶ
642 3231 699 3289 δὲ
728 3233 933 3310 ἄῤῥενι,
968 3235 1075 3286 τῶν
1118 3232 1212 3303 μὶν
1266 3231 1366 3299 τὴν
1414 3222 1777 3303 πρεσϐυτέραν
1824 3225 1961 3281 κατὰ

294 3328 394 3385 τὸν
426 3326 626 3401 χρόνον
660 3323 736 3384 εἰς
768 3322 1018 3396 μοναγήν
1046 3319 1294 3388 ἀπέταξε,
1343 3316 1432 3372 καὶ
1479 3316 1570 3371 τὸν
1618 3319 1714 3370 τοῦ
1764 3316 1958 3372 Ἰωαν-

294 3416 455 3485 νίτζη
500 3412 794 3489 λεγόμενον
845 3411 998 3466 οἷκον
1058 3408 1134 3471 εἷς
1190 3411 1497 3483 γυναικεῖον
1562 3405 1961 3479 μετασκευάσας

299 3501 544 3565 πολλοῖς
594 3499 920 3574 ἀναλώμασι
977 3499 1391 3579 φροντιστήριον
1450 3498 1630 3568 (τοῦτο
1690 3489 1747 3547 δὲ
1802 3491 1890 3546 καὶ
1922 3495 1956 3563 ἡ

305 3589 530 3669 βασιλὶς
595 3592 742 3661 Ξὲνη
810 3593 989 3644 ποιεῖν
1055 3582 1351 3642 ἐπεϐάλετο
1421 3584 1557 3658 μετὰ
1627 3582 1795 3669 μόρον
1861 3585 1958 3637 τοῦ

298 3668 510 3750 ταύτης
539 3678 793 3753 ξυνεόνου
822 3678 911 3733 καὶ
966 3674 1240 3751 βασιλέως
1285 3677 1381 3729 τοῦ
1429 3668 1721 3744 Κομνηνοῦ
1768 3671 1959 3742 κυρίου

294 3771 596 3842 Μανουὴλ)
637 3766 805 3838 αὐτὴν
834 3765 1005 3822 ἐκεῖσε
1051 3764 1127 3827 ὦς
1167 3760 1380 3837 ἀμνάδα
1434 3765 1514 3834 τῷ
1564 3766 1680 3834 Θεῷ
1728 3761 1958 3835 ἱερώσας

295 3856 653 3936 ἔμάνδρευσε,
710 3858 934 3931 Θατᾶραν
995 3853 1054 3910 δὲ
1111 3853 1189 3916 είς
1248 3857 1475 3928 γυναῖκα
1528 3850 1782 3927 πέπομφε
1852 3870 1957 3923 γα-

298 3949 475 4026 μετὴν
504 3952 586 4020 τῷ
639 3947 744 4019 υἱῷ
792 3950 889 4001 τοῦ
933 3945 1099 4022 ῥηγὸς
1152 3940 1409 4003 Σικελίας
1462 3944 1561 3995 τοῦ
1616 3939 1844 4015 Ταγκρέ,
1900 3938 1960 3999 ὅς

291 4040 432 4115 ἦρξε
495 4035 631 4110 μετὰ
684 4032 985 4107 Γιλίελμον
1041 4032 1133 4088 τὸν
1212 4032 1350 4086 κατὰ
1424 4028 1711 4103 Ῥωμαίων
1759 4026 1960 4102 ἄραντα

291 4125 548 4199 πόλεμον
601 4123 651 4199 ἐξ
696 4124 927 4201 ἠπείρου
976 4144 1037 4179 τε
1084 4122 1173 4177 καὶ
1233 4120 1534 4191 θαλάσσης,
1592 4118 1666 4180 ὡς
1725 4117 1957 4197 φθάσαν-

290 4236 391 4277 τες
429 4216 836 4291 ἱστορήκαμεν.
869 4212 971 4272 Τὸν
1005 4209 1063 4267 δὲ
1093 4212 1208 4267 υἱὸν
1242 4208 1489 4283 Ἀλεξιον
1527 4215 1627 4278 τῆς
1680 4204 1959 4281 βασιλείας

2075 3136 2217 3203 ﬁlio,
2254 3137 2429 3193 tiliam
2463 3143 2606 3194 natu
2640 3139 2918 3209 majorem
2952 3141 3302 3195 monacham
3336 3140 3716 3209 fecit,Joban-

2069 3225 2207 3281 nizas
2223 3227 2448 3282 adibus
2475 3228 2707 3300 magnis
2729 3227 3087 3301 impensisin
3122 3227 3415 3285 muliebre
3431 3237 3697 3288 monaste
3730 3259 3753 3271 -

2072 3314 2220 3370 rium
2238 3314 2478 3370 mutatis
2492 3316 2665 3386 (quod
2684 3315 3263 3387 etXeneimperalrix
3279 3329 3402 3389 post
3426 3318 3712 3377 Manuelis

2070 3404 2262 3459 mariti
2323 3403 2547 3459 obitum
2608 3404 2991 3476 instituerat),
3024 3410 3081 3460 et
3136 3405 3252 3462 Deo
3295 3406 3471 3463 veluti
3498 3424 3713 3480 agnam

2070 3493 2466 3559 consecravit;
2521 3492 2765 3548 alteram
2826 3493 3033 3550 Siciliaa
3091 3495 3244 3566 regis
3299 3497 3544 3569 Tangris
3594 3497 3711 3554 filio

2073 3596 2312 3637 uxorem
2347 3581 2528 3648 misit,
2561 3582 2659 3653 qui
2693 3587 2825 3655 post
2854 3582 3188 3639 Gilielmum
3221 3586 3506 3656 regnavit,
3538 3601 3713 3656 quem

2070 3670 2359 3727 Romanos
2378 3675 2533 3726 terra
2562 3672 2824 3744 marique
2853 3688 3221 3744 oppugnasse
3252 3689 3432 3744 supra
3464 3675 3722 3731 narravi-

2070 3775 2228 3816 mus.
2252 3759 2460 3815 Filium
2494 3775 2627 3815 vero
2658 3760 2811 3818 549
2844 3760 3109 3817 Alexium
3165 3760 3224 3815 in
3258 3777 3422 3832 spem
3478 3761 3711 3833 imperii

2070 3856 2382 3926 educabat,
2424 3857 2571 3913 nihil
2611 3858 2682 3913 de
2730 3863 2916 3913 morte
2967 3862 3068 3914 aut
3115 3858 3352 3929 jactura
3410 3861 3718 3930 potestatis

2071 3945 2261 4002 adhuc
2318 3945 2602 4019 cogitans.
2660 3946 3051 4004 Pollicebatur
3108 3947 3266 4003 enim
3323 3947 3435 4003 sibi
3498 3949 3718 4022 absque

2072 4034 2230 4089 omni
2256 4034 2624 4091 dubitatione
2652 4034 2767 4090 duo
2824 4039 2881 4091 et
2930 4034 3172 4107 triginta
3216 4051 3403 4093 annos
3459 4037 3715 4110 imperii,

2074 4138 2190 4178 non
2222 4138 2390 4179 secus
2406 4139 2473 4179 ac
2503 4123 2553 4179 si
2582 4123 2840 4180 divinam
2874 4122 3236 4180 voluntatem
3263 4130 3463 4181 nosset
3478 4131 3580 4182 aut
3602 4127 3716 4183 sibi

2070 4210 2197 4266 vius
2236 4210 2457 4268 limites
2495 4212 2621 4283 ipse
2679 4213 3052 4285 praescribere
3100 4218 3321 4285 posset,
3353 4216 3508 4285 quod
3565 4220 3714 4273 Deus

288 4283 653 4381 κληρονόμον
687 4283 957 4381 ἀνέτρεφε,
1007 4301 1104 4357 κᾶν
1148 4298 1365 4356 οὗδέπω
1399 4300 1463 4355 τὸ
1504 4302 1600 4352 τοῦ
1640 4296 1765 4372 βίου
1813 4316 1954 4372 φαν-
1986 4299 1990 4336 ¹

2071 4300 2341 4373 polentia:
2367 4317 2488 4356 suis
2519 4283 2851 4359 reservavit.

293 4395 603 4470 ταζόμενος
660 4394 826 4470 πέρας
885 4394 922 4463 ἤ
983 4390 1248 4447 ἔκπτωσιν
1308 4396 1409 4459 τῆς
1470 4386 1781 4448 δυναστείας
1842 4385 2200 4462 ὑφορώμενος
2258 4386 2354 4444 δύο
2409 4388 2501 4446 καὶ
2585 4390 2875 4464 τριάκοντα
2948 4388 3183 4466 χρόνους
3262 4388 3437 4466 ἄρξειν
3505 4390 3719 4449 ἁδιστά-

297 4506 452 4547 κτως
483 4481 917 4560 ἐχρησμολόγει,
949 4479 1131 4556 ὥσπερ
1179 4481 1243 4536 τὸ
1300 4481 1441 4535 θεῖον
1496 4472 1766 4552 προειδὼς
1825 4472 2085 4550 βούλημα
2138 4476 2175 4548 ἢ
2232 4478 2361 4541 τοὺς
2412 4478 2574 4554 ὅρους
2631 4479 2856 4550 πήσσων
2915 4481 3093 4554 ἑαυτῷ
3146 4482 3247 4551 τῆς
3308 4486 3476 4552 ζωῆς,
3535 4481 3627 4547 οὕς
3687 4483 3716 4538 ὁ

296 4574 432 4636 Θεὸς
469 4568 618 4629 ἔθετο
639 4572 786 4647 παρὰ
815 4576 883 4647 τῇ
913 4570 1028 4644 ἰδίᾳ
1055 4569 1287 4644 ἐξουσίᾳ.

372 4664 458 4721 Οὐ
493 4663 659 4738 μόνον
693 4661 750 4719 δὲ
781 4664 809 4718 ὁ
864 4666 1070 4734 Βρανᾶς
1110 4659 1359 4730 ’Δλὲξιος
1398 4655 1488 4712 καὶ
1532 4658 1561 4712 ὁ
1602 4653 1776 4716 Λυδὸς
1826 4654 1957 4711 Θεό-

297 4750 482 4829 δωρος
512 4753 649 4807 κατὰ
696 4756 795 4807 τοῦ
858 4749 1128 4827 βασιλέως
1186 4748 1385 4804 τούτου
1442 4746 1768 4819 πτερνισμὸν
1828 4742 1956 4816 ἐμε-

294 4841 563 4918 γάλυναν,
597 4839 744 4896 ἀλλά
767 4862 828 4917 γε
856 4841 944 4896 καί
974 4836 1149 4915 ἕτεροι
1213 4834 1494 4913 βασιλείας
1544 4836 1755 4895 ἑαυτοῖς
1805 4846 1960 4909 περι-

299 4932 602 4988 τεθείκασιν
634 4926 830 5004 ὄνομα.
877 4929 1083 4985 Αὐτίκα
1122 4930 1206 5002 [Ρ.
1254 4927 1383 5000 269]
1433 4925 1535 5000 γάρ
1583 4945 1667 4988 τις
1714 4921 1958 4994 Ἀλέξιος

301 5021 495 5077 ῑαυτὸν
527 5019 703 5095 λέγων
748 5022 884 5075 εἶναι
925 5019 1041 5073 υἱὸν
1094 5020 1193 5072 τοῖ’)
1252 5019 1359 5071 τῶν
1419 5013 1708 5087 Ῥωμαίων
1754 5012 1958 5087 αὐταρ-

299 5113 581 5188 χήσαντος
658 5111 953 5183 Κομνηνοῦ
1027 5102 1317 5176 Μανουήλ,
1391 5107 1648 5159 τοσοῦτον
1722 5099 1957 5178 ἂρίστως

296 5204 394 5258 τὸν
443 5201 746 5276 ἀγωνιστὴν
802 5195 967 5254 ὑπέδυ
995 5201 1093 5252 τοῦ
1141 5192 1417 5271 δράματος
1465 5193 1556 5249 καὶ
1602 5192 1664 5248 τὸ
1711 5195 1808 5247 τοῦ
1855 5192 1957 5268 βα-

300 5288 504 5353 σιλέως
570 5289 820 5361 Ἀλεξίου
904 5289 1248 5362 προσωπεῖον
1325 5284 1539 5359 εὐφυῶς
1616 5283 1955 5357 ὑπεκρίνατο,

297 5382 376 5443 ὡς
416 5380 507 5434 καὶ
559 5379 740 5455 κόμην
803 5375 1146 5445 διευθετίζειν
1205 5375 1344 5429 κατὰ
1395 5374 1495 5443 τήν
1557 5371 1761 5428 ἐκείνου
1820 5371 1956 5427 ὐπο-

298 5469 652 5543 ξανθίζουσαν
696 5469 787 5524 καὶ
843 5469 935 5522 τὸν
983 5472 1082 5536 τῆς
1141 5464 1397 5544 γλώττης
1463 5467 1559 5520 τοῦ
1620 5460 1816 5526 παιδός
1868 5460 1957 5518 καί

304 5558 581 5638 βασιλέως
623 5556 1057 5637 σχηματίζεσθαι
1106 5552 1446 5631 ψελλοσμόν.
1503 5554 1602 5610 ἘΙ
1655 5560 1756 5624 τῆς
1803 5556 1954 5611 Κων-

303 5653 586 5712 σταντίνου
643 5654 737 5729 μὶν
792 5651 886 5707 οὖν
947 5647 1178 5726 ὢρμητο
1244 5648 1272 5703 ὁ
1336 5647 1545 5725 μεῖραξ,
1612 5645 1690 5709 εἰς
1747 5643 1805 5703 δὲ
1864 5647 1955 5712 τὰς

2139 4658 2419 4717 Craterum
2454 4678 2569 4718 non
2583 4666 2807 4719 Branas
2833 4661 3069 4719 Alexius
3087 4666 3146 4720 et
3163 4664 3271 4736 Lyd
3283 4680 3350 4720 us
3370 4663 3717 4722 Theodorus

2067 4748 2350 4807 duntaxat
2376 4750 2727 4823 insigniaim
2738 4753 2879 4825 perii
2904 4756 3104 4809 contra
3134 4752 3291 4809 hunc
3323 4759 3712 4827 usurparunt,

2067 4840 2165 4894 sed
2200 4844 2256 4895 et
2286 4840 2381 4894 alii
2415 4842 2544 4912 ejus
2577 4842 2795 4916 fastigii
2825 4842 3030 4900 titulos
3060 4842 3172 4898 sibi
3221 4842 3593 4899 vindicarunt
3652 4848 3715 4899 ut

2066 4933 2123 4984 et
2153 4929 2387 4986 Alexius
2418 4930 2678 5003 quidam,
2724 4932 2821 5005 qui
2856 4948 2989 4988 cum
3024 4946 3085 4986 se
3117 4930 3409 4988 Manuelis
3459 4931 3707 5001 impera-

2065 5021 2210 5076 toris
2242 5020 2426 5078 {llium
2448 5023 2837 5094 proﬁteretur,
2856 5038 2983 5078 eam
3018 5023 3273 5078 fabulam
3299 5024 3458 5077 tanta
3473 5020 3712 5076 solertia

2067 5109 2340 5181 egit,eam
2373 5126 2684 5182 personam
2701 5116 2864 5167 tanta
2894 5110 3233 5166 dexteritate
3251 5108 3711 5181 repraesentavit,

2066 5204 2129 5254 ut
2159 5203 2215 5254 et
2243 5215 2471 5255 comam
2500 5202 2629 5271 ejus
2689 5199 3092 5255 ﬂavescentem
3127 5202 3184 5253 et
3239 5197 3451 5269 linguae
3509 5197 3713 5255 balbu-

2065 5287 2205 5343 tiem
2238 5288 2607 5362 exprimeret.
2642 5288 2827 5345 Natus
2876 5291 2998 5342 erat
3046 5286 3096 5343 is
3143 5285 3481 5342 adolescens
3522 5288 3703 5359 Cpoli,

2066 5382 2123 5432 et
2175 5376 2428 5448 primum
2478 5377 2538 5432 in
2598 5374 2931 5433 Meandriis
2991 5374 3236 5431 urbibus
3267 5377 3616 5446 conspectus
3648 5375 3707 5431 in

2064 5465 2413 5539 oppidulum
2448 5465 2678 5522 Armala
2712 5481 2774 5521 se
2802 5462 3070 5534 contulit,
3102 5467 3158 5519 et
3218 5463 3416 5520 Latino
3446 5464 3709 5533 cuidam,

2065 5557 2126 5613 in
2157 5557 2328 5629 cujus
2379 5557 2599 5613 sedibus
2631 5555 3054 5623 diversabatur,
3088 5555 3222 5626 quis
3278 5560 3426 5612 esset
3456 5556 3707 5627 aperuit.

2064 5648 2262 5706 Aiebat
2318 5647 2395 5721 (id
2457 5646 2610 5718 quod
2666 5660 2845 5719 supra
2901 5642 3299 5718 exposuimus)
3357 5661 3421 5703 se
3458 5647 3699 5718 quidem
