4112 6218
448 281 564 342 787
1765 273 2072 337 NICETE
2111 272 2538 336 CHONIATIE
3747 272 3852 335 788

443 413 620 484 jussu
652 409 970 469 Andronici
1029 409 1086 464 in
1151 408 1395 464 fundum
1458 407 1640 464 maris
1699 405 2092 479 abjiciendum

2209 404 2341 459 κατὰ
2394 401 2706 479 Μαίανδρον
2761 402 2950 465 πόλεις
3007 403 3240 480 πρώτως
3321 402 3498 467 ὐσθεῖς
3569 403 3843 461 κατέλυσεν

455 503 660 570 fuisse,
703 503 805 558 sed
868 498 1269 555 misericordia
1329 498 1488 554 550
1547 495 2101 568 ministrorum,qui

2209 493 2284 556 εἷς
2330 495 2624 570 πολίχνιον
2677 491 2976 569 λεγόμενον
3026 492 3307 568 Ἀρμαλα,
3338 557 3346 564 ,
3375 493 3599 548 κάκεῖσε
3657 496 3851 569 Λατίνῳ

455 592 609 666 patri
642 589 1158 662 suojurejurando
1189 588 1453 644 obstricli
1485 589 1758 657 fuissent,
1789 603 1919 643 esse
1967 603 2101 641 con-

455 685 767 749 servatum,
799 683 856 734 et
885 695 1020 736 cum
1081 677 1315 748 hospite
1348 694 1454 733 suo
1486 677 1751 734 Iconium
1803 677 2101 749 profectus

458 785 656 826 senem
706 768 1007 825 sultanum
1041 768 1324 839 (nondum
1383 767 1534 822 enim
1567 783 1600 822 a
1657 765 1776 822 ﬁlio
1826 765 2104 836 Copatino

457 874 635 932 regno
668 857 873 931 pulsus
901 858 1049 930 erat)
1077 858 1277 923 adil,et
1307 861 1370 912 ut
1400 872 1575 913 verus
1607 854 1764 911 ﬁlius
1793 853 2102 923 Manuelis,

457 967 573 1006 non
633 955 699 1004 ut
728 949 1014 1021 impostor
1043 951 1102 1004 et
1146 963 1298 1013 erro,
1333 946 1671 1019 alloquitur.
1725 949 1884 1016 Saepe
1929 943 2102 1000 etiam

457 1045 701 1112 paterna
752 1037 1035 1094 beneficia
1109 1035 1533 1108 exprobrando,
1595 1035 1991 1090 immemorem
2049 1036 2105 1088 et

460 1130 752 1201 ingra’lum
784 1131 992 1194 vocat;
1025 1130 1082 1182 et
1109 1126 1601 1180 inhumanitatem
1635 1123 1686 1178 ei
1717 1123 2102 1195 objicit,quod

460 1216 788 1272 calamitate
817 1215 990 1270 amici
1024 1213 1125 1269 ﬁlii
1157 1214 1300 1268 nihil
1337 1217 1684 1267 moveretur.
1717 1215 1771 1269 Is
1811 1227 1939 1265 vero
1972 1225 2102 1266 cum

459 1306 827 1378 impudentia
883 1303 1142 1360 hominis
1184 1305 1388 1368 \ictus,
1423 1309 1545 1356 tum
1607 1319 1673 1356 ex
1731 1301 2104 1356 lineamentis

461 1396 739 1464 corporis,
773 1398 1090 1466 apparente
1123 1393 1305 1464 patris
1335 1392 1392 1446 in
1424 1409 1491 1447 eo
1551 1389 1963 1457 similitudine,
2000 1393 2102 1444 mi-

463 1483 781 1542 sericordia
819 1487 1014 1537 motus
1065 1495 1196 1536 eum
1230 1485 1286 1536 et
1343 1480 1685 1535 muneribus
1741 1495 1855 1534 non
1907 1477 2103 1548 paucis

462 1572 751 1629 exbilarat
771 1573 829 1625 et
858 1585 961 1640 spe
992 1569 1146 1624 bona
1171 1569 1338 1624 fovet.
1367 1569 1510 1623 Cum
1543 1577 1736 1623 autem
1761 1564 2100 1638 aliquando,

461 1662 653 1733 legato
686 1659 948 1715 Romano
995 1665 1222 1714 aslante
1283 1661 1341 1714 et
1397 1657 1694 1726 audiente,
1724 1655 2098 1712 excellentem

464 1765 633 1808 suam
667 1747 1030 1804 nobilitatem
1056 1746 1602 1817 jactaret,sultanns
1630 1745 1889 1820 legatum
1922 1745 2099 1800 inter-

2205 583 2308 636 τινὶ
2361 581 2702 651 ἐπιξενωθεὶς
2759 584 2846 638 καὶ
2903 581 3050 644 ὅστις
3109 581 3192 653 εἲη
3254 579 3628 658 ἀπηγγελκὼς
3689 581 3852 658 (ἔλεγε

2209 667 2286 741 δὲ,
2347 671 2422 734 ὡς
2479 671 2672 748 μικρὸν
2732 672 3044 746 εἰρήκειμεν
3103 670 3327 742 ἀνωθεν,
3385 671 3475 726 καὶ
3568 667 3848 740 ἐκδοθῆναι

2212 763 2306 834 μὶν
2337 759 2412 823 εἷς
2452 761 2513 816 τὸ
2559 762 2696 816 κατά
2751 761 2916 836 βυθοῦ
2966 760 3242 832 θαλάσσης
3289 761 3680 830 ἀκοντισθῆναι
3736 763 3853 838 παρ’

2207 847 2576 925 ’Δνδρονίκου,
2636 850 3043 925 οἷκτειρηθῆναι
3103 849 3160 905 δὲ
3217 851 3362 926 παρά
3415 854 3525 906 τῶν
3583 851 3652 906 τὸ
3710 845 3850 926 ἔργον

2207 937 2368 994 τοῦτο
2447 938 2846 1019 ἐπιταχθέντων
2924 942 3000 1001 ὡς
3075 939 3344 1014 πατρῴων
3419 938 3574 1013 αὐτῷ
3625 939 3855 1012 ὀμοτῶν)

2211 1027 2421 1100 σύναμά
2451 1030 2502 1083 οἱ
2545 1030 2680 1104 πρὸς
2738 1029 2801 1084 τὸ
2848 1028 3076 1084 Ἰκόνιον
3121 1030 3323 1097 ἄπεισι,
3370 1029 3461 1083 καὶ
3505 1033 3592 1100 τῷ
3652 1027 3852 1102 γέροντι

2209 1118 2393 1194 ὀφθεὶς
2426 1117 2656 1174 σουλτάν
2701 1117 2880 1188 (οὸπω
2936 1118 3034 1193 γάρ
3083 1119 3245 1174 αὐτὸν
3289 1119 3573 1194 καθήρηκε
3622 1125 3723 1186 τῆς
3767 1117 3856 1194 ἀρ-

2210 1215 2320 1286 χῆς
2355 1206 2614 1262 ὁέκείνου
2673 1214 2800 1270 παῖς
2851 1209 2878 1262 ὁ
2933 1210 3258 1283 Κοπατῖνος)
3309 1208 3384 1270 ὡς
3432 1209 3553 1272 υἱὸς
3605 1205 3857 1276 ἀληθινὸς

2210 1301 2306 1352 τοῦ
2339 1295 2743 1373 αὐτοκρᾶτορος
2775 1297 3060 1368 Μανουήλ,
3092 1295 3222 1353 ἀλλ’
3270 1296 3380 1372 οὐχ
3423 1297 3496 1358 ὡς
3547 1295 3855 1359 ἐπείσακτος

2209 1385 2298 1438 καὶ
2332 1384 2538 1449 πλάνος
2588 1386 2775 1459 ἐκείνῳ
2830 1383 3274 1462 προσδιελέγετο.
3337 1385 3625 1449 Πολλάκις
3678 1383 3736 1441 δί
3777 1387 3857 1440 καὶ

2209 1475 2535 1546 ἐπέπληττε,
2593 1478 2832 1532 καὶτῶν
2895 1477 2954 1532 ἐκ
3010 1480 3107 1532 τοῦ
3192 1473 3353 1546 δῆθεν
3411 1476 3624 1551 πατρὸς
3682 1473 3857 1548 ἐκείνῳ

2207 1568 2304 1619 τοῦ
2347 1565 2614 1633 Μανουήλ
2657 1565 2745 1621 ἐπ’
2797 1563 2940 1636 αὐτῷ
2994 1566 3374 1640 γεγενημένων
3427 1563 3854 1637 ἀναμιμνήσκων

2210 1653 2469 1708 εὐποιιῶν
2527 1654 2824 1730 ἀχάριστον
2875 1653 2998 1730 περὶ
3044 1654 3138 1709 τὸν
3180 1651 3466 1731 εὐεργέτην
3514 1650 3732 1720 ἐκάλει,
3776 1653 3858 1706 καὶ

2209 1741 2274 1796 τὸ
2328 1741 2756 1822 ἀφιλάνθρωπον
2817 1739 3180 1812 ἐπωνείδιζεν,
3236 1742 3280 1797 εί
3339 1743 3518 1802 οὕτως
3575 1743 3857 1817 ἀτυχοῦντι

465 1841 631 1911 rogat
659 1853 729 1892 an
762 1836 942 1892 istum
974 1835 1259 1892 Manuelis
1315 1835 1684 1908 imperatoris
1736 1835 1921 1890 filium
1978 1848 2102 1889 esse

2215 1830 2381 1910 φίλου
2411 1829 2566 1887 παιδὶ
2599 1831 2697 1888 οὐκ
2747 1831 3163 1906 ἐπικάμπτεται.
3193 1833 3256 1889 Ὁ
3292 1827 3350 1886 δὲ
3393 1834 3562 1886 τοῦτο
3620 1831 3716 1904 μὲν
3765 1830 3857 1884 ὑπό

474 1926 648 1984 norit.
683 1925 789 1990 Qui
851 1925 951 1981 ubi
1007 1923 1155 1980 nihil
1213 1922 1373 1980 aliud
1427 1923 1729 1996 respondit
1780 1922 1895 1979 nisi
1941 1921 2102 1978 illum

2214 1926 2314 1991 τῆς
2345 1918 2638 1992 ἀναιδείας,
2677 1926 2841 1978 τοῦτο
2874 1919 2920 1977 δ’
2951 1921 3009 1977 ἐκ
3037 1926 3141 1976 τῶν
3169 1925 3268 1976 τοῦ
3293 1926 3661 2000 χαρακτῆρος
3692 1918 3864 1976 ἰνδαλ-

473 2015 713 2072 omnino
743 2013 1117 2070 submersum
1147 2030 1277 2069 esse
1307 2018 1366 2069 et
1404 2013 1583 2068 istum
1615 2028 1706 2068 res
1739 2010 2102 2068 incredibiles

2221 2011 2402 2084 μάτων
2431 2015 2596 2084 τιμᾷν
2630 2010 2787 2068 αὐτὸν
2822 2010 3143 2087 ἐναγόμενος
3177 2007 3376 2085 δώροις
3405 2030 3463 2066 τε
3493 2009 3598 2065 οὐκ
3657 2008 3861 2087 ὀλίγοις

472 2105 584 2162 sub
617 2103 761 2160 falso
796 2104 1050 2160 defuncti
1084 2102 1320 2158 nomine
1349 2101 1741 2170 comminisci,
1771 2100 2102 2158 adolescens

2215 2097 2382 2170 ἤδυνε
2410 2101 2500 2156 καὶ
2529 2101 2759 2175 ἀγαθαῖς
2801 2098 3017 2158 ἐλπίσιν
3070 2099 3362 2155 ὐπέσαινεν.
3409 2101 3510 2156 Ἦν
3562 2095 3612 2153 δ’
3643 2098 3734 2154 ὅτε
3780 2101 3861 2153 καὶ

470 2193 708 2251 Alexius
766 2194 852 2249 ira
910 2193 1166 2264 percitus
1225 2196 1284 2246 et
1353 2191 1469 2247 bile
1521 2200 1845 2247 exaestuans
1904 2205 2102 2262 parum

2216 2183 2552 2264 πρεσϐευτὴν
2599 2189 2871 2262 Ρωμαίων
2921 2189 3128 2244 ἑστῶτα
3173 2188 3262 2242 καὶ
3316 2187 3680 2263 ἀκροώμενον
3731 2187 3864 2249 ὅπως

473 2283 662 2340 abfuit
691 2281 831 2354 quin
892 2281 954 2336 in
1000 2281 1173 2352 legati
1205 2280 1446 2336 barbam
1504 2279 1811 2348 involaret,
1835 2279 1946 2335 nisi
1978 2279 2027 2334 is
2057 2284 2115 2337 et

476 2373 604 2444 ipse
636 2375 966 2428 commotus
1010 2369 1293 2442 impetum
1325 2369 1694 2426 Pseudalcxii
1726 2368 1949 2424 fortiter
1977 2385 2112 2441 pro-

475 2461 774 2533 pulsasset
801 2469 851 2517 el
879 2458 1151 2516 sultanus
1169 2459 1545 2530 intemperies
1575 2459 1704 2528 ejus
1733 2458 1924 2514 verbis
1946 2457 2117 2514 casti-

474 2553 690 2622 gasset.
721 2549 826 2616 Qui
857 2547 967 2606 etsi
1025 2547 1409 2604 nihilominus
1464 2547 1682 2604 crebris
1713 2546 1860 2604 5M
1919 2547 2114 2605 adole-

472 2639 694 2696 scentis
725 2638 1190 2712 ﬂagitationibus
1205 2638 1616 2704 victus,tamen
1649 2655 1721 2693 ne
1744 2642 1864 2694 tum
1879 2637 2112 2708 quidem

468 2729 768 2784 immensa:
825 2727 952 2798 ejus
1013 2725 1279 2798 petitioni
1336 2727 1577 2800 reliquit
1607 2726 1824 2798 locum,
1857 2729 1956 2785 sed
2012 2745 2114 2800 per

469 2817 794 2875 sultanicas
824 2817 1108 2872 duntaxat
1127 2816 1372 2880 litteras,
1406 2831 1552 2888 quas
1581 2817 1751 2873 Turci
1783 2817 2112 2876 Musurium

467 2912 698 2976 vocant,
729 2907 779 2962 ei
815 2906 1106 2962 concessit
1131 2909 1196 2961 ut
1226 2905 1466 2974 impune
1497 2910 1872 2979 quotcunque
1891 2908 2112 2966 Turcas

470 2999 671 3069 posset
701 2995 815 3050 sibi
844 2993 1197 3051 conciliaret.
1230 2993 1332 3050 Ille
1383 2993 1564 3066 igitur
1617 2994 1754 3050 inde
1809 2998 2112 3069 digressus

475 3100 542 3140 ac
589 3082 799 3138 litteris
857 3080 976 3136 illis
1035 3081 1193 3152 apud
1247 3082 1469 3138 Turcos
1523 3083 1796 3151 ostensis,
1855 3101 2110 3142 emeram

471 3173 750 3227 Arsanem
783 3169 1046 3242 aliosque
1073 3185 1188 3226 non
1223 3187 1438 3242 paucos
1456 3171 1750 3228 Romanas
1779 3175 2112 3246 provincias

467 3259 714 3334 praedari
745 3258 948 3316 solitos
999 3259 1306 3329 contraxit,
1339 3263 1405 3316 ut
1452 3260 1606 3316 brevi
1665 3267 1925 3334 tempore
1975 3280 2111 3321 cum

464 3353 594 3406 octo
622 3346 885 3404 millibus
913 3347 1231 3416 incederet,
1265 3364 1332 3404 ac
1359 3348 1708 3406 Maeandrias
1771 3352 1950 3409 urbes
1975 3370 2109 3426 par-

461 3438 569 3496 tim
604 3436 898 3494 deditione
928 3441 1258 3509 occuparet,
1292 3437 1506 3510 partim
1538 3438 1875 3497 resistentes
1906 3442 2110 3513 quovis

463 3527 638 3584 modo
676 3529 924 3582 vexaret.
958 3526 1138 3582 Areas
1167 3530 1360 3582 tamen
1392 3525 1449 3582 in
1481 3527 1698 3600 quibus
1745 3530 2106 3588 frumentum

464 3618 783 3674 trituretur
845 3615 906 3670 in
963 3614 1170 3687 primis
1224 3615 1510 3688 perdidit;
1567 3617 1724 3674 unde
1775 3617 2106 3677 Usthalonaa

466 3708 919 3780 cognomentum
952 3703 1107 3760 tulit.
1140 3704 1225 3760 Ad
1249 3703 1408 3762 hunc
1453 3704 1880 3764 adolescentem
1911 3708 2107 3783 oppri-

467 3795 748 3852 mendum
799 3793 971 3850 multi
1028 3791 1126 3850 alii
1173 3810 1408 3866 quoque
1464 3795 1644 3852 duces
1702 3795 1864 3853 missi
1921 3804 2103 3856 sunt:

461 3901 664 3942 verum
686 3897 891 3940 omnes
923 3881 1083 3939 nullo
1116 3882 1482 3940 memorabili
1513 3884 1768 3942 facinore
1799 3887 1956 3943 edito
2009 3889 2100 3945 in-

459 3976 614 4032 focta
658 3989 718 4028 re
769 3971 1070 4030 discedere
1127 3973 1486 4044 cogebantur
1516 3979 1678 4031 metu
1709 3991 1953 4034 suorum
1989 3978 2102 4035 mi—

455 4064 652 4134 litum,
685 4063 786 4136 qui
817 4063 888 4118 ad
921 4061 1088 4118 illum
1119 4060 1489 4134 imperatoris
1513 4063 1696 4122 filium
1729 4070 1788 4122 et
1818 4067 2102 4126 novitium

458 4153 869 4227 imperatorem
904 4151 1312 4224 propensiores
1343 4158 1511 4208 erant
1539 4140 1711 4226 quam
1745 4157 1815 4211 ad
1873 4157 2098 4214 obtem-

458 4245 782 4318 perandum
816 4243 1056 4299 Isaacio.
1091 4242 1293 4315 Neque
1323 4244 1477 4300 enim
1507 4244 1681 4316 vulgo
1731 4249 1790 4301 et
1820 4247 2098 4319 imperius

458 4334 613 4408 plebi
643 4334 930 4389 duntaxat
959 4331 1174 4389 ebarus
1206 4336 1384 4405 atque
1414 4332 1473 4389 in
1505 4349 1604 4390 ore
1644 4339 1768 4392 erat
1822 4342 1882 4393 et
1936 4355 2098 4396 ama-

458 4423 592 4480 bilis
621 4423 964 4479 videbatur:
999 4421 1097 4478 sed
1131 4419 1338 4478 aulicis
1367 4422 1567 4492 etiam,
1603 4424 1701 4496 qui
1733 4433 2097 4497 compertum

2217 2280 2406 2334 ἑαυτὸν
2437 2283 2504 2354 τῇ
2536 2277 2717 2355 έεόχῳ
2748 2277 2982 2355 εὐγενείᾳ
3014 2277 3321 2352 ἐσέμνυνεν,
3372 2275 3539 2354 ἤρετο
3577 2279 3608 2334 6
3645 2277 3867 2333 σουλτάν

2219 2369 2265 2426 εί
2295 2367 2577 2426 ἐπίσταται
2606 2370 2798 2427 τοῦτον
2827 2374 2923 2428 τοῦ
2953 2371 3354 2446 αὐτοκράτορος
3401 2369 3520 2424 υἱὸν
3577 2367 3858 2439 Μανουήλ.

2217 2464 2325 2515 Τοῢ
2355 2456 2415 2515 δὲ
2449 2457 2622 2534 μηδέν
2651 2482 2706 2516 τι
2738 2463 3010 2532 φήσαντος
3039 2457 3223 2537 ἕτερον
3252 2458 3379 2516 ἀλλ’
3409 2460 3494 2515 ὅτι
3548 2456 3619 2528 δὴ
3673 2459 3862 2520 ἐκεῖνος

2216 2549 2470 2606 ἀπώλετο
2545 2549 2769 2621 ἀληθῶς
2845 2549 3026 2628 φανεὶς
3103 2547 3501 2611 ὑδατόκλυστος
3577 2549 3673 2603 καὶ
3713 2549 3863 2608 οὗτος

2221 2637 2398 2712 μάτην
2454 2639 2579 2714 περὶ
2638 2640 2830 2695 ἑαυτοῦ
2876 2639 2943 2694 τὰ
3023 2640 3100 2713 μὴ
3175 2638 3522 2702 πιστεύεσθαι
3597 2637 3864 2714 πεφυκότα

2217 2728 2490 2802 ξυντίθησι
2565 2734 2634 2803 τῇ
2707 2733 2806 2784 τοῦ
2881 2728 3130 2804 κειμένου
3203 2727 3401 2796 κλήσει
3466 2727 3859 2804 ἐποχούμενος,

2221 2813 2464 2892 βράττων
2495 2816 2739 2893 ἀτεχνῶς
2773 2819 2932 2890 θυμῷ
2976 2821 3066 2873 καί
3118 2817 3250 2888 ζέων
3295 2811 3537 2891 ἀκριϐῶς
3586 2821 3668 2889 τῷ
3710 2813 3859 2890 χόλῳ

2217 2905 2246 2962 6
2280 2908 2466 2982 με’ῖραξ
2527 2906 2768 2978 Ἀλέξιος
2823 2911 3022 2984 μικροῦ
3079 2906 3139 2962 ἄν
3195 2911 3294 2962 τοῦ
3351 2906 3615 2980 πώγωνος
3670 2903 3860 2961 ἐπελά-

2216 2991 2341 3052 ϐετο
2373 3001 2470 3053 τοῦ
2500 2991 2914 3069 πρεσϐεύοντος,
2955 2996 3001 3052 εί
3049 2998 3124 3071 μὴ
3175 2997 3342 3058 αὐτὸς
3393 2997 3420 3052 6
3469 2990 3698 3070 πρέσϐις
3747 2991 3857 3049 δια·

2221 3088 2463 3158 κινηθεὶς
2510 3085 2563 3150 ἐς
2610 3086 2776 3163 ὀργὴν
2830 3087 3200 3160 ἀπεκρούσατο
3256 3087 3516 3161 γενναίως
3577 3083 3730 3158 μάλα
3773 3083 3858 3138 τὸν

2152 3153 2195 3220 C
2225 3153 2609 3250 ‘L’su'SaMva,
2635 3153 2794 3232 acilii
2826 3153 3056 3234 σουλτάν
3114 3174 3172 3232 δέ
3215 3153 3282 3232 οἱ.
3311 3177 3385 3238 ὼς
3435 3153 3610 3231 ἃτοπα
3668 3171 3854 3250 δρῶντι

2221 3262 2710 3343 ἐμϐριμησάμενος
2771 3267 3022 3343 ἀτρεμεῖν
3114 3266 3380 3322 ἐκέλευσε.
3439 3267 3525 3340 Τῇ
3585 3267 3759 3340 συχνῇ
3812 3249 3856 3316 δ’

2219 3359 2372 3432 ὅμως
2414 3363 2511 3413 τοῦ
2564 3356 2778 3414 νεανίου
2833 3355 3188 3434 έκλιπαρήσει
3246 3358 3274 3412 6
3318 3357 3646 3432 Περσάρχης
3690 3364 3848 3416 καθυ⁴

2217 3444 2446 3510 πενδοὺς
2479 3445 2603 3503 οὐδέ
2639 3447 2760 3502 τότε
2818 3448 2914 3520 μὲν
2977 3449 3044 3503 τά
3104 3451 3213 3503 τῶν
3271 3445 3537 3517 αἰτήσεων
3597 3443 3851 3520 ὑπέρογκα

2217 3535 2589 3612 ἐτερμάτωσε,
2623 3533 2970 3616 συνεχώρησε
3001 3533 3048 3593 δ’
3097 3533 3189 3592 οὖν
3238 3537 3394 3609 ὅμως
3443 3533 3533 3590 διά
3581 3533 3850 3590 σουλτανι-

2215 3625 2315 3680 κοῦ
2389 3647 2737 3702 γραμματος,
2813 3624 2844 3680 6'
2918 3647 3076 3704 φασιν
3126 3626 3178 3681 οἱ
3218 3627 3462 3699 Τοῦρκοι
3504 3621 3845 3698 μουσούριον,

2216 3712 2376 3778 ὅσους
2417 3713 2475 3770 ἄν
2517 3715 2683 3792 σχοίη
2743 3721 2851 3771 τῶν
2913 3716 3016 3771 ὑπὸ
3073 3717 3171 3785 τὴν
3221 3712 3426 3770 ἐκείνου
3482 3715 3656 3789 ἀρχὴν
3709 3709 3841 3764 67w-

2215 3807 2543 3876 ποιήσασθαι
2600 3801 2790 3868 ἀδεῶς.
2844 3806 2906 3863 Ὁ
2963 3803 3020 3860 δὲ
3075 3805 3435 3880 ἀναχωρήοας
3487 3803 3690 3869 ἐκεῖθεν,
3743 3795 3831 3850 καί

2213 3893 2276 3950 τὸ
2305 3895 2537 3970 γράμμα
2563 3899 2681 3957 τοῖς
2728 3893 3002 3968 Τούρκοις
3041 3893 3446 3964 καθυποὸείξας,
3492 3889 3578 3945 τὸν
3624 3887 3826 3959 ἀμηρᾶν

2215 3983 2492 4064 ἐφέλκεται
2525 3991 2786 4062 Ἀρσανῆν
2814 3987 2904 4043 καὶ
2957 3986 3171 4063 ἐτέρους
3225 3987 3331 4041 υύκ
3384 3981 3596 4058 ὀλίγους
3640 3979 3688 4035 οἳ
3731 3975 3835 4050 λῃ-

2215 4075 2416 4132 στεύειν
2447 4076 2513 4131 τά
2541 4076 2834 4150 Ῥωμαίων
2864 4076 3139 4150 όίώθασιν,
3197 4076 3270 4138 ὡς
3322 4074 3375 4130 ἐν
3437 4074 3634 4150 βραχεῖ
3674 4068 3839 4142 καιρῷ

2213 4161 2472 4241 χιλιάδας
2505 4165 2649 4222 ὀκτὼ
2681 4165 3082 4242 στρατεύματος
3135 4163 3471 4243 ἔφεπομένας
3521 4158 3703 4233 ἐκείνῳ
3745 4155 3838 4213 λα·

2208 4259 2350 4330 κεῖν’
2385 4252 2504 4318 ὅθεν
2533 4254 2629 4316 τάς
2659 4255 2794 4310 κατά
2825 4251 3134 4328 Μαίαοδρον
3182 4252 3350 4310 ἐπιὼν
3397 4250 3594 4314 πόλεις
3640 4247 3698 4310 ἀς
3751 4246 3839 4320 μὶν

2211 4342 2482 4420 ὁμολογίᾳ
2516 4342 2874 4419 χειρούμενος
2901 4346 2992 4416 ἦν,
3021 4344 3173 4408 τινάς
3219 4340 3278 4398 δὲ
3326 4340 3415 4396 καὶ
3462 4337 3836 4412 ἀνθισταμένας

2207 4432 2478 4495 παντοίως
2509 4430 2796 4512 διέφθειρε.
2825 4432 3081 4492 Μάλιστα
3112 4431 3170 4488 δὲ
3206 4433 3302 4495 τὰς
3351 4429 3568 4492 ἅλωνας
3622 4423 3839 4512 ἐλυμαί-

451 4511 746 4567 habebant
777 4509 1037 4564 Alexium
1068 4511 1353 4566 Manuelis
1385 4511 1571 4568 illium
1613 4514 1739 4585 jam
1771 4515 1910 4571 olim
1945 4517 2096 4576 552

2209 4543 2342 4594 νετο,
2400 4523 2517 4577 ὅθεν
2571 4509 2660 4576 καὶ
2717 4521 3076 4594 καυσαλώνης
3161 4517 3517 4591 ἐπεκέκλητο.
3580 4519 3722 4575 Κατά
3788 4511 3838 4568 δὲ

452 4599 625 4656 rebus
655 4597 934 4654 humanis
973 4604 1309 4669 exemptum
1367 4615 1512 4669 esse,
1545 4602 1919 4661 admirationi
1951 4616 2094 4678 eral,

451 4704 568 4745 non
601 4687 757 4760 quod
790 4701 990 4742 verum
1020 4686 1378 4758 ignorarent,
1411 4691 1510 4746 sed
1545 4691 1686 4762 quia
1736 4691 1985 4751 libenter
2039 4697 2094 4752 id

452 4776 956 4851 amplectebantur
1012 4777 1166 4849 quod
1225 4775 1556 4850 cupiebant.
1589 4781 1862 4852 .Tandem
1921 4785 2097 4842 etiam

451 4865 824 4942 imperatoris
857 4865 1032 4922 frater
1052 4864 1308 4932 Alexius,
1333 4866 1431 4938 qui
1454 4875 1582 4939 post
1605 4868 1852 4942 imperio
1876 4875 2098 4945 potitus

455 4964 568 5028 est,
600 4955 822 5014 nullam
856 4972 989 5011 cum
1022 4971 1088 5012 eo
1121 4970 1376 5028 pugnam
1409 4958 1721 5023 commisit,
1753 4962 1852 5018 sed
1885 4965 2095 5022 castris

452 5046 799 5122 longissime
831 5044 1037 5118 positis
1067 5044 1213 5102 nihil
1236 5044 1354 5119 egit
1381 5045 1537 5102 aliud
1564 5046 1675 5104 nisi
1705 5055 1768 5106 ut
1798 5051 1921 5108 loca
1949 5071 2096 5112 non-

449 5141 589 5196 dum
622 5137 696 5196 ab
727 5154 794 5195 eo
835 5140 1117 5210 occupata
1147 5134 1208 5192 in
1266 5135 1460 5193 ofﬁcio
1517 5137 1860 5210 contineret,
1895 5159 1966 5200 ne
2023 5146 2096 5202 ad

449 5227 770 5285 redivivum
834 5224 997 5282 illum
1088 5223 1346 5281 Alexium
1425 5226 1758 5286 deficerent.
1811 5232 2094 5292 Caeterum

451 5317 650 5373 dubiis
680 5315 872 5373 adhuc
903 5315 1102 5383 rebus,
1135 5313 1275 5371 dum
1309 5319 1366 5372 et
1395 5316 1658 5374 seditiosi
1701 5335 1840 5392 opes
1871 5339 2093 5396 augen-

453 5409 549 5458 tur
579 5413 630 5458 et
662 5405 1088 5460 sebastocrator
1116 5403 1443 5477 colligendo
1465 5407 1720 5465 exercitu
1753 5418 2090 5483 occupatur,

457 5495 608 5544 Deus
639 5492 806 5548 civile
864 5492 1083 5549 bellum
1144 5511 1291 5550 nova
1339 5497 1585 5567 ratione,
1617 5515 1790 5570 quam
1823 5501 1948 5574 ipse
1995 5521 2090 5562 so-

455 5575 544 5632 las
575 5577 752 5644 novit,
787 5595 898 5636 uno
923 5585 1221 5640 momento
1248 5585 1534 5642 dissolvit.
1567 5591 1713 5644 Nam
1747 5607 1880 5649 cum
1911 5590 2088 5651 Pseu-

2205 4615 2355 4688 [270]
2385 4612 2586 4670 τούτου
2617 4617 2716 4668 τοῦ
2751 4613 3008 4689 μείρακος
3040 4612 3246 4670 πολλοὶ
3283 4614 3380 4688 μὶν
3409 4612 3500 4669 καὶ
3531 4609 3696 4668 ἄλλοι
3744 4629 3837 4664 πο·

2207 4700 2588 4776 λεμησείοντες
2640 4700 3044 4775 ἀπεστάλησαν,
3093 4699 3271 4765 οὐδεὶς
3321 4699 3368 4756 δ’
3418 4698 3742 4779 ἐργάσασθαί
3789 4717 3836 4752 τι

2204 4784 2334 4866 ἔσχε
2363 4793 2623 4860 νεανικὸν,
2659 4790 2784 4848 ἀλλ’
2812 4791 3134 4849 ὐπενόστουν
3168 4791 3456 4866 ἄπρακτοι,
3491 4788 3730 4852 δεδιότες
3769 4785 3836 4861 μή

2201 4877 2654 4954 καταπροδοθεῖεν
2709 4881 2813 4937 ὑπὸ
2869 4885 2977 4938 τῶν
3063 4879 3330 4936 συνόντων
3417 4877 3637 4941 ἐκείνοίς
3712 4879 3839 4934 Ῥω·

2209 4968 2405 5042 μαίων,
2465 4969 2556 5024 οἶα
2606 4968 2844 5042 μάλιστα
2905 4968 3179 5046 ῥεπόντων
3239 4971 3316 5032 εἰς
3370 4971 3464 5025 τὸν
3519 4969 3838 5040 καθιστάμε·

2200 5078 2290 5113 νον
2337 5056 2458 5132 ἄρτι
2509 5056 2778 5134 βασιλέως
2832 5056 2998 5114 παῖδα
3051 5058 3140 5115 καὶ
3197 5057 3425 5136 βασιλέα
3455 5054 3492 5128 ἤ
3521 5057 3710 5137 ἄρχειν
3760 5055 3839 5112 αἰ-

2202 5148 2479 5224 ρουμένων
2526 5147 2618 5204 τὸν
2682 5147 3038 5225 βασιλεύοντα
3093 5149 3383 5206 Ἰσαάκιον.
3443 5148 3520 5205 Οὐ
3571 5147 3672 5224 γὰρ
3726 5152 3836 5208 τοῖς

2200 5234 2444 5300 πολλοῖς
2477 5235 2584 5311 ἢδη
2630 5237 2720 5293 καὶ
2780 5238 3096 5316 ἀγροτέροις
3154 5238 3430 5308 ἧσπάςετο
3485 5235 3575 5292 καὶ
3631 5236 3699 5306 ἦν
3753 5233 3835 5290 διά

2200 5325 2468 5402 στόματος
2507 5327 2598 5383 καὶ
2646 5327 2912 5402 ὀνόματος
2962 5329 3052 5384 καὶ
3101 5327 3375 5402 θεώμενος
3423 5323 3600 5381 ἐδόκει
3647 5323 3832 5398 ἐπὲρα·

2198 5439 2344 5484 στος,
2371 5416 2516 5475 ἀλλά
2546 5418 2633 5473 καὶ
2680 5423 2798 5481 τοῖς
2857 5419 2994 5476 κατὶ
3033 5419 3132 5488 τήν
3177 5417 3453 5492 βασίλειον
3501 5419 3680 5491 αὐλὴν
3720 5417 3832 5476 δια-

2195 5502 2467 5582 τρίϐουσι,
2497 5507 2587 5564 καὶ
2633 5504 2802 5564 εἰδόσι
2859 5507 3007 5584 μάλα
3045 5507 3413 5583 ἐπισταμένως
3467 5511 3542 5572 ὡς
3589 5509 3831 5582 ’Δλέειος

2198 5597 2230 5651 ἀ
2257 5600 2353 5653 τοῦ
2387 5595 2656 5675 βασιλέως
2684 5604 2812 5662 παῖς
2859 5600 3118 5672 Μανουήλ
3168 5599 3338 5658 πάλαι
3384 5603 3476 5659 τὸν
3531 5603 3652 5680 βίον
3699 5602 3830 5662 ἀπο-
