4112 6218
326 320 442 383 789

1451 318 1553 379 DE
1597 318 1908 381 ISAACIO
1951 318 2272 384 ANGELO
2318 323 2466 383 LIB.
2515 323 2621 383 Ill.

3630 325 3749 386 790

321 457 556 515 λέλοιπε
586 458 678 513 τὸν
730 455 1090 531 ἂνθρώπινον,
1149 455 1224 519 εἷς
1289 461 1470 530 θαῦμα
1525 454 1754 522 έτίθετο,
1813 457 1970 530 γινώ-

2097 454 2360 511 dalexius
2393 457 2661 511 Harmala
2693 473 2958 512 reversus
3000 461 3132 529 post
3170 457 3478 530 largiorem
3513 475 3746 529 compo-

324 569 516 602 σκουσι
549 549 644 619 μὶν
687 547 757 600 τὰ
806 544 951 614 δντα,
1005 547 1070 600 τὰ
1129 543 1185 600 δέ
1241 567 1303 618 γε
1358 547 1478 608 καθ’
1534 543 1742 614 ἡδονὴν
1804 545 1979 624 σφίσιν

324 637 629 705 εἶκάζουσι.
666 635 768 688 Σὺν
803 636 1013 708 ἑτέροις
1054 632 1111 690 δὲ
1166 636 1257 689 καὶ
1289 637 1316 689 6
1347 640 1443 689 τοῦ
1499 635 1771 710 βασιλέως
1819 634 1982 690 ἀδελ-

325 727 427 806 φὸς
487 723 732 796 Ἀλὲξιος
791 722 1002 793 ἔξεισιν,
1065 725 1122 785 ὅς
1178 724 1268 778 καὶ
1326 724 1552 798 ὕστερον
1615 719 1978 781 ἐϐασίλευσεν.

326 814 488 885 Πλὴν
520 814 610 868 καὶ
647 814 806 875 οὗτος
838 815 955 868 κατ’
995 810 1252 888 οὐδεμίαν
1304 812 1491 887 μάχην
1543 813 1852 881 συνεπλάκη
1902 819 1982 886 τῷ

326 905 588 977 Ἀλεξίῳ,
620 902 749 958 ἀλλ’
793 903 866 964 ὡς
923 901 1180 958 πλεῖστον
1238 900 1720 977 ἀποσκηνούμενος
1767 905 1984 958 ἒπισυν-

320 999 450 1065 ἵστη
515 992 678 1066 μόνον
749 991 813 1047 τὸ
879 996 1068 1047 Αεῖπον
1136 993 1234 1064 τῆς
1301 991 1610 1065 παροικίας,
1671 991 1872 1047 ὁπόσον
1924 1013 1984 1068 γε

324 1083 518 1155 ἐκείνῳ
571 1082 648 1154 μή
708 1081 1128 1155 προσεχώρησε,
1185 1081 1275 1135 καὶ
1335 1086 1551 1155 συνεῖχε
1616 1081 1678 1136 16
1735 1079 1984 1156 διαρῥέον

318 1174 416 1230 καὶ
451 1166 782 1246 μεταϐαῖνον
823 1170 898 1232 εἰς
949 1171 1041 1225 τὸν
1098 1165 1514 1226 ἀναϐεϐιωκότα
1569 1175 1761 1226 τοῦτον
1824 1170 1988 1228 Ἀλέ-

323 1263 462 1334 ξιον,
494 1259 654 1317 Ἀλλ’
684 1257 760 1315 ἔτι
793 1264 901 1314 τῶν
959 1260 1296 1334 πραγμάτων
1346 1260 1520 1322 οὓτως
1566 1258 1737 1314 δντων
1790 1259 1988 1336 ᾐωρη-

327 1351 529 1426 μένων,
584 1349 673 1406 καὶ
733 1353 829 1404 τοῦ
890 1351 986 1422 μὲν
1049 1347 1131 1404 ἀεὶ
1194 1347 1686 1422 ἒμπλατυνομένου
1762 1371 1820 1404 τε
1894 1349 1984 1405 καὶ

321 1438 755 1517 κρατυνομὲνου,
830 1443 928 1494 τοῦ
1004 1435 1060 1493 δὲ
1135 1433 1637 1514 σεϐαστοκράτορυς
1714 1434 1794 1495 ἔτι
1861 1439 1985 1514 περὶ

325 1530 612 1606 συλλογὴν
689 1529 1093 1602 έκπονουμένου
1171 1530 1574 1603 στρατεύματος
1653 1527 1770 1584 λύει
1855 1531 1986 1592 Θεὸς

319 1622 426 1690 τήν
488 1617 762 1697 ἐμφύλιον
821 1618 1006 1692 μάχην
1088 1623 1491 1692 καινοπρεπῶς,
1547 1617 1637 1673 καὶ
1695 1619 1769 1680 ὡς
1827 1618 1986 1680 αὐτὸς

319 1709 608 1766 ἐπίσταται
651 1708 820 1780 μόνος
886 1707 941 1763 έν
1000 1707 1208 1781 ἀκαρεῖ·
1269 1707 1362 1762 τὸν
1425 1709 1529 1782 γὰρ
1593 1706 1834 1779 Ἀκέξιον
1890 1709 1988 1762 αὗ-

2096 548 2371 600 tationem
2409 549 2708 615 dormiret,
2735 567 2762 599 a
2798 553 3096 604 sacerdote
3117 550 3371 618 quodam
3406 567 3513 604 suo
3545 551 3744 622 gladio

2083 636 2409 706 jugulatur.
2436 639 2613 707 Cujus
2633 647 2809 707 caput
2839 639 3270 693 sebastocrator
3291 644 3742 713 contemplatus:

2092 730 2148 778 et
2175 725 2340 781 ﬂavis
2371 729 2630 781 crinibus
2665 731 2920 797 equestri
2959 727 3182 795 ﬂagello
3215 731 3520 785 discussis.
3555 752 3582 778 ‹‹
3616 731 3741 784 Non

2091 815 2331 870 omnino
2361 817 2486 871 sine
2543 834 2742 883 causa,
2786 820 2998 888 inquit,
3031 822 3203 872 urbes
3251 818 3405 872 hunc
3443 819 3741 876 hominem

2091 912 2306 960 secutas
2340 913 2497 962 sunt.
2534 929 2560 956 »
2594 911 2672 962 Ac
2703 907 2751 962 is
2775 909 3009 978 quidem
3042 924 3285 962 suorum
3321 909 3598 964 scelerum
3634 910 3740 965 has

2093 1009 2294 1064 [)(BDES
2325 996 2503 1061 dedit,
2564 1001 2691 1051 tum
2725 998 2877 1067 quod
2922 997 3126 1052 Persas
3186 1003 3386 1053 contra
3446 998 3757 1054 Romanos.

2093 1081 2373 1151 incitavit,
2406 1088 2462 1139 et
2519 1101 2589 1140 ex
2620 1084 2712 1140 his
2743 1085 2887 1154 ipsis
2919 1089 3206 1156 quotquot
3240 1087 3308 1141 ad
3345 1102 3476 1141 eum
3511 1086 3737 1142 conﬂu-

2091 1176 2315 1241 xerant,
2349 1173 2720 1244 popularium
2753 1175 2908 1230 558
2939 1191 3182 1230 suorum
3227 1176 3513 1246 sanguine
3543 1180 3740 1231 conta-

2094 1263 2358 1330 minavit,
2391 1268 2514 1318 tum
2544 1263 2696 1334 quod
2731 1263 2902 1319 homo
2934 1264 3316 1320 detestandus
3347 1266 3560 1320 Chonis
3594 1265 3739 1321 meis

2095 1353 2318 1408 celebre
2350 1355 2624 1424 templum
2679 1352 2979 1408 Michaelis
3024 1354 3353 1409 archiducis
3413 1354 3741 1411 cmlestium

2094 1443 2392 1513 copiarum
2421 1440 2680 1506 violavit,
2716 1441 2902 1497 Persis
2934 1443 2990 1496 in
3047 1441 3490 1498 sanctissimum
3523 1443 3624 1498 Dei
3658 1449 3746 1499 ta-

2092 1531 2473 1587 bernaculum
2534 1530 2908 1595 introductis,
2969 1547 3072 1585 nec
3124 1535 3382 1600 spectare
3457 1533 3747 1589 dubitavit

2095 1620 2382 1692 pernicies
2440 1619 2685 1674 humani
2742 1620 2973 1692 generis
3021 1620 3235 1676 Christi
3294 1625 3350 1675 et
3408 1627 3748 1677 sanctorum

2095 1711 2380 1783 imagines
2414 1709 2657 1766 calculis
2713 1711 2852 1764 varii
2897 1709 3110 1765 coloris
3138 1726 3445 1780 expressas
3502 1710 3743 1781 aboleri,

324 1810 414 1864 θις
449 1796 860 1872 ὑποστρέψαντα
890 1797 1025 1870 πρὸς
1073 1797 1140 1851 τὰ
1191 1797 1454 1871 ’Ἅρμαλα
1502 1796 1578 1858 εἷς
1629 1799 1728 1866 τήν
1780 1798 1977 1852 Iliacam

2095 1805 2152 1855 et
2182 1817 2381 1855 sacros
2442 1805 2634 1870 postes
2694 1799 2998 1854 securibus
3031 1804 3087 1854 et
3138 1799 3389 1855 celtibus
3439 1799 3657 1868 revelli,
3690 1805 3748 1856 et

326 1890 392 1946 16
425 1889 709 1969 φρούριον,
742 1888 833 1942 καὶ
889 1888 1024 1958 μετὰ
1071 1888 1237 1942 πότον
1293 1886 1652 1957 ὑπνώττοντα,
1706 1888 1977 1965 ἀποσφάτ-

2095 1895 2526 1945 sacrosanctam
2562 1905 2824 1944 mensam
2861 1889 3153 1960 profanari
3185 1899 3237 1944 et
3270 1889 3437 1945 humi
3469 1889 3662 1960 objici.

334 1999 417 2033 τει
492 1998 578 2040 τις
651 1981 761 2032 τῶν
837 1978 1043 2050 ἱερέων,
1119 1978 1217 2045 τὴν
1296 1975 1462 2031 αὑτοῦ
1536 1977 1937 2052 παρακειμένην
2013 1979 2352 2049 σπασάμενος
2431 1976 2730 2054 μάχαιραν.
2809 1977 2885 2033 Οῦ
2931 1978 3029 2045 τὴν
3071 1975 3314 2053 κεφαλήν
3356 1976 3747 2048 ἀποκομισθεῖ-

334 2068 432 2122 σάν
475 2068 528 2121 οἱ
591 2067 830 2142 ἀθρήσας
870 2066 897 2120 ὁ
939 2061 1388 2142 σεϐαστοκράτωρ
1450 2065 1720 2136 Ἀλέξιος,
1776 2068 1863 2121 καὶ
1918 2070 2017 2132 τῆς
2077 2068 2273 2136 ξανθῆς
2333 2062 2732 2137 ἀναλαμϐάνων
2791 2066 2972 2137 κόμης
3026 2064 3298 2126 πολλάκις
3359 2063 3447 2119 διὰ
3501 2070 3598 2120 τοῦ
3660 2066 3750 2118 ἰπ-

330 2157 494 2212 πείου
576 2156 825 2230 μύωπος,
905 2179 932 2207 ‹‹
975 2152 1052 2212 Οὑ
1127 2156 1326 2224 πᾶντη,
1404 2150 1650 2234 ἔφασκεν,
1726 2157 1951 2229 ἀμαθῶς
2022 2157 2077 2210 αἱ
2124 2155 2314 2218 πόλεις
2350 2159 2427 2226 τῷ
2466 2155 2738 2228 ἀνθρώπω
2776 2155 2953 2226 τούτῳ
2993 2153 3466 2223 ἐπηκολούθησαν,
3507 2179 3526 2203 ο
3574 2151 3752 2209 Ἀλλὰ

322 2245 453 2301 τότε
531 2245 628 2318 μὲν
709 2246 872 2306 οὗτος
945 2243 1204 2314 τοιαύτην
1279 2240 1418 2299 ἔτισε
1494 2243 1650 2312 δίκην
1724 2245 1813 2299 καὶ
1891 2247 1962 2299 ὧν
2043 2246 2136 2317 μὲν
2214 2242 2646 2318 ἐπλημμέλησεν
2698 2244 2913 2318 ἑτέρως.
2957 2243 3160 2319 Πέρσας
3205 2243 3300 2314 μὲν
3342 2240 3572 2303 ὁπλίσας
3612 2242 3749 2296 κατὰ

343 2333 662 2407 Ῥωμαίων,
724 2335 932 2388 τούτων
991 2331 1040 2388 δ’
1096 2335 1162 2388 αὗ
1223 2334 1422 2389 ὁπόσον
1479 2336 1629 2406 αύτῷ
1687 2333 1996 2410 προσεῤῥύη
2053 2335 2172 2388 καθ’
2230 2333 2516 2408 ὁμοφύλου
2575 2335 2830 2406 ἀγριάνας
2883 2330 3136 2404 α’ίματος,
3187 2332 3273 2385 καὶ
3338 2330 3411 2383 ὧν
3463 2327 3520 2383 δὲ
3565 2331 3751 2404 παρῴ-

340 2445 502 2494 νησεν
560 2424 588 2478 ὁ
647 2424 914 2497 ὲπάρατος
977 2424 1052 2485 εἷς
1109 2423 1199 2478 τὸν
1259 2424 1308 2476 ἐν
1368 2429 1488 2486 ταῖς
1538 2424 1696 2496 ἐμαῖς
1752 2427 1966 2484 Χώναις
2024 2421 2369 2496 περιώνυμον
2425 2425 2528 2476 νεὼ
2581 2426 2678 2476 τοῦ
2749 2423 3194 2497 ἀρχιστρατήγου
3277 2425 3386 2474 τῶν
3447 2417 3602 2482 θείων
3661 2417 3751 2472 καὶ

335 2513 526 2571 ἆῢλων
599 2515 800 2586 τάξεων
877 2513 1133 2590 Μιχαήλ’
1212 2514 1396 2587 ἐμίανε
1472 2516 1574 2592 γὰρ
1650 2515 1712 2570 τὸ
1786 2519 1881 2569 τοῦ
1957 2518 2089 2569 Θεοῦ
2163 2515 2426 2587 πανάγιον
2501 2517 2762 2586 σκήνωμα
2810 2513 3063 2570 εἷσελθὼν
3144 2512 3278 2584 μετὰ
3354 2515 3592 2585 Περσῶν,
3659 2509 3750 2564 καὶ

339 2604 599 2681 ἠνείχετο
665 2607 909 2680 καθορῶν
977 2609 1004 2660 ὁ
1070 2605 1336 2682 ἐπάρατος
1392 2606 1458 2661 τὰ
1516 2603 1605 2660 διὰ
1658 2603 1912 2684 ψηφίδων
1971 2605 2388 2680 ποικιλοχρόων
2473 2611 2570 2661 τοῦ
2645 2607 2880 2681 Χριστοῦ
2951 2605 3042 2659 καὶ
3119 2609 3225 2660 τῶν
3303 2604 3471 2678 ἁγίων
3547 2595 3753 2656 ἔκτυπα

321 2696 726 2772 ἀχρειούμενα,
786 2697 876 2752 καὶ
935 2697 1026 2751 τὸν
1087 2698 1230 2771 ἱερὸν
1285 2698 1370 2751 κτὶ
1433 2703 1577 2762 θεῖον
1634 2697 1970 2769 ἀνάσταθμον
2048 2695 2266 2752 πελέκει
2349 2696 2439 2751 καὶ
2527 2696 2870 2772 λαξευτηρίῳ
2944 2695 3440 2770 καταρασσόμενον,
3499 2692 3589 2748 καὶ
3644 2695 3744 2763 τὴν

325 2793 544 2862 παναγῆ
577 2786 667 2842 καὶ
702 2787 923 2860 θμωρὸν
955 2781 1370 2861 βεϐηλουμένην
1398 2786 1488 2842 καὶ
1523 2785 1876 2862 βαλλομένην
1908 2781 2062 2858 ἔραζε
2083 2789 2370 2862 τράπεζαν.

401 2877 470 2952 β’.
531 2876 606 2934 Οὐ
664 2874 906 2938 πολλαῖς
966 2873 1022 2930 δὲ
1079 2875 1305 2954 ὕφτερον
1361 2875 1593 2951 ἡμέραις
1647 2877 1737 2931 καὶ
1792 2873 1978 2950 ἕτερός

321 2995 412 3036 τις
444 2975 544 3042 τήν
579 2974 749 3042 αὐτὴν
778 2973 974 3043 κλῆσιν
1022 2974 1110 3028 καὶ
1171 2973 1395 3049 βασιλέα
1446 2975 1535 3030 τὸν
1584 2974 1744 3030 αύτὸν
1791 2977 1978 3051 γεννή-

321 3084 463 3138 τορα
515 3059 884 3138 ψευδωνύμως
932 3065 1188 3120 ὑπεισιὼν
1247 3065 1382 3120 κατὰ
1430 3064 1805 3144 Παφλαγονίαν
1857 3064 1975 3118 έπεο
2009 3101 2052 3166 C

327 3155 496 3233 φάνη.
540 3154 644 3209 Καὶ
683 3154 824 3215 τινὶς
887 3154 980 3227 μὲν
1036 3154 1124 3208 καὶ
1183 3155 1368 3227 τούτῳ
1428 3155 1684 3230 έπαρχίαι
1744 3175 1978 3229 προσκε-

324 3246 643 3318 χωρήκασιο
700 3243 916 3304 σταλεὶς
977 3241 1034 3297 δὲ
1089 3245 1206 3300 κατ’
1274 3244 1437 3299 αὑτοῦ
1471 3246 1499 3298 6
1533 3239 1789 3306 σεϐαστὸς
1849 3245 1981 3299 Θεό-

318 3331 505 3406 δωρος
535 3333 561 3386 ὁ
595 3335 870 3406 Χοῦμνος,
901 3331 1305 3408 χαρτουλάριος
1329 3328 1402 3388 ὥν
1417 3338 1526 3388 τῶν
1553 3333 1978 3406 ἱπποστάθμων,

316 3423 528 3493 ἢττησέ
559 3443 616 3476 τε
647 3421 895 3495 πόλεμον
928 3426 1303 3498 συγκροτήσας
1356 3425 1445 3478 καὶ
1499 3425 1804 3478 ἀπέκτεινεν
1855 3445 1980 3477 συν-

319 3511 596 3590 ειληφώς.
629 3510 754 3567 Ἐπὶ
793 3511 1009 3574 τούτοις
1049 3512 1137 3567 καὶ
1169 3514 1197 3566 6
1229 3515 1450 3582 Χοτζᾶς.
1510 3511 1797 3574 Βασίλειος
1845 3511 1981 3567 κατὰ

317 3603 432 3669 τήν
472 3598 753 3676 ἄγχουρον
809 3599 1188 3675 Νικομηδεῦσι
1241 3603 1470 3676 Ταρσίαν
1521 3603 1803 3678 ἀνταρσίαν
1853 3603 1974 3677 έμε-

315 3688 548 3760 λέτησε,
607 3689 697 3744 καὶ
760 3687 968 3764 προέϐη
1034 3691 1128 3762 μὲν
1185 3692 1273 3746 καὶ
1327 3694 1360 3760 ἡ
1409 3694 1602 3747 τούτου
1660 3691 1742 3771 ἐφ’
1795 3695 1976 3748 ἱκανὸν

315 3779 599 3853 τυραννῖς,
633 3778 969 3848 συλληφθεὶς
1012 3777 1068 3834 δὲ
1113 3780 1200 3834 καὶ
1250 3780 1410 3842 αὐτὸς
1462 3781 1799 3856 ἀμαυροῦται
1852 3783 1978 3846 τοὺς

318 3867 617 3941 ὀφθαλμοῦ
642 3870 792 3940 [271]
821 3869 911 3923 καὶ
939 3875 1148 3945 φρουρᾷ
1178 3868 1554 3944 παραδίδοται.
1585 3871 1706 3946 Οὑχ
1737 3872 1890 3927 οῦτοι
1921 3871 1978 3928 δὲ

321 3956 520 4030 μόνον,
556 3954 703 4010 ἀλλὰ
731 3959 821 4011 καὶ
853 3953 1018 4013 ἄλλοι
1049 3956 1251 4013 ἃλλοτε
1289 3960 1454 4014 πάλιν
1513 3961 1604 4016 καί
1651 3961 1837 4030 πάλιν,
1887 3963 1976 4017 καὶ

319 4048 432 4102 οὐκ
491 4045 631 4101 ἔστιν
696 4048 879 4110 ὁσάκις
946 4047 1138 4118 εἰπεῖν,
1215 4047 1579 4121 ἐπανέστησαν
1645 4049 1680 4120 ἥ
1748 4052 1836 4106 καὶ
1905 4053 1978 4113 ὡς

314 4138 552 4211 σπαρτοὶ
613 4136 934 4208 ἀνεδόθησαν
1026 4141 1303 4217 γίγαντες,
1371 4139 1466 4196 κᾶν
1536 4142 1608 4203 ὡς
1686 4141 1977 4218 πομφολυ-

313 4225 477 4305 γώδη
520 4228 816 4305 φυσήματα
873 4224 1106 4299 διάκενα,
1178 4231 1251 4292 ὡς
1317 4232 1383 4299 ἦν
1445 4227 1601 4297 ἰδεῖν,
1671 4231 1975 4285 ἀπέπιπτόν

310 4337 376 4372 τε
417 4317 508 4370 καὶ
551 4313 855 4372 διελύοντο.
918 4319 988 4375 ’Ὀ
1043 4339 1100 4373 τε
1159 4318 1258 4392 γὰρ
1329 4320 1618 4392 Κομνηνὸς
1683 4321 1974 4390 Ἰσαάκιος,

316 4408 348 4462 ὁ
388 4410 485 4461 τοῦ
530 4405 799 4481 βασιλέως
842 4403 1192 4482 Ἀνδρονίκου
1235 4405 1588 4488 ἀδελφιδοῦς,
1646 4416 1743 4479 τῆς
1796 4409 1971 4486 φυλα-

316 4501 424 4565 κῆς
458 4493 700 4568 ἀποδρὰς
748 4497 836 4550 καὶ
884 4497 947 4552 τὸ
1001 4497 1134 4574 μέγα
1187 4499 1412 4573 τέμενος
1467 4499 1649 4572 εἰσιὼν
1709 4499 1971 4554 ἀνασείειν
2007 4471 2053 4532 D

316 4586 413 4642 τὸν
478 4581 656 4663 ὄχλον
715 4585 992 4660 ὥρμησεν,
1048 4586 1385 4662 συλληφθεὶς
1444 4587 1500 4644 δὲ
1555 4590 1644 4643 καὶ
1685 4590 1970 4664 ἀπαιωρη-

316 4675 432 4736 θεὶς
463 4675 554 4728 καὶ
603 4675 843 4749 βαρείαις
906 4677 1140 4732 ἒτάσεσιν
1197 4674 1530 4748 ὑποϐληθεὶς
1589 4678 1675 4733 ἐπὶ
1723 4684 1801 4751 τῷ
1848 4679 1974 4745 τοὺς

321 4761 638 4838 συνίστορας
695 4763 918 4843 ἐκφῆναι
983 4768 1081 4834 τῆς
1146 4764 1460 4842 τυραννίδος
1524 4768 1591 4823 τὰ
1656 4766 1804 4830 ἐντὸς
1873 4766 1976 4823 διε-

318 4854 502 4930 φθάρη
531 4852 620 4906 καὶ
662 4849 872 4908 ἆπεϐίω
916 4857 1015 4926 τὴν
1061 4857 1179 4928 μετ’
1236 4854 1468 4927 ἐκείνην.
1527 4859 1614 4912 καὶ
1679 4859 1706 4912 ὁ
1765 4858 1969 4914 Ταττί-

312 4963 437 5003 κιος
518 4943 919 5007 Κωνσταντῖνος
1007 4946 1322 5021 σύστρεμμα
1417 4949 1816 5021 τεκτηνάμενος
1882 4948 1972 5002 καὶ

311 5032 710 5092 πεντακοσίους
739 5028 884 5107 ἔχων
929 5038 1024 5088 τοῦ
1074 5031 1238 5111 ἔργου
1285 5035 1699 5112 συλλήπτορας,
1749 5038 1838 5092 καὶ
1893 5036 1971 5114 ἐφ’

319 5120 505 5176 ἰκανὸν
540 5122 737 5198 χρόνον
774 5127 842 5196 τῇ
902 5123 1060 5179 πόλει
1119 5122 1488 5198 κρυπτόμενος
1548 5126 1638 5181 καὶ
1697 5126 1972 5198 λεληθὼς,

309 5210 719 5281 καταμηνυθείς
753 5217 934 5287 μικρῷ
966 5212 1184 5288 ὕστερον
1230 5213 1375 5270 ἑάλω
1428 5216 1516 5270 καὶ
1568 5215 1697 5278 τοὺς
1757 5216 1971 5294 ὀφθαλ-

317 5297 458 5372 μοὺς
518 5299 874 5373 ἐξορώρυκτο.
941 5302 1037 5356 Καὶ
1087 5301 1414 5379 ῥακενδύτης
1463 5302 1521 5359 δέ
1578 5326 1682 5372 τις,
1747 5306 1808 5361 ἐκ
1865 5310 1975 5362 Κο-

312 5390 537 5464 μνηνῶν
567 5387 744 5446 ἕλκων
783 5393 847 5446 τὸ
903 5394 1073 5468 γένος,
1118 5396 1218 5463 τὴν
1264 5395 1434 5464 αὐτὴν
1494 5401 1610 5457 τοῖς
1661 5395 1970 5470 εἰρημένοις

315 5475 540 5552 βαδίσας
590 5480 679 5534 καὶ
727 5479 786 5534 ἐκ
839 5481 936 5536 τοῦ
996 5491 1340 5558 παραχρῆμα
1399 5485 1679 5560 συσχεθεῖς
1747 5483 1974 5540 ἀπεστέ-

318 5588 480 5642 ρηται
533 5573 631 5625 τοῦ
672 5571 872 5649 φωτός.
931 5577 1046 5627 Τῶν
1099 5570 1156 5627 δὲ
1213 5580 1424 5649 συχιῶν
1483 5574 1714 5629 τουτωνὶ
1775 5573 1973 5629 ἐπανα-

319 5662 562 5719 στάσεων
621 5665 684 5736 ἦν
754 5665 848 5741 μὲν
907 5663 1080 5723 αἶ’τιον
1136 5667 1225 5724 καὶ
1280 5668 1342 5724 τὸ
1399 5670 1492 5725 τὸν
1552 5669 1815 5728 Ἰσαάκιον
1869 5669 1970 5740 τήν

2158 2881 2212 2933 2.
2246 2879 2370 2934 Non
2422 2879 2624 2935 multis
2669 2880 2878 2935 diebus
2913 2882 3043 2950 post
3089 2877 3262 2943 alius,
3310 2875 3409 2948 qui
3467 2874 3736 2930 eamdem

2089 2969 2538 3044 appellationem
2571 2974 2960 3042 eumdemque
2984 2974 3206 3040 patrem
3238 2965 3348 3020 sibi
3380 2963 3738 3032 vindicabat,

2089 3071 2149 3126 in
2182 3067 2584 3142 Paphlagonia
2623 3062 2846 3119 exstitit
2873 3065 2931 3116 et
2961 3057 3245 3131 quasdam
3288 3053 3619 3125 provincias
3651 3056 3740 3106 at-

2092 3161 2285 3216 traxit.
2347 3158 2460 3214 Sed
2516 3171 2650 3212 eum
2709 3153 2980 3208 sebastus
3037 3147 3372 3202 Theodorus
3429 3142 3745 3210 Cbomnus,

2092 3247 2487 3306 chartularius
2547 3243 2833 3315 equitum,
2891 3243 2948 3294 et
2978 3235 3172 3308 praelio
3204 3233 3340 3289 vicit
3397 3235 3454 3286 et
3508 3234 3744 3302 captum

2093 3340 2322 3396 occidit.
2391 3336 2651 3394 Posthasc
2715 3330 2963 3388 Basilius
3020 3327 3263 3392 Chozas,
3319 3321 3555 3388 Tarsiss,
3618 3335 3742 3382 quae

2092 3429 2438 3485 Nicomedia;
2455 3425 2640 3481 vicina
2661 3427 2768 3488 est,
2802 3417 3176 3492 tyrannidem
3205 3411 3537 3483 occupavit;
3564 3425 3740 3480 quam

2091 3536 2224 3576 cum
2256 3515 2599 3588 aliquandiu
2630 3511 2938 3576 tenuisset,
2970 3511 3178 3577 captus
3204 3500 3432 3558 effossis
3463 3497 3739 3588 oculis-in

2092 3585 2419 3665 custodiam
2452 3605 2646 3660 datur.
2702 3599 2957 3669 Denique
2996 3593 3249 3650 subinde
3281 3589 3380 3646 alii
3412 3593 3588 3657 atque
3615 3585 3740 3652 alii,

2091 3712 2237 3770 pene
2268 3693 2584 3761 innumeri,
2618 3707 2732 3746 non
2765 3702 2938 3744 secus
2968 3699 3032 3738 ac
3068 3680 3376 3770 terrigenis
3397 3674 3481 3728 illi
3506 3675 3738 3742 fratres,

2091 3765 2264 3858 regno
2322 3785 2586 3839 all'ectato
2646 3779 2881 3851 perinde
2933 3782 3106 3843 atque
3159 3767 3331 3859 bullas
3365 3765 3568 3859 inanes
3603 3778 3741 3859 leva—

2092 3853 2368 3932 nuerunt.
2418 3878 2560 3928 Nam
2593 3875 2650 3925 et
2679 3869 3012 3924 Comnenus
3044 3857 3326 3922 lsaacius,
3369 3853 3740 3922 imperatoris

2088 3964 2401 4022 Andronici
2433 3963 2589 4019 554
2619 3974 2687 4013 ex
2720 3958 2895 4010 fratre
2953 3965 3155 4021 nepos,
3203 3941 3470 4000 custodia
3501 3939 3738 4010 elapsus

2088 4062 2145 4111 et
2176 4069 2457 4126 magnum
2515 4047 2800 4120 templum
2834 4045 3136 4114 ingressus
3178 4034 3406 4126 plebem
3441 4029 3737 4126 concitare

2087 4117 2358 4200 institiiit.
2408 4140 2520 4196 Sed
2549 4117 3030 4208 comprehensus,
3066 4135 3119 4182 et
3150 4124 3400 4195 graviter
3443 4117 3735 4208 excrucia-

2087 4239 2184 4290 tus
2214 4235 2280 4287 ut
2309 4229 2576 4287 conscios
2607 4207 2955 4290 nominaret,
2990 4214 3284 4273 intestinis
3319 4207 3611 4280 corruptis
3641 4223 3739 4277 po-

2088 4322 2289 4380 stridie
2319 4319 2558 4374 interiit.
2591 4320 2696 4372 Est
2725 4318 2782 4369 et
2829 4307 3160 4367 Costantius
3200 4299 3512 4367 Tatticius,
3566 4297 3737 4350 homo

2091 4413 2390 4476 factiosus,
2419 4408 2520 4480 qui
2541 4406 2690 4464 clam
2724 4404 2781 4458 in
2819 4401 2959 4456 urbe
2991 4397 3337 4469 quingentos
3371 4384 3735 4480 sicariosdiu

2085 4503 2328 4568 aluerat,
2349 4475 2603 4564 del—atus,
2625 4501 2680 4552 et
2706 4492 2880 4568 paulo
2904 4494 3036 4562 post
3055 4492 3262 4556 captus
3286 4481 3487 4538 oculos
3513 4475 3732 4568 amisit.

2083 4594 2170 4650 0b
2193 4567 2346 4648 idem
2367 4589 2587 4646 crimen
2607 4567 2933 4654 Bacendyla
2965 4577 3205 4652 quidam
3234 4567 3552 4629 Commenii
3571 4581 3739 4639 gene-

2084 4683 2164 4739 ris
2196 4680 2396 4736 statim
2431 4674 2890 4747 comprehensus
2918 4667 3154 4724 easdem
3189 4679 3390 4736 pcenas
3435 4658 3563 4714 luit.
3597 4659 3738 4709 Fre-

2085 4770 2389 4843 quentium
2450 4765 2684 4822 illarum
2742 4760 3099 4818 seditionum
3159 4767 3340 4843 causa
3396 4752 3540 4843 erat,

2085 4835 2239 4932 quod
2275 4857 2531 4915 lsaacius
2579 4852 2892 4926 imperium
2947 4845 3205 4919 segniter
3263 4835 3734 4932 administrabat,

2086 4926 2256 5022 plane
2289 4963 2603 5020 persuasus
2635 4961 2697 5000 se
2739 4942 2798 4996 id
2852 4944 2908 4994 et
2937 4934 3229 5005 accepisse
3279 4926 3584 5022 divinitus.
3614 4929 3671 5022 et
3703 4939 3736 5020 α

2086 5015 2208 5096 solo
2239 5015 2352 5096 Deo
2405 5034 2709 5098 custodiri,
2743 5041 2866 5087 tum
2911 5027 3063 5099 quod
3114 5021 3382 5078 homines
3431 5015 3731 5069 ambitiosi

2085 5129 2355 5184 videbant
2413 5129 2634 5196 quanta
2693 5119 2963 5175 facilitate
3023 5127 3212 5169 rerum
3275 5105 3490 5196 potitus
3549 5104 3722 5196 esset.

2086 5217 2249 5273 Unde
2303 5191 2565 5288 plerique
2625 5213 2829 5265 insano
2861 5203 3122 5269 consilio,
3157 5198 3328 5254 modo
3383 5191 3612 5259 vellent,
3666 5204 3726 5244 se

2085 5308 2385 5378 imperium
2437 5310 2582 5360 citra
2630 5298 3064 5356 dimicationem
3119 5302 3416 5345 armorum
3475 5298 3729 5354 occupa-

2090 5405 2248 5454 turos
2309 5395 2615 5468 putabant,
2673 5406 2800 5445 eam
2872 5381 3122 5456 ingressi
3177 5379 3326 5472 viam
3387 5390 3563 5445 quam
3618 5386 3729 5472 suo

2085 5461 2350 5558 exempl-0
2402 5485 2820 5539 demonstraret
2881 5472 3160 5537 lsaacius,
3205 5465 3489 5558 quicum
3546 5461 3731 5558 pridie

2085 5555 2274 5635 occiso
2329 5565 2968 5646 Hagiochristophorita
3022 5560 3270 5632 supplex
3323 5556 3383 5612 in
3442 5555 3722 5624 templum

2085 5665 2462 5738 confugisset,
2523 5656 2803 5733 postridie
2834 5666 3076 5727 regnare
3123 5647 3412 5721 ccepisset,
3454 5655 3726 5716 perverso
