4112 6218
418 319 528 380 791

1723 310 2041 376 ΝΙΟΕΤιΕ
2095 303 2517 367 ΟΗΟΝῘΑΊἼΕ

3715 304 3837 368 792

412 454 614 527 utique
667 451 889 523 judicio
922 455 1344 524 proptereaque
1374 452 1618 508 adverso
1654 457 1884 508 eventu.
1926 448 2049 502 Non

2171 435 2448 512 βασιλείαν
2509 430 2864 509 διακυϐερνᾷν
2923 432 3339 510 μαλακώτερον,
3423 430 3666 511 ἀκριϐῶς
3745 458 3838 527 πεῖ

409 546 562 601 enim
625 557 944 613 purpuram
982 541 1129 598 555
1167 542 1265 595 sed
1322 542 1616 612 duplicem
1676 539 2056 606 ignominiam

405 632 946 703 consequebantur,
982 629 1164 700 aliqui
1202 632 1378 685 etiam
1438 630 1874 686 occidebantur.
1934 626 2057 682 Non

400 722 559 778 enim
588 722 736 776 solet
768 719 924 775 Deus
956 723 1156 775 eadem
1190 720 1441 775 subinde
1474 720 1695 774 ratione
1726 735 1820 774 res
1851 718 2058 773 buma-

286 812 301 827 ‘
401 827 508 866 nas
539 809 891 881 gubernare,
920 810 1023 864 sed
1053 810 1121 863 ad
1148 809 1499 887 varietatem
1531 805 2061 865 administrationis

406 898 665 955 universi
723 897 1137 955 declarandam
1167 914 1349 972 regna
1380 903 1437 954 et
1494 898 1857 971 principatus
1895 896 2062 952 aliter

413 994 588 1061 atque
619 987 789 1044 aliter
843 988 1181 1057 transferre,
1224 1004 1296 1044 ne
1354 985 1769 1044 minutissimis
1826 985 2062 1056 quidem

413 1079 589 1134 rebus
621 1095 655 1132 ιι
710 1094 813 1132 sua
847 1093 986 1131 cura
1015 1076 1286 1132 exclusis.
1325 1078 1680 1132 Pharaonem
1712 1090 1845 1131 cum
1895 1074 2060 1146 equi-

410 1172 530 1223 tatu
557 1166 613 1222 in
649 1166 828 1221 fundo
855 1165 1031 1221 maris
1068 1165 1371 1235 demergit,
1400 1165 1581 1221 alium
1616 1180 1717 1235 per
1746 1164 2062 1219 formosam

409 1255 716 1311 mulierem
741 1253 999 1326 jugulat,
1033 1253 1208 1308 alium
1263 1257 1333 1308 ab
1373 1254 1641 1309 hostibus
1673 1252 1851 1308 occidi
1902 1252 2060 1307 sinit.

407 1348 510 1402 Est
539 1352 596 1403 et
624 1349 722 1418 qui
785 1364 855 1401 ex
888 1347 1101 1401 mentis
1145 1362 1341 1400 errore
1386 1361 1488 1414 pro
1545 1349 1805 1399 mortuos
1831 1342 2064 1397 habitus

412 1446 586 1508 atque
627 1435 902 1491 oblivioni
938 1436 1188 1489 traditus
1226 1435 1437 1505 palatio
1488 1451 1618 1488 cum
1657 1434 1854 1488 derisu
1896 1434 2062 1488 effer-

410 1531 511 1582 tur
535 1529 593 1581 et
647 1525 973 1596 sepelitur;
1008 1526 1161 1579 unde
1213 1528 1463 1579 obscura
1511 1540 1649 1578 voce
1706 1523 1967 1577 clamans
2010 1527 2068 1576 et

409 1616 601 1671 lucem
635 1615 997 1682 desiderans,
1023 1631 1137 1669 non
1171 1615 1483 1686 imperium
1517 1619 1813 1683 expetens,
1854 1612 2066 1667 nihilo-

412 1706 609 1760 minus
661 1707 724 1758 ut
753 1704 841 1758 vir
872 1702 1170 1774 pessimus
1201 1708 1355 1758 recte
1390 1701 1714 1773 pessumire
1744 1705 1800 1757 et
1830 1700 2067 1757 interire

406 1792 645 1849 sinitur.
696 1791 861 1847 Multi
922 1791 1038 1846 leni
1098 1795 1285 1847 morte
1344 1790 1615 1846 exstincti
1669 1789 1826 1845 velut
1880 1789 2064 1846 oculis

409 1888 616 1930 somno
647 1870 860 1928 clausis
904 1871 1041 1927 hinc
1072 1870 1420 1943 demigrant.
1452 1874 1602 1926 Sunt
1642 1870 1743 1943 qui
1795 1886 1894 1942 per
1925 1870 2059 1926 hin-

402 1962 598 2019 nitum
658 1961 795 2033 equi
876 1961 947 2016 ad
1010 1975 1255 2033 regnum
1316 1959 1707 2017 ascenderint.
1767 1958 1929 2016 Alius
1989 1959 2061 2015 ab

404 2054 594 2107 aratro
625 2055 683 2105 et
739 2050 901 2106 sulco
932 2050 1004 2105 ad
1065 2065 1389 2121 purpuram
1440 2055 1529 2106 est
1584 2052 1848 2117 vocatus,
1912 2049 2062 2106 alius

404 2141 745 2200 adolescens
810 2141 987 2214 opilio
1059 2141 1339 2197 divinitus
1407 2141 1467 2198 in
1529 2157 1720 2225 regem
1798 2140 2057 2213 ungitur.

404 2232 560 2291 556
631 2232 743 2288 Sed
794 2246 1077 2304 quorsum
1138 2229 1347 2286 attinet
1422 2245 1885 2287 commemorare
1936 2229 2073 2285 sin-‘

2165 526 2457 600 πεισμένον
2505 526 2579 588 ὡς
2638 525 2697 580 ἐκ
2748 530 2881 580 Θεοῦ
2928 526 2990 580 τὸ
3043 523 3233 600 ἄρχειν
3279 523 3493 596 ἐδέξατο
3553 526 3643 581 καὶ
3705 511 3835 598 παρ’

2166 616 2375 673 ἐκείνου
2426 616 2595 689 μόνου
2650 615 2762 670 ἐστὶ
2810 614 3234 694 φρουρούμενος·
3288 615 3558 677 πλειόνως
3590 613 3637 670 δ’
3669 613 3831 671 ἒπτέο

2168 727 2264 780 ρου
2294 706 2421 767 τοὺς
2455 704 2765 782 φιλάρχους
2811 704 2887 768 εἰς
2928 704 3238 781 παρρησίαν
3279 724 3337 759 τε
3386 704 3476 759 καὶ
3526 703 3831 760 ἀπόστασιν

2165 796 2227 851 τὸ
2259 803 2358 864 τῆς
2411 793 2692 871 βασιλείας
2744 791 3117 870 ἀπραγμόνως
3158 789 3530 857 Δἐπιλαϐέσθαι
3578 795 3676 849 τὸν
3737 794 3835 850 αὖ·

2168 884 2494 959 τοκοάτορα,
2526 882 2637 954 καὶ,
2688 883 2764 944 ὡς
2813 882 2858 938 εί
2908 882 3224 952 θελήσουσι,
3278 882 3724 959 βασιλεύσουσιν,
3782 886 3832 939 οἱ

2168 974 2396 1035 πλείους
2439 971 2925 1050 φρεναπατώμενοι
2968 972 3092 1046 ἄτερ
3133 966 3320 1027 ὅπλων
3361 978 3483 1035 τοῖς
3533 975 3655 1028 κατ’
3710 972 3834 1051 ἔφε-

2171 1087 2253 1120 σιν
2320 1063 2640 1126 πλειστάκις
2695 1057 2981 1131 ἐπέϐαλον,
3039 1062 3249 1134 ἐκείνην
3312 1063 3608 1141 ἀτραπιτὸν
3689 1064 3836 1120 στεί-

2174 1151 2361 1216 ϐοντες
2400 1156 2466 1225 ἢν
2509 1153 2731 1226 ἀνέῳξεν
2782 1152 2835 1215 ἐς
2894 1151 3178 1231 λεωφόρον
3234 1155 3485 1230 ἄντικρυς
3533 1155 3834 1223 Ἰσαάκιος,

2172 1244 2397 1319 έσπέρας
2438 1244 2530 1297 τὸν
2585 1241 3185 1320 ’Δγιοχριστοιρορίτην
3240 1242 3550 1306 ἀπεκτονὼς
3606 1244 3707 1299 καὶ
3756 1250 3835 1317 τῷ

2177 1335 2416 1410 μεγῖστιυ
2458 1355 2564 1405 νεῳ
2624 1333 2914 1407 προσρυεὶς
2973 1333 3061 1387 καὶ
3127 1330 3451 1408 βασιλεύσας
3512 1332 3568 1396 ἐς
3627 1333 3831 1402 νέωτα,

2171 1429 2351 1485 κακῶς
2408 1425 2680 1497 κρίνοντες
2736 1422 2824 1476 καὶ
2891 1418 2979 1476 διὰ
3043 1424 3203 1477 τοῦτο
3268 1427 3449 1485 κακῶς
3516 1425 3833 1498 πάσχοντες

2171 1514 2262 1568 καὶ
2294 1513 2411 1567 ἀντῖ
2467 1509 2807 1588 πορφυρίδος
2866 1506 3127 1566 διπλοῖδα
3186 1510 3454 1590 αἰσχύνης
3506 1510 3832 1567 ένδιδυσκό-

2177 1621 2357 1676 μενοι,
2412 1600 2630 1676 ἐνιαχοῦ
2689 1597 2746 1655 δὶ
2801 1600 2890 1654 καὶ
2944 1599 3249 1678 πορφύρεον
3309 1601 3532 1656 θάνατον
3594 1602 3831 1680 ὑφιστάο

2178 1712 2353 1765 μενοι.
2386 1690 2463 1748 Οὐ
2495 1692 2600 1765 γὰρ
2629 1691 2691 1745 τὸ
2719 1694 2869 1753 θεῖοο
2901 1686 3054 1769 φιλεῖ
3082 1686 3171 1743 διὰ
3200 1696 3299 1760 τῆς
3342 1689 3509 1756 αὐτῆς
3559 1692 3830 1754 ὡσαύτως

2174 1780 2436 1849 κινήσεως
2478 1777 2513 1847 ἢ
2555 1775 2912 1853 ἒφορμήσεως
2968 1776 3033 1831 τὰ
3086 1777 3221 1831 κατὰ
3274 1778 3367 1832 τὸν
3424 1777 3610 1853 βίοτον
3674 1782 3834 1853 μεθιι-

2171 1872 2294 1938 στᾷν
2331 1867 2423 1922 καὶ
2466 1862 2819 1940 διακυϐερνᾷν
2871 1867 3186 1941 πράγματα,
3248 1866 3393 1923 ana:
3448 1868 3510 1922 τὸ
3568 1868 3833 1925 ποικίλον

2169 1961 2447 2031 παριστῶν
2479 1962 2579 2025 τῆς
2617 1959 2715 2009 τοῦ
2772 1955 2972 2016 παντὸς
3022 1953 3182 2010 τοῦδε
3239 1952 3575 2033 διεξαγωγῆς
3621 1978 3688 2014 τε
3741 1960 3833 2014 καὶ

2171 2043 2497 2117 διοικήσεως
2573 2041 2778 2098 ἄλλοτε
2853 2038 3042 2106 ἄλλως
3114 2043 3211 2105 τὰς
3252 2043 3496 2115 ἐξουσίας
3541 2046 3835 2123 μεθαρμό-

2172 2140 2247 2204 ζει
2322 2133 2415 2188 καὶ
2495 2131 2817 2207 μετατίθησι
2890 2132 2989 2195 τὰς
3064 2132 3262 2209 ἀρχὰς,
3342 2130 3484 2206 μηδὲ
3520 2136 3585 2191 τὸ
3626 2135 3829 2192 λεπτά.

2167 2245 2327 2281 τατον
2368 2222 2470 2277 ἐῶν
2511 2228 2611 2292 τῆς
2669 2223 2863 2277 ἑαυτοῦ
2920 2224 3110 2298 χειρὸς
3164 2218 3383 2293 ἔξωθεν.
3448 2223 3554 2280 Καὶ
3618 2227 3829 2299 Φαραὼ

2173 2315 2265 2387 μὶν
2332 2311 2517 2375 αὐτοῖς
2586 2312 2947 2387 σορατιώταις
3013 2316 3095 2384 τῷ
3155 2309 3299 2385 ἁλίῳ
3369 2313 3517 2388 βυθῷ
3583 2312 3829 2390 παραδί-

399 2407 650 2465 utilitate
697 2407 987 2478 cujusque
1043 2406 1221 2462 variis
1283 2406 1474 2463 modis
1525 2409 1715 2462 mutat
1770 2409 1827 2461 et
1868 2411 2058 2461 trans-

2171 2400 2351 2458 δωσιν⁵
2431 2398 2600 2456 ἄλλον
2678 2399 3033 2474 ἀπολαιμίζει
3111 2402 3359 2478 μαχαίρᾳ
3437 2399 3525 2457 διὰ
3628 2424 3830 2479 γυναι-

400 2495 575 2552 fert?
2166 2493 2287 2560 κὸς,
2363 2490 2453 2545 καὶ
2527 2490 2731 2561 ταύτης
2804 2487 3193 2565 καλλιπαρῂου
3267 2491 3362 2547 καὶ
3451 2490 3824 2549 λευκωλένου·

412 2580 592 2658 ἕτερον
637 2582 797 2662 χερσὶ
854 2586 963 2639 τῶν
1047 2581 1332 2655 πολεμίων
1425 2579 1700 2658 παραδοὺς
1754 2585 1864 2638 τῶν
1920 2579 2053 2656 τῇδε
2126 2581 2459 2655 μεθίστησιν.
2512 2580 2668 2635 Ἔστι
2722 2575 2768 2633 δ’
2823 2578 2882 2640 ὅς
2937 2579 3033 2641 τὰς
3090 2579 3283 2657 φρένας
3339 2584 3679 2656 παρακοπεὲς
3738 2582 3829 2638 καὶ

405 2671 686 2749 λογισθεὶς
744 2672 871 2726 ὡσεὶ
927 2672 1113 2737 νεκρὸς
1167 2670 1274 2725 ἀπὸ
1330 2668 1555 2746 καρδίας
1611 2670 1703 2725 καὶ
1763 2669 1839 2732 εἰς
1895 2670 2054 2733 τέλος
2111 2668 2430 2739 έπιλησθεὶς
2503 2672 2610 2722 τῶν
2684 2668 2925 2747 ἀρχείων
2997 2670 3112 2742 μετ’
3195 2668 3590 2745 ἐπιχαρμάτων
3664 2672 3827 2728 ἐκκο-

409 2761 621 2836 μίζεται
677 2760 767 2815 καὶ
824 2764 969 2837 ταφῇ
1027 2759 1472 2834 παραπέμπεται,
1524 2759 1771 2823 κάκεῖθεν
1823 2758 2021 2815 λεπτὸν
2073 2760 2305 2833 ὑπηχῖυν
2352 2757 2443 2813 καὶ
2493 2761 2678 2822 ποθῶν
2730 2759 2827 2827 τὴν
2875 2759 3106 2833 ἡμέραν,
3155 2758 3218 2814 ού
3266 2765 3367 2828 τῆς
3416 2761 3599 2836 ἀρχῆς
3672 2762 3830 2817 ἄντε-

404 2851 666 2927 χόμενος,
741 2853 895 2906 ἰᾶται
967 2849 1059 2904 καὶ
1135 2845 1279 2904 οὕτω
1354 2849 1644 2926 φθινύθειν,
1719 2847 1809 2902 καὶ
1885 2848 1960 2912 ὡς
2037 2845 2247 2923 ἀνδρῶν
2324 2848 2603 2924 χείριστος
2681 2845 2861 2910 καλῶς
2927 2848 3141 2926 ἀφίεται
3211 2846 3381 2903 ἵεσθαι
3460 2854 3646 2913 κακῶς
3732 2852 3831 2919 τὴν

402 2937 459 3001 ές
513 2939 755 2995 θάνατον.
823 2935 1037 2994 Πολλοὶ
1096 2934 1153 2991 δὲ
1218 2935 1447 3009 μαλακῷ
1505 2932 1760 3008 δαμέντες
1819 2937 2035 3009 θανάτῳ
2091 2937 2229 3011 πρὸς
2283 2937 2351 2992 τὰ
2410 2934 2608 3000 ἐκεῖθεν
2680 2936 2755 2999 ὡς
2814 2935 3076 3009 μύυαντες
3147 2935 3200 2991 ἐν
3272 2936 3423 3010 ὕπνῳ
3501 2934 3828 3012 μετέϐησαν.

404 3026 530 3084 Eiet
590 3025 637 3081 δ’
698 3027 751 3081 οἳ
806 3026 899 3080 καὶ
953 3029 1052 3081 τοῦ
1106 3024 1279 3080 ἳππου
1336 3024 1765 3099 χρεμετίσαντος
1820 3031 1919 3093 τῆς
1981 3026 2262 3099 βασιλείας
2339 3019 2626 3095 ἐπέϐησαν.
2701 3022 2909 3088 Ἀλλος
2982 3024 3034 3095 εξ
3110 3024 3347 3100 ἀρότρου
3418 3026 3509 3081 καὶ
3586 3026 3831 3091 αὔλακος

400 3118 502 3185 τήν
567 3118 653 3188 [Ρ.
715 3117 843 3187 272]
897 3109 1165 3184 τήϐενναν
1224 3114 1556 3185 ἠμφιέσατο,
1610 3112 1701 3168 καὶ
1771 3112 2120 3187 μειρακίσκος
2186 3109 2489 3187 προϐατεὺς
2568 3111 2842 3183 ἐξόπισθεν
2922 3111 3151 3193 ληφθεὶς
3231 3118 3340 3169 τῶν
3429 3114 3825 3191 λοχευομένων

403 3204 729 3281 θεόχριστος
759 3197 916 3282 ὤφθη
973 3200 1250 3278 βασιλεύς.
1310 3203 1416 3258 Καὶ
1472 3202 1525 3257 τί
1578 3201 1638 3257 ἄν
1704 3224 1787 3265 τις
1847 3201 2015 3277 διεξίῃ
2070 3203 2137 3258 τὰ
2191 3203 2367 3258 πάντα
2422 3199 2459 3272 ἤ
2517 3202 2585 3258 τὰ
2639 3198 2888 3274 πλείονα,
2949 3204 3121 3259 ὁπόσα
3178 3206 3212 3273 ἡ
3273 3203 3623 3282 πολύτροπος
3685 3208 3825 3282 Πρό-

405 2321 549 2395 gula
577 2337 703 2393 qua
734 2319 1105 2376 Providentia
1132 2320 1190 2375 in
1236 2318 1365 2374 vitae
1397 2319 1668 2376 humanae
1700 2320 1925 2375 ratione
1957 2335 2060 2390 pro

400 3312 528 3346 νοια
557 3295 707 3346 ποιεῖ
734 3290 824 3345 καὶ
860 3291 1238 3364 μετασκευάζει
1266 3292 1403 3347 κατὰ
1431 3291 1495 3346 τὸ
1525 3292 1731 3366 ἑκάστῳ
1759 3296 1867 3348 τῶν
1900 3292 2198 3365 ἀνθρώπων
2230 3293 2510 3367 χρήσιμον
2536 3310 2550 3360 ;

474 3385 761 3439 Caeterum
785 3382 879 3438 hic
901 3383 1221 3455 imperator
1251 3399 1472 3455 pronus
1489 3385 1560 3439 ad
1589 3384 1735 3438 iram
1755 3388 1812 3439 et
1845 3399 2053 3454 magna

2237 3380 2606 3454 Εὖέμπτωτος
2686 3378 2731 3435 δ’
2807 3380 2882 3436 ὥν
2956 3384 2984 3437 ὁ
3062 3382 3319 3457 βασιλεὺς
3368 3384 3445 3446 είς
3493 3386 3688 3459 θυμὸν,
3726 3387 3815 3441 καὶ

405 3472 478 3527 de
508 3470 823 3541 semetipso
881 3470 1261 3542 persuasione
1317 3471 1605 3539 imbutus,
1660 3486 1775 3526 non
1820 3475 2049 3527 tantum

398 3558 512 3616 levi
544 3560 617 3616 de
647 3575 825 3616 causa
854 3560 954 3615 sed
987 3558 1163 3615 etiam
1194 3576 1265 3614 ex
1294 3560 1456 3616 inani
1487 3559 1843 3633 suspicione,
1877 3566 1933 3617 et
1955 3559 2052 3616 ali-

402 3650 638 3722 quando
686 3649 934 3705 aliorum
992 3648 1275 3720 impulsu,
1312 3649 1532 3705 multos
1563 3650 1715 3706 male
1762 3650 2050 3706 tractavit.

401 3738 545 3795 Nam
576 3743 633 3795 et
678 3737 1079 3795 Andronicum
1110 3739 1481 3796 Comnenum
1512 3739 1662 3811 (erat
1690 3739 1741 3795 is
1770 3738 1952 3796 Alexii
1984 3741 2052 3795 {l-

399 3831 539 3901 lius,
573 3828 693 3886 nati
722 3845 792 3886 ex
823 3829 1113 3901 Bryennio
1155 3833 1377 3885 Caesare
1406 3832 1464 3885 et
1492 3831 1659 3885 Anna
1690 3829 1815 3885 {ilia
1844 3829 2054 3899 Alexii,

404 3920 580 3995 primi
637 3936 705 3977 ex
780 3918 1101 3975 Comnenia
1158 3918 1377 3975 familia
1461 3918 1877 3991 imperatoris),
1956 3920 2058 3991 qui

403 4007 832 4066 Thessalonica
894 4012 1161 4080 praeerat,
1220 4007 1480 4064 delatum
1514 4025 1545 4063 a
1605 4008 1857 4078 quodam
1889 4007 2056 4079 quasi

404 4114 650 4171 regnum
710 4097 1024 4165 aﬂ‘ectaret,
1057 4113 1241 4168 eaque
1273 4099 1343 4153 de
1374 4113 1434 4152 re
1462 4112 1597 4153 cum
1628 4096 1826 4153 Alexio
1880 4097 2056 4152 notho

405 4188 525 4243 ﬁlio
556 4185 863 4256 Manuelis,
898 4187 1123 4258 pridem
1158 4186 1639 4256 sebastocratore,
1661 4191 1787 4242 tnm
1829 4187 2056 4243 Drama

407 4277 673 4348 degente,
732 4292 1034 4331 sermones
1067 4277 1348 4344 conferre,
1409 4276 1610 4332 statim
1669 4276 2055 4348 comprehen-

407 4365 664 4420 dendum
697 4369 912 4419 censet.
938 4363 981 4419 li
1030 4382 1161 4422 vero
1193 4365 1409 4436 quibus
1442 4365 1498 4421 id
1532 4366 1877 4421 mandatum
1910 4370 2056 4432 erat,

408 4468 543 4508 cum
576 4452 633 4507 in
668 4453 1072 4509 Andronicum
1095 4455 1167 4509 ad
1198 4455 1612 4525 imperatorem
1644 4456 2056 4511 ascendentem

410 4543 782 4606 incidissent,
865 4543 1137 4597 mandata
1195 4544 1591 4614 neglexerunt,
1663 4546 1841 4601 feram
1903 4545 2058 4602 ultro

409 4631 629 4703 Cpolim
688 4635 969 4701 tanquam
1005 4631 1335 4703 decipulam
1394 4633 1842 4704 ingredientem,
1902 4640 1959 4691 et
1986 4637 2056 4691 ad

414 4735 551 4777 eum
582 4718 909 4774 venientem
942 4735 975 4775 a
1022 4736 1137 4791 quo
1169 4726 1521 4791 captaretur,
1578 4738 1691 4777 non
1724 4723 2057 4779 terrendam

411 4825 539 4868 esse
570 4808 699 4865 rati.
732 4808 841 4873 Qui
872 4825 1004 4865 cum
1036 4809 1096 4864 in
1132 4809 1337 4866 Isaacii
1366 4814 1741 4882 conspectum
1784 4813 2061 4880 venisset,

408 4900 607 4958 statim
640 4896 902 4971 perﬁdia
922 4896 1323 4954 insimulatur.
1355 4898 1433 4953 Eo
1460 4897 1681 4954 crimen
1710 4899 1764 4953 id
1793 4904 2062 4971 negante.

407 4990 635 5062 species
686 4988 958 5062 quaedam
1010 4986 1226 5060 judicii
1284 4986 1656 5046 instituitur:
1700 4987 1803 5044 sed
1860 4988 2068 5046 deinde

408 5082 560 5140 557
602 5080 825 5136 indicta
883 5094 1061 5134 causa
1091 5076 1551 5149 comprehensus
1607 5077 1976 5135 Andronicus
2007 5078 2065 5134 in

412 5183 704 5227 carcerem
738 5168 1050 5241 conjicitur
1079 5173 1135 5225 et
1177 5166 1350 5241 paulo
1382 5171 1512 5239 post
1535 5171 1873 5225 excecatur.
1932 5168 2065 5224 Ale-

413 5259 545 5315 xius
576 5276 730 5324 vero,
764 5258 865 5332 qui
891 5258 941 5314 ei
993 5257 1265 5314 conscius
1291 5273 1418 5314 esse
1472 5256 1796 5327 dicebatur,
1825 5256 1884 5312 in
1932 5272 2066 5314 mo-

412 5350 732 5405 nasterium
808 5349 1106 5421 quoddam
1165 5347 1400 5420 Papycii
1485 5347 1726 5414 montis,
1779 5347 1947 5404 nobis
2007 5348 2067 5403 id

418 5436 815 5493 ministerium
866 5438 1344 5511 exsequentibus,
1404 5437 1794 5494 abstruditur.
1828 5442 1905 5494 De
1957 5454 2068 5510 quo

414 5534 547 5575 cum
608 5523 791 5578 multa
821 5524 1014 5582 dicere
1066 5541 1323 5598 possem,
1357 5544 1546 5600 pauca
1576 5528 1861 5583 duntaxat
1891 5527 2067 5583 attin-

418 5622 575 5681 gam.
608 5606 735 5664 Non
766 5615 892 5665 erat
945 5611 1043 5668 ille
1074 5629 1345 5683 procerus
1377 5616 1663 5674 duntaxat
1718 5621 1775 5672 et
1820 5615 1987 5672 fortis
2016 5622 2071 5673 et

2167 3469 2380 3548 μεγάλα
2428 3470 2551 3546 περὶ
2619 3472 2810 3526 ἑαυτοῦ
2868 3474 3286 3550 φανταζόμενος,
3345 3474 3445 3528 οὐκ
3500 3475 3560 3530 ἐκ
3618 3482 3815 3550 μικρᾶς

2166 3559 2331 3631 μόνον
2362 3558 2795 3637 παραρῥιφείσης
2828 3554 3025 3631 λαϐῆς,
3056 3558 3202 3616 ἀλλὰ
3228 3561 3333 3616 κάκ
3361 3558 3531 3636 μόνης
3557 3565 3808 3627 ὑπονοίας

2162 3645 2333 3702 ένιοτε
2372 3647 2462 3702 καὶ
2519 3654 2620 3718 τῆς
2673 3648 2819 3723 παρά
2867 3670 3027 3704 τινων
3084 3649 3418 3726 εἰσηγήσεως
3474 3658 3652 3716 κακῶς
3707 3653 3809 3708 ἐτί-

2166 3748 2244 3800 θει
2275 3734 2545 3797 πολλούς.
2576 3738 2681 3792 Τόν
2726 3758 2785 3792 τε
2827 3738 2933 3814 γὰρ
2980 3741 3263 3813 Κομνηνὸν
3325 3739 3658 3817 Ἀνδρόνικον
3705 3744 3793 3814 (ἦν

2166 3823 2223 3879 δὲ
2253 3825 2415 3887 οὗτος
2462 3824 2709 3896 Ἀλεξίου
2768 3833 2918 3899 παῖς,
2966 3831 3023 3885 δν
3071 3829 3358 3906 Βρυέννιος
3405 3831 3432 3885 ὁ
3470 3833 3661 3907 Καῖσαρ
3703 3833 3791 3886 καὶ

2164 3915 2333 3971 Ἀννα
2363 3913 2602 3989 ἐγείνατο
2643 3919 2677 3986 ἡ
2723 3918 2960 3993 θυγάτηρ
3019 3915 3268 3990 Ἀλεξίου
3328 3925 3424 3977 τοῦ
3473 3926 3693 3996 πρῶτως
3739 3920 3803 3977 έκ

2169 4005 2474 4077 Κομνηνῶν
2557 4005 2999 4080 βασιλεύσαντος)
3076 4005 3128 4061 ἐν
3206 4014 3287 4081 τῷ
3360 4010 3620 4087 χειρίζειν
3712 4012 3811 4081 τὴν

2166 4092 2609 4149 Θεσσαλονικέων
2651 4094 2830 4170 ἀρχὴν
2878 4095 3320 4171 εἰσηγησαμένου
3372 4101 3519 4161 τινὸς
3566 4109 3663 4171 τῆς
3718 4102 3811 4176 βα-

2168 4182 2376 4244 σιλείας
2453 4183 2575 4258 έρᾷν
2653 4184 2745 4238 καὶ
2818 4183 3257 4261 κοινολογεῖσθαι
3332 4189 3452 4261 περὶ
3508 4194 3607 4244 τοῦ
3655 4190 3813 4266 ἔργου

2174 4276 2253 4345 τῷ
2292 4272 2488 4347 πρώην
2549 4267 3006 4345 σεϐαστοκράτορι
3068 4274 3320 4349 ’Δλεξίῳ,
3376 4282 3456 4350 τῷ
3509 4280 3658 4347 νόθῳ
3718 4281 3818 4351 υἱῷ

2164 4365 2260 4416 τοῦ
2291 4361 2711 4436 αὐτοκράτορος.
2747 4362 3037 4433 Μανουήλ,
3087 4366 3224 4419 κατὰ
3274 4367 3374 4439 τήν
3428 4371 3650 4443 Δράμαν
3699 4370 3819 4424 τότε

2167 4447 2434 4528 διάγοντι,
2508 4449 2667 4514 εὐθὺς
2733 4455 2829 4507 τοῦ
2881 4450 3263 4531 συλληφθῆναι
3312 4456 3482 4531 κρίνει
3532 4458 3701 4529 ἃξιον.
3756 4458 3820 4515 Οἱ

2170 4542 2264 4613 μὲν
2306 4541 2397 4595 οὗν
2428 4540 2522 4601 εἰς·
2582 4545 2745 4596 τοῦτο
2804 4541 3206 4606 ἀποσταλέντες
3264 4546 3339 4607 ὡς
3387 4545 3643 4625 ἐνέτυχον
3711 4550 3824 4606 ’Λν-

2168 4627 2403 4704 δρονίκῳ
2433 4632 2569 4704 πρὸς
2619 4628 2851 4705 βασιλέα
2894 4629 3189 4703 ἐπανιόντι,
3250 4632 3403 4690 οὐδὲν
3462 4635 3537 4691 ὧν
3598 4638 3826 4713 ὡρίσθη.

2171 4740 2262 4773 σαν
2341 4717 2770 4795 διαπεπράχασι,
2829 4717 2948 4777 δέον
3008 4721 3286 4797 κρίναντες
3345 4726 3423 4799 μὴ
3482 4723 3823 4804 προσοϐῆσαι

2168 4810 2231 4863 τὸ
2289 4818 2509 4882 θήραμα
2573 4808 2831 4880 έκόντως,
2898 4810 2972 4872 ὡς
3041 4807 3263 4867 δίδωσιν
3350 4816 3507 4888 ὁρᾷν,
3582 4817 3821 4892 καθάπερ

2175 4895 2252 4959 εἷς
2316 4896 2618 4973 γαλεάγραν
2692 4901 2791 4968 τήν
2873 4901 3448 4959 Κωνσταντινούπολιν
3508 4905 3673 4962 εἶσιὸν
3736 4907 3827 4962 καὶ

2176 4985 2393 5061 έγγίζον
2430 4991 2508 5058 τῷ
2561 4986 2879 5063 προθεμένῳ
2930 4985 3243 5047 συλλαϐεῖν.
3294 4993 3509 5072 Ὀφθεὶς
3561 4992 3618 5051 δὲ
3671 4999 3827 5071 βασι-

2178 5077 2266 5135 λεῖ
2315 5076 2568 5149 Ἰσαακίῳ
2629 5074 2978 5154 Ἀνδρόνικος
3035 5079 3111 5140 εἷς
3168 5079 3419 5137 ἀπιστίαν
3476 5083 3633 5149 εὐθὺς
3690 5087 3828 5140 ὀνει-

2180 5164 2402 5236 δίζεται.
2479 5165 2742 5222 Κάκείνου
2835 5168 2961 5229 τοὺς
3065 5166 3332 5248 ἐλέγχους
3435 5174 3832 5245 ἀπαιτήσαντος

2178 5263 2376 5333 σχῆμα
2405 5256 2568 5328 μόνον
2623 5251 2948 5326 διαιτήσεως
2997 5256 3063 5312 τὰ
3111 5264 3211 5327 τῆς
3258 5257 3420 5332 δίκης
3468 5259 3702 5332 ἐδέξατο,
3758 5264 3831 5321 Τὸ

2180 5345 2226 5402 δ’
2255 5348 2319 5402 ἐκ
2362 5344 2559 5401 τούτου
2608 5344 2659 5417 ἐξ
2718 5343 2930 5420 ἐρήμου
2990 5347 3273 5423 συσχεθεὶς
3341 5348 3692 5425 Ἀνδρόνικος
3755 5353 3832 5408 είς

2179 5433 2430 5511 φυλακὴν
2498 5432 2784 5509 ἀπάγεται,
2855 5436 2990 5507 μετὰ
3052 5437 3248 5510 μικρὸν
3310 5435 3367 5493 δὲ
3433 5439 3524 5494 καὶ
3585 5442 3685 5504 τὰς
3736 5443 3835 5498 κό-

2181 5547 2274 5601 ρας
2325 5523 2662 5580 ἐκκόπτεται.
2725 5523 2829 5579 Καὶ
2884 5524 2978 5579 τὸν
3036 5526 3326 5602 συνίστορα
3391 5525 3449 5583 δὲ
3503 5530 3681 5604 τούτῳ
3725 5539 3830 5603 τῆς

2181 5613 2465 5690 βασιλείας
2495 5612 2785 5688 λεγόμενον
2829 5615 2967 5670 εἶναι
3022 5613 3267 5687 Ἀλέξιον
3309 5618 3401 5673 τὸν
3451 5623 3554 5687 τῆς
3606 5626 3833 5698 Κομνη.
