4116 6206
258 332 374 397 ’193

1377 332 1477 392 DE
1520 326 1837 392 ISAACIO
1881 332 2192 395 ANGELO
2236 333 2385 395 LIB.
2432 328 2537 395 III.

3552 329 3673 391 ’194

249 476 349 540 νῆς
409 463 697 542 Θεοδώρας
755 465 869 521 υἱὸν
921 461 1200 540 ἀποκείρει
1263 464 1342 527 εἰς
1393 464 1709 536 μονάζοντα,
1744 465 1906 534 ἡμῶν

2039 467 2486 535 rordatissimus,
2542 466 2707 522 vultu
2753 467 2977 533 patrem
3032 461 3203 534 plane
3256 461 3536 529 referens,
3580 481 3672 519 ro-

257 558 716 634 ὗπουργησάντων
775 559 851 625 τῷ
911 553 1058 631 ἔργῳ
1106 555 1225 608 καθ’
1281 549 1333 608 ἓν
1392 558 1499 607 τῶν
1536 553 1587 607 ἐν
1617 558 1694 623 τῷ
1728 558 1913 608 Παπυ-

256 648 359 721 κίῳ
389 646 678 718 σεμνείων.
741 643 868 717 Περὶ
931 643 992 697 οὗ
1049 645 1137 698 καὶ
1199 642 1300 697 οὐκ
1358 640 1524 717 ὀλίγα
1557 643 1724 697 εἰπεῖν
1756 638 1912 695 δυνά-

259 758 421 810 μενος
465 735 677 810 βραχέα
731 753 1101 805 μεμνησομαι.
1169 730 1246 787 Οὐ
1303 732 1407 807 γάρ
1464 731 1531 800 ἦν
1595 732 1759 805 μόνον
1829 733 1916 783 εύ-

265 829 450 899 μήκης
506 824 598 878 καὶ
660 820 907 897 ἀνδρεῖος
965 821 1051 875 καὶ
1109 819 1330 894 πλήρης
1384 820 1666 885 συνέσεως,
1723 816 1915 892 πατρί’

262 920 367 985 ζων
395 916 495 983 τὴν
558 908 683 985 ὄψιν
742 905 983 985 ἀκριϐῶς
1039 909 1135 973 τάς
1192 931 1250 965 τε
1309 915 1498 984 χεῖρας
1536 908 1770 981 ἀκμαῖος
1825 907 1914 961 καὶ

262 1005 391 1067 τοὺς
413 1004 604 1075 ὤμους
634 1002 754 1057 κατ’
797 1000 996 1055 ἐκεῖνον
1048 999 1273 1073 ὕπερθεν
1329 996 1475 1074 ἔχων
1527 998 1732 1071 εὐρέας,
1769 995 1916 1053 ἀλλὰ

254 1092 347 1149 καὶ
378 1091 454 1146 ὡς
486 1089 682 1145 ἐπίπαν
722 1088 979 1163 μείλιχος
1021 1088 1110 1143 καὶ
1163 1088 1523 1151 εὐέντευκτος.
1584 1088 1727 1163 Πρὸς
1756 1086 1790 1142 ἅ
1824 1085 1916 1141 καὶ

258 1183 286 1237 ὁ
316 1177 602 1243 πολύτλας
631 1175 983 1252 Ἀνδρόνικος
1013 1174 1221 1232 ἀπιδὼν
1263 1178 1365 1248 τήν
1397 1175 1597 1231 οἰκείαν
1654 1177 1916 1250 θυγατέρα

254 1269 497 1346 Εἰρήνην
551 1266 880 1342 έμνήστευσε
935 1272 1012 1339 τῷ
1096 1263 1272 1341 ἀνδρὶ,
1331 1266 1520 1341 κρίνας
1584 1266 1673 1321 καὶ
1735 1284 1915 1340 παραο

255 1360 461 1431 νόμους
503 1358 712 1434 γάμους
770 1354 1121 1424 τετελεκέναι,
1182 1355 1227 1409 εἰ
1285 1353 1481 1428 μέλλει
1544 1354 1706 1427 μόνον
1761 1352 1918 1410 Ἀλέ-

260 1450 378 1520 Em:
444 1453 558 1509 τοῖς
623 1445 1016 1523 γνησιωτέροις
1074 1444 1259 1516 ἐκεινῳ
1340 1446 1647 1520 συγγενέσιν
1722 1442 1912 1518 ἐγγρά-

261 1540 475 1615 φεσθαι,
558 1537 675 1599 ὅθεν
737 1533 1007 1596 πλειόνως
1073 1533 1252 1605 τούτῳ
1320 1535 1458 1607 ἤπερ
1543 1539 1659 1595 τοῖς
1744 1534 1915 1588 υἱεῦσι

258 1623 579 1700 προσέκειτο
638 1625 923 1699 πρότερον,
989 1624 1079 1678 καὶ
1145 1630 1245 1691 τῆς
1331 1620 1615 1697 βασιλείας
1685 1620 1916 1695 ἐμελέτα

255 1715 608 1789 καταλείψειν
668 1711 954 1788 διάδοχον.
1012 1708 1606 1786 Μεταϐουλευσάμενος
1648 1710 1694 1767 δ’
1758 1711 1913 1767 ὕστε-

2026 557 2215 611 bustis
2246 559 2523 612 manibus
2551 562 2608 611 et
2640 556 2770 609 latis
2804 555 3088 618 humeris,
3115 554 3213 607 sed
3250 554 3428 627 etiam
3470 555 3669 607 huma-

2027 644 2304 701 nissimus
2331 653 2389 700 et
2418 662 2651 701 accessu
2687 644 3022 699 facillimus.
3050 643 3205 705 Quas
3234 643 3305 696 ob
3331 658 3420 696 res
3449 660 3671 696 ειμι-ιιιιιι

2026 749 2209 790 nosus
2255 733 2352 789 ille
2437 735 2809 789 Andronicus
2868 731 3047 785 tiliam
3119 731 3169 786 ei
3232 748 3396 785 suam
3467 732 3671 786 Ircnen

2026 824 2437 895 desponderat,
2498 838 2602 879 nec
2632 824 2705 877 ab
2758 822 2994 877 incestis
3051 820 3274 891 nuptiis
3329 821 3672 885 abhorrens,

2028 912 2200 967 modo
2249 912 2514 967 Alexium
2547 912 2759 966 intima
2787 909 3181 965 familiaritate
3212 908 3321 964 sibi
3354 910 3674 979 conjunge-

2025 1007 2129 1057 ret.
2166 1001 2328 1056 Unde
2388 1003 2606 1057 factum
2640 1005 2729 1055 est
2777 1004 2839 1054 ut
2872 999 3057 1071 pluris
3085 1014 3216 1054 eum
3252 998 3464 1054 faceret
3494 1015 3671 1069 quam

2026 1091 2250 1163 pridem
2282 1091 2433 1145 ﬁlios
2465 1107 2627 1154 suos,
2658 1096 2716 1144 et
2772 1087 3004 1160 imperii
3060 1104 3451 1143 successorem
3503 1088 3677 1142 relin-

2026 1196 2202 1252 quere
2227 1179 2284 1235 in
2317 1180 2514 1235 animo
2550 1179 2822 1234 haberet:
2868 1177 2969 1232 scd
3003 1180 3138 1248 post
3172 1182 3396 1231 mutato
3427 1175 3676 1231 consilio

2026 1270 2210 1325 ﬁlium
2240 1270 2522 1327 Joannem
2562 1271 2612 1324 ei
2666 1268 2931 1339 praetulit,
2989 1267 3233 1339 suisque
3284 1268 3677 1322 familiaribus

2026 1360 2169 1415 dixit
2200 1361 2511 1431 imperium
2551 1358 2745 1412 divino
2777 1356 3021 1413 consilio
3071 1373 3185 1411 non
3221 1356 3293 1411 ab
3327 1360 3366 1409 A
3400 1357 3456 1412 in
3491 1358 3537 1411 A
3569 1357 3670 1411 sed

2025 1446 2081 1502 in
2112 1451 2132 1503 Ι
2165 1449 2356 1520 potius
2389 1449 2799 1502 transiturum.
2837 1451 2907 1499 Ea
2941 1447 3230 1501 sententia
3282 1451 3522 1511 mutata,
3557 1461 3674 1500 una

2024 1538 2199 1594 etiam
2232 1540 2497 1593 ardorem
2531 1538 2749 1592 amoris
2807 1552 2943 1606 erga
2993 1536 3251 1590 Alexium
3313 1535 3670 1590 immutavit.

2022 1627 2222 1699 Neque
2272 1628 2425 1683 enim
2488 1633 2552 1682 ut
2600 1627 2764 1698 prius
2827 1628 3156 1691 amabatur,
3218 1641 3404 1696 neque
3457 1624 3675 1695 ubique

2020 1716 2394 1789 imperatoris
2446 1715 2615 1771 lateri
2646 1715 3001 1777 adhaerebat.
3049 1715 3149 1768 sed
3210 1718 3274 1768 ut
3318 1712 3678 1768 charissimaa

257 1824 352 1877 ρον
383 1806 477 1861 τὸν
517 1805 634 1859 υἱὸν
665 1804 922 1873 Ἰωάννην
963 1799 1270 1872 ἀνθείλετο,
1327 1800 1587 1875 εἰρηκὼς,
1643 1801 1779 1874 πρὸς
1818 1801 1911 1862 οὓς

2039 1804 2154 1861 ilics
2186 1806 2458 1873 maritus,
2491 1810 2724 1861 tantum
2757 1803 2979 1859 honore
3002 1803 3257 1874 quodam
3290 1802 3677 1858 afﬁciebatur.

255 1895 554 1951 ἆνέπτυσσε
592 1894 659 1949 τὰ
686 1898 792 1949 τῶν
839 1891 1236 1968 βουλευμάτων
1291 1890 1577 1967 άπόρρητα
1630 1894 1706 1963 μὴ
1768 1889 1817 1960 ἐξ
1877 1895 1915 1947 Α

2039 1895 2242 1951 Verum
2297 1892 2599 1962 aliquanto
2631 1901 2760 1963 post
2820 1897 2876 1947 et
2904 1891 3065 1947 hunc
3118 1890 3340 1946 lumine
3371 1890 3521 1948 558
3564 1891 3682 1963 pri-

256 1985 333 2046 εἷς
366 1993 411 2040 A
434 1986 534 2052 τὴν
567 1981 850 2058 βασιλείαν
916 1986 1258 2054 μεταπεσεῖν,
1317 1979 1464 2035 ἀλλὰ
1507 1984 1585 2052 τῷ
1621 1983 1639 2037 [
1703 1977 1915 2052 μᾶλλον

254 2073 585 2149 προσρέπειν
616 2071 708 2127 καὶ
748 2070 825 2131 εἷς
855 2074 1018 2126 τοῦτο
1071 2069 1287 2142 μᾶλλον
1343 2068 1521 2124 θεόθεν
1575 2068 1917 2144 συνάγεσθαι.

253 2164 407 2235 ’Λμα
465 2159 523 2216 δὲ
581 2165 651 2233 τῇ
708 2159 991 2232 μεταθέσει
1038 2165 1140 2227 τῆς
1193 2158 1424 2232 γνώμης
1483 2157 1517 2227 ἢ
1608 2157 1750 2232 εἶχεν
1838 2154 1920 2210 ἐπ’

257 2250 495 2322 ’Δλεξίῳ
527 2246 902 2324 Ἀνδρόνικος,
933 2248 1024 2301 καί
1055 2253 1157 2317 τῆς
1223 2246 1496 2307 συντονίας
1533 2250 1629 2301 τοῦ
1687 2244 1920 2322 φίλτρου

263 2336 552 2408 ὑπέληξεν.
586 2335 658 2390 Οὐ
717 2335 821 2410 γὰρ
871 2335 945 2397 ὡς
1014 2335 1265 2411 συμφυής
1323 2328 1398 2389 ἔτι
1458 2330 1919 2409 περιεσπούδαστο

258 2427 348 2482 καὶ
378 2425 673 2504 ὁμόψυχος
704 2426 732 2479 ὁ
767 2424 1037 2494 Ἀλέξιος,
1097 2421 1223 2478 ἀλλ’
1280 2423 1353 2486 ὡς
1412 2422 1646 2502 φιλτάτῃ
1703 2423 1922 2497 θυγατρὶ

261 2521 528 2572 συνοικῶν
563 2511 635 2568 δι’
665 2510 855 2573 αἰδοῦς
890 2513 1054 2586 μόνον
1085 2513 1168 2587 [Ρ.
1229 2515 1357 2585 273]
1388 2512 1554 2588 ἤγετο
1593 2512 1683 2565 καὶ
1729 2517 1921 2583 τιμῆς,

258 2606 412 2662 Μετά
472 2601 530 2660 δέ
586 2623 709 2658 τινα
763 2602 954 2674 καιρὸν
1036 2600 1133 2656 καὶ
1214 2605 1410 2656 τοῦτον
1475 2601 1773 2670 άπεξένωσε
1827 2604 1924 2655 τοῦ

261 2695 467 2775 φωτὸς,
526 2694 628 2762 τὴν
678 2690 726 2746 δ’
789 2690 963 2746 αἰτίαν
992 2690 1347 2767 προειπόντες
1394 2684 1617 2769 ἔχομεν.
1653 2688 1926 2759 Ἀνακλη-

263 2783 374 2848 θεῖς
430 2780 488 2837 δὶ
543 2781 680 2855 μετὰ
734 2782 902 2835 ταῦτα
940 2780 1077 2855 πρὸς
1139 2782 1237 2834 τοῦ
1320 2776 1591 2855 βασιλέως
1646 2778 1924 2835 Ἰσαακίου

260 2872 350 2929 καὶ
401 2872 508 2926 ἀπὸ
569 2865 1067 2944 σεϐαστοκράτορος
1147 2867 1223 2930 είς
1293 2867 1534 2943 Καίσαρα
1619 2866 1924 2939 ὑποδεθεὶς,

266 2965 342 3026 ὡς
401 2962 544 3037 εἶχε,
601 2961 669 3015 τὰ
719 2960 917 3033 ἀρχεῖα
974 2957 1212 3029 ἐξέκλινε
1278 2958 1369 3013 καὶ
1424 2960 1525 3029 τὴν
1584 2959 1702 3013 καθ’
1737 2959 1923 3013 ἑαυτὸν

264 3050 461 3109 ἐδίωκε
494 3050 712 3125 βίωσιν,
742 3047 890 3117 πλὴν
922 3046 1038 3103 οὐδ’
1094 3046 1267 3111 οὕτως
1316 3048 1406 3103 τὸν
1441 3045 1648 3103 ἄλυπον
1701 3046 1930 3123 ἐκίχησε

268 3142 410 3218 βίον.
444 3143 585 3198 Τότε
614 3137 659 3193 δ’
692 3136 783 3193 οὖν
802 3139 902 3208 τήν
936 3137 1024 3193 ἐπὶ
1078 3138 1146 3193 τὰ
1198 3136 1374 3216 χείρω
1430 3132 1508 3192 ἔτι
1552 3134 1766 3210 μᾶλλον
1817 3140 1923 3192 τῶν

2021 1986 2195 2052 vavit,
2241 1985 2411 2054 cujus
2442 2000 2621 2055 poena;
2675 1997 2914 2038 causam
2949 1987 3083 2037 ante
3143 1982 3423 2036 diximus.
3460 1980 3682 2035 Deinde

2021 2077 2092 2133 ab
2140 2076 2492 2146 imperatore
2522 2072 2743 2128 Isaacio
2802 2076 3127 2140 revocatus,
3172 2074 3228 2125 et
3282 2086 3385 2141 pro
3417 2070 3679 2124 sebasto-

2027 2168 2251 2222 cratere
2289 2163 2478 2219 Caesar
2503 2160 2873 2231 designatus,
2909 2159 3215 2231 palatium,
3247 2163 3541 2230 quantum
3574 2173 3678 2228 po-

2025 2254 2159 2320 tuit,
2211 2251 2437 2320 vitavit,
2488 2250 2846 2321 privatasque
2902 2248 3033 2303 vitm
3067 2262 3129 2303 se
3160 2247 3401 2302 dedidit.
3450 2247 3561 2303 Sed
3608 2262 3683 2303 ne

2029 2343 2115 2400 sic
2168 2342 2404 2414 quidem
2438 2339 2738 2396 molestias
2787 2338 3014 2411 eﬂ’ugit.
3047 2338 3194 2393 Tum
3236 2353 3367 2393 vero
3400 2337 3575 2393 rebus
3622 2337 3683 2393 in

2028 2434 2199 2506 pejus
2258 2430 2588 2497 ruentibus,
2619 2445 2755 2484 cum
2787 2427 2838 2484 ei
2870 2427 3124 2500 capillus
3155 2427 3558 2483 detondendns
3589 2443 3686 2483 es-

2033 2526 2143 2591 set,
2175 2535 2290 2575 non
2325 2532 2557 2591 panem,
2585 2517 2928 2589 [spongiam
2963 2519 3021 2571 et
3074 2516 3357 2572 citharam
3403 2515 3589 2588 petiit,
3622 2517 3688 2572 ut

2031 2608 2173 2665 olim
2207 2606 2446 2678 quidam
2507 2605 2643 2661 fecit
2673 2605 2914 2660 fortunae
2944 2603 3311 2677 iniquitatem
3362 2610 3634 2677 expertus
3668 2604 3683 2643 ³

2033 2710 2270 2769 panem,
2331 2698 2395 2751 ut
2429 2708 2644 2766 corpus
2673 2693 2955 2749 diuturna
3002 2692 3155 2749 fame
3212 2692 3558 2749 exhaustum
3593 2709 3683 2749 re-

2035 2790 2258 2843 crearet
2296 2802 2310 2853 ;
2342 2784 2647 2855 citharam,
2673 2788 2740 2841 ut
2771 2782 2927 2839 mala
2956 2800 3063 2840 sua
3092 2782 3422 2855 deploraret
3448 2801 3463 2852 ;
3497 2800 3683 2856 spon-

2036 2877 2215 2950 giam,
2277 2880 2340 2930 ut
2369 2874 2662 2944 lacrymas
2718 2875 3079 2945 abstergeret
3117 2889 3136 2927 :
3179 2874 3282 2928 sed
3327 2889 3499 2929 casus
3555 2871 3687 2929 illos

2038 2980 2206 3037 aequo
2249 2963 2384 3020 tulit
2428 2964 2648 3028 animo,
2681 2962 2827 3018 nihil
2885 2963 2958 3018 de
3004 2962 3375 3018 Providentia
3421 2965 3686 3034 questus,

2038 3071 2227 3128 neque
2279 3055 2550 3111 Fortunae
2607 3053 2902 3110 levitatem
2934 3061 2989 3109 et
3027 3052 3368 3109 varietatem
3421 3052 3479 3107 in
3514 3052 3690 3108 rebus

2039 3144 2319 3201 humanis
2369 3142 2796 3216 permiscendis
2824 3142 3167 3198 insectatus.
3228 3142 3520 3198 Bonorum
3554 3158 3686 3198 vero

263 3217 603 3307 πραγμάτων
662 3225 807 3303 ἔχων
863 3230 1032 3304 φορὰν
1112 3226 1201 3281 καὶ
1271 3221 1587 3300 μετάϐασιν,
1641 3226 1732 3281 καὶ
1794 3224 1929 3299 μέλ-

2041 3251 2284 3293 suorum
2340 3234 2699 3306 ereptionem
2765 3231 3007 3305 perinde
3056 3231 3372 3288 aastimavit
3422 3236 3487 3286 ut
3533 3231 3686 3287 alius

264 3321 376 3377 λων
411 3322 490 3392 μὴ
532 3318 668 3373 ἑκὼν
716 3316 1131 3390 ἀποθρέξασθαι,
1190 3315 1300 3392 οὺχ
1352 3313 1449 3371 ἕνα
1504 3311 1704 3390 ᾔτησεν
1761 3314 1922 3390 ἄρτον

260 3410 352 3466 καὶ
432 3414 676 3483 σπόγγον
737 3406 829 3462 καὶ
882 3407 1106 3481 κιθάραν
1179 3408 1315 3462 κατά
1396 3404 1566 3461 πάλαι
1649 3406 1772 3460 τινὰ
1826 3411 1927 3473 τῆς

259 3501 444 3575 τύχης
479 3497 798 3571 πειραθέντα
837 3494 1105 3571 σκληρᾶς,
1136 3494 1225 3550 καὶ
1274 3496 1434 3569 ἄρτον
1499 3495 1596 3568 μὲν
1655 3493 1729 3556 ὠς
1780 3491 1924 3573 ἔχων

263 3590 319 3646 ἐν
351 3592 400 3662 ᾧ
431 3591 494 3643 τὸ
522 3592 619 3643 τοῦ
651 3588 905 3659 σώματος
973 3584 1172 3641 έκτενεῖ
1229 3579 1511 3661 βάρϐιτον,
1569 3581 1816 3659 χαλαρὸν
1859 3587 1928 3657 τῇ

262 3684 380 3735 τῶν
438 3676 619 3731 σιτίων
675 3676 900 3731 κενώσει
967 3674 1295 3749 γενόμενον,
1348 3672 1608 3747 ὑποψήλῃ
1661 3672 1728 3728 τὰ
1758 3672 1934 3727 οἰκεῖα

263 3773 385 3832 καθ’
446 3767 635 3821 δαυτὸν
692 3762 1156 3841 δυσπραγήματα,
1244 3761 1509 3836 συνερίθῳ
1582 3765 1651 3835 τῇ
1737 3760 1934 3835 κιθάρᾳ

268 3856 592 3931 χρώμενος,
647 3855 728 3923 τῷ
780 3850 838 3905 δὶ
894 3850 1123 3925 σπόγγῳ
1155 3848 1418 3923 ἀποψήσῃ
1452 3850 1519 3903 τὰ
1547 3853 1658 3904 τῶν
1687 3845 1933 3923 δακρύων

265 3941 776 4016 ἀποκρουνίσματα,
808 3940 943 4014 ἅπερ
977 3938 1051 4002 ὠς
1119 3938 1177 3993 ἐκ
1234 3938 1431 4013 πέτρας
1477 3937 1768 4016 γλαφυρῆς
1824 3940 1934 3991 τῶν

266 4034 543 4107 ὀμμάτων
610 4028 818 4084 ἐκείνου
874 4022 1218 4083 ἀπελείϐετο·
1276 4024 1423 4081 ἀλλὰ
1481 4028 1669 4101 πράως
1737 4024 1939 4103 ἤνεγκε

265 4124 339 4178 τὰ
392 4118 797 4193 συμπίπτοντα,
889 4118 967 4190 μὴ
1053 4115 1459 4183 καταστενάζων
1523 4120 1625 4180 τῆς
1680 4118 1938 4189 προνοίας

271 4208 414 4289 μηδ’
448 4209 501 4271 ἐς
559 4210 624 4264 τὸ
679 4214 778 4277 τῆς
835 4207 1013 4281 τύχης
1074 4203 1303 4260 ἄστατον
1364 4206 1455 4258 καὶ
1530 4203 1936 4281 παλίνστροφον

268 4298 538 4358 ἀπολύων
570 4299 640 4353 τὰ
680 4297 800 4360 καθ’
845 4298 1017 4368 ἡμᾶς,
1051 4295 1150 4362 τήν
1186 4290 1242 4348 δὲ
1271 4297 1379 4348 τῶν
1412 4293 1729 4366 προσόντων
1761 4292 1944 4365 ἐκείνῳ

268 4389 558 4469 ἀφαίρεσιν
626 4384 700 4448 ὠς
768 4380 894 4439 οὐδὲ
968 4389 1163 4452 κτῆσιν
1234 4379 1407 4445 ἄλλος
1464 4401 1545 4443 τις
1605 4380 1942 4454 έλελόγιστο⁸

266 4478 435 4536 Ἐπεὶ
498 4474 544 4531 δ’
603 4472 663 4528 ἐκ
718 4480 815 4543 τῆς
874 4473 1095 4547 Δράμας
1155 4471 1481 4545 ἀπάραντες,
1547 4468 1601 4525 ἐν
1655 4469 1947 4544 ᾖτουτονὶ

2031 3326 2491 3401 possessionem.
2524 3326 2638 3382 Sed
2668 3341 2801 3381 cum
2862 3329 3092 3391 Drama,
3124 3325 3225 3380 ubi
3252 3341 3384 3380 eum
3449 3340 3683 3396 cepera-

2034 3432 2193 3487 mus,
2242 3414 2665 3488 Mosynopolim
2741 3413 2983 3486 profecti
3042 3414 3353 3487 Papycium
3427 3422 3684 3470 montem

2036 3506 2335 3564 escensuri
2361 3520 2649 3572 essemus,
2684 3508 2752 3561 ut
2780 3504 3121 3561 monasticis
3162 3504 3527 3561 caeremoniis
3557 3521 3691 3559 eum

2036 3597 2431 3660 initiaremus,
2467 3599 2591 3649 tum
2625 3598 2693 3649 ut
2744 3593 2857 3648 fert
2885 3598 3102 3650 natura
3151 3594 3435 3660 humana,
3466 3593 3696 3648 tristior

2038 3683 2211 3741 solito
2244 3684 2540 3755 apparuit,
2573 3699 2678 3739 nec
2710 3683 2864 3741 559
2888 3683 2945 3759 id
2972 3699 3088 3754 quo
3113 3684 3348 3738 animus
3371 3682 3698 3752 angebatur

2040 3772 2415 3831 dissimulare
2475 3771 2685 3843 potuit.
2745 3771 2836 3827 Me
2890 3787 3025 3827 vero
3086 3776 3329 3840 urgente
3386 3774 3446 3825 et
3492 3769 3697 3825 subitae

2044 3862 2390 3919 mutationis
2431 3876 2671 3917 causam
2705 3860 3028 3931 rogitante:
3066 3881 3093 3911 ‹‹
3121 3859 3244 3914 Non
3278 3857 3569 3925 habitum,
3603 3858 3695 3912 in-

2043 3952 2193 4024 quit,
2239 3951 2329 4007 vir
2384 3950 2768 4016 amicissime,
2824 3948 3028 4003 horreo
3088 3948 3253 4019 (quid
3313 3947 3469 4004 enim
3521 3947 3698 4002 vestis

2048 4040 2297 4096 mutatio
2346 4037 2590 4110 periculi
2620 4036 2923 4109 habeat?),
2955 4035 3060 4091 sed
3094 4035 3514 4104 promissioncs
3548 4052 3696 4107 quas

2046 4144 2247 4187 secum
2274 4128 2383 4183 fert
2420 4126 2656 4182 habitus
2688 4124 3032 4194 reformido;
3058 4129 3115 4180 et
3140 4125 3473 4198 illud,quod
3491 4127 3561 4181 ad
3582 4142 3701 4180 cce-

2046 4218 2192 4274 leste
2228 4232 2477 4289 regnum
2510 4212 2667 4269 nullo
2698 4216 2869 4269 modo
2901 4218 3075 4285 aptus
3107 4219 3196 4269 est
3238 4214 3289 4270 is
3329 4215 3427 4286 qui
3461 4230 3701 4271 manum

2051 4311 2242 4363 aratro
2290 4304 2473 4362 semel
2517 4305 2812 4359 admotam
2846 4321 2945 4375 per
2988 4304 3279 4360 insaniam
3315 4305 3637 4361 retraxerit.
3673 4328 3701 4355 ››

2051 4395 2155 4451 His
2185 4399 2243 4450 et
2271 4393 2403 4450 aliis
2437 4394 2494 4449 id
2527 4409 2717 4465 genus
2747 4393 2924 4448 dictis
2956 4398 3022 4448 ut
3051 4398 3176 4450 erat
3207 4396 3379 4450 homo
3413 4397 3701 4451 facundus

2054 4489 2113 4541 et
2142 4485 2202 4539 in
2234 4484 2417 4539 sacris
2451 4482 2683 4538 Litteris
2703 4487 2990 4550 versatus,
3022 4483 3425 4540 Christianum
3464 4484 3702 4556 pallium

272 4563 730 4642 συνειλήφειμεν,
777 4562 854 4624 εἰς
917 4559 1302 4616 Μοσυνόπολιν
1362 4560 1670 4638 ἀφικόμεθα
1716 4560 1804 4614 καὶ
1864 4564 1929 4633 τῖε

2049 4572 2268 4628 invitus
2315 4572 2545 4640 induit;
2592 4565 2647 4626 et
2680 4572 2951 4642 precibus
2981 4588 3108 4642 quae
3165 4589 3345 4643 super
3373 4590 3440 4629 eo
3468 4588 3704 4645 perage-

275 4656 555 4726 Ηαπυκίῳ
644 4645 993 4726 προσϐαίνειν
1052 4648 1385 4723 ἐμέλλομεν,
1446 4649 1519 4712 ὡς
1588 4646 1649 4702 ἃν
1715 4649 1782 4703 τὰ
1836 4653 1943 4703 τῶν

279 4746 555 4821 μοναχῶν
614 4739 954 4817 προσταχθέν
1021 4738 1166 4793 οὕτω
1233 4735 1541 4808 τελέσωμεν
1628 4735 1711 4792 ἐπ’
1768 4736 1945 4809 αὐτῷ,

273 4836 407 4892 τότε
502 4830 789 4890 πεπονθώς
873 4850 926 4883 τι
1007 4827 1375 4902 ἀνθρώπινον,
1434 4824 1522 4881 ἐπὶ
1581 4825 1822 4889 συννοίας
1877 4826 1944 4895 ἧν

274 4926 375 4982 καὶ
438 4922 808 4997 ὑπεγνοφοῦτο
865 4919 928 4973 τὸ
980 4918 1275 4992 πρόσωπον
1356 4913 1575 4971 διοίσειν
1637 4914 1736 4970 οὐκ
1800 4914 1946 4991 ἔχων

275 5016 353 5071 τὰ
381 5007 532 5068 ἔνδον
567 5004 849 5073 θλίϐοντά.
885 5006 1243 5083 Ἐγκειμένου
1278 5001 1333 5060 δέ
1395 5026 1501 5078 μου
1559 5005 1648 5060 καὶ
1706 5006 1805 5073 τὴν
1860 5004 1947 5059 αἰ-

275 5104 405 5161 τίαν
445 5099 855 5171 πυνθανομένου
910 5098 1010 5165 τῆς
1069 5096 1285 5169 ἐξάπινα
1328 5089 1661 5168 μεταϐολῆς,
1705 5120 1731 5147 ι(
1766 5094 1838 5150 Οὐ
1888 5095 1950 5150 τὸ

278 5200 512 5269 σχῆμα,
574 5188 731 5264 φησὶ,
788 5188 833 5241 ὧ
900 5184 1128 5262 φίλτατε
1202 5182 1434 5259 ἀνδρῶν,
1490 5181 1640 5239 δέδια
1714 5182 1787 5253 (τί
1847 5184 1950 5261 γὰρ

275 5287 351 5341 τὸ
384 5280 675 5357 διαθροοῦν
706 5274 826 5354 ἔχει
878 5282 986 5333 τῶν
1042 5276 1357 5353 χρωμάτων
1388 5278 1423 5345 ἡ
1457 5275 1679 5350 ἂμιιψις
1711 5276 1774 5347 ς),
1807 5274 1953 5330 ἀλλά

274 5374 356 5431 τὰ
408 5371 500 5427 ἐπὶ
556 5373 637 5442 τῷ
724 5369 978 5443 σχήματι
1028 5368 1307 5446 πεφρικώς
1372 5366 1485 5440 εἰμι
1542 5363 1952 5438 ἐπαγγέλματα,

277 5463 380 5519 καὶ
410 5461 476 5515 τὸ
507 5460 583 5531 μὴ
619 5454 830 5512 εὔθετον
892 5454 968 5517 εἷς
1016 5456 1114 5523 τήν
1174 5458 1281 5509 τῶν
1332 5453 1572 5528 οὐρανῶν
1607 5453 1741 5508 εἶναι
1773 5452 1954 5506 ὁπωσ-

280 5555 385 5608 οὖν
449 5545 732 5624 βασιλείαν
790 5544 886 5599 τὸν
944 5541 1184 5619 βαλόντα
1242 5548 1403 5621 χεῖρα
1443 5541 1525 5597 ἐπ’
1580 5539 1809 5617 ἄροτρον
1864 5540 1954 5594 καὶ

281 5636 600 5716 στραφέντα
624 5627 1034 5715 φρενοϐλαϐῶς.
1071 5655 1101 5684 ››
1142 5631 1246 5689 Καὶ
1294 5632 1322 5686 ὁ
1359 5632 1451 5706 μὲν
1500 5634 1737 5686 τοσαῦτα
1767 5629 1951 5697 εἰπὼν,

276 5730 382 5789 καὶ
414 5726 607 5789 ἄλλως
640 5722 714 5780 ὣν
742 5721 1247 5805 ἀποφθεγματικὸς,
1289 5721 1414 5799 οὐχ’
1461 5720 1640 5779 ἐκοντὶ
1695 5720 1756 5776 τὸ
1822 5720 1958 5776 κατὰ

2056 4663 2288 4730 bantur,
2315 4676 2388 4716 ne
2418 4660 2673 4716 summis
2704 4660 2943 4732 quidem
2976 4661 3219 4717 auribus
3250 4662 3547 4733 admissis,
3576 4668 3709 4720 tan-

2054 4755 2182 4807 tum
2218 4749 2340 4805 radi
2402 4765 2465 4805 se
2495 4754 2550 4805 et
2578 4749 2965 4806 Athanasium
3013 4750 3291 4823 appellari
3347 4769 3554 4823 passus
3597 4761 3706 4808 est.

2058 4839 2207 4895 Illud
2243 4854 2384 4896 sane
2430 4838 2706 4895 admirari
2736 4855 2918 4910 queas
2977 4856 3080 4896 nec
3140 4841 3374 4897 fortuito
3424 4841 3708 4896 accidisse

2058 4930 2244 4997 dicas,
2275 4929 2429 5001 quod
2473 4946 2543 4986 ex
2572 4929 2846 4985 omnibus
2878 4929 3109 5002 Papycii
3140 4931 3354 4987 montis
3386 4930 3549 4987 cellis
3578 4945 3706 4985 eam

2059 5020 2295 5091 delegit,
2349 5020 2407 5074 in
2459 5034 2571 5091 qua
2629 5025 3014 5090 protostrator
3070 5020 3306 5076 Alexius
3363 5038 3397 5074 a
3442 5018 3708 5074 Manuele

2060 5106 2222 5164 nulla
2279 5107 2567 5181 probabili
2628 5110 2699 5163 de
2729 5124 2926 5175 causa,
2986 5112 3052 5163 ut
3080 5108 3219 5163 alibi
3274 5108 3552 5175 diximus,
3604 5108 3709 5163 sed

2060 5202 2284 5253 tantum
2316 5197 2389 5252 ob
2420 5194 2817 5267 amplissimas
2849 5212 2990 5267 opes
3043 5201 3101 5251 et
3152 5197 3511 5265 singularem
3572 5214 3708 5268 pru-

2062 5286 2323 5340 dentiam
2354 5289 2411 5340 et
2441 5284 2499 5339 in
2534 5285 2707 5339 rebus
2750 5283 3023 5356 gerendis
3054 5285 3448 5341 dexteritatem
3479 5291 3711 5357 captus,

2066 5373 2434 5429 mundanum
2474 5371 2752 5443 capillum
2796 5378 3083 5442 posuerat.
3144 5372 3288 5427 Nam
3323 5374 3381 5428 in
3416 5374 3551 5431 fatis
3590 5381 3716 5432 erat

2064 5461 2294 5520 scilicet
2324 5465 2388 5515 ut
2436 5466 2674 5532 paterna
2705 5460 2913 5516 delicta
2973 5461 3031 5517 in
3065 5460 3254 5516 ﬁlium
3287 5464 3712 5535 redundarent,

2068 5551 2220 5607 560
2251 5566 2526 5621 eumque,
2579 5553 2645 5604 ut
2702 5549 3004 5619 proverbio
3051 5551 3284 5619 dicitur,
3313 5556 3516 5624 stupor
3568 5554 3712 5611 den-

2067 5641 2215 5696 tium
2230 5640 2303 5697 ob
2320 5640 2558 5696 acerbas
2581 5655 2723 5695 uvas
2740 5656 2774 5695 a
2796 5643 2957 5712 patre
2978 5644 3250 5713 gustatas
3271 5642 3678 5701 invaderet.Caa
3692 5673 3717 5688 -

2069 5736 2260 5788 terum
2276 5728 2555 5788 trimestri
2578 5731 2693 5787 tem
2701 5745 2835 5802 pore
2853 5730 3114 5789 nondum
3134 5729 3331 5805 elapso
3354 5750 3370 5806 ς
3403 5732 3723 5808 imperator
