4112 6218
451 309 569 371 ’195

1756 308 1880 370 NIC
1890 307 2061 370 ΕΤλΕ
2105 312 2349 374 CHONI
2359 313 2532 374 ΑΤᾹΞ

3729 303 3860 382 796'

451 458 518 498 eo
550 442 685 497 inde
704 443 966 496 revocato
985 456 1047 493 se
1077 456 1141 494 ea
1164 456 1291 509 quae
1317 440 1524 498 faceret
1545 441 1703 497 nulla
1726 459 1858 498 cum
1875 443 2096 499 ratione

2219 445 2447 520 Χριστὸν
2489 443 2653 502 ὑπέδυ
2684 442 2994 521 τριϐώνιον,
3031 445 3161 521 μηδ’
3193 447 3380 522 ἄκροις
3442 447 3540 503 ὠσὶ
3571 449 3635 504 τὰ
3666 449 3849 521 ἐπᾳδό-

454 533 641 587 l‘acere
672 538 728 586 et
782 531 994 600 Euripo
1029 531 1550 586 inconstantiorem
1587 549 1716 586 esse
1765 533 2099 589 declaravit.

451 622 595 676 Nam
627 620 890 674 Alexium
930 634 1138 672 mensae
1162 635 1275 672 suae
1295 621 1620 696 adhibitum
1648 622 1897 677 subinde
1919 625 2104 677 carni-

451 711 564 765 bus
599 715 662 763 ut
697 713 1097 778 Agamemnon
1149 710 1382 778 Ajacem
1440 709 1761 778 honoravit,
1797 712 1998 767 crebro
2040 717 2104 767 ut

451 799 578 854 sine
636 798 986 853 verecundia
1053 797 1201 853 cibis
1261 800 1543 871 appOsitis
1620 800 1910 857 frueretur
1965 801 2105 857 hor-

450 892 604 943 tans.

2215 554 2348 606 μενοι
2373 533 2767 611 ἕνηχούμενος,
2821 539 2988 610 μόνον
3047 536 3096 592 δ’
3153 538 3202 592 έν
3239 544 3360 613 χρῷ
3390 540 3610 613 κουρίας
3641 541 3669 593 6
3704 539 3853 613 ἀκερ-

2213 623 2454 697 σεκόμης
2523 627 2818 703 γενόμενος
2871 630 2961 682 καὶ
3033 631 3460 702 μετονομασθεὶς
3520 631 3851 694 Ἀθανάσιος.

2213 715 2496 785 Θαυμάσαι
2530 713 2576 769 δ’
2607 715 2667 770 ἄν
2699 736 2782 777 τις
2813 716 3021 789 ἐκείνῳ,
3082 715 3220 790 μηδὲ
3283 720 3531 793 τυχαίως
3563 717 3692 788 εἶ’πη
3727 740 3860 792 συμ-

2214 797 2400 870 ϐῆναι.
2443 807 2540 860 Ἐκ
2565 805 2667 880 γὰρ
2703 806 2922 860 ἁπασῶν
2953 809 3062 860 τῶν
3102 808 3239 862 κατᾶ
3267 808 3329 862 τὸ
3365 807 3642 863 [Ιαπύκιον
3679 814 3853 881 μονῶν

2214 891 2418 962 ἐκείνην
2463 900 2734 949 κατοικεῖν
2789 893 3106 969 ᾑρετίσατο,
3164 897 3284 950 καθ’
3314 897 3381 964 ἤν
3425 898 3453 950 ὁ
3510 899 3858 973 πρωτοστρά-

447 999 564 1052 τωρ
599 976 848 1047 ’Δλέξιος
874 984 974 1046 τὴν
1008 978 1283 1050 κοσμικὴν
1314 978 1640 1054 ἀπεκείρατο
1670 978 1838 1055 τρίχα
1868 982 2012 1055 παρὰ
2042 986 2139 1036 τοῦ
2183 981 2453 1056 βασιλέως
2485 983 2821 1061 συλληφθεὶς
2851 985 3113 1055 Μανουήλ
3146 984 3215 1041 δι’
3243 987 3419 1042 αἰτίαν
3451 989 3546 1060 μὶν
3607 986 3862 1062 οὐδαμῶς

450 1065 756 1141 πρόδηλον,
790 1066 864 1126 ὡς
895 1065 950 1121 έν
981 1072 1096 1128 τοῖς
1129 1066 1250 1140 περὶ
1279 1068 1478 1123 τούτου
1513 1066 1738 1143 εἲπομεν
1766 1069 1979 1144 λόγοις,
2010 1071 2095 1124 ὃτι
2127 1067 2172 1124 δ’
2205 1065 2477 1145 ἐϐεϐρίθεν
2509 1071 2735 1146 πλούτῳ
2765 1072 3170 1147 πολυταλάντῳ
3203 1076 3290 1130 καὶ
3321 1077 3387 1144 ἦν
3418 1077 3601 1138 ἱκανὸς
3634 1077 3860 1151 βουλεύ-

454 1162 642 1213 σασθαι
673 1159 761 1212 καὶ
793 1158 1226 1232 καταπράξασθαι
1260 1158 1584 1234 περιδέξιος·
1616 1161 1715 1229 τήν
1748 1163 1852 1236 γὰρ
1880 1159 1942 1216 ἐκ
1968 1165 2078 1216 τῶν
2110 1166 2388 1236 πατρικῶν
2417 1163 2682 1239 όμφάκων
2723 1166 2858 1239 πρὸς
2887 1165 3016 1230 τοὺς
3043 1167 3179 1228 υἱεῖς
3241 1165 3639 1240 μεταρῥέουσαν
3698 1169 3862 1240 αίμω-

454 1245 570 1301 δίαν
605 1247 693 1301 καὶ
722 1247 749 1301 ὁ
782 1247 1072 1318 Κομνηνὸς
1097 1248 1256 1310 οὗτος
1287 1247 1553 1319 Ἀλέξιος,
1588 1251 1662 1311 ὡς
1689 1245 1853 1319 ἔοικε,
1883 1255 2074 1313 παθεῖν
2106 1251 2479 1326 κατακέκριτο.
2516 1250 2676 1308 Ἀλλ’
2709 1253 2861 1308 οὔπω
2902 1260 3049 1329 τρεῖς
3120 1261 3287 1327 μῆνες
3343 1255 3752 1329 παρίππευσαν,
3783 1249 3865 1309 καὶ

457 1335 713 1413 βασιλεὺς
744 1337 905 1392 αὐτὸν
948 1337 1142 1392 ἐκεῖθεν
1177 1336 1648 1412 ἀνακαλεσάμενος
1679 1334 1872 1409 ἔδειξεν
1905 1337 1955 1412 ἐξ
1985 1341 2061 1394 ὧν
2096 1336 2314 1413 ἔδρασεν
2341 1341 2418 1414 μὴ
2460 1343 2550 1396 σὺν
2585 1341 2736 1417 λόγῳ
2766 1345 2862 1405 τὰς
2923 1343 3126 1405 οἰκείας
3181 1344 3395 1418 πράξεις
3444 1351 3750 1414 ποιεῖσθαι,
3782 1345 3863 1399 καὶ

457 1423 544 1479 διὰ
563 1429 724 1511 τοῦτο
759 1425 970 1500 χαίρειν
1001 1432 1118 1488 ταῖς
1161 1427 1556 1505 ἆγχιστρόφοις
1591 1423 1926 1500 μεταϐολαῖς
1975 1432 2111 1483 κατὰ
2167 1430 2259 1484 τὸν
2309 1437 2409 1498 τῆς
2450 1429 2687 1493 Αὐλίδος
2719 1431 3084 1508 πολυῤῥόθιὸν
3120 1435 3202 1506 [Ρ.
3233 1436 3360 1507 274]
3391 1436 3667 1506 πορθμόν
3702 1455 3865 1511 παρα-

455 1509 752 1585 λαμϐάνων
781 1516 884 1590 γὰρ
925 1517 1014 1570 τὸν
1043 1515 1283 1586 Ἀλέξιον
1319 1518 1566 1572 σύσσιτον
1621 1518 1816 1578 νώτοις
1871 1515 2134 1588 διηνεκέσι
2193 1519 2412 1594 γέραιρε
2441 1526 2637 1595 κρεῶν,
2670 1521 2746 1582 ὡς
2778 1522 3140 1596 Ἀγαμέμνων
3193 1521 3362 1577 πάλαι
3397 1523 3486 1576 τὸν
3519 1522 3745 1590 Αἲαντα,
3778 1509 3862 1577 καὶ

454 1604 659 1676 ἐνάγων
693 1605 830 1676 πρὸς
875 1607 973 1673 τήν
1027 1610 1135 1660 τῶν
1192 1607 1565 1680 προκειμένων
1667 1604 1974 1680 ἐδεσμάτων
2070 1606 2440 1664 ἀνυπόστολον
2544 1605 2759 1686 ἔφαψιν,
2792 1635 2821 1662 ι(

461 1693 732 1768 ἰπέλεγεν.

528 1786 728 1856 Neque
783 1801 916 1842 vero
974 1785 1241 1841 Alexium
1275 1789 1331 1840 et
1370 1784 1766 1842 Andronicum
1825 1785 2106 1842 duntaxat

2287 1787 2366 1843 Οὐ
2419 1787 2510 1842 τὸν
2569 1787 2812 1858 Ἀλέξιον
2875 1785 2932 1843 δὲ
2999 1789 3088 1844 καὶ
3177 1791 3268 1844 τὸν
3327 1787 3673 1866 Ἀνδρόνικον
3736 1790 3868 1846 οὕτω

461 1875 545 1932 sic
575 1875 838 1932 tractavit
888 1876 1166 1944 Isaacius,
1199 1876 1298 1930 sed
1333 1880 1389 1931 et
1416 1874 1868 1932 Constantinum
1900 1877 2104 1948 Aspie-
2219 1873 2424 1931 διέθετο

2927 1614 3073 1687 Φάγε
3103 1611 3504 1687 καθηγούμενε,
3537 1635 3565 1663 ››
3597 1610 3868 1672 πολλάκις

2530 1878 2818 1939 Ἰσαάκιος·
2896 1876 3044 1934 ἀλλὰ
3133 1880 3219 1934 καὶ
3298 1881 3716 1936 Κωνσταντῖνον
3788 1881 3873 1935 τὸν

459 1967 578 2019 tam
610 1965 682 2019 ob
736 1964 1075 2032 exercitum,
1112 1964 1203 2018 cui
1236 1963 1389 2019 bello
1420 1963 1686 2020 Blachico
1719 1971 1986 2036 praeerat,
2020 1965 2110 2022 bis

462 2053 658 2109 verbis
714 2053 1040 2120 defensum,
1100 2070 1215 2108 non
1250 2069 1418 2122 posse
1450 2053 1665 2109 milites
1695 2071 1826 2109 cum
1879 2055 2110 2112 duobus

464 2141 830 2212 gravissimis
861 2141 1130 2198 hostibus
1161 2143 1390 2198 Blachis
1419 2148 1476 2198 et
1506 2143 1659 2199 fame
1689 2143 2108 2216 dimicare,sed

465 2249 662 2290 annua
687 2232 977 2304 stipendia
1009 2231 1092 2287 eis
1112 2233 1497 2303 persolvenda
1523 2248 1670 2300 esse,
1705 2233 1902 2289 statim
1929 2235 2115 2306 digni-

464 2326 581 2378 tate
613 2322 822 2393 privari
849 2326 906 2376 et
935 2321 1207 2376 excaecari
1241 2321 1448 2391 jussit,
1483 2338 1598 2376 non
1632 2323 1966 2379 moderatus
1997 2324 2110 2379 ira-

463 2410 692 2467 cundiae
723 2427 861 2476 suae,
921 2411 1076 2482 quod
1108 2409 1276 2466 illum
1310 2427 1410 2482 per
1443 2411 1699 2483 speciem
1759 2412 2114 2468 defensionis

468 2501 756 2557 concitare
788 2500 1006 2556 milites
1037 2501 1473 2572 suspicabatur.

2218 1967 2537 2036 Ἀσπιέτην,
2609 1967 3113 2046 ὑπερφθεγξάμενον
3196 1973 3294 2024 τοῦ
3341 1968 3760 2043 στρατεύματος
3816 1970 3873 2025 οὗ

2218 2056 2522 2134 ἡγεμόνευε
2578 2057 2669 2112 τὸν
2717 2058 2853 2112 κατὰ
2905 2062 3012 2112 τῶν
3063 2056 3299 2132 Βλάχων
3362 2060 3558 2132 μετιὼν
3605 2059 3871 2134 πόλεμον,

2219 2144 2308 2200 καὶ
2341 2147 2585 2224 τρήσαντα
2646 2145 2809 2219 μόνον
2878 2147 2954 2208 ὠς
2995 2146 3056 2201 οὐ
3105 2146 3284 2224 φέρειν
3341 2146 3560 2223 ἔχουσιν
3627 2150 3680 2202 0':
3726 2169 3874 2222 στρα-

2219 2238 2413 2290 τιῶται
2445 2233 2600 2308 λιμῷ
2636 2236 2726 2290 καὶ
2761 2235 3006 2310 Βλάχοις
3060 2235 3475 2310 διαμιλλᾶσθαι,
3537 2235 3662 2292 δυσὶ
3728 2236 3879 2293 δυσα-

2223 2325 2509 2394 πεντήτοις
2538 2331 2748 2397 κακοῖς,
2809 2324 2958 2382 ἀλλὰ
3005 2329 3191 2402 χρεὼν
3232 2327 3419 2390 αὐτοῖς
3468 2335 3882 2402 παρασχεθῆναι

2223 2414 2287 2468 τᾶ
2321 2412 2531 2470 ἐπέτεια
2564 2416 2864 2490 σιτηρέσια,
2913 2417 3007 2470 τὸ]
3067 2417 3238 2490 θυμὸν
3298 2415 3525 2492 ἐκκόψαι
3581 2419 3658 2490 μή
3732 2415 3883 2487 δυνη-

2225 2504 2335 2565 θεὶς
2390 2502 2623 2580 κατέσχε
2676 2527 2735 2560 τε
2790 2503 2981 2560 αὐτίκα
3043 2508 3384 2580 μεταστήσας
3452 2513 3552 2575 τῆς
3601 2507 3882 2582 ἀρχηγίας

464 2589 552 2644 καὶ
584 2594 680 2644 τυῦ
713 2589 892 2666 φωτὸς
919 2593 1026 2644 τῶν
1061 2588 1328 2664 ὀμμάτων
1359 2588 1669 2664 ἐστέρησεν,
1703 2587 2084 2664 ἀναταράττειν
2121 2591 2460 2656 ὑποπτεύσας
2485 2595 2576 2649 τὸν
2629 2593 2796 2668 ἄνδρα
2833 2597 2930 2664 τήν
2964 2596 3217 2669 στρατιὰν
3249 2602 3329 2668 τῷ
3359 2603 3458 2665 τῆς
3499 2597 3874 2672 ὑπερηγορίας

461 2681 845 2755 προσχήματι.

529 2783 602 2836 At
632 2779 908 2837 Comneni
939 2778 1260 2834 Andronici
1295 2779 1475 2847 ﬁlius,
1504 2779 1576 2834 de
1607 2795 1723 2850 quo
1756 2779 1927 2835 modo
1959 2778 2113 2834 dixi-

460 2887 617 2939 mus,
643 2871 798 2927 haud
831 2868 950 2925 scio
991 2887 1065 2924 an
1101 2877 1158 2923 ut
1210 2874 1463 2941 paternae
1497 2869 1842 2924 defectionis
1876 2885 2111 2924 mensu-

463 2978 587 3017 ram
648 2959 920 3031 impleret
954 2975 1018 3011 an
1052 2962 1115 3012 ut
1169 2957 1320 3029 patri
1351 2974 1520 3029 opem
1553 2959 1744 3026 ferret,
1779 2974 1894 3013 non
1927 2957 2111 3012 multo

461 3053 592 3121 post
621 3050 750 3119 ejus
781 3046 1219 3102 excaecationem
1246 3046 1304 3099 in
1329 3045 1650 3100 maximum
1673 3045 1961 3116 templum
1985 3061 2111 3100 sese

460 3136 684 3208 recipit,
716 3135 852 3190 inde
874 3152 907 3188 a
933 3141 1080 3189 cmtu
1116 3134 1314 3205 populi
1338 3135 1484 3205 (erat
1513 3138 1707 3189 autem
1732 3133 1857 3189 dies
1880 3134 2111 3206 festus),

2862 2777 2887 2788 η

2293 2773 2354 2830 Ὀ
2386 2769 2442 2828 δὲ
2469 2777 2566 2828 τοῦ
2596 2776 2892 2846 Κομνηνοῦ
2950 2771 3304 2848 Ἀνδρονίκου
3363 2775 3497 2844 υἱὸς,
3555 2775 3615 2830 6'v
3675 2797 3878 2850 προσε-

2223 2865 2340 2937 χῶς
2372 2863 2706 2937 εἰρήκειμεν,
2741 2864 2843 2918 οὐκ
2876 2860 2976 2918 οἶδ’
3026 2863 3133 2918 εἲτε
3189 2871 3286 2934 τῆς
3342 2870 3616 2940 πατρικῆς
3645 2865 3880 2920 ἀποστα-

2223 2953 2340 3013 σίας
2401 2951 2791 3027 ἀναπληρῶσαι
2851 2953 2914 3008 τὸ
2977 2953 3168 3026 μέτρον
3243 2952 3582 3029 βουλόμενος
3640 2955 3758 3010 εἲτε
3812 2959 3883 3026 τῷ

2219 3039 2430 3095 τεκόντι
2473 3041 2734 3113 ἐπαμῦναι
2778 3040 3135 3115 προθέμενος⁹
3191 3041 3436 3115 πρόσεισι
3501 3044 3635 3115 μετά
3705 3041 3878 3118 βραχὺ

2217 3136 2319 3198 τῆς
2351 3134 2447 3184 τοῦ
2476 3131 2680 3204 πατρὸς
2730 3129 3036 3204 πηρώσεως
3087 3134 3167 3202 τῷ
3228 3131 3470 3205 μεγίστῳ
3526 3135 3660 3202 ναῷ,
3699 3135 3879 3195 ποθῶν

457 3245 518 3283 se
551 3201 621 3281 ad
671 3201 983 3295 imperium
1016 3201 1166 3282 δάε
1194 3201 1412 3295 abripi
1469 3223 1734 3296 cupiens.
1779 3224 1891 3279 Sed
1937 3201 2101 3280 ante.-

2222 3219 2421 3273 ἐκεῖθεν
2479 3218 2556 3280 εἰς
2627 3217 2908 3294 βασιλείαν
2966 3218 3372 3291 ἀναρπασθῆναι
3421 3220 3510 3274 καί
3566 3217 3876 3294 ἀναρρηθῆ-

455 3332 632 3388 quam
668 3331 844 3370 causa
874 3314 1177 3386 ingressus
1207 3315 1335 3385 ejus
1365 3313 1534 3384 vulgo
1567 3313 1974 3384 innotesceret,
1999 3331 2102 3385 pro

457 3405 733 3463 seditioso
765 3404 1220 3475 comprehensus
1251 3408 1571 3459 excaecatur
1603 3423 1617 3472 ;
1650 3407 1708 3459 et
1731 3402 1869 3474 quia
1900 3419 2098 3460 eorum

454 3495 738 3568 exemplis
771 3495 868 3566 qui
901 3511 1021 3549 rem
1076 3510 1201 3550 eam
1238 3495 1455 3551 frustra
1511 3497 1808 3550 tentarant
1867 3511 2005 3558 non,
2041 3498 2105 3548 ut

458 3586 753 3652 decuerat,
785 3584 977 3639 factus
1008 3587 1130 3639 erat
1159 3583 1403 3648 cautior,
1437 3599 1544 3638 suo
1585 3581 1841 3654 exemplo
1872 3591 2104 3638 caeteros

457 3691 661 3731 omnes
694 3691 726 3728 a
757 3672 938 3729 simili
966 3678 1178 3728 conatu
1210 3672 1511 3728 deterruit.

2208 3329 2296 3363 ναι
2354 3309 2499 3382 πρὸς
2545 3312 2642 3362 τοῦ
2705 3307 3120 3382 συνειλεγμένου
3189 3307 3320 3367 λεώ.
3397 3310 3498 3365 ἺΙν
3565 3305 3623 3364 δὲ
3680 3311 3866 3384 ἑορτή.

2210 3396 2370 3453 Ἀλλ’
2405 3397 2558 3453 οῧπω
2597 3403 2714 3458 τοῖς
2747 3396 3070 3462 συνελθοῦσι
3103 3398 3239 3453 κατά
3292 3399 3354 3453 τὸ
3411 3398 3633 3472 τέμενος
3693 3401 3721 3453 6
3749 3400 3874 3473 τρό-

2211 3506 2311 3550 πος
2354 3485 2589 3561 ἔγνωστο
2621 3489 2738 3543 καθ’
2807 3489 2864 3543 ὅν
2925 3485 3096 3543 ἒκεῖσε
3163 3486 3468 3563 εἰσέδραμε,
3499 3489 3592 3543 καὶ
3651 3487 3872 3565 χειροῦ-

2210 3599 2298 3632 ται
2359 3577 2433 3640 ὠς
2497 3579 2733 3639 ἀποστὰς
2788 3578 2878 3632 καὶ
2937 3579 3179 3652 στέρεται
3226 3582 3322 3632 τοῦ
3354 3578 3559 3655 φωτὸς,
3623 3581 3697 3653 μή
3758 3585 3876 3642 ταῖς

2211 3671 2319 3723 τῶν
2379 3667 2720 3742 προσιόντων
2782 3667 2871 3721 καὶ
2935 3672 3044 3722 τῶν
3105 3668 3242 3722 κατὰ
3320 3669 3520 3722 σκοπὸν
3579 3668 3870 3724 ἀποπεσόν-

453 3785 562 3818 των
591 3767 806 3824 ποιναῖς
837 3758 1166 3822 παιδευθείς.
1200 3761 1303 3816 Καὶ
1340 3758 1455 3814 δέον
1487 3758 1658 3814 ἄλλον
1710 3761 1830 3814 τινὰ
1889 3761 2024 3814 εἶναι
2065 3760 2155 3814 τὸν
2189 3757 2389 3813 ὕστατα
2417 3756 2830 3831 τιμωρούμενον
2884 3756 2959 3818 ὠς
3029 3755 3312 3832 βασιλείας
3377 3755 3577 3832 ἐρῶντα
3638 3759 3720 3810 καὶ
3781 3763 3862 3828 τῷ

452 3855 665 3927 τεμένει
696 3850 1012 3925 προσιόντα,
1046 3847 1202 3911 οὗτος
1234 3849 1641 3928 ἐπισφράγισμά
1677 3870 1728 3904 τι
1761 3849 1850 3903 καὶ
1879 3847 2107 3918 τελευτὴ
2139 3849 2327 3924 γέγονε
2392 3850 2498 3901 τῶν
2557 3847 2894 3901 ἀποστατῶν⁸
2957 3845 3017 3901 οὖ
3077 3846 3181 3920 γὰρ
3243 3843 3426 3901 ἔκτοτέ
3455 3867 3530 3908 τις
3557 3847 3650 3914 τήν
3683 3846 3855 3913 αὐτὴν

456 3941 668 4018 βαδίται
701 3940 979 4016 προέθετο.

527 4036 579 4088 3.
617 4035 684 4090 Ut
717 4038 908 4088 autem
944 4047 1036 4087 res
1058 4030 1390 4086 Occidentis
1423 4029 1674 4086 subinde
1698 4031 1757 4085 in
1792 4030 1960 4103 pejus
1983 4045 2110 4085 rue-

455 4124 598 4178 bant
627 4126 682 4176 et
741 4119 938 4175 Blachi
970 4135 1102 4174 cum
1134 4118 1410 4175 Comanis
1443 4119 1731 4174 Romanas
1775 4117 2106 4188 provincias

455 4213 608 4268 ferro
639 4215 695 4265 et
728 4211 859 4280 igne
882 4209 1212 4276 vastabant,
1233 4207 1549 4278 imperator
1567 4206 1778 4261 iterum
1811 4221 2104 4277 egressus,

460 4299 736 4357 Anchiale
770 4299 1080 4370 praeterita,
1115 4313 1215 4368 per
1247 4297 1524 4367 ambages
1555 4300 1812 4351 Haemum
1847 4300 2102 4351 montem

455 4391 596 4446 adit.
632 4390 740 4444 Sed
775 4404 907 4443 cum
943 4387 1084 4441 nihil
1139 4403 1246 4442 sua
1283 4387 1595 4458 praesentia
1624 4386 1874 4456 dignum
1906 4401 2105 4457 gerere

455 4484 674 4553 posset,
734 4478 997 4533 bimestri
1059 4484 1316 4548 tempore
1345 4493 1474 4532 eam
1525 4477 1948 4546 expeditionem
1991 4476 2100 4531 cir-

459 4568 854 4637 cumscripsit.
879 4566 1021 4621 Nam
1039 4566 1275 4621 castella
1307 4571 1362 4621 et
1382 4565 1598 4637 oppida
1626 4567 1790 4621 novis
1813 4566 2106 4623 moenibus

459 4663 516 4715 et
545 4657 807 4712 turribus
869 4657 1150 4711 adornata
1187 4656 1359 4726 longe
1417 4655 1736 4710 munitiora
1765 4657 2016 4728 reperit;
2049 4660 2106 4711 et

459 4749 925 4820 propugnatores
943 4759 1142 4799 eorum
1168 4743 1353 4799 instar
1370 4760 1668 4800 cervorum
1689 4743 1803 4800 alta
1822 4749 2103 4816 petentes,

462 4853 566 4894 nec
613 4836 780 4890 aliter
810 4849 988 4906 quam
1021 4849 1207 4904 capra:
1241 4831 1297 4886 in
1357 4832 1599 4902 rupibus
1659 4832 1968 4896 saltantes,
2009 4850 2106 4903 pu-

458 4942 633 5001 gnam
669 4922 966 4981 stalariam
999 4922 1414 4978 detrectabant.
1441 4921 1508 4975 Et
1535 4921 1674 4992 quia
1696 4923 1849 4979 562
1867 4921 2104 4994 Scytha-

455 5034 586 5074 rum
621 5031 848 5088 quoque
907 5011 1305 5068 incursionem
1342 5011 1586 5066 timebat
1633 5012 1888 5083 (tempus
1931 5011 2101 5066 etiam

455 5109 512 5164 id
543 5108 614 5164 ad
641 5104 1048 5177 trajiciendum
1081 5119 1196 5157 non
1219 5107 1343 5158 erat
1372 5101 1978 5172 incommodum),non
2003 5101 2102 5156 diu

453 5197 536 5254 ibi
571 5196 783 5252 morari
819 5194 1004 5249 licuit.
1039 5192 1185 5247 Cum
1219 5196 1409 5248 autem
1441 5207 1553 5246 non
1589 5207 1657 5246 ea
1685 5191 1776 5246 via
1806 5208 1919 5264 qua
1944 5207 2108 5247 vene-

456 5292 547 5343 rat
600 5285 895 5342 rediturus
928 5283 1102 5338 aliam
1140 5282 1454 5337 breviorem
1497 5285 1930 5337 consectaretur
1977 5297 2106 5352 qum

457 5393 556 5447 per
612 5392 873 5431 amoenas
906 5372 1196 5430 convalles
1224 5373 1469 5428 Berroen
1507 5373 1695 5441 ferret,
1731 5376 1788 5427 et
1819 5373 2104 5442 majorem

459 5465 743 5520 exercitus
803 5469 1024 5535 partem
1085 5463 1304 5532 amisit,
1337 5467 1394 5517 et
1423 5462 1547 5532 ipse
1605 5462 1736 5532 (nisi
1771 5461 1965 5517 divina
1999 5477 2107 5533 ope

460 5559 831 5606 conservatus
872 5556 1050 5620 esset)
1083 5553 1368 5623 periisset.
1401 5555 1544 5607 Nam
1574 5568 1706 5608 cum
1739 5568 1808 5608 ea
1834 5551 1949 5622 via,
1979 5569 2106 5623 qum

459 5637 675 5698 alicubi
709 5640 1062 5708 panderetur
1089 5645 1148 5697 et
1188 5641 1534 5714 equitationi
1564 5646 1720 5701 esset
1748 5641 1980 5713 idonea,
2011 5643 2104 5701 in-

2290 4034 2353 4100 γ’,
2395 4027 2483 4089 Ὠς
2512 4023 2568 4080 δὲ
2597 4025 2664 4080 τὰ
2702 4027 2837 4081 κατὰ
2891 4022 3040 4080 δύσιν
3083 4026 3352 4101 χειρόνως
3411 4027 3559 4101 εἶχον
3620 4024 3700 4081 ἀεὶ
3774 4009 3871 4080 καἲ

2218 4118 2270 4172 οἱ
2304 4113 2517 4190 Βλάχοι
2552 4113 2880 4189 ληϊζόμενοι
2944 4117 3077 4188 μετά
3134 4115 3402 4189 Κομάνων
3461 4116 3550 4170 καὶ
3607 4113 3868 4190 δῃοῦντας

2217 4207 2318 4274 τὴν
2359 4205 2461 4258 ὑπὸ
2508 4203 2814 4276 Ῥωμαίους
2844 4203 3075 4278 ἐπῄεσαν
3136 4209 3401 4279 συνεχῶς,
3461 4198 3654 4274 ἔξεισιν
3723 4206 3874 4265 αὖθις

2216 4296 2243 4350 6
2279 4292 2536 4370 βασιλεὺς
2577 4295 2692 4348 κατ’
2751 4291 2951 4363 αὒτῶν,
3001 4294 3089 4349 καὶ
3153 4291 3218 4363 δὴ
3273 4295 3371 4361 τήν
3416 4294 3713 4368 Ἀγχίαλον
3770 4315 3873 4348 πα-

2213 4383 2484 4459 ραλλάξας
2507 4383 2565 4437 ἐκ
2598 4383 2992 4457 περιελεύσεως
3041 4384 3131 4438 τὸν
3191 4387 3365 4457 Αἷμον
3414 4382 3626 4442 εἴσεισι.
3687 4381 3871 4452 Μηδέν

2296 4473 2341 4530 δ’
2389 4468 2411 4490 ”
2803 4472 2818 4526 ί
2866 4494 2886 4510 ι·
3131 4474 3140 4494 '
3304 4472 3354 4500 ν’
3627 4476 3683 4508 ν’

2210 4497 2263 4530 τι
2329 4496 2351 4529 ε
2387 4494 2530 4548 εχιον
2589 4493 2798 4546 παρουσ
2826 4494 2886 4535 α,
2952 4472 3226 4548 βασιλεως
3294 4494 3444 4543 αςιον
3487 4471 3874 4546 διαπραξασθαι

2216 4565 2334 4621 δυσὶ
2369 4565 2502 4636 μησὶ
2551 4567 2649 4634 τὴν
2714 4565 3055 4637 ἐκστρατείαν
3113 4565 3373 4644 ἀφώρισε·
3434 4566 3501 4618 τὰ
3555 4567 3656 4640 γάρ
3706 4565 3877 4620 ἐκεῖσε

2215 4654 2448 4732 φρούρια
2477 4654 2566 4709 καὶ
2598 4653 2866 4729 πολίχνια
2929 4653 3286 4729 ἰσχυροτέραν
3345 4653 3545 4726 πολλῷ
3582 4662 3682 4723 τῆς
3737 4675 3873 4728 προ-

2212 4745 2368 4819 τέρας
2422 4742 2544 4818 εῦρε
2596 4738 3040 4817 περιϐεϐλημένα
3120 4742 3275 4818 ἰσχὺν
3341 4743 3431 4798 καὶ
3488 4745 3696 4819 τείχεσι
3756 4744 3874 4797 νεό-

2216 4833 2450 4908 δμήτοις
2518 4833 2607 4888 καὶ
2677 4829 3016 4908 ἀρτιστεωέσι
3073 4830 3588 4908 προσδίειλῃμμένα
3663 4834 3875 4910 βάρεσι,

2213 4923 2304 4978 καὶ
2350 4922 2481 4984 τοὺς
2540 4919 2729 4992 ἔξωθεν
2790 4922 3164 4995 ἀμυνομένους
3207 4923 3332 4977 ὡσεὶ
3368 4923 3455 4976 καὶ
3491 4921 3724 5001 ἐλάφους
3789 4922 3872 4976 ἐπὶ

2213 5014 2276 5066 τὰ
2337 5010 2522 5086 ὑψηλὰ
2579 5011 2705 5074 τοὺς
2754 5009 2924 5074 πόδας
3007 5013 3269 5074 ἱστῶντας
3333 5013 3421 5066 καὶ
3482 5008 3637 5082 δίκην
3698 5012 3872 5087 αἰγῶν

2213 5097 2736 5176 κρημνοϐατοῦντας
2778 5102 2866 5156 καὶ
2924 5103 3022 5170 τήν
3065 5104 3158 5174 μὲν
3210 5101 3286 5163 είς
3318 5108 3511 5176 χεῖρας
3542 5101 3870 5174 συμπλοκὴν

2215 5189 2637 5262 ὀιλυσκάζοντας.
2700 5192 2777 5248 Τὸ
2835 5189 2891 5246 δὲ
2944 5190 3033 5246 καὶ
3104 5195 3325 5254 Σκυθῶν
3364 5190 3669 5266 ἐπιδρομὴν
3736 5191 3872 5269 ὑφο-

2215 5283 2404 5355 ρᾶσθαι
2452 5282 2542 5335 τὸν
2601 5279 2972 5355 αὐτοκράτορα
3007 5282 3091 5352 (ἦν
3149 5280 3250 5357 γὰρ
3305 5279 3395 5334 καὶ
3455 5281 3482 5334 6
3541 5279 3732 5355 καιρὸς
3794 5279 3872 5342 είς

2213 5372 2310 5438 τὴν
2372 5371 2578 5425 τούτων
2641 5370 2935 5443 περαίωσιν
3018 5369 3117 5424 οὐκ
3191 5370 3463 5441 ἀνάρσιος)
3541 5369 3712 5438 ὀξεῖαν
3770 5370 3871 5436 τὴι

2215 5459 2414 5516 ἐκεῖθεν
2471 5461 2744 5535 ἠνάγκασε
2828 5467 3056 5529 ποιῆσαι
3132 5455 3449 5533 μετάϐασιν.
3511 5459 3719 5516 Οὐκοῦν
3792 5461 3869 5532 μή

2215 5547 2284 5605 δι’
2323 5549 2533 5619 ἐκείνης
2579 5550 2959 5624 ἀναχωρήσειν
3015 5548 3348 5624 προθέμενος
3407 5546 3479 5604 δι’
3537 5550 3602 5617 ἧς
3663 5547 3877 5620 εἷσελή-

2212 5637 2396 5715 λυθεν,
2426 5638 2553 5696 ἀλλ’
2599 5637 3006 5719 ἕπιτομωτέραν
3066 5635 3242 5710 ἄλλην
3305 5637 3596 5716 μεταλλῶν
3656 5638 3743 5694 καὶ
3802 5637 3867 5707 ἦν
