4116 6206
297 295 411 356 79Ἰ

1417 297 1521 359 DE
1567 296 1879 361 lSAAClO
1922 300 2243 363 ANGELO
2288 305 2435 366 LIB.
2482 305 2593 368 III.

3596 314 3719 377 798

289 431 509 503 τέμνων
539 429 615 491 είς
649 429 889 507 Βεῤῥὸην
923 427 1012 486 διὰ
1070 436 1178 485 τῶν
1237 428 1407 485 ἐκεῖσε
1462 436 1684 504 τεμπῶν
1749 432 1946 487 ὑποκα-

2070 437 2395 494 cedendum
2430 440 2658 506 fuisset,
2688 441 2783 498 ille
2811 440 2868 497 in
2904 447 3187 514 angustas
3220 444 3417 501 fauces
3447 451 3499 501 et
3544 465 3716 504 mon-

290 516 613 591 ταὸήσεται,
681 520 744 574 τό
809 541 867 575 τε
925 519 1118 575 πλεῖον
1179 521 1429 577 ἀπώλεσε
1476 527 1572 577 τοῦ
1623 525 1958 595 στρατεῦμα-

292 630 413 677 τος,
444 611 533 664 καὶ
581 608 631 665 εἲ
688 611 763 681 μή
823 610 1026 682 Κύριος
1064 610 1131 679 ἦν
1190 610 1241 664 ἐν
1296 609 1464 681 abut—ﬁ
1531 611 1622 664 καὶ
1663 611 1821 673 αὐτὸς
1880 616 1960 683 τῷ

293 698 405 772 ’ᾲδη
437 700 763 775 παρῴκησεν
819 700 902 756 ἂν.
947 698 1075 755 Δὲον
1132 699 1236 775 γὰρ
1294 696 1386 753 διὰ
1440 707 1541 769 τῆς
1593 700 1960 774 εὐρυνομένης

296 790 527 867 ἐνιαχοῦ
553 787 643 844 καὶ
702 784 1019 858 ἐνδιδούσης
1077 790 1280 850 ἱκανῶς
1340 789 1721 858 ἐνιππάζεσθαι
1764 809 1956 864 πορευ-

296 882 479 948 θῆναι,
509 879 539 933 6
565 876 623 932 δὲ
662 876 942 951 τρυμαλιᾷ
977 873 1258 933 δυσϐάτων
1314 878 1537 954 χωρίων
1589 878 1680 933 καὶ
1737 879 1959 953 ὀρεινῶν

295 965 557 1042 παρόδων
591 962 1184 1040 αὐλῶνιπαρενέὅυσεν
1245 967 1432 1023 ἑαυτὸν
1492 968 1582 1021 καὶ
1639 980 1737 1022 τὶν
1798 988 1957 1042 στρα-

293 1059 438 1114 τιάν.
479 1057 744 1131 ΙΙαρὲῥρει
779 1052 838 1111 δὲ
867 1058 1004 1111 κατὰ
1032 1058 1122 1111 τὸν
1182 1055 1295 1111 ἐκεῖ
1350 1061 1537 1131 χῶρον
1592 1056 1682 1111 καὶ
1741 1054 1957 1111 ὖδάτιον

295 1149 381 1221 [Ρ.
416 1148 545 1220 275]
596 1145 656 1200 ἐκ
711 1146 1042 1222 χειμάρρου.
1108 1152 1362 1220 Προῆγον
1425 1147 1518 1219 μὲν
1574 1146 1663 1201 οὖν
1734 1147 1761 1200 ὁ
1813 1166 1960 1220 πρω-

290 1236 614 1310 τοστράτωρ
671 1234 937 1303 Μανουὴλ
989 1236 1016 1289 6
1066 1234 1362 1308 Καμῦτζης
1420 1236 1511 1290 καὶ
1571 1237 1600 1290 6
1674 1235 1960 1309 Κομνηνὸς

290 1334 561 1394 Ἰσαάκιος
646 1335 673 1388 6
730 1337 826 1387 τοῦ
910 1332 1130 1402 ὕστερον
1209 1332 1629 1398 βασιλεύσαντος
1709 1332 1957 1402 Ἀλεξίου

296 1420 550 1501 γαμϐρὸς
579 1422 665 1479 ἐπὶ
714 1424 964 1499 θυγατρῖ,
1020 1422 1454 1497 ὀπισθοφυλακεῖ
1510 1420 1569 1477 δὲ
1621 1424 1649 1477 6
1705 1419 1958 1479 σεῧαστο·

295 1516 520 1588 κράτωρ
554 1514 815 1582 Ἰωάννης
846 1514 874 1566 ὁ
936 1513 1142 1576 Δοῦκας
1173 1514 1201 1567 6
1233 1513 1368 1589 πρὸς
1398 1514 1601 1587 πατρὸς
1661 1518 1803 1577 θεῖος
1859 1517 1956 1568 τοῦ

296 1602 597 1679 βασιλέως.
640 1602 718 1659 Τὸ
788 1599 843 1657 δὲ
899 1603 1064 1675 μέσον
1126 1600 1315 1677 ἐπεῖχε
1360 1608 1460 1671 τῆς
1495 1600 1804 1680 φάλαγγος,
1884 1603 1953 1671 ἧς

297 1690 624 1767 ἐπίπροσθεν
687 1690 857 1746 ὣδευε
910 1692 977 1746 τὰ
1031 1693 1332 1771 σκευοφόρα
1415 1692 1501 1746 καὶ
1562 1689 1624 1747 τὸ
1690 1691 1952 1764 ἑπόμενον

294 1778 402 1851 ἔξω
433 1782 634 1850 τάξεως
669 1780 1019 1853 ὑπηρετικὸν,
1081 1780 1243 1844 αὐτός
1283 1802 1339 1835 τε
1398 1781 1426 1836 6
1491 1779 1745 1856 βασιλεὺς
1777 1779 1951 1837 Ἰσαά-

292 1891 419 1931 κιος
472 1871 561 1924 καὶ
621 1872 649 1924 6
733 1871 935 1925 τούτου
995 1866 1333 1951 αὖτάδελφος
1389 1869 1417 1924 6
1499 1865 1948 1946 σεϐαστοκράτωρ

293 1959 570 2030 Ἀλέξιος.
614 1960 681 2016 Οἱ
723 1956 779 2015 δὲ
820 1954 1091 2033 Βάρὸαροι
1148 1962 1276 2033 παρ’
1332 1958 1557 2034 ἑκάτερα
1610 1966 1711 2029 τῆς
1767 1967 1953 2029 στενῆς

293 2047 509 2119 ἐκείνης
548 2046 790 2121 παρόδου
822 2047 1141 2122 φαινόμενοι
1170 2046 1339 2113 δῆλον
1399 2049 1534 2117 ἦσαν
1576 2049 1658 2103 ἀεί
1712 2070 1762 2103 τι
1794 2048 1952 2104 τελέ-

291 2157 484 2199 σοντες
514 2134 706 2191 δεινόν.
738 2136 811 2189 Τὰ
873 2137 968 2209 μὲν
1025 2137 1117 2190 οὗν
1181 2136 1612 2213 προπορευθέντα
1668 2138 1954 2212 παρήλθο-

292 2246 390 2278 σαν
417 2222 645 2299 ἀμαχεὶ,
682 2226 853 2297 μήπω
892 2227 1000 2279 τῶν
1071 2222 1308 2300 Βλάχων
1366 2224 1757 2295 ἀπηντηκότων
1816 2245 1953 2280 κατα

286 2314 360 2368 τὰ
400 2314 556 2367 στενὰ
602 2320 704 2381 τῆς
764 2310 916 2377 ὁδοῦ,
974 2314 1063 2367 καὶ
1121 2312 1309 2377 ἄλλως
1365 2312 1421 2369 δὶ
1451 2315 1747 2388 κρινάντων
1780 2315 1950 2369 ἐπιει-

285 2406 406 2463 κῶς
459 2401 744 2480 ὠφέλιμον
806 2403 934 2464 τοὺς
992 2404 1243 2476 πρώτους
1320 2405 1613 2476 παριόντας
1681 2402 1950 2476 ἀναιμωτι

284 2492 389 2553 τὰς
440 2493 606 2567 ἄκρας
695 2486 1038 2566 ὑπερϐαλεῖν,
1098 2496 1178 2564 τῷ
1244 2488 1301 2547 δὲ
1370 2488 1518 2565 μέσῳ
1569 2495 1951 2563 συνεπιστῆναὶ

289 2581 387 2636 καί
430 2581 763 2658 προσαράξαι
824 2587 958 2657 σφᾶς
1015 2589 1115 2651 τῆς
1166 2582 1475 2660 φάλαγγος,
1538 2585 1669 2638 καθὸ
1728 2584 1952 2657 πάρεστι

646 1335 673 1388 6
730 1337 826 1387 τοῦ
910 1332 1130 1407 ὕστερον
1209 1332 1629 1398 βασιλεύσαντος

298 2670 564 2747 βασιλεὺς
618 2675 709 2727 καὶ
765 2676 802 2742 ἠ
869 2678 1064 2728 τούτου
1133 2674 1393 2749 θεραπεία
1424 2674 1514 2728 καὶ
1546 2673 1745 2729 ὁπόσον
1805 2676 1955 2747 αὐτῷ

290 2763 438 2818 κατὰ
467 2763 620 2838 γένος
687 2762 959 2835 ἐπίσημον
1029 2765 1450 2843 προσεφὲπεται.
1512 2764 1607 2819 Καὶ
1651 2764 1749 2819 οὐκ
1788 2763 1953 2838 ἐψεύ-

294 2864 506 2923 σθησαν
532 2857 640 2907 τῶν
688 2855 825 2908 κατὰ
880 2854 1100 2908 σκοπόν.
1175 2851 1399 2924 Ἐπειδὴ
1458 2855 1561 2929 γὰρ
1611 2855 1953 2934 προύχώρη-

295 2972 387 3006 σεν
419 2950 496 3013 εἷς
540 2949 684 3006 πολῦ
731 2956 828 3007 τοῦ
884 2957 1133 3027 χαλεποῦ
1192 2951 1396 3007 ἐκείνου
1467 2953 1639 3008 τόπου
1693 2953 1783 3008 καὶ
1846 2976 1953 3027 μη-

305 3038 463 3114 δαμῆ
496 3037 764 3117 διάφευξιν
797 3037 1024 3116 ἔχοντος
1074 3042 1102 3096 6
1157 3041 1533 3116 αὐτοκράτωρ,
1595 3042 1645 3095 οἱ
1679 3041 1956 3118 Βάρβαροι

300 3133 604 3199 τηνικαῦτα
634 3132 753 3203 μεθ’
781 3130 865 3185 ’ὁτι
895 3127 1156 3185 πλείστου
1216 3127 1425 3203 ὁμάδου
1482 3128 1749 3189 ἐπέθεντο.
1793 3129 1953 3189 Ἀλλ’

291 3216 416 3273 οὐδ’
466 3220 520 3273 οἱ
575 3223 671 3274 τοῦ
741 3225 966 3289 πεζικοῦ
1043 3220 1355 3293 Ῥωμαϊκοῦ
1405 3220 1803 3294 στρατεύματος
1860 3220 1949 3277 ἐπὶ

289 3309 515 3371 τούτοις
548 3307 813 3383 ἡμὲλουν,
850 3308 995 3365 ἀλλὰ
1051 3310 1141 3365 καὶ
1191 3310 1342 3365 αὐτοὶ
1405 3313 1481 3384 μή
1544 3310 1956 3387 ἐγκυκλωθῆναι

291 3397 645 3467 σπεύδοντες,
702 3400 839 3474 πρὸς
893 3401 956 3454 τὸ
988 3398 1202 3462 ἄναντες
1236 3400 1585 3478 ἐφορμῶντες
1624 3405 1724 3455 τοῦ
1764 3402 1953 3475 χώρου

292 3487 648 3559 ἀνέστελλον,
708 3488 757 3543 εί
812 3490 900 3544 καὶ
965 3491 1217 3563 πονήρως
1272 3488 1419 3563 μάλα
1449 3491 1537 3545 καὶ
1598 3487 1953 3553 ἐπικινδύνως

294 3579 431 3640 τοὺς
502 3579 890 3640 ὖποκατιόντας
957 3582 1064 3633 τῶν
1120 3578 1434 3655 ἀκρωρειῶν
1496 3576 1951 3656 Βαρϐάρους.ᾮς

293 3676 349 3734 δ’
388 3673 669 3749 ἐϐιάζοντο
699 3680 778 3751 τῷ
808 3678 1009 3750 πλήθει
1039 3678 1133 3733 καὶ
1189 3683 1306 3742 τοῖς
1367 3678 1806 3754 ἐπικυλιομένοις
1860 3679 1948 3736 λί-

287 3770 412 3832 θοις
441 3772 621 3830 κακῶς
655 3769 705 3823 οἱ
736 3769 1003 3842 Ῥωμαῖοι
1061 3763 1327 3845 ἔπασχον,
1369 3765 1673 3826 ἐνεδίδοσαν
1716 3770 1791 3833 εἷς
1822 3792 1951 3847 τρο-

285 3859 423 3927 πὴν,
456 3855 602 3926 πλὴν
632 3856 939 3930 ὕφειμένως
986 3857 1078 3911 καὶ
1129 3856 1251 3912 τότε
1310 3855 1421 3913 οὐδ’
1495 3859 1795 3937 ὑπεράγαν,
1857 3860 1947 3916 καὶ

286 3950 455 4001 τοῦτο
486 3946 588 4001 οὐκ
618 3944 705 4001 ἐπὶ
738 3943 900 4001 πολύ·
934 3946 997 3999 τὸ
1057 3946 1161 4024 γὰρ
1201 3945 1283 4002 ἀεί
1339 3969 1391 4003 τι
1448 3947 1575 4011 τοὺς
1606 3948 1948 4022 ἀλλοθρόους

288 4033 663 4105 πλεονεκτεῖν,
706 4030 1082 4110 ἐπιϐρίθοντάς
1131 4057 1189 4091 τε
1242 4036 1332 4091 καὶ
1390 4040 1524 4093 κατὰ
1552 4038 1807 4101 πλείονας
1861 4039 1946 4115 ἐγ-

285 4123 600 4198 κειμὲνους,
634 4120 995 4180 ἐπικατέϐαλε
1054 4128 1188 4203 σιρᾶς
1246 4126 1504 4200 ἀκόσμως
1558 4132 1626 4203 τῇ
1698 4134 1942 4201 στρατιᾷ.

289 4216 374 4272 Τὸ
435 4211 481 4269 δ’
536 4214 641 4270 ἀπὸ
694 4212 854 4269 τοῦδε
901 4214 1217 4293 συγχύσεως
1270 4218 1567 4291 γενομένης
1607 4218 1695 4273 καί
1728 4218 1942 4274 πάντων

286 4305 485 4373 σώζειν
567 4303 789 4366 ἑαυτοὺς
851 4302 1217 4378 προθεμένων,
1276 4306 1349 4367 ὡς
1413 4308 1696 4382 θρέμματα
1774 4329 1940 4363 κατα-

282 4393 604 4450 κλεισθέντα
635 4398 788 4466 σηκῷ
816 4394 1113 4467 κατῄκιζον
1145 4394 1196 4447 οἱ
1246 4391 1508 4468 πολέμιοι
1555 4396 1649 4449 τὸν
1690 4395 1940 4452 ἐπικατα·

282 4477 703 4557 λαμϐανόμενον
736 4484 825 4537 καὶ
853 4482 934 4539 ἀεὶ
963 4482 1089 4545 τοὺς
1147 4481 1198 4538 ἐν
1242 4485 1429 4560 χερσῖν
1476 4481 1733 4544 ἔκτεινον.
1767 4485 1934 4560 Ἀμό-

2067 528 2214 581 tium
2248 545 2547 594 cavernas,
2585 532 2681 585 ubi
2719 537 2948 587 torrens
2990 535 3237 604 exiguus
3270 537 3713 606 praeterﬂueb-it,

2066 629 2124 680 et
2154 640 2214 679 se
2246 629 2302 675 et
2327 624 2640 677 exercitum
2672 621 2928 677 intrusit.
2961 624 3332 679 Przecedebat
3370 633 3559 680 autem
3594 631 3710 681 Mn-

2068 712 2203 768 nuel
2234 714 2536 783 Carnytzes
2569 716 2955 782 protostrator
2983 717 3040 767 et
3070 713 3400 769 Comnenus
3434 716 3711 783 lauacius,

2069 801 2254 857 Alexii
2280 803 2408 871 ejus
2431 801 2528 872 qui
2564 805 2694 870 post
2724 800 3053 873 imperavit,
3080 818 3281 874 gener.
3307 809 3531 875 Agmen
3551 806 3717 860 clau-

2067 892 2243 947 debat
2284 893 2541 945 Joannes
2598 894 2789 945 Ducas
2839 891 3288 959 sebastocrator,
3341 894 3713 965 imperatoris

2067 986 2331 1053 patruus.
2352 978 2600 1033 Mediam
2639 978 3004 1051 phalangem,
3026 996 3201 1051 quam
3227 980 3645 1052 impedimenta
3659 988 3715 1040 et

2068 1069 2301 1126 servilia
2331 1067 2792 1123 extraordinaria
2810 1070 3234 1140 praecedebant,
3255 1071 3378 1142 ipse
3394 1072 3712 1143 imperator

2069 1159 2326 1215 lsaacius
2356 1166 2408 1211 et
2439 1156 2568 1227 eius
2591 1158 2764 1212 frater
2784 1159 3204 1215 sebastocrator
3224 1159 3458 1215 Alexius
3481 1161 3708 1217 obtine-

2068 1249 2230 1305 bant.
2265 1247 2548 1303 Barbaros
2578 1263 2733 1317 vero,
2768 1264 2829 1302 se
2860 1249 2931 1303 ab
2984 1252 3231 1320 utroque
3290 1250 3706 1321 angustiarum

2064 1337 2242 1394 latere
2272 1335 2664 1401 ostendentes,
2697 1335 2839 1390 satis
2894 1338 3211 1407 apparebat
3265 1355 3501 1407 semper
3559 1338 3709 1395 male

2065 1427 2340 1500 cogitare.
2377 1433 2457 1480 Ac
2488 1431 2834 1495 antegressae
2886 1425 3145 1495 legiones
3202 1429 3348 1482 citra
3387 1428 3712 1483 dimicatio-

2062 1533 2197 1572 nem
2230 1532 2261 1571 e
2294 1514 2560 1569 faucibus
2589 1514 2705 1568 illis
2736 1520 3064 1584 evaserunt,
3099 1517 3249 1586 quod
3305 1517 3499 1571 Blachi
3562 1533 3706 1573 non-

2062 1607 2200 1662 dum
2233 1622 2299 1662 eo
2358 1608 2772 1676 pervenerant:
2806 1609 2862 1659 et
2919 1620 2950 1659 e
3008 1620 3067 1659 re
3124 1623 3351 1675 quoque
3409 1624 3516 1661 sua
3573 1623 3703 1662 esse

2056 1696 2387 1767 judicarant
2421 1698 2482 1749 ut
2512 1694 2718 1765 primis
2751 1694 3027 1766 neglectis
3050 1694 3302 1749 mediam
3328 1694 3699 1768 phalangem,

1983 1808 2027 1873 Β
2061 1785 2215 1843 563
2242 1783 2299 1838 in
2334 1787 2647 1873 quaeesset
2703 1781 3025 1853 imperator
3079 1784 3329 1873 ejusque
3361 1784 3614 1839 ministri
3646 1789 3705 1840 et

2057 1873 2282 1946 reliqua
2307 1872 2597 1942 nobilitas,
2630 1874 3104 1944 aggrederentur.
3146 1872 3261 1929 Nec
3291 1873 3565 1945 opinione
3595 1890 3702 1929 sua

2058 1968 2202 2019 sunt
2233 1961 2634 2033 decepti.Nam
2659 1966 2720 2015 ut
2751 1961 2811 2015 in
2844 1960 3108 2016 faucibus
3142 1961 3260 2016 illis
3291 1962 3442 2033 fugae
3473 1961 3698 2018 nullum

2059 2061 2312 2131 spatium
2331 2058 2800 2131 relinquentihus
2815 2057 2985 2129 longe
3000 2058 3705 2130 processerat,tumultuo-

2059 2148 2351 2205 sissimam
2387 2163 2643 2219 pugnam
2699 2146 2871 2201 cient.
2905 2146 3104 2217 Neque
3156 2146 3455 2202 Romanus
3486 2146 3706 2218 pedita-

2058 2244 2154 2294 tus
2186 2237 2437 2310 segnior,
2477 2253 2546 2291 ne
2586 2236 3127 2304 circumveniretur,
3162 2235 3222 2289 in
3281 2237 3532 2291 arduum
3572 2237 3704 2291 ten-

2059 2329 2205 2384 dens
2230 2327 2509 2383 Barbaros
2532 2342 2665 2381 cum
2683 2324 2879 2380 labore
2909 2328 2964 2379 et
2978 2324 3705 2397 periculoecacuminibus

2060 2416 2476 2472 descendentes
2500 2413 2985 2486 reprimebat.Sed
3009 2428 3138 2469 cum
3164 2412 3539 2470 multitudine
3561 2413 3702 2470 telo-

2059 2521 2190 2560 rum
2225 2503 2582 2560 etdevolutis
2597 2503 2752 2559 saxis
2784 2503 3308 2575 urgerentur,fuga3
3323 2518 3385 2559 se
3418 2501 3704 2575 paulatim

2060 2600 2116 2650 et
2130 2594 2295 2665 quasi
2320 2591 2762 2649 dissimulanter
2783 2592 2949 2647 initio
2979 2592 3348 2658 mandarunt,
3366 2593 3549 2647 donec
3568 2593 3707 2647 Bar-

2059 2683 2216 2739 barie
2235 2681 2445 2753 majori
2458 2681 2709 2738 subinde
2736 2697 3013 2737 successu
3029 2686 3085 2737 et
3103 2681 3323 2752 impetu
3343 2680 3706 2737 irruentibus

2061 2772 2384 2844 perturbati
2416 2772 2599 2827 eﬂ'use
2627 2771 2920 2843 fugerunt,
2955 2770 3025 2826 de
3056 2787 3163 2825 sua
3194 2770 3445 2842 quisque
3475 2776 3705 2825 tantum

2061 2860 2250 2917 salute
2270 2857 3074 2928 sollicitus,etvelutpecudes
3092 2859 3146 2912 in
3167 2858 3398 2913 stabulo
3417 2855 3704 2914 concluse

2060 2951 2406 3008 defendente
2428 2950 2662 3005 nemine
2692 2948 3015 3003 ceduntur.
3054 2948 3376 3019 Imperator
3403 2962 3535 3002 vero
3574 2951 3703 3001 tan-

2062 3060 2239 3117 quam
2273 3042 2331 3097 in
2375 3040 2586 3097 mediis
2635 3040 2904 3096 cassibus
2954 3039 3235 3107 irretitus,
3271 3056 3421 3112 saepe
3461 3039 3700 3110 quidem

2062 3134 2353 3190 irruentes
2385 3134 2441 3186 in
2482 3147 2544 3187 se
2574 3130 2857 3185 Barbaros
2889 3130 3223 3201 propulsare
3254 3133 3519 3195 conatus,
3553 3144 3698 3200 pras-

2065 3229 2330 3296 terquam
2392 3221 2547 3293 quod
2635 3218 2779 3275 nihil
2839 3218 3104 3291 profecit,
3164 3218 3341 3274 etiam
3427 3222 3698 3290 tegumen

2061 3311 2291 3385 capitis,
2325 3327 2497 3381 quam
2530 3309 2693 3365 cusin
2723 3316 2949 3375 vocant,
2973 3309 3189 3363 amisit.
3222 3307 3332 3363 Sed
3367 3323 3500 3362 cum
3536 3306 3703 3362 multi

2063 3401 2367 3459 fortissimi
2402 3399 2508 3455 viri
2531 3400 2685 3455 circa
2723 3413 2854 3454 eum
2886 3396 3218 3469 conglobati
3262 3397 3449 3452 multa
3472 3398 3709 3468 jumen-

2061 3496 2120 3549 ta
2151 3491 2305 3548 564
2334 3494 2391 3546 et
2451 3487 2764 3544 nonnullos
2794 3486 2996 3553 etiam,
3030 3491 3096 3541 ut
3161 3487 3372 3552 ferunt,
3406 3489 3700 3541 Romanos

2061 3580 2273 3638 milites
2333 3578 2725 3651 progressioni
2781 3577 3078 3633 obstantes
3134 3577 3509 3645 occidissent,
3568 3591 3704 3631 eva-

2059 3669 2233 3727 dendi
2260 3669 2592 3726 facultatem
2623 3667 2854 3734 habuit;
2878 3670 2935 3723 et
2966 3664 3168 3722 multis
3195 3665 3517 3720 interfectis
3539 3662 3702 3719 solus

2057 3759 2365 3817 vulnerum
2398 3774 2604 3829 expers
2626 3761 3025 3826 conservatus,
3057 3772 3189 3809 cum
3224 3754 3293 3808 ad
3328 3757 3701 3823 antegressos

2058 3850 2436 3925 pervenisset,
2481 3863 2642 3902 more
2673 3845 2946 3901 Davidico
2979 3843 3199 3916 gratias
3256 3841 3368 3897 Deo
3402 3841 3697 3913 persolvit,

2055 3940 2155 4014 qui
2210 3945 2384 4010 caput
2414 3953 2589 3993 suum
2648 3952 2713 3991 eo
2775 3934 2971 4005 proelio
3028 3933 3460 3988 obumbrasset.
3513 3932 3702 3987 Ducas

2053 4045 2187 4084 vero
2221 4027 2652 4084 sebastocrator
2683 4039 2816 4079 cum
2850 4040 2912 4078 se
2945 4022 3216 4094 progredi
3246 4039 3358 4076 non
3396 4038 3566 4093 posse
3613 4021 3697 4074 vi-

2055 4119 2237 4182 deret,
2273 4116 2490 4170 bonum
2525 4114 2734 4168 ducem
2768 4117 2994 4179 nactus,
3030 4127 3203 4183 quem
3256 4109 3426 4165 miles
3457 4111 3693 4180 quidam

2053 4207 2182 4279 ejus
2214 4204 2482 4261 Litoboes
2514 4218 2583 4257 ex
2613 4200 2915 4257 barbarica
2945 4202 3179 4257 cohorte
3212 4198 3545 4271 pellexerat,
3581 4197 3694 4255 alia

2051 4306 2144 4363 via
2174 4306 2301 4362 sine
2332 4302 2453 4359 ulla
2484 4318 2635 4357 noxa
2671 4308 2756 4358 est
2787 4301 3041 4374 elapsus.
3073 4302 3398 4373 Imperator
3428 4315 3559 4354 cum
3595 4314 3696 4371 per

2050 4395 2304 4451 Crenum
2348 4392 2598 4447 Berroen
2656 4390 3035 4463 pervenisset,
3072 4387 3422 4444 incolumem
3473 4388 3693 4443 excrci-

2051 4488 2176 4540 tum
2212 4483 2313 4556 qui
2345 4484 2758 4547 antecesserat,
2792 4478 2939 4535 nihil
2973 4480 3044 4535 de
3076 4497 3138 4535 se
3170 4479 3305 4534 boni
3360 4482 3691 4550 sperantem

364 4540 375 4557 Ι
549 4540 559 4557 ι
1077 4540 1087 4545 ⁷
1245 4540 1283 4559 Α
1316 4540 1324 4560 Ι
1722 4540 1731 4544 “
1784 4540 1844 4560 ’νδ

282 4594 396 4628 νων
429 4569 485 4627 δὲ
517 4570 691 4635 οὐδεὶς
742 4573 829 4644 ἦν,
888 4570 1004 4627 οὐδ’
1061 4569 1320 4643 ἠδύνατο.
1356 4573 1618 4636 Βασιλεὺς
1653 4572 1709 4629 δὲ
1754 4575 1933 4647 αὐτὸς,

2056 4572 2285 4645 reperit.
2320 4570 2634 4627 Ferebatur
2662 4570 2837 4626 etiam
2881 4587 3000 4624 una
3036 4586 3168 4625 cum
3228 4568 3413 4639 copiis
3446 4567 3690 4640 perisse.

279 4663 361 4724 ὡς
400 4659 453 4716 ἔν
511 4659 701 4736 ἄρκυσι
763 4661 925 4736 μέσος
983 4660 1235 4740 ληφθεὶς,
1294 4661 1574 4722 πολλάκις
1634 4665 1727 4739 μὲν
1783 4667 1932 4722 ἀπώο

280 4763 476 4816 σασθαι
535 4751 597 4806 τὸ
643 4753 761 4805 καθ’
814 4751 973 4806 αὐτὸν
1035 4751 1184 4807 ἐπιὸν
1265 4752 1664 4827 ἀπεπειράσατο
1721 4752 1932 4832 3.5930:-

278 4860 400 4915 ρον,
450 4838 541 4894 σὺν
590 4836 646 4895 δὲ
684 4844 764 4913 τῷ
819 4838 988 4915 μηδὲν
1047 4840 1225 4896 ἀνύειν
1285 4842 1371 4896 καὶ
1423 4844 1514 4898 τὸν
1562 4847 1660 4909 τῆς
1690 4845 1931 4924 κεφαλῆς

276 4925 588 4984 ἀπεϐάλετο
633 4932 809 4985 κάσιν.
871 4928 1106 4986 Πολλῶν
1169 4928 1226 4986 δὲ
1276 4932 1365 4986 καὶ
1422 4933 1722 5007 κρατίστων
1756 4958 1927 4993 σδνει-

277 5018 566 5096 λεγμὲνων
606 5019 728 5093 περὶ
790 5018 976 5088 αὐτὸν,
1036 5020 1125 5074 καὶ
1184 5017 1371 5076 πολλᾶ
1427 5022 1521 5092 μὲν
1572 5022 1927 5098 ἀνῃρηκότων

278 5107 575 5183 ὑποζύγια,
625 5108 698 5170 ὡς
757 5105 814 5162 δὲ
871 5129 999 5187 φασι
1056 5109 1143 5164 καὶ
1213 5109 1547 5183 στρατιώτας
1603 5114 1928 5187 Ῥωμαίους,

275 5199 480 5253 ὁπόσοι
502 5203 569 5273 τῇ
600 5194 828 5273 παρόδῳ
859 5195 949 5253 διὰ
995 5199 1093 5267 τὴν
1157 5197 1497 5273 συμπίλησιν
1546 5203 1927 5276 προσίσταντο,

270 5287 454 5350 οὕτως
486 5286 632 5360 αὐτῷ
661 5287 696 5358 ἡ
730 5283 912 5358 ἔξοδος
966 5285 1352 5363 διηυμάριστο,
1410 5289 1497 5345 καὶ
1558 5292 1794 5349 σὲσωστο
1828 5295 1931 5368 μό-

263 5399 360 5439 νος
402 5375 780 5433 ἀπολωλότων
823 5375 1071 5432 πολλῶν.
1134 5380 1231 5433 Καὶ
1297 5380 1325 5433 ὁ
1374 5380 1467 5452 μὲν
1520 5386 1639 5444 τοῖς
1671 5403 1929 5461 προηγη-

262 5467 525 5541 σαμένοις
591 5466 876 5540 συναφθεὶς
938 5466 1208 5544 τάγμασιν
1263 5464 1382 5523 ἕθδε
1440 5474 1653 5546 σῶστρα
1708 5471 1923 5529 Δαυϊδι-

259 5561 378 5617 κῶς
410 5559 491 5627 τῷ
522 5553 609 5610 ἐπὶ
665 5557 766 5625 τήν
817 5553 1055 5635 κεφαλὴν
1112 5556 1274 5613 αὐτοῦ
1331 5559 1466 5614 κατὰ
1516 5560 1609 5615 τὸν
1648 5561 1769 5617 τότε
1823 5564 1922 5619 πό-

265 5645 449 5719 λεμον
531 5642 900 5701 ἐπισκιάσαντι
957 5648 1094 5721 Θεῷ·
1181 5648 1209 5704 6
1267 5644 1323 5705 δὶ
1398 5644 1843 5732 σεϐαστοκράτωρ
1892 5655 1922 5710 6

2047 4664 2133 4719 Ad
2166 4678 2299 4719 eum
2359 4661 2672 4717 adversum
2715 4675 3008 4716 rumorem
3068 4658 3443 4725 abolendum,
3479 4675 3689 4731 paucos

2044 4753 2170 4808 dies
2204 4751 2261 4806 in
2294 4750 2414 4806 illis
2446 4749 2715 4821 partibus
2766 4753 3166 4805 commoratus
3217 4750 3274 4803 in
3341 4749 3543 4803 urbem
3573 4748 3684 4802 im-

2042 4842 2389 4917 peratricem
2421 4840 2884 4907 rediit,infausta
2909 4841 3062 4895 fama
3088 4838 3203 4896 alio
3222 4840 3431 4895 nuntio
3448 4839 3681 4906 abolita,

2043 4950 2217 5004 quem
2248 4932 2375 5005 ipse
2429 4930 2910 5004 Carthaginensis
2949 4930 3251 4985 Hannonis
3290 4927 3552 4998 exemplo
3611 4929 3682 4982 de

2044 5050 2149 5089 sua
2177 5029 2420 5087 victoria
2452 5029 2510 5084 in
2536 5029 2781 5085 urbibus
2814 5028 3211 5099 spargendum
3244 5030 3495 5081 curarat.
3529 5013 3676 5081 563

2041 5123 2319 5178 Caeterum
2374 5133 2560 5189 neque
2618 5117 2823 5173 Hanno
2882 5116 3228 5171 diuturnum
3306 5115 3561 5169 fructum
3616 5128 3685 5167 ex

2041 5209 2396 5266 Musicarum
2425 5207 2621 5263 avium
2681 5211 2854 5261 cantu
2888 5205 3162 5278 percepit,
3194 5219 3342 5274 quas
3400 5219 3433 5257 a
3486 5201 3681 5274 pueris

2039 5298 2402 5354 continenter
2430 5295 2668 5351 eductas
2723 5299 3067 5349 Hannonem
3128 5307 3255 5348 esse
3310 5291 3481 5346 deum
3533 5288 3677 5346 alias

2038 5387 2150 5444 alio
2204 5383 2526 5450 dimiserat,
2560 5386 2625 5438 ut
2664 5382 2964 5438 volucrum
2997 5380 3098 5436 illa
3128 5379 3420 5438 cantilena
3454 5380 3668 5452 passim

2037 5475 2371 5542 audiretur;
2404 5490 2535 5529 nam
2570 5488 2704 5529 cum
2736 5470 3673 5537 avolassent,destiteruntcanere

2035 5572 2378 5622 Hannonem
2411 5580 2540 5620 esse
2570 5564 2769 5632 deum,
2827 5569 2883 5619 et
2915 5567 3167 5620 veterem
3202 5577 3370 5617 suam
3428 5559 3671 5617 cantileo

2038 5671 2173 5713 nam
2225 5654 2656 5726 repetiverunt;
2716 5657 2773 5711 et
2829 5653 3148 5726 imperator
3203 5650 3453 5710 victricis
3505 5651 3672 5708 famae
