4112 6218
448 348 564 408 799

1761 337 2081 398 NICETE
2122 334 2542 403 ΒΗΟΝΙΑΤΑΞ

3735 344 3861 406 800

450 481 749 554 gloriolam
770 479 881 532 rito
907 476 1100 530 amisit
1126 492 1138 530 :
1168 492 1299 530 nam
1329 474 1763 530 interfectorum
1793 473 2100 528 multitudo

2215 473 2421 539 Δούκας
2454 479 2529 548 μή
2579 476 2715 551 βατά
2754 479 2998 553 καθορῶν
3055 480 3118 534 τὰ
3183 477 3233 534 ἐν
3289 477 3470 552 ὄψεσιν
3501 474 3678 543 ἄλλην
3738 471 3861 531 ἐϐά-

455 574 626 628 urbes
661 583 715 624 et
746 587 909 637 agros
946 567 1102 621 lurtu
1139 567 1488 628 complebat.
1528 563 1732 620 Urbem
1799 568 2103 632 ingressus

451 662 633 717 cladis
667 660 824 711 illius
856 657 1054 709 dolore
1088 655 1353 708 nonnihil
1410 655 1479 708 de
1512 656 1820 724 supercilio
1856 653 2098 706 remisit.

450 752 594 806 Nam
627 755 758 804 ante
791 763 913 801 eam
943 745 1758 814 eXpeditionem,prupbeticis
1782 743 1897 797 illis
1913 744 2102 798 verbis

449 842 516 896 ad
554 856 615 894 se
647 836 1124 902 accommodatis,
1163 835 1403 903 putabat
1428 849 1487 886 se
1514 850 1646 887 cum
1682 832 1884 888 laetitia
1913 848 2104 901 egres-

448 946 648 986 surum
685 937 741 980 et
773 943 905 981 cum
943 925 1163 995 gaudio
1199 924 1627 993 ingressurum,
1660 929 1717 976 et
1774 928 2008 977 montes
2039 936 2104 975 ac

448 1019 625 1075 colles
651 1034 766 1089 pra:
798 1013 1225 1082 exspectatione
1254 1014 1343 1068 sui
1386 1013 1651 1066 hilariter
1683 1015 2098 1077 exsultaturos,

449 1115 507 1164 et
558 1124 762 1162 omnes
823 1109 994 1176 sylvas
1025 1105 1261 1159 arbores
1322 1109 1500 1158 ramis
1529 1103 1639 1157 sibi
1675 1095 2100 1172 applausuras;

451 1216 554 1270 pro
604 1195 865 1268 gramine
934 1209 1280 1265 cupressum
1339 1198 1396 1247 et
1455 1208 1557 1261 pro
1619 1193 1761 1245 rubo
1840 1194 2098 1259 myrtum

450 1285 979 1342 nascituram.Nam
1006 1302 1030 1335 a
1045 1283 1277 1337 bsurdis
1309 1283 1378 1336 do
1394 1281 1708 1351 semetipso
1725 1280 2102 1349 Opiniombus

449 1379 712 1432 imbutus
746 1392 811 1429 ea
844 1391 966 1444 qua:
999 1373 1055 1426 in
1089 1373 1269 1426 animi
1295 1372 1447 1427 566
1505 1370 1899 1442 penetralibus
1946 1369 2100 1423 inse-

449 1468 652 1523 derant
687 1465 1033 1536 proferebat,
1072 1479 1180 1514 non
1216 1463 1287 1515 ob
1325 1462 1554 1529 publica
1607 1469 1806 1513 nostra
1868 1463 2102 1529 peccata

447 1562 503 1610 et
536 1554 633 1608 Dei
687 1553 974 1622 judicium
1041 1554 1111 1603 ab
1171 1549 1447 1603 omnibus
1507 1548 1846 1602 derelictum
1899 1561 2098 1601 aurem

450 1642 683 1699 Domini
716 1657 840 1695 esse
870 1642 1228 1702 obturatam,
1283 1638 1598 1708 quominus
1629 1653 1732 1690 nos
1767 1636 2016 1702 audiret,
2049 1641 2103 1689 et

450 1731 664 1804 p0pulo
683 1730 866 1783 stulto
897 1733 955 1782 et
979 1729 1226 1782 barbaro
1251 1742 1355 1781 nos
1372 1726 1754 1798 ﬂagellandos
1769 1741 1894 1780 esse
1913 1726 2101 1788 datos,

2211 560 2373 633 δισεν,
2426 567 2632 639 ἀγαθοῦ
2713 590 2855 628 τινος
2935 569 3205 641 ἠγεμένος
3264 569 3592 639 ευπιιρήσας,
3656 567 3710 618 δν
3771 571 3864 618 τοῦ

2207 654 2325 707 κατ’
2356 653 2519 709 αὐτόν
2576 677 2660 717 τις
2721 658 3120 731 στρατεύματος
3194 651 3464 724 lit-teeth;
3505 652 3747 727 τοῦνομα
3812 656 3867 709 ἐκ

2206 745 2302 795 τοῦ
2400 749 2509 798 τῶν
2619 739 2910 819 Βαρϐάρων
2977 747 3255 822 τάγματος
3331 742 3866 817 προσδιαλεξάμενος

2207 828 2567 902 ἐπεσπάσατο,
2617 836 2705 888 καὶ
2761 833 2832 888 δι’
2893 835 3098 903 ἐκείνης
3158 836 3452 908 ἀπείρατος
3521 834 3717 904 ἐξῆλθε
3773 855 3866 888 κα·

2207 925 2330 978 κοῦ.
2373 921 2637 985 Βασιλεὺς
2672 921 2729 978 δὲ
2761 921 2849 978 διὰ
2891 929 2986 978 τοῦ
3027 923 3324 1000 λεγομένου
3380 928 3459 997 [Ρ.
3520 926 3649 997 286]
3714 929 3865 993 Κρηο

2208 1015 2303 1064 νοῦ
2328 1012 2465 1085 πρὸς
2499 1013 2597 1081 τήν
2632 1014 2872 1090 Βερρόην
2929 1013 3234 1077 ἀποσωθεὶς
3273 1014 3390 1084 εὗρε
3445 1016 3544 1081 τήν
3604 1013 3866 1087 προεξελ-

2208 1105 2400 1164 θοῦσαν
2470 1101 2694 1166 ἀπαθῶς
2753 1104 3004 1179 στρατιὰν
3071 1104 3169 1158 ούκ
3227 1105 3402 1180 ἀγαθά
3454 1105 3867 1182 φανταζομένην

2206 1189 2330 1265 περὶ
2390 1190 2602 1245 ἑαυτοῦ·
2691 1190 3031 1266 διεθρυΑεῖτο
3089 1193 3192 1267 γὰρ
3265 1193 3340 1253 ὠς
3406 1193 3494 1247 καὶ
3557 1193 3725 1253 αὐτὸς
3792 1197 3868 1263 τῷ

2212 1280 2394 1350 λοιπῷ
2426 1278 2808 1334 συναπολώλει
2868 1280 3251 1355 στρατεύματι.
3315 1281 3411 1335 Διά
3459 1285 3588 1355 γοῦν
3652 1281 3718 1333 τὸ
3774 1287 3869 1347 τῆς

2208 1371 2400 1446 φήμης
2463 1369 2714 1446 ἄγνωμον
2777 1373 2803 1426 6
2874 1371 3128 1447 βασιλεὺς
3187 1372 3380 1446 ὀλίγας
3465 1372 3678 1446 ἡμέρας
3755 1377 3869 1433 τοῖς

2206 1456 2316 1512 εκεῖ
2345 1479 2451 1513 που
2500 1455 2925 1532 προσδιατρίψας
2989 1460 3174 1535 μέρεσι
3231 1462 3366 1535 πρὸς
3425 1462 3523 1527 τὴν
3588 1466 3699 1515 τῶν
3773 1462 3869 1514 7:6-

2206 1545 2347 1602 λεων
2400 1546 2640 1602 ἐπάνεισι
2714 1547 2992 1624 βασιλίδα.
3050 1551 3109 1606 Ἠ
3175 1549 3354 1624 μέντοι
3413 1551 3717 1606 ἀπευκταῖα
3751 1551 3873 1624 περὶ

2207 1640 2305 1690 τοῦ
2345 1642 2671 1711 κρατοῦντος
2727 1635 2930 1710 ᾄδουσα
2995 1641 3152 1715 φήμη
3199 1641 3283 1718 ὑφ’
3361 1639 3544 1714 ἒτέρας
3602 1639 3867 1716 ἀγγελίας

2207 1724 2691 1800 παρηυδοκίμητο,
2751 1729 2811 1796 ἣν
2874 1729 3151 1802 πτερώσας
3237 1729 3264 1782 6
3354 1729 3618 1803 βασιλεὺς
3696 1729 3871 1805 ἀφῆκε

454 1821 551 1877 sed
588 1834 789 1890 pmnas
822 1817 1052 1872 dedisse
1083 1815 1441 1883 defectionis,
1474 1816 1625 1886 quod
1661 1815 1910 1868 Branam
1937 1829 2100 1868 secu-

457 1910 493 1925 ,ο
701 1915 710 1925 ι
754 1910 785 1919 ι·
900 1907 912 1925 1
951 1907 1208 1925 ικ-γιιι-λμ
1260 1906 1444 1925 ,AHJA-
1484 1905 1728 1925 fu:_-,-_A
1786 1904 1828 1925 n
1867 1903 2074 1925 12-1.-1:

2210 1816 2347 1869 κατά
2374 1817 2466 1871 τὸν
2525 1813 2903 1891 Καρχηδόνιον
2939 1818 3181 1872 Ἀννωνα
3244 1818 3337 1881 τὰς
3367 1817 3561 1879 πόλεις
3611 1817 3867 1872 ἐπιοῦσαν

2384 1906 2396 1922 Ί
2538 1903 2552 1925 ι
2607 1906 2621 1922 \
2718 1905 2730 1925 ’
2955 1905 2968 1925 Ι
3139 1907 3150 1925 ’
3169 1911 3184 1925 Δ
3203 1905 3223 1925 ἵ
3243 1905 3262 1925 Ἰ
3284 1910 3296 1925 ο
3382 1907 3405 1925 Ἀ
3507 1909 3525 1925 I
3545 1913 3557 1925 ι
3790 1908 3803 1925 9
3855 1907 3867 1925 1

452 1910 497 1968 ti
527 1915 719 1965 essent
752 1910 787 1962 ii
817 1907 917 1978 qui
949 1907 1215 1962 hostibus
1245 1906 1450 1977 praedae
1484 1905 1752 1960 fuissent.
1785 1904 1829 1958 Ο
1861 1903 2101 1958 diaboli-

451 2016 550 2054 cas
609 1997 994 2070 cogitationes
1053 2000 1108 2050 et
1164 1995 1602 2065 inspirationes,
1663 1994 1714 2048 si
1803 1991 2101 2048 nonnullis

449 2087 814 2162 principibus
849 2101 1194 2156 persuasum
1227 2089 1316 2139 est
1340 2083 1526 2138 multa
1558 2084 1780 2154 piorum
1811 2082 1994 2138 millia
2024 2083 2096 2138 ob

447 2179 852 2250 qualecunque
875 2175 932 2228 in
967 2190 1066 2229 eos
1097 2173 1375 2228 delictum
1409 2173 1804 2244 sanguinariis
1825 2172 2099 2242 gentibus

450 2269 644 2325 ovium
680 2268 863 2322 instar
885 2266 955 2320 ad
983 2265 1197 2320 caedem
1227 2270 1283 2320 et
1305 2264 1763 2320 internecionem
1796 2263 2098 2329 dedi.Quis

448 2367 604 2423 enim
627 2365 986 2437 lacrymosus
1007 2364 1294 2420 Jeremias
1317 2364 1457 2419 satis
1475 2362 1738 2432 deploret
1761 2377 1861 2418 eos
1885 2361 1984 2433 qui
2005 2377 2100 2417 ca-

453 2455 821 2528 piuntur,qui
853 2454 1200 2510 occiduntur
1232 2454 1331 2523 qui
1365 2453 1424 2507 in
1457 2453 1810 2523 longinquas
1833 2453 2098 2522 regiones

451 2545 808 2611 venduntur,
833 2561 929 2599 eas
963 2542 1276 2614 praesertim
1312 2543 1369 2596 in
1403 2541 1617 2613 quibus
1647 2540 1860 2596 Christi
1885 2558 2097 2596 nomen

451 2650 562 2689 non
599 2633 898 2689 invocatur
923 2633 950 2687 ‘I
974 2648 1158 2703 neque
1178 2631 1275 2688 illa
1297 2631 1604 2688 insolentia
1628 2635 1960 2698 contentus,
1980 2647 2099 2686 mo-

450 2724 749 2780 narcbiam
783 2725 853 2778 de
880 2740 941 2778 se
968 2723 1226 2794 jactabat
1257 2727 1314 2778 et
1345 2739 1484 2794 opes
1545 2721 1806 2794 gentium
1833 2726 1890 2776 et
1918 2719 2100 2776 Palae-

450 2815 617 2870 stinas
646 2813 1048 2868 liberationem
1093 2817 1150 2867 et
1189 2811 1386 2884 gloria-
1447 2811 1648 2866 Libani
1707 2809 2098 2881 adeptionem,

450 2909 507 2962 et
535 2903 965 2958 Ismaelitarum
1000 2901 1151 2956 ultra
1209 2900 1563 2973 Euphratem
1625 2900 1866 2954 ﬂuvium
1899 2899 2102 2972 proﬂi-

453 2993 775 3066 gationem,
809 2997 864 3048 et
893 2991 1271 3048 barbararum
1312 2991 1572 3062 gentium
1608 2989 1867 3061 undique
1902 2988 2101 3060 depul-

452 3082 699 3138 sionem.
733 3080 1083 3152 Adjiciebat,
1121 3097 1270 3152 quos
1299 3085 1425 3134 tum
1459 3080 1641 3135 duces
1672 3078 1985 3134 habiturus
2011 3093 2098 3132 es-

453 3178 565 3239 set,
587 3188 685 3227 eos
719 3187 831 3227 non
866 3171 981 3226 fore
1012 3171 1219 3226 nostris
1251 3168 1498 3237 similes,
1531 3169 1632 3224 sed
1667 3183 1961 3224 summam
1995 3184 2094 3238 po-

2209 1906 2439 1974 νικητήν
2501 1903 2658 1960 αὺτὸν
2705 1905 3075 1982 ἀναγορεύειν.
3139 1905 3296 1962 Ἀλλ’
3344 1907 3466 1962 οὔτε
3507 1909 3720 1963 Ἀννων
3786 1907 3872 1962 ἐπὶ

2209 1993 2353 2048 πολὺ
2411 1995 2664 2050 ἀπώνατο
2714 2003 2813 2063 τῆς
2868 2001 2975 2050 τῶν
3019 1993 3233 2068 ᾠδικῶν
3295 1996 3522 2071 ὀρνίθων
3557 1995 3868 2070 συλλογῆς,

2210 2079 2303 2139 οὕς
2330 2080 2466 2152 μετὰ
2493 2081 2556 2134 τὸ
2597 2076 2930 2156 διδαχθῆναι
2965 2078 3053 2134 δια
3088 2080 3492 2155 μειρακυλλίων
3552 2081 3630 2145 ὠς
3660 2088 3866 2138 ’Ἄννων

2209 2179 2326 2238 θεὸς
2394 2175 2698 2254 ἐνδελεχῶς
2756 2180 3220 2254 παρακαθημένων
3276 2180 3465 2240 αὐτοῖς
3537 2180 3631 2234 καὶ
3709 2184 3867 2234 τοῦτο

2211 2262 2641 2322 ὑποϐαλλόντων
2697 2269 2775 2322 ἀεὶ
2832 2269 3060 2340 μάθημα
3119 2266 3376 2342 διαφῆκεν
3407 2265 3611 2324 ἄλλοσε
3672 2267 3869 2338 ⁸Ξὶλλον,

2208 2355 2282 2418 ὠς
2309 2357 2593 2432 ἁπανταχῇ
2629 2353 2921 2433 ὃιαρῥεύσῃ
2963 2358 3024 2412 τὸ
3087 2358 3218 2433 ὑπὲρ
3259 2359 3425 2412 αὐτοῦ
3462 2363 3572 2412 τῶν
3636 2359 3867 2432 ὀρνίθων

2212 2443 2401 2519 μέλοςο
2437 2443 2695 2508 λύσαντες
2731 2448 2834 2522 γὰρ
2889 2447 2952 2502 τὸ
3015 2449 3211 2522 πτερὸν
3253 2446 3431 2501 οὐκέτι
3463 2451 3678 2504 ’Ἄννων
3737 2445 3867 2522 ᾖδον

2210 2535 2350 2604 θεὸς,
2406 2531 2552 2588 ἀλλὰ
2620 2534 2688 2588 τὰ
2740 2540 2846 2589 τῶν
2905 2534 3131 2609 ὀρνίθων
3189 2534 3279 2589 καὶ
3342 2533 3506 2590 πάλιν
3563 2535 3872 2610 ἐμουσούρ-

2207 2645 2338 2698 γουν
2375 2624 2449 2685 ὠς
2503 2624 2786 2700 πρότερον
2833 2627 2958 2680 οὔτε
3014 2627 3122 2698 μὴν
3180 2627 3208 2679 6
3244 2625 3498 2701 βασιλεὺς
3540 2625 3597 2687 ἒς
3653 2628 3865 2701 μακρὸν

2209 2721 2310 2782 τῆς
2368 2713 2662 2790 εὒαγγέλου
2722 2717 2914 2791 φήμης
2993 2714 3316 2772 ἀπέλαυσενο
3401 2719 3437 2785 ἡ
3497 2716 3601 2790 γάρ
3662 2721 3872 2778 πτῶσις

2207 2802 2650 2880 πολυάνθρωπος
2707 2803 2972 2880 γενομένη
3048 2805 3143 2867 τὰς
3199 2803 3389 2866 πόλεις
3474 2804 3868 2880 ἐπιστεναχού-

2209 2916 2302 2957 σας
2354 2891 2560 2950 ἐδείκνυ
2616 2895 2708 2950 καὶ
2789 2894 2917 2958 τοὺς
3004 2897 3204 2971 ἀγροὺς
3263 2901 3450 2970 κῶμον
3505 2899 3869 2970 κωμάζοντας

2211 2986 2421 3063 ἄγριον.
2465 2987 2666 3044 Είσιὼν
2724 2985 2782 3043 δὲ
2829 2989 2926 3058 τήν
2967 2993 3076 3043 τῶν
3132 2987 3346 3044 πόλεων
3400 2987 3677 3065 ἃρχουσαν
3742 2991 3869 3044 ὑπι-

2209 3075 2421 3150 χάλασὲ
2451 3097 2499 3130 τι
2534 3076 2722 3152 λικρὸν
2771 3085 2870 3146 τῆς
2938 3077 3162 3154 ὀφρύος,
3213 3078 3302 3132 καὶ
3334 3080 3399 3146 ἦν
3451 3077 3540 3132 liti
3569 3084 3692 3141 τοῖς
3728 3101 3867 3152 συμ-

2209 3159 2474 3236 ϐεϐηκόσι
2530 3166 2746 3226 τούτοις
2807 3161 3156 3240 δακνόμενος.
3220 3168 3416 3240 Πρώην
3466 3163 3522 3220 δὲ
3582 3166 3699 3242 οὐχ
3727 3165 3865 3222 οὕτω

455 3231 691 3316 tentiam
727 3259 1029 3316 habituros
1087 3267 1140 3313 et
1203 3258 1438 3314 divitias
1485 3231 1749 3329 gentium
1804 3231 2094 3311 comestu-

2209 3231 2460 3326 διέκειτο,
2516 3254 2644 3312 ἀλλ’
2693 3256 2940 3331 ἀπαίρων
2977 3231 3134 3312 ’κατὰ
3193 3231 3512 3332 Βαρϐάρων,
3557 3259 3627 3312 τά
3657 3231 3868 3337 προφη-

451 3365 548 3404 ros
578 3349 727 3405 561
778 3353 834 3403 et
866 3347 1238 3420 pinguedinis
1269 3362 1469 3402 eorum
1532 3344 1819 3401 medullas
1873 3344 2097 3400 exhau—

449 3441 636 3506 turos,
669 3437 906 3508 regibus
937 3442 994 3491 et
1026 3435 1322 3508 toparchis
1347 3435 1687 3490 auctoritate
1709 3438 1766 3490 et
1783 3433 2097 3505 splendore

453 3526 766 3584 similes.In
800 3525 1140 3596 hujusmodi
1171 3523 1422 3596 ineptias
1445 3522 1738 3594 impulsus
1757 3527 1846 3578 est
1867 3539 1901 3578 a
1930 3523 2098 3577 vanis

455 3615 818 3683 hominibus,
851 3615 952 3686 qui
986 3619 1185 3668 nostra
1203 3613 1380 3668 etiam
1412 3618 1579 3667 aetate
1612 3612 1893 3684 vigent,et
1924 3611 2097 3666 veluti

454 3705 626 3761 tinem
667 3703 1021 3758 vanitatibus
1079 3702 1210 3758 istis
1271 3702 1572 3774 ingenium
1631 3701 1759 3772 ejus
1817 3717 2096 3756 novarum

457 3810 646 3850 rerum
703 3794 930 3848 avidum
965 3792 1243 3847 subibant
1275 3796 1332 3846 et
1361 3791 1718 3859 credebant;
1755 3795 1857 3845 aut
1885 3790 2096 3862 potius,

455 3899 518 3948 ut
551 3893 803 3948 nutrices
836 3891 1119 3946 infantem
1181 3892 1238 3946 in
1301 3890 1472 3945 cunis
1532 3889 1844 3954 collocant,
1872 3890 1954 3945 ita
2013 3889 2098 3944 illi

452 3983 649 4055 ipsum
683 3983 753 4037 ad
805 3980 1131 4037 socordiam
1189 3985 1248 4036 et
1304 3979 1599 4052 ignaviam
1642 3980 1764 4035 suis
1799 3979 2012 4034 fabulis
2046 3983 2100 4034 et

454 4072 798 4129 commentis
828 4069 1402 4141 impellebant,quasi
1428 4086 1562 4126 vero
1581 4069 1707 4141 ipso
1721 4069 2100 4136 dormitante,

454 4178 585 4220 cum
624 4161 815 4218 fatalis
847 4161 991 4217 hora
1031 4161 1480 4231 instaret,regna
1502 4159 1561 4215 in
1594 4159 1722 4229 ejus
1753 4163 2100 4230 potestatem

456 4252 606 4308 ultro
639 4269 846 4308 casura
878 4256 1092 4316 essent,
1128 4249 1628 4323 quemadmodum
1668 4252 1886 4304 veteres
1904 4247 2096 4303 Timo-

455 4341 652 4398 tbeum
689 4341 999 4413 pinxerunt
1029 4338 1414 4395 dormientem
1450 4339 1687 4394 fortuna
1717 4337 1950 4393 interim
1985 4336 2098 4391 cir-

457 4435 771 4488 cumeunte
802 4435 858 4484 et
886 4431 1057 4484 urbes
1091 4430 1144 4483 in
1173 4445 1353 4483 unum
1389 4432 1504 4483 rete
1536 4431 1866 4482 contractas
1897 4425 1946 4481 ei
1978 4430 2099 4482 tra-

458 4514 649 4566 dente.
686 4511 751 4564 Et
784 4511 934 4581 quod
971 4509 1159 4580 magis
1198 4508 1444 4573 mireris,
1473 4508 1845 4563 asseverabat
1875 4508 2099 4561 Andro-

2200 3346 2324 3399 τικὰ
2373 3345 2547 3399 ἐκεῖνα
2604 3345 2680 3406 εἷς
2737 3345 2921 3400 ἑαυτὸν
2985 3345 3352 3422 ἐφελκόμενος
3413 3347 3659 3421 ῥήματα,
3730 3347 3862 3419 ᾧετο

2203 3434 2254 3488 ἓν
2329 3433 2630 3508 εὐφροσύνῃ
2708 3433 3074 3504 ἐξελεύσεσθαι
3149 3435 3242 3489 καὶ
3343 3436 3476 3508 μετὰ
3565 3443 3860 3513 χαρμονῆς

2204 3521 2623 3590 εἰσελεύσεσθαι,
2682 3524 2772 3578 καὶ
2831 3524 2905 3586 ὠς
2963 3524 3028 3579 τά
3082 3521 3182 3598 ὅρη
3243 3524 3330 3578 καὶ
3391 3526 3443 3578 oi
3498 3525 3684 3600 βουνοί
3743 3526 3862 3595 ἔξα-

2204 3609 2429 3666 λοῦνται
2484 3608 2924 3687 προσδεχόμενοι
2985 3612 3144 3668 αὐτὸν
3199 3613 3249 3668 ὲν
3303 3617 3467 3689 χαρᾷ,
3534 3614 3624 3668 καὶ
3693 3616 3856 3670 πάντα

2201 3702 2270 3756 τὰ
2329 3700 2463 3771 ξύλα
2512 3706 2609 3756 τοῦ
2641 3699 2849 3777 δρυμοῦ
2899 3703 3249 3778 ἒπικροτησει
3289 3709 3405 3765 τοῖς
3453 3701 3702 3772 κλάδοις,
3764 3705 3853 3757 καὶ

2209 3799 2326 3854 ἀντὶ
2386 3794 2614 3864 στοιῦἦς
2671 3795 2998 3871 ἀναϐήσεται
3050 3803 3406 3876 κυπάρισσος,
3458 3801 3569 3855 ἀντί
3610 3797 3663 3853 δὲ
3722 3800 3847 3852 κνύ-

2208 3893 2304 3958 ζης
2356 3884 2684 3958 ἀναϐήσεται
2746 3889 3002 3963 μυρῥίνη,
3054 3890 3168 3944 επεὶ
3220 3891 3311 3944 καὶ
3372 3889 3689 3949 ἀλλοκότοις
3747 3885 3844 3942 66-

2205 3977 2338 4047 ξαις,
2392 3976 2514 4051 περὶ
2565 3977 2760 4031 ἑαυτοῦ
2817 3978 3238 4053 συγκεκρότητο,
3296 3980 3388 4032 καὶ
3461 3974 3730 4040 πολλάκις
3781 3977 3852 4030 τὰ

2206 4064 2258 4120 ἐν
2293 4070 2460 4140 μυχῷ
2491 4064 2742 4140 καριδίας
2792 4065 3241 4142 ἐπηλυγαζόμενα
3301 4067 3537 4146 ἐκφέρων
3570 4065 3857 4146 ἔφθὲγγετο

2209 4155 2285 4228 μὴ
2345 4151 2432 4208 διὰ
2489 4155 2553 4208 τά
2613 4160 2808 4216 κοινῶς
2868 4155 2954 4232 ὕφ’
3013 4158 3172 4229 ἡμῶν
3234 4157 3601 4231 ἡμαρτημένα
3653 4157 3741 4210 καὶ
3798 4157 3858 4210 τὸ

2206 4247 2338 4298 Θεοῦ
2391 4243 2565 4316 κρίσιν
2624 4243 2824 4306 πάντας
2882 4243 3202 4300 καταλιπεῖν
3278 4247 3608 4320 βαρυνθῆναι
3657 4247 3716 4300 τὸ
3769 4246 3858 4306 οῦς

2206 4333 2410 4407 Κυρίου
2451 4337 2548 4386 τοῦ
2583 4334 2658 4404 μὴ
2693 4331 2904 4388 ἀκούειν
2959 4337 3117 4408 ἡμῶν
3164 4335 3256 4387 καὶ
3303 4331 3682 4405 παραδοθῆναι
3714 4337 3858 4407 ἡμᾶς

2207 4421 2282 4482 εἷς
2318 4423 2651 4496 μαστίγωσιν
2678 4419 2796 4494 λαῷ
2827 4428 3000 4498 μωρῷ
3029 4424 3118 4478 καὶ
3177 4424 3309 4498 οὐχῖ
3351 4428 3523 4500 σοφῷ,
3570 4423 3716 4479 ἀλλά
3778 4424 3857 4478 τί·

2204 4530 2388 4572 νοντας
2421 4509 2576 4581 δίκην
2607 4515 2705 4565 τοῦ
2741 4511 2920 4566 ὀπίσω
2949 4515 3046 4567 τοῦ
3104 4513 3284 4586 Βρανᾶ
3341 4520 3676 4587 πορευθῆναι
3726 4515 3863 4568 ἀπο-

459 4599 656 4654 nicum
710 4598 1097 4661 Comnenum,
1154 4613 1328 4667 quem
1391 4597 1517 4667 ipse
1569 4595 1811 4665 imperio
1867 4594 2100 4667 pulsum

2214 4599 2428 4654 στασίαν
2487 4603 2600 4655 κατ’
2659 4603 2826 4656 αὐτοῦ
2916 4603 3248 4672 νοσήσαντος
3326 4602 3598 4664 τοιούτοις
3658 4599 3864 4657 ἐκδεδὸ-

462 4686 868 4743 miserabiliter
900 4686 1311 4739 trucidandum
1344 4688 1597 4749 curarat,
1653 4699 1857 4738 novem
1919 4699 2105 4739 annos

461 4779 520 4834 in
571 4778 816 4848 imperio
848 4780 1184 4831 exacturum
1220 4775 1418 4841 fuisse,
1470 4774 1582 4829 nisi
1643 4792 1675 4829 a
1705 4775 1822 4830 Deo
1875 4783 2108 4846 prOpter

459 4877 892 4952 improbitatem
949 4874 1106 4931 illius
1159 4875 1229 4930 ad
1261 4874 1577 4930 triennium
1613 4873 1762 4930 568
1827 4875 2104 4930 contracti

460 4975 678 5035 essent,
704 4974 760 5026 et
785 4986 881 5025 sex
905 4966 1064 5022 illius
1095 4967 1256 5033 anni,
1285 4971 1562 5036 tanquam
1599 4963 1777 5037 panni
1813 4981 2103 5036 purpura,

458 5080 566 5119 suo
599 5061 844 5132 imperio
875 5057 1086 5129 adjecti
1116 5077 1135 5121 ;
1167 5056 1380 5127 quibus
1431 5071 1546 5110 non
1579 5054 1818 5110 omnino
1850 5053 2106 5110 clemens

459 5160 516 5211 et.
575 5151 911 5208 moderatus
969 5147 1203 5202 futurus
1264 5149 1438 5211 esset,
1472 5160 1660 5216 neque
1715 5143 2108 5199 beneficentiae

460 5243 744 5298 rationem
782 5239 998 5310 ubique
1021 5233 1574 5306 habiturus,quippe
1602 5249 1734 5290 cum
1768 5250 1801 5289 a
1828 5232 2106 5289 maleﬁcis

463 5333 633 5388 annis
666 5328 978 5385 Andronici
1012 5328 1081 5382 ad
1124 5325 1281 5382 illius
1305 5331 1569 5380 naturam
1596 5340 1697 5396 per
1716 5323 1834 5378 vim
1855 5323 2105 5379 trahere-

459 5427 574 5475 tur.
610 5422 833 5486 Quibus
893 5418 1087 5474 verbis
1131 5433 1205 5473 an
1265 5415 1560 5471 excusarit
1610 5414 2005 5470 Andronicum
2041 5417 2106 5468 ut

463 5509 742 5564 maleﬁcia
794 5507 1161 5578 temporibus
1193 5505 1439 5578 imperio
1473 5503 1745 5577 potitum,
1780 5507 1836 5559 et
1869 5503 1969 5558 fati
2001 5518 2100 5558 ne-

458 5598 790 5652 cessitatem
852 5604 914 5651 ut
969 5598 1209 5669 quidam
1253 5614 1322 5652 ex
1377 5597 1586 5653 Graecis
1642 5595 1919 5667 probarit,
1971 5594 2102 5651 aliis

455 5685 844 5758 judicandum
903 5687 1192 5759 relinquo.
1258 5687 1575 5762 Postquam
1627 5703 1761 5745 vero
1807 5704 1906 5746 sex
1963 5687 2101 5745 anni

2218 4691 2339 4744 σθαι
2392 4690 2521 4752 τοὺς
2575 4691 3086 4764 προνομευομὲνους
3170 4696 3380 4752 κακοῖς.
3467 4695 3535 4744 "Q
3603 4695 3710 4745 τῶν
3768 4690 3863 4746 τοῦ

2217 4783 2465 4855 πονηροῦ
2498 4781 2826 4853 σκεμμάτων
2858 4801 2914 4836 τε
2973 4780 3063 4834 καὶ
3133 4781 3508 4859 ὑφηγημάτων
3552 4783 3565 4838 i
3627 4780 3672 4835 si
3721 4780 3864 4835 οὕτω

2215 4875 2322 4924 τῶν
2384 4871 2664 4949 ἀρχόντων
2724 4872 2862 4934 τινες
2916 4872 3302 4948 ὑπειλήφασιν,
3335 4871 3410 4933 ὠς
3475 4867 3708 4926 εὐσεϐῶν
3761 4894 3864 4945 μυ-

2218 4956 2405 5033 ριάδας
2454 4966 2552 5029 τῆς
2610 4961 2902 5014 ὁποιασοῦν
2936 4960 3039 5014 ὑπό
3087 4980 3232 5022 τινος
3279 4959 3454 5014 αὐτῶν
3485 4962 3868 5034 παροινῆσεως

2215 5057 2575 5134 ἀντάλλαγμα
2634 5059 2722 5113 καὶ
2782 5059 3082 5135 ἀντίψυχον
3126 5055 3408 5113 ἐκδίδωσιν
3439 5060 3466 5113 6
3520 5061 3652 5121 Θεὸς
3685 5081 3870 5134 συγκι-

2213 5153 2452 5219 νηθεῖσιν
2511 5146 2676 5202 ἔθνεσι
2735 5149 2822 5203 καὶ
2907 5149 2983 5213 ὡς
3036 5143 3284 5222 πρόϐατα
3341 5154 3549 5224 σφαγῆς
3610 5147 3871 5220 παρίησιν

2216 5236 2411 5300 αὐτοὺς
2453 5236 2746 5312 ἀπάγεσθαί
2804 5259 2862 5292 τε
2927 5238 3016 5292 καὶ
3078 5237 3517 5292 ἀποκτείνεσθαι.
3585 5235 3682 5298 Τίς
3765 5236 3869 5312 γὰρ

2213 5329 2482 5401 Ἱερεμίας
2512 5323 2860 5400 πολύδακρυς
2906 5325 3196 5402 ἐθρήνησεν
3257 5325 3318 5380 ἅν
3375 5325 3687 5398 ἀρκούντως
3743 5327 3871 5387 τοὺς

2214 5414 2824 5493 αἷχμαλωτιζομένους,
2883 5417 3010 5477 τοῦς
3098 5414 3544 5490 ἀναιρουμένους,
3610 5414 3739 5476 τοὺς
3795 5416 3870 5476 είς

2213 5509 2309 5570 τὰς
2361 5505 2696 5582 πορρωτέρω
2749 5507 2937 5582 χώρας
2998 5502 3450 5578 ἀποδιδομένους,
3510 5505 3599 5559 καὶ
3657 5505 3866 5559 τούτων

2213 5595 2478 5676 ἐφ”ὀσαις
2518 5595 2578 5650 τὸ
2633 5601 2729 5651 τοῦ
2787 5598 3024 5672 Χριστοῦ
3095 5597 3171 5668 μή
3226 5591 3582 5665 ἐπικέκληται
3646 5593 3866 5667 ὅνομα;

2212 5685 2290 5745 Οὐ
2320 5689 2489 5742 ταῦτα
2520 5683 2576 5743 Si
2609 5686 2773 5762 μόνον
2813 5682 3024 5760 διεξιών
3070 5685 3157 5757 ἦν,
3215 5682 3344 5740 ἀλλ’
3411 5681 3494 5740 ὅτι
3527 5684 3614 5739 καὶ
3669 5702 3862 5761 μοναρ-
