4112 6218
313 404 432 468 801
1448 404 1545 465 DE
1589 403 1900 467 ISAACIO
1940 400 2255 463 ANGELO
2296 400 2453 462 LIB.
2500 398 2610 463 III.
3613 404 3734 468 802

314 539 447 613 χίαν
478 534 880 612 περιϐαλεῖται,
912 535 1003 593 καὶ
1034 535 1264 608 θηλάσει
1303 539 1447 614 γάλα
1492 539 1689 609 ἐθνῶν,
1738 537 1829 592 καὶ
1879 536 1971 593 αύ-

2090 536 2516 609 prasterierunt,
2550 552 2659 593 suo
2688 534 2951 608 exemplo
2973 536 3390 595 demonstravit
3407 554 3522 596 non
3549 557 3732 598 anno-

316 628 413 691 τὸς
444 625 641 683 ἐσεῖται
693 627 796 697 τὴν
844 625 1208 698 Παλαιστίνην
1258 624 1555 702 ἐλευθερῶν
1602 628 1693 685 καὶ
1742 628 1842 697 τὴν
1889 623 1974 682 δό-

2087 643 2214 682 rum
2247 627 2495 683 circuitu
2529 627 2630 683 sed
2664 624 2992 682 animorum
3026 626 3287 697 impulsu
3319 629 3632 688 nonnullos
3663 648 3731 688 ea

315 713 407 786 ξαν
439 719 537 770 τοῦ
561 709 800 770 Λιϐάνου
821 716 1101 788 κτώμενος
1132 715 1223 769 καὶ
1252 716 1378 778 τοὺς
1433 714 1790 788 Ἰσμαηλίτας
1839 715 1973 790 ὑπὲρ

2087 716 2289 773 fecisse
2330 734 2459 788 quae
2516 716 2846 773 voluerunt.
2905 716 3047 773 Nam
3106 734 3240 773 cum
3300 722 3521 790 majora
3579 722 3731 779 bona

310 805 407 859 τὸν
464 803 751 881 Εὐφράτην
810 805 1054 878 ποταμὸν
1140 802 1406 879 κεραΐζων
1490 804 1579 860 καί
1639 803 1970 877 ληῖζόμενος

2087 807 2477 877 polliceretur,
2510 806 2788 863 insecutis
2819 807 2990 862 annis
3022 806 3205 863 nihilo
3238 808 3586 867 clementius
3621 817 3730 867 tra-

311 897 406 968 [P.
465 895 593 968 277]
648 896 736 949 καὶ
798 895 860 950 τὸ
923 889 1255 969 βαρϐαρικὸν
1312 892 1503 968 κύκλῳ
1572 894 1968 969 ἀνακαθαίρων.

2087 896 2261 952 ctavit
2291 895 2580 952 subditos.

316 987 639 1059 Προσεπῆγε
671 980 841 1038 δὲκαὶ
873 984 950 1045 ὡς
992 985 1044 1039 οἱ
1081 984 1207 1039 τότε
1266 983 1356 1038 ὑπ’
1411 982 1569 1038 αὐτὸν
1628 983 1899 1061 ἡγεμόνες
1958 983 2060 1039 οὐκ
2112 976 2319 1038 ἔσονται
2369 987 2488 1045 τοῖς
2543 984 2784 1057 σήμερον
2842 982 3054 1057 ὅμοιοι,
3106 981 3237 1040 ἀλλ’
3291 984 3448 1061 ἰσχὺν
3499 983 3728 1062 περιϐα-

313 1071 542 1128 λοῦνται
600 1072 863 1144 πλείστην
923 1073 1014 1128 καὶ
1072 1071 1309 1129 πλοῦτον
1367 1072 1532 1137 ἐθνῶν
1590 1066 1802 1129 ἔδονται
1840 1074 1933 1129 καὶ
2008 1072 2077 1128 τὰ
2135 1074 2291 1148 πάχη
2362 1071 2539 1129 αὐτῶν
2599 1072 2994 1147 ἐκμυελιοῦσιν,
3061 1073 3138 1136 εἷς
3202 1076 3302 1144 τὴν
3367 1073 3537 1147 αὐτὴν
3604 1076 3728 1152 ρηξὶ

309 1163 406 1218 καὶ
456 1162 767 1241 τοπάρχαις
826 1160 1070 1232 ἐξουσίαν
1169 1162 1259 1218 καὶ
1339 1163 1684 1242 περιφάνειαν
1766 1162 2171 1235 καθιστάμενοι.
2229 1160 2486 1237 Ἐλέγετο
2544 1159 2602 1217 δι
2653 1161 2860 1218 τούτων
2935 1166 3154 1219 πάντων
3214 1164 3498 1243 ὖφηγητᾶς
3557 1168 3728 1222 Ἰσαα-

311 1249 421 1323 κίῳ
479 1247 802 1315 καθεστάναι
857 1251 987 1311 τοὺς
1044 1247 1098 1312 ἐς
1151 1252 1298 1323 ἡμᾶς
1360 1248 1786 1327 ματαιολόγους,
1842 1250 2023 1325 ὥσπερ
2082 1256 2247 1319 σῆτας
2319 1254 2438 1313 ταῖς
2496 1249 2853 1317 κενοφωνίαις
2906 1249 3125 1313 ταύταις
3174 1253 3273 1319 τὴν
3335 1251 3538 1308 ἐκείνου
3569 1254 3727 1329 φύσιν

313 1341 454 1414 πρὸς
509 1338 576 1394 τὰ
632 1340 793 1393 γαινὰ
847 1343 954 1394 τῶν
1009 1338 1377 1413 ἀκουσμάτων
1437 1339 1600 1395 οὖσαν
1656 1336 1999 1416 κατάρῥοπον
2058 1338 2399 1400 ὗπεισιόντας
2460 1340 2551 1394 καὶ
2604 1339 2998 1413 κατεσθίοντας,
3051 1340 3086 1410 ἢ
3130 1340 3345 1414 μᾶλλον
3394 1342 3469 1405 ὡς
3520 1345 3573 1399 αἱ
3612 1343 3730 1400 τίτ-

317 1439 408 1492 θαι
466 1428 533 1483 τά
591 1425 901 1505 βρεφύλλια
952 1426 1208 1498 ἐπικλινῆ
1265 1427 1513 1493 τιθέντας
1566 1429 1703 1505 πρὸς
1771 1429 2048 1504 ῥᾳστώνην
2090 1429 2182 1484 καὶ
2240 1428 2354 1504 βίον
2414 1423 2873 1503 ἐξημελυμμένον
2929 1429 3355 1487 ἀναπεπτωκότα
3398 1452 3458 1486 τε
3502 1429 3733 1489 δεικνύν-

312 1538 404 1580 τες
435 1518 526 1573 τὸν
571 1518 799 1593 βασιλέα
853 1523 971 1580 τοῖς
1028 1521 1136 1573 τῶν
1196 1516 1460 1574 τοιούτων
1521 1519 2006 1593 μυθολογημάτων
2064 1515 2391 1591 ἐπᾴσμασιν,
2451 1520 2542 1572 οἷα
2594 1516 2659 1588 δὴ
2717 1519 2806 1573 καὶ
2870 1515 3038 1593 μηδὲν
3078 1518 3507 1593 αύτουργοῦντος
3543 1520 3730 1592 αὐτοῦ,

313 1613 425 1676 τῆς
478 1607 789 1682 ὡρισμένης
844 1603 890 1661 δ’
947 1606 1242 1677 ἐπιστάσης
1302 1606 1742 1680 ὑποκεισομένων
1793 1606 1940 1678 αύτῷ
2003 1610 2188 1662 πασῶν
2255 1611 2364 1662 τῶν
2431 1605 2749 1682 βασιλειῶν,
2815 1608 2936 1672 καθ’
2993 1606 3053 1663 ὅν
3119 1605 3186 1677 δὴ
3251 1608 3453 1683 τρόπον
3519 1610 3611 1665 καὶ
3677 1610 3731 1665 οἱ

314 1693 489 1750 πάλαι
548 1694 829 1775 ζωγράφοι
903 1694 1170 1767 Τιμόθεον
1248 1689 1483 1772 ἔγραφον
1559 1693 1721 1750 αὐτόν
1797 1696 1892 1769 μὲν
1971 1691 2317 1764 καθεύδοντα,
2375 1696 2475 1765 τὴν
2533 1692 2591 1750 δὲ
2662 1694 2840 1774 τύχην
2913 1699 3224 1770 περιιοῦσαν
3323 1697 3413 1752 καὶ
3489 1697 3566 1759 είς
3637 1695 3731 1753 ἕνα

321 1784 522 1859 κύρτον
578 1784 674 1846 τὰς
731 1783 923 1847 πόλεις
994 1778 1379 1856 ἐμϐάλλουσαν
1430 1783 1520 1839 καὶ
1594 1783 1981 1860 προσάγουσαν
2055 1782 2203 1858 αύτῷ
2275 1786 2367 1839 καὶ
2441 1781 2869 1859 παραδιδοῦσαν.
2944 1785 3015 1839 Τὸ
3091 1782 3149 1840 δὲ
3221 1782 3288 1856 δὴ
3367 1788 3730 1860 θαυμάζεσθαι

314 1873 630 1950 ἀξιώτερον,
688 1870 843 1950 ἔλεγε
919 1870 1221 1950 διαρρήδην
1302 1874 1376 1936 ὡς
1439 1875 1467 1930 ὁ
1524 1874 1813 1947 Κομνηνὸς
1895 1870 2261 1948 Ἀνδρόνικος,
2323 1875 2381 1929 ὃν
2437 1873 2599 1937 αὐτὸς
2676 1878 2772 1929 τοῦ
2830 1872 3019 1950 ἄρχειν
3077 1874 3321 1939 καθελὼν
3378 1875 3453 1939 εἷς
3509 1876 3735 1942 θάνατον

316 1960 547 2033 ἐξέδωκε
610 1963 882 2038 πονηρὸν,
938 1960 1259 2018 ἐνναετίσειν
1317 1959 1534 2035 ἤμελλε
1608 1966 1677 2037 τῇ
1759 1962 2010 2038 βασιλείᾳ
2099 1961 2414 2037 Ῥωμαίων,
2484 1961 2790 2019 συνέστειλε
2857 1960 2916 2018 δὲ
2978 1964 3077 2032 τήν
3151 1964 3356 2019 ἐκείνου
3422 1965 3736 2040 ἐννεαρχίαν

318 2052 397 2114 εἷς
454 2053 692 2126 τριετίαν
752 2052 882 2113 Θεὸς
921 2052 996 2114 ὡς
1056 2046 1211 2114 ὄντος
1265 2055 1587 2127 κακοεργοῢ,
1645 2051 1841 2125 ἀμέλει
1899 2072 1985 2107 τοι
2042 2052 2135 2107 καὶ
2194 2053 2270 2115 ὡς
2326 2050 2493 2127 ῥάκος
2548 2052 2801 2130 πορφύρᾳ
2844 2047 3232 2123 ἐπιϐέϐληνται
3279 2056 3348 2126 τῇ
3378 2054 3543 2109 αὑτοῦ
3573 2054 3734 2130 ἀρχῷ

312 2141 407 2195 καὶ
469 2142 523 2195 οἱ
589 2140 797 2197 ἐκείνου
862 2139 917 2212 ’ἐξ
984 2136 1336 2209 λυκάϐαντες,
1403 2140 1495 2196 καὶ
1566 2140 1760 2214 μέλλει
1824 2141 1964 2197 κατά
2028 2140 2257 2204 τούτους
2305 2141 2464 2203 αὐτὸς
2509 2141 2638 2204 τοὺς
2687 2140 2924 2217 χρόνους
2977 2142 3053 2214 μὴ
3105 2140 3239 2196 εἶναι
3286 2141 3424 2197 πάνυ
3470 2164 3522 2198 τι
3564 2142 3733 2200 ἐπιει-

312 2233 419 2303 κής
464 2252 524 2286 τε
580 2238 668 2287 καὶ
731 2231 949 2306 μέτριος
1012 2228 1143 2306 μηδ’
1200 2231 1274 2295 ὡς
1330 2230 1524 2287 ἐπίπαν
1583 2236 1704 2296 ταῖς
1755 2231 2177 2307 ἀγαθοπραξίαις
2236 2232 2596 2309 γαννύμενος,
2655 2233 2748 2288 οἶα
2817 2236 2926 2288 τῶν
3002 2237 3317 2287 κακοποιῶν
3388 2230 3732 2309 Ἀνδρονίκου

314 2319 577 2376 ἐνιαυτῶν
641 2322 778 2397 πρὸς
844 2322 943 2391 τήν
1004 2320 1205 2377 ἐκείνου
1274 2320 1651 2395 μεθελκόντων
1746 2321 1902 2398 φύσιν
1991 2320 2149 2376 αὐτὸν
2208 2320 2299 2376 καὶ
2362 2320 2744 2376 ἀντισπώντων
2837 2319 3207 2397 ἀναγκαστῶς.
3282 2324 3461 2378 Ταῦτα
3546 2320 3604 2378 δὲ
3688 2324 3736 2379 εὶ

314 2412 404 2464 καὶ
469 2407 800 2485 Ἀνδρονίκῳ
882 2410 946 2465 τὸ
1029 2408 1434 2486 ἀνεπέγκλητον
1519 2408 1835 2485 χαρίζονται
1922 2409 1995 2471 ὡς
2077 2410 2214 2465 κατὰ
2299 2411 2535 2485 χρόνους
2594 2408 2811 2484 ἄρξαντι
2866 2410 3221 2482 κακοποιοὺς,
3290 2410 3382 2465 καὶ
3439 2410 3722 2482 συνίστησι

316 2501 421 2569 τήν
478 2500 815 2575 εἱμαρμένην
872 2499 962 2554 καὶ
1024 2500 1125 2567 τὴν
1197 2498 1462 2573 ἀνάγκην,
1539 2498 1781 2573 παρίημι
1855 2503 1970 2560 τοῖς
2049 2496 2411 2574 βουλομένοις
2489 2504 2733 2557 σκοπεῖν.
2810 2498 2961 2555 Ἐπεὶ
3032 2496 3092 2554 δὲ
3148 2500 3201 2554 οἱ
3253 2496 3309 2570 ’ἐξ
3374 2500 3730 2575 παρήλθοσαν

310 2588 571 2659 ἐνιαυτοὶ,
604 2583 798 2658 ἔδειξεν
833 2589 894 2644 ἐκ
923 2592 1029 2644 τῶν
1060 2589 1397 2663 πραγμάτων
1431 2587 1607 2644 αὐτῶν
1642 2590 1719 2661 μὴ
1749 2589 1847 2658 τήν
1887 2590 2154 2667 χρονικὴν
2187 2586 2461 2662 περίοδον,
2493 2588 2639 2644 ἀλλὰ
2666 2590 2764 2658 τὴν
2792 2590 3078 2662 γνωμικὴν
3112 2586 3359 2659 ἰδιότητα
3386 2584 3724 2646 ὑποϐάλλειν

303 2678 398 2733 καὶ
423 2676 736 2742 ὺποτιθέναι
766 2680 834 2733 τά
865 2677 1142 2753 βουλητέα
1169 2677 1330 2732 τισίν·
1356 2676 1529 2752 ἀγαθά
1546 2677 1648 2752 γὰρ
1673 2675 2146 2755 ἐπαγγελλόμενος
2182 2677 2402 2753 μείζονα
2430 2684 2546 2741 τοῖς
2580 2677 2846 2749 ὑπηκόοις
2868 2678 2944 2740 είς
2974 2679 3103 2741 τοὺς
3135 2678 3421 2753 μετέπειτα
3452 2678 3731 2754 ἐνιαυτοὺς

306 2764 466 2822 οὖδεν
501 2789 553 2823 τι
588 2771 698 2822 τῶν
728 2767 1010 2843 προτέρων
1044 2766 1330 2844 εἰργάσατο
1363 2765 1607 2841 ἄμεινον.

387 2853 456 2915 8⁸.
511 2857 578 2914 Οἱ
638 2858 820 2925 μέντοι
881 2855 1093 2931 Βλάχοι
1160 2861 1241 2927 τῷ
1306 2854 1388 2911 ἀεὶ
1454 2860 1605 2927 νικᾷν
1667 2855 1973 2929 Ῥωμαίους

2154 2858 2205 2915 4.
2239 2857 2545 2914 Enimvero
2576 2857 2774 2914 Blachi
2807 2857 3029 2914 crebris
3059 2858 3319 2915 victoriis
3350 2858 3505 2925 elati,
3559 2863 3615 2915 et
3666 2874 3735 2917 ex

325 2945 751 3024 ὀφρυαζόμενοι,
783 2945 874 3001 καὶ
903 2944 1148 3001 πλοῦτον
1174 2940 1338 3020 ἁϐρὸν
1369 2945 1459 3000 καὶ
1505 2949 1765 2999 παντοῖον
1811 2941 1980 2998 όπλι-

319 3034 458 3090 σλὸν
511 3035 571 3091 ἐκ
620 3040 730 3090 τῶν
784 3036 1112 3113 Ῥωμφϊκῶν
1158 3032 1415 3114 λαφύρων
1484 3029 1980 3110 περιῦαλλόμενοι,

317 3124 694 3200 ἀκατάσχετοι
752 3125 848 3180 τοῦ
906 3124 1106 3181 λοιποῦ
1156 3129 1276 3186 ταῖς
1336 3125 1533 3198 ὁρμαῖς
1617 3121 1978 3199 ἐγεγόνεισαν,

310 3213 408 3267 καὶ
463 3212 642 3268 οὐκέτι
701 3214 893 3288 κώμας
951 3214 1043 3268 καὶ
1101 3212 1305 3289 ἀγροὺς
1361 3209 1657 3282 ἐληΐζοντο
1716 3210 1981 3280 ἐπιόντες,

314 3298 471 3357 ἄλλὰ
512 3302 602 3357 καὶ
655 3303 794 3357 κατά
834 3307 942 3356 τῶν
989 3301 1270 3375 εὖπύργων
1316 3299 1694 3377 ἐφωπλίζοντο
1742 3298 1979 3362 πόλεων,

319 3392 441 3461 Τήν
488 3411 546 3446 τε
594 3390 685 3445 οὖν
732 3389 1025 3469 Ἀγχίαλον
1073 3388 1434 3465 ἐξεπόρθησαν
1478 3390 1569 3445 καὶ
1620 3391 1721 3460 τήν
1772 3390 1978 3467 Βάρναν

321 3483 765 3554 παρεστήσαντο,
795 3481 884 3534 καὶ
938 3478 1073 3534 κατᾶ
1118 3480 1218 3547 τὴν
1259 3475 1586 3552 Τριάδιτζαν
1633 3479 1979 3555 ἀφικόμενοι,

318 3570 358 3640 ἥ
393 3570 534 3624 ἐστιν
562 3572 597 3639 ἡ
629 3566 800 3624 πάλαι
842 3567 1106 3644 λεγομένη
1161 3564 1427 3641 Σαρδική,
1474 3567 1537 3623 τὸ
1584 3566 1775 3623 πλεῖον
1814 3567 1982 3639 αὐτῆς

322 3661 497 3734 μέρος
551 3658 835 3738 ἠφάνισαν,
894 3659 983 3712 καὶ
1042 3658 1174 3713 αὐτὸ
1232 3654 1291 3712 δὲ
1344 3658 1408 3713 τὸ
1472 3657 1787 3731 Στούμπιον
1872 3664 1982 3715 τῶν

321 3746 684 3805 ἐνοικούντων
753 3746 1041 3803 ἐκένωσαν.
1110 3744 1289 3803 ’Λλλά
1343 3746 1434 3802 καὶ
1505 3746 1589 3807 ἐἰς
1664 3748 1754 3802 τὸν
1808 3752 1976 3803 Νῖσον

317 3838 651 3919 ἀφικόμενοι
682 3836 830 3892 λείαν
884 3836 1128 3891 κάκεῖθεν
1182 3836 1283 3891 οὐκ
1330 3835 1527 3913 ὀλίγην
1578 3836 1874 3911 ἀνθρώπων
1921 3858 1981 3892 τε

311 3929 409 3982 καὶ
456 3930 610 3996 ζώων
672 3925 1064 3982 ἐπεσπάσαντο.
1133 3928 1224 3996 Μὴ
1289 3923 1433 4001 ἔχων
1502 3923 1550 3981 δ’
1612 3926 1641 3980 ὁ
1701 3924 1977 4002 βασιλεὺς,

320 4017 401 4082 ὡς
435 4018 531 4071 οἷα
572 4017 674 4071 ὑπὸ
707 4015 981 4089 μελισσῶν
1023 4014 1218 4091 κηρίον
1271 4014 1673 4089 κυκλούμενος,
1719 4015 1823 4070 τίνι
1875 4019 1979 4071 τῶν

313 4109 505 4167 κακῶς
547 4109 871 4179 πασχόντων
927 4103 1179 4175 ἐπαοήξει
1234 4103 1498 4179 πρότερον
1546 4101 1582 4174 ἤ
1639 4105 1745 4159 τίνι
1789 4102 1980 4160 τελευ-

312 4200 428 4251 τῶν
466 4190 751 4271 βρσϐεύσει
789 4195 889 4262 τήν
923 4196 1009 4269 [Ρ.
1057 4196 1186 4267 278]
1237 4192 1511 4269 σύναρσιν,
1562 4193 1638 4255 είς
1683 4192 1971 4268 ἀρχηγοὺς

322 4283 536 4357 μερίζει
567 4285 668 4352 τήν
703 4282 978 4358 στρατιάν.
1028 4280 1255 4355 Ἀμέλει
1302 4282 1393 4337 καὶ
1437 4283 1538 4349 τήν
1589 4281 1801 4355 Βάρναν
1850 4281 1969 4336 ἀνέ-

306 4394 493 4442 κτισε,
549 4372 639 4427 καὶ
696 4372 979 4449 ἐπύργωσε
1027 4372 1127 4440 τὴν
1208 4369 1536 4447 Ἀγχίαλον,
1595 4371 1686 4425 καὶ
1741 4370 1978 4447 φρουρὰν

309 4464 509 4526 αὐταῖς
541 4461 916 4538 ἐγκατέστησε.
965 4459 1072 4517 Καὶ
1127 4458 1305 4515 ἐδόκει
1364 4461 1460 4532 μὲν
1519 4459 1618 4514 οὐκ
1674 4456 1779 4515 ἄπο
1837 4480 1977 4534 προ-

317 4550 552 4627 μηθείας
582 4553 722 4607 εἶναι
752 4556 921 4606 ταῦτα
956 4548 1271 4625 βασιλικῆς,
1301 4550 1439 4618 ἦσαν
1470 4547 1526 4605 δὲ
1569 4550 1659 4604 καὶ
1711 4550 1861 4605 οὓτω
1908 4550 1975 4605 τὰ

311 4645 427 4699 τῶν
482 4639 732 4697 ἐναντίων
790 4640 940 4702 αὗθις
998 4637 1433 4713 ἐπικρατέστερα.
1512 4639 1697 4710 Ἑξιὼν
1761 4636 1819 4694 δὲ
1886 4639 1976 4695 καὶ

313 4732 483 4793 αὐτὸς
528 4732 664 4785 κατά
723 4730 819 4793 τὰς
875 4729 1251 4804 μετοπωρινᾶς
1307 4728 1514 4804 τροπὰς
1566 4728 1692 4804 περὶ
1734 4730 1833 4798 τὴν
1883 4735 1980 4785 Φι-

314 4821 537 4877 λίππου
597 4818 886 4896 ἐπαρχίαν,
944 4819 1031 4872 καὶ
1086 4820 1188 4888 τὴν
1246 4821 1622 4891 γυναικωνῖτιν
1681 4816 1978 4892 συνεπαγό-

323 4930 523 4984 μανος,
554 4909 629 4971 ὡς
660 4908 796 4976 ἐνόν,
825 4905 1114 4963 ἀνέστελλε
1140 4906 1236 4969 τὰς
1265 4910 1374 4962 τῶν
1415 4906 1646 4980 Βλάχων
1695 4908 1786 4962 καὶ
1839 4913 1980 4962 Σκυ-

312 5003 427 5056 θῶν
458 4995 781 5073 ἐπιδρομάς,
829 4995 1009 5052 Ἀλλά
1056 4996 1150 5051 καὶ
1201 4999 1300 5050 τοῦ
1345 5000 1453 5051 τῶν
1504 4990 1722 5069 Σέρϐων
1769 4996 1975 5052 Ζουπά-

310 5111 417 5145 νου
457 5091 893 5162 κακουργοῦντος
929 5090 1020 5140 καί
1068 5085 1135 5140 τὰ
1192 5081 1405 5140 Σκόπια
1462 5084 1801 5159 φθείροντος,
1860 5081 1979 5141 κατ’

307 5177 527 5235 ἐκείνου
582 5176 883 5252 ἐξώρμησεσ
942 5176 1031 5230 καὶ
1086 5174 1161 5236 ὡς
1212 5173 1616 5250 συνερῥώγεσαν
1682 5176 1740 5230 αἱ
1806 5174 1979 5249 τάξεις

307 5269 455 5327 κατὰ
484 5269 574 5323 τὸν
619 5262 871 5342 Μοράὸον
926 5264 1227 5339 λεγόμενον
1275 5264 1547 5336 ποταμὸν,
1595 5263 1874 5320 ἐνέκλιναν
1926 5267 1977 5319 o't

310 5352 619 5433 Βάρὸαροι,
673 5356 760 5411 καὶ
820 5351 1196 5423 καταδιώξεως
1263 5353 1557 5430 γενομένης
1640 5353 1737 5409 οὐκ
1793 5352 1977 5429 ὀλίγοι

2094 2947 2485 3003 Romanorum
2519 2949 2722 3020 spoliis
2755 2963 2998 3018 magnas
3019 2965 3161 3020 opes
3192 2952 3248 3004 et
3277 2950 3471 3006 omnis
3503 2948 3735 3021 generis

2091 3052 2254 3093 arma
2283 3038 2577 3093 consecuti
2620 3037 2896 3109 deinceps
2929 3038 3089 3093 nullo
3122 3037 3293 3093 modo
3324 3037 3583 3093 cohiberi
3633 3053 3735 3107 po-

2089 3130 2363 3195 tuerunt;
2392 3143 2498 3183 nec
2521 3126 2647 3197 jam
2676 3126 2842 3182 villas
2874 3132 2931 3182 et
2947 3142 3115 3188 agros
3138 3126 3354 3198 passim
3379 3125 3739 3199 populaban-

2091 3221 2207 3283 tur,
2243 3218 2345 3272 scd
2380 3215 2641 3271 munitas
2671 3214 2847 3271 etiam
2880 3216 3055 3271 urbes
3088 3215 3455 3271 invadebant.
3490 3214 3740 3270 Anchia-

2090 3303 2209 3360 lum
2269 3305 2502 3377 quidem
2549 3309 2874 3369 vastarunt,
2939 3304 3189 3360 Barnam
3250 3305 3629 3377 subegerunt,
3680 3308 3739 3359 et

2089 3394 2414 3459 Triaditzzs,
2450 3410 2581 3466 qua
2610 3392 2749 3448 olim
2798 3393 3036 3449 Serdica
3084 3392 3403 3458 dicebatur,
3456 3394 3736 3464 majorem

2089 3489 2314 3555 partem
2347 3482 2709 3538 deleverunt.
2744 3482 3011 3554 Stumpio
3041 3482 3197 3538 cives
3224 3487 3560 3550 exegerunt.
3592 3482 3733 3538 Niso

2087 3572 2240 3629 569
2275 3588 2506 3644 quoque
2536 3588 2650 3628 non
2704 3588 2941 3644 parvam
2995 3570 3303 3627 hominum
3352 3577 3411 3627 et
3460 3586 3731 3643 pecorum

2088 3663 2343 3733 praedam
2370 3663 2714 3734 abegerunt.
2755 3660 3143 3727 Quamobrem
3193 3660 3511 3731 imperator
3558 3659 3734 3714 undi-

2087 3767 2202 3823 que
2232 3768 2347 3807 non
2379 3750 2546 3807 aliter
2565 3766 2742 3823 quam
2767 3752 2929 3806 favus
2952 3751 3025 3806 ab
3049 3750 3256 3821 apibus
3279 3748 3736 3816 circumventus,

2088 3845 2146 3896 et
2176 3841 2391 3913 quibus
2414 3841 2578 3912 prius
2600 3848 2699 3894 aut
2718 3839 3010 3911 posterius
3035 3854 3203 3911 opem
3232 3839 3406 3893 ferret
3431 3837 3731 3903 dubitans,

2087 3930 2374 3986 exercitus
2404 3929 2557 3985 inter
2586 3928 2764 3984 duces
2795 3927 3119 3993 distribuit,
3154 3927 3400 3981 Barnam
3433 3927 3730 3981 instaura-

2085 4020 2186 4082 vit,
2219 4017 2567 4074 Anchialum
2603 4016 2862 4072 turribus
2892 4021 2951 4073 et
2979 4015 3251 4088 praesidio
3287 4015 3558 4070 firmavit.
3592 4016 3730 4080 Quae

2084 4106 2355 4179 quamvis
2385 4108 2458 4163 ab
2491 4106 2864 4177 imperatoria
2895 4104 3257 4177 providentia
3287 4119 3401 4158 non
3419 4103 3735 4160 abhorrere

2083 4198 2440 4263 viderentur,
2483 4201 2682 4252 tamen
2730 4195 2927 4251 hostes
2974 4195 3166 4250 denuo
3216 4193 3548 4266 superiores
3595 4194 3732 4249 fue-

2086 4290 2245 4342 runt.
2277 4286 2386 4342 Sed
2418 4290 2477 4341 et
2506 4285 2631 4356 ipse
2663 4291 2794 4356 post
2823 4283 3231 4354 aequinoctium
3277 4284 3619 4339 autumnale
3668 4283 3732 4338 in

2086 4375 2474 4447 Philippicam
2537 4373 2892 4445 provinciam
2948 4388 3243 4448 egressus,
3293 4371 3563 4428 adductis
3614 4388 3734 4428 una

2086 4463 2459 4530 mulieribus,
2486 4461 2836 4518 Blachorum
2870 4472 2924 4517 et
2968 4461 3314 4534 Scytharum
3367 4460 3735 4517 incursiones

2085 4571 2189 4626 pro
2220 4552 2368 4609 virili
2402 4552 2770 4625 prohibebat.
2807 4551 3019 4607 Invasit
3056 4556 3114 4606 et
3155 4551 3490 4606 Serviorum
3539 4554 3731 4623 Zupa-

2087 4656 2252 4710 num,
2282 4641 2383 4712 qui
2418 4638 2718 4695 maleﬁciis
2750 4655 2865 4695 non
2898 4637 3249 4703 abstinebat,
3271 4644 3329 4693 et
3349 4637 3558 4709 Sc0pia
3579 4653 3735 4693 ever-

2083 4730 2263 4785 tebat.
2296 4728 2620 4786 Commisso
2649 4728 2720 4785 ad
2750 4727 2968 4784 ﬂumen
2999 4726 3301 4785 Herebum
3350 4727 3546 4799 praelio
3590 4726 3733 4783 Bar-

2084 4820 2212 4877 bari
2266 4824 2432 4893 terga
2477 4820 2804 4887 dederunt;
2855 4820 2914 4874 in
2964 4833 3148 4890 eaque
3197 4817 3336 4890 fuga
3389 4833 3503 4872 non
3560 4816 3733 4889 pauci

2086 4926 2241 4983 aqua
2269 4913 2326 4966 et
2381 4910 2533 4967 ferro
2581 4909 2898 4981 perierunt.
2950 4906 3157 4965 Nisum
3208 4920 3442 4977 quoque
3495 4910 3727 4976 prater-

2087 5016 2345 5071 gressus,
2378 5002 2436 5055 et
2465 4999 2536 5056 ad
2568 4998 2784 5055 Savum
2827 4995 3067 5051 ﬂuvium
3104 4995 3421 5066 profectus,
3467 5006 3730 5047 socerum

2088 5105 2259 5145 suum
2292 5088 2489 5144 Belam
2526 5086 2829 5159 Hungerias
2870 5100 3062 5155 regem
3094 5082 3259 5137 adiit.
3291 5081 3360 5135 Et
3401 5077 3735 5151 complures

2086 5178 2165 5234 ibi
2225 5179 2353 5233 dies
2409 5180 2829 5241 commoratus,
2875 5169 3326 5243 Philippopolim
3402 5167 3732 5238 revertitur,

2087 5275 2256 5334 atque
2303 5265 2439 5320 inde
2498 5264 2559 5318 in
2617 5277 2891 5333 magnam
2952 5260 3147 5314 urbem
3208 5257 3379 5326 redit,
3439 5254 3732 5312 declinato

2088 5351 2270 5407 Haemi
2300 5350 2570 5406 transitu.

307 5408 937 5525 glirzisvrh’aeavao
987 5408 1403 5519 παρεδόθηίιαν,⁸
1467 5408 1622 5499 {idem
1701 5408 2233 5516 καταϐάπτιζόμενοι
2314 5438 2403 5494 καὶ
2490 5436 2677 5512 δόρασι
2775 5430 3204 5525 διαπειρόμενοιῃ.
3275 5428 3590 5525 ’Παρελθὼν
3630 5408 3731 5525 “8E.

307 5539 407 5595 καὶ
435 5538 529 5593 τὸν
562 5516 721 5592 Νῖσον
746 5516 835 5590 καῖ
868 5516 991 5610 περὶ
1020 5516 1112 5589 τόν
1147 5528 1390 5588 Σάουϐον
1422 5534 1667 5606 ποταμὸν
1694 5537 1773 5606 τῷ
1824 5533 2012 5606 οἰκείῳ
2069 5529 2318 5604 συνέμιξε
2344 5524 2586 5599 κηδεστῇ
2614 5529 2695 5597 τῷ
2724 5526 2826 5598 τῇς
2854 5521 3130 5610 Ού-γγρίας
3164 5521 3292 5596 ῥηγὶ
3320 5525 3400 5593 τῷ
3430 5518 3595 5610 Βελᾷ.
3628 5516 3734 5578 Καὶ

308 5627 521 5704 συχνάς
551 5625 722 5682 ἐκεῖσε
753 5607 1041 5699 διατρίψάς
1066 5621 1277 5698 ἡμέρας
1299 5621 1566 5679 ἐπάνεισιν
1590 5619 1744 5687 αὖθις
1775 5620 1849 5684 εἰς
1879 5615 2358 5688 Φιλιππούπολιν,
2380 5616 2623 5680 κάκεῖθεν
2654 5615 2753 5685 τὴν
2788 5607 3164 5691 μεγαλόπολιν
3196 5610 3440 5685 ε’ἰσεισιν,
3469 5609 3732 5668 ἐκκλίνων

305 5720 417 5792 τὴν
445 5715 525 5780 εἰς
552 5714 646 5773 τὸν
678 5715 865 5790 Αἷμον
888 5708 1153 5789 πάροδον.
