4112 6218
445 432 564 494 803

1761 425 2080 490 NIGETE
2119 423 2540 513 Gnosiam

3741 431 3868 491 801

517 569 674 626 570
724 567 991 637 [uitaque
1045 564 1161 620 alia
1207 562 1429 620 ratione
1494 560 2087 635 Pbilippopolitanam

2275 556 2372 619 Είς
2432 555 2477 612 δ’
2535 557 2719 633 ἐτίραν
2787 560 2894 613 τῶν
2947 561 3085 613 κατά
3141 555 3602 614 Φιλιπποόπολιν
3658 565 3870 636 χωρῶν

445 659 805 732 provinciam
838 655 1230 726 gubernandi,
1258 660 1321 710 ut
1343 655 1599 711 hostium
1625 652 2096 726 grassationibus

445 747 700 802 maxime
713 745 1041 814 obnoxiam,
1055 747 1507 800 Constantinum
1524 745 1763 799 fratrem
1780 740 2100 814 patruelem

445 854 577 892 cum
611 837 857 906 imperio
889 833 1138 905 ablegat,
1169 850 1344 905 quem
1385 833 1596 890 classis
1625 847 1860 904 quoque
1889 832 2096 885 ducem

445 932 685 982 crearat.
718 925 824 989 Qui
858 925 964 979 etsi
998 925 1189 979 adhuc
1220 923 1580 991 adolescens,
1616 929 1836 987 tamen,
1885 934 2098 990 quem-

445 1013 765 1070 admodum
795 1011 1034 1067 leonum
1065 1011 1243 1066 catuli
1275 1027 1309 1066 a
1340 1011 1531 1082 primo
1563 1015 1692 1065 ortu
1714 1006 2092 1080 supercilium

438 1103 648 1174 jubam
671 1107 728 1158 et
755 1102 1039 1173 unguium
1063 1100 1244 1156 aciem
1285 1099 1622 1168 ostendunt,
1659 1099 1742 1154 sic
1772 1097 1871 1152 ille
1895 1095 2095 1152 statim

446 1191 626 1246 animi
656 1191 904 1260 vigorem
937 1193 995 1246 et
1047 1189 1415 1245 iracundiam
1474 1204 1587 1258 pris
1645 1202 1707 1242 se
1763 1185 1956 1240 ferens
2014 1184 2096 1240 ita

445 1279 766 1336 exercitum
802 1279 873 1334 ad
919 1279 1012 1336 sui
1034 1286 1249 1334 metum
1271 1282 1330 1333 et
1345 1275 1735 1332 obedientiam
1755 1273 2094 1340 assuefecit,

445 1374 508 1425 ut
539 1368 612 1425 ad
644 1374 852 1424 nutum
883 1373 941 1424 et
991 1367 1402 1439 cogitationem
1455 1369 1696 1437 paratus
1741 1365 1910 1434 jussa
1965 1362 2096 1433 ejus

449 1457 612 1514 facile
643 1460 1073 1528 exsequeretur.
1120 1453 1450 1512 Naturalem
1491 1453 1671 1526 igitur
1727 1453 1786 1508 in
1842 1450 2096 1524 regendo

447 1547 635 1603 milite
664 1545 1047 1602 acrimoniam
1082 1549 1319 1600 secutus
1349 1543 1398 1598 si
1429 1544 1668 1615 quando
1707 1541 1894 1598 aetatis
1953 1539 2096 1596 vitio

447 1637 521 1692 ab
551 1636 742 1691 ofﬁcio
773 1635 1096 1703 deerrabat,
1131 1638 1320 1688 errata
1349 1633 1477 1701 ejus
1509 1631 1683 1704 legati
1701 1629 2094 1702 corrigebant,

446 1735 747 1780 monentes
779 1739 850 1778 ne
883 1723 1034 1778 ultra
1063 1721 1279 1777 limites
1309 1727 1674 1792 evagaretur.
1700 1719 1949 1776 Proinde
1972 1715 2096 1772 Bla-

443 1813 541 1870 chi
574 1813 762 1884 magis
792 1829 926 1868 eum
961 1812 1343 1868 formidarent
1371 1827 1551 1882 quam
1595 1811 1792 1882 ipsum
1842 1807 2094 1880 impera-

436 1905 620 1958 torem
649 1918 663 1968 ;
699 1917 766 1956 ac
798 1905 1004 1957 Petrus
1035 1905 1092 1956 et
1123 1906 1276 1954 Asan
1307 1915 1462 1970 saape
1492 1895 2089 1970 Philippopolitanum

440 1995 498 2046 et
526 1991 866 2046 Berroenum
898 2005 1101 2061 agrum
1135 1988 1466 2060 populaturi
1499 1985 1947 2044 Constantinum
1981 2000 2097 2040 non

439 2080 492 2136 fe
504 2079 794 2146 P'c-llerunt,
810 2080 988 2151 tergis
1003 2079 1253 2135 subinde
1275 2077 1657 2134 inhaerentem
1674 2079 1730 2131 et
1745 2075 2096 2148 phalangem

441 2187 641 2227 eo:sz
674 2171 853 2226 armis
883 2170 1304 2235 lacessentem;
1363 2173 1422 2224 et
1470 2169 1666 2224 minus
1715 2168 1952 2222 crebras
2000 2181 2098 2221 ex-

441 2260 745 2317 cursiones
778 2261 1058 2317 fecerunt.
1091 2259 1236 2314 Cum
1269 2262 1462 2313 autem
1487 2256 1872 2314 Constantino
1900 2254 1939 2309 ii
1961 2270 2094 2310 suc-

444 2375 645 2414 cessus
671 2359 740 2414 ad
775 2359 977 2430 patria:
1006 2360 1062 2413 et
1102 2356 1498 2427 subjectarum
1549 2355 1786 2410 urbium
1843 2352 2092 2409 salutem

443 2447 730 2504 referendi
761 2451 980 2514 essent,
1013 2445 1064 2502 is
1093 2445 1446 2502 contrariam
1477 2443 1630 2500 viam
1652 2447 1912 2510 secutus,
1936 2442 2032 2498 51
2050 2441 2087 2494 ι

443 2542 502 2592 et
533 2537 726 2608 parvis
755 2535 876 2592 illis
905 2533 1382 2591 dimicationibus
1403 2534 1476 2590 ob
1495 2533 1686 2589 artatis
1717 2532 2009 2588 levitatem
2034 2533 2093 2584 et

446 2625 830 2682 temeritatem
863 2622 1073 2692 elatus,
1107 2625 1286 2679 duces
1315 2626 1372 2678 et
1404 2621 1617 2678 milites
1666 2619 1980 2676 nobiliores
2035 2620 2094 2673 et

447 2719 529 2773 rei
555 2715 775 2772 bellica
806 2714 1110 2788 peritiores
1142 2712 1254 2768 sibi
1285 2711 1598 2768 conciliare
1627 2709 1895 2766 instituit.
1938 2707 2094 2772 Quos

443 2823 576 2863 cum
611 2805 765 2862 dioto
808 2803 1114 2860 audientes
1151 2806 1209 2857 et
1261 2802 1331 2857 ad
1373 2800 1706 2872 juvandum
1757 2798 2092 2853 institutum

447 2915 620 2956 suum
655 2903 886 2970 paratos
918 2895 1262 2960 invenisset,
1292 2910 1396 2966 pro
1423 2893 1590 2949 ducis
1612 2891 1818 2948 habitu
1844 2889 2094 2962 impera-

447 2989 657 3044 toriam
691 2986 894 3054 sumit,
923 2990 981 3041 et
1009 2985 1081 3040 ad
1126 2983 1454 3056 tyrannidis
1497 2981 1938 3053 occupationem
1989 2979 2093 3034 de-

447 3075 778 3132 clarandam
814 3089 1174 3145 purpureum
1203 3069 1458 3127 calceum
1492 3069 1724 3137 induit;
1757 3069 2094 3138 sororisque

447 3163 726 3219 maritum
763 3177 1040 3233 magnum
1092 3159 1479 3215 domesticum
1537 3156 1883 3222 Occidentis,
1935 3153 2092 3210 Basi-

442 3261 590 3316 lium
627 3259 923 3325 Batatzen,
973 3263 1039 3315 ut
1083 3273 1286 3314 secum
1329 3261 1521 3313 actum
1566 3256 1668 3323 sit,
1718 3271 1820 3326 per
1866 3253 2090 3310 litteras

2204 644 2414 702 ἀπιδὼν
2476 641 2822 722 κυϐἒρνησιν,
2881 645 2957 709 ὡς
3043 651 3150 703 τῶν
3206 645 3380 703 ἐκεῖσε
3459 647 3701 721 μάλιστα
3767 671 3876 704 πα-

2207 736 2452 816 σχόντων
2511 740 2693 798 κακῶς
2752 735 2862 801 ἀεὶ,
2924 735 3140 791 στέλλει
3196 737 3288 792 τὸν
3345 739 3549 792 οίκεῖον
3577 736 3876 814 ἐξάδελφον

2208 827 2636 898 Κωνσταντῖνον,
2696 826 2754 881 ὅν
2801 826 2891 880 καὶ
2943 821 3110 880 δοῦκα
3138 830 3236 880 τοῦ
3265 825 3467 881 στόλου
3493 823 3873 902 προύϐάλετο,

2207 915 2282 976 εἷς
2321 914 2624 992 στρατηγὸν
2679 914 2973 984 ἀποτάξας.
3034 916 3095 973 Ὀ
3154 912 3232 985 δὲ,
3277 914 3374 970 κᾶν
3406 917 3564 972 οὔπω
3597 917 3875 994 ὑπερανα-

2206 999 2429 1074 ϐεϐήκει
2486 1004 2577 1058 τὸν
2630 1002 2878 1079 μείρακα,
2939 1004 3000 1058 τὸ
3066 1009 3199 1079 γοῦν
3255 1003 3540 1078 θυμοειδὲς
3597 1003 3871 1081 παραδει-

2203 1092 2377 1148 κνύων
2409 1093 2484 1156 ὡς
2530 1094 2583 1148 οἱ
2637 1098 2744 1150 τῶν
2809 1089 3044 1150 λεόντων
3105 1094 3337 1168 σκύμνοι
3374 1096 3474 1163 τήν
3505 1096 3677 1170 ὀφρὺν
3715 1096 3872 1159 εὐθὺς

2203 1182 2264 1240 ἐκ
2319 1182 2598 1258 γενέσεως,
2639 1184 2730 1239 καὶ
2781 1191 2884 1254 τῆς
2942 1183 3270 1260 έπαυχενίου
3325 1186 3508 1260 κόμης
3565 1189 3628 1242 τὸ
3675 1187 3870 1243 λάσιον

2203 1272 2293 1328 καὶ
2333 1274 2430 1334 τὰς
2483 1277 2591 1329 τῶν
2649 1271 2866 1349 ὀνύχων
2927 1273 3166 1344 ἀκωκὰς,
3227 1275 3370 1330 οὓτω
3428 1277 3566 1352 πρὸς
3617 1277 3873 1347 ὑπακοὴν

2202 1359 2294 1416 καί
2350 1359 2468 1425 δέος
2525 1363 2588 1417 τὸ
2646 1362 2802 1417 συνὸν
2857 1361 3003 1435 αὐτῷ
3072 1362 3365 1439 ἐρῥόθμισε
3423 1365 3745 1440 στράτευμα
3797 1367 3872 1428 ὡς

2201 1451 2426 1525 νεύματι
2461 1452 2614 1525 μόνῳ
2661 1451 2931 1506 πείθεσθαί
2987 1452 3037 1506 οἱ
3096 1453 3186 1506 καὶ
3235 1451 3528 1526 ἐννοήματι
3587 1454 3684 1508 καὶ
3735 1461 3874 1530 πρὸς

2203 1541 2270 1595 τὰ
2342 1537 2741 1613 ἐπιταττόμενα
2825 1537 3029 1614 ῥᾳδίως
3105 1539 3423 1618 ὑπάγεσθαι.
3506 1545 3875 1620 Ἐστρατῆγει

2207 1626 2301 1687 οὖν
2339 1629 2474 1702 μετᾶ
2535 1635 2636 1699 τῆς
2697 1636 2928 1708 φυσικῆς
2963 1629 3247 1700 ὀξύτητος·
3283 1630 3332 1685 εί
3385 1628 3442 1686 δέ
3465 1653 3576 1688 που
3603 1634 3641 1701 ἡ
3675 1635 3874 1710 νεότης

2206 1715 2548 1798 σφαδάζουσα
2587 1717 2836 1789 έξέπιπτε
2890 1723 2988 1774 τοῦ
3043 1721 3403 1790 καθήκοντος,
3460 1723 3496 1790 ἡ
3535 1725 3646 1776 τῶν
3677 1720 3872 1797 ἐκείνῳ

2206 1807 2643 1885 συνεζευγμένων
2706 1808 3136 1886 ὑποστρατήγων
3198 1808 3453 1881 ἐμπειρία
3500 1810 3714 1881 ταύτην
3746 1813 3874 1868 ἀνα-

2209 1899 2529 1972 σειράζουσα
2603 1897 2680 1970 μὴ
2766 1896 2929 1972 ὅρους
3022 1892 3366 1972 ὑπερϐαίνειν
3428 1897 3671 1962 ὑπετίθει
3741 1902 3870 1964 τοὺς

2205 1986 2516 2050 τακτικούς.
2547 1988 2822 2057 Ἔπτηξαν
2882 1985 2976 2042 οὖν
3037 1988 3198 2044 αὐτὸν
3266 1990 3317 2043 οἳ
3378 1989 3686 2044 ἀποστάται
3724 1989 3872 2047 Βλα-

2206 2096 2302 2152 χοι
2362 2074 2487 2131 ὅσον
2547 2073 2662 2132 οὐδ’
2721 2075 2881 2131 αὐτὸν
2956 2076 3050 2132 τὸν
3130 2076 3359 2152 βασιλέα
3423 2077 3869 2152 ἐποπτανόμενον

2202 2163 2643 2242 κατεπλάγησαν,
2728 2166 2817 2220 καὶ
2905 2163 3178 2227 πολλάκις
3237 2168 3265 2221 ὁ
3327 2165 3528 2242 Πέτρος
3612 2170 3710 2223 σὺν
3790 2172 3869 2242 τῷ

2203 2253 2366 2310 Ἀσὰν
2418 2254 2614 2329 κείρειν
2673 2254 2742 2308 τὰ
2796 2255 2932 2310 κατὰ
2986 2254 3438 2312 Φιλιππούπολιν
3495 2259 3590 2312 καὶ
3623 2257 3864 2334 Βερᾆόην

2201 2350 2526 2426 προθέμενοι
2587 2353 2689 2408 οὐκ
2744 2347 2941 2418 ἔλαθον
3001 2352 3228 2426 ἐξιόντες
3283 2355 3378 2410 τὸν
3429 2361 3868 2430 Κωνσταντῑνον,

2201 2439 2332 2497 ἀλλ’
2386 2439 2646 2519 ἑφέποντα
2713 2442 2870 2518 εἶχον
2952 2443 3044 2497 καὶ
3116 2444 3212 2505 τὰς
3287 2443 3499 2499 ἐκείνων
3562 2443 3874 2502 κλονοῦντα

2203 2529 2514 2606 φάλαγγας,
2569 2530 2706 2585 ὥστε
2761 2529 2873 2606 οὐχ
2926 2531 3001 2593 ὠς
3055 2533 3319 2606 πρότερον
3372 2533 3579 2609 συχνὰς
3639 2533 3870 2589 ἐποίουν

2201 2619 2296 2681 τὰς
2353 2615 2647 2695 ἐκδρομαῖς.
2709 2618 2864 2676 Αλλά
2938 2617 3055 2675 δέον
3117 2622 3184 2677 τα
3228 2621 3502 2692 ,λυσιτελῆ
3563 2628 3734 2677 ταῦτα

2199 2705 2421 2781 πατρίδι
2451 2707 2541 2763 καὶ
2580 2713 2701 2771 ταῖς
2756 2707 2928 2765 ἐκεῖσε
2983 2707 3207 2766 πόλεσιν
3261 2713 3530 2784 αἱρεῖσθαι
3577 2713 3672 2766 τὸν
3711 2718 3870 2768 Kan-

2203 2804 2504 2869 σταντῖνον,
2561 2799 2589 2853 ό
2647 2794 2705 2852 δὲ
2755 2799 2855 2867 τὴν
2911 2797 3155 2854 ἐναντίαν
3227 2799 3510 2875 ἐτράπετο·
3570 2803 3871 2876 Ἐπαρθεές

2202 2888 2306 2964 γὰρ
2343 2892 2460 2948 τοῖς
2513 2892 2730 2962 μικροῖς
2777 2887 3118 2963 ἀγωνίσμασι
3165 2889 3404 2958 τούτοις,
3431 2889 3506 2950 ὠς
3535 2891 3634 2950 τὰς
3669 2891 3868 2967 φρένας

2199 2976 2438 3032 ἀστατῶν
2467 2981 2536 3052 τῇ
2588 2976 2829 3048 νεότητι,
2887 2974 3088 3050 ἤρξατο
3149 2979 3537 3044 ὑποποιεῖσθαι
3566 2981 3704 3043 τοὺς
3733 3001 3864 3034 συν-

2201 3064 2358 3127 όντας
2416 3065 2563 3137 αὐτῷ
2617 3066 2978 3141 στρατηγοὺς,
3036 3068 3140 3121 κὰκ
3194 3071 3303 3122 τῶν
3361 3065 3657 3143 ἐγχωρίων
3693 3089 3867 3145 πρα-

2196 3157 2412 3210 τιωτῶν
2477 3153 2712 3218 ὁπόσους
2763 3155 2827 3210 τὸ
2889 3156 3040 3231 γένος
3094 3153 3410 3228 αἰδεσίμους
3457 3156 3725 3230 ἐγίνωσκε
3769 3156 3861 3212 καὶ

2203 3240 2538 3317 περιδεξίους
2597 3243 2674 3306 είς
2731 3239 2865 3320 ἔργα
2920 3243 3186 3318 πολέμια.
3267 3245 3475 3303 Οὐκοῦν
3556 3246 3650 3300 καὶ
3731 3247 3863 3322 βρα-

445 3313 755 3407 certiorem
782 3313 942 3403 facit.
1093 3313 1226 3402 vero
1269 3313 1667 3417 Adrianopoli'
1693 3313 1818 3400 tum
1866 3343 2085 3416 degens

2203 3338 2358 3412 χεῖαν
2392 3331 2452 3388 ἐκ
2477 3331 2686 3388 τούτων
2747 3333 2922 3406 ῥοπὴν
2977 3332 3230 3409 ἐσχηκὼς
3284 3335 3422 3409 πρὸς
3465 3337 3569 3404 τήν
3599 3342 3710 3392 τῶν
3739 3337 3859 3392 κατ’

446 3455 562 3495 non
593 3437 766 3494 modo
797 3437 1023 3493 facinus
1051 3436 1181 3506 eius
1213 3451 1327 3490 non
1382 3434 1684 3506 probabat,
1735 3447 1839 3489 nec
1891 3430 2083 3504 pueri-

441 3527 602 3585 libus
631 3527 757 3599 ejus
785 3525 932 3582 actis
960 3531 1018 3581 et
1063 3523 1453 3580 insolentibus
1503 3521 1709 3579 litteris
1761 3521 2083 3594 quidquam

443 3619 804 3684 movebatur,
823 3615 927 3672 ed
947 3615 1121 3672 etiam
1145 3615 1542 3686 importunam
1557 3614 1685 3685 ejus
1704 3611 2084 3667 ambitionem

442 3709 746 3767 deridebat
772 3712 830 3764 et
855 3711 920 3764 ut
939 3706 1190 3778 jamjam
1227 3706 1546 3777 perituram
1574 3703 1937 3776 deplorabat.
1989 3701 2078 3758 Id-

441 3817 556 3872 que
585 3817 616 3854 e
645 3798 888 3870 vestigio
913 3801 1004 3852 est
1030 3799 1434 3852 consecutum.
1468 3794 1610 3850 Nam
1639 3809 1775 3849 cum
1806 3807 1873 3848 eo
1899 3790 2088 3848 consi-

439 3889 521 3945 lio
551 3885 940 3959 Pbilippopoli
970 3883 1358 3952 discessisset,
1393 3888 1457 3938 ut
1484 3879 1928 3954 Adrianopolim
1961 3895 2088 3952 pro-

441 3979 626 4034 fectus
657 3978 950 4033 sororium
997 3975 1289 4030 Batatzem
1337 3971 1424 4027 vel
1479 3971 1725 4027 invitum
1779 3970 1837 4026 in
1890 3973 2085 4042 partes

439 4083 575 4123 suas
605 4066 984 4136 pertraheret,
1018 4063 1118 4120 ubi
1151 4062 1225 4118 ad
1269 4059 1551 4117 Neuzium
1602 4059 1864 4132 pervenit
1905 4057 2086 4130 (locus

440 4159 492 4212 id
527 4161 636 4223 est,
668 4154 768 4227 qui
801 4151 1400 4226 Philippopolitanam
1422 4154 1482 4206 et
1504 4147 2084 4221 Adrianopolitanam

439 4246 797 4318 provinciam
831 4241 1228 4314 disterminat)
1257 4239 1796 4312 comprehenditur,
1821 4244 1878 4292 et
1899 4237 2084 4308 impe-

439 4341 615 4398 ratori
645 4343 717 4398 ab
749 4341 822 4397 iis
843 4341 989 4412 ipsis
1013 4340 1300 4413 proditur,
1323 4355 1356 4394 a
1377 4337 1592 4409 quibus
1613 4335 1687 4392 ad
1704 4334 2085 4390 defectionem

438 4431 734 4502 impulsus
757 4435 818 4486 et
838 4431 1160 4502 imperator
1172 4428 1464 4484 salutatus
1480 4428 1685 4482 fuerat.
1704 4424 1811 4489 Qui
1831 4428 2086 4479 utsuum

437 4521 666 4575 facinus
697 4519 939 4574 honesta
988 4518 1178 4589 specie
1220 4515 1500 4583 vetarent,
1550 4516 1624 4572 ad
1677 4515 2087 4584 imperatorem

435 4607 801 4679 scripserunt
829 4622 894 4662 se
933 4622 1048 4662 non
1081 4605 1196 4662 alio
1249 4606 1403 4663 512
1451 4602 1695 4660 consilio
1741 4601 2089 4658 seditiosum

2198 3419 2374 3500 ἔφεσιν
2435 3421 2821 3497 ἐκπεράτωσιν,
2905 3429 3006 3492 τῆς
3083 3421 3442 3500 στρατηγίδος
3525 3425 3854 3500 ἀνθαιρείται

2199 3510 2404 3581 στολῆς
2436 3517 2534 3580 τῆν
2570 3510 2868 3586 βασίλειον,
2925 3513 3015 3568 καὶ
3062 3513 3189 3576 τοὺς
3219 3511 3389 3575 πόδας
3420 3513 3498 3575 εἷς
3531 3515 3852 3588 ἑτοιμασίαν

2197 3612 2296 3678 τῆς
2324 3606 2639 3682 τυραννίδος
2677 3604 3060 3688 φοινικοϐαφές
3110 3611 3434 3690 ἀμφιένουσι
3466 3611 3715 3670 πέδιλον.
3749 3613 3850 3672 Καὶ

2198 3697 2512 3774 παραδηλοῖ
2564 3702 2716 3774 [279]
2765 3701 3048 3776 γράμμασι
3074 3721 3140 3756 τα
3171 3701 3254 3758 ἐπ’
3309 3704 3464 3776 αὐτῷ
3491 3702 3847 3776 τετελεσμένα

2193 3793 2274 3859 τῷ
2302 3796 2405 3857 τῆς
2438 3786 2678 3866 ἀδελφῆς
2728 3787 2939 3866 γαμέτῃ
2999 3794 3080 3862 τῷ
3140 3789 3371 3866 μεγαλῳ
3401 3791 3703 3864 ὃομεστίκῳ
3738 3798 3837 3859 τῆς

2199 3877 2434 3944 Δόσεως,
2468 3875 2735 3950 Βασιλείῳ
2761 3882 2842 3950 τῷ
2892 3879 3162 3954 Βατάτζῃ.
3205 3880 3311 3937 Τὸν
3343 3877 3400 3936 δε
3446 3881 3505 3934 οὐ
3547 3878 3704 3952 μόνον
3738 3877 3836 3932 οὐκ

2196 3966 2352 4044 ἔσχεν
2387 3968 2707 4024 ἐπαινοῦντα
2762 3971 2829 4024 τα
2864 3967 3251 4043 τετολμημένα
3298 3973 3334 4040 ἤ
3369 3971 3707 4050 προσσχόντα
3754 3970 3842 4032 οἷς

2197 4055 2428 4132 ἔπραττε
2483 4054 2778 4126 νηπιωδῶς
2832 4058 2923 4113 καὶ
2989 4061 3072 4121 οἷς
3129 4055 3381 4116 ἔστελλεν
3451 4057 3719 4128 αὐθαδῶς,
3772 4058 3846 4119 είς

2196 4145 2654 4203 Ἀδριανούπολιν
2681 4148 2805 4202 τότε
2845 4144 3126 4222 διάγοντα,
3176 4147 3326 4205 ἀλλὰ
3371 4151 3463 4204 καὶ
3511 4148 3727 4222 μᾶλλον
3757 4150 3852 4219 τήν

2197 4237 2418 4313 ἄκαιρον
2469 4239 2610 4310 ὁμοῦ
2654 4239 2742 4292 καὶ
2793 4237 2994 4314 ἄλογον
3056 4238 3268 4295 ἐκείνου
3317 4239 3646 4315 φιλοτιμίαν
3703 4262 3856 4297 κατα-

2202 4331 2563 4403 μωκώμενον,
2612 4329 2704 4383 καὶ
2762 4327 2836 4391 ὠς
2896 4329 3022 4384 ὅσον
3081 4327 3296 4386 οὐδεπω
3353 4329 3742 4404 ἀπολούμενον
3770 4331 3857 4386 αὖ·

2195 4417 2288 4474 τὸν
2349 4415 2702 4490 ὀδυρόμενονσ
2765 4417 2796 4471 ὅ
2851 4417 2942 4472 καὶ
2998 4419 3142 4493 παρὰ
3194 4417 3364 4482 πόδας
3407 4419 3854 4490 ἐπηκολούθησεν

2198 4508 2364 4580 ’Λρας
2417 4506 2519 4581 γὰρ
2576 4504 2638 4561 ἐκ
2689 4511 2790 4575 τῆς
2849 4503 3134 4562 Φιλίππου
3195 4506 3285 4562 ἐπὶ
3351 4513 3546 4582 σκοπῷ
3602 4513 3702 4564 τοῦ
3742 4505 3860 4564 κατ’

2198 4592 2652 4670 Ἀδριανοόπολιν
2707 4594 2953 4672 γενέσθαι
3016 4597 3224 4670 καὶμή
3281 4597 3474 4652 ἑκόντα
3529 4595 3858 4672 παραλήψε-

436 4678 738 4753 hominem
765 4703 1020 4760 secutos,
1047 4693 1161 4750 nisi
1191 4698 1255 4748 ut
1300 4692 1515 4764 iniquis
1563 4695 1896 4762 temporum
1945 4706 2085 4746 con-

2205 4695 2328 4749 σθαι
2358 4684 2448 4740 τὸν
2478 4682 2680 4739 οἰκεῖον
2725 4678 2974 4759 γαμϐρὸν
3033 4685 3126 4740 τὸν
3183 4685 3462 4757 Βατάτζην
3493 4684 3859 4760 συλλήπτορα

437 4784 648 4842 ditioni
679 4783 988 4841 servirent.
1035 4782 1301 4839 Vidisses
1349 4781 1508 4838 enim
1557 4796 1620 4836 se
1669 4788 1794 4836 tum
1845 4778 2086 4836 minime

434 4875 616 4936 fuisse
647 4879 839 4932 tutum
883 4870 1249 4928 Constantini
1303 4868 1590 4927 voluntati
1639 4867 1938 4940 refragari,
1985 4867 2088 4940 qui

435 4983 644 5026 omnes
673 4967 852 5022 duces
885 4961 1186 5019 iracundia
1209 4961 1488 5028 vinceret,
1536 4962 1594 5015 et
1637 4973 1832 5014 ensem
1883 4957 2084 5014 statim

430 5059 490 5114 in
523 5073 623 5114 eos
647 5056 959 5127 stringeret
979 5053 1080 5125 qui
1097 5051 1287 5124 jussis
1307 5050 1438 5120 ejus
1458 5065 1568 5105 non
1595 5047 2084 5105 obsecundarent.

434 5148 497 5205 Id
527 5163 662 5204 vero
692 5146 848 5218 quod
885 5160 1042 5200 nunc
1075 5159 1175 5213 per
1201 5139 1566 5198 occasionem
1609 5137 1872 5202 fecerint,
1905 5151 2084 5208 argu-

433 5242 698 5292 mentum
759 5219 905 5291 esse-
951 5249 1071 5289 sua:
1129 5229 1416 5287 inviolata:
1479 5243 1617 5299 erga
1673 5226 2084 5296 imperatorem

434 5326 590 5383 fidei.
621 5328 946 5396 Imperator
973 5340 1113 5379 vero
1142 5322 1251 5378 etsi
1282 5319 1498 5376 levium
1530 5317 1788 5372 virorum
1828 5319 1984 5371 artes
2030 5318 2088 5371 et

434 5415 659 5470 fucatas
687 5416 1094 5470 excusationes
1127 5427 1240 5468 non
1267 5407 1596 5482 ignorabat,
1622 5410 1820 5461 tamen
1845 5419 1912 5461 eo
1933 5406 2085 5462 facto

434 5503 590 5570 quod
618 5520 650 5557 e
682 5517 744 5555 re
769 5518 876 5556 sua
908 5507 1066 5560 esset
1095 5501 1367 5573 probato,
1398 5495 1847 5554 Constantinum
1891 5509 2084 5550 excae-

433 5590 602 5654 cavit,
635 5589 973 5656 adjutorum
1003 5594 1136 5662 ejus
1168 5589 1401 5646 nemine
1432 5592 1630 5658 aperte
1663 5585 1929 5642 multato.
1955 5585 2088 5641 Bla-

431 5673 524 5729 chi
555 5690 693 5732 vero
741 5676 974 5734 tantum
1034 5695 1102 5734 eo
1159 5677 1523 5734 Constantini
1581 5689 1720 5733 casu
1778 5673 2086 5730 exbilarati

429 5768 586 5838 sunt,
621 5761 836 5820 Petrus
867 5768 924 5818 et
950 5769 1106 5824 Asau
1139 5766 1347 5822 fratres
1386 5767 1466 5822 ita
1513 5763 1868 5830 exultarunt,
1914 5763 2084 5834 quasi

2197 4777 2294 4830 τοῦ
2340 4772 2502 4850 ἔργου
2563 4773 2654 4828 καὶ
2723 4771 3216 4830 συνεπευδοκοῦντα
3278 4781 3398 4838 τοῖς
3475 4773 3855 4849 τελουμένοις,

2197 4863 2404 4934 φθάσας
2462 4863 2586 4938 περὶ
2653 4863 2716 4918 τὸ
2783 4862 3080 4938 λεγόμενον
3147 4864 3481 4934 Νεοότζικου
3541 4865 3732 4938 (τόπος
3797 4861 3856 4919 δέ

2196 4951 2336 5007 ἐστιν
2395 4952 2550 5014 οὗτος
2608 4949 2937 5026 διοριστικὸς
2987 4957 3094 5007 τῶν
3173 4951 3456 5028 ἔπαρχιῶν
3503 4953 3856 5029 ἀμφοτέρων,

2195 5058 2294 5121 τῆς
2324 5048 2610 5126 Ἀδριανοῦ
2639 5073 2786 5130 φημι
2816 5053 2902 5107 καὶ
2936 5059 3035 5121 τῆς
3065 5049 3373 5126 Φιλίππου)
3406 5047 3857 5126 συλλαμϐάνεται

2195 5141 2284 5196 καὶ
2347 5139 2802 5215 καταπροδίδοται
2891 5142 3105 5218 βασιλεῖ
3185 5143 3312 5215 παρ’
3389 5144 3568 5198 αὐτῶν
3633 5141 3854 5198 ὶκείνων

2195 5231 2302 5286 τῶν
2353 5230 2428 5292 εἷς
2481 5230 2813 5287 ἀποστασίαν
2865 5229 3237 5302 ὑπονυξᾶντων
3300 5232 3391 5288 καὶ
3453 5231 3858 5308 ἀναγορευσάν-

2194 5339 2301 5374 των
2334 5317 2494 5372 αότὸν
2548 5316 2940 5394 αὐτοκράτορα.
2998 5320 3065 5376 Οἱ
3124 5316 3169 5374 δ’
3230 5319 3385 5376 αὐτοὶ
3439 5320 3531 5375 καὶ
3577 5321 3671 5375 τὸν
3721 5319 3855 5396 {ut}?

2194 5408 2398 5463 ἱαυτῶν
2429 5406 2702 5482 ἀπόλογον
2744 5407 2824 5487 ἐφ’
2871 5411 2955 5471 οἷς
3003 5406 3228 5484 ἔδρασαν
3287 5411 3427 5484 πρὸς
3470 5411 3536 5465 τὸ
3568 5407 3854 5486 εὔσχημον

2197 5497 2653 5571 μεθαρμόζοντες,
2711 5495 3104 5572 διεμηνόσαντο
3157 5496 3378 5574 βασιλεῖ
3421 5500 3484 5555 τὸ
3555 5500 3654 5572 μὲν
3719 5499 3852 5554 ὑπο-

2193 5585 2446 5655 κλιθῆναι
2510 5587 2602 5643 καὶ
2667 5589 2991 5661 προσςεῦσαι
3072 5593 3154 5662 τῷ
3237 5590 3516 5662 ἀποστάτῃ
3585 5590 3664 5663 μὴ
3731 5589 3852 5652 καθ’

2192 5673 2380 5752 ἕτερον
2425 5677 2630 5753 τρόπον
2681 5676 3000 5754 ἐργάσασθαι
3063 5680 3101 5751 ἢ
3161 5682 3242 5752 τῷ
3291 5673 3848 5754 συμμεταόεὸλῆσοαι

2197 5763 2481 5837 (10st;
2535 5764 2616 5841 τῷ
2665 5771 2844 5844 καιρῷ
2895 5767 2985 5824 καὶ
3037 5773 3154 5832 τοῖς
3207 5769 3521 5847 πράγμασιν
3562 5767 3714 5844 (ὂρᾷν
3742 5765 3845 5842 γὰρ
