4112 6218
274 397 391 456 805

1397 399 1497 458 DE
1540 397 1855 461 ISAAOIO
1900 399 2220 463 ANGELO
2266 399 2407 461 LIB.
2455 400 2568 463 ΙΙΙ.

3577 409 3696 478 896

278 527 374 584 οὐκ
442 523 720 582 ἀκίνδυνον
783 526 969 589 αὐτοῖς
1027 528 1117 581 καὶ
1171 524 1466 583 ἀκόνδυλον
1527 533 1820 598 τηνικαῦτα
1866 531 1928 586 τὸ

2061 541 2095 589 ιι
2124 551 2240 589 suae
2268 534 2460 606 gentis
2487 551 2731 608 regnum
2766 536 3087 594 affectasset
3122 557 3135 607 ;
3169 557 3357 613 neque
3386 544 3696 616 imperato-

275 616 585 674 ἀντιτείνειν
637 616 774 691 πρὸς
835 617 902 671 τὰ
959 618 1104 692 παρὰ
1158 623 1255 671 τοῦ
1321 619 1737 674 Κωνσταντίνου
1796 621 1934 676 ὑπο-

278 707 617 782 ϐαλλόμενα·
675 708 806 762 εἶναι
855 709 956 783 γὰρ
1005 714 1112 763 τῶν
1157 711 1639 786 προηγησαμένων
1699 731 1932 786 στρατη-

279 804 394 874 γῶν
452 795 865 873 ἐπιχολώτατον
927 798 1032 852 καὶ.
1095 799 1157 852 τὸ
1242 799 1393 869 ξίφος
1462 798 1522 853 ἐκ
1585 805 1679 855 τοῦ
1745 800 1937 855 αὐτίκα

276 893 594 965 γυμνοῦντα
649 887 806 944 κατά
841 893 950 942 τῶν
1014 891 1089 962 μή
1155 887 1593 946 έπευδοκούντων
1623 895 1739 953 τοῖς
1773 892 1937 946 αὐτοῦ

281 977 569 1056 δόγμασι),
627 978 691 1033 τὸ
746 975 802 1033 δὲ
877 982 966 1033 νῦν
1047 976 1297 1043 τελεσθὲν
1355 986 1455 1049 τῆς
1521 979 1576 1042 ἇς
1629 979 1790 1035 αὐτὸν
1848 981 1937 1036 τὸν

282 1067 512 1145 βασιλέα
563 1069 896 1145 ἀκραιφνοῦς
953 1072 1252 1143 τεκμήριον
1328 1070 1565 1131 πίστεως
1621 1071 1684 1125 τὸ
1738 1069 1938 1125 οἰκεῖον

277 1155 684 1230 ἐνδειξαμένων,
789 1157 1025 1228 ὁπηνίκα
1119 1158 1389 1234 εὐκαιρίας
1473 1154 1755 1216 ἐλάϐοντο.
1831 1159 1936 1216 Καὶ

279 1246 400 1319 ἤδει
435 1251 533 1322 μὲν
567 1249 595 1302 ὁ
630 1248 888 1323 βασιλεὺς
923 1245 1290 1323 παλιμϐόλων
1325 1247 1536 1324 ἀνδρῶν
1583 1249 1940 1328 τεχνάσματα

280 1343 452 1393 ταῦτα
523 1338 614 1392 καὶ
688 1339 1246 1413 κατεσχηματισμένα
1313 1335 1714 1413 προϐληματα,
1783 1336 1938 1394 ἔπαιε

279 1428 440 1490 νέσας
493 1424 537 1481 δ’
594 1427 746 1500 ὅμως
801 1430 862 1483 τὸ
908 1429 1129 1504 γεγονὸς
1169 1428 1243 1491 ὡς
1300 1428 1448 1501 αὐτῷ
1494 1430 1792 1506 ξύμφορον,
1830 1433 1939 1483 τῶν

286 1519 385 1589 μὶν
420 1517 798 1592 συναραμένων
830 1521 931 1572 τοῦ
991 1513 1154 1594 ἔργου
1212 1523 1292 1591 τῷ
1323 1518 1715 1590 Κωνσταντίνῳ
1747 1514 1939 1572 οὐδένα

281 1606 340 1661 ἐκ
367 1609 466 1660 τοῦ
495 1603 784 1680 προδήλου
815 1605 1299 1683 παραλελύπηκεν,
1330 1607 1488 1662 αὐτὸν
1539 1605 1586 1661 δ’
1637 1605 1691 1670 ἐς
1729 1608 1792 1662 τὸ
1823 1610 1937 1686 φῶς

284 1693 621 1767 ἐλυμήνατο.
672 1697 946 1752 Τοσοῦτον
1011 1693 1056 1750 δ’
1107 1696 1471 1773 εὐφράνθησαν
1505 1697 1556 1751 οἱ
1597 1693 1808 1771 Βλάχοι
1846 1696 1935 1750 καὶ

291 1784 702 1860 ἠγαλλιάσαντο
729 1785 931 1861 Πέτρος
988 1808 1045 1842 τε
1101 1788 1191 1842 καὶ
1253 1787 1409 1844 Ἀσὰν
1438 1786 1524 1843 ἐπὶ
1567 1792 1684 1848 τοῖς
1736 1780 1940 1860 συμϐε-

293 1871 493 1945 ϐηκόσι
545 1878 763 1939 τούτοις
815 1882 894 1950 τῷ
952 1877 1360 1950 Κωνσταντίνῳ,
1394 1878 1532 1932 ὥστε
1577 1877 1824 1932 κάκεῖνον
1851 1875 1938 1932 ἐπὶ

286 1970 384 2019 τοῦ
460 1966 662 2022 ἑαυτῶν
758 1960 939 2030 ἔθνους
1001 1971 1071 2042 τῇ
1141 1968 1395 2042 βασιλείᾳ
1477 1963 1782 2037 ἐπιϐαλεῖν,
1847 1965 1940 2022 καὶ

287 2053 520 2129 βασιλέα
594 2057 668 2129 μή
729 2054 929 2132 ἔχοντα
989 2062 1253 2130 μειζονως
1316 2059 1683 2132 εὐεργετήσειν
1753 2054 1942 2120 ἄλλως

281 2143 410 2206 τοὺς
463 2142 711 2219 Βλάχους
743 2146 777 2215 ἢ
809 2146 903 2207 τὰς
959 2146 1124 2220 κόρας
1183 2145 1412 2221 ἐκκόψαι
1471 2151 1568 2202 τοῦ
1618 2144 1946 2201 Κωνσταντί-

277 2255 401 2302 νου,
435 2239 874 2311 θυμοσοφοῦντες
934 2233 985 2289 ἐν
1043 2240 1157 2296 τοῖς
1211 2235 1511 2303 τοιούτοις,
1571 2235 1661 2291 καὶ
1710 2237 1777 2290 τὰ
1808 2236 1944 2289 Ῥωο

282 2323 465 2395 μαίων
545 2324 966 2398 μυκτηρίζοντες
1023 2325 1317 2400 πράγματα
1393 2323 1479 2380 ἐπὶ
1554 2326 1616 2379 τὸ
1689 2326 1940 2386 κάταντες

281 2412 368 2466 ἀεὶ
429 2416 825 2489 προχωροῦντα
881 2415 971 2468 καὶ
1027 2419 1145 2476 τοῖς
1205 2414 1416 2490 χείροσι
1474 2413 1687 2490 μέρεσιν
1723 2412 1938 2470 ὑπενδι-

281 2499 468 2556 δόντα.
503 2504 569 2559 Οἱ
602 2500 646 2556 δ’
676 2503 833 2557 αὐτοί
864 2503 954 2557 καὶ
1001 2510 1118 2564 τοῖς
1181 2502 1242 2559 ἐκ
1274 2503 1486 2579 φύτλης
1515 2509 1623 2559 τῶν
1653 2501 1936 2580 ’Δγγέλων

281 2593 390 2660 τὴν
457 2595 562 2645 τῶν
639 2590 930 2665 Ῥωμαίων
1006 2593 1342 2671 χειρίζουσιν
1419 2593 1601 2668 ἀρχὴν
1675 2591 1938 2655 πολυετὶς
2017 2591 2326 2666 έπηύχοντο
2399 2592 2616 2666 κράτος,

2044 640 2161 680 rem
2196 623 2381 680 ullum
2424 626 2608 696 majus
2665 627 3010 683 beneficium
3061 630 3120 684 in
3171 631 3404 688 Blachos
3435 638 3693 694 conferre

2046 715 2296 786 potuisse
2343 715 2601 771 dicerent
2633 717 3007 772 excaecatione
3037 719 3392 776 Constantini
3428 738 3440 777 :
3477 725 3694 794 quibus

2043 805 2197 862 578
2227 804 2412 860 verbis
2462 805 2774 860 iracundias
2817 823 2934 862 suae
2965 807 3444 882 blandiebantur,
3470 818 3527 867 et
3574 831 3693 872 rem

2045 896 2360 951 Romanam
2403 895 2656 952 subinde
2687 897 2744 952 in
2780 897 3032 952 deterius
3082 905 3343 955 ruentem
3377 902 3694 960 subsanna-

2046 985 2203 1041 bant.
2236 985 2538 1056 [idemque
2587 985 2870 1058 Angelicaa
2925 987 3151 1042 familias
3204 1005 3316 1043 suae
3349 991 3692 1050 diuturnum

2045 1074 2351 1144 imperium
2414 1075 2812 1144 precabantur,
2858 1074 3158 1148 Deumque
3206 1079 3446 1135 orabant
3486 1099 3555 1139 ne
3587 1100 3696 1138 un-

2046 1179 2244 1240 quam,
2286 1163 2332 1221 si
2358 1163 2482 1219 ﬁeri
2511 1169 2728 1234 posset,
2779 1173 3137 1222 morerentur
3168 1173 3266 1222 aut
3293 1185 3546 1240 unquam
3579 1171 3699 1243 pri-

2044 1258 2234 1308 vatam
2266 1255 2439 1308 vitam
2472 1258 2728 1324 agerent.
2761 1257 3001 1310 Causam
3051 1255 3478 1329 subjungebnat
3510 1259 3696 1316 homi-

2046 1359 2147 1399 nes
2194 1342 2573 1399 exsecrabiles
2627 1346 2684 1398 et
2729 1343 2906 1399 veluti
2963 1344 3260 1401 oraculum
3323 1347 3592 1415 edebant,
3625 1349 3697 1406 iis

2046 1431 2427 1504 regnantibus
2457 1431 2799 1488 Blacborum
2824 1448 3068 1505 regnum
3105 1451 3314 1507 magna
3342 1435 3698 1495 incrementa

2047 1529 2353 1594 capturum
2407 1530 2459 1578 et
2499 1522 2992 1594 amplificandum,
3043 1525 3247 1580 alienis
3304 1528 3614 1596 provinciis
3642 1535 3698 1583 et

2048 1611 2294 1667 urbibus
2336 1613 2692 1684 augendum,
2743 1612 3035 1684 principes
3066 1630 3131 1669 ex
3177 1615 3318 1686 ipsis
3369 1623 3426 1670 et
3466 1618 3636 1673 duces
3666 1632 3696 1673 e

2049 1701 2366 1758 femoribus
2403 1718 2602 1758 eorum
2635 1719 2974 1774 egressuros
3004 1719 3151 1773 esse,
3186 1703 3339 1759 haud
3393 1705 3510 1761 scio
3543 1707 3698 1762 unde

2046 1794 2103 1847 et
2150 1792 2440 1863 quomodo
2489 1793 2715 1847 erudita
2755 1791 2876 1847 baro
2914 1793 3122 1849 edocti.
3183 1793 3431 1850 Proinde
3489 1798 3590 1849 aut
3627 1794 3699 1850 ad

2047 1880 2345 1936 castellum
2401 1880 2634 1951 aliquod
2683 1881 3031 1936 vastandum
3081 1888 3178 1936 aut
3233 1884 3303 1936 ad
3357 1899 3532 1954 pagos
3565 1883 3700 1938 diri-

2050 1969 2294 2040 piendos
2351 1974 2449 2025 aut
2499 1969 2571 2024 ad
2616 1971 2786 2025 urbes
2834 1971 3168 2025 evertendas
3223 1987 3356 2026 cum
3416 1971 3700 2044 phalange

2049 2059 2314 2131 Scythica
2358 2058 2875 2129 proﬁciscebantur
2901 2078 2915 2127 ;
2941 2067 2992 2114 et
3023 2059 3188 2114 obvia
3235 2077 3484 2131 qumque
3511 2078 3699 2132 popu-

2055 2148 2265 2216 lantes,
2311 2148 2453 2204 alias
2503 2147 2950 2218 Philippopolim
2989 2148 3354 2217 invadebant,
3389 2148 3529 2204 alias
3562 2149 3700 2205 Sar-

2051 2237 2193 2292 dicaa
2250 2236 2690 2302 insidiabantur,
2731 2235 2874 2291 alias
2927 2236 3358 2308 Adrianopolim
3407 2239 3698 2308 petebant.

2052 2325 2291 2381 Romani
2322 2341 2453 2381 vero
2485 2325 2725 2397 segnius
2756 2340 2887 2381 cum
2944 2325 3029 2382 eis
3061 2327 3422 2398 pugnabant.
3455 2327 3614 2390 Quod
3648 2328 3699 2384 si

2049 2415 2280 2486 quando
2311 2415 2369 2470 in
2401 2414 2582 2469 aciem
2615 2414 3036 2470 descendebant
3067 2424 3120 2471 et
3161 2433 3418 2488 pugnam
3451 2417 3698 2489 inibant,

2049 2521 2251 2577 parum
2284 2505 2565 2560 nocebant
2597 2504 2879 2560 hostibus.

2699 2588 2838 2663 μηδὲ
2911 2589 3045 2646 ίδεῖν
3123 2613 3255 2648 ποτε
3331 2594 3579 2664 θάνατον,
3653 2592 3703 2648 εἰ

284 2677 540 2749 δυνατὸν,
606 2679 954 2753 έξελιπάρουν
1026 2683 1088 2737 τὸ
1145 2688 1323 2753 Θεῖον,
1384 2679 1421 2752 ἤ
1473 2681 1752 2760 ἀφαίρεσιν
1809 2689 1910 2751 τῆς
1963 2677 2243 2742 ϐασιλείας
2308 2685 2520 2744 παθεῖν’
2580 2680 2669 2735 καὶ
2725 2682 2825 2750 τὴν
2887 2680 3060 2736 αἰτίαν
3107 2682 3481 2758 προστιθέντες
3531 2683 3701 2759 ἐχρη-

283 2770 582 2844 στηρίαζον
657 2771 708 2825 o't
764 2772 1058 2847 κατάρατοι
1118 2773 1193 2835 ὡς
1253 2771 1428 2828 αὐτῶν
1487 2771 1890 2847 βασιλευόντων
1967 2767 2048 2827 ἔτι
2121 2771 2212 2826 καὶ
2265 2767 2346 2824 ἔτι
2417 2770 2485 2824 τὰ
2539 2775 2645 2825 τῶν
2725 2769 2962 2846 Βλάχων
3014 2770 3484 2842 προσεπιδώσουσί
3521 2771 3699 2828 τεκαὶ

296 2860 784 2936 μεγιθυνθήσεται,
850 2861 938 2915 καὶ
999 2863 1188 2937 χώρας
1239 2859 1296 2917 δὶ
1344 2862 1434 2917 καὶ
1481 2861 1675 2926 πόλεις
1720 2860 2016 2936 ἀλλοτρίας
2052 2859 2457 2930 ἕπικτήσονται,
2507 2858 2598 2914 καὶ
2647 2859 2906 2935 ἄρχοντες
2955 2859 3006 2931 ἐξ
3055 2861 3229 2917 αὐτῶν
3280 2863 3370 2917 καὶ
3401 2862 3701 2939 ἡγούμενοι

285 2947 350 3003 ἕκ
380 2952 488 3002 τῶν
526 2953 717 3021 μηρῶν
748 2947 921 3003 αὐτῶν
951 2948 1344 3020 ἐξελεύσονται,
1380 2949 1479 3006 οὐκ
1509 2948 1615 3006 οἷδ’
1646 2951 1739 3015 ’ὀθε
1797 2951 1884 3005 καὶ
1947 2949 2096 3010 ὅπως
2151 2949 2219 3003 τὰ
2272 2944 2682 3019 ἐσπουδασμένα
2712 2951 2794 3021 [Ρ.
2827 2951 2954 3021 280]
2983 2953 3150 3004 ταῦτα
3181 2946 3485 3021 διεξιόντες.
3515 2952 3700 3015 Ἔνθεν

286 3059 378 3104 τοι
434 3038 524 3092 καὶ
600 3038 653 3091 οἱ
731 3039 826 3111 μὲν
886 3038 962 3099 ὡς
1015 3038 1104 3094 ἐπί
1159 3061 1212 3095 τι
1269 3039 1701 3114 ἐκπορθησοντες
1769 3041 2027 3118 φρούριον
2092 3039 2126 3108 ἢ
2194 3041 2386 3110 κώμας
2453 3037 2827 3111 ἀναρπάστους
2859 3036 3436 3110 θησόμενοιῆπόλεις
3469 3039 3704 3095 ἀναστά-

281 3149 414 3189 τους
494 3125 756 3202 δείξοντες
816 3128 950 3202 μετᾶ
1023 3129 1301 3206 φάλαγγος
1359 3130 1588 3206 έπῂεσαν
1669 3133 1963 3200 Σκυθικῆς,
2037 3129 2128 3184 καὶ
2201 3129 2294 3184 τὸν
2354 3129 2668 3206 προστυχὸν
2744 3130 2880 3184 ἅπαν
2955 3128 3212 3199 ἐσίνοντο,
3273 3131 3404 3185 ποτε
3483 3131 3576 3204 μὶν
3631 3135 3699 3204 τῇ

287 3217 575 3292 Φιλίρπου
649 3215 918 3288 ἐπιοντες,
994 3219 1128 3274 ποτε
1205 3216 1262 3274 δὶ
1334 3223 1403 3294 τῇ
1483 3217 1727 3296 Σαρδικῇ
1804 3216 2204 3296 ἐφεδρεύοντες,
2281 3217 2452 3274 ἐνίοτε
2527 3216 2585 3273 δὲ
2655 3219 2794 3274 κατὰ
2863 3218 2960 3287 τὴν
3041 3215 3496 3292 Ἀδριανούπολιν
3543 3218 3710 3298 ἔπερ·-

284 3307 550 3382 χόμενοι·
619 3306 670 3360 οἱ
711 3303 768 3360 δὲ
834 3309 1100 3380 Ῥωμαῖοι
1168 3309 1495 3384 νωθέστερον
1565 3308 1878 3384 ἐπεξῄεσαν,
1922 3307 1968 3364 εί
2010 3304 2068 3363 δὲ
2105 3328 2239 3364 ποτε
2311 3308 2399 3362 καὶ
2475 3304 2875 3382 άντετᾶχθησαν
2949 3307 2984 3376 ἤ
3060 3306 3500 3381 συνεπλάκησαν,
3575 3309 3714 3365 κατὰ

286 3395 604 3470 μετρητοὺς
637 3393 862 3450 ἐκάκουν
895 3396 1021 3459 τοὺς
1049 3397 1401 3461 ἀντιπὰλους.

360 3492 420 3543 ε’.
497 3487 558 3542 Ὁ
628 3481 686 3539 δὲ
743 3485 1000 3561 βασιλεὺς
1062 3489 1221 3549 οὗτος
1277 3486 1674 3565 δολιχοδρόμῳ
1728 3487 1764 3557 ἤ
1828 3491 1952 3564 γοῦν

2139 3491 2195 3546 5.
2231 3487 2360 3559 Ipse
2387 3504 2522 3544 vero
2554 3487 2863 3560 imperator
2893 3503 3027 3544 cum
3088 3487 3318 3560 Optima:
3348 3489 3719 3562 gubernatio-

291 3573 485 3629 σαδιεῖ
539 3576 882 3649 προσεοικὼς
933 3577 1090 3641 εὐθὺς
1153 3579 1286 3652 πρὸς
1335 3583 1405 3653 τῇ
1457 3577 1620 3652 νύσσῃ
1660 3576 1959 3634 κατέπαυσε

284 3667 389 3720 τὸν
453 3671 558 3733 τῆς
616 3664 843 3739 ἀρίστης
914 3665 1193 3740 βασιλείας
1265 3665 1468 3742 δρόμον
1522 3667 1735 3744 τρέχειν
1794 3668 1958 3742 ἀρξά-

302 3773 492 3827 μενος·
573 3752 696 3810 οὐδὲ
749 3757 852 3831 γὰρ
902 3757 970 3825 ἦν
1024 3755 1272 3819 πολλοὺς
1310 3758 1552 3837 ἀμφιιὼν
1593 3757 1827 3819 κύκλους
1857 3762 1958 3825 τῆς

295 3844 524 3918 ἀρετῆς,
584 3843 710 3899 ἀλλ’
754 3845 826 3906 (τις
887 3845 1186 3919 ἂποκαμὼν
1246 3845 1602 3926 ὐπεχαλάσθη
1643 3851 1740 3902 τοῦ
1773 3845 1961 3901 συντό-

298 3956 400 3989 νου
440 3941 544 4003 τῆς
576 3934 757 4008 ὁρμῆς
786 3935 876 3988 καὶ
929 3937 1028 4005 τῆς
1083 3934 1370 4006 ἐπαινετῆς
1402 3935 1479 3998 εἷς
1523 3936 1659 3991 ἅπαν
1709 3933 1965 4011 ἒξενευρί-

297 4026 403 4093 σϐη
447 4023 780 4098 προθέσεως.
837 4023 1046 4081 Οὐκοῦν
1104 4022 1340 4088 πολλοῖς
1397 4027 1465 4080 τὰ
1517 4025 1716 4102 χαλινᾶ
1744 4025 1834 4080 καὶ
1865 4025 1962 4086 τὰς

303 4113 470 4182 ἡνίας
529 4110 841 4182 ὑπαλλάξας
900 4122 999 4183 τῆς
1056 4120 1162 4170 τῶν
1218 4121 1409 4171 κοινῶν
1483 4114 1830 4186 διοικήσεως,
1889 4115 1963 4177 ὡς

304 4201 466 4274 εἴπερ
496 4201 658 4262 αὐτὸς
706 4200 1041 4278 ἀποπεφύκει
1098 4203 1232 4278 πρὸς
1287 4201 1578 4259 σπουδαίαν
1613 4204 1792 4278 ἀρχῆς
1825 4199 1963 4257 διοί-

304 4312 496 4361 κησιν,
553 4289 712 4354 τέλος
769 4291 944 4368 φέρων
1000 4291 1289 4371 ἐνεχείρισι
1344 4295 1442 4360 τήν
1473 4295 1680 4349 τούτων
1712 4290 1967 4367 διεξαγω-

307 4382 416 4458 γὴν
456 4380 546 4434 καὶ
576 4375 896 4455 κυϐέρνησιν
956 4387 1036 4455 τῷ
1075 4384 1211 4457 πρὸς
1270 4385 1478 4458 μητρὸς
1530 4383 1654 4455 οείῳ
1695 4379 1964 4454 Θεοδώρῳ

304 4474 390 4540 τῷ
428 4469 832 4544 Κασταμονίτῃ.
891 4475 994 4527 Ἢν
1054 4469 1100 4525 δ’
1161 4473 1320 4533 οὗτος
1367 4471 1489 4546 περὶ
1519 4473 1852 4547 πραγμάτων
1882 4471 1968 4547 έγ-

307 4559 564 4634 χείρησιν
607 4559 696 4614 καὶ
761 4561 1000 4633 μάλιστα
1058 4561 1180 4636 περί
1240 4563 1333 4622 τὰς
1391 4559 1660 4634 δημοσίας
1694 4582 1969 4638 συνεισφυ-

307 4650 406 4725 ρὰς
450 4647 772 4719 δεξιώτατος
828 4651 918 4705 καὶ
971 4649 1152 4728 λόγων
1215 4651 1538 4730 σοφωτέρων
1594 4655 1852 4726 μέτοχος,
1906 4653 1964 4706 ὃν

304 4739 401 4794 καὶ
461 4737 766 4812 λογοθέτην
825 4745 930 4794 τῶν
998 4742 1262 4816 σεκρέτων
1319 4736 1732 4817 προϐαλόμενος
1800 4743 1966 4817 ἤγετο

312 4828 406 4882 ὑπ’
470 4826 638 4881 αὐτοῦ
705 4828 792 4882 καὶ
862 4831 1126 4904 μετήγετο
1213 4830 1450 4905 καθάπερ
1522 4828 1965 4905 βασιλευόμενος·

309 4920 435 4981 ὃθεν
469 4918 544 4979 ὡς
580 4919 638 4972 ἄν
686 4940 772 4981 τις
833 4919 885 4974 ἐν
947 4921 1218 4992 ὑπηρέτου
1280 4921 1444 4996 μοίρᾳ
1499 4923 1832 4994 καθήμενος,
1863 4925 1966 4976 πᾶν

306 5008 448 5080 ὅπερ
518 5008 605 5062 ὑπ’
671 5009 835 5063 αὐτοῦ
903 5005 1267 5065 ἐπετάττετο’
1323 5008 1668 5080 διεπράττετο
1773 5008 1967 5084 σχεδὸν

308 5094 484 5169 μηδὲν
546 5095 858 5170 διακρίνων,
909 5101 1100 5154 Νοσῶν
1152 5097 1207 5153 δὲ
1263 5098 1329 5153 τὰ
1387 5097 1557 5174 ἄρθρα
1622 5103 1728 5152 τῶν
1782 5095 1964 5152 ποδῶν

307 5188 368 5259 δέ
395 5187 813 5258 Κασταμονίτης
864 5185 1108 5266 emtam
1167 5191 1234 5242 τὰ
1291 5186 1475 5243 πολλὰ
1532 5188 1668 5262 πρὸς
1714 5188 1805 5242 τὸν
1836 5207 1966 5262 κρα-

304 5278 515 5330 τοῦντα
573 5275 841 5350 εἶσιςγετο,
903 5277 1006 5331 ὑπὸ
1067 5274 1213 5331 δυοῖν
1271 5277 1478 5354 φορέων
1535 5275 1828 5352 αἶ’ρόμενος
1880 5273 1966 5330 διὰ

306 5361 620 5433 σκίμποδος
663 5365 738 5425 ὡς
796 5366 848 5419 οἱ
909 5371 1012 5442 τῶν
1075 5367 1236 5420 ὢνιον
1289 5367 1572 5442 ἀμφορεῖς·
1617 5368 1706 5420 καί
1739 5386 1969 5438 συνομι-

307 5452 427 5508 λῶν
466 5453 682 5527 βασιλεῖ
710 5454 776 5508 τὰ
826 5454 1130 5532 πρόσφορα,
1182 5455 1215 5525 ἢ
1273 5455 1486 5526 μᾶλλον
1533 5453 1861 5525 καπηλεύων
1901 5456 1970 5509 τὰ

305 5541 604 5614 Ῥωμαίων
691 5544 983 5618 πράγματα
1049 5545 1139 5598 καὶ
1195 5543 1387 5618 ὀλίγου
1467 5541 1759 5606 ἀποδιδοὺς
1820 5541 1968 5606 αὖθις

304 5629 556 5706 ἓξήγετο.
590 5632 658 5688 0".
691 5631 747 5687 δέ
795 5653 856 5706 γε
888 5630 1014 5688 λαοὶ
1070 5632 1162 5686 καί
1218 5634 1279 5687 τὸ
1328 5641 1427 5704 τῆς
1468 5633 1746 5695 πολιτείας
1777 5634 1967 5708 γερού-

305 5742 451 5792 σιον,
495 5721 586 5777 καὶ
645 5718 764 5776 ὅσοι
819 5725 898 5795 τῷ
959 5720 1176 5800 βασιλεῖ
1229 5724 1350 5788 καθ’
1405 5725 1542 5798 αἷμα
1609 5725 1967 5797 συνήπτοντο,

2067 3579 2156 3634 nis
2185 3593 2423 3633 cursum
2473 3577 2841 3646 instituisset,
2875 3577 3059 3632 instar
3097 3579 3286 3648 ignavi
3317 3579 3572 3633 cursoris
3603 3595 3718 3634 non

2065 3666 2264 3740 procul
2317 3667 2387 3722 ab
2442 3665 2586 3738 ipsis
2643 3667 2967 3722 carceribus
3023 3666 3265 3723 destitit.
3312 3666 3508 3734 Neque
3562 3665 3716 3721 enim

2069 3755 2287 3812 multos
2316 3754 2546 3811 virtutis
2575 3753 2822 3811 circulos
2853 3754 3120 3815 absolvit.
3151 3755 3250 3810 sed
3303 3753 3478 3810 veluti
3516 3753 3720 3824 fatiga-

2068 3851 2163 3901 tus
2196 3844 2350 3900 ΜΔ
2392 3848 2448 3899 et
2496 3851 2804 3900 enervatus
2843 3843 2913 3898 de
2970 3842 3338 3898 contentione
3377 3842 3608 3898 honesti
3636 3843 3719 3897 in-

2070 3934 2256 3990 stituti
2301 3932 2620 4004 plurimum
2654 3931 2896 3999 remisit,
2931 3948 3166 3987 summa
3196 3947 3388 3988 rerum
3420 3931 3722 3988 Theodoro

2069 4022 2474 4080 Castamonitte
2530 4021 2816 4076 avunculo
2874 4020 3125 4091 denique
3165 4023 3456 4076 mandata.
3489 4025 3628 4075 Erat
3676 4020 3726 4076 is

2072 4113 2245 4168 homo
2303 4110 2478 4166 rebus
2510 4110 2801 4181 gerendis,
2860 4109 3178 4182 praesertim
3229 4109 3602 4181 vectigalibus
3634 4125 3729 4165 rc-

2071 4199 2378 4273 cipiendis,
2433 4199 2772 4269 aptissimus
2829 4207 2883 4255 et
2943 4199 3117 4269 probe
3191 4199 3471 4254 eruditus.
3543 4200 3724 4263 Quare

2073 4291 2448 4365 Logotbetam
2499 4295 2850 4346 secretorum
2909 4306 3040 4345 eum
3074 4289 3428 4361 designarat,
3462 4295 3519 4345 et
3566 4287 3726 4344 illius

2071 4382 2354 4439 arbitratu
2383 4381 2494 4435 huc
2536 4385 2710 4450 atque
2741 4379 2880 4434 illuc
2909 4379 3098 4434 instar
3129 4379 3404 4450 mancipii
3455 4377 3728 4434 traheba-

2070 4477 2186 4539 tur,
2218 4475 2275 4526 et
2321 4468 2607 4542 quidquid
2668 4467 2766 4524 ille
2797 4469 2972 4523 vellet
3022 4470 3252 4541 agebat,
3286 4485 3576 4540 nusquam
3613 4468 3728 4524 fere

2065 4561 2288 4632 judicio
2321 4577 2427 4614 suo
2459 4558 2823 4630 interposito.
2855 4559 2965 4614 Sed
3000 4559 3140 4630 quia
3184 4560 3384 4614 morbo
3435 4556 3730 4614 articulari

2075 4651 2382 4706 laborabat
2420 4647 2868 4718 Castamonites,
2901 4647 3107 4704 lectica
3140 4647 3486 4720 plerumque
3518 4665 3550 4703 a
3581 4648 3732 4703 duo-

2075 4741 2186 4796 bus
2217 4739 2454 4809 bajulis,
2489 4744 2552 4793 ut
2581 4737 2698 4792 vini
2732 4738 3030 4810 amphora;
3063 4740 3276 4807 solent,
3311 4741 3377 4794 ad
3423 4739 3736 4808 imperato-

2076 4846 2195 4886 rem
2253 4829 2546 4884 ferebatur
2577 4848 2590 4892 ;
2623 4842 2755 4882 cum
2805 4843 2920 4897 quo
2951 4843 3018 4882 ea
3050 4843 3178 4898 quia
3215 4838 3306 4881 res
3353 4824 3732 4896 postulabant

2078 4918 2424 4984 collocutus,
2459 4933 2525 4971 ac
2574 4916 2768 4986 potius
2818 4919 3111 4970 Romanas
3153 4932 3244 4970 res
3292 4914 3497 4984 exiguo
3547 4911 3730 4983 pretio

2077 5012 2464 5080 cauponatus,
2515 5020 2718 5059 rursus
2765 5003 3112 5059 efferebatur
3163 5009 3446 5073 sequente
3495 4998 3732 5070 populo,

2079 5097 2414 5168 proceribus
2445 5094 2581 5147 item
2615 5096 2670 5146 et
2699 5093 2966 5161 cognatis
2996 5091 3361 5156 imperatoris
3396 5087 3731 5159 pheretrum

2075 5185 2220 5238 illud
2256 5181 2699 5242 comitantibus,
2727 5186 2782 5233 et.
2818 5197 2928 5234 non
2964 5179 3130 5232 illum
3165 5177 3264 5232 sed
3297 5177 3564 5230 fortunas
3596 5189 3734 5230 suas

2077 5270 2537 5343 deplorantibus.
2567 5267 2723 5323 Nihil
2756 5269 2908 5320 enirn
2952 5268 3078 5321 sine
3111 5265 3210 5320 illo
3242 5265 3733 5332 constituebatur,

2079 5377 2263 5432 neque
2293 5359 2608 5430 quisquam
2641 5373 2710 5411 ex
2743 5355 3107 5426 principibus
3139 5355 3548 5410 Castamonitaa
3581 5353 3735 5410 assi-

2078 5455 2269 5519 debat,
2316 5449 2415 5504 sed
2467 5463 2672 5503 omnes
2720 5446 2912 5501 servili
2956 5451 3121 5517 gestu
3155 5445 3444 5502 astabant.
3500 5446 3607 5500 Eas
3638 5460 3732 5501 res

2075 5541 2395 5614 imperator
2440 5553 2550 5591 non
2584 5553 2734 5608 agre
2768 5535 3020 5604 ferebat;
3063 5552 3186 5603 nec,
3220 5553 3352 5591 cum
3405 5552 3571 5592 suam
3603 5537 3728 5609 glo-

2079 5633 2223 5688 riam
2266 5629 2336 5685 ad
2369 5626 2548 5682 alium
2582 5626 2827 5681 transire
2873 5627 3022 5683 515
3060 5630 3116 5680 et
3160 5626 3334 5698 diripi
3367 5643 3614 5698 regnum
3649 5627 3730 5682 vi-

2079 5723 2264 5787 deret,
2317 5715 2636 5791 quidquam
2683 5716 2754 5771 de
2814 5715 3179 5772 absurditate
3225 5715 3340 5773 ista
3387 5716 3732 5790 corrigenda
