4028 6218
384 383 504 446 801

1695 378 2004 444 NICETJ
2043 377 2253 442 (ΞΗοΝ
2263 375 2471 438 [ATR

3683 381 3820 441 808

385 515 700 588 cogitabat,
753 515 856 571 sed
887 513 1107 579 omnia,
1141 514 1306 572 nulla
1370 515 1656 589 probabili
1687 517 1914 572 ratione
1941 513 2036 570 ad-

2151 508 2370 565 ε’ίποντο
2443 505 2634 582 ἐκείνῳ
2705 508 2796 563 καὶ
2869 510 3288 584 προπέμποντες
3373 511 3643 569 ἐκόκλουν
3719 515 3816 571 τὸν

385 604 1000 676 ductus,approbabat.
1036 605 1298 677 Denique
1327 605 1500 662 etiam
1535 623 1862 680 purpureas
1894 605 2038 675 pha-

379 695 532 752 leras
552 696 626 761 ei,
667 710 1002 766 quamquam
1053 711 1122 750 ex
1152 712 1320 753 sacro
1350 702 1499 752 cmtu
1549 702 1723 762 esset,
1756 701 1814 751 et
1844 693 2038 752 simile

379 785 625 854 pallium
653 785 710 839 in
739 785 1056 856 equitando
1107 786 1493 856 eamdemque
1530 785 1784 842 colorem
1816 784 1873 839 in
1905 783 2039 838 sub-

379 873 672 931 cribendis
731 873 982 945 publicis
1016 873 1233 929 libellis
1263 884 1318 930 et
1348 875 1559 931 litteris
1611 873 1922 931 concessit.
1954 873 2040 927 Ita

380 979 471 1018 res
524 964 594 1018 ad
647 963 994 1018 inusitatum
1056 979 1277 1020 morem
1327 963 1608 1020 devolutee
1667 967 1890 1018 natura;
1921 977 2040 1016 suis

382 1057 808 1125 repugnarunt,
861 1053 1043 1108 donec
1103 1055 1343 1108 morbus
1392 1052 1701 1108 hominum
1761 1050 2040 1106 misertus

381 1143 602 1196 amuxu
634 1140 938 1197 noxiorum
972 1140 1286 1198 humerum
1338 1141 1616 1198 articulos
1643 1141 1775 1212 ejus
1805 1138 1956 1195 elisit
1985 1144 2041 1194 et

377 1230 620 1288 rationis
674 1230 851 1286 etiam
900 1246 1090 1287 arcem
1123 1229 1356 1286 invasit.
1420 1231 1654 1287 Decima
1709 1229 1916 1301 quinta
1947 1226 2041 1283 die

376 1319 594 1378 mensis
625 1321 859 1390 Augusti
893 1335 1027 1375 cum
1063 1319 1212 1375 fastu
1253 1324 1311 1376 et
1345 1319 1826 1390 frequentissimo
1857 1315 2039 1372 comi-

375 1413 498 1468 tatu
533 1425 634 1480 per
659 1410 847 1465 forum
882 1409 942 1464 in
998 1408 1371 1465 Pantanassa
1398 1408 1686 1480 templum
1715 1407 1790 1464 ad
1822 1407 2037 1463 festum

378 1497 818 1569 Assumptionis
845 1497 942 1553 Dei
973 1497 1284 1554 Genitricis
1318 1497 1735 1555 celebrandum
1765 1497 2040 1552 incedens

385 1589 642 1659 primum
696 1585 966 1642 dominus
1001 1591 1062 1642 et
1110 1585 1427 1657 imperator
1453 1586 1672 1642 audivit
1719 1585 1881 1657 (nam
1907 1600 2040 1640 eum

383 1691 616 1748 quoque
649 1673 885 1730 titulum
919 1674 1250 1731 adulatores
1281 1678 1341 1731 et
1369 1675 1757 1746 potentiorum
1789 1681 2040 1729 assenta-

384 1768 537 1820 tores
595 1762 998 1834 usurpabant),
1049 1768 1107 1819 et
1163 1767 1290 1818 tum
1349 1763 1599 1834 primum
1657 1761 2040 1819 cordatiorum

375 1851 603 1924 judicio
633 1852 704 1908 ad
763 1852 1105 1924 epilepsism
1161 1851 1444 1908 inclinare
1473 1853 1633 1908 visus
1662 1858 1749 1908 est
1795 1851 1869 1906 ob
1915 1851 2040 1920 ejus

387 1941 802 2014 appellationis
856 1939 1246 1998 insolentiam.
1307 1941 1464 1998 576
1505 1941 1616 1997 Sed
1687 1948 1741 1996 et
1798 1939 2039 2011 quidam

383 2031 728 2102 Belijudex,
789 2031 958 2102 cujus
1017 2047 1230 2087 nomen
1285 2031 1355 2086 de
1405 2029 1694 2086 industria
1742 2034 2040 2100 praetereo,

385 2125 542 2176 veste
572 2119 766 2175 laxata
814 2135 978 2176 suras
1017 2117 1316 2188 logothetm
1347 2118 1582 2191 cingulo
1613 2135 1716 2175 suo
1747 2117 2038 2174 constrin-

384 2208 576 2280 gebat,
613 2217 670 2264 ut
703 2209 953 2264 obstaret
1000 2207 1315 2280 quominus
1361 2207 1632 2264 humores
1659 2223 1895 2265 sursum
1927 2207 2038 2262 fer-

387 2301 608 2354 rentur.
643 2297 752 2353 Sed
787 2298 834 2353 is
861 2313 934 2352 ne
963 2297 1048 2354 sic
1069 2296 1307 2368 quidem
1340 2314 1374 2353 a
1402 2296 1604 2352 delirio
1635 2295 1988 2352 liberabatur
2020 2310 2035 2363 ;

388 2395 440 2446 et
469 2387 565 2445 ille
595 2388 666 2444 ab
696 2388 973 2445 omnibus
1003 2404 1138 2446 cum
1171 2389 1243 2444 ob
1273 2389 1488 2444 ﬂuxam
1508 2393 1726 2444 vestem
1761 2393 1882 2443 tum
1915 2403 2042 2459 pro-

385 2483 513 2550 pter
543 2478 724 2533 animi
775 2478 1105 2534 facilitatem
1159 2478 1475 2534 ridebatur.
1532 2477 1650 2533 Etsi
1681 2483 1876 2533 autem
1911 2485 2036 2531 tum

385 2566 652 2623 nonnihil
693 2567 766 2622 ab
823 2567 1139 2624 acerbitate
1196 2565 1411 2623 doloris
1459 2565 1785 2638 respiravit,
1834 2581 2038 2622 rursus

385 2661 586 2712 tamen
621 2655 681 2712 in
713 2656 864 2712 idem
899 2656 1116 2712 malum
1141 2655 1368 2728 incidit,
1400 2659 1458 2713 et
1488 2660 1620 2728 post
1665 2655 1791 2712 dies
1817 2655 2039 2727 aliquot

383 2749 716 2819 exspiravit,
765 2747 940 2804 etiam
987 2747 1206 2819 alioqui
1254 2763 1492 2820 corpore
1553 2746 1840 2814 morbido,
1888 2754 1942 2802 et
1968 2762 2038 2802 ex

383 2841 586 2900 morbo
633 2841 786 2896 circa
815 2841 1008 2898 sedem
1051 2839 1258 2896 tistulis
1318 2844 1647 2896 excavatus.
1704 2839 1871 2895 Enim
1903 2854 2036 2895 vero

382 2930 676 3001 turpitudo
708 2945 842 2985 cum
879 2928 1310 3000 pulchritudine
1343 2936 1674 2998 comparata
1702 2927 1891 3000 magis
1917 2927 2040 2983 elu-

379 3022 572 3076 cescit.
604 3019 745 3074 Nam
778 3019 1158 3074 castamonita
1201 3022 1434 3074 mortuo
1467 3017 1828 3088 imperatoris
1860 3017 2033 3073 bene-

375 3109 628 3166 volentia
671 3110 730 3165 in
775 3108 1272 3166 adolescentulum
1323 3111 1652 3180 quemdam,
1689 3108 1784 3165 cui
1839 3107 2036 3164 adhuc

377 3198 694 3253 litteratore
722 3202 777 3252 et
807 3195 1020 3252 tabella
1049 3201 1178 3253 erat
1207 3213 1378 3270 opus,
1411 3197 1742 3253 tranfertur.
1778 3197 1854 3251 Eo
1889 3211 2036 3268 quo-

377 3303 493 3358 que
551 3285 840 3342 exstincto
873 3302 1080 3358 parvus
1131 3301 1288 3356 puer,
1322 3287 1422 3357 qui
1463 3302 1578 3341 non
1635 3285 1716 3340 ita
1747 3285 1970 3356 pridem
2001 3302 2036 3341 a

382 3375 606 3431 calamo
639 3379 694 3430 et
735 3379 1057 3431 atramento
1087 3375 1462 3440 discesserat,
1495 3391 1791 3432 summam
1841 3391 2035 3432 rerum

378 3463 836 3521 administrabat.
873 3467 982 3520 Nec
1039 3464 1444 3534 imperatorem
1491 3465 1773 3521 duntaxat
1817 3481 1921 3521 suo
1951 3481 2041 3520 ar-

381 3553 616 3622 bitratu,
651 3561 711 3609 ut
743 3552 1061 3609 maximum
1114 3557 1239 3609 cete
1272 3551 1702 3609 minutissimus
1729 3553 1904 3626 piscis
1935 3553 2038 3625 qui

382 3659 740 3718 propompus
792 3642 1028 3712 dicitur,
1062 3642 1397 3699 traducebat
1430 3648 1489 3699 et
1545 3643 1990 3700 circumferebat
2019 3659 2036 3702 :

375 3729 477 3788 sed
512 3731 793 3788 militares
851 3731 1027 3788 etiam
1061 3731 1356 3804 catalogus
1401 3731 1705 3797 tractabat,
1739 3747 1852 3787 non
1881 3732 2032 3788 511

385 3838 556 3878 secus
585 3839 652 3878 ac
681 3823 731 3878 si
763 3839 796 3878 a
824 3821 1136 3878 cunabulis
1165 3821 1232 3877 ad
1289 3821 1674 3877 maximarum
1707 3837 1898 3877 rerum
1933 3822 2040 3876 ad-

389 3909 880 3966 ministrationem
925 3918 1078 3966 esset
1129 3909 1438 3978 enutritus,
1470 3914 1572 3964 aut
1614 3924 1800 3964 rerum
1837 3909 2037 3966 huma-

383 4021 588 4062 narum
648 4002 950 4060 scientiam
1007 4006 1146 4058 ante
1189 4000 1444 4058 natalem
1497 4016 1665 4057 suum
1716 4001 2035 4064 habuisset,

380 4091 865 4166 quemadmodum
922 4089 1226 4162 Sibyllam,
1259 4087 1430 4144 simul
1462 4103 1528 4143 ac
1559 4105 1589 4145 e
1621 4093 1882 4145 materna
1911 4089 2037 4145 alvo

376 4183 678 4254 prodierit,
703 4182 772 4235 de
800 4180 1019 4236 fabrica
1048 4177 1440 4237 universitatis
1467 4193 1657 4234 rerum
1691 4177 2039 4234 disseruisse

374 4273 590 4328 ferunt.
647 4270 826 4341 Igitur
874 4270 924 4324 is
955 4284 1186 4340 quoque
1217 4267 1615 4324 auctoritatem
1665 4266 1830 4337 longe
1858 4267 2036 4338 majo-

375 4379 491 4418 rem
522 4375 697 4433 quam
747 4359 1140 4415 Castamonita
1167 4365 1541 4426 consecutus,
1575 4360 1636 4412 ut
1682 4360 1806 4412 erat
1836 4356 1894 4412 in
1924 4357 2038 4427 ple-

376 4451 577 4522 risque
606 4449 781 4504 rebus
811 4451 1018 4503 acutus
1047 4451 1104 4503 et
1141 4446 1203 4502 in
1262 4445 1582 4502 tractandis
1624 4445 1866 4516 negotiis
1897 4444 2039 4500 dex-

377 4545 485 4603 ter,
539 4535 870 4609 imperatori
911 4535 1197 4608 quidquid
1251 4545 1370 4592 erat
1423 4535 1676 4599 libitum,
1723 4535 1950 4606 probat,
1981 4543 2033 4591 et

379 4643 678 4684 summum
710 4629 780 4681 at»
811 4642 877 4683 eo
908 4630 1080 4696 atque
1128 4625 1578 4698 ineomparabilc
1633 4626 1852 4682 bonum
1873 4624 2030 4697 judi-

380 4717 616 4776 cabatur
647 4731 662 4773 :
697 4731 812 4772 non
845 4713 1134 4770 absimilis
1184 4714 1422 4784 apicula;
1480 4721 1578 4770 aut
1609 4714 1781 4770 culici
1831 4730 2031 4771 aurem

374 4805 563 4864 leonis
594 4801 1075 4868 circumsonanti,
1095 4810 1191 4857 aut
1221 4806 1344 4858 atro
1374 4801 1682 4874 pumilioni
1715 4803 2031 4858 maximum

375 4904 539 4955 terrae
598 4894 826 4966 pondus
873 4890 1246 4964 elephantum
1303 4890 1672 4964 gubernanti,
1735 4897 1832 4947 aut
1875 4891 2036 4947 tenui

373 4985 636 5045 funiculo
667 4983 955 5042 camelum
991 4997 1136 5038 naso
1167 4979 1444 5047 trahenti,
1476 4987 1573 5034 aut
1623 4981 1814 5052 potius
1843 4981 2035 5038 densis

377 5077 649 5135 sordibus
704 5089 870 5130 aures
917 5070 1304 5143 imperatoris,
1353 5086 1425 5126 ne
1477 5069 1613 5140 quid
1668 5067 1822 5125 aliud
1868 5071 2032 5127 audi-

372 5176 524 5235 rent,
581 5163 1045 5227 obstruentibus,
1104 5169 1194 5216 aut
1257 5167 1516 5228 augusta
1589 5167 1764 5230 porlaa
1811 5168 1864 5216 et
1911 5167 2034 5216 arto

373 5257 596 5312 tramiti
636 5255 706 5311 ad
749 5253 1020 5325 palatium
1055 5249 1313 5307 ducenti.
1347 5248 1486 5304 Nam
1533 5247 1628 5303 lati
1666 5247 2034 5305 olim-aditus

377 5347 608 5414 penitus
639 5343 922 5400 obstructi
955 5342 1109 5398 fuere
1159 5355 1257 5411 per
1316 5355 1462 5412 quos
1491 5337 1584 5409 qui
1616 5337 1769 5395 578
1820 5338 2032 5395 intrare

376 5437 758 5500 conabantur,
790 5432 960 5504 plane
984 5431 1158 5488 fatuis
1184 5429 1302 5486 illis
1329 5428 1654 5500 virginibus
1675 5437 1842 5486 erant
1867 5429 2030 5484 simi-

2142 599 2466 674 νεκροθόρον
2526 595 2776 672 ἄντικρυς
2835 596 3119 670 ὀκλαδίαν,
3184 601 3280 662 τὰς
3339 600 3546 666 οἰκείας
3602 603 3809 680 τύχας,

2145 687 2247 742 οὐκ
2304 686 2514 742 ἐκεῖνον
2572 684 3028 762 ἀποκλαιόμενοι.
3087 687 3166 745 Οὓ
3249 690 3353 764 γᾶρ
3431 691 3500 760 ἦν
3584 713 3641 746 τι
3697 696 3814 746 τῶν

2149 778 2456 854 γινομένων
2513 777 2639 832 ἄνευ
2695 775 2898 832 ἐκείνου
2952 775 3432 852 διαπραττόμενον,
3493 779 3624 835 ἀλλ’
3683 778 3815 837 οὖδὲ

2145 887 2230 929 τις
2289 871 2400 920 τῶν
2459 866 2512 920 ἐν
2574 867 2875 940 ὑπεροχαῖς
2918 873 3256 942 συμμετεῖχε
3300 873 3381 941 τῷ
3429 871 3813 945 Κασταμονίτῃ

2147 952 2430 1030 καθέδρας,
2535 953 2682 1009 ἀλλὰ
2758 955 3087 1029 παρίσταντο
3162 957 3360 1020 πάντες
3435 955 3813 1033 δουλοπρεπεῖ

2150 1047 2424 1120 σχήματι.
2457 1044 2562 1100 Καὶ
2593 1045 2622 1099 ὁ
2650 1049 2866 1114 κρατῶν
2909 1043 2998 1098 ἐπὶ
3044 1047 3263 1105 τούτοις
3293 1045 3393 1100 οὐκ
3428 1043 3806 1122 ἐδυσχέραινε,

2147 1133 2236 1188 καὶ
2290 1133 2389 1203 τήν
2447 1131 2652 1188 οἴκείαν
2712 1130 2868 1204 δόξαν
2926 1134 3070 1208 ὁρῶν
3137 1135 3402 1208 ἀναρσίως
3453 1137 3598 1210 πρὸς
3627 1132 3810 1211 ἕτερον

2153 1216 2582 1294 μεταϐαίνουσαν
2638 1222 2730 1276 καὶ
2797 1219 3236 1296 διαρπαζομένην
3309 1225 3410 1293 τήν
3519 1226 3806 1299 βασιλείαν

2149 1309 2411 1383 οὖμενοῦν
2460 1308 2619 1367 οὐδὲν
2665 1332 2717 1366 τι
2760 1313 2898 1387 πρὸς
2945 1313 3045 1380 τήν
3101 1311 3326 1368 ἀτοπίαν
3354 1312 3558 1384 ταύτην
3591 1313 3802 1391 ἐφρόνει

2149 1397 2455 1474 ἐνδόσιμον,
2503 1399 2631 1456 ἀλλ’
2674 1402 2743 1471 ἦν
2800 1409 2917 1466 τοῖς
2964 1401 3319 1473 τελουμένοις
3349 1401 3660 1460 ἰπευδοκῶν
3692 1409 3808 1461 κατ’

2149 1490 2342 1550 οὐδένα
2395 1490 2682 1567 πρόδηλον
2741 1490 2950 1549 δίκαιον
3004 1494 3226 1550 σκοπόν.
3289 1495 3506 1570 Προϊὼν
3592 1495 3651 1552 δὲ
3717 1497 3805 1552 καὶ

2150 1582 2367 1661 φάλαρα
2423 1577 2666 1656 ὀξυϐαφῆ
2746 1583 2896 1656 αὐτῷ
2965 1581 3220 1639 ἐνέδωκεν
3273 1582 3420 1660 ἔχειν
3487 1590 3588 1641 τοῦ
3653 1588 3804 1660 ἱεροῦ

2149 1673 2545 1749 σχοινίσματος
2577 1671 2692 1726 ὄντι
2723 1672 3009 1749 πρότερον,
3068 1673 3158 1728 καὶ
3218 1671 3501 1748 ἐσεστρίδα
3537 1676 3796 1746 τοιαύτην

2147 1762 2200 1818 ἐν
2258 1767 2338 1836 τῷ
2394 1762 2641 1818 ἱππεύειν
2697 1765 3014 1834 κεκτῆσθαι.
3083 1765 3173 1818 καῖ
3233 1762 3324 1819 διὰ
3382 1767 3569 1840 βαφῆς
3607 1767 3801 1834 ὁμοίας

2072 1881 2117 1946 Β
2150 1852 2616 1925 ὑποσημαίνεσθαι
2671 1853 2800 1916 τοὸς
2853 1851 3060 1926 τόμους
3117 1857 3224 1946 τῶν
3283 1850 3568 1925 δημοσίων
3612 1853 3794 1930 λόγων

2150 1942 2238 1998 καὶ
2296 1944 2364 1998 τὰ
2417 1943 2763 2018 γραμμάτια.
2823 1943 2928 1998 Καὶ
3002 1943 3071 2012 ἦν
3144 1938 3314 2004 ὅντως
3378 1944 3444 1997 τὰ
3501 1945 3798 2018 πράγματα

2152 2029 2582 2106 μετακεκλικότα
2636 2033 2773 2107 πρὸς
2823 2032 2887 2087 τὸ
2939 2031 3196 2101 ἀσύνηθες
3254 2033 3344 2087 καὶ
3391 2053 3458 2107 τῃ
3503 2031 3618 2104 ἰδίᾳ
3647 2031 3796 2110 φύσει

2146 2121 2588 2195 ἇντιτασσόμενα.
2657 2122 2762 2184 ἓως
2843 2142 2929 2184 τις
3004 2122 3160 2185 νόσος
3219 2122 3614 2200 φιλάνθρωπος
3677 2121 3798 2178 ἐπέ-

2147 2207 2302 2288 ϐρισε
2329 2217 2411 2286 τῷ
2467 2211 2738 2287 ἀνθρώπῳ
2794 2209 2847 2282 ἰξ
2905 2209 3044 2282 ὕλης
3103 2211 3547 2286 μοχθηροτέρας,
3579 2213 3702 2283 ἣτις
3729 2210 3795 2266 τὰ

2146 2299 2318 2375 ἄρθρα
2362 2303 2460 2355 τοῦ
2517 2301 2774 2374 σώματος
2828 2296 3285 2374 ἀναμοχλεῦουσα
3342 2299 3658 2374 ἐπενέμετο,
3707 2301 3796 2354 καὶ

2144 2388 2362 2444 ἐπέθετο
2413 2393 2491 2460 τῷ
2535 2388 2838 2464 λογιστικῷ
2902 2390 3309 2464 κραταιότερον.
3366 2390 3505 2463 Ἥγε
3559 2387 3620 2444 δὲ
3672 2388 3794 2444 τότε

2145 2476 2628 2549 πεντεκαιδεκάτην
2685 2479 2713 2533 ὁ
2772 2475 3087 2554 Αὔγουστος
3139 2479 3271 2551 μήν,
3330 2479 3477 2534 καὶὸ
3507 2481 3798 2550 Καιειτσιμο⁸

2142 2571 2294 2640 νὶτης
2329 2569 2464 2641 μετᾶ
2494 2569 2813 2646 φυσήματος
2871 2569 2961 2623 καὶ
3015 2565 3367 2643 πολυοχλὶας
3405 2569 3796 2647 ἀρχικωτάτης

2143 2662 2210 2733 τῇ
2243 2660 2388 2732 [281]
2426 2661 2567 2732 μονῇ
2596 2663 2698 2726 τῆς
2726 2656 3102 2726 παντανάσσης
3161 2655 3250 2711 διὰ
3305 2663 3406 2726 τῆς
3449 2657 3650 2733 ἀγορᾶς
3681 2655 3797 2711 ἐπε-

2143 2747 2390 2827 φοίτησε,
2421 2747 2488 2802 τὰ
2517 2745 2640 2802 ὅσια
2693 2744 2930 2802 τελέσων
2976 2745 3046 2820 τῇ
3092 2745 3410 2818 μεταστάσει
3441 2752 3545 2816 τῆς
3577 2747 3798 2815 Θεομή-

2141 2858 2324 2913 τορος,
2357 2837 2446 2892 ὅτε
2501 2836 2589 2891 καὶ
2643 2836 2878 2910 πρώτως
2933 2835 3168 2896 ἀκούσας
3199 2831 3468 2905 δεσπότης
3514 2835 3612 2890 καὶ
3645 2835 3797 2910 βασι-

2143 2925 2290 2994 λεὺς,
2338 2924 2454 2981 ἐπεὶ
2506 2924 2597 2980 καὶ
2660 2928 2824 2980 τοῦτο
2878 2929 3204 3002 προσεφεῖτο
3260 2922 3538 2998 ἐπιλέγειν
3567 2930 3686 2986 τοῖς
3711 2924 3801 2978 κό-

2143 3013 2264 3087 λαξι
2293 3015 2381 3069 καὶ
2413 3019 2531 3076 τοῖς
2561 3011 2842 3068 αἰκάλλειν
2895 3011 3118 3067 εἷωθοσι
3169 3011 3296 3072 τοὸς
3349 3008 3798 3080 δυναστεύοντας,

2142 3097 2291 3174 ἔδοξε
2343 3108 2462 3167 τοῖς
2520 3101 2888 3177 κομψοτέροις
2925 3105 3034 3156 τῶν
3081 3099 3448 3165 συνελθόντων
3480 3100 3560 3163 εἷς
3601 3099 3800 3171 ἐπιλη-

2063 3235 2106 3302 C
2145 3193 2268 3268 ψίαν
2316 3189 2608 3248 ἀποκλίναι
2667 3189 2757 3246 διὰ
2800 3191 2861 3245 τὸ
2917 3191 3229 3268 καινότερον
3277 3193 3377 3245 τοῦ
3431 3189 3795 3263 ἀκούσματος.

2147 3279 2311 3302 ΟΔἏἹΧ
2419 3281 2434 3302 \
2540 3301 2547 3302 κ
2613 3285 2670 3302 κε’
2776 3284 2860 3302 γε,
2925 3279 3061 3302 hi‘,
3168 3285 3362 3302 νικᾷ-’ν
3408 3281 3640 3302 _,,,-,,\
3718 3281 3791 3302 I,‘

2147 3279 2320 3340 Ἀλλὰ
2345 3281 2436 3338 καὶ
2466 3301 2550 3342 τις
2603 3285 2712 3336 τῶν
2766 3284 2864 3336 τοῦ
2923 3279 3108 3351 Βήλου
3165 3285 3364 3356 κριτῶν
3403 3281 3798 3353 παρεστὼς(τὸ

2145 3369 2204 3426 δὲ
2277 3367 2452 3444 ὄνομα
2526 3368 2663 3425 ἒκὼν
2765 3363 3170 3445 ὑπερϐήσομαι)
3247 3365 3598 3444 διαχαλάσας
3698 3371 3796 3440 τὴν

2144 3459 2343 3530 ἐσθῆτα
2401 3462 2513 3534 (38)
2575 3455 2788 3532 ἱδέσμει
2837 3458 2935 3522 τὰς
2990 3454 3470 3534 γαπροκνημῖδας
3497 3462 3599 3514 τοῦ
3628 3461 3796 3537 λογο-

2144 3547 2299 3614 θέτου
2349 3552 2419 3623 τῇ
2477 3548 2623 3622 ζώνῃ
2673 3554 2773 3617 τῆς
2831 3545 3050 3625 ὀσφύος,
3081 3545 3405 3622 ἓπισχήσειν
3437 3549 3502 3602 τὸ
3529 3547 3798 3627 ἀνωφερὲς

2141 3645 2240 3707 τῆς
2307 3635 2446 3708 ὕλης
2512 3637 2750 3702 ἐντεῦθεν
2818 3636 3180 3712 πειρώμενος.
3249 3635 3404 3707 Πλὴν
3459 3637 3490 3690 δ
3552 3638 3647 3709 μὲν
3705 3637 3796 3690 καὶ

2144 3724 2316 3791 οὕτως
2355 3724 2571 3788 ἆλότως
2629 3726 2748 3801 εἶχε
2800 3733 2901 3795 τῆς
2948 3729 3055 3780 τῶν
3112 3730 3318 3801 φρενῶν
3375 3731 3717 3801 παρακοπῆς,
3761 3725 3792 3780 ό

2144 3815 2202 3871 δὲ
2231 3816 2323 3871 τὸν
2354 3815 2497 3890 παρὰ
2525 3835 2740 3870 παντων
2792 3812 2849 3868 εὖ
2909 3813 3058 3887 μάλα
3113 3811 3420 3894 ὠφλίσκανε
3449 3812 3660 3887 γέλωτα
3691 3809 3784 3865 διὰ

2141 3928 2200 3963 τε
2255 3907 2362 3960 τῶν
2421 3903 2658 3978 ἱματίων
2713 3903 2776 3960 τὸ
2833 3901 3014 3958 ἄνετον
3067 3903 3157 3957 καὶ
3197 3903 3261 3958 τὸ
3293 3909 3389 3972 τῆς
3415 3902 3635 3976 γνώμης
3666 3897 3788 3954 εὐά-

2143 4017 2350 4074 γωγον.
2383 3993 2560 4052 Ἀλλὰ
2602 3994 2724 4049 τότε
2778 3991 2844 4061 δὴ
2909 3991 3090 4068 βραχύ
3130 4014 3182 4047 τι
3240 3993 3332 4047 καὶ
3379 3989 3496 4046 εἷσον
3525 3986 3792 4064 ἠδυτὲραν

2141 4087 2242 4155 τὴν
2274 4086 2482 4158 ἡμέραν
2535 4080 2966 4158 ὑπολογίσασθαι
3025 4088 3124 4150 τῆς
3181 4081 3438 4159 καχεξιας
3483 4078 3795 4147 ἀνανεΰσας,

2142 4172 2310 4229 πάλιν
2345 4171 2692 4245 ἐμπέπτωκεν
2745 4169 2822 4233 εἷς
2868 4167 3036 4239 αὺτὴν
3095 4169 3184 4224 καὶ
3249 4170 3364 4242 μεθ’
3396 4164 3610 4242 ἡμέρας
3639 4166 3802 4244 ἀπὲῥ..

2146 4265 2273 4338 ῥηξε
2302 4263 2401 4332 τήν
2433 4262 2643 4336 ψυχὴν,
2695 4259 2787 4313 καὶ
2843 4256 3032 4320 ἄλλως
3086 4257 3370 4322 ἀσθενικὸς
3424 4253 3501 4312 ὤν
3545 4257 3612 4312 τὸ
3643 4277 3798 4329 σωμα

2143 4356 2234 4408 καὶ
2289 4351 2358 4406 τὰ
2419 4350 2542 4424 περὶ
2619 4350 2718 4417 τήν
2797 4345 2954 4422 ἕδραν
3037 4347 3141 4402 ὑπὸ
3201 4348 3365 4402 νόσου
3422 4346 3796 4418 πολύτρητος.

2145 4439 2538 4514 Ἐκδηλότερον
2601 4435 2658 4494 δὶ
2737 4439 2798 4494 τὸ
2885 4437 3082 4512 αἶσχος
3167 4435 3324 4512 ἐγγὺς
3401 4439 3502 4491 τοῦ
3558 4433 3798 4497 κάλλους

2148 4531 2446 4606 ὁρώμενον.
2501 4531 2612 4586 Τοῦ
2684 4528 2787 4600 γὰρ
2874 4526 3288 4598 Κασταμονίτου
3370 4523 3795 4595 τελευτήσαντος

2145 4617 2456 4698 διαδέχεται
2509 4617 2608 4686 τὴν
2669 4614 2939 4692 βασιλέως
3027 4611 3231 4670 εὔνοιαν
3318 4614 3687 4689 νεανισκάριόν
3739 4632 3792 4667 τι

2140 4711 2557 4788 γραμματιστοῦ
2611 4705 2702 4762 καὶ
2760 4701 3076 4760 πινακιδίου
3116 4701 3408 4777 δυόμενον.
3455 4703 3553 4760 Καὶ
3599 4703 3792 4758 τούτου

2140 4799 2232 4854 τὸν
2283 4797 2334 4852 ἐν
2390 4798 2524 4869 ἡμῖν
2589 4795 2705 4871 βίον
2743 4791 3112 4856 ἀπολιπόντος
3171 4791 3388 4850 παιδίον
3449 4793 3666 4869 μικρὸς·
3694 4792 3792 4862 τὴν

2139 4893 2248 4946 τῶν
2303 4891 2501 4942 κοινῶν
2563 4882 2832 4954 διοίκησιν
2905 4884 3292 4954 ἀναζώννυται,
3353 4879 3510 4939 cii-itm
3571 4882 3794 4956 πέρυσιν

2142 4976 2432 5056 ἀφειμένον
2527 4972 2848 5030 δονακὶσκου
2931 4972 3022 5027 καὶ
3105 4971 3366 5046 μέλανος,
3430 4971 3493 5034 ὅς
3582 4972 3646 5026 οὗ
3701 4970 3793 5025 τὸν

2139 5070 2440 5142 κρατοῦντα
2503 5063 2663 5136 μόνον
2717 5061 2876 5118 αὐτὸν
2932 5061 3006 5123 ὡς
3062 5061 3125 5116 τὸ
3178 5068 3346 5131 κῆτος
3415 5062 3443 5115 ὁ
3500 5058 3795 5136 λεγόμενος

2140 5155 2503 5229 προπομπεὺς
2609 5159 2836 5226 μετῆγεν
2897 5150 2972 5214 ὡς
3025 5151 3214 5226 ᾑρεῖτο
3302 5151 3394 5206 καὶ
3455 5147 3797 5224 περιέφερεν,

2141 5246 2288 5304 ἀλλὰ
2340 5245 2526 5320 μετῂει
2581 5243 2672 5298 καὶ
2721 5243 2821 5298 ὅσα
2869 5247 2977 5298 τῶν
3029 5245 3432 5318 στρατιωτικῶν
3483 5239 3585 5296 εῗσι
3635 5260 3796 5296 κατα-

2140 5335 2343 5414 λόγων,
2401 5336 2476 5398 ὡς
2524 5331 2674 5407 εἶ’περ
2733 5353 2794 5388 εκ
2851 5334 3174 5408 σπαργάνων
3233 5331 3412 5387 αὐτῶν
3475 5334 3547 5405 τῇ
3615 5325 3800 5400 πηδα-

2139 5413 2370 5500 λιουχίᾳ
2421 5428 2528 5478 τῶν
2591 5421 2860 5498 μεγίστων
2949 5419 3298 5495 ἐνετὲθραπτο
3362 5418 3699 5495 πραγμάτων
3750 5413 3790 5488 ἦ

1717 5543 1910 5615 Hier.
1944 5543 2199 5616 Wolﬁi
2239 5547 2454 5613 notae.

439 5683 552 5761 (38)
581 5679 748 5738 Alter
776 5682 1034 5740 materiae
1063 5696 1375 5739 ascensum
1405 5683 1478 5740 ad
1511 5684 1682 5755 caput
1710 5680 2040 5754 prohibere,
2075 5681 2224 5740 alter
2251 5697 2380 5742 eam
2403 5681 2475 5738 ad
2504 5677 2682 5752 pedes
2705 5677 3006 5736 retrahere
3032 5675 3303 5734 instituit.
