4028 6218
228 338 339 399 809

1369 336 1470 397 DE
1514 335 1816 403 ISAACIO
1865 337 2173 400 ANGELO
2222 341 2363 402 LIB.
2411 343 2518 403 ΙΙΙ.

3525 349 3646 409 8l0

223 472 314 528 τὰς
383 470 653 543 κοσμικὰς
732 466 1021 545 φροντίδας
1093 470 1364 538 ἠπίστατο
1422 470 1528 543 πρὸ
1596 469 1875 547 γενέσεως,

1995 474 2100 542 les,
2143 478 2295 549 quod
2331 494 2503 533 nemo
2533 481 2658 535 erat
2688 480 2788 549 qui
2838 478 2916 535 ibi
2950 478 3323 551 pulsantibus
3363 480 3633 553 aperiret.

222 560 356 614 καθά
385 558 473 614 καὶ
505 558 627 633 περέ
665 552 951 629 Σιϐύλλης
1008 558 1166 633 φασὶν
1214 558 1290 620 ὡς
1338 559 1453 630 ἅμα
1485 564 1580 627 τῆς
1615 559 1876 633 μητρῴας

223 651 419 723 νηδύος
465 650 679 726 ἐξέθορε
734 650 822 703 καὶ
884 651 996 722 ἅμα
1054 650 1176 725 περί
1230 657 1333 718 τῆς
1392 654 1493 704 τοῦ
1530 650 1731 713 παντὸς
1760 649 1879 727 ἐφι..

226 738 448 817 λοσόςρει
505 737 834 800 συστάσεως.
898 734 1358 793 Πολλαπλασίονα
1416 737 1512 793 οὖν
1570 739 1661 793 καὶ
1719 742 1879 801 οὗτος

220 834 315 884 τοῦ
374 826 788 902 Κασταμονίτου
844 828 943 897 τὴν
1005 826 1162 902 ἰσχὺν
1218 824 1516 898 ἐνεδέδυτο,
1568 827 1880 907 θυμόσοφος

222 917 293 973 ὥν
349 917 401 973 ἐν
456 915 735 979 πλείστοις
792 917 881 972 καὶ
954 916 1257 992 περιδέξιος
1312 918 1405 973 τὸν
1464 922 1589 973 νοῦν
1649 917 1701 972 ἐν
1759 922 1877 981 ταῖς

221 1003 509 1070 ἐπιϐολαῖς
567 1011 677 1063 τῶν
738 1007 1102 1082 πραγμάτων,
1177 1007 1399 1062 κάκεῖνα
1467 1011 1548 1080 τῷ
1603 1006 1878 1082 αὐτοκρά-

220 1117 334 1173 τορι
396 1097 592 1170 θεμιτὰ
656 1096 833 1151 ὁπόσα
888 1096 941 1150 οἱ
999 1094 1206 1167 θελητὲι
1263 1092 1535 1151 ἐδέδοκτο’
1588 1096 1707 1151 ὃθεν
1739 1095 1878 1151 ἀπα·

220 1187 474 1263 ραίτητον
531 1184 670 1258 ᾤετο
739 1184 935 1262 ἀγαθὸν
1000 1184 1091 1239 καὶ
1165 1183 1454 1257 ἀσπάσιον,
1514 1182 1612 1239 ὅσα
1668 1184 1757 1239 καὶ
1817 1185 1879 1240 τὸ

217 1276 566 1355 παμϐότανον
594 1283 692 1335 τοῦ
719 1279 916 1357 ἀγροῦ,
948 1279 1118 1335 εἰπεῖν
1179 1277 1238 1335 δὲ
1292 1281 1384 1335 καὶ
1439 1280 1772 1357 τριπόθητον
1803 1280 1877 1343 ὡς

214 1372 277 1426 τὸ
334 1374 431 1427 τοῦ
486 1370 731 1445 Ηερόζου
793 1370 1069 1445 μάργαρον
1124 1370 1272 1446 παρὰ
1327 1367 1473 1442 τῷδε
1525 1373 1604 1441 τῷ
1660 1368 1882 1445 βασιλεῖ

221 1458 643 1534 συλλελόγιστο.
678 1458 781 1515 Καὶ
813 1461 877 1527 ἦν
910 1454 1220 1533 βομϐύλιος
1251 1459 1501 1537 ἀτεχνῶς
1539 1458 1648 1515 ε’ἰτε
1678 1459 1878 1533 κώνωψ

222 1549 387 1605 ὠτίον
414 1543 771 1625 περιϐομϐὦν
817 1547 1058 1619 λέοντος,
1116 1547 1152 1619 ἢ
1215 1549 1732 1624 μυρμηκάνθρωπος
1783 1570 1878 1622 με.

222 1639 500 1719 λάγχροος
546 1639 612 1694 τὸ
666 1646 768 1708 τῆς
819 1645 922 1715 γῆς
980 1638 1235 1714 μέγιστον
1294 1637 1469 1717 ἄχθος
1512 1633 1879 1714 διακυϐερνῶν

218 1728 507 1806 ἒλὲφαντα,
566 1728 601 1797 ἢ
665 1729 931 1802 μήρινθος
990 1726 1164 1797 λεπτή
1224 1727 1331 1782 ἀπὸ
1389 1726 1532 1803 ῥινὸς
1575 1724 1879 1805 ἐφέλκουσα

216 1816 492 1891 κάμηλον,
548 1816 673 1890 ε’ἰπῃ
730 1814 775 1871 δ’
824 1814 886 1872 ἄν
937 1818 1021 1881 τίς
1077 1816 1176 1872 οὐκ
1229 1814 1495 1889 ἀκόμψως
1535 1817 1624 1871 καὶ
1676 1836 1879 1891 παχεια

215 1905 446 1981 κοψελῖς
504 1906 630 1980 περὶ
688 1907 752 1960 τὸ
814 1911 916 1975 τῆς
987 1904 1281 1982 βασιλικῆς
1340 1904 1510 1974 ἀκοῆς
1569 1905 1878 1979 ἐνσκήψασα

220 1996 422 2071 ἕλιγμα
478 1995 569 2049 καὶ
625 1998 733 2051 τῶν
791 1995 1047 2068 ἑτέρωθεν
1107 1992 1495 2069 ἐνηχουμὲνων
1523 1996 1623 2065 τὴν
1655 1995 1872 2070 εἷσροήν

1987 565 2045 620 Si
2077 567 2210 637 quis
2238 583 2371 625 vero
2413 584 2514 640 per
2565 569 2748 624 rimas
2798 568 3012 624 torium
3045 568 3118 625 iis
3153 570 3499 626 cernebatur
3528 588 3608 643 qu

1990 654 2227 727 pulsare
2284 674 2397 713 non
2431 657 2812 728 desistebant,
2848 656 3080 713 nullum
3121 661 3314 715 tamen
3348 658 3510 715 aliud
3541 674 3631 714 re-

1989 761 2271 816 sponsum
2307 747 2676 819 accipiebant
2708 748 2822 804 nisi
2862 752 2928 803 ut
2955 748 3218 819 exiguam
3255 751 3310 803 et
3340 747 3637 820 obliquam

1991 834 2280 907 portulam
2300 837 2529 893 adirent
2560 855 2575 906 ;
2607 854 2673 894 ac
2691 854 2763 894 ne
2792 837 3125 910 ibiquidem
3159 837 3388 909 patebat
3418 837 3640 910 ingres-

1990 940 2094 981 sus
2126 925 2240 981 nisi
2266 926 2613 983 muneribus
2650 926 2995 999 aperiretur,
3028 927 3259 984 etiamsi
3289 926 3469 983 vestis
3500 943 3640 983 ven-

1989 1014 2182 1070 denda
2211 1018 2386 1072 esset.
2446 1015 2519 1073 Ut
2548 1019 2745 1073 autem
2792 1032 2968 1073 senex
2996 1015 3107 1072 iste
3137 1031 3282 1089 puer
3313 1015 3638 1089 plurimum

1990 1102 2062 1159 ab
2109 1102 2460 1176 imperatore
2519 1104 2863 1178 diligeretur
2909 1113 2959 1163 et
2994 1106 3154 1162 solus
3186 1105 3235 1162 ei
3267 1110 3425 1163 esset
3457 1106 3643 1163 instar

1989 1194 2279 1266 omnium,
2310 1194 2370 1251 id
2426 1198 2554 1252 tum
2607 1195 2931 1269 sopbistico
2963 1201 3020 1253 et
3050 1197 3236 1254 faceto
3268 1214 3335 1253 ac
3366 1200 3643 1270 prompto

1990 1282 2247 1355 ingenio,
2309 1291 2433 1341 tum
2468 1285 2664 1342 animo
2696 1287 2924 1343 occulto
2953 1294 3006 1343 el
3037 1287 3287 1344 obscuro
3317 1302 3643 1358 conseque-

1990 1372 2182 1440 batur,
2214 1374 2367 1445 quod
2393 1373 2622 1431 hirsuta
2644 1375 2955 1447 supercilia
2976 1378 3218 1447 etjuxta
3242 1391 3452 1432 nasum
3478 1373 3641 1433 nullo

1988 1460 2302 1519 interstitio
2352 1462 2635 1521 distincta
2663 1465 3011 1536 arguebant.
3070 1465 3178 1520 Sed
3211 1465 3461 1520 maxime
3492 1462 3636 1519 illud

1988 1550 2041 1607 ei
2094 1553 2520 1621 commodabat,
2554 1554 2708 1625 quod
2743 1570 2990 1611 munera
3019 1554 3133 1610 sibi
3163 1554 3235 1610 ab
3268 1554 3399 1611 aliis
3443 1554 3639 1610 oblata

1988 1639 2323 1713 imperatori
2354 1642 2715 1699 restituebat.
2750 1644 2885 1699 Erat
2932 1644 3088 1700 enim
3122 1644 3262 1700 adeo
3293 1642 3639 1699 mercatoria

1987 1729 2244 1803 ingenio,
2277 1734 2395 1787 tam
2431 1730 3115 1806 inexplebiliaccipiendi
3146 1732 3297 1788 fama
3330 1732 3638 1804 ﬂagrabat,

1988 1826 2051 1875 ut
2084 1836 2198 1875 non
2232 1836 2440 1876 aurum
2487 1826 2544 1877 et
2573 1824 2763 1877 vestes
2794 1822 3076 1877 duntaxat
3106 1820 3416 1892 acciperet,
3448 1821 3551 1876 sed
3582 1824 3647 1875 et

1988 1908 2105 1965 alia
2134 1909 2382 1977 minuta,
2410 1926 2599 1981 usque
2630 1911 2700 1967 ad
2731 1924 2985 1983 pepones
3016 1914 3073 1967 ct
3100 1913 3308 1967 caetera
3336 1910 3640 1966 esculenta

1986 2001 2045 2053 et
2072 1998 2263 2054 omnis
2292 1998 2524 2068 generis
2558 2014 2749 2070 poma.

216 2084 674 2163 ἀποφπάττουσα,
733 2085 768 2153 ἢ
840 2083 930 2138 καὶ
1004 2082 1338 2158 τεθλιμμένη
1414 2085 1726 2160 παράθυρος
1802 2085 1891 2139 καὶ
1968 2086 2121 2154 στενή
2180 2083 2349 2149 πυλὶς
2404 2084 2493 2141 καὶ
2547 2087 2953 2161 συνεπτυγμὲνη
3015 2083 3140 2149 ὁδὸς
3182 2085 3469 2161 εἰσάγουσα
3498 2086 3634 2160 πρὸς

214 2174 282 2229 τὰ
362 2174 633 2248 βασίλεια.
711 2173 780 2229 Αἱ
858 2169 905 2227 δ’
981 2173 1182 2249 εὐρεῖαι
1242 2178 1348 2229 τῶν
1399 2170 1648 2241 εἰσόδων,
1707 2171 1775 2228 δι’
1833 2174 1907 2228 ὧν
1965 2172 2340 2253 προσεφοίτων
2396 2174 2659 2250 πρότερον
2723 2180 2842 2237 τοῖς
2899 2178 3185 2248 κρατοῦσιν
3248 2175 3302 2229 οἱ
3359 2170 3633 2247 δεόμενοι,

214 2264 405 2321 τέλεον
463 2264 905 2340 ἐπεζυγώθησαν,
964 2264 1052 2318 καὶ
1127 2269 1247 2326 ταῖς
1309 2269 1519 2338 μωραῖς
1592 2267 1701 2319 τῶν
1763 2262 2045 2340 παρθένων
2122 2266 2174 2319 οἱ
2251 2261 2319 2319 δι’
2377 2263 2592 2320 ἐκείνων
2671 2263 2928 2319 εἷσελθεῖν
2986 2263 3319 2338 πειρώμενοι
3397 2260 3633 2336 ἐῴκεσαν

216 2355 464 2429 ἀτεχνῶς
495 2355 577 2409 ὅτι
626 2351 755 2425 μηδ’
808 2356 874 2421 ἦν
934 2353 962 2407 ὁ
1017 2358 1132 2408 κατ’
1182 2351 1389 2416 ἐκείνας
1444 2357 1523 2425 τῷ
1574 2353 1824 2428 κρούοντι
1885 2356 2034 2428 [282]
2094 2354 2425 2432 ὑπανοίγων.
2458 2354 2520 2411 Εἰ
2552 2353 2610 2409 δὲ
2634 2374 2717 2415 τις
2748 2354 2846 2428 ate
2876 2374 3008 2410 ποτε
3037 2351 3127 2408 διὰ
3155 2357 3254 2418 τῆς
3286 2357 3392 2408 τῶν
3424 2351 3616 2410 πυλῶν

208 2442 544 2517 συμμύσεως
603 2447 721 2505 τοῖς
790 2439 1103 2515 ἐπιμένουσι
1154 2445 1234 2513 τῷ
1288 2441 1501 2516 κρούειν
1560 2439 1935 2513 ἐπαπταίνετο,
1996 2439 2148 2498 οὐδὲν
2212 2442 2392 2516 μέντοι
2450 2442 2585 2519 πρὸς
2658 2444 2756 2512 τήν
2817 2445 3003 2498 πεῦσιν
3059 2440 3394 2515 ἀπεκρίνετο,
3454 2441 3516 2496 τὸ
3570 2438 3620 2496 δ’

217 2535 231 2551 ⁹
287 2532 447 2588 ’λθ’“’·
548 2533 562 2553 ’
641 2556 658 2570 ι
705 2538 725 2549 ⁸
845 2553 856 2563 ·
914 2531 971 2565 -“
1380 2528 1505 2586 ολίδ
1635 2532 1650 2551 ⁸
1794 2530 1858 2587 λ’
2120 2532 2140 2567 ν’
2189 2534 2201 2554 ’
2683 2531 2696 2551 ’
2835 2534 2861 2547 ⁹
2959 2533 2974 2552 ‘
3117 2530 3141 2552 "
3214 2529 3236 2548 “
3391 2531 3450 2569 "'-

205 2554 307 2588 απτ.
388 2554 463 2587 ιιι
518 2553 788 2609 εισηίειτο
848 2552 979 2587 κα.α
1029 2553 1132 2601 τη)
1189 2551 1407 2608 παραπδ
1509 2552 1541 2586 α
1591 2552 1691 2602 την
1750 2553 1790 2588 π
1831 2552 2011 2608 αγιον.
2071 2529 2180 2590 Οδδ
2255 2530 2463 2603 ἰκείνης
2518 2532 2587 2601 ἦν
2647 2552 2857 2607 ευμαρη
2913 2552 3013 2602 την
3088 2550 3299 2586 εισοοον
3362 2541 3619 2605 ευρασοαι

206 2625 285 2697 μή
337 2621 699 2697 καταθέμενόν
758 2643 808 2678 τι
871 2626 980 2676 τῶν
1039 2619 1090 2676 ἐν
1152 2626 1231 2694 τῷ
1284 2620 1481 2695 κόλπῳ
1520 2620 1555 2691 ἢ
1612 2623 1710 2692 τήν
1769 2620 1912 2677 οἷ’κοι
1968 2619 2308 2695 ἀποδόμενον
2370 2619 2627 2682 δίπλακα.
2690 2619 3042 2696 Συνεμάχετο
3097 2618 3155 2676 δὲ
3204 2625 3284 2693 τῷ
3339 2617 3622 2696 παιδιογέ-

203 2734 357 2789 ροντι
407 2713 588 2786 τούτῳ
644 2712 779 2787 πρὸς
825 2712 889 2766 τὸ
966 2710 1380 2790 ὑπερφιλεῖσθαι
1439 2711 1585 2787 παρὰ
1641 2715 1738 2765 τοῦ
1814 2710 2217 2788 αὐτοκράτορος
2275 2711 2365 2766 καὶ
2398 2712 2479 2774 εἷς
2533 2710 2649 2767 ἀντὶ
2709 2711 2909 2774 παντὸς
2967 2709 3280 2785 λογίζεσθαι
3310 2708 3372 2764 τό
3397 2729 3456 2764 τε
3484 2710 3621 2780 ἦθος

204 2803 526 2882 σοφιστικὸν
598 2801 689 2857 καὶ
765 2800 1098 2875 εὐτράπελον
1174 2800 1232 2855 ὅν
1309 2799 1362 2854 ἐν
1433 2806 1551 2864 τοῖς
1622 2799 2064 2875 παρεμπίπτουσι

2166 2800 2445 2876 πράγμασι
2518 2801 2609 2856 καὶ
2681 2802 2745 2857 τὸ
2818 2797 3107 2864 πολυειδὲς
3181 2798 3440 2862 ὡσαύτως
3515 2806 3622 2869 τῆς

199 2897 439 2971 γνώμης
493 2893 582 2948 καὶ
640 2890 867 2972 ὕφαλον,
945 2890 1060 2947 ἐπεὶ
1112 2890 1202 2946 καὶ
1276 2890 1569 2965 κατηγόρει
1644 2895 1813 2946 ταῦτα
1862 2893 1897 2962 ἡ
1955 2896 2062 2947 τῶν
2131 2890 2346 2969 ὀφρύων
2398 2894 2628 2966 γραμμὴ
2688 2893 2923 2968 συνεχὴς
2981 2896 3172 2971 φυεῖσα
3224 2892 3315 2946 καὶ
3367 2887 3534 2965 μηδὲν
3566 2911 3620 2944 τι

203 2983 550 3059 μεταίχμιον
600 2979 824 3056 ἔχουσα.
886 2980 1006 3037 Ἐπῖ
1063 2977 1231 3034 πλέον
1292 2977 1339 3034 δ’
1397 2978 1573 3034 ἰποίει
1632 2979 1793 3036 αὐτὸν
1853 2981 2152 3055 ἀγαπᾶσθαι
2215 2980 2306 3034 καὶ
2364 2980 2695 3036 οἰκειοῦσθαι
2743 2983 2778 3050 ἡ
2819 2985 2927 3036 τῶν
2966 2977 3268 3054 διδομένων
3296 2978 3444 3053 αὐτῷ
3474 2978 3622 3053 παρά

202 3091 378 3126 τινων
409 3072 545 3146 πρὸς
578 3072 666 3127 τὸν
702 3067 931 3147 βασιλέα
961 3067 1223 3133 ἀπόδοσις
1249 3069 1338 3123 καὶ
1379 3069 1441 3122 τὸ
1490 3067 1789 3141 ἐμπορικὸν
1846 3070 2103 3148 φρόνημα

2201 3069 2289 3124 καὶ
2370 3069 2398 3123 ὁ
2476 3067 2833 3148 ὑ-περάπιιρος
2895 3068 3313 3143 λημματισμὸς·
3377 3067 3438 3122 ού
3511 3068 3615 3143 γὰρ

208 3161 380 3233 μόνον
453 3166 568 3223 τοῖς
646 3159 697 3233 ἐξ
774 3159 915 3231 ’ὑλης
989 3160 1102 3232 (39)
1193 3156 1458 3221 παντοίας
1548 3164 1839 3232 στατῆρσιν
1932 3155 2413 3232 ἐνσκολιευόμενος
2506 3158 2730 3236 ὑφεῐρπε
2801 3158 2892 3213 καὶ
2967 3154 3218 3231 ἐνήδρευε
3289 3161 3408 3219 τοῖς
3482 3156 3620 3229 πρὸς

204 3246 446 3317 δίαιταν,
523 3248 667 3304 ἀλλὰ
739 3247 830 3302 καὶ
904 3246 1158 3310 ποτάνοις
1234 3244 1491 3302 ἐνελύττα
1562 3247 1653 3302 καὶ
1728 3243 1969 3321 ἐνέχαινε
2059 3245 2254 3302 πέποσι
2347 3246 2438 3302 καὶ
2524 3244 2739 3322 σύμπαν
2816 3244 2959 3303 ἄλλο
3033 3246 3443 3323 περιειργάζετο
3517 3249 3617 3315 τῆς

204 3345 313 3413 γῆς
389 3338 594 3414 ὡραῖον
629 3334 922 3411 ἐδώδιμον.

279 3430 348 3492 ς’.
382 3425 544 3484 Ἀλλ’
576 3426 897 3483 ἐπανακτὲον
953 3426 1045 3482 τὸν
1099 3423 1268 3504 λόγον
1321 3424 1718 3501 ἐκτραπόμενοι]
1769 3429 1865 3481 τοῦ

2040 3427 2096 3485 6.
2129 3428 2241 3484 Sed
2271 3426 2346 3484 ad
2397 3427 2737 3486 institutum
2770 3428 3137 3485 redeundum
3197 3430 3307 3497 est,
3340 3429 3397 3483 et
3438 3426 3626 3482 multa

208 3517 402 3593 ἴχνους
431 3515 513 3597 ἐφ’
543 3518 675 3592 ὅπερ
734 3514 990 3591 ὥρμησεν
1041 3515 1093 3586 ἐξ
1150 3516 1354 3590 ἀρχῆς.
1413 3515 1495 3573 Τὰ
1553 3512 1598 3569 δ’
1629 3516 1708 3592 ἐφ’
1742 3516 1865 3570 ὅσον

199 3605 460 3680 ἐνεδήμει
511 3605 711 3682 ’χρόνον
766 3611 836 3680 τῇ
900 3602 1142 3681 βασιλίδι
1195 3609 1305 3661 τῶν
1363 3603 1581 3660 πόλεων
1639 3604 1740 3660 ὑπὸ
1771 3608 1869 3660 τοῦ

204 3697 486 3773 βασιλέως
525 3696 721 3752 τούτου
762 3697 1125 3770 πραττόμενα,
1185 3695 1260 3758 ὡς
1316 3692 1377 3749 ἐκ
1430 3692 1659 3750 πολλῶν
1705 3692 1870 3769 ὀλίγα

202 3788 438 3858 εἰπεῖον,
469 3785 670 3841 οὑτωσί
728 3806 846 3849 πως
906 3783 1315 3860 διετετράνωτο.
1376 3790 1477 3841 Ἤν
1527 3785 1619 3839 οὗν
1647 3784 1713 3839 τὰ
1742 3784 1863 3859 περὶ

207 3877 313 3944 τήν
376 3871 583 3929 δίαιταν
644 3874 673 3928 ὁ
729 3871 984 3949 βασιλεὺς
1044 3872 1204 3935 οὗτος
1260 3868 1727 3933 πολυτελέστατος
1775 3872 1864 3925 καὶ

210 3961 531 4025 διαδοτικὸς
586 3963 893 4039 βρωμάτων
962 3968 1078 4025 τοῖς
1135 3965 1496 4038 παρεστῶσιν.
1555 3961 1722 4036 Εἶχεν
1776 3958 1867 4015 οὖν

209 4055 465 4130 ἀτεχνῶς
548 4054 647 4122 τὴν
739 4052 1003 4128 τράπεζαν
1068 4050 1536 4125 ’Σολομώντειον,
1613 4049 1703 4105 καὶ
1774 4049 1875 4112 τὰς

209 4142 450 4213 ἐσθῆτας
518 4143 592 4203 ὡς
656 4141 855 4204 ἐκεῖνος
929 4147 1269 4218 καινοφανεῖς
1336 4141 1661 4214 περιέκειτο,
1743 4139 1874 4214 βου-

202 4233 378 4303 νίζων
416 4232 511 4304 μὲν
540 4232 668 4294 τοὺς
700 4228 919 4306 ἄρτους,
951 4229 1177 4305 λόχμην
1225 4228 1283 4285 δὲ
1333 4227 1629 4285 κνωδάλων
1668 4226 1875 4303 ἷχθύων

200 4344 267 4379 τε
302 4320 624 4377 διάπλευσιν
678 4322 768 4377 καὶ
825 4320 1019 4376 πόντον
1074 4318 1269 4375 οἴνοπα
1327 4317 1534 4381 δεικνὺς
1566 4318 1667 4386 τὴν
1698 4314 1875 4371 ἑστία-

206 4435 319 4467 σιν.
401 4413 508 4469 Ναὶ
586 4411 694 4484 μὴν
771 4409 1121 4486 ἑτερημὲροις
1213 4408 1505 4477 ἐνηυπάθει
1593 4404 1875 4480 λουτροῖς,

206 4500 560 4581 ὠσφραίνετό
632 4521 691 4556 τε
761 4501 1175 4577 μερεψουμένων
1253 4496 1520 4568 εὖωδιῶν,
1596 4495 1685 4551 καὶ
1760 4501 1878 4557 ταῖς

207 4598 479 4656 στακταῖς
537 4590 875 4667 ἐρῥαντίζετο
932 4591 1005 4653 ὡς
1065 4587 1325 4664 ὁμοίωμά
1380 4608 1440 4643 τε
1490 4590 1622 4642 ναοῦ
1654 4585 1877 4649 στολαῖς

208 4681 478 4755 ἑξάλλοις
544 4680 797 4737 ἐκέκαστο
894 4679 1414 4757 βοστρυχιζομενος,
1481 4675 1880 4738 Ἐπιδεικτικός

1971 3531 2039 3572 ex
2070 3515 2292 3587 paucis,
2327 3520 2391 3572 ut
2444 3517 2764 3589 imperator
2812 3517 2965 3575 579
2991 3517 3049 3572 in
3083 3516 3226 3572 urbe
3253 3530 3316 3572 se
3356 3514 3625 3586 gesserit,

1973 3605 2339 3677 explicanda.
2367 3604 2698 3679 Eratigitur
2714 3606 2775 3661 in
2791 3606 2949 3662 victu
2970 3602 3545 3676 sumptuosissimus,
3568 3606 3626 3658 et

1974 3695 2046 3751 de
2075 3694 2313 3752 ferculis
2370 3695 2764 3754 distribuebat
2802 3696 2877 3752 iis
2906 3696 3007 3768 qui
3058 3710 3272 3751 mensa:
3326 3692 3620 3748 astabant.

1976 3784 2240 3842 Mensam
2273 3785 2512 3842 omnino
2542 3785 2937 3843 Salomoniam
2970 3801 3076 3841 aur
3104 3780 3486 3853 Sybariticnm
3509 3780 3625 3835 ba-

1976 3874 2170 3947 bebat,
2203 3878 2262 3931 et
2293 3875 2458 3931 novis
2488 3879 2554 3930 ut
2596 3874 2693 3931 ille
2725 3874 2981 3930 vestibus
3013 3870 3274 3944 quotidie
3308 3871 3577 3926 utebatur
3608 3886 3622 3935 ;

1978 3978 2085 4020 nec
2115 3969 2241 4020 erat
2269 3965 2395 4035 ejus
2424 3963 2754 4020 convivium
2787 3962 2944 4019 aliud
2976 3976 3153 4033 quam
3182 3958 3351 4016 collis
3384 3974 3626 4030 panum,

1981 4054 2165 4111 saltus
2188 4055 2465 4123 ferarum,
2486 4055 2733 4127 piscium
2758 4070 2941 4121 mare,
2971 4053 3092 4110 vini
3125 4066 3398 4108 oceanus.
3446 4050 3630 4106 Alter-

1982 4144 2072 4201 nis
2085 4143 2293 4202 diebus
2311 4144 2556 4202 lavacris
2572 4161 2635 4200 se
2650 4140 3230 4199 reﬁciebat.Pastillis
3246 4144 3301 4196 et
3315 4138 3628 4211 unguentis

1980 4234 2171 4291 omnis
2202 4234 2432 4307 generis
2479 4233 2775 4290 delibutus
2806 4232 2991 4289 instar
3021 4230 3265 4305 pavonis
3305 4227 3540 4300 superbi
3571 4243 3631 4284 se

1983 4325 2315 4382 ostentabat
2347 4342 2361 4394 ;
2393 4328 2452 4381 et
2482 4328 2548 4381 ut
2577 4341 2829 4396 sponsus
2859 4340 2889 4379 e
2914 4320 3167 4378 thalamo
3199 4323 3301 4376 aut
3333 4327 3394 4375 ut
3425 4318 3505 4375 sol
3558 4317 3629 4374 ab

1984 4413 2328 4483 0riente,ita
2343 4414 2469 4487 ipse
2491 4429 2520 4470 e
2534 4413 2748 4486 palatio
2764 4411 3026 4485 quotidie
3038 4407 3634 4482 prodibat.Gaudebat

1985 4501 2209 4559 facetiis
2239 4506 2298 4558 et
2327 4502 2602 4560 mollibus
2622 4501 2956 4560 cantilenis.
2991 4498 3375 4566 Morionibus,
3398 4498 3634 4565 scurris,

1985 4590 2393 4664 histrionibus,
2435 4591 2729 4666 parasitis,
2761 4590 2987 4659 mimis,
3043 4589 3386 4648 cantoribus
3436 4587 3637 4660 palatii

1986 4681 2137 4737 fores
2160 4680 2619 4753 patebant;cum
2650 4681 2867 4753 quibus
2895 4679 3067 4737 rebus
3088 4682 3146 4736 et
3174 4677 3637 4736 hominibusuti-

208 4794 275 4829 τε
306 4773 375 4842 ἦν
408 4772 482 4835 ὡς
512 4772 658 4835 ταὼς
708 4771 737 4826 ὁ
787 4770 1130 4846 φιλόκοσμος
1187 4767 1277 4822 καὶ
1339 4768 1414 4840 μὴ
1478 4762 1560 4828 δὶς
1589 4766 1682 4821 τὸν
1716 4763 1875 4820 αὐτὸν

331 4867 358 4878 ο
500 4860 514 4878 ν
556 4858 580 4878 θ
613 4857 638 4878 δ
757 4859 770 4878 1
1027 4857 1053 4878 IV
1126 4875 1189 4878 η-
1265 4854 1317 4878 Ῐ--
1384 4858 1581 4878 ,,_,_-,,"
1642 4854 1875 4878 a..,,.-_!__

1988 4784 2102 4841 que
2133 4769 2343 4826 Bacchi
2381 4774 2440 4826 et
2467 4769 2715 4828 Veneris
2746 4768 3199 4843 intemperantia
3228 4765 3637 4839 conjungitur»

212 4867 441 4941 χιτῶνα
498 4857 939 4933 ἐνδιδυσκόμενος
1015 4857 1197 4931 ὥσπερ
1262 4854 1322 4910 ἐκ
1377 4858 1585 4910 παστοῦ
1641 4854 1878 4932 νυμφίος

211 4953 313 5007 καὶ
367 4950 443 5012 ὡς
491 4948 552 5003 ἐκ
608 4947 811 5022 λίμνης
864 4945 1235 5025 περικαλλοῦς
1294 4941 1459 5013 ἣλιος
1518 4942 1715 5018 προῄει
1759 4941 1880 5005 καθ’

212 5041 464 5110 ἑκάστην
495 5043 604 5094 τῶν
664 5038 992 5114 ἀνακτόρων.
1047 5034 1271 5111 Χαίρων
1333 5030 1389 5087 δὲ
1443 5038 1564 5096 ταῖς
1621 5033 1884 5106 εὐτραπε-

218 5131 380 5194 λίαις
437 5130 529 5185 καὶ
584 5134 702 5193 τοῖς
781 5127 841 5183 ἐκ
912 5134 1014 5197 τῆς
1072 5126 1290 5195 ἁπαΛῆς
1370 5121 1596 5193 Μούσης
1653 5122 1886 5197 ᾅσμασιν

214 5219 623 5294 ἁλισκόμενος,
673 5215 1063 5296 ἰγερσιγέλωσί
1106 5235 1163 5269 τε
1212 5210 1609 5288 ἀνθρωπίσκοις
1668 5232 1888 5287 συμπα-

1988 4862 2312 4931 czeteraque
2342 4859 2561 4916 bonum
2595 4859 2725 4916 sani
2755 4858 2988 4933 imperii
3018 4860 3239 4915 statum
3267 4869 3645 4927 corrumpere

1992 4946 2182 5005 solita.
2215 4951 2357 5004 Cum
2391 4947 2708 5019 aliquando
2738 4948 2798 5004 in
2828 4964 2994 5004 ccena
3014 4945 3130 5004 sibi
3151 4945 3267 5001 alia
3290 4942 3482 5000 afferri
3510 4942 3640 5011 jus-

1992 5037 2187 5105 siseet,
2246 5038 2566 5095 mimorum
2596 5037 2755 5094 illius
2802 5037 2991 5093 etatis
3021 5033 3456 5101 festivissimus,
3488 5029 3645 5087 580

1996 5130 2378 5197 cognomento
2427 5124 2754 5193 Calibures,
2785 5127 3088 5196 conspecto
3120 5125 3271 5179 creta
3330 5116 3644 5174 mulierum

1997 5214 2099 5285 qui
2151 5215 2384 5272 ancillis
2431 5219 2490 5271 et
2542 5214 2804 5287 cognatis
2860 5209 3230 5286 imperatoris
3288 5206 3645 5265 constabat:

1623 5392 1791 5455 Hier.
1824 5392 2040 5457 Wolﬁi
2070 5397 2258 5456 notis.

469 5562 546 5623 Οὐ
605 5562 676 5655 χά

558 5758 824 5820 Parant.
873 5754 982 5817 Gn.
1019 5750 1331 5814 CXXXIX.

771 5561 933 5635 μόνον
988 5563 1104 5622 τοῖς
1163 5555 1215 5629 ἐξ
1255 5553 1418 5626 ὕλης.
1473 5553 1551 5613 Ού
1593 5554 1697 5631 γὰρ
1734 5554 1898 5630 μόνον

680 5583 877 5709 glaciet
918 5630 1246 5706 ἓλάμοανεν,
1287 5626 1435 5685 ἀλλὰ
1464 5628 1552 5684 καὶ
1583 5626 1742 5703 ’ἔτερα
1775 5624 1894 5699 εἷ’δη

210 5624 341 5718 mit
354 5624 504 5715 μὸιτα
533 5624 631 5692 καῖ’
680 5624 877 5709 Blitio:
918 5624 1246 5706 ἲλάμοανεν,
1287 5624 1435 5685 ἀλλὰ
1464 5628 1552 5684 καὶ
1583 5624 1744 5703 ’ἑτέρα
1775 5624 1894 5699 εἷ’δη

2011 5551 2197 5628 μικρά.
2229 5555 2346 5611 Νοη
2377 5558 2592 5628 tantum
2631 5554 2929 5627 pecuniam
2958 5562 3009 5612 et
3040 5557 3232 5626 vestes,
3265 5550 3357 5610 sed
3386 5549 3661 5609 minutio-

2007 5627 2071 5684 ra
2098 5642 2309 5700 quoque
2337 5627 2665 5700 accipiebat.

3339 5744 3418 5803 26
