4028 6218
413 278 527 338 811
1695 266 2004 330 NICETE

2163 266 2486 330 ONIA'I‘IE
3703 271 3820 333 812

415 433 444 462 ‹‹
495 409 932 483 Cognoscamus
963 405 1124 478 prius
1171 404 1280 462 has
1307 425 1336 455 »
1380 405 1592 478 inquit,
1624 427 1654 456 «
1713 404 2052 476 imperator,

2171 401 2442 478 ραθόρων,
2483 401 2584 457 οὐκ
2639 401 2904 480 ἒπεζόγου
2959 401 3213 478 Κέρκωψί
3264 423 3324 459 τε
3363 403 3456 458 καὶ
3499 401 3696 478 μίμοις
3724 406 3816 459 καὶ

415 497 626 554 deinde
674 493 819 551 alias
873 492 1331 565 adducijubeto.
1371 511 1396 544 υ
1453 493 1610 559 Quod
1644 491 1867 548 dictum
1927 505 2058 546 cum

414 601 620 642 omnes
642 589 699 639 et
740 582 845 639 viri
878 587 934 640 et
963 581 1244 639 mulieres
1275 582 1396 640 risu
1424 581 1809 655 excepissent,
1836 579 1936 638 ille
1965 595 2065 636 cc-

413 674 534 730 lore
565 677 783 730 mutato
814 677 872 728 et
923 673 1014 728 vix
1049 688 1316 745 repressa
1343 672 1650 730 iracundia
1680 671 1959 728 morionis
1990 670 2062 725 li-

415 762 666 820 centiam
699 761 878 819 minis
908 761 1233 834 castigavit.
1261 762 1408 819 Loca
1437 767 1494 818 et
1534 765 1650 818 situ
1696 765 1754 818 et
1785 759 2064 832 temperie

415 851 566 908 aeris
621 868 851 908 ammna
897 849 1364 917 consectabatur,
1397 857 1454 906 et
1507 866 1578 906 ex
1635 848 1955 906 intervallis
2003 847 2060 903 in

417 942 621 998 urbem
685 940 926 1009 redibat,
992 945 1050 996 et
1107 945 1172 996 ut
1228 939 1462 1012 phoenix
1519 939 1641 996 avis
1689 955 1806 995 non
1832 951 2066 1010 semper

417 1029 907 1102 conspiciebatur.
957 1029 1019 1084 In
1045 1028 1255 1102 primis
1285 1045 1417 1086 vero
1448 1027 1758 1086 immensis
1787 1027 2066 1084 substru-

417 1119 710 1175 ctionibus
764 1117 1185 1187 delectabatur,
1236 1123 1293 1174 et
1341 1119 1534 1175 furore
1582 1117 1832 1190 quodam
1874 1116 1945 1172 ad
1997 1131 2065 1173 ea

420 1209 629 1265 ruebat
679 1224 807 1280 quae
867 1207 1260 1276 desiderabat,
1319 1207 1510 1265 omcio
1544 1207 1603 1262 in
1637 1206 1932 1280 plerisque
1963 1220 2062 1261 ne-

420 1301 629 1370 glecto.
705 1297 771 1354 In
821 1305 1068 1370 utroque
1125 1297 1339 1370 palatio
1397 1296 1603 1354 balnea
1653 1304 1707 1352 et
1771 1293 2067 1352 conclavia

421 1385 904 1459 splendidissima
949 1391 1005 1442 et
1034 1385 1094 1441 in
1126 1386 1478 1458 Propontide
1507 1390 1886 1457 sumptuosas
1915 1383 2068 1439 aedes

422 1477 749 1546 aediﬁcavit,
770 1482 825 1531 et
857 1476 1084 1532 insulas
1104 1493 1312 1548 parvas
1343 1477 1487 1532 mari
1509 1476 1818 1548 aggeribus
1840 1473 2066 1546 expleto

421 1565 707 1621 excitavit.
768 1568 907 1619 Cum
943 1564 1150 1620 turrim
1185 1567 1244 1620 in
1293 1564 1638 1620 Blacbernio
1686 1563 1899 1636 palatio
1930 1577 2065 1618 cum

427 1652 793 1722 munitionis,
830 1658 892 1708 ut
923 1653 1132 1722 aiebat,
1163 1657 1287 1709 tum
1317 1669 1436 1709 suae
1476 1652 1854 1710 habitationis
1891 1667 2067 1708 causa

2165 489 2486 566 παρασίτοις
2516 491 2608 546 καὶ
2663 490 2875 554 ἀοιδοῖς
2929 493 2998 547 τὰ
3052 491 3328 566 βασίλεια.
3381 495 3517 556 Τοῖς
3549 490 3607 548 δὲ
3631 493 3822 548 τοιού-

2164 598 2283 640 τοις
2342 579 2371 634 6
2429 578 2690 654 πάροινος
2766 579 2977 653 κόσμος
3032 579 3372 651 συνέζευκται
3451 579 3671 643 πάντως
3727 581 3818 634 καὶ

2165 669 2201 738 ἡ
2277 667 2413 723 κατᾶ
2489 669 2584 732 τὰς
2655 667 2842 732 κοίτας
2927 667 3184 746 ἀσέλγεια
3259 670 3672 746 συνεφάπτεται,
3732 671 3823 724 καῖ

2167 755 2266 812 ὅσα
2325 764 2577 832 χρηστῆς
2635 758 2726 814 καὶ
2794 758 2984 834 ὑγιοῦς
3072 756 3356 834 βασιλείας
3417 756 3822 838 συνδιαφθείρει

2166 847 2486 901 κατάστασιν
2565 847 2726 922 Ἀτάρ
2783 844 2969 922 εἴρηκέ
3023 867 3155 903 ποτε
3213 845 3299 903 ἐπὶ
3359 845 3605 904 δείπνου.
3641 871 3671 899 ‹‹
3703 849 3824 903 Ἐν-

2167 935 2360 1010 έγκατὲ
2393 955 2486 1008 μοι
2519 934 2656 1000 ἃλας
2688 937 2820 1010 (40)⁶
2855 959 2884 988 ››
2931 937 3214 1011 παρεστὼς
3246 933 3305 992 δὲ
3331 940 3441 992 τῶν
3472 936 3600 992 τότε
3630 937 3820 1011 μίμων

2168 1025 2196 1080 6
2235 1023 2619 1102 χαριέστατος,
2652 1027 2698 1100 ᾦ
2728 1028 2791 1082 τὸ
2821 1026 3113 1100 ἐπώνυμον
3143 1021 3524 1102 Χαλιϐοόρης,
3555 1022 3820 1102 περιϐλε-

2167 1115 2408 1190 ψάμενος
2439 1117 2529 1172 τὸν
2558 1121 2667 1172 τῶν
2707 1123 2975 1192 γυναικῶν
3035 1118 3204 1193 χορὸν
3264 1111 3326 1172 ἔκ
3375 1137 3543 1172 τινων
3575 1117 3822 1192 προσπό-

2167 1203 2280 1261 λων
2308 1205 2398 1260 καῖ
2433 1211 2704 1281 συγγενῶν
2734 1211 2831 1262 τοῦ
2874 1204 3145 1283 βασιλέως
3176 1207 3581 1279 κεκρατημένον
3615 1229 3645 1258 α
3675 1211 3822 1260 Γνω-

2168 1290 2392 1365 σόμεθα,
2424 1313 2452 1341 ››
2479 1291 2616 1360 εἶπε,
2651 1315 2680 1344 ‹‹
2711 1294 2944 1366 πρώτως
2991 1291 3211 1360 ταύτας,
3242 1291 3288 1346 ὦ
3322 1291 3568 1368 βασιλεῦ’
3601 1292 3702 1348 εἶθ’
3731 1291 3822 1345 οὗ-

2166 1401 2276 1443 τως
2309 1378 2482 1442 ἄλλας
2511 1380 2880 1456 εἰσενεχθῆναι
2909 1381 3188 1439 κέλευσον.
3215 1407 3243 1436 ››
3277 1382 3377 1436 Καὶ
3403 1382 3542 1453 πρὸς
3570 1381 3638 1436 τὸ
3668 1383 3820 1455 ῥῆμα

2163 1473 2325 1524 τοῦτο
2355 1469 2520 1525 πᾶσαί
2568 1491 2628 1526 τε
2683 1471 2771 1526 καὶ
2819 1471 3011 1534 πάντες
3063 1468 3452 1546 ἐξεκάγχασαν.
3485 1473 3586 1542 Τῷ
3614 1467 3672 1525 δὲ
3697 1469 3820 1546 τρέ-

2167 1578 2324 1614 πεται
2350 1559 2378 1613 6
2409 1560 2584 1633 χρὼς,
2617 1557 2706 1614 καί
2742 1559 2906 1634 μόλις
2932 1560 3024 1616 τὸν
3076 1561 3250 1633 θυμὸν
3290 1557 3343 1615 ἕν
3371 1559 3550 1614 πείσει
3577 1557 3821 1621 κολάσας

2171 1643 2555 1722 ὲμόριμήματι
2611 1649 2710 1718 τῆν
2768 1653 2865 1704 τοῦ
2897 1647 3274 1725 γελωτοποιοῦ
3329 1646 3820 1722 ἐλευθεροστομίαν

425 1747 720 1798 exstruere
773 1741 1096 1809 statuisset,
1129 1746 1188 1798 et
1220 1746 1412 1799 vetera
1441 1742 1597 1810 fana,
1623 1758 1747 1814 quas
1779 1742 1838 1797 in
1869 1740 2054 1798 littore

2172 1734 2464 1792 ἀνέστειλε.
2501 1735 2871 1794 Μεταδιώκων
2924 1734 2981 1792 δὲ
3035 1737 3102 1793 τὰ
3141 1741 3247 1792 τῶν
3280 1735 3504 1812 χωρίων
3535 1735 3595 1792 εὖ
3627 1730 3823 1812 ἔχοντα

425 1829 690 1904 neglecta
708 1831 1030 1898 stabant,et
1052 1830 1262 1886 multas
1286 1831 1548 1888 illustres
1572 1829 1732 1887 urbis
1753 1831 1956 1887 domos
1972 1829 2067 1886 de-

2173 1825 2262 1880 καὶ
2293 1824 2438 1900 ὥρας
2469 1825 2557 1882 καὶ
2592 1826 2810 1898 θέσεως,
2861 1827 2920 1882 ἐκ
2969 1823 3386 1900 διαλειμμάτων
3418 1826 3495 1888 εἷς
3517 1827 3620 1894 τὴν
3652 1845 3821 1900 μετα·

427 1920 666 1976 molitus
683 1919 831 1977 581
860 1927 965 1988 est,
985 1936 1230 1990 quarum
1256 1921 1639 1977 fundamenta
1669 1935 1822 1976 nunc
1837 1933 2054 1991 quoque

2173 1912 2410 1970 λόπολιν
2467 1915 2832 1992 ἐπανήρχετο,
2889 1915 2979 1972 καὶ
3036 1917 3174 1972 κατὰ
3223 1913 3516 1991 περιόδους
3565 1916 3642 1978 ὡς
3673 1915 3818 1990 ὅρνις

425 2010 516 2064 vix
540 2008 953 2081 sinelacrymis
966 2009 1214 2081 spectari
1247 2013 1498 2082 queunt;
1523 2008 2064 2082 splendidissimum

422 2097 710 2170 generalis
721 2097 1094 2170 aedilicium,q
1105 2099 1216 2154 uod
1234 2103 1419 2154 totum
1441 2097 1616 2156 latere
1635 2098 1824 2156 coctili
1837 2101 2066 2156 consta-

427 2191 547 2259 bat,
571 2188 694 2245 solo
711 2188 955 2258 aequavit
983 2192 1039 2244 et
1059 2194 1268 2260 praeter
1283 2186 1394 2244 alia
1423 2187 1600 2246 multa
1619 2189 1893 2262 inclytam
1908 2191 2065 2243 Man-

424 2279 657 2349 ganiam
685 2278 925 2333 domum
955 2277 1261 2348 destruxit,
1286 2293 1472 2350 neque
1503 2278 1695 2350 operis
1715 2277 2060 2350 elegantiam

417 2373 472 2422 et
508 2366 966 2439 magnitudinem
992 2366 1203 2422 veritus
1234 2381 1423 2438 neque
1443 2367 1712 2423 victorem
1731 2371 2062 2437 martyrem,

413 2453 509 2510 cui
539 2470 606 2508 ea
637 2453 897 2508 dedicata
937 2458 1086 2520 erat,
1117 2452 1417 2510 reveritus.
1438 2453 1644 2509 Edam
1674 2451 1799 2509 Divi
1819 2451 2064 2510 Michae-

412 2544 486 2598 lis
520 2542 842 2598 caelestium
875 2541 1177 2613 copiarum
1209 2543 1562 2612 archiducis,
1586 2543 1646 2597 in
1683 2545 1844 2613 portu
1867 2541 2060 2608 sitam,

418 2637 876 2701 instauraturus,
911 2635 960 2690 si
992 2651 1111 2706 qua
1139 2633 1198 2688 in
1232 2633 1446 2706 palatio
1503 2650 1828 2691 marmorea
1859 2632 2062 2691 tabula

412 2724 726 2795 splendore
755 2726 812 2778 et
857 2729 1150 2794 guttarum
1183 2722 1462 2778 varietate
1491 2721 1740 2779 illustris
1784 2722 1868 2779 vel
1898 2723 2059 2795 pavi-

411 2819 676 2869 mentum
708 2812 942 2883 tegebat
982 2811 1068 2868 vel
1118 2812 1365 2883 parietes
1396 2813 1662 2881 ornabat,
1693 2829 1760 2869 eo
1809 2813 2060 2868 transfe-

411 2904 648 2960 rendam
681 2901 920 2958 curavit.
953 2901 1062 2957 Sed
1099 2905 1156 2957 et
1199 2900 1536 2974 archangeli
1569 2902 1756 2972 pictas
1793 2906 1851 2957 et
1886 2902 2056 2959 ﬂctas

411 2992 718 3062 imagines,
740 2989 828 3046 vel
860 2990 918 3046 in
952 2991 1096 3046 urbe
1131 2989 1218 3046 vel
1246 2991 1379 3046 aliis
1409 2989 1549 3046 locis
1581 2989 1833 3061 praesidii
1881 3007 2056 3048 causa

409 3081 721 3145 dedicatas,
771 3082 1012 3136 vetustis
1041 3085 1100 3135 et
1136 3078 1494 3135 admiranda
1528 3095 1730 3136 manus
1759 3097 1954 3154 Opera,
1989 3081 2045 3137 in

407 3171 561 3226 idem
595 3169 878 3240 templum
901 3168 1306 3240 congregabat,
1338 3168 1493 3226 582
1525 3185 1822 3226 summum
1871 3171 2044 3227 etiam

404 3261 670 3318 studium
747 3257 1037 3328 adhibuit,
1094 3262 1159 3312 ut
1234 3257 1635 3316 Monembasia
1711 3260 2053 3317 transferret

404 3349 720 3416 Christum,
753 3349 846 3418 qui
897 3348 953 3402 in
987 3363 1155 3403 cruce
1187 3347 1461 3417 trahitur,
1510 3365 1660 3420 opus
1711 3349 2048 3406 admirabili

402 3443 523 3494 arte
553 3441 610 3494 et
637 3436 942 3508 elegantia,
973 3436 1125 3508 quod
1160 3435 1451 3493 cruciatus
1502 3437 1726 3492 Domini
1757 3442 1813 3494 et
1840 3441 2050 3496 Serva-

401 3528 544 3582 toris
594 3526 778 3581 nostri
809 3524 1248 3581 evidentissima
1307 3528 1718 3598 repraesentat;
1779 3542 1884 3582 nec
1909 3542 2044 3583 con-

399 3614 620 3687 quievit
643 3613 988 3686 priuspuam
1009 3628 1136 3668 eam
1169 3611 1486 3684 imaginem
1511 3611 1643 3668 dolo
1666 3613 2042 3672 abstulisset:

399 3721 534 3760 nam
558 3711 753 3776 aperte
783 3703 930 3760 citra
957 3701 1284 3776 periculum
1317 3703 1373 3758 id
1404 3702 1601 3760 conari
1633 3702 2042 3776 haudopotuis-

395 3799 503 3848 set.
559 3793 753 3848 ZEreas
787 3797 981 3863 portas
1039 3791 1186 3846 latas
1230 3796 1288 3847 et
1339 3791 1681 3849 altissimas.
1734 3807 1861 3864 quae
1900 3794 2041 3850 olim

395 3898 672 3955 magnum
709 3881 992 3954 palatium
1041 3879 1411 3948 claudebant,
1467 3885 1668 3937 nostra
1706 3887 1873 3938 aetate
1912 3899 2038 3938 car-

392 3987 604 4042 ccrcm,
637 3971 736 4043 qui
769 3970 905 4026 inde
929 3969 1138 4026 Cbalce
1171 3968 1403 4038 dicitur,
1441 3969 1803 4041 muniebant,
1834 3971 2038 4029 eodem

392 4060 712 4118 transtulit.
781 4059 1076 4116 Celebrem
1135 4061 1284 4127 aulae
1350 4060 1556 4129 eadem,
1609 4061 1764 4132 quod
1823 4077 2034 4119 novum

391 4149 814 4207 monasterium
868 4149 1104 4219 dicitur,
1163 4147 1324 4204 omni
1373 4164 1539 4206 sacro
1588 4154 1824 4219 ornatu,
1875 4151 2034 4210 vasis

2174 2005 2202 2058 6
2234 2005 2423 2078 Φοῖνιξ
2454 2005 2798 2062 ἐπωπτάνετο
2847 2009 2996 2081 [283]
3048 2006 3207 2082 Ὑπὲρ
3245 2011 3349 2061 πᾶν
3407 2004 3465 2061 δὲ
3511 2002 3696 2082 ἕτερον
3726 2005 3818 2068 τὰς

2169 2099 2277 2150 τῶν
2349 2096 2664 2173 ὑπερόγκων
2737 2094 2859 2168 οῗκη
2872 2097 3054 2169 μάτων
3141 2095 3446 2170 ἀνεγέρσεις
3501 2095 3820 2171 περιεσποό-

2171 2180 2316 2254 δαζε,
2381 2187 2748 2261 μανικώτερον
2821 2182 2910 2240 ἰπὶ
2977 2185 3046 2241 τὰ
3123 2185 3320 2259 ἐραστὰ
3375 2182 3662 2257 ἐμπηδῶν,
3718 2184 3810 2239 κάν

2166 2279 2285 2336 τοῖς
2333 2271 2611 2336 πλείστοις
2665 2278 2761 2330 τοῦ
2807 2276 3142 2344 καθήκοντος
3191 2272 3576 2352 ἐκφερόμενος.
3635 2271 3816 2334 Ἐντός

2166 2381 2224 2416 τε
2254 2359 2346 2418 οὖν
2374 2367 2482 2418 τῶν
2518 2360 2814 2438 βασιλείων
2859 2361 3183 2442 ἀμφοτέρων
3233 2363 3440 2438 λουτρά
3479 2363 3573 2418 καὶ
3606 2360 3820 2433 διαιτή-

2169 2472 2280 2516 σεις
2319 2449 2712 2526 λαμπροτάτας
2759 2449 3034 2527 ἐδείματο,
3089 2454 3180 2508 καὶ
3235 2453 3372 2508 κατὰ
3422 2453 3524 2522 τήν
3569 2453 3820 2526 Προπον-

2164 2537 2286 2596 τίδα
2340 2540 2663 2604 πολυτελεῖς
2710 2540 2913 2616 δόμους
2989 2540 3264 2618 ἀνήγειρε,
3323 2539 3544 2611 νησίδιά
3598 2561 3655 2596 τε
3719 2543 3818 2610 τήν

2167 2627 2435 2694 θάλασσαν
2528 2631 2876 2707 ἀπογαιώσας
2967 2630 3274 2708 εἰργάσατο.
3343 2632 3690 2706 Προθὲμενος
3756 2627 3816 2685 δὲ

2162 2721 2251 2776 καὶ
2303 2721 2511 2798 πύργον
2562 2725 2918 2793 τεκτήνασθαι
2974 2721 3111 2777 κατὰ
3185 2723 3249 2777 τὸ
3329 2720 3382 2776 ἐν
3470 2718 3815 2794 Βλαχὲρναις

2160 2809 2446 2884 παλᾶτιον,
2515 2811 2628 2886 ἅμα
2695 2813 2788 2886 μὲν
2883 2811 2959 2874 εἷς
3052 2809 3226 2884 ἔρυμα
3297 2809 3634 2884 ἀνακτόρων,
3737 2809 3814 2870 ὡς

2161 2897 2376 2976 ἔφασκε,
2435 2901 2524 2955 καὶ
2583 2899 2901 2976 ὑπέρεισμα,
2962 2903 3077 2974 ἅμα
3151 2897 3208 2956 δὲ
3261 2899 3352 2954 καὶ
3405 2899 3484 2961 εἷς
3539 2897 3813 2969 ἐνοίκησιν

2160 2989 2359 3062 ἒαὺτῷ,
2391 2989 2552 3054 ναούς
2607 3011 2663 3046 τε
2709 2991 2846 3046 κατᾶ
2899 2991 2998 3060 τὴν
3057 2989 3226 3060 ἀκτὴν
3281 2988 3454 3044 παλαι
3485 2988 3818 3062 ἱσταμένους

2163 3077 2460 3152 ἀτημελεῖς
2513 3081 2810 3154 κατῆρειψε
2870 3079 2963 3135 καὶ
3017 3076 3304 3140 πλείστους
3360 3082 3469 3133 τῶν
3532 3077 3674 3134 κατὰ
3719 3077 3819 3146 τὴν

2162 3165 2418 3242 βασιλίδα
2476 3168 2635 3224 πόλιν
2687 3172 2996 3244 περιφανῶν
3052 3167 3217 3224 οἴκων
3275 3161 3422 3222 ἔθετο
3471 3166 3548 3228 εἰς
3587 3165 3818 3240 ἐρήμωο

2157 3277 2260 3327 σιν,
2291 3258 2367 3313 ὧν
2397 3254 2616 3334 ἐσδεῦρό
2673 3278 2812 3321 τινες
2867 3260 3038 3332 Θὲαμα
3093 3261 3212 3316 τοῖς
3268 3258 3526 3330 παριοῦσι
3559 3251 3814 3328 δακρύων

2152 3345 2302 3416 ἄξιον
2357 3345 2486 3410 τοὺς
2562 3345 2850 3422 θεμελίους
2901 3341 3343 3422 προϐάλλονται⁹
3425 3341 3520 3398 καῖ
3570 3344 3670 3412 τήν
3742 3343 3806 3399 ἑκ

2151 3433 2380 3500 πλίνθου
2457 3437 2638 3508 πάσης
2725 3436 2897 3506 ὀπτῆς
2981 3433 3378 3510 λαμπροτάτην
3435 3436 3534 3488 τοῦ
3591 3435 3808 3509 γενικοῦ

2153 3524 2454 3602 οἷκοδομήν
2514 3524 2871 3606 κατηδάφισεο
2953 3525 3058 3582 Σὺν
3148 3523 3386 3587 πολλοῖς
3452 3523 3511 3580 δὲ
3565 3525 3656 3578 καὶ
3718 3524 3809 3580 τὸν

2149 3615 2475 3691 περίκλυτον
2535 3617 2682 3672 οἶκον
2737 3620 2843 3672 τῶν
2927 3614 3231 3691 Μαγγάνων
3311 3607 3601 3682 κατέϐαλε,
3663 3614 3811 3684 μήτε

2144 3705 2208 3760 τὸ
2237 3709 2336 3761 τοῦ
2364 3702 2524 3782 ἔργου
2575 3703 2786 3767 κάλλος
2837 3704 2928 3761 καὶ
2965 3704 3028 3759 τὸ
3074 3705 3297 3780 μέγεθος
3343 3698 3624 3771 αίδεσθεῖς,
3654 3702 3806 3773 μήτε

2143 3793 2238 3848 τὸν
2303 3795 2708 3872 τροπαιοφόρον
2785 3794 3032 3868 μάρτυρα
3101 3790 3382 3862 πτοηθεὶς,
3445 3791 3489 3861 ᾧ
3549 3787 3792 3842 ἀνέκειτο

2144 3884 2348 3944 οὑτοσί.
2409 3885 2790 3944 Ἐπισκευάσαι
2850 3883 2908 3940 δὲ
2966 3883 3263 3960 βουληθεὶς
3317 3883 3408 3938 καὶ
3459 3882 3548 3936 τὸν
3605 3879 3657 3935 ἐν
3703 3883 3797 3953 τῷ

2141 3972 2372 4046 ἀναπλῳ
2417 3975 2554 4030 νεὼν
2599 3979 2697 4030 τοῦ
2767 3975 3217 4050 ἀρχίστρατήγου
3281 3977 3392 4028 τῶν
3433 3970 3539 4026 ἄνω
3583 3969 3796 4038 τάξεων

2142 4063 2402 4138 Μιχαὴλ,
2439 4061 2600 4126 εἷ’τις
2631 4063 2683 4119 ἐν
2729 4061 2892 4132 πλαξὶ
2939 4067 3057 4122 τοῖς
3091 4060 3395 4136 βασιλείοις
3430 4057 3629 4132 δόμοις
3662 4059 3801 4114 ὓπε-

2139 4171 2350 4226 στρωτο
2405 4153 2496 4207 καὶ
2554 4156 2936 4230 περιημπῖσχε
2981 4151 3108 4214 τοὺς
3164 4149 3393 4226 τοίχους
3425 4147 3707 4220 καλλίστη
3736 4169 3800 4204 τε

388 4240 664 4296 omnibus
695 4238 984 4310 spoliavit.
1021 4245 1211 4310 Atque
1248 4237 1342 4295 his
1386 4237 1560 4294 rebus
1589 4239 1950 4310 gloriabatur
1977 4245 2034 4297 et

2160 4243 2204 4313 τῇ
2238 4238 2591 4312 στιλπνότητι
2621 4241 2712 4296 καὶ
2761 4239 2962 4318 ῥανίσιν
3009 4240 3301 4316 ἐστιγμὲνη
3342 4237 3801 4313 ποικιλοχρόοις,

385 4328 726 4383 eil‘erebatur
779 4326 968 4399 magis
997 4343 1172 4398 quam
1203 4326 1512 4398 quisquam
1557 4327 1709 4383 alius
1743 4325 2031 4384 mirabilia

2163 4335 2307 4386 κεῖσε
2361 4331 2804 4404 μετακεκόμικεν.
2852 4328 3033 4388 Ἀλλὰ
3081 4329 3170 4385 καὶ
3225 4329 3293 4384 τὰ
3356 4331 3456 4382 τοῦ
3509 4327 3794 4402 ἀρχαγγὲ-

384 4431 560 4484 opera
585 4415 738 4471 laudi
773 4416 887 4471 sibi
930 4417 1182 4472 duceret.
1217 4415 1362 4471 Nam
1393 4432 1526 4472 cum
1583 4417 1850 4473 umbram
1881 4417 2028 4474 ima-

2160 4438 2239 4472 κου
2270 4416 2358 4473 διὰ
2396 4421 2711 4495 χρωμάτων
2751 4417 2844 4473 καὶ
2891 4413 3145 4494 ψηφίδων
3183 4414 3516 4489 τυπώματα,
3547 4413 3719 4470 ὁπόσα
3749 4415 3786 4483 ἡ

383 4503 505 4574 gini
577 4503 892 4573 praeferret,
951 4504 1410 4560 subtracticnem
1471 4521 1574 4576 pro
1625 4505 1922 4563 additione
1971 4511 2031 4563 et

2160 4503 2299 4570 πόλις
2391 4507 2598 4585 ἔστεγεν
2663 4509 2700 4579 ἤ
2765 4509 2980 4583 κώμαις
3043 4507 3135 4562 καὶ
3225 4507 3438 4582 χώραις
3515 4505 3790 4560 ἀνέκειντο

382 4589 896 4662 transpositionem
930 4607 1032 4660 pro
1063 4591 1422 4663 appositione
1461 4591 1734 4661 habebat,
1756 4595 2024 4666 quamvis

2160 4594 2498 4674 ωλακτήρια,
2556 4597 2745 4672 χειρὸς
2799 4597 3034 4674 ἀρχαίας
3081 4593 3212 4670 ἔργα
3285 4595 3374 4650 καί
3453 4593 3788 4668 θαυμασίας,

379 4696 442 4735 cn
476 4678 702 4734 nullum
755 4678 1150 4734 beneﬁcentiae
1192 4677 1596 4751 simulacrum,
1646 4697 1881 4753 parvam
1926 4688 2024 4740 aut

2160 4685 2264 4740 ,ατὰ
2317 4687 2378 4741 τὸ
2431 4685 2562 4742 αὐτὸ
2611 4687 2934 4760 συνήθροισε
2987 4683 3228 4759 τέμενος.
3279 4683 3346 4740 Ἣ
3404 4679 3462 4738 δὲ
3491 4686 3594 4739 τοῦ
3627 4683 3792 4758 βασι-

378 4767 596 4825 nullam
655 4765 954 4838 religionis
1004 4766 1259 4838 speciem
1320 4767 1598 4824 haberet:
1641 4785 1829 4841 neque
1889 4787 2020 4830 vero

2160 4773 2269 4837 ,ἕως
2323 4775 2522 4831 τούτου
2580 4773 2794 4845 σπουδή
2854 4775 3002 4838 ὅπως
3059 4773 3121 4829 ἐκ
3173 4779 3274 4843 τῆς
3318 4777 3407 4829 νῦν
3471 4771 3794 4849 λεγομένης

377 4862 555 4914 Deum
577 4856 774 4924 irasci,
807 4855 908 4910 sed
930 4855 1122 4926 potius
1149 4854 1418 4925 gaudere,
1459 4855 1508 4911 si
1540 4854 1696 4912 aliud
1729 4859 2017 4930 templum

2160 4857 2508 4936 [ονεμϐασίας
2560 4863 2908 4938 ἀνακομίσειε
2952 4862 3044 4918 τὸν
3111 4860 3200 4918 ἐπὶ
3267 4861 3493 4937 σταυρὸν
3547 4858 3794 4932 ἑλκόμε-

373 4947 616 5020 pristino
672 4944 981 5019 splendore
1036 4944 1316 5014 privatum
1369 4943 1705 5001 volucribus
1753 4945 1922 5004 nidos
1962 4957 2015 5005 et

2160 4969 2214 5006 ον
2243 4953 2480 5027 Χριστὸν
2533 4954 2609 5019 ὠς
2657 4950 2811 5030 ἔργον
2855 4953 3174 5028 ἆξιάγαστον
3211 4951 3300 5006 καὶ
3329 4951 3428 5018 τήν
3457 4949 3658 5029 τέχνην
3684 4951 3790 5004 καὶ

368 5037 650 5094 crinaceis
673 5036 864 5092 foveas
921 5034 1222 5104 prmberet,
1264 5031 1424 5089 aliud
1463 5033 2014 5094 veroinstauratum

2160 5039 2220 5108 ἠν
2277 5045 2440 5118 χάριν
2507 5040 2660 5098 οὐδὲν
2751 5041 3074 5098 ἀπελείπετο
3169 5043 3274 5096 τῶν
3364 5036 3787 5118 ἐκςρανεστάτων

1751 5193 1920 5257 Hier.
1954 5194 2163 5256 Wolﬁi
2195 5203 2385 5260 notae.

429 5359 813 5440 (40_Apparet
873 5359 1162 5440 principio
1181 5357 1489 5431 legendum
1521 5355 1682 5440 ἅλας,
1711 5361 1764 5440 id
1797 5368 1886 5420 est
1907 5381 2005 5440 sa-

2160 5365 2600 5440 renuntiationis
2649 5367 2896 5440 juvetur
2947 5365 3010 5421 τὸ
3057 5363 3290 5440 ἃλας-οι.
3333 5363 3532 5440 ἄΑΑας,
3591 5364 3781 5440 paulo

356 5425 488 5512 lem.
710 5425 906 5512 vocem
947 5425 1171 5512 accepit
1197 5425 1597 5512 scurraquasi
1628 5425 1869 5512 dixisset
1892 5429 2004 5512 ᾅλ-
2113 5425 2314 5494 ininus
2343 5438 2626 5512 frigidum
2649 5425 2912 5510 "videtur,
2947 5454 3124 5511 quam
3157 5437 3202 5491 si
3235 5436 3396 5492 dicas
3424 5425 3540 5491 alii:
3569 5425 3629 5490 et
3657 5435 3786 5492 alia

357 5491 478 5584 λας,
520 5491 1104 5584 scilicet-favum“:
1145 5503 1332 5559 Locus
1363 5491 1466 5584 hic
1511 5503 1754 5576 exprimi
1803 5491 2004 5584 Latine

2160 5491 2309 5566 ssi-ra
2326 5491 2801 5584 remansisse.

355 5583 467 5624 non
509 5570 662 5622 satis
707 5570 938 5644 potest;
993 5589 1325 5646 quanquam
1386 5570 1852 5648 Graece'quoque,
1886 5579 1999 5636 nisi
