4028 6218
284 379 404 441 813

1412 377 1513 437 DE
1556 377 1864 439 ISAACIO
1908 380 2227 440 ANGELO
2272 380 2419 441 LIB.
2469 382 2574 441 ΠΙ.

3582 386 3703 446 8H

286 515 495 575 παθῶν
565 507 696 571 ὅλος
759 508 862 584 γὰρ
947 508 1219 582 ἀνήρτητο
1302 512 1422 569 ταῖς
1515 506 1748 577 ἐλπίσιν,
1829 502 1933 571 ἕως

2065 511 2371 583 Jeregrinis
2393 512 2649 569 donariis
2699 516 2756 568 et
2805 511 3014 569 alienis
3059 515 3443 572 ornamentiis
3499 517 3701 587 splen-

290 598 488 655 ἐκεῖθεν
542 597 637 652 σὺν
697 594 850 669 δόλῳ
906 596 1207 675 ἀφῄρηκεν·
1270 597 1340 650 οὐ
1392 595 1491 671 γὰρ
1549 593 1834 658 ἀκίνδυνος
1880 599 1946 666 ἦν

2057 601 2341 656 desceret.

293 689 628 745 παντάπασιν
691 689 726 755 ὴ
785 690 1066 765 προφανὴς
1122 684 1487 760 ἐπιχείρησις.
1547 684 1721 742 Ἀλλὰ
1779 688 1869 741 καὶ
1926 688 2020 749 τὰς
2081 687 2293 762 χαλκᾶς
2368 688 2546 751 πύλας
2623 690 2795 743 ἐκεῖσε
2882 689 3190 762 μετέθηκεν,
3251 691 3307 745 αἳ
3361 694 3553 767 πρώην
3613 695 3707 767 μὲν

293 778 592 854 ἐπεζύγουν
647 780 746 831 τοῦ
806 775 1047 852 μεγάλου
1103 774 1374 830 παλατίου
1432 776 1531 844 τὴν
1604 773 1815 829 ε’ἰσοδον
1872 775 2073 850 εὐρεῖαι
2166 779 2326 832 οὖσαι
2407 780 2496 833 καὶ
2577 779 2818 852 ὕψισται,

3029 777 3071 799 θ’

2903 781 2957 841 ἐς
3025 781 3071 833 δ’
3128 783 3275 854 ἡμᾶς
3328 782 3428 850 τήν
3489 782 3704 858 εἱρκτὴν

295 873 551 943 συνεῖχον
597 865 740 940 ἥπερ
797 864 846 938 ἐξ
901 866 1081 919 αὐτῶν
1140 863 1341 931 Χαλκῆ
1398 863 1836 937 κατωνόμασται.
1895 867 1994 919 Καὶ
2051 867 2142 921 τὸν
2199 868 2251 922 ἐν
2312 869 2630 943 ἀνακτόροις
2687 870 3037 943 περιώνυμον
3090 872 3217 926 ναὸν
3279 872 3336 934 ὅς
3395 874 3505 928 Νέα
3565 876 3707 946 μονὴ

292 956 678 1027 κικλήσκεται,
756 956 906 1019 θείου
956 956 1152 1016 παντὸς
1207 952 1442 1010 ἐπίπλου
1500 954 1597 1009 κπὶ
1656 954 1807 1027 ἱεροῦ
1864 954 2086 1018 σκεύους
2146 954 2404 1029 ἐψίλωσε.
2464 958 2609 1013 Κάπί
2663 957 2887 1021 τούτοις
2964 959 3423 1034 λαμπρυνάμενος
3494 963 3562 1032 ἦν
3617 964 3707 1019 καὶ

298 1044 679 1123 θρυπτόμενος
709 1043 783 1106 ὡς
836 1043 898 1098 οὕ
952 1064 1034 1105 τις
1092 1041 1262 1105 ἄλλος
1316 1042 1400 1097 ἐπ’
1456 1036 1640 1118 ἔργοις
1699 1043 2036 1113 θαυμαστοῖς
2093 1039 2479 1119 ἀϐρονόμενος.
2537 1048 2695 1124 ’ᾨιτο
2749 1048 2853 1121 γὰρ
2909 1050 3214 1121 προσένεξιν
3273 1051 3373 1118 τήν
3427 1050 3707 1127 ἀφαίρεσιν

291 1135 382 1190 καὶ
438 1133 726 1210 πρόσθεσιν
782 1133 882 1201 τὴν
944 1133 1243 1203 μετάθεσιν·
1301 1131 1403 1198 τὴν
1462 1150 1567 1217 γαρ
1628 1132 1779 1185 σκιὰν
1839 1130 2135 1207 προῦκρινε
2189 1139 2290 1202 τῆς
2378 1134 2611 1204 εἰκόνος,
2691 1132 2753 1189 οὒ
2827 1137 2929 1205 τήν
3013 1137 3369 1214 ἀγαθοεργίας
3444 1160 3707 1217 σκιογρα.

299 1223 428 1300 φίαν
458 1221 545 1275 καὶ
583 1218 777 1294 μικρὸν
823 1220 859 1287 ἢ
919 1214 1071 1272 οὐδὲν
1127 1214 1408 1294 φιλοθεῑας
1467 1212 1708 1289 ἴνδαλμα
1762 1218 2062 1285 σώζουσαν⁶
2116 1217 2270 1275 Ἀλλ’
2328 1217 2453 1275 οὐδὲ
2508 1220 2569 1274 τὸ
2624 1225 2767 1284 θεῖον
2822 1222 3024 1295 χολᾷν,
3077 1212 3289 1297 χαίρειν
3352 1222 3408 1279 δὲ
3469 1212 3708 1298 μᾶλλον,
3760 1240 3765 1243 “

294 1310 343 1366 εί
422 1307 579 1370 οὗτος
658 1307 752 1380 μὲν
830 1307 859 1361 ὁ
932 1307 1067 1368 νεὼς
1140 1308 1240 1370 τῆς
1314 1305 1505 1379 πρώην
1583 1306 1901 1380 ἀχρειοῦται
1978 1306 2371 1383 λαμπρότητος
2444 1308 2520 1371 εἷς
2577 1308 2911 1365 ἐννόσσευσιν
2971 1316 3188 1379 πτηνῶν
3241 1313 3331 1368 καὶ
3393 1314 3709 1386 κατοίκησιν

287 1400 493 1475 ἐχίνων
522 1397 786 1471 ἐώμενος,
818 1394 1174 1473 ἐγκαινίζεται
1207 1391 1254 1448 δ’
1278 1392 1463 1468 ’ἔτερος
1491 1392 1722 1458 ὀθνείοις
1750 1395 2067 1468 κειμηλίοις
2091 1398 2180 1452 καὶ
2214 1399 2445 1470 κόσμοις
2474 1396 2796 1475 ἀλλοτρίοις
2825 1397 3276 1474 καταγλαὶζεται.

372 1538 453 1610 [Ρ.
489 1535 637 1608 284.]
661 1533 723 1602 ζ’.
754 1537 815 1585 ‘0
857 1529 915 1586 δὲ
965 1529 1183 1604 τόλμης
1239 1534 1515 1608 μετεῖχεν,
1566 1529 1658 1583 ἳνα
1709 1529 1943 1605 μετρίως

2119 1534 2173 1588 7.
2206 1534 2287 1589 Ea
2318 1551 2549 1608 quoque
2582 1535 2692 1591 fuit
2723 1536 2969 1592 audacia
3015 1538 3111 1607 (ne
3143 1536 3280 1607 quid
3341 1537 3533 1595 dicam
3571 1556 3707 1613 gra-

286 1630 424 1703 γοῦν
458 1622 691 1696 εἷ’ποιμι,
726 1619 939 1677 ἐκοίνου
968 1621 1035 1674 τά
1065 1618 1184 1693 ἱερᾶ
1233 1618 1422 1689 σκεύη,
1474 1619 1578 1673 κάκ
1630 1622 1739 1674 τῶν
1787 1616 1945 1673 θείων

289 1716 429 1772 αὐτὰ
459 1717 601 1769 ναῶν
657 1712 916 1768 ἀποσπῶν
977 1714 1097 1773 ταῖς
1143 1709 1333 1763 ἑαυτοῦ
1387 1706 1677 1783 τραπέζαις
1725 1727 1948 1782 παρεισ-

292 1808 506 1882 ἐφερεν,
536 1800 783 1879 "exacte
820 1803 909 1856 καὶ
966 1805 1084 1863 τοῖς
1141 1796 1433 1861 δακτύλοις
1480 1799 1615 1854 κατὰ
1667 1799 1833 1853 πότον
1885 1799 1951 1853 τᾶ

293 1895 352 1950 ἐν
381 1894 575 1973 τάφοις
609 1888 878 1967 βασιλέων
911 1888 1214 1965 ᾐωρημένα
1262 1887 1558 1944 κυπελλοει
1592 1884 1658 1957 δῆ
1707 1891 1785 1960 τῷ
1835 1890 1951 1960 Θεῷ

299 1984 471 2039 ἄναθί
482 2002 646 2054 ματα,
678 1979 739 2036 ἐκ
768 1976 934 2033 λίθων
966 1981 1255 2056 τιμαλφῶν
1296 1976 1386 2032 καὶ
1435 1975 1662 2052 χρυσίου
1707 1975 1952 2056 ἀπέφθου

306 2070 696 2145 ἐσκευασμένα,
722 2069 812 2125 καὶ
871 2068 946 2130 εἷς
1006 2061 1233 2146 χέρνιϐα
1264 2071 1464 2145 χειρῶν
1526 2064 1788 2141 ὑδροχόοι
1847 2086 1951 2120 πε-

296 2164 620 2238 ριεφέροντο
694 2157 906 2234 ἄμαχοι
981 2158 1043 2211 τὸ
1118 2154 1327 2219 κάλλος
1403 2155 1493 2210 καὶ
1543 2154 1818 2225 ἄπληστοι
1856 2155 1953 2223 τὴν

299 2256 470 2330 ὥραν,
505 2255 587 2315 οἷς
616 2252 1029 2326 ἀπομόργυνται
1078 2242 1301 2304 Λεϐῖται
1352 2249 1439 2303 καὶ
1499 2249 1664 2324 ἰερεῖς
1715 2245 1780 2302 τά
1836 2247 1955 2301 θεῖα

290 2343 570 2419 μετίόντες
634 2342 926 2415 μυστήρια.
986 2339 1259 2416 Ἀφαιρῶν
1315 2336 1372 2392 δὲ
1441 2338 1533 2392 καὶ
1591 2336 1697 2391 ἀπὸ
1750 2334 1950 2410 τιμίων

294 2435 546 2501 σταυρῶν
600 2429 690 2486 καὶ
749 2433 973 2503 πτυχῶν
1031 2431 1137 2483 τῶν
1198 2425 1488 2501 ἀκηράτων
1554 2427 1792 2500 Χριστοῦ
1850 2424 1952 2480 λο-

295 2523 439 2600 γίων
481 2518 724 2594 κόσμους
776 2514 1107 2577 πολυτελεῖς
1157 2510 1471 2591 περιδέραια
1513 2514 1604 2570 καὶ
1658 2514 1952 2600 στρεπτοὺς

294 2608 503 2664 ἐτίθετο
535 2607 584 2681 ἐξ
615 2607 816 2678 αὐτῶν,
846 2605 936 2662 καὶ
985 2604 1209 2666 τούτους
1260 2609 1325 2659 αὖ
1370 2603 1503 2659 κατά
1550 2603 1610 2658 τὸ
1657 2602 1804 2676 αύτῷ
1853 2599 1953 2658 δο-

298 2703 433 2756 κοῦν
471 2692 831 2774 μεταϐάλλων
890 2693 1095 2769 ἑτέραις
1144 2691 1442 2768 ἐνηρμοζεν
1497 2687 1957 2767 ἀπεριθαμϐιιςτως

304 2788 625 2865 βασιλικαῖς
679 2785 925 2849 στολαῖς.
991 2786 1129 2862 Πρὸς
1186 2782 1245 2838 δὲ
1292 2782 1420 2847 τοὺς
1479 2782 1795 2860 εἰσάγοντας
1851 2803 1953 2837 πα-

2061 1622 2211 1697 vius)
2229 1628 2292 1680 ut
2323 1641 2491 1682 sacra
2511 1641 2651 1681 vasa
2666 1625 2998 1696 profanaret
3011 1629 3067 1681 et
3086 1625 3320 1697 templis
3338 1627 3709 1685 avulsamen-

2064 1712 2145 1769 sis
2177 1713 2302 1770 suis
2322 1712 2715 1770 adhiberet.In
2746 1714 3279 1771 comessationibus
3301 1716 3454 1772 583
3482 1734 3714 1790 quoque

2064 1821 2132 1860 ex
2164 1804 2409 1875 gemmis
2432 1805 2707 1878 pretiosis
2739 1808 2796 1861 et
2821 1805 3011 1862 solido
3051 1822 3193 1864 auro
3245 1806 3493 1865 calicum
3528 1808 3716 1866 instar

2065 1895 2218 1950 facta
2249 1894 2510 1964 donaria,
2542 1910 2669 1966 quae
2700 1894 3317 1968 supraimperatorum
3351 1898 3714 1958 monimenta

2066 1980 2417 2052 pendebant,
2461 1981 2733 2036 manibus
2762 1981 3075 2050 versabat;
3109 1986 3165 2038 et
3220 1982 3488 2054 pelvibus
3544 1983 3714 2041 insu-

2067 2067 2341 2141 perabilis
2367 2069 2686 2141 elegantiae,
2720 2068 2939 2142 quibus
2971 2085 3031 2126 se
3070 2070 3269 2127 Levitae
3330 2075 3385 2127 et
3441 2072 3715 2131 sacerdo-

2069 2162 2177 2225 tes,
2213 2175 2348 2214 cum
2378 2175 2543 2214 sacra
2575 2157 2847 2232 mysteria
2879 2162 3148 2228 tractant,
3185 2160 3470 2217 mundare
3498 2162 3709 2230 solent,

2069 2263 2172 2319 pro
2206 2246 2502 2305 malluviis
2552 2249 2843 2305 utebatur.
2914 2249 3223 2306 Auferebat
3262 2250 3583 2322 particulas
3640 2252 3712 2308 de

2068 2337 2418 2393 venerandis
2449 2337 2741 2406 crucibus,
2774 2337 2912 2394 item
2950 2342 3219 2396 ornatum
3255 2340 3484 2396 maximi
3538 2341 3707 2412 pretii

2070 2425 2141 2481 de
2173 2425 2607 2482 immortalibus
2638 2426 2853 2483 Christi
2885 2426 3162 2497 oraculis,
3188 2428 3379 2500 iisque
3434 2446 3534 2502 pro
3592 2446 3707 2486 mo-

2071 2514 2293 2571 nilibus
2324 2520 2381 2571 et
2412 2515 2713 2588 torquibus
2747 2517 3053 2574 utebatur:
3106 2517 3266 2590 ipsos
3299 2534 3432 2574 vero
3480 2518 3711 2577 codices

2070 2605 2200 2662 aliis
2235 2606 2626 2678 imperatoriis
2648 2606 2835 2675 stolis,
2872 2625 2995 2680 qua:
3027 2609 3168 2664 nihil
3204 2609 3485 2666 haberent
3533 2611 3715 2667 admi-

2073 2696 2341 2768 rationis,
2374 2696 2720 2754 involvebat.
2757 2698 2821 2754 Et
2853 2697 3099 2769 graviter
3155 2700 3532 2757 succensebat
3579 2701 3652 2757 iis
3685 2718 3718 2758 a

2072 2786 2286 2859 quibus
2320 2786 2660 2842 monebatur
2689 2802 2757 2842 ea
2781 2786 2933 2843 facta
2965 2803 3078 2843 non
3130 2788 3398 2860 expedire
3446 2788 3718 2861 religioso

300 2898 558 2957 ραιφασιν
619 2878 694 2951 μὴ
757 2874 1048 2954 συμφέρειν
1107 2873 1252 2947 αύτῷ
1315 2874 1381 2929 τὰ
1455 2872 1711 2948 γινόμενα
1788 2876 1950 2928 ταῦτα

2070 2875 2429 2947 imperatori,
2479 2876 2578 2948 qui
2639 2876 2907 2948 pietatem
2939 2893 2970 2931 a
3005 2874 3326 2951 majoribus
3376 2877 3718 2951 accepisset,

301 2965 558 3042 θεοφιλεῖ
614 2966 973 3040 αὐτοκράτορι
1027 2964 1143 3021 ὅντι
1190 2962 1280 3019 καὶ
1321 2961 1515 3018 ἀνωθεν
1562 2960 1621 3017 ἐκ
1670 2960 1957 3038 προγόνων

293 3059 403 3127 τὴν
458 3051 726 3112 εὐσέϐειαν
788 3049 1303 3110 ἐπικαταϐαίνουσαν
1362 3049 1571 3127 ἔχοντι,
1627 3051 1717 3106 καὶ
1770 3053 1955 3106 θεοσυ-

298 3147 431 3203 λίαν
485 3146 621 3201 εἶναι
679 3150 931 3222 προφανῆ
989 3142 1056 3198 τὲι
1109 3143 1387 3216 γινόμενα,
1446 3137 1679 3218 σφοδρὸς
1736 3140 1803 3208 ἦν
1867 3137 1954 3193 καὶ

298 3235 719 3311 παροξυντικός,
797 3233 887 3289 καὶ
964 3229 1299 3303 ἐπέπληττεν
1404 3230 1477 3291 ὡς
1574 3228 1955 3301 ἀνοηταίνουσι

296 3323 604 3401 προδήλως
634 3322 723 3379 καὶ
766 3320 1163 3398 δυσπραγοῦσιν
1193 3319 1415 3397 ἄγνοιαν
1471 3322 1569 3375 τοῦ
1617 3318 1791 3375 καλοῦ
1836 3322 1954 3382 τοῖς

297 3415 450 3472 οὕτω
482 3415 766 3493 φάσκουσι·
809 3414 981 3468 πάντα
1037 3411 1142 3488 γὰρ
1191 3408 1380 3481 ἐξεῖναι
1434 3413 1552 3471 τοῖς
1607 3406 1953 3479 βασιλεύουσι

293 3509 478 3560 ποιεῖν
547 3500 854 3574 διετείνετο,
912 3501 1003 3555 καί
1061 3503 1193 3555 Θεοῦ
1243 3498 1334 3553 καὶ
1392 3496 1622 3561 ἂνακτος
1677 3497 1812 3553 κατᾶ
1888 3497 1953 3553 τὸ

296 3592 493 3669 ἄρχειν
522 3597 630 3648 τῶν
666 3591 921 3667 ἐπιγείων
955 3590 1032 3663 μὴ
1065 3589 1139 3650 ὡς
1169 3586 1362 3643 ἐπίπαν
1422 3588 1562 3642 εἶναι
1614 3588 1675 3642 τὸ
1729 3584 1953 3647 διεστὼς

295 3677 613 3757 ἂτύμϐατον
672 3681 763 3735 καὶ
815 3678 1110 3748 ἀντίθετον,
1158 3678 1232 3741 ὡς
1289 3681 1357 3752 τῇ
1440 3677 1735 3757 καταφάσει
1809 3677 1951 3732 ἀπό-

294 3794 480 3854 φασις.
513 3775 788 3828 Συνιστῶν
831 3768 889 3825 δὲ
931 3769 1005 3832 ὡς
1061 3766 1221 3839 δῆθεν
1267 3768 1496 3843 ἀμεμφῆ
1556 3768 1645 3824 καὶ
1694 3768 1951 3833 ἀνεύθυνα

288 3864 361 3919 τά
392 3863 677 3938 γινόμενα,
710 3862 955 3935 παρῆγεν
1008 3857 1087 3922 εἲς
1142 3855 1491 3935 παράδειγμα
1538 3858 1627 3913 τὸν
1681 3856 1732 3912 ἐν
1790 3859 1946 3933 βασι-

285 3955 450 4012 λεῦσι
506 3955 850 4027 Χριστιανοῖς
907 3951 1211 4027 πρώτιστον
1266 3950 1357 4004 καί
1440 3950 1730 4023 κράτιστον
1790 3954 1943 4004 Κων-

286 4047 594 4112 σταντῖνον,
623 4042 714 4097 τὸν
751 4041 844 4115 μὲν
875 4044 983 4095 τῶν
1032 4038 1191 4109 ἥλων
1250 4035 1320 4093 δι’
1376 4035 1449 4093 ὧν
1509 4039 1536 4094 ὁ
1587 4040 1787 4113 Κύριος
1845 4039 1945 4107 τῆς

286 4131 458 4203 δόξης
487 4135 569 4204 τῷ
598 4130 746 4203 ξύλῳ
788 4136 887 4199 τῆς
940 4126 1173 4203 κατάρας
1225 4128 1560 4203 προσήλωτο
1609 4129 1689 4201 τῷ
1742 4127 1946 4200 ἱππείῳ

281 4221 509 4298 χαλινῷ
563 4218 1027 4284 πατταλεύσαντα,
1084 4218 1177 4273 τὸν
1267 4213 1325 4271 δὲ
1382 4221 1451 4291 τῇ
1498 4217 1688 4291 κόρυθι
1743 4215 1946 4290 ἐνερεί-

2072 2982 2177 3021 nec
2199 2964 2356 3020 aliud
2386 2982 2512 3021 esse
2544 2982 2715 3037 quam
2741 2964 3116 3038 sacrilegium
3146 2991 3160 3034 ;
3185 2982 3400 3039 eosque
3432 2974 3493 3023 ut
3526 2966 3714 3023 mani-

2068 3054 2208 3110 feste
2239 3052 2452 3110 deliros
2484 3060 2536 3110 et
2559 3053 2878 3110 honestatis
2910 3053 3145 3126 ignaros
3171 3056 3490 3127 arguebat:
3539 3055 3714 3112 licere

2065 3143 2220 3200 enim
2255 3143 2700 3216 imperatoribus
2729 3144 2971 3219 omnia;
3005 3148 3061 3200 et
3089 3143 3243 3201 inter
3290 3145 3471 3201 Deum
3529 3152 3583 3201 et
3616 3160 3709 3200 re-

2065 3249 2218 3307 gem,
2257 3233 2408 3305 quod
2441 3234 2511 3289 ad
2573 3236 2937 3290 terrenarum
2973 3249 3163 3290 rerum
3225 3234 3709 3305 gubernationem

2065 3321 2353 3390 attinere],
2388 3338 2502 3379 non
2533 3338 2659 3379 eam
2689 3339 2815 3380 esse
2844 3322 3295 3396 repugnantiam
3337 3340 3463 3396 quae
3495 3326 3573 3381 sit
3620 3326 3681 3381 in
3702 3352 3726 3366 -

2066 3416 2155 3468 ter
2177 3412 2546 3484 negationem
2579 3416 2637 3468 et
2683 3412 3129 3469 atﬂrmationem
3190 3414 3596 3470 contendebat.
3630 3418 3711 3471 Ac

2065 3510 2124 3559 ut
2156 3501 2429 3573 probaret
2459 3501 2678 3557 scilicet
2707 3518 2769 3558 se
2812 3517 2879 3559 eo
2938 3502 3174 3559 nomine
3206 3520 3320 3560 non
3362 3520 3491 3560 esse
3523 3520 3715 3576 repre-

2065 3591 2439 3648 hendendum
2515 3591 2688 3663 primi
2746 3596 2803 3648 et
2861 3592 3077 3648 summi
3134 3592 3283 3648 inter
3350 3592 3715 3649 Christianos

2062 3679 2434 3754 imperatoris
2465 3680 2830 3737 Constantini
2880 3679 3211 3753 exemplum
3267 3680 3422 3738 584
3456 3680 3713 3737 adduce-

2062 3770 2287 3842 bat,qui
2320 3770 2567 3827 alterum
2593 3769 2845 3839 clavum,
2869 3769 3083 3842 quibus
3105 3769 3395 3842 gloriosus
3429 3770 3714 3826 Dominus

2060 3859 2400 3917 exsecrabili
2436 3860 2591 3916 cruci
2627 3858 2735 3914 fuit
2765 3860 3170 3928 atﬁxus,t‘reno
3203 3858 3337 3931 equi
3370 3858 3686 3915 inseruerit

2059 3949 2309 4005 alterum
2338 3947 2948 4020 galezeintixerit.Sed
2999 3963 3237 4003 causam
3297 3948 3366 4003 de
3417 3946 3709 4003 industria

2058 4036 2493 4103 dissimulabat,
2525 4052 2629 4092 cur
2677 4035 3018 4092 Christiana:
3080 4035 3377 4108 religionis
3439 4035 3710 4109 princeps

2057 4126 2347 4199 ejusmodi
2376 4125 2550 4183 rebus
2582 4143 2645 4182 se
2672 4125 2915 4192 ornarit,
2942 4131 3006 4182 ut
3064 4124 3332 4181 videlicet
3386 4124 3704 4198 gentilibus

2056 4215 2391 4273 ostenderet
2463 4213 2931 4286 praedicationem
2997 4213 3190 4270 crucis
3252 4229 3380 4270 esse
3445 4213 3702 4271 divinam

289 4331 484 4379 σαντα,
525 4310 625 4365 Τὸν
678 4307 735 4364 δὲ
792 4308 995 4364 σκοπὸν
1048 4305 1184 4361 ἑκὼν
1242 4300 1639 4380 παρεϐλέπιτο,
1698 4302 1768 4359 δι’
1826 4303 1883 4359 δν
1918 4305 1946 4360 ὁ

2065 4304 2401 4378 potentiam,
2452 4320 2630 4377 quam
2690 4304 2803 4376 ipsi
2871 4310 2935 4359 ut
3005 4304 3364 4361 dementiam
3428 4321 3702 4376 asperna-

287 4406 397 4470 τῆς
434 4397 667 4460 πίστεως
718 4394 967 4471 ἀρχηγὸς
1032 4392 1158 4464 ἅναξ
1212 4398 1334 4456 ταῖς
1392 4392 1674 4454 τοιαύταις
1729 4389 1951 4447 ἐνεκαλ-

2061 4394 2301 4450 bantur.

298 4488 579 4557 λωπίζετο
604 4486 850 4560 πράξεσι,
879 4483 1100 4559 δύναμιν
1130 4480 1399 4559 θειοτέραν
1432 4482 1524 4537 τὸν
1554 4485 1651 4537 τοῦ
1694 4485 1925 4557 σταυροῦ
1983 4480 2152 4559 λόγον
2202 4478 2411 4545 δεικνὺς
2454 4485 2573 4543 τοῖς
2618 4478 2856 4552 Ἕλλησι
2904 4481 2993 4537 καὶ
3043 4482 3345 4558 τιθέμενος,
3396 4480 3448 4537 ο⁹ί
3500 4481 3706 4557 μωρίαν

293 4580 360 4634 τὸ
394 4581 653 4655 κήρυγμα
677 4574 901 4652 ἥγηντο.

360 4712 542 4772 Ἀλλά
567 4713 657 4768 καὶ
720 4713 784 4767 τὸ
843 4710 1101 4787 ἀργύριον
1159 4706 1528 4779 κιδδηλεύσας
1572 4704 1838 4780 ἀδόκιμον
1888 4708 1951 4763 τὸ

284 4804 539 4877 νόμισμα
561 4801 778 4880 κέκοφε,
817 4798 907 4853 καὶ
963 4799 1063 4867 τὴν
1121 4803 1230 4853 τῶν
1289 4797 1598 4872 χρημάτων
1669 4794 1951 4872 συλλογήν

291 4894 402 4949 οὐκ
430 4889 767 4966 ἀνέγκλητον
804 4888 1039 4945 ἐποιεῖτο
1079 4885 1412 4955 παντάπασι,
1461 4886 1557 4948 τάς
1594 4890 1673 4941 ’τε
1700 4890 1808 4941 τῶν
1856 4883 1954 4958 δη-

298 4981 514 5057 μοσίων
569 4979 752 5057 φόρων
806 4978 1107 5050 εἰσπράξεις
1164 4974 1421 5046 ἐπέτεινε,
1495 4974 1587 5030 καὶ
1671 4976 1792 5050 περὶ
1849 4975 1950 5044 τήν

284 5091 503 5128 τουτων
530 5069 848 5147 ἀπόχρησιν
878 5067 1207 5137 ἠσωτεύετο.
1256 5065 1360 5123 Καὶ
1409 5065 1506 5127 τὰς
1556 5064 1732 5139 ἀρχὰς
1778 5061 1948 5139 προῦ-

292 5159 505 5235 βαλλεν
559 5159 638 5222 είς
689 5156 950 5229 ἐξώνησιν
1007 5156 1082 5217 ὡς
1139 5154 1237 5217 τὰς
1297 5154 1518 5230 ὀπώρας
1576 5153 1628 5208 οἱ
1680 5154 1950 5227 ἀγοραῖοι.

285 5249 502 5308 Ἐνίοτε
543 5246 603 5304 δὲ
641 5249 733 5303 καὶ
791 5245 917 5320 ἄτερ
980 5242 1281 5319 βαλαντίου
1335 5242 1426 5297 καὶ
1482 5242 1659 5315 πήρας
1718 5240 1952 5296 ἀποστο-

282 5340 465 5401 λικώς
498 5338 699 5400 εἰςτὰς
748 5334 1018 5414 ἐπαρχίας
1078 5331 1375 5407 ἐξέπεμπεν
1429 5328 1521 5393 οὕς
1577 5328 1700 5406 ᾔδει
1762 5328 1952 5405 μερίδα

284 5436 371 5505 τῷ
427 5428 624 5502 δικαίῳ
682 5425 935 5488 διδόντας
994 5424 1087 5480 καὶ
1147 5420 1656 5500 ἀκαταγοητεύτους
1716 5421 1948 5497 χρυσίῳ,

290 5518 428 5597 μηδ’
461 5519 605 5576 οἷ’κοι
634 5511 1003 5580 καταϐὂοντας
1032 5515 1206 5571 πάντα
1243 5514 1311 5569 τὰ
1359 5509 1757 5587 συλλεγόμενα,
1805 5509 1952 5567 ἄλλά

281 5611 379 5668 καὶ
409 5613 493 5683 τῷ
517 5606 775 5684 δημοσίῳ
827 5605 1043 5678 ταμείῳ
1091 5601 1546 5676 κατατιθεμένους
1592 5601 1655 5656 τὸ
1704 5599 1953 5681 ἐφάρμο-

283 5721 415 5760 στον
449 5697 703 5783 ὄφλημα.
737 5697 908 5759 Ναοῖς
959 5692 1017 5750 δὲ
1063 5691 1153 5749 καί
1202 5688 1448 5767 τεμένεσι
1495 5691 1586 5746 καὶ
1632 5689 1949 5766 εὐκτηρίοις

2133 4715 2480 4784 Argenteam
2506 4713 2800 4768 monetam
2815 4711 3379 4783 adulteravit,neque
3398 4710 3707 4780 pecuniam

2062 4799 2232 4872 plane
2288 4800 2432 4855 citra
2473 4800 2985 4873 reprehensionem
3043 4799 3297 4871 collegit.
3334 4799 3706 4855 Publieorum

2060 4887 2436 4960 vectigalium
2471 4891 2802 4946 exactiones
2832 4890 3013 4956 auxit,
3034 4889 3251 4961 quibus
3282 4888 3352 4943 ad
3387 4886 3588 4941 luxum
3620 4890 3710 4940 est

2062 4978 2305 5034 abusus.
2340 4978 2805 5050 Magistratus,ut
2834 4977 3282 5034 circumforanei
3312 4991 3506 5045 poma,
3535 4989 3705 5029 vena-

2060 5065 2146 5124 les
2179 5068 2421 5137 babuit;
2453 5085 2671 5141 eosque
2702 5082 3145 5138 nonnumquam
3196 5063 3517 5136 apostolico
3549 5077 3705 5118 more

2062 5156 2191 5212 sine
2249 5173 2419 5213 sacco
2449 5161 2507 5213 et
2564 5172 2841 5213 crumena
2870 5157 2930 5210 in
2992 5153 3320 5227 provincias
3378 5151 3703 5223 ablegabat,

2062 5261 2208 5317 quos
2240 5246 2528 5317 aequitatis
2549 5246 2834 5302 rationem
2863 5244 3120 5316 aliquam
3148 5241 3384 5307 habere,
3412 5256 3519 5297 nec
3566 5256 3706 5298 auro

2061 5335 2270 5405 decipi,
2303 5350 2408 5391 nec
2440 5334 2718 5406 quicquid
2752 5332 3123 5404 collegissent
3177 5329 3334 5387 domi
3365 5329 3710 5386 abstrudere

2061 5430 2251 5493 norat,
2283 5426 2384 5483 sed
2415 5425 2575 5496 quod
2606 5425 2747 5482 ﬁsco
2769 5424 3076 5480 deberetur
3103 5422 3260 5479 bona
3286 5420 3402 5478 tlde
3434 5421 3708 5491 pendere.

2059 5516 2280 5571 Tamen
2313 5514 2658 5571 liberalitate
2689 5514 2751 5570 in
2782 5512 2998 5586 templa
3046 5516 3104 5570 et
3161 5510 3515 5569 monasteria
3544 5528 3716 5584 supe-

2060 5604 2243 5663 riores
2276 5606 2654 5677 imperatores
2685 5618 2891 5661 omnes
2922 5602 3239 5676 superavit.
3270 5601 3418 5658 Nam
3448 5604 3713 5676 tempore

2060 5695 2295 5754 ruinosa
2327 5694 2609 5766 sutYuIsit,
2644 5696 2935 5752 vetustate
2966 5692 3288 5752 deformata
3331 5691 3710 5750 incrustatio-
