4028 6218
371 346 491 408 815

1695 334 2008 398 ΝΙΕΕΤΕ
2046 335 2466 399 (ΣΗΟΝΙᾹΤΑΞ

3670 339 3786 400 816

371 476 548 532 nibus
577 477 637 530 et
668 471 910 545 picturis
937 469 1274 528 illustravit.
1311 467 1412 525 Dei
1470 467 1822 526 Genitricem
1853 471 2016 524 tanta

2132 466 2307 528 οἲκοις
2337 467 2426 523 καὶ
2458 469 2636 542 ἱεροῖς
2683 465 3152 544 φροντιστηρίοις,
3203 468 3278 530 ὡς
3331 468 3394 523 οῧ
3441 489 3525 528 τις
3583 469 3786 543 πρότε-

367 565 740 622 veneratione
768 560 948 618 coluit
977 559 1128 617 585
1161 564 1228 615 ut
1257 559 1328 614 ad
1361 560 1490 630 eius
1513 557 1797 630 imagines
1824 557 2020 614 animo

368 671 516 728 pene
547 653 943 724 linqueretur;
981 650 1224 722 ideoque
1257 648 1540 721 plurimas
1597 664 1740 704 auro
1768 652 1827 704 et
1861 663 2023 719 gem-

367 743 482 797 mis
509 748 744 798 ornatas
774 740 834 796 in
866 739 937 795 iis
978 738 1130 795 fanis
1161 737 1448 795 adorandi
1476 753 1655 794 causa
1709 735 2019 804 dedicavit,

369 831 469 886 ubi
499 828 1017 902 frequentissimus
1047 832 1176 885 erat
1239 827 1469 900 piorum
1527 826 1836 884 hominum
1876 842 2022 882 con-

369 935 599 976 cursus.
630 918 882 975 Domum
929 915 1138 974 Isaacii
1191 914 1667 972 sebastocratoris
1723 915 1784 970 in
1838 914 2024 971 ardua

368 1013 534 1082 parte
564 1007 842 1081 Sophiani
877 1012 1082 1080 portus
1111 1006 1286 1064 sitam
1309 1007 1370 1062 in
1403 1006 1809 1078 pandocheum
1833 1009 2023 1061 trans-

368 1097 663 1164 l'ormavit,
698 1098 794 1154 ubi
829 1099 1065 1153 centum
1125 1095 1236 1152 viri
1279 1095 1476 1152 cibum
1519 1110 1746 1168 capere,
1778 1093 2020 1151 totidem

371 1188 541 1244 lectis
571 1187 807 1254 cubare,
839 1195 895 1242 et
922 1185 1172 1243 totidem
1227 1185 1362 1257 equi
1423 1183 1704 1242 stabulari
1762 1185 2020 1256 possent.

375 1278 446 1333 Et
476 1277 578 1348 qui
602 1293 670 1333 eo
699 1275 1030 1343 veniebant,
1065 1273 1196 1330 sine
1227 1273 1474 1347 pecunia
1517 1273 1731 1330 diebus
1761 1271 2026 1344 complu-

369 1363 535 1421 ribus
567 1367 982 1437 pascebantur.
1017 1363 1230 1436 Regius
1264 1363 1415 1419 aedes
1455 1379 1604 1436 quas
1651 1361 2023 1418 Andronicus

371 1455 444 1510 ad
503 1455 685 1511 (edem
740 1458 1085 1510 Sanctorum
1144 1453 1536 1526 Quadraginta
1593 1454 1906 1518 struxerat,
1963 1450 2024 1506 in

375 1544 778 1600 nosocomium
835 1542 1100 1598 mutavit.
1161 1542 1430 1598 Redemit
1485 1545 1543 1598 et
1595 1541 1834 1596 domum
1895 1554 2024 1611 qua

373 1632 570 1704 magni
602 1631 906 1702 drungarii
929 1630 1146 1687 dicitur
1173 1646 1592 1703 apossessore;
1625 1635 1682 1685 et
1704 1629 1764 1684 in
1795 1645 1860 1684 ea
1877 1645 2024 1701 quo-

373 1737 486 1794 que
517 1719 670 1776 male
702 1720 979 1776 habentes
1009 1718 1415 1776 refocillendos
1473 1717 1718 1786 curavit,
1771 1717 1933 1774 nulla
1964 1732 2025 1773 re

2129 575 2248 629 ρον,
2307 557 2372 612 τὸ
2430 555 2731 636 φιλότιμον
2791 557 3103 630 ἑπεξέτεινε’
3161 559 3290 620 τοὺς
3345 558 3449 633 γαρ
3517 558 3790 629 καμόντας

2131 645 2320 722 χρόνῳ
2354 647 2638 718 umigatus,
2661 646 2752 702 καὶ
2784 648 2934 711 ’ὀσοις
2961 649 3024 702 τὸ
3053 645 3398 724 ἀγλαοιρανὲς
3454 649 3786 721 ἧμτὸξωτο,

2133 736 2352 799 τούτοις
2381 743 2499 801 τοῖς
2557 737 2618 792 ἐκ
2663 735 2921 815 ψηφίδων
2967 741 3060 792 καὶ
3106 737 3426 814 χρωμάτων
3484 738 3794 813 ὡραϊσμοῐς

2127 823 2529 901 κατεκόσμησε.
2583 830 2726 904 Πρὸς
2767 826 2826 884 δέ
2875 850 2937 904 γε
2985 831 3086 899 τήν
3136 831 3463 904 Θεομήτορα
3517 830 3792 900 τοσαῦτην

2128 911 2317 994 ἔτρεσε
2347 919 2531 973 πίστιν
2579 918 2658 981 ὡς
2702 917 2796 972 καὶ
2841 919 2942 988 τήν
2998 921 3087 991 [Ρ.
3135 919 3262 992 285]
3319 920 3509 993 ψυχὴν
3563 916 3794 994 ἐκκεχῦ-

2129 1017 2251 1070 σοαι
2296 1013 2416 1071 ταῖς
2482 1007 2682 1063 εἰκόσιν
2742 1007 2932 1074 αὐτῆς.
2991 1007 3096 1064 Καὶ
3155 1004 3248 1063 διὰ
3299 1012 3466 1062 τοῦτο
3532 1007 3795 1072 πλείστας

2131 1096 2346 1172 χρυσίῳ
2401 1096 2746 1172 περιστείλας
2811 1097 2902 1151 καὶ
2969 1095 3154 1162 λίθοις
3219 1095 3522 1176 τιμαλςδὲπι
3577 1119 3791 1173 περιαν-

2131 1186 2282 1250 θίσας
2325 1186 2550 1258 ἀνέθηκε
2607 1193 2758 1250 ναοῖς
2812 1186 2892 1250 είς
2939 1186 3330 1263 προσκὺνησιν,
3387 1189 3509 1242 καθ’
3563 1189 3662 1252 οὒς
3703 1188 3793 1264 γίο

2127 1296 2310 1332 νονται
2341 1275 2619 1339 πολλάκις
2647 1281 2757 1332 τῶν
2813 1271 3050 1332 εὐσεϐῶν
3097 1272 3419 1352 συνδρομαί.
3472 1275 3655 1334 Ἀλλᾶ
3695 1277 3786 1332 καὶ

2129 1368 2231 1434 τήν
2280 1364 2369 1420 ἐπὶ
2416 1366 2482 1421 τὸ
2545 1367 2802 1429 κάταντες
2870 1365 2927 1421 ἐν
2994 1371 3074 1440 τῷ
3145 1365 3330 1440 λιμένι
3391 1373 3504 1421 τῶν
3569 1371 3792 1445 Σοφιιῖιν

2133 1455 2310 1510 ἑστίαν
2378 1455 2649 1512 Ἰσαακίου
2724 1459 2821 1510 τοῦ
2877 1450 3380 1530 σεϐαστοκράτορος
3445 1455 3524 1518 εἷς
3585 1453 3794 1512 πανδο-

2131 1549 2286 1620 χεῖον
2347 1547 2768 1620 μετασκευάσας,
2828 1541 3033 1620 ἀνδρῶν
3097 1545 3197 1618 μὲν
3255 1545 3442 1600 ἑκατὸν
3521 1546 3792 1619 παρέθηκε

2129 1633 2395 1708 τράπεζαν
2471 1635 2561 1689 καὶ
2635 1633 2826 1698 κλίνας
2898 1635 3248 1712 ἲσομὲτρους,
3338 1636 3790 1710 τοσαυταρίθμων

2133 1721 2191 1778 δὲ
2255 1723 2570 1799 ὑποζυγίων
2635 1724 2888 1786 ἱππῶνας
2955 1724 3232 1796 ἀνέστησε·
3329 1725 3422 1779 καὶ
3508 1724 3786 1781 εἱστιῶντο

375 1814 587 1882 negata
616 1825 747 1880 qua:
776 1809 1140 1865 sanationem
1173 1808 1596 1880 eorumjuvare
1628 1813 1842 1880 posset.
1875 1811 2016 1863 Cum

2131 1814 2249 1866 καθ’
2314 1810 2542 1882 ἑκάστην
2613 1813 2665 1867 οἱ
2730 1809 3184 1888 παραϐάλλοντες
3251 1813 3377 1883 ἄτερ
3453 1813 3788 1878 καταθέσεως

376 1897 542 1955 urbis
571 1915 702 1970 pars
733 1897 1205 1970 septentrionalis
1229 1895 1660 1969 conﬂagrasset,
1684 1913 1785 1953 eos
1818 1895 2023 1969 quivel

375 1989 587 2044 mdium
622 1987 704 2043 vel
724 1987 1313 2058 bonorumjacturam
1341 1987 1590 2042 iecerant
1613 1985 2028 2043 distributione

381 2075 639 2150 pecunias
671 2076 1012 2133 sublevavit.
1050 2075 1300 2148 Imperio
1332 2077 1574 2148 potitus,
1605 2076 1868 2148 quinque
1899 2075 2029 2132 auri

381 2165 740 2224 centenarios
797 2163 1022 2222 civibus
1074 2165 1291 2222 divisit.
1359 2164 1571 2237 Magna
1645 2165 2025 2230 hebdomade,

378 2273 504 2329 quae
533 2254 799 2328 supplicii
823 2254 975 2326 quod
1009 2255 1158 2311 Deus
1196 2258 1255 2310 et
1284 2253 1459 2310 homo
1491 2270 1595 2326 pro
1650 2253 1818 2310 nobis
1850 2252 2028 2309 subiit

381 2345 664 2402 memoria
695 2343 923 2411 colitur,
955 2343 1160 2400 viduas
1201 2343 1607 2416 eleemosynis,
1638 2341 2025 2416 pauperculae

375 2435 629 2504 virgines
657 2435 790 2490 dote
817 2434 974 2491 588
1030 2441 1084 2489 et
1113 2438 1351 2506 sumptu
1394 2433 1731 2505 nuptiarum
1754 2432 2020 2504 juvabat.

375 2523 572 2595 Neque
607 2540 736 2579 vero
767 2522 1024 2593 singulos
1051 2524 1336 2579 duntaxat
1357 2522 1644 2589 homines,
1674 2522 1901 2588 domos,
1934 2522 2022 2578 fa-

375 2611 566 2669 milias
618 2611 1024 2670 muniﬁcentia
1068 2628 1174 2668 sua
1222 2613 1540 2681 recreabat,
1581 2610 1679 2667 sed
1725 2610 2020 2667 interdum

374 2701 620 2758 urbibus
688 2701 929 2773 integris
979 2701 1264 2758 tributum
1319 2699 1662 2758 remittebat.
1703 2699 1774 2756 Ut
1823 2700 2024 2773 paucis

377 2792 754 2865 complectar,
789 2791 869 2846 ita
898 2807 1222 2863 propensus
1266 2797 1386 2847 erat
1439 2791 1509 2846 ad
1544 2789 2020 2858 misericordiam,

373 2880 840 2947 beneﬁcentiam,
865 2885 924 2935 et
951 2880 1192 2950 inopum
1241 2877 1720 2948 sublevationem,
1754 2882 1820 2934 ut
1847 2879 2018 2950 quic-

377 2970 521 3041 quid
560 2969 947 3038 undecunque
980 2981 1084 3039 per
1121 2967 1235 3022 vim
1266 2973 1320 3022 et
1349 2965 1625 3038 injuriam
1659 2973 1886 3038 partum
1921 2983 2017 3024 ac-

377 3061 632 3130 ceperat,
663 3057 721 3112 id
754 3072 962 3111 rursus
995 3059 1241 3128 utraque
1269 3071 1446 3111 manu
1478 3055 2018 3128 ell‘undcret.anue

377 3147 448 3202 de
481 3161 658 3201 causa
681 3141 790 3200 etsi
830 3143 1074 3215 pecunia
1103 3160 1138 3198 a
1193 3144 1542 3216 pauperibus
1579 3144 1928 3216 exigebatur,
1955 3144 2017 3202 in

377 3249 444 3290 eo
484 3247 676 3290 errore
709 3231 1042 3288 versabatur
1071 3236 1133 3288 ut
1162 3247 1224 3288 se
1263 3247 1378 3288 non
1411 3248 1652 3304 peccare
1681 3248 2024 3305 persuasum

372 3321 630 3391 haberet,
663 3321 816 3392 quod
850 3319 959 3377 hoc
990 3320 1162 3376 modo
1184 3320 1390 3378 iisdem
1423 3323 1844 3379 restitueretur.
1878 3322 2026 3380 Nam

373 3411 650 3468 immensi
683 3414 958 3483 sumptus
997 3410 1334 3468 efﬁciebant
1363 3419 1426 3468 ut
1455 3412 1513 3468 in
1549 3412 1869 3486 provincias
1899 3413 2030 3470 mit-

374 3511 515 3560 teret
545 3503 814 3560 homines
844 3507 1172 3576 corruptos,
1211 3504 1313 3576 qui
1367 3503 1745 3578 magistratus
1801 3506 2026 3564 auctio-

373 3597 670 3650 narentur.
709 3594 846 3660 Quae
877 3608 1051 3650 causa
1107 3598 1233 3650 erat
1283 3599 1343 3649 ut
1400 3610 1492 3650 res
1523 3595 1754 3667 publica
1783 3612 2021 3669 pessum

371 3681 647 3738 iret.Nam
674 3681 922 3762 pecunia
947 3698 1049 3754 per
1071 3682 1187 3738 vim
1208 3686 1265 3739 et
1293 3681 1556 3739 fraudem
1590 3684 2019 3756 quasitaetiam

371 3772 516 3828 bene
548 3777 775 3844 partam
810 3787 929 3828 una
961 3771 1288 3843 corrumpit
1317 3777 1376 3828 et
1431 3771 1709 3828 absumit.
1741 3773 2019 3837 Quamvis

371 3866 568 3917 autem
603 3877 822 3933 pronus
853 3860 911 3915 in
934 3859 1081 3916 iram
1109 3863 1283 3927 esset,
1306 3864 1503 3916 tamen
1537 3878 1641 3917 nec
1701 3878 1735 3918 a
1763 3861 2016 3919 clemen-

370 3949 452 4008 tia
482 3953 604 4006 erat
627 3950 878 4020 alienus,
915 3955 972 4006 et
1003 3949 1280 4006 saevitiam
1315 3949 1564 4006 subinde
1588 3951 2015 4019 moderabatur,

371 4043 429 4095 et
485 4038 882 4111 placabilitate
933 4038 1243 4094 hominum
1303 4055 1596 4095 erumnas
1652 4039 2010 4097 sublevabat.

370 4129 526 4197 Quae,
551 4127 780 4201 aliaque
811 4146 844 4183 a
883 4129 1052 4184 nobis
1082 4127 1231 4184 587
1297 4127 1668 4200 pretermissa
1697 4145 1828 4186 cum
1870 4130 2016 4187 face-

367 4221 476 4286 ret,
511 4233 572 4274 οε
605 4217 811 4290 palmae
843 4216 1031 4274 instar
1058 4215 1132 4273 ad
1163 4215 1382 4272 ﬂumen
1419 4215 1540 4272 sitae
1564 4216 1785 4286 ﬂorere,
1817 4223 1875 4274 et
1905 4220 2010 4275 im-

365 4307 525 4379 perio
575 4306 824 4363 solidius
897 4305 1141 4362 inﬁxum
1195 4321 1327 4362 esse
1403 4322 1580 4378 quam
1638 4305 1818 4363 solem
1867 4308 2008 4366 cmlo

362 4395 776 4465 arbitrabatur,
809 4398 866 4451 et
889 4400 952 4451 ut
981 4394 1162 4451 altam
1195 4396 1431 4451 cedrum
1479 4395 1685 4452 Libani
1717 4395 1776 4452 in
1802 4396 2008 4470 longas

361 4488 557 4541 estates
615 4484 988 4540 duraturum.
1023 4483 1182 4539 Idem
1243 4487 1300 4540 et
1330 4483 1480 4540 alius
1530 4484 1872 4556 iudicasset,
1904 4487 2004 4560 qui

2137 1901 2395 1978 ἀργυρίου
2472 1902 2553 1980 ἐφ’
2627 1901 2861 1977 ἡμέραις
2935 1901 3176 1958 πλείοσι.
3256 1898 3541 1960 Μετέεαλε
3616 1901 3674 1958 δε
3713 1903 3786 1966 εἷς

2136 1996 2491 2064 νοσοκομεῖον
2550 1990 2641 2045 καὶ
2700 1990 2829 2053 τοὺς
2891 1990 3216 2066 βασιλικοὺς
3266 1989 3478 2065 δόμους
3523 1991 3616 2056 οὕς
3656 1993 3786 2048 κατὰ

2134 2079 2226 2135 τὸν
2257 2081 2390 2135 νεὼν
2451 2085 2558 2136 τῶν
2611 2082 3030 2152 Τεσσαράκοντα
3090 2083 3380 2158 μαρτύρων
3440 2083 3469 2137 ὁ
3533 2081 3787 2158 βασιλεὺς

2138 2167 2484 2244 Ἀνδρόνικος
2537 2167 2878 2245 ἒδομγςσατο.
2936 2173 3057 2228 Ἔτι
3115 2191 3176 2248 γε
3235 2173 3345 2245 μὴν
3402 2172 3498 2227 τὸν
3547 2177 3646 2226 τοῦ
3701 2193 3789 2246 με·

2133 2257 2308 2334 γάλου
2366 2256 2733 2336 δρουγγαρίου
2781 2259 3198 2334 ὀνομαζόμενον
3260 2261 3407 2316 οἶκον
3454 2260 3515 2315 ἐκ
3561 2265 3659 2316 τοῦ
3716 2257 3793 2316 8s-

2136 2347 2434 2418 σπόζοντος
2463 2347 2840 2422 ὠνησάμενος,
2892 2349 3106 2423 ὁμοίως
3160 2349 3252 2404 καὶ
3307 2354 3500 2406 τοῦτον
3544 2349 3620 2412 είς
3666 2351 3793 2405 ἀνά-

2133 2458 2324 2511 παυμα
2367 2441 2475 2492 τῶν
2525 2439 2946 2513 καχεκτούντων
3009 2439 3282 2510 ἀπέταξεν,
3334 2436 3554 2500 οὐδενὸς
3603 2441 3786 2507 φεισά-

2137 2546 2294 2600 μενος
2344 2525 2519 2581 ὁπόσα
2575 2527 2710 2602 πρὸς
2763 2528 2928 2601 ῥῶσιν
2988 2528 3159 2603 ὁρῶσι
3213 2533 3320 2583 τῶν
3391 2527 3779 2587 ἀσθενοῦντων.

2135 2617 2237 2673 Καὶ
2263 2616 2434 2689 πυρὸς
2471 2617 2534 2672 τὸ
2590 2619 2954 2694 προσάρκτιον
3003 2618 3181 2692 κλίμα
3223 2625 3325 2688 τῆς
3382 2618 3600 2679 πόλεως
3647 2618 3786 2697 ἄφαρ

2129 2703 2395 2774 νίσαντος,
2458 2702 2728 2761 διαδόσεσι
2777 2708 3084 2786 χρημάτων
3140 2709 3267 2771 τοὺς
3326 2707 3379 2768 ἐς
3437 2705 3646 2782 δόμους
3694 2707 3782 2762 καί

2128 2794 2196 2850 τὰ
2223 2791 2363 2867 ,ὄντα
2423 2795 2800 2868 ζημιωθέντας
2869 2795 3223 2872 παρεκάλεσε.
3291 2795 3390 2851 Καὶ
3461 2797 3787 2872 βασιλεῦσας

2127 2885 2244 2942 τοῖς
2309 2879 2570 2944 πολίταις
2633 2879 2872 2956 διένειμε
2938 2884 3169 2958 χρυσίου
3233 2886 3550 2958 κεντηναρια
3608 2886 3784 2944 πέντε,

2130 2970 2238 3026 Καὶ
2278 2977 2378 3042 τῆς
2431 2969 2675 3047 μεγάλης
2743 2968 3052 3047 ἑϐδομᾶδος
3119 2973 3484 3053 ἐφισταμένης
3546 2976 3665 3041 καθ’
3721 2976 3789 3046 ἢν

2131 3059 2198 3114 τὰ
2235 3059 2369 3136 ὑπὲρ
2430 3062 2592 3134 ἡμῶν
2650 3065 2748 3116 τοῦ
2807 3063 3168 3138 Θεανορώπου
3230 3065 3379 3136 πάθη
3449 3059 3788 3134 σεϐἀζονται,

2137 3146 2354 3210 πολλάς
2390 3169 2448 3204 τε
2490 3144 2915 3224 ἆποϐαλομένας
2971 3151 3182 3224 θανάτῳ
3230 3151 3360 3214 τοὺς
3413 3151 3628 3214 εὑνὲτας
3675 3154 3790 3208 ἀνε-

2136 3242 2300 3294 κτᾶτο
2331 3246 2431 3309 τῆς
2463 3239 2694 3318 χηρείας
2747 3239 2815 3295 δι’
2869 3239 3114 3312 εὖποιας,
3171 3241 3261 3297 καῖ
3319 3244 3606 3317 παρθένοις
3661 3241 3792 3319 ἐχο-

2137 3332 2291 3407 ρήγει
2366 3331 2433 3386 τὰ
2506 3332 2643 3407 πρὸς
2711 3333 2996 3409 γαμήλιον
3053 3331 3194 3408 δόμα
3249 3335 3339 3390 καὶ
3395 3333 3645 3391 παστάδα
3699 3337 3791 3391 καὶ

2139 3419 2393 3493 ὑμέναιον
2423 3419 2726 3492 ἐπιτήδεια.
2762 3421 2838 3479 Οὐ
2881 3423 3050 3496 μόοον
3104 3420 3160 3479 δὲ
3215 3425 3334 3479 καθ’
3377 3421 3469 3480 ἕνα
3528 3425 3620 3480 καὶ
3669 3427 3791 3480 κατ’

2134 3510 2318 3573 οἴκους
2351 3511 2440 3566 καὶ
2501 3511 2812 3589 συγγενείας
2866 3510 3175 3588 ἐνεπίμπλα
3225 3511 3590 3593 φιλοδωρίας,
3643 3513 3789 3570 ἁλλᾶ

2127 3600 2218 3654 καῖ
2250 3599 2440 3663 πόλεις
2474 3598 2614 3656 ἔστιν
2645 3602 2736 3656 ’ὀτε
2767 3599 2900 3667 ὅλας
2929 3601 3212 3679 εὐηργέτει
3263 3609 3384 3666 ταῖς
3441 3609 3552 3660 τῶν
3603 3603 3785 3679 φόρων

2127 3687 2386 3744 ἀνέσεσιν.
2419 3694 2504 3751 Ὠς
2535 3685 2579 3742 δ’
2613 3687 2741 3751 ἔπος
2783 3688 2976 3764 εἶπεῖν,
3037 3690 3213 3753 οὕτως
3269 3688 3461 3770 ἔχαιρε
3510 3698 3589 3766 τῷ
3639 3691 3780 3766 ἐλέῳ

2125 3778 2216 3831 καὶ
2273 3779 2409 3853 πρὸς
2462 3781 2562 3849 τήν
2621 3783 2730 3834 τῶν
2791 3780 3157 3856 ἀγειρομένων
3215 3782 3516 3853 ἀπόκτησιν
3567 3779 3767 3856 ἔρῥωτο

2123 3867 2198 3928 ὡς
2228 3865 2518 3922 ἀπαντλεῖν
2547 3867 2880 3946 ἀμφοτέραις
2925 3869 2993 3924 τὰ
3045 3869 3415 3946 ἐπεισρὲοντα’
3465 3873 3573 3926 ὅθεν
3617 3869 3766 3941 αὑτῷ

2124 3953 2376 4012 ὑπεισὲδυ
2425 3959 2513 4012 καὶ
2567 3958 2824 4022 ὑπούλως
2873 3961 3278 4040 παρεισεφθάρη
3324 3962 3389 4016 τὸ
3441 3961 3516 4035 μὴ
3563 3959 3622 4015 ὲκ
3664 3960 3773 4014 πό-

2122 4067 2228 4120 ρων
2283 4045 2366 4100 ἀεί
2423 4068 2556 4103 ποτε
2613 4045 2838 4103 δικαίων
2893 4049 2960 4104 τὰ
3015 4051 3282 4124 χρήματα
3335 4049 3778 4126 συγκομίζεσθαι.

2120 4138 2232 4198 Τὰς
2262 4138 2364 4213 γὰρ
2410 4143 2516 4193 τῶν
2567 4135 2818 4195 δαπανῶν
2879 4140 3215 4216 ὑπερόγκους
3271 4147 3340 4217 τῇ
3401 4141 3639 4213 ἀσωτείᾳ
3692 4139 3782 4218 ἒγ-

2116 4225 2370 4300 γιζοῦσας
2431 4228 2482 4282 οἱ
2541 4226 2793 4284 πλεῖστοι
2859 4233 2935 4303 μὴ
3012 4231 3382 4309 ὑφορώμενοι,
3450 4231 3780 4308 εἶσπρᾶξεων

2119 4313 2400 4390 ἐφευρεταῖ
2431 4321 2627 4372 καινῶν
2699 4319 3082 4392 καθιστάμενοι
3141 4320 3218 4383 ὡς
3275 4321 3529 4398 γεωργίῳ
3587 4320 3781 4395 ἡμέρῳ

2123 4401 2346 4478 μελίνην
2381 4406 2416 4476 ἢ
2449 4403 2592 4482 ῥόδῳ
2623 4405 2903 4481 ἀνεμώνην
2931 4409 2998 4464 τὰ
3058 4410 3136 4482 μὴ
3191 4407 3378 4472 καλῶς
3434 4409 3567 4486 μηδ’
3615 4410 3778 4472 ὁσίως

2113 4493 2484 4570 συλλεγόμενοι
2559 4497 2898 4574 συμφῦρουσι
2975 4500 3241 4578 χρήματα
3310 4505 3433 4562 τοῖς
3540 4497 3777 4563 δικαίοις

360 4573 640 4644 optimam
673 4575 895 4644 partem
940 4571 1213 4643 elegisset
1243 4581 1296 4628 et
1327 4571 1646 4645 dilexisset,
1678 4589 1782 4631 nec
1835 4592 2004 4633 mun-

2126 4581 2466 4656 πορίσμασιν.
2521 4587 2832 4661 Κατάφορος
2887 4584 2933 4641 δ’
2992 4585 3067 4642 ὥν
3122 4587 3201 4650 εἷς
3261 4590 3434 4662 θυμὸν
3495 4587 3626 4644 οὐδὲ
3676 4594 3777 4644 τοῦ

360 4663 511 4718 dona
543 4661 826 4717 duntaxat
855 4665 1140 4728 curasset,
1181 4661 1285 4716 sed
1331 4666 1388 4718 et
1439 4661 1698 4718 futurum
1729 4664 2010 4722 saeculum

361 4749 620 4823 quotidie
653 4766 767 4822 pris
809 4747 996 4804 oeulis
1036 4748 1360 4805 habuisset.
1386 4749 1529 4806 Nam
1565 4750 1782 4808 bonum
1805 4758 1862 4809 et
1891 4771 2010 4811 ma-

360 4841 481 4896 lum
511 4838 570 4894 in
618 4836 1081 4908 uniuscujusque
1128 4840 1416 4909 potestate
1475 4842 1530 4893 et
1567 4838 1790 4908 judicio
1828 4841 2002 4899 situm

356 4933 468 4997 est,
501 4931 567 4984 ut
596 4927 657 4984 id
705 4925 923 4998 deligat
990 4929 1047 4981 et
1093 4929 1224 4998 agat
1255 4925 1409 4998 quod
1461 4929 1574 4983 Deo
1632 4935 1861 4999 gratum
1893 4935 2002 4990 est.

355 5019 516 5086 Quod
549 5017 646 5091 qui
675 5017 832 5085 facit,
865 5016 926 5071 in
959 5014 1174 5072 multos
1197 5031 1384 5072 annos
1432 5015 1690 5085 durabit,
1725 5021 2001 5088 quemad-

351 5109 593 5166 modum
655 5114 857 5166 contra
906 5105 1307 5180 improborum
1365 5105 1538 5162 vitam
1594 5105 1822 5165 brevem
1881 5109 2001 5167 lore

347 5198 616 5268 dicimus,
677 5196 973 5271 prophetae
1017 5195 1421 5252 auctoritatem
1451 5193 1658 5266 secuti,
1685 5196 1783 5269 qui
1842 5198 1999 5258 viros

345 5287 754 5360 sanguinarios
769 5291 826 5343 et
839 5285 1072 5343 dulosos
1088 5285 1158 5341 ad
1177 5283 1488 5340 dimidium
1515 5283 1743 5342 dierum
1759 5302 1995 5346 suorum

347 5385 718 5444 perventuros
749 5392 876 5432 esse
909 5383 1099 5449 negat.
1133 5375 1282 5432 Deus
1312 5390 1443 5431 vero
1483 5389 1600 5430 non
1659 5375 1738 5432 ita
1767 5379 1992 5437 statuit.

341 5461 480 5526 Quis
505 5480 638 5522 vero
670 5464 831 5522 novit
855 5474 1108 5523 mentem
1133 5462 1485 5530 Domini,aut
1515 5462 1588 5519 ab
1612 5479 1678 5521 eo
1711 5465 1768 5522 in
1801 5467 1991 5526 consi-

336 5549 480 5605 lium
503 5557 590 5607 est
624 5553 926 5610 adhibitus
959 5558 982 5612 ἲ

2123 4673 2438 4744 συμπαθοῦς
2469 4671 2640 4742 ἤθους
2669 4673 2972 4748 ἀπῴκιστο,
3007 4675 3135 4732 ἀλλ’
3181 4675 3342 4741 αὐτὸς
3394 4678 3586 4733 ἑαυτὸν
3638 4679 3776 4752 πρὸς

2123 4758 2403 4832 εὐμένειαν
2455 4759 2729 4838 ἐπανάγων
2787 4761 3091 4837 σύνδρομον
3146 4764 3421 4828 πολλάκις
3481 4765 3778 4836 ἐπεποίητο

2117 4851 2186 4921 τῇ
2218 4847 2356 4924 ὀργῇ
2403 4849 2502 4918 τὴν
2549 4850 2909 4924 συμπάθειαν,
2967 4854 3059 4908 καὶ
3111 4859 3236 4916 ταῖς
3296 4862 3610 4935 συμφοραῖς
3663 4860 3776 4910 τῶν

2118 4936 2416 5012 ἀνθρώπων
2476 4936 2856 5014 ἐπικλώμενος
2907 4943 2974 4998 τὰ
3033 4943 3168 5017 πρὸς
3227 4944 3504 5024 ὑφαίρεσιν
3563 4946 3778 5018 ἑκάστῳ

2113 5021 2400 5100 ἕπεμέτρει
2463 5031 2572 5082 τῶν
2650 5027 2932 5105 ἀλγεινῶν.
2993 5034 3176 5088 Ταῦτα
3233 5021 3291 5087 δὲ
3346 5034 3626 5108 πράττωνι
3680 5035 3774 5088 καί

2112 5112 2237 5170 ἀλλ’
2267 5114 2442 5171 ὁπόσα
2509 5118 2574 5172 τὸ
2633 5115 2808 5194 λέγειν
2858 5116 3224 5198 παρεδραμεν,
3265 5121 3474 5195 ᾤετοτῆ
3523 5123 3778 5198 βασιλείᾳ

2111 5201 2496 5284 ἐνεστηρίχθαι
2529 5206 2604 5269 ὠς
2663 5207 2787 5263 οὐδὲ
2827 5208 3061 5286 οὐρανίῳ
3109 5212 3460 5288 σφαιρώματι
3510 5212 3698 5284 ἣλιος,
3729 5211 3769 5283 ἤ

2107 5293 2196 5356 ὡς’
2265 5293 2530 5371 στέλεχος
2585 5295 2830 5375 φοίνικος
2897 5298 3002 5354 ὑπὸ
3086 5299 3265 5374 ὀσμῆς
3323 5300 3771 5376 ἆναθηλοῦμενος

2105 5379 2301 5446 ὕδατος
2333 5385 2424 5440 καὶ
2482 5383 2673 5461 κέδρος
2733 5382 3026 5459 Λιϐανίτης
3089 5387 3366 5464 ὑψίκομος
3422 5389 3477 5455 ἐς
3523 5390 3770 5454 κύκλους

2111 5469 2510 5548 διατηρηθῆναι
2580 5475 2937 5553 μακραιώνων
3005 5475 3288 5534 ἐνιαυτῶν.
3347 5482 3529 5537 Τοῦτο
3607 5479 3652 5536 δ’
3702 5480 3770 5536 ἄν

2107 5561 2200 5618 καὶ
2259 5561 2433 5626 ἄλλος
2500 5585 2584 5627 τις
2655 5565 2961 5622 ὑπετόπασε
3021 5568 3122 5638 τὴν
3182 5568 3393 5642 ἀγαθὴν
3465 5571 3766 5648 ἀποκρίνας

339 5633 534 5716 μερίδα
564 5639 654 5693 καὶ
683 5640 1086 5714 ἀσπασάμενος,
1118 5643 1208 5696 καὶ
1245 5644 1322 5716 μή
1348 5648 1465 5706 τοῖς
1521 5642 1655 5700 ἱπτᾶ
1714 5646 1880 5719 μόνον
1935 5647 2120 5718 διδοὺς
2180 5653 2244 5710 τὸ
2298 5653 2597 5732 ἀνάλογον,
2657 5654 2805 5714 ἀλλᾶ
2859 5656 2950 5714 καὶ
3003 5633 3088 5714 τὸν
3135 5633 3242 5730 τῆς.
3291 5633 3494 5734 ὀγδόης
3555 5633 3764 5737 μυστή-
