4028 6218
306 385 435 450 817
1442 388 1539 447 DE
1582 386 1893 450 ISAACIO
1934 387 1964 445 Α

2072 387 2247 447 iELO
2289 387 2445 449 LIB.
2494 388 2604 450 III.
3624 393 3744 453 818

320 541 438 597 ριον
490 516 638 601 ἔχων
695 521 803 596 πρὸ
863 518 1188 600 ὀφθαλμῶν,
1245 521 1334 576 καὶ
1390 526 1471 594 τῷ
1526 527 1627 592 τῆς
1683 518 1764 600 ἐφ’
1822 520 2046 595 ἑκάτερα
2102 520 2278 594 ῥοπῆς
2333 523 2419 595 [Ρ.
2485 525 2610 595 286]
2666 521 2868 598 Κύριος
2926 522 3056 576 εἶναι
3114 519 3438 598 προσρέπων
3501 529 3596 600 μὲν
3655 529 3739 583 ἀεὶ

310 618 428 674 τοῖς
485 610 791 686 ἀμείνοσιν,
857 616 975 674 τοῖς
1031 611 1078 668 δ’
1140 611 1401 674 ἐναντίοις
1461 611 1867 688 ἐπινηχόμενος
1932 607 2177 686 βράδιον,
2238 609 2365 667 ἀλλ’
2425 611 2487 668 οὑ
2544 612 2829 689 γινόμενος
2890 609 3253 689 ὑποϐρύχιος.
3313 616 3441 678 Θεὸς
3501 614 3558 671 δὲ
3631 619 3733 696 οὐχ

317 700 463 756 οὕτω
498 696 858 775 βεϐούληται.
908 700 1006 765 Τίς
1065 699 1111 756 δ’
1168 695 1310 777 ἔγνω
1358 705 1482 756 νοῦν
1534 687 1934 776 Κυρίου,ἤτίς
1993 698 2477 774 συμπαρείληπται
2540 687 2592 756 οἱ
2650 687 3289 776 σύμϐουλοςγἊμέλει
3346 705 3436 757 καὶ
3493 687 3739 761 ἐκποδῶν

310 792 403 846 τὸν
455 788 624 863 ἄνδρα
681 790 861 845 θέσθαι
922 791 985 846 τὸ
1044 792 1190 846 θεῖον
1246 792 1767 866 προμηθευσάμενον
1821 787 2014 864 ἀρίστῃ
2073 787 2259 863 πράξει
2317 790 2407 844 καὶ
2476 787 2747 864 καλλίστῃ
2835 790 3114 864 προθυμίᾳ
3190 797 3560 867 συνεπεγεῖραν
3616 793 3734 848 οἷον

310 879 475 934 αὑτὸν
504 878 593 934 καὶ
626 876 937 955 ἐπιρῥῶσαν
969 882 1278 955 χρήσασθαι
1308 879 1577 934 ἀσπαστὸν
1605 878 1693 933 καῖ
1730 877 1863 954 μετά
1892 878 1992 946 τὴν
2022 876 2274 931 ἀπόθεσιν
2304 883 2405 947 τῆς
2436 877 2617 954 ἀρχῆς
2645 884 2764 941 τοῖς
2794 877 3042 934 πλείοσιν
3071 874 3260 949 ἔδειξε.

391 969 461 1038 η’·
496 968 589 1036 Μή
622 968 799 1045 φέρειν
828 969 932 1044 γὰρ
960 962 1104 1044 ἔχων
1135 970 1233 1030 τὰς
1289 969 1424 1041 μετά
1475 969 1697 1023 Σκυθῶν
1752 963 1964 1041 ἐπιδρο-

2155 968 2209 1022 8.
2256 971 2537 1026 Caeterum
2585 985 2719 1025 cum
2778 985 2909 1026 eum
2969 969 3041 1025 ab
3096 970 3343 1042 imperio
3403 975 3738 1028 remoturus

313 1057 418 1131 μὰς
457 1058 549 1112 καὶ
583 1055 840 1131 λῃστείας
871 1062 978 1113 τῶν
1030 1055 1290 1133 Βλάχων,
1341 1056 1725 1130 πληττόμενος
1774 1054 1831 1111 δὲ
1881 1055 1971 1109 καὶ

306 1151 390 1219 τῷ
422 1147 512 1202 τὸν
566 1143 720 1201 Γίδον
782 1145 1024 1219 Ἀλέξιον
1066 1147 1157 1201 καὶ
1214 1147 1309 1201 τὸν
1358 1147 1598 1217 Βατάζην
1661 1143 1972 1211 Βασίλειον,

310 1238 387 1292 ὧν
418 1238 447 1291 ὁ
484 1236 579 1309 μὲν
608 1239 717 1291 τῶν
751 1236 939 1309 Ἐῲων
972 1238 1164 1313 ἡγεῖτο
1192 1236 1504 1311 ταγμάτων,
1538 1238 1565 1291 ὁ
1598 1232 1654 1290 δὲ
1687 1233 1970 1305 Βατάτζης

310 1332 422 1383 τῶθ
454 1325 753 1399 Ἑσπερίων
804 1323 1182 1400 προὺκάθητο,
1231 1324 1647 1399 συμπλακὲντας
1696 1329 1818 1384 τοῖς
1867 1343 1966 1378 πο-

310 1414 530 1488 λεμίοις
574 1408 795 1491 ἔγγιστά
852 1435 958 1469 που
1010 1418 1106 1469 τοῦ
1172 1413 1519 1486 πολίσματος
1586 1411 1648 1467 οὗ
1703 1410 1968 1486 δομήτωρ

309 1500 602 1579 Ἀρκάδιος
652 1504 727 1576 μὴ
779 1503 944 1577 μόνον
997 1500 1149 1557 οὐδέν
1216 1524 1271 1557 τι
1337 1499 1755 1577 κατωρθωκέναι
1819 1521 1968 1577 ’χρη-

307 1593 459 1660 στὸν,
491 1591 634 1649 ἀλλά
662 1594 756 1648 τόν
817 1592 911 1666 μὲν
968 1590 1126 1647 Γίδον
1180 1593 1437 1667 ἀκόσμως
1493 1597 1686 1669 φυγεῖν
1739 1589 1968 1646 ἀπολω-

306 1682 510 1740 λεκότα
548 1683 610 1737 τὸ
658 1686 902 1756 κρεῖττον
953 1689 1053 1751 τῆς
1120 1688 1395 1757 στρατιᾶς,
1450 1682 1541 1737 τὸν
1597 1677 1656 1736 δὲ
1722 1681 1969 1758 συμφθα-

308 1777 477 1846 ρῆναι
506 1776 626 1832 ταῖς
685 1771 774 1825 ὑπ’
827 1770 985 1825 αὑτὸν
1045 1770 1275 1842 τάξεσιν,
1333 1764 1469 1847 ἔγνω
1526 1767 1616 1824 καὶ
1671 1765 1837 1822 πάλιν
1898 1764 1969 1821 δι’

306 1860 507 1915 ἑαυτοῦ
539 1858 673 1913 κατὰ
727 1864 836 1912 τῶν
895 1856 1210 1913 ἀντιπάλων
1273 1857 1638 1935 ἐξενέγκασθαι
1693 1854 1963 1928 πόλεμον.

307 1946 592 2022 Συλλογαὶ
643 1947 735 2002 οὑν
794 1947 884 2002 καὶ
938 1946 1248 2025 ἀπογραφαί.
1306 1950 1413 2001 τῶν
1471 1947 1798 2019 Ῥωμαϊκῶν
1855 1942 1965 2019 ἐγί-

304 2057 464 2095 νοντο
492 2036 929 2111 στρατευμάτων,
980 2035 1080 2090 οὑκ
1129 2037 1352 2111 ἀχρεῖον
1405 2034 1463 2091 δὲ
1509 2036 1600 2091 καὶ
1646 2035 1708 2091 τὸ
1771 2035 1960 2108 μισθο-

297 2128 532 2205 φορικὸν
566 2125 905 2202 συνελέγετο.
940 2130 1166 2199 Ῐιεμψας
1199 2124 1255 2182 δὲ
1284 2127 1374 2182 καὶ
1423 2126 1560 2202 πρὸς
1608 2126 1703 2181 τὸν
1753 2123 1963 2180 ἐκείνου

296 2216 560 2292 πενθερὸν
585 2216 676 2271 τὸν
710 2216 854 2291 ῥῆγα
881 2219 989 2270 τῶν
1041 2212 1256 2272 Οὕννων
1304 2212 1373 2270 δι’
1428 2213 1730 2284 ἐπικούρων
1775 2213 1961 2288 ᾐτεῖτο

299 2306 582 2380 σῦναρσιν.
637 2309 699 2362 Ὁ
756 2302 816 2359 δὲ
865 2304 1115 2377 ἀσμένως
1181 2304 1465 2379 ἐπαρήξειν
1551 2301 1817 2372 ἐπένευσε,
1871 2323 1962 2373 καί

301 2393 397 2451 διά
422 2402 526 2465 τῆς
582 2391 805 2465 Βιδίνης
860 2393 1157 2468 ἐκπέμψειν
1216 2393 1337 2456 ἴλας
1394 2394 1641 2459 συνέθετο
1695 2393 1964 2469 στρατιώ-

296 2483 481 2549 τιδας.
527 2488 893 2561 ’Ἄποχρῶσαν
949 2482 1042 2539 οὖν
1100 2484 1199 2552 τήν
1258 2488 1355 2539 τοῦ
1410 2481 1777 2557 στρατοπέδου
1836 2480 1962 2554 ξυλ-

297 2574 479 2650 λογὴν
510 2573 898 2651 ἐργασάμενος,
940 2573 1032 2628 καὶ
1091 2574 1251 2629 πέντε
1313 2575 1412 2647 μὲν
1469 2573 1608 2650 πρὸς
1664 2579 1779 2635 τοῖς
1835 2569 1966 2627 δέκα

296 2663 539 2743 χρυσίου
604 2664 1062 2736 ἐνσκευασάμενος
1152 2662 1498 2737 κεντηνάρια,
1584 2661 1843 2738 ἀργυρίου
1911 2659 1957 2715 δ’

298 2756 593 2827 ἐνθέμενος
668 2754 798 2828 ὑπὲρ
871 2752 940 2808 τὰ
1014 2753 1295 2823 ἑξήκοντα,
1373 2753 1462 2808 καὶ
1534 2751 1674 2827 ’ἕτερ’
1732 2751 1865 2806 ἅττα
1891 2754 1961 2825 τῇ

303 2848 535 2918 στρατιᾷ
593 2840 1020 2919 ἐφοδιασάμενος
1079 2843 1354 2916 χρήσιμα,
1396 2840 1532 2896 κατᾶ
1573 2841 1671 2903 τάς
1721 2839 1966 2915 Μαρτίου

308 2936 528 3009 ἡμέρας
595 2940 695 3002 τῆς
767 2928 1050 3008 βασιλίδος
1110 2936 1220 2987 τῶν
1284 2930 1499 2987 πόλεων
1547 2926 1756 3004 ἔξεισιν,
1812 2929 1964 3009 ἀφεὶς

303 3022 498 3079 ἑαυτὸν
543 3026 680 3094 Θεῷ,
741 3021 831 3076 καὶ
884 3021 1022 3077 κατὰ
1072 3025 1182 3075 τῶν
1246 3016 1534 3097 βαρϐάρων
1593 3019 1849 3093 στηρίξας
1901 3018 1965 3074 τὸ

301 3111 446 3168 ἴδιον
477 3113 770 3187 πρόσωπον
810 3110 905 3166 καὶ
934 3110 1045 3175 θεῖς
1100 3109 1228 3165 ὡσεὶ
1276 3108 1485 3184 πέτραν
1543 3109 1672 3164 αὑτὸ
1725 3109 1964 3186 στερεὰν,

298 3211 395 3267 καὶ
426 3209 551 3284 ὅρον
605 3217 704 3278 τῆς
770 3207 1175 3283 ἐπαναστροφῆς
1237 3206 1459 3280 θέμενος
1513 3209 1575 3263 τὸ
1631 3206 1797 3281 πέρας
1855 3210 1963 3262 τῶν

302 3300 485 3376 ἔργων
531 3301 606 3353 ὧν
648 3297 811 3377 χάριν
861 3297 997 3353 κατά
1046 3302 1152 3353 τῶν
1205 3297 1523 3353 ἀποστατῶν
1575 3295 1962 3372 ἐξεστράτευεν,

302 3391 356 3446 εἶ
389 3389 485 3462 μὲν
519 3386 692 3457 δεξιὸν
740 3386 825 3457 εἴη
877 3385 1061 3457 τοῦτο,
1124 3386 1460 3451 ἐπανατιθείς
1507 3390 1589 3459 τῷ
1632 3390 1770 3458 Θεῷ,
1824 3384 1869 3441 εἰ
1918 3382 1965 3438 δ’

305 3478 590 3546 ἀπαίσιον,
658 3480 791 3554 Ἀπερ
848 3477 1160 3552 ἀπηύχετο,
1243 3477 1332 3531 καὶ
1395 3475 1538 3531 οὕτω
1593 3480 1703 3531 τῶν
1762 3475 1964 3530 ἐκείνου

306 3569 598 3644 χριμάτων
650 3566 884 3642 ἒξαρτῶν
974 3565 1137 3621 εἰσέτι
1223 3563 1617 3640 δοκιμάζοντος
1700 3568 1799 3635 τὴν
1856 3568 1964 3620 τῶν

308 3657 658 3736 ἁμαρτωλῶν
720 3653 924 3733 ῥάϐδον
974 3656 1262 3711 πατάσσειν
1318 3657 1410 3710 τὸν
1452 3653 1660 3730 κλῆρον
1712 3658 1820 3710 τῶν
1880 3652 1962 3710 δι-

304 3749 502 3806 καίων.
538 3747 698 3803 Καὶὸ
731 3747 825 3820 μὲν
877 3743 1094 3819 ἀπαίρει
1143 3749 1392 3800 τοιοῦτον
1441 3744 1650 3822 τρέφων
1710 3744 1772 3798 τὸ
1827 3744 1964 3819 πρό-

302 3851 482 3913 θυμον
515 3836 607 3892 καὶ
641 3837 810 3909 ὁμόσε
838 3838 908 3909 τῇ
956 3836 1107 3909 ἀκμῇ
1157 3838 1256 3889 τοῦ
1302 3832 1556 3889 κινδύνου
1600 3838 1821 3909 χωρῶν
1855 3836 1890 3903 ἡ
1918 3830 1965 3888 δ’

301 3926 674 4004 ὑπερκειμένη
706 3926 924 3981 πάντων
982 3924 1109 3999 χεὶρ
1158 3922 1249 3977 καὶ
1301 3922 1448 4000 ῥοπή
1502 3917 1578 3977 ἔτι
1627 3923 1695 3992 ἦν
1750 3921 1965 3997 ὑψηλὴ,

301 4016 421 4074 οὐδ’
454 4018 484 4072 ὁ
512 4020 611 4072 τοῦ
648 4016 957 4090 κρείττονος
1010 4011 1324 4091 ἀπεστράφη
1381 4012 1573 4087 θυμὸς,
1629 4013 1702 4075 ὡς
1746 4010 1962 4083 ἔδειξεν,

298 4106 392 4163 ἐπὶ
427 4111 599 4162 πᾶσαν
650 4106 737 4164 οἷς
791 4104 845 4159 οἱ
907 4101 1131 4180 Βλάχοι
1187 4101 1607 4177 κραταιωθέντες
1662 4101 1968 4179 προηγωνί-

300 4218 485 4253 σαντο.
530 4195 627 4250 Καὶ
686 4194 836 4250 οὕτω
895 4194 990 4268 μὲν
1048 4194 1100 4248 οἱ
1160 4193 1434 4272 ὀφθαλμοὶ
1487 4197 1585 4248 τοῦ
1638 4197 1962 4268 κρατοῦντος

298 4289 396 4343 ἐπὶ
426 4286 556 4347 τοὺς
604 4282 1144 4360 παραπικραίνοντας
1201 4277 1431 4338 ἔϐλεπον
1491 4283 1820 4353 ἀποστάτας,
1871 4280 1961 4337 καὶ

298 4383 385 4451 τῷ
414 4376 749 4449 διανοητικῷ
780 4374 986 4431 ἐκείνου
1031 4372 1099 4428 τὰ
1146 4372 1428 4450 ἀφεστῶτα
1475 4372 1752 4449 πὸῥρωθεν
1800 4372 1963 4450 ἐφαν-

296 4470 556 4537 τάζοντο’
616 4468 669 4521 οἱ
712 4463 769 4521 δέ
814 4487 877 4542 γε
931 4467 1126 4520 τοῦτον
1183 4468 1285 4532 τῆς
1343 4461 1522 4538 ἀρχῆς
1580 4462 1964 4535 ἀνατρέψοντες

300 4560 395 4633 [Ρ.
458 4557 588 4629 287]
659 4553 822 4632 ἐγγὺς
876 4551 1021 4615 ὄντες
1096 4546 1526 4625 παρεϐλέποντο,
1606 4549 1697 4605 καὶ
1753 4550 1816 4605 τὸ
1872 4549 1961 4630 ἀφ’

301 4648 490 4711 ἱστίας
524 4644 741 4703 σκῶλον
800 4643 874 4706 ὠς
934 4643 1011 4716 μὴ
1070 4641 1455 4721 παρονοχλοῦν
1513 4640 1961 4717 ὑπεραλλόμενος

297 4738 397 4807 ἦν.
429 4736 533 4793 Καὶ
580 4734 763 4789 καινὸν
805 4729 980 4799 οὐδὲν,
1030 4730 1143 4786 ἐπεὶ
1199 4732 1289 4785 καὶ
1343 4731 1442 4793 τὰς
1490 4725 1964 4805 παραϐλαστανοὺ-

298 4846 401 4887 σας
458 4822 648 4886 κακίας
699 4821 822 4884 ταῖς
881 4821 1096 4895 ἀρεταῖς
1153 4817 1486 4895 ἀγχιθόρους
1540 4819 1700 4889 ἢκαὶ
1760 4819 1961 4896 φεραλ-

300 4913 521 4984 λήλους
580 4910 819 4986 μάλιστα
859 4906 1019 4971 οὔσας
1079 4906 1187 4982 οὑχ
1234 4908 1361 4982 ὁρᾷν
1413 4907 1487 4970 ὠς
1547 4906 1671 4964 δέον
1723 4911 1851 4983 ὁρᾷν
1908 4911 1960 4964 οἱ

297 5008 558 5059 πΛεῖστοι
611 5006 721 5057 τῶν
776 4998 1074 5073 ἀνθρώπων
1121 4995 1482 5072 αἱρούμεθα-ἤ
1517 4994 1801 5072 δυνάμεθα.
1850 5002 1961 5055 Ἐῶ

2080 1057 2529 1126 esset,animum
2561 1060 2687 1130 ejus
2710 1059 2783 1114 ad
2810 1074 2901 1115 res
2928 1059 3238 1131 praeclaras
3274 1063 3450 1131 atque
3480 1061 3733 1133 optimas

2078 1144 2368 1213 excitavit,
2397 1151 2460 1203 ut
2488 1163 2555 1203 eo
2594 1148 2768 1204 etiam
2802 1148 3021 1204 amisso
3077 1148 3371 1220 plerisque
3402 1148 3619 1206 charus
3670 1155 3729 1206 et

2078 1237 2315 1305 optatus
2362 1242 2532 1292 esset.
2567 1237 2713 1295 Nam
2763 1252 2896 1293 cum
2949 1236 3295 1294 Blachorum
3330 1254 3461 1294 cum
3495 1238 3725 1310 Scythis

2076 1323 2229 1380 588
2276 1324 2641 1381 incursiones
2682 1329 2739 1382 et
2792 1326 3100 1383 latrocinia
3150 1327 3295 1384 ferre
3326 1343 3442 1383 non
3501 1331 3718 1399 posset,

2073 1416 2250 1484 atque
2307 1413 2504 1470 animo
2563 1414 2982 1487 percelleretur
3038 1416 3192 1487 quod
3248 1416 3484 1473 Aleaius
3542 1416 3729 1472 Guido

2073 1500 2456 1558 Orientalium
2489 1506 2546 1559 et
2575 1505 2833 1561 Batatzes
2864 1503 3114 1562 Basilius
3156 1505 3620 1562 Occidentalium
3654 1505 3730 1562 le.

2072 1588 2314 1662 gionum
2366 1591 2504 1659 dux,
2540 1610 2721 1666 prope
2771 1593 3197 1665 Arcadiopolim
3256 1610 3390 1649 cum
3452 1594 3735 1651 hostibus

2071 1680 2387 1753 congressi,
2420 1699 2538 1738 non
2572 1683 2745 1740 modo
2794 1698 2919 1738 rem
2951 1682 3102 1739 male
3143 1683 3488 1755 gessissent,
3521 1700 3725 1739 verum

2069 1769 2243 1826 etiam
2292 1772 2475 1828 Guido
2506 1772 2728 1830 amissa
2757 1772 2979 1844 majore
3032 1772 3321 1829 exercitus
3354 1780 3515 1845 parte
3545 1773 3729 1830 eﬂ'use

2071 1859 2334 1931 fugisset,
2364 1860 2504 1917 alter
2539 1876 2668 1918 vero
2722 1878 2838 1916 una
2869 1877 3001 1917 cum
3056 1862 3179 1918 suis
3220 1861 3405 1934 capiis
3440 1861 3727 1933 periisset,

2069 1951 2262 2007 denuo
2315 1964 2421 2006 suo
2450 1951 2629 2006 ductu
2662 1949 2902 2023 suisque
2945 1950 3226 2022 auspiciis
3266 1967 3427 2006 arma
3464 1951 3728 2007 hostibus

2067 2039 2283 2096 inferre
2331 2041 2555 2097 statuit.
2585 2041 2956 2112 Colliguntur
2998 2046 3055 2096 et
3104 2040 3569 2097 conscribuntur
3599 2041 3729 2095 ubi»

2067 2145 2175 2200 que
2224 2129 2499 2185 Romana
2555 2128 2836 2200 legiones,
2867 2145 3057 2200 neque
3109 2145 3283 2201 parva
3336 2129 3554 2184 auxilia
3580 2146 3728 2185 con-

2067 2217 2385 2274 ducuntur.
2430 2216 2710 2289 Implorat
2750 2221 2809 2272 et
2841 2217 3024 2273 soceri
3086 2216 3177 2271 sui
3228 2216 3539 2287 Hungaria:
3571 2216 3726 2289 regis

1998 2341 2040 2406 Β
2073 2323 2243 2380 opem
2277 2328 2292 2377 ;
2324 2312 2382 2363 et
2442 2306 2613 2363 facile
2652 2306 2929 2379 impetrat
2981 2310 3044 2361 ut
3098 2306 3150 2363 is
3203 2322 3266 2362 sc
3313 2323 3415 2379 per
3444 2306 3724 2379 Bidyuam

2074 2397 2390 2454 auxiliares
2445 2401 2668 2452 turmas
2739 2396 3061 2452 missurum
3122 2395 3481 2468 polliceatur.
3542 2396 3729 2468 Igitur

2069 2487 2225 2558 justo
2256 2486 2510 2543 exercitu
2544 2485 3202 2558 munitus,depromptis
3229 2485 3357 2540 auri
3389 2485 3723 2558 quindecim

2073 2584 2130 2636 et
2160 2577 2385 2650 argenti
2418 2576 2673 2649 amplius
2723 2576 3024 2649 sexaginta
3053 2575 3424 2647 centenariis,
3471 2577 3725 2633 caeteris-

2077 2683 2189 2740 que
2249 2668 2425 2724 rebus
2483 2667 2711 2723 idoneis
2759 2667 3104 2735 instructus,
3155 2667 3432 2723 omnibus
3479 2668 3730 2740 negotiis

2077 2758 2202 2815 suis
2256 2756 2374 2813 Deo
2434 2756 2736 2828 permissis
2768 2772 2973 2812 mense
3011 2757 3214 2812 Martio
3247 2757 3390 2812 urbe
3413 2758 3729 2829 egreditur,

2074 2845 2269 2904 animo
2317 2849 2518 2902 contra
2570 2845 2857 2902 Barbaros
2888 2845 3116 2902 intento
3164 2849 3221 2901 et
3276 2846 3604 2915 obﬁrmato,
3636 2862 3725 2901 re-

2076 2935 2235 2991 ditus
2270 2949 2406 2991 vero
2448 2950 2564 2990 non
2617 2931 2729 2990 alio
2781 2934 3030 2991 termino
3089 2935 3322 3007 praeﬁxo
3382 2935 3496 2991 nisi
3530 2935 3628 2991 ubi
3661 2950 3733 2991 ea

2076 3024 2422 3082 confecisset
2456 3027 2688 3095 propter
2719 3039 2845 3095 quae
2885 3023 3315 3095 expeditionem
3346 3024 3723 3081 instituisset.

2075 3113 2297 3180 Quodsi
2348 3128 2594 3185 prosper
2620 3117 2773 3169 esset
2822 3121 3084 3180 eventus,
3135 3127 3272 3169 eum
3332 3114 3443 3170 Deo
3475 3131 3537 3170 se
3567 3129 3728 3170 acce-

2077 3213 2240 3277 ptum
2273 3202 2535 3259 laturum
2571 3218 2585 3258 :
2618 3202 2709 3259 sin
2742 3203 3018 3279 adversus
3050 3202 3247 3274 (quem
3275 3203 3725 3275 deprecaretur).

2075 3298 2132 3350 et
2183 3293 2341 3348 hunc
2393 3292 2558 3348 illius
2609 3291 2830 3363 judicio
2888 3292 3341 3363 permittendum
3403 3293 3559 3350 589
3629 3294 3728 3364 qui

2075 3395 2291 3448 sortem
2342 3391 2640 3462 justorum
2691 3390 2915 3447 diutius
2946 3390 3105 3462 virga
3158 3394 3526 3463 peccatorum
3585 3392 3727 3449 cazdi

2075 3480 2262 3539 vellet.
2321 3481 2444 3544 Quo
2502 3479 2700 3535 animo
2731 3486 2786 3535 et
2816 3478 3060 3536 consilio
3121 3495 3252 3535 cum
3284 3481 3352 3535 ad
3429 3497 3726 3537 summum

2073 3569 2389 3626 discrimen
2442 3572 2729 3641 pergeret,
2762 3567 2862 3624 Dei
2897 3585 3110 3625 manus
3158 3576 3214 3624 et
3246 3573 3501 3640 potestas
3532 3570 3724 3625 adhuc

2074 3657 2304 3715 excelsa
2351 3663 2497 3726 erat,
2530 3673 2717 3729 neque
2759 3657 3021 3714 numinis
3075 3658 3161 3713 ira
3192 3658 3431 3730 placata,
3468 3662 3529 3713 ut
3559 3674 3730 3714 even-

2073 3750 2165 3803 tus
2197 3746 2416 3815 docuit,
2461 3746 2695 3803 Blachis
2726 3744 3027 3802 victoriam
3078 3750 3280 3802 contra
3334 3762 3438 3801 nos
3470 3746 3725 3818 adeptis.

2072 3836 2211 3891 Cum
2246 3843 2442 3892 autem
2492 3835 2860 3907 imperatoris
2911 3834 3064 3891 oculi
3095 3835 3331 3890 acerbos
3365 3834 3556 3890 hostes
3587 3851 3722 3906 spe-

2071 3930 2318 3993 ctarent,
2350 3929 2407 3981 et
2461 3925 2733 3997 cogitatio
2782 3924 2953 3996 longe
2983 3929 3204 3979 remota
3249 3930 3722 3997 prosequeretur,

2036 4035 2187 4075 .non
2245 4016 2481 4073 videbat
2511 4032 2644 4073 eum
2700 4033 2734 4072 a
2763 4032 2880 4087 quo
2936 4014 3182 4086 imperio
3240 4015 3544 4087 pellendus
3574 4021 3720 4084 erat,

2069 4122 2246 4180 prope
2276 4111 2561 4163 astantem
2595 4109 2653 4161 et
2708 4121 2939 4162 summa
2973 4104 3154 4160 animi
3209 4106 3593 4163 consensione
3622 4123 3724 4176 per

2069 4197 2269 4253 omnia
2315 4197 2718 4269 conjunctum,
2761 4198 2817 4250 et
2865 4193 3249 4249 domesticum
3299 4194 3721 4252 oti'ensaculum

2069 4290 2135 4342 ut
2165 4285 2338 4358 plane
2385 4284 2691 4341 innoxium
2734 4282 3120 4339 transiliebat.
3176 4283 3373 4355 Neque
3406 4284 3464 4339 id
3491 4288 3581 4340 est
3616 4285 3720 4340 mi-

2069 4378 2346 4441 randum,
2378 4374 2651 4447 quoniam
2704 4372 2984 4429 mortales
3032 4373 3171 4429 vitia
3194 4373 3361 4444 juxta
3388 4373 3630 4429 virtutes
3661 4374 3721 4429 in

2068 4464 2397 4537 prapinquo
2424 4469 2481 4520 et
2513 4464 2572 4519 in
2607 4463 2806 4519 eadem
2840 4478 3021 4535 prope
3063 4462 3248 4533 stirpe
3277 4463 3574 4519 nascentia
3604 4478 3724 4518 cer-

2069 4570 2204 4611 nere
2234 4559 2335 4609 aut
2367 4554 2641 4610 nolumus
2673 4560 2770 4609 aut
2802 4551 3219 4624 nequimus.Ut
3248 4568 3363 4608 non
3395 4553 3586 4609 dicam
3628 4568 3727 4607 na-

2066 4649 2201 4702 tura
2229 4663 2262 4701 a
2293 4644 2460 4701 nobis
2487 4644 2927 4717 quodammodo
2959 4643 3301 4700 charitatem
3331 4660 3470 4717 erga
3500 4660 3592 4700 res
3624 4660 3724 4700 no-

2066 4739 2217 4791 stras
2248 4750 2378 4790 esse
2407 4734 2665 4805 insitam,
2701 4750 2815 4805 qua
2859 4733 3112 4790 devincti
3143 4738 3201 4789 et
3253 4734 3722 4791 remollescentes

2067 4823 2240 4881 malis
2297 4824 2603 4880 affectibus
2627 4832 2682 4879 et
2744 4823 3072 4880 actionibus
3128 4827 3248 4880 tam
3297 4823 3512 4881 nostris
3541 4841 3717 4895 quam

2066 4914 2549 4971 charissimorum
2600 4913 2840 4986 segnius
2886 4913 3246 4969 resistamus.
3280 4913 3400 4978 Quo
3433 4913 3494 4967 ﬁt
3526 4918 3586 4967 ut
3615 4928 3716 4967 ve-

2067 5003 2171 5060 luti
2206 5004 2397 5061 surdis
2447 5003 2688 5061 auribus
2716 5018 2917 5060 eorum
2947 5002 3121 5059 verba
3156 5004 3590 5073 praetereamus,
3622 5000 3720 5070 qui

296 5095 408 5170 γὰρ
441 5091 621 5168 λέγειν
676 5091 760 5148 ὃτι
817 5109 917 5163 περ
976 5086 1352 5159 ἐνεσημήνατό
1402 5107 1521 5149 πως
1567 5089 1702 5157 ἡμῖν
1734 5090 1769 5158 ἡ
1802 5089 1962 5169 φύσις

2078 5097 2412 5151 nostrorum
2451 5093 2717 5166 improba
2744 5093 2896 5149 facta
2926 5094 3404 5148 commemorant.
3433 5088 3528 5145 Sic
3564 5089 3724 5144 Isaa-

294 5182 395 5238 καὶ
471 5179 778 5259 ένεφότευσε
833 5177 972 5252 πρὸς
1028 5176 1095 5231 τὰ
1174 5173 1349 5229 οἰκεῖα
1431 5178 1786 5248 συμπάθειαν,
1871 5176 1963 5233 καὶ

298 5267 614 5341 συνδήσασα
668 5267 748 5341 τῷ
808 5264 1023 5342 φίλτρῳ
1075 5260 1340 5319 ἐνδιδόναι
1416 5265 1508 5319 καὶ
1569 5265 1960 5340 μαλακίζεσθαι

296 5360 443 5434 πρὸς
472 5360 569 5420 τὰς
626 5358 838 5436 φαύλας
888 5349 1023 5425 ἔξεις
1081 5353 1172 5408 καὶ
1220 5352 1439 5429 πράξεις
1498 5355 1701 5412 ἑαυτῶν
1756 5377 1816 5412 τε
1871 5357 1961 5412 καὶ

295 5455 410 5507 τῶν
481 5446 661 5523 φίλων
721 5447 951 5524 ἐνιαχοῦ
1008 5436 1425 5517 παραϐιάζεται,
1481 5443 1570 5499 καὶ
1633 5446 1708 5518 μὴ
1764 5443 1965 5518 ῥᾳδίως

305 5538 606 5617 ὑπάγεσθαι
636 5534 905 5606 διατίθησι
946 5536 1065 5595 τοῖς
1125 5532 1488 5587 ἐπαντλοῦσιν
1528 5532 1603 5595 ὠς
1646 5532 1723 5594 εἰς
1771 5553 1964 5608 τετρη.

307 5633 469 5707 μένον
497 5633 665 5697 πίθον
695 5631 759 5687 τὸ
811 5628 904 5692 οὖς
935 5626 1027 5684 καὶ
1083 5625 1487 5704 ὑφηγουμένοις
1538 5627 1603 5681 τὰ
1660 5629 1735 5701 μή
1782 5628 1967 5692 καλῶς

306 5723 569 5804 δρώμενα
621 5724 705 5786 οἷς
761 5717 1271 5799 προσπεπόνθαμεν.
1331 5716 1540 5779 Οὐκοῦν
1601 5718 1691 5774 καὶ
1748 5716 1913 5783 οὗτος
1942 5720 1971 5776 ὁ

2077 5183 2205 5239 cius
2282 5199 2514 5256 quoque
2571 5197 2703 5238 cum
2767 5198 2798 5237 e
2865 5179 3130 5251 plurimis
3205 5179 3424 5235 audiret
3485 5178 3723 5236 fratrem

2078 5270 2337 5327 Alexium
2380 5288 2500 5328 suae
2531 5274 2590 5326 et
2616 5269 2749 5325 vitae
2774 5272 2833 5325 et
2862 5268 3107 5339 imperio
3138 5266 3425 5339 insidiari,
3459 5271 3516 5325 et
3558 5268 3723 5325 clan-

2077 5359 2375 5419 destinum
2424 5360 2580 5417 590
2617 5357 2818 5415 odium
2852 5355 3266 5414 benevolentiae
3296 5360 3574 5427 praetextu
3609 5359 3728 5415 dis-

2083 5450 2384 5518 simulare,
2416 5467 2482 5506 ac
2514 5451 2713 5523 plures
2743 5463 2870 5505 esse
2900 5445 3079 5503 Alexii
3111 5462 3281 5518 quam
3308 5448 3504 5504 lsaacii
3532 5464 3731 5506 aman-

2081 5539 2370 5607 tes,verba
2402 5539 2505 5596 illa
2536 5555 2637 5611 pro
2667 5539 2843 5610 nugis
2874 5535 3440 5608 aspernabatur,non
3471 5538 3733 5597 adhibito

2073 5630 2322 5704 judicio,
2354 5634 2419 5685 ut
2471 5628 2662 5701 lapide
2716 5623 3019 5695 Herculeo,
3052 5626 3121 5681 ad
3177 5624 3506 5684 adulterina
3539 5628 3732 5685 fratris

2079 5725 2215 5780 acta
2246 5717 2751 5793 deprehendenda.
2796 5716 2917 5773 [mo
2946 5730 3120 5788 asper
3164 5714 3225 5772 in
3258 5715 3543 5776 delatores
3583 5723 3728 5785 erat,
