4116 6206
403 352 519 414 819

1715 344 2036 406 ΝΙΟΕΤΛΕ
2076 343 2498 408 ΟΗΟΝΙΑΤιΕ

3696 351 3812 416 820

403 485 575 560 quasi
616 484 958 542 charitatem
1003 498 1168 540 suam
1221 498 1360 556 erga
1411 481 1648 539 fratrem
1679 479 2048 537 indelebilem

2167 477 2426 552 βασιλεὺς
2469 482 2618 556 παρά
2669 481 2938 540 πλείστων
2996 482 3384 556 ἐνωτιζόμενος
3439 475 3816 538 ἐπιϐουλεύειν

403 582 461 634 et
517 574 872 632 ﬁrmissimis
909 572 1100 628 nixam
1143 573 1442 628 radicibus
1495 570 1724 627 abolere
1763 578 1934 640 atque
1963 584 2054 624 ex-

406 667 668 722 scindere
706 661 1120 733 veilent,quem
1153 661 1341 718 solum
1377 659 1638 717 omnium
1663 665 1912 714 vastator
1940 659 2055 714 An-

407 753 682 810 dronicus
717 766 832 806 non
880 749 1146 806 laesisset.
1182 751 1367 822 Igitur
1399 750 1470 806 ad
1522 749 1850 806 Radestum
1885 746 2057 802 mari-

406 843 606 898 timam
657 839 862 897 urbem
912 840 1208 914 profectus
1242 839 1559 896 maximum
1592 844 1649 895 et
1696 837 1916 895 nomini
1949 853 2055 894 suo

406 931 766 1003 respondens
845 929 1288 988 resurrectionis
1362 930 1573 986 festum
1646 929 1922 994 celebrat,
1997 931 2056 984 et

407 1019 628 1077 Pascha
659 1017 970 1091 mysticum
1001 1019 1269 1075 immolat
1295 1022 1355 1074 et.
1383 1017 1632 1075 comedit
1665 1037 1682 1088 ;
1717 1017 1913 1090 ibique
1941 1016 2056 1074 Ba-

407 1108 676 1166 silacium
723 1108 1010 1175 convenit,
1065 1107 1354 1164 inusitatae
1384 1108 1510 1164 vitae
1541 1107 1861 1176 hominem,
1893 1123 2052 1164 eam-

405 1215 518 1269 que
585 1197 922 1270 Opinionem
976 1198 1131 1270 apud
1201 1213 1406 1253 omnes
1459 1201 1836 1253 consecutura
1887 1195 2055 1268 quasi

405 1287 596 1342 futura
629 1288 972 1358 praevideret
1011 1292 1184 1358 atque
1220 1287 1770 1357 praediceret._Unde
1800 1286 2056 1342 maxime

405 1375 708 1432 hominum
745 1377 1073 1448 frequentia
1122 1377 1192 1432 ad
1226 1393 1384 1446 eum,
1416 1381 1484 1431 ut
1509 1375 1644 1432 olim
1679 1377 1748 1431 ad
1778 1377 2052 1432 Hammo-

403 1465 496 1520 nis
525 1469 585 1521 et
633 1465 971 1536 Amphiarai
1031 1465 1351 1534 oraculum,
1383 1464 1736 1520 conﬂuebat.
1768 1468 2054 1520 Caeterum

403 1551 547 1610 nihil
580 1553 698 1609 veri
729 1558 786 1610 et
837 1554 1126 1625 perspicui
1175 1556 1244 1608 de
1279 1554 1452 1609 rebus
1510 1553 1722 1610 futuris
1753 1551 2052 1624 .loqueba-

401 1647 517 1708 tur,
548 1643 648 1700 sed
680 1643 854 1698 verba
883 1645 1143 1712 confusa,
1186 1641 1342 1698 inter
1370 1659 1434 1698 se
1463 1642 1814 1699 dissidentia
1841 1646 1899 1698 et
1921 1657 2054 1714 per-

406 1732 574 1804 plexa
608 1731 919 1798 fundebat;
951 1735 1008 1787 et
1036 1730 1298 1802 quamvis
1329 1747 1480 1804 saepe
1511 1730 1760 1786 ridicula
1789 1731 2053 1802 quaedam

405 1818 776 1887 admisceret,
813 1822 1011 1876 tamen
1042 1820 1270 1875 turbam
1331 1823 1633 1892 pastorum
1666 1819 2050 1890 agricolarum

401 1912 459 1964 et
488 1907 770 1978 remigum
825 1909 896 1962 ad
946 1923 1010 1964 se
1039 1907 1386 1964 attrahebat.
1429 1907 1572 1963 Nam
1636 1907 1944 1964 mulierum
1977 1908 2050 1964 ad

399 2021 462 2062 se
516 2003 874 2062 venientium
925 2005 1073 2062 59!
1139 2005 1410 2061 mammis
1462 2004 1778 2076 exploratis
1820 2009 1879 2060 et
1923 2003 2054 2062 talis

400 2093 770 2152 contrectatis
816 2095 1064 2150 obscura
1095 2094 1406 2167 promebat.
1448 2093 1706 2161 oracula,
1737 2098 1794 2150 et
1827 2095 1897 2151 ad
1931 2093 2052 2165 ple-

401 2201 613 2256 rasque
671 2184 1027 2256 quaestiones
1066 2183 1214 2240 nihil
1247 2184 1658 2256 respondebat,
1698 2187 1756 2240 et
1804 2200 1942 2240 suas
1968 2183 2053 2238 di-

399 2272 724 2330 vinationes
755 2272 1283 2329 discursationibus
1303 2275 1360 2327 et
1391 2270 1611 2328 insanis
1641 2272 1900 2340 gestibus
1933 2287 2056 2343 per-

401 2362 628 2434 agebat.
709 2361 996 2418 Astabant
1052 2361 1102 2418 ei
1171 2375 1399 2431 quoque
1471 2366 1728 2432 cognatae
1785 2359 2053 2428 aniculae,

402 2451 672 2508 vecordes
704 2457 752 2506 et
788 2450 1028 2522 insanis,
1061 2465 1191 2522 quae
1231 2447 1657 2506 consultoribus
1685 2448 2057 2520 explicabunt

406 2540 545 2612 quid
577 2539 661 2595 illi
695 2539 958 2596 Basilacii
983 2543 1181 2611 gestus
1207 2553 1397 2594 rerum
1423 2537 1750 2595 futurarum
1782 2537 2055 2610 designa-

406 2637 554 2698 rent,
607 2635 666 2684 et
720 2627 1180 2684 taciturnitatem
1235 2632 1302 2684 ut
1352 2628 1671 2700 sapientem
1730 2628 2052 2684 orationem

405 2716 960 2790 interpretabantur.
1010 2717 1068 2772 Is
1117 2715 1296 2788 igitur
1357 2715 1548 2787 homo,
1581 2720 1644 2771 ut
1699 2715 1838 2786 dixi,
1895 2723 2054 2774 vates

399 2807 574 2881 vulgo
631 2807 954 2866 habebatur
983 2814 1038 2863 et
1094 2807 1286 2863 futura
1313 2807 1622 2880 praedicere
1653 2807 1986 2878 putabatur,
2019 2823 2054 2864 a

405 2896 770 2955 mulierculis
816 2895 1165 2970 praesertim,
1199 2895 1412 2968 quibus
1461 2899 1663 2968 turpes
1695 2895 2052 2968 quaestiones

395 2991 454 3050 et
497 2987 800 3044 deformes
830 2986 1078 3042 vestium
1113 2985 1500 3057 implexiones
1545 3001 1649 3058 pro
1677 2985 1814 3041 ludo
1843 2986 2050 3056 etjoco

403 3076 567 3133 cordi
618 3080 804 3133 erant.
835 3075 1101 3132 Cordatis
1131 3091 1266 3130 vero
1321 3073 1654 3132 hominibus
1705 3074 1934 3145 ineptus
1962 3073 2052 3130 bi-

402 3166 546 3225 strio
577 3171 632 3222 ct
674 3181 873 3222 vecors
926 3163 1285 3220 silicernium
1315 3162 1638 3220 videbatur.
1671 3164 1852 3220 Erant
1875 3163 2048 3220 etiam

397 3255 500 3328 qui
558 3267 691 3312 eum
721 3253 1039 3328 Pythonico
1097 3253 1308 3326 spiritu
1368 3268 1494 3310 cse
1548 3252 1854 3326 praeditum
1889 3251 2048 3310 haud

398 3347 654 3404 absurde
684 3347 1378 3418 coniectarent;quorum
1401 3359 1504 3415 ego
1523 3344 1768 3417 judiciis
1799 3343 2050 3401 maxime

402 3435 712 3494 assentior.
759 3437 1180 3506 Imperatorem
1227 3448 1412 3505 neque
1471 3437 1536 3488 ut
1591 3438 1750 3490 tanta
1793 3433 2050 3506 potentia

404 3524 709 3599 praeditum
762 3523 986 3596 excepit
1045 3540 1060 3592 ;
1111 3537 1298 3595 neque
1357 3521 1693 3579 salutationi
1749 3523 1874 3595 ejus
1921 3538 2049 3594 quas

407 3621 562 3672 erat:
608 3631 634 3659 α
677 3611 864 3682 Salve,
896 3615 1058 3685 pater
1082 3611 1346 3681 Basilaci,
1389 3634 1418 3662 ››
1469 3611 1771 3684 respondit
1811 3629 1828 3678 ;
1862 3628 2050 3684 neque

406 3703 582 3762 tacito
613 3708 755 3760 nutu
786 3701 992 3776 capitis
1011 3701 1224 3773 gratias
1245 3700 1398 3774 egit:
1432 3701 1534 3758 sed
1568 3701 1678 3757 huc
1705 3706 1878 3772 atque
1909 3701 2048 3758 illuc

404 3803 594 3859 instar
623 3801 771 3876 pulli
793 3799 990 3874 equini
1011 3804 1111 3856 aut
1139 3799 1396 3856 hominis
1419 3800 1617 3856 furiosi
1649 3799 1872 3856 saltans
1893 3800 2047 3857 592

405 3891 816 3950 accedentibus
853 3889 1174 3962 maledixit,
1210 3890 1592 3946 Constantino
1649 3889 2051 3962 Mesopotami-

403 3985 543 4039 tano
590 3981 652 4038 in
684 3979 914 4054 primis,
965 3979 1063 4052 qui
1111 3981 1238 4036 tum
1271 3977 1492 4036 Isaacic
1555 3977 2092 4036 familiarissimus.

403 4076 548 4130 erat.
599 4070 714 4129 Nec
767 4069 878 4144 ipsi
929 4069 1181 4142 denique
1237 4069 1570 4144 imperatori
1638 4085 1898 4143 parcens,
1956 4069 2048 4125 vix

404 4163 632 4218 tandem
687 4159 965 4232 inquietis
997 4157 1113 4216 illis
1172 4158 1590 4230 agitationibu
1631 4158 1884 4229 omissis,
1931 4157 2048 4214 sci-

404 4250 576 4323 pione
609 4266 781 4323 quem
815 4249 1086 4306 manibus
1127 4249 1412 4322 gestabat,
1435 4248 1712 4322 imaginis
1747 4250 2051 4319 imperato-

405 4339 508 4409 ris,
565 4357 690 4412 quas
730 4338 788 4395 in
838 4341 968 4409 ejus
1016 4339 1274 4396 oratorie
1327 4337 1483 4394 cella:
1545 4339 1764 4410 pariete
1819 4338 2052 4410 depicta

405 4431 552 4496 erat,
585 4427 771 4484 oculis
823 4427 1024 4496 erasis,
1057 4427 1235 4482 etiam
1285 4425 1499 4498 pileum
1563 4427 1636 4483 de
1677 4427 1861 4498 capite
1893 4427 2052 4484 illius

405 4515 633 4571 auferre
681 4515 975 4570 studebat.
1026 4516 1160 4580 Qua:
1193 4530 1324 4570 cum
1355 4515 1604 4582 fecisset,
1639 4515 1956 4586 imperator
1983 4533 2050 4572 eo

405 4603 586 4659 deliro
617 4602 888 4672 despecto
920 4602 1179 4668 recessit,
1203 4603 1454 4674 populus
1485 4620 1619 4660 vero
1671 4605 1766 4676 qui
1797 4621 1862 4660 ea
1891 4605 2048 4661 vide-
2082 4597 2128 4660 D

405 4689 670 4761 rat,nihil
701 4690 836 4746 boni
878 4690 1271 4745 ominabatur.
1305 4690 1374 4746 Ut
1406 4707 1538 4746 vero
1569 4693 1742 4748 etiam
1775 4697 2046 4748 eventum

405 4796 522 4838 non
557 4779 726 4852 plane
757 4780 829 4834 ab
859 4777 977 4834 illis
1003 4777 1184 4849 signis
1209 4778 1521 4834 abhorrere
1550 4781 1831 4850 constitit,
1857 4782 2048 4852 cujus-

405 4894 523 4953 que
568 4876 762 4950 cpinio
814 4877 886 4934 de
931 4875 1218 4934 Basilacio
1262 4877 1602 4934 confirmata
1648 4885 1753 4948 est,
1809 4895 1956 4952 quae,
1988 4883 2052 4936 ut

405 4969 548 5036 dixi.
579 4983 793 5041 anceps
824 4966 984 5040 prius
1013 4969 1071 5024 et
1094 4966 1152 5022 in
1185 4965 1475 5039 plerisque
1505 4967 1685 5026 dubia
1717 4969 1924 5024 fuerat.
1978 4967 2051 5025 Ut

405 5064 602 5118 autem
658 5058 977 5130 imperator
1033 5055 1298 5130 Cypsella
1354 5057 1636 5128 pervenit,
1695 5057 2046 5115 exercituum

406 5155 629 5221 partem
687 5145 1054 5214 centuriavit,
1106 5151 1354 5218 partem,
1386 5163 1513 5219 quas
1572 5147 1829 5203 nondum
1879 5148 2049 5204 adve-

407 5243 593 5306 nerat,
659 5236 1031 5308 exspectavit.
1083 5235 1195 5291 Sed
1257 5235 1578 5292 nobilitatis
1649 5253 1858 5308 magna
1916 5255 2048 5309 pars

407 5343 558 5399 aegre
617 5326 766 5383 ferre
823 5342 885 5382 se
933 5324 1221 5382 simulans
1278 5327 1433 5398 quod
1467 5325 1638 5400 longo
1669 5335 1926 5399 tempore
1974 5329 2049 5383 ab

409 5417 757 5486 imperatore
812 5415 1070 5488 neglecta
1126 5421 1303 5484 esset,
1353 5418 1626 5488 quodque
1676 5433 1769 5472 res
1817 5418 2052 5488 publica

410 5503 563 5560 598
605 5518 902 5572 perperam
937 5515 989 5558 et
1029 5513 1240 5560 temere
1269 5506 1793 5574 administraretur,
1825 5521 1956 5562 cum
1990 5523 2052 5563 re

409 5607 544 5646 vera
573 5589 716 5644 illud
749 5597 1053 5660 spectaret,
1089 5596 1243 5664 quod
1275 5611 1342 5650 ex
1371 5596 1601 5666 imperii
1634 5595 2051 5654 mutationibus

411 5697 472 5738 se
501 5677 747 5752 plurima
779 5678 1162 5736 emolumenta
1195 5682 1486 5754 percipere
1523 5685 2048 5754 animadvartcbat,

2159 571 2227 642 τῇ
2257 568 2422 625 αὐτοῦ
2452 573 2604 650 ἀρχῇ
2651 574 2742 628 καὶ
2802 577 2919 648 ζωῇ
2976 573 3070 628 τὸν
3130 569 3366 652 ἀδελφὸν
3427 569 3678 642 Ἀλέξιον
3729 576 3818 630 καὶ

2161 662 2619 734 παραπετάσματι
2677 660 2867 739 φιλίας
2923 661 3319 735 συγκαλύπτειν
3397 659 3667 736 πολλαχῆ
3759 660 3822 716 τό

2165 747 2526 824 μισάδελφον,
2556 750 2647 806 καὶ
2677 751 2751 812 ὡς
2784 748 3036 814 πλείονές
3077 750 3180 806 είσι
3233 749 3542 828 φιλαλέξιοι
3604 750 3824 824 μᾶλλον

2161 834 2302 910 ἢπερ
2344 836 2710 912 φιλισσιάκιοι,
2750 839 2827 900 ὡς
2894 837 3067 913 λῆρον
3123 838 3472 911 ἀπεπέμπετο
3527 839 3598 894 τὰ
3659 838 3826 914 λεγό·

2165 944 2326 997 μενα,
2397 923 2538 997 μηδὲ
2591 927 2655 982 τὸ
2707 924 3046 996 ἐξεταστικὸν
3113 927 3187 981 ὡς
3271 925 3426 991 λίθον
3497 926 3826 1001 Ἡράκλειον

2161 1013 2457 1088 προσάγων
2511 1016 2600 1070 καὶ
2668 1015 2970 1091 βασανίζων
3037 1021 3146 1072 τῶν
3209 1017 3356 1091 παρᾶ
3413 1023 3513 1072 τοῦ
3580 1015 3828 1097 ἀδελφοῦ

2160 1102 2552 1176 πραττομένων
2581 1105 2643 1160 τὸ
2673 1099 2966 1176 κίϐδηλον,
3023 1103 3171 1161 ἀλλὰ
3220 1101 3416 1180 δριμὺς
3466 1103 3542 1160 ὥν
3591 1112 3718 1169 τοῖς
3762 1106 3829 1161 τὰ

2161 1196 2391 1248 τοιαῦτα
2456 1192 2870 1268 ιίσηγουμένοις
2927 1193 3005 1258 ὡς
3085 1189 3279 1269 ἔχουσι
3361 1195 3498 1268 πρὸς
3587 1194 3824 1270 ἐφέσεως

2161 1289 2414 1362 ἐξίτηλον
2445 1298 2620 1348 ποιεῖν
2651 1295 2753 1362 τὴν
2801 1292 3142 1349 ἀνέκπλυτον
3192 1295 3284 1348 καὶ
3334 1295 3454 1350 οἷον
3510 1294 3592 1357 εἷς
3653 1296 3824 1370 βᾶθος

2160 1377 2566 1454 ἐγκεκαυμένην
2598 1385 2668 1455 τῇ
2699 1381 2894 1437 ἑαυτσῦ
2949 1385 3104 1456 ψυχῇ
3159 1383 3296 1457 πρὸς
3345 1385 3440 1438 τὸν
3490 1382 3827 1459 κασίγνητον

2164 1471 2426 1543 στοργήν,
2455 1471 2514 1525 ὅν
2549 1469 2714 1542 μόνον
2744 1469 2851 1525 ἀπὸ
2899 1471 3114 1526 πάντων
3174 1472 3203 1526 ὁ
3262 1467 3530 1546 λωϐητὴρ
3583 1470 3827 1548 Ἀνδρό-

2165 1578 2318 1620 νικος
2351 1557 2452 1614 οὐκ
2489 1557 2716 1615 ἐσίνατο.
2786 1560 3112 1638 Ἀφιγμένος
3167 1561 3346 1616 τοίνυν
3395 1559 3450 1624 ἐς
3495 1563 3596 1629 τὴν
3643 1583 3826 1636 παραυ

2161 1643 2506 1702 θαλαττίδιον
2581 1645 2883 1706 Ῥαιδεστὸν
2947 1650 3048 1718 τήν
3124 1650 3388 1724 μεγίστην
3454 1649 3672 1706 ἐκτελεῖ
3741 1650 3830 1704 καὶ

2158 1735 2508 1811 κυριώνυμον
2540 1737 2906 1811 ἀναπάσιμον
2939 1738 3159 1812 έορτήν,
3212 1738 3304 1793 καὶ
3345 1738 3459 1794 θύει
3506 1738 3601 1794 καὶ
3659 1737 3828 1794 ἐσθίει

2157 1825 2220 1880 τὸ
2282 1831 2475 1902 Πασχα
2525 1825 2588 1882 τὸ
2640 1825 2923 1900 μυστικόν.
2984 1828 3146 1883 Ἔνθα
3195 1827 3284 1882 καὶ
3341 1833 3422 1900 τῷ
3497 1827 3828 1900 Βασιλακίῳ

2163 1913 2490 1989 συγγίνεται,
2549 1917 2648 1972 Ἠν
2708 1913 2757 1971 δ’
2814 1914 2973 1978 οὗτος
3030 1915 3380 1989 ἆλλότροπόν
3435 1937 3556 1972 τινα
3629 1912 3826 1991 βίότον

2164 2003 2386 2076 μετιὼν,
2436 2004 2527 2058 καὶ
2584 2001 2740 2074 δόξαν
2797 2004 2944 2079 παρᾶ
2995 2006 3210 2060 πάντων
3269 2007 3537 2082 ἠνέγκατο
3595 2025 3830 2081 προφη·

2159 2091 2333 2148 τεύειν
2363 2095 2457 2149 καὶ
2486 2089 2818 2168 προϐΛέπειν
2868 2095 2938 2150 τὰ
2987 2091 3311 2170 ἔμπροσθεν,
3353 2096 3475 2151 ὅθεν
3527 2095 3608 2160 είς
3657 2095 3824 2150 αὐτὸν

2157 2183 2228 2237 τὰ
2256 2181 2446 2254 πλήθη
2501 2182 2784 2258 συνέρρεον
2831 2184 2906 2246 ὡς
2966 2181 3082 2240 οὐδ’
3129 2183 3184 2245 ἐς
3238 2185 3555 2259 μυρμηκιὰν
3614 2187 3674 2240 οἱ
3735 2185 3829 2240 ἐπ-

2161 2271 2400 2334 ανιόντες
2431 2291 2489 2326 τε
2515 2272 2607 2327 καὶ
2660 2271 2890 2345 ἐξιόντες
2949 2272 3246 2351 φιλόπονοι
3299 2273 3590 2348 μύρμηκες
3622 2273 3660 2344 ἢ
3697 2278 3827 2350 γοῦν

2161 2360 2214 2439 οἱ
2255 2358 2309 2422 ἐς
2347 2365 2649 2432 Ἄμμωνος
2703 2360 2874 2416 παλαι
2942 2362 3035 2416 καὶ
3096 2363 3418 2438 Ἀμφιάρεω
3471 2362 3828 2439 ἀφικόμενοι.

2162 2435 2321 2505 ’Δλλ⁹
2369 2447 2520 2505 οὐδὲν
2576 2448 2778 2521 ἀληθὲς
2821 2451 2912 2507 καὶ
2980 2453 3142 2531 σαφὲς
3198 2435 3321 2528 περί
3378 2456 3488 2508 τῶν
3521 2435 3830 2526 *ἐσομένων

2163 2537 2323 2601 οὗτος
2380 2535 2688 2617 ἐφθέγγετο,
2756 2537 3154 2614 πεπλανημένα
3220 2538 3279 2596 δέ
3343 2542 3433 2596 καὶ
3519 2541 3834 2622 ἀσύμφωνα

2161 2627 2378 2690 ἑαυτοῖς
2409 2627 2500 2683 καὶ
2529 2625 2780 2709 γριφώδη
2814 2626 3017 2704 διεξῄει
3066 2630 3308 2704 ῥήματα*
3362 2629 3416 2686 ἐν
3464 2630 3718 2694 πολλοῖς
3775 2631 3833 2688 δὲ

2161 2716 2250 2772 καὶ
2281 2715 2526 2792 γέλωτος
2568 2714 3008 2794 διατεχνώμενος
3069 2719 3213 2792 ἄξια,
3263 2719 3356 2776 τὸν
3413 2719 3831 2796 ἀγελαιοκόμον

2160 2817 2314 2890 ὅμως
2365 2819 2457 2873 καὶ
2513 2819 2650 2894 πρὸς
2718 2819 2864 2873 ὕννιν
2927 2819 3220 2898 ἀφορῶντα
3283 2821 3374 2875 καὶ
3443 2819 3640 2891 κώπην
3706 2821 3832 2876 ἐπε-

2162 2911 2333 2961 σπᾶτο
2379 2906 2538 2963 Λεών.
2593 2909 2716 2964 Τῶν
2764 2907 2868 2982 γὰρ
2929 2905 3342 2986 ἀφικνουμένων
3397 2905 3452 2970 ἐς
3505 2907 3673 2964 αὐτὸν
3734 2933 3834 2984 γυ-

2161 2999 2360 3050 ναικῶν
2414 2993 2674 3068 ἐμάστευε
2728 2994 2856 3058 τοὺς
2919 2997 3178 3070 μαστοὺς,
3236 2996 3329 3051 καὶ
3385 3002 3703 3072 περιαθρῶν
3767 3000 3834 3054 τὶ

2160 3083 2342 3160 σφυρὰ
2371 3082 2560 3160 ληρῶν
2593 3083 2682 3140 ἐπὶ
2710 3085 2926 3148 τούτοις
2965 3085 3033 3154 ἦν
3081 3084 3174 3140 καὶ
3221 3081 3615 3158 ἀποφοιϐάζων
3667 3085 3830 3144 ἀδιά-

2163 3194 2381 3248 γνωστα
2425 3169 2611 3250 λὸγια.
2657 3175 2978 3232 ’Λπεσιώπα
3036 3171 3094 3230 δέ
3155 3173 3291 3230 κὰπὶ
3347 3179 3470 3238 ταῖς
3535 3175 3832 3242 πλείσταις

2160 3267 2269 3318 τῶν
2327 3261 2568 3319 πεύσεων
2632 3265 2795 3340 αἳπερ
2869 3264 3020 3337 αὖτῷ
3084 3264 3233 3340 παρᾶ
3294 3269 3410 3319 τῶν
3478 3267 3825 3340 προσιόντων

2161 3351 2455 3428 ἐπήγοντο,
2529 3352 2621 3408 καὶ
2694 3353 2790 3414 τὰς
2866 3352 3069 3415 οἰκείας
3171 3353 3390 3428 πράξεις
3489 3350 3824 3427 μεταϐάσεσι

2158 3449 2412 3505 τυπικαῖς
2439 3444 2529 3498 καὶ
2573 3448 2990 3518 σχηματισμοῖς
3040 3443 3283 3518 ἐπέραινε
3330 3449 3614 3507 Πανικοῖς.
3676 3452 3824 3502 Συν-

2161 3537 2368 3589 εστῶτα
2421 3529 2479 3587 δὲ
2521 3531 2716 3608 γύναια
2775 3533 2972 3610 γραῖκά
3041 3553 3163 3588 τινα
3228 3531 3704 3610 οἰστρηλατοῦντά
3769 3557 3826 3592 τε

2159 3623 2246 3677 καὶ
2307 3622 2754 3696 κωθωνιζόμενα,
2812 3622 2948 3678 κατὰ
3000 3621 3150 3697 γένος
3199 3621 3348 3696 αὐτῷ
3418 3623 3818 3698 συναπτόμενα,

2163 3712 2470 3788 ὑφηγοῦντσ
2503 3717 2619 3772 τοῖς
2649 3705 3068 3788 παραϐάλλουσι
3096 3711 3166 3767 τὰ
3197 3712 3303 3768 ὑπὸ
3341 3715 3439 3768 τοῦ
3479 3712 3812 3770 Βασιλακίου

2158 3799 2488 3873 τελούμενα,
2542 3799 2573 3856 ὅ
2621 3821 2674 3857 τι
2738 3807 2848 3856 τῶν
2911 3799 3295 3879 γενησομένων
3361 3803 3800 3877 τεκμηριάζουσιν

2160 3891 2250 3947 καὶ
2295 3891 2399 3959 τήν
2443 3892 2606 3965 σιγὴν
2648 3891 2723 3954 ὥς
2770 3911 2825 3946 τι
2877 3889 3260 3968 φθεγγομένην
3298 3891 3390 3947 καὶ
3431 3887 3795 3960 ὑποδηλοῦσαν

2162 3979 2328 4059 σοφὸν
2361 3975 2737 4053 διεσήμαινον.
2778 3983 2868 4052 [Ρ.
2895 3982 3026 4054 288]
3059 3976 3265 4038 Ἐδόκει
3296 3979 3392 4054 οὖν
3423 3979 3453 4035 ὁ
3484 3980 3620 4056 ἀνὴρ
3649 3979 3806 4042 οὗτος

2159 4073 2277 4133 τοῖς
2309 4069 2403 4142 μὲν
2451 4065 2710 4142 πολλοῖς,
2771 4068 2848 4134 ὡς
2890 4067 3008 4144 ἔχω
3065 4068 3257 4141 εἰπὼν,
3313 4070 3682 4148 προφητικὸς,
3725 4067 3816 4124 καὶ

2162 4155 2553 4234 προσημαίνων
2593 4158 2661 4212 τὰ
2714 4153 3131 4232 συμϐησόμενα,
3179 4159 3270 4213 καὶ
3327 4158 3550 4232 μάλισθ’
3593 4158 3819 4220 ὁπόσαις

2160 4252 2270 4304 τῶν
2317 4250 2588 4324 γυναικῶν
2648 4247 2704 4302 αἱ
2761 4251 2869 4302 τῶν
2927 4247 3168 4302 πεύσεων
3221 4245 3442 4321 ἂσεμνοι
3497 4248 3590 4302 καὶ
3647 4248 3825 4324 ἀσχή-

2167 4357 2327 4412 μονες
2384 4339 2493 4392 τῶν
2555 4335 2878 4408 ἐσθημάτων
2925 4331 3300 4410 ἐγκομϐώσεις
3357 4336 3433 4397 ὠς
3491 4334 3690 4393 παιδιά
3739 4359 3822 4400 τις

2164 4431 2627 4512 περιεσπούδαστο
2680 4434 2884 4512 γέλωτι
2942 4433 3273 4509 σύμμικτος,
3322 4442 3438 4497 τοῖς
3487 4431 3532 4490 δ’
3595 4434 3650 4498 ἐς
3695 4439 3820 4491 νοῦν

2171 4527 2435 4601 βάπτουσι
2465 4523 2748 4600 περίεργόν
2775 4545 2829 4579 τι
2857 4523 2949 4580 καὶ
2979 4523 3379 4600 γελωτοποιῶν
3409 4524 3501 4580 καὶ
3561 4522 3818 4599 ληρῶδες

2159 4613 2438 4690 γεφόντιον
2469 4610 2674 4690 ἤγητο.
2725 4613 2845 4670 Εἰσὶ
2901 4609 2948 4668 δ’
2997 4613 3052 4668 οἱ
3099 4613 3188 4668 καὶ
3241 4613 3508 4686 πνεύματι
3564 4614 3821 4677 Πύθωνος

2157 4705 2396 4778 κάτοχον
2457 4703 2736 4778 εὐστόχως
2821 4701 3120 4776 εἰρήκασιν,
3180 4703 3265 4766 οἶς
3317 4702 3518 4776 ἐθέμην
3576 4702 3817 4777 μάλιστα

2157 4793 2248 4849 καὶ
2290 4794 2476 4854 αὐτός.
2525 4793 2667 4851 Τότε
2740 4796 2874 4868 γοῦν
2948 4791 3224 4848 ἐπιστάντι
3297 4796 3382 4865 τῷ
3453 4793 3813 4868 αὐτοκράτορι

2159 4881 2283 4939 οὔτε
2337 4881 2636 4958 προσέσχεν
2695 4879 2844 4945 ’ὀλως
2904 4881 2980 4944 ὠς
3027 4877 3493 4958 περιϐεελημένῳ
3543 4883 3815 4955 τοσαύτην

2159 4973 2244 5026 καὶ
2278 4969 2537 5042 τοιαύτην
2581 4971 2768 5050 ⁴ἰσχὺν,
2827 4967 2951 5027 οὔτε
2981 4971 3116 5047 πρὸς
3170 4972 3269 5041 τὴν
3317 4971 3482 5027 αὐτοῦ
3536 4993 3822 5049 προσηγο-

2162 5061 2280 5136 ρίαν
2313 5061 2370 5134 (ἡ
2404 5057 2462 5115 δὲ
2489 5062 2556 5129 ἦν
2589 5083 2619 5112 ι(
2651 5059 2898 5135 Χαίροις,
2942 5060 2988 5115 ὧ
3040 5061 3210 5134 πάτερ
3264 5059 3564 5118 Βασιλάκιε
3597 5084 3624 5116 ο
3658 5065 3677 5136 )
3720 5065 3825 5132 τὴν

2161 5149 2447 5225 ἀπόκρισιν
2492 5144 2640 5206 ἔθετο
2695 5151 2728 5221 ἦ
2787 5153 2915 5222 γοῦν
2977 5151 3354 5220 ἀντησπάσατο
3414 5156 3599 5226 σιωπῇ
3657 5173 3825 5208 κατα-

2159 5240 2350 5303 νεύσας
2379 5245 2447 5314 τῇ
2479 5239 2715 5321 κεφαλῇ,
2767 5239 2896 5296 ἀλλ’
2945 5238 3054 5296 ὦδε
3106 5240 3321 5298 κακεῖσε
3367 5244 3504 5316 μετὰ
3555 5243 3822 5300 πωλικῶν

2160 5333 2458 5409 φερόμενος
2517 5331 2903 5404 σκιρτημάτων
2962 5329 3052 5384 καὶ
3103 5333 3437 5410 παραφόρων
3516 5335 3818 5404 μετακινή-

2161 5441 2293 5475 σεων
2321 5417 2638 5495 ἐκακολόγει
2701 5418 2826 5481 τοὺς
2878 5419 3226 5494 προσιόντας,
3284 5421 3373 5476 καὶ
3431 5419 3672 5494 μάλιστα
3719 5423 3814 5478 τὸν

2161 5508 2624 5582 Μεσοποταμίτην
2699 5514 3122 5581 Κωνσταντῖνον,
3206 5510 3268 5571 ὅς
3341 5511 3406 5580 ἦν
3481 5513 3608 5566 τότε
3683 5513 3806 5568 λίαν

2159 5596 2503 5670 ᾠκειωμένος
2536 5603 2614 5669 τῷ
2649 5595 2886 5673 βασιλεῖ,
2931 5596 3061 5672 μηδ’
3121 5597 3287 5654 αὐτοῦ
3339 5596 3663 5677 φειδόμενος
3707 5605 3801 5657 τοῦ

2160 5687 2509 5762 κραττῦντος.
2546 5687 2681 5763 Ὀψέ
2713 5683 2770 5743 δὲ
2827 5687 2914 5744 καὶ
2965 5685 3130 5764 μόλις
3184 5691 3295 5746 τῶν
3343 5687 3586 5747 ἀτάκτων
3636 5688 3803 5764 λήξας
