4028 6218
329 359 445 422 821

1455 363 1554 423 DE
1598 358 1913 424 ISAACIO
1955 358 2269 419 ANGELO
2315 357 2460 417 LIB.
2510 355 2611 418 Ill.

3627 364 3745 426 822

330 495 619 566 κινήσεων,
669 495 769 565 τήν
823 500 983 571 χεῖρα
1032 493 1266 556 ἐκτείνας
1320 496 1541 573 ἀχρειοῖ
1578 491 1667 549 δια
1694 497 1791 549 τοῖ’)
1823 490 1955 565 σκίμ

2097 507 2224 563 quas
2257 491 2356 547 diu
2389 489 2621 548 caelarat
2644 489 2881 556 animis,
2916 496 3034 546 tum
3069 490 3125 545 in
3163 494 3429 563 apertum
3478 496 3740 567 protulit.

330 587 537 655 πωνὸς,
570 584 628 638 ὃν
654 580 809 663 ἔφερε
863 590 982 639 ταῖν
1051 591 1260 663 χεροῖν,
1307 586 1406 655 τήν
1467 582 1647 639 εἰκόνα
1686 586 1783 639 τοῦ
1825 584 1983 657 βασι-

331 670 500 740 λέως,
532 669 656 741 ἥτις
708 672 845 727 κατά
890 673 953 727 τὸ
1001 672 1076 737 εἰς
1138 673 1313 752 εὐχὴν
1371 671 1518 745 αὐτῷ
1546 670 1981 746 ἀποτεταγμένον

332 756 563 815 οἰκίδιον
594 759 890 835 χρώμασιν
921 757 1010 814 ἐπὶ
1046 759 1248 835 τοίχου
1290 759 1594 830 ἐστήλωτο,
1625 759 1750 823 τοὺς
1779 756 1982 833 ὀφθαλ-

334 847 473 921 μοὺς
527 842 1037 922 διαλωϐησάμενος.
1087 849 1354 924 Ὠρμήκει
1402 847 1459 904 δὲ
1505 848 1597 903 καὶ
1644 847 1737 904 τὸν
1766 852 1867 916 τῆς
1896 866 1983 900 κε-

329 936 511 1017 φαλῆς
566 939 664 991 τοῦ
715 934 1113 1011 αὐτοκράτορος
1173 935 1336 992 πῖλον
1399 936 1633 1010 ἁρπάσαι
1683 935 1771 990 καὶ
1803 933 1983 1013 χαμαὶ

325 1031 687 1103 κατενεγκεῖν.
743 1028 846 1083 Καὶ
892 1030 1060 1081 ταῦτα
1109 1027 1204 1099 μὶν
1253 1028 1413 1088 οὗτος
1460 1023 1835 1100 διεπεπράχει·
1869 1023 1898 1077 6
1924 1020 1983 1077 δὲ

325 1111 585 1177 ϐασιλεὺς
632 1115 941 1192 ἀφροσύνην
988 1114 1290 1191 καταγνοὺς
1330 1120 1427 1170 τοῦ
1461 1111 1753 1190 ἀνδραρίοο
1784 1111 1981 1167 ἐκεῖθεν

324 1206 671 1279 μεθισταται.
730 1204 929 1267 Αὐτοῖς
990 1201 1172 1279 μέντοι
1229 1226 1294 1281 γε
1348 1210 1464 1266 τοῖς
1525 1202 1978 1277 συνειλεγμένοις,

322 1293 637 1374 ὀφθαλμοῖς
671 1290 1056 1371 παραλαϐοὖσι
1083 1296 1154 1350 τά
1182 1294 1440 1370 γεγονότα
1489 1292 1591 1348 οὐκ
1635 1286 1978 1365 εὐσύμϐολος

322 1387 436 1440 τῶν
469 1381 739 1457 ἓσομὲνων
796 1383 990 1447 οἰωνὸς
1044 1381 1465 1460 συλλελόγιστο.
1517 1382 1593 1444 ὡς
1651 1379 1708 1436 δὲ
1763 1379 1978 1443 καὶτὰς

320 1468 623 1537 ἀποϐάσεις
671 1472 734 1529 οὐ
778 1473 954 1544 πάντη
1014 1471 1324 1545 ἀπᾳδούσας
1380 1477 1499 1536 τοῖς
1556 1464 1860 1543 συμϐόλοις
1888 1489 1979 1524 τε-

321 1564 562 1637 θὲανται,
596 1561 680 1618 ἐπὶ
716 1560 886 1619 πλέον
939 1555 1164 1625 ἕκαστος
1219 1561 1303 1617 ’ἐτι
1355 1563 1454 1632 τήν
1513 1560 1636 1635 περὶ
1682 1562 1778 1615 τοῦ
1809 1564 1977 1614 Βασι-

320 1649 519 1707 λακίου
581 1648 739 1721 δόξαν
795 1649 1113 1725 ἒκράτυναν,
1168 1648 1486 1727 ἆμφιῤῥεπῆ
1544 1669 1605 1703 τε
1656 1647 1841 1716 οὖσαν,
1898 1647 1973 1708 ὡς

316 1739 432 1813 ἤδη
496 1763 593 1815 μοι
651 1738 924 1809 λέλεκται,
984 1741 1249 1815 πρότερον
1304 1739 1437 1794 κάπί
1503 1742 1620 1799 τοῖς
1684 1735 1970 1798 πλείστοις

2094 581 2240 638 Cum
2278 586 2471 638 autem
2519 580 2831 654 imperator
2887 596 3206 637 conscenso
3256 598 3406 653 equo
3464 590 3737 644 venatum

2093 670 2285 726 iturus
2316 670 2555 726 fratrem
2591 668 2879 738 Alexium,
2903 673 2969 725 ut
2985 684 3180 724 secum
3213 670 3396 725 exiret
3426 677 3482 728 et
3514 673 3570 728 in
3604 675 3737 731 her-

2097 758 2249 816 bidis
2281 764 2337 815 et
2361 758 2585 815 ﬂoridis
2609 757 2727 815 illis
2751 757 2896 815 locis
2924 775 3041 814 una
3072 758 3484 828 obiectaretur,
3517 773 3735 823 accersi

2083 848 2387 921 jussisset,
2420 847 2471 903 is
2504 848 2815 904 destinatis
2845 848 3231 919 exsequendis
3254 849 3534 919 intentus,
3569 855 3734 926 aegri-

2091 938 2297 994 tudine
2326 942 2386 992 et
2413 952 2570 992 vente
2616 937 2874 993 sectione
2926 935 3234 1007 simulata,
3293 941 3565 997 comitari
3602 959 3733 1000 eum

2092 1026 2404 1084 recusavit.
2430 1025 2523 1082 Sic
2546 1024 2643 1082 ille
2665 1023 2828 1082 solus
2868 1030 3127 1097 ereptum
3180 1028 3290 1083 iter
3336 1032 3730 1101 prosequitur.

2092 1114 2280 1173 Alexii
2313 1130 2448 1171 vero
2470 1114 2784 1185 conjurati,
2817 1114 3086 1170 homines
3121 1115 3301 1186 leves,
3334 1118 3730 1190 conscelerati,

2089 1203 2291 1277 euripo
2325 1202 2750 1272 mutabiliores,
2784 1203 2936 1260 fucis
2953 1208 3012 1259 et
3048 1203 3198 1261 dolis
3229 1206 3449 1274 referti,
3479 1207 3577 1262 ubi
3620 1208 3734 1264 im-

2089 1298 2413 1368 peratorem
2444 1308 2579 1348 cum
2632 1292 2986 1349 satellitibus
3038 1297 3095 1349 et
3125 1293 3355 1363 amicis,
3388 1313 3637 1367 quorum
3670 1299 3728 1352 in

2087 1381 2554 1439 administranda
2584 1398 2644 1437 re
2672 1380 2907 1452 publica
2935 1386 2992 1438 et
3028 1382 3448 1454 cupiditatibus
3482 1385 3606 1441 suis
3627 1402 3729 1442 ex-

2087 1471 2316 1545 plendis
2347 1487 2523 1544 opera
2558 1470 2850 1536 utebatur,
2885 1469 2994 1526 tria
3014 1471 3457 1528 circiterstadia
3486 1474 3728 1530 ataber-

2086 1561 2297 1619 naculo
2328 1560 2643 1618 recessisse
2657 1560 2948 1625 viderunt,
2966 1559 3227 1616 Alexium
3241 1560 3486 1617 invitum
3502 1562 3726 1619 scilicet

2085 1652 2392 1724 abreptum
2410 1649 2996 1721 etinimperatorium
3019 1650 3338 1705 tentorium
3371 1652 3720 1722 perductum

2082 1741 2491 1814 imperatorem
2524 1737 2870 1794 salutarunt.
2924 1738 3104 1793 Erant
3161 1737 3219 1793 hi
3275 1740 3493 1796 Branas
3535 1741 3720 1797 Theo-

313 1824 837 1911 ἀμφισϐητήσιμον.
876 1830 964 1891 Ὠς
1015 1826 1063 1883 δ’
1110 1828 1187 1892 εἰς
1242 1828 1307 1883 τὰ
1365 1824 1622 1901 Κύψελλα
1671 1825 1699 1881 6
1757 1830 1960 1900 κρατῶν

2084 1832 2284 1900 dorus,
2316 1827 2621 1922 Georgius.
2658 1826 3039 1922 l’alteologus,
3088 1827 3236 1883 Raul
3285 1828 3721 1899 Constantinus,

319 1920 569 1997 ἀφίκετο,
622 1920 688 1974 τὰ
749 1919 843 1993 μὲν
897 1923 1004 1975 τῶν
1074 1916 1494 1991 στρατευμάτων
1564 1914 1618 1978 ἐς
1688 1915 1972 1991 φάλαγγας

312 2009 410 2065 καὶ
467 2009 593 2074 ’ἰλας
651 2005 951 2078 ξυνέταττε,
1013 2008 1081 2062 τά
1152 2004 1208 2061 δὲ
1264 2002 1579 2080 καραδοκῶν
1643 2002 1969 2079 προσέμενεν

306 2098 617 2177 ἀφικέσθαι.
648 2102 764 2152 Τῶν
816 2094 863 2152 δ’
912 2094 968 2151 εὖ
1017 2094 1323 2171 γεγονότων
1359 2094 1548 2170 συχνοὶ
1576 2098 1646 2168 τῇ
1677 2094 1971 2167 ἅκομιστίᾳ

304 2194 410 2245 τοῦ
474 2185 744 2264 βασιλέως
801 2185 861 2241 ἐκ
923 2189 1133 2261 μακροῦ
1187 2182 1561 2263 δυσχεραίνειν
1599 2182 1967 2257 πλαττόμενοι

305 2278 402 2332 καὶ
432 2281 511 2349 τῷ
562 2278 638 2349 μὴ
687 2277 826 2331 κατὰ
871 2274 962 2330 τὸν
1012 2272 1192 2329 εἰκότα
1232 2272 1399 2350 λόγον
1441 2272 1509 2327 τά
1555 2272 1710 2327 κοινὰ
1741 2268 1967 2326 διοικεῖ-

308 2378 438 2431 σθαι
493 2365 804 2441 πράγματα,
862 2363 1032 2419 εἰπεῖν
1117 2360 1163 2418 δ’
1238 2361 1596 2435 ἀληθέστερον
1647 2361 1743 2421 τὰς
1804 2379 1965 2433 μετα-

307 2449 486 2515 ϐολὰς
531 2458 638 2508 τῶν
711 2454 1047 2528 πραγμάτων
1108 2452 1244 2507 κατά
1298 2449 1442 2505 πολὺ
1501 2444 1965 2523 συμϐαλλομένας

306 2544 501 2604 αὐτοῖς
560 2540 611 2604 ἐς
670 2540 1064 2617 χρηματισμὸν
1120 2540 1564 2610 κατανοήσαντες,
1619 2538 1743 2593 τότε
1782 2539 1850 2591 τὰ
1878 2537 1966 2592 ἐν-

306 2630 574 2687 δεδυκότα
630 2635 699 2705 τῇ
759 2634 914 2706 ψυχῇ
971 2630 1059 2686 καὶ
1120 2628 1549 2701 ὐποοα).πόμενα
1601 2631 1697 2682 τοῦ
1730 2628 1961 2697 στήθους

302 2719 710 2794 ἀναμηρύοντες
774 2720 852 2781 εἰς
910 2723 1024 2797 φῶς
1076 2720 1442 2793 προήνεγκαν.
1501 2714 1694 2774 Τοίνυν
1762 2716 1790 2770 ὁ
1866 2716 1961 2789 μὲν

302 2811 665 2883 αὐτοκράτωρ
720 2808 797 2869 εἰς
856 2806 1180 2885 κυνηγέσιον
1240 2807 1505 2881 ὁρμηθεὶς
1560 2805 1649 2861 καὶ
1707 2806 1842 2879 πρὸς
1881 2809 1961 2877 τῷ

296 2894 541 2975 ἔφιππος
607 2898 838 2977 ὀφθῆναι
920 2898 1201 2973 γινόμενος
1289 2894 1661 2968 μετεπέμπετο
1715 2894 1808 2949 καὶ
1864 2895 1958 2950 τὸν

296 2986 538 3065 ἀδελφὸν
611 2985 853 3057 Ἀλὲξιον
922 2987 1210 3056 συνεξιέναι
1274 2986 1326 3039 οἱ
1384 2984 1471 3039 καὶ
1534 2981 1954 3060 συνδιαχυθῆναι

290 3079 437 3135 κατὰ
462 3080 572 3133 τῶν
619 3075 787 3132 ἐκεῖσε
840 3071 1042 3131 πεδίων
1102 3074 1169 3130 τά
1222 3071 1415 3145 ποώδη
1450 3072 1539 3128 καὶ
1574 3072 1803 3147 ἀνθηρά·
1837 3074 1864 3128 6
1897 3069 1954 3128 δὲ

287 3171 438 3245 πρὸς
484 3169 547 3224 τὸ
605 3167 657 3224 ἐι
715 3168 904 3247 χερσὶν
961 3164 1116 3242 ἔργον
1174 3165 1599 3240 ἑτοιμασάμενος
1634 3163 1948 3221 ἐπισπέσθαι

288 3260 349 3315 οἱ
381 3258 676 3329 ἀπείπατο,
733 3256 870 3332 πρὸς
921 3255 1115 3331 σχάσιν
1171 3250 1374 3333 φλεϐὸς
1432 3253 1817 3327 ἐτοιμασθῆναι
1859 3253 1955 3309 λέ-

287 3370 438 3424 γων,
501 3346 840 3421 μσλακισμὸν
888 3345 1312 3421 ὑποκρινάμενος
1364 3345 1635 3418 σώματος.
1695 3343 1798 3401 Καὶ
1847 3342 1949 3398 οὕ-

294 3459 410 3499 τως
470 3438 499 3491 6
555 3437 648 3510 μὲν
706 3432 865 3508 ἔξείσι
917 3434 1008 3490 καὶ
1070 3434 1231 3508 μόνος
1290 3434 1380 3488 καὶ
1435 3441 1535 3503 τῆς
1582 3434 1948 3505 προκειμένης

294 3522 507 3602 ἔχεται,
542 3525 594 3579 οἱ
621 3522 678 3579 Si
704 3522 804 3580 τοῦ
834 3524 1152 3597 σκέμματος
1196 3527 1582 3583 κοινωνοῦντες
1612 3525 1691 3594 τῷ
1720 3519 1948 3593 Ἀλεξίῳ

293 3614 494 3689 λοιμοί
549 3613 638 3669 καὶ
687 3609 848 3669 κύϐοι
906 3615 998 3669 καὶ
1056 3608 1269 3687 εὔριποι
1329 3610 1417 3665 καὶ
1472 3614 1555 3684 [Ρ.
1590 3614 1716 3685 289]
1748 3618 1949 3681 σκηνῆς

291 3706 560 3783 γέμοντες
592 3699 868 3778 ἅνθρωποι
927 3702 1058 3757 ὡσεὶ
1117 3699 1368 3763 σταδίους
1423 3706 1568 3775 τρεῖς
1600 3700 1689 3756 τὸν
1723 3701 1949 3777 βασιλέα

290 3793 562 3871 προϊόντα
620 3789 820 3854 ἰδόντες
878 3798 981 3861 τῆς
1038 3796 1241 3862 σκηνῆς
1303 3790 1436 3865 μετά
1487 3795 1596 3845 τῶν
1649 3789 1821 3853 πέλας
1860 3789 1947 3846 καὶ

292 3885 476 3962 φίλων
537 3882 620 3945 οἷς
673 3878 1036 3937 πεπολίτευτο
1095 3879 1186 3933 καὶ
1238 3878 1291 3933 οἳ
1342 3875 1674 3952 συνδιῴκουν
1704 3878 1854 3950 αὐτῷ
1882 3879 1949 3933 τὰ

286 3974 410 4029 κατ’
455 3966 656 4047 ἔφεσιν,
702 3968 1128 4044 συναρπάζουσιν
1181 3965 1479 4042 εἰρωνίκῶς
1537 3967 1629 4022 τὸν
1680 3965 1947 4039 Ἀλέξιον,

288 4065 382 4120 καί
445 4061 522 4123 εἰς
576 4063 677 4131 τήν
738 4059 1013 4135 βασίλειον
1068 4060 1272 4131 σκηνὴν
1328 4062 1519 4114 τοῦτον
1558 4057 1829 4133 εἰσάγουσι
1858 4057 1948 4113 καὶ

287 4152 714 4227 ἀναγορεύουσιν
762 4149 1155 4226 αὐτοκράτορα.
1204 4150 1371 4206 Ἦσαν
1420 4145 1467 4202 δ’
1514 4149 1667 4203 οὗτοι
1717 4149 1745 4203 6
1805 4150 1951 4222 Βρα-

286 4249 390 4308 νᾶς
450 4239 754 4317 Θεόδωρος,
813 4241 841 4296 6
902 4239 1282 4315 Halato’tdyoc;
1343 4239 1634 4315 Γεώργιος,
1670 4240 1698 4293 6
1744 4244 1952 4314 Πετρα-

288 4332 462 4411 λίφας
495 4332 749 4401 Ἰωάννης
805 4329 894 4385 καὶ
954 4330 983 4384 6
1039 4326 1237 4385 Ῥαοὺλ
1296 4331 1714 4390 Κωνσταντῖνος,
1749 4327 1777 4381 6
1808 4331 1949 4385 Καν-

286 4420 632 4493 τακουζηνὸς
661 4416 898 4493 Μιχαὴλ
956 4416 1046 4471 καὶ
1106 4415 1301 4491 συχνοὶ
1357 4411 1532 4489 ἕτεροι
1584 4414 1947 4491 ἀνάρσιοικαὶ

288 4508 512 4586 εὔριποι
544 4508 844 4586 ἄνθρωποι,
886 4506 1022 4563 κατά
1068 4504 1217 4582 γένος
1267 4510 1346 4578 τῷ
1411 4503 1631 4582 βασιλεῖ
1660 4506 1948 4576 ,συναπτό-

2083 1918 2522 1974 Cantacuzenns
2551 1913 2819 1981 Michael,
2851 1920 2908 1970 et
2949 1915 3048 1970 alii
3079 1918 3411 1989 complures
3468 1918 3719 1990 improbi

2077 2010 2136 2062 et
2155 2005 2307 2061 leves
2337 2003 2631 2068 homines,
2677 2004 3019 2075 imperatori
3080 2008 3369 2078 sanguine
3421 2007 3632 2077 juncti,
3665 2016 3722 2064 et

2078 2110 2288 2168 agmen
2323 2108 2523 2148 eorum
2548 2093 2650 2164 qui
2672 2093 2826 2149 594
2860 2108 3117 2149 mensam
3135 2095 3717 2152 sebastocratoricam

2074 2182 2587 2249 consectabantur,
2621 2179 2785 2236 novis
2804 2180 2980 2235 rebus
3012 2181 3357 2251 gaudentes.
3378 2182 3558 2238 Totus
3582 2183 3719 2239 item

2073 2270 2363 2341 exercitus
2396 2268 2494 2325 illo
2517 2273 2680 2326 motu
2730 2270 3013 2325 duntaxat
3046 2270 3244 2326 audito
3302 2272 3608 2328 turmatim
3640 2274 3712 2327 ad

2069 2362 2333 2419 Alexium
2393 2359 2610 2429 deficit,
2661 2358 2971 2416 domestici
3030 2363 3307 2431 praeterea
3363 2364 3420 2416 et
3456 2360 3711 2416 ministri

2070 2451 2274 2509 Isaacii
2302 2467 2525 2520 omnes,
2558 2454 2617 2507 et
2638 2448 2736 2523 qui
2770 2449 2841 2505 ab
2875 2466 2940 2506 eo
2959 2449 3244 2521 dignitate
3294 2451 3587 2506 senatoria
3616 2468 3707 2506 or-

2072 2543 2193 2599 nati
2218 2548 2402 2599 erant.
2428 2544 2502 2597 At
2553 2541 2871 2613 imperator
2928 2540 3196 2597 obscuris
3238 2541 3523 2614 principio
3557 2544 3705 2599 voci-

2066 2632 2178 2688 bus
2209 2629 2485 2702 acceptis,
2519 2629 2727 2686 deinde
2751 2646 2809 2684 in
2842 2629 3157 2685 tentorium
3192 2647 3365 2687 suum
3418 2647 3709 2688 concursu

2066 2720 2455 2794 plurimorum
2500 2718 2624 2775 viso
2677 2722 2735 2774 et
2791 2719 2986 2774 fratris
3037 2718 3429 2775 declaratione
3486 2720 3706 2785 audita,

2065 2827 2172 2868 nec
2202 2810 2387 2867 multo
2421 2814 2554 2883 post
2600 2809 2960 2865 facinoribus
3006 2809 3138 2865 istis
3171 2810 3477 2878 nuntiatis,
3532 2826 3708 2867 cursu

2064 2916 2354 2975 represso,
2397 2902 2564 2971 signo
2607 2898 2798 2956 crucis
2844 2915 2907 2955 se
2938 2898 3166 2969 muniit,
3226 2904 3283 2955 et
3326 2899 3539 2957 Christi
3570 2917 3710 2972 pace

2062 2989 2374 3062 implorata
2398 2989 2583 3046 Deum
2618 2988 2833 3059 saepius
2865 2988 3050 3044 oravit
3072 3004 3134 3043 se
3156 3004 3223 3044 ex
3246 2987 3344 3044 illo
3368 2988 3709 3047 discrimine

2057 3080 2333 3146 liberari;
2374 3082 2431 3135 et
2460 3078 2563 3135 Dei
2590 3076 2903 3135 Genitricis
2934 3077 3253 3149 imaginem
3286 3094 3355 3134 ex
3384 3078 3517 3135 sinu
3577 3096 3712 3151 pro-

2019 3219 2034 3243 ,
2064 3170 2237 3226 latam
2271 3168 2473 3223 crebro
2506 3166 2871 3239 amplectens
2897 3165 3107 3239 partim
3151 3165 3539 3233 collaudabat,
3574 3186 3707 3238 par-

1984 3220 2035 3282 U

2065 3258 2169 3314 tim
2195 3254 2712 3330 supplexefﬂictim
2727 3256 2931 3313 orabat
2964 3256 3357 3311 utimminens
3379 3256 3702 3328 periculum

2060 3348 2315 3420 effugere
2346 3344 2565 3403 liceret.
2609 3344 2749 3402 Cum
2785 3350 2977 3403 autem
3010 3346 3290 3419 quosdam
3325 3346 3704 3419 comprehen-

2059 3438 2233 3496 dendi
2264 3436 2355 3493 sui
2381 3452 2560 3494 causa
2608 3434 2754 3492 laxis
2814 3436 3059 3493 habenis
3120 3436 3337 3493 irruere
3384 3452 3490 3494 nec
3538 3438 3696 3495 aliud

2057 3533 2280 3600 spirare
2302 3531 2406 3583 aut
2424 3531 2686 3599 spectare
2715 3527 2830 3583 nisi
2857 3526 3252 3598 captivitatem
3296 3545 3464 3584 suam
3495 3544 3694 3586 cerne-

2059 3622 2167 3688 ret,
2206 3618 2405 3689 fugam
2459 3616 2701 3688 arripit;
2731 3620 2788 3672 et
2835 3616 3120 3673 vorticoso
3177 3617 3374 3684 ﬂuvio,
3436 3618 3535 3688 qui
3579 3618 3698 3675 illic

2059 3706 2419 3782 praeterfluit,
2480 3723 2592 3762 non
2644 3706 2770 3762 sine
2831 3706 3088 3777 periculo
3155 3711 3429 3777 superato
3486 3707 3695 3778 pergit.

2058 3796 2334 3863 Quamvis
2360 3795 2516 3851 enim
2554 3794 2781 3850 nullum
2815 3798 3007 3850 tutum
3043 3798 3338 3865 receptum
3384 3794 3533 3851 595
3569 3810 3701 3851 cer-

2059 3889 2242 3956 neret,
2279 3888 2477 3940 tamen
2510 3889 2575 3938 ut
2604 3881 2844 3939 exitium
2906 3900 2939 3938 a
2998 3881 3197 3954 pepuli
3240 3882 3430 3937 furore
3470 3899 3701 3939 summa

2062 3972 2441 4032 festinatione
2474 3970 3215 4042 persequentisimminens
3271 3971 3527 4039 evitarei,
3573 3973 3701 4028 Sta-

2057 4064 2181 4133 gira
2211 4060 2492 4134 pervenit,
2526 4076 2655 4133 quae
2686 4076 2844 4116 nunc
2875 4063 3064 4116 Macra
3093 4059 3305 4116 dicitur
3331 4104 3342 4129 ,
3375 4060 3475 4115 ubi
3503 4062 3701 4117 aPan-

2058 4155 2308 4224 teugeno
2345 4151 2599 4223 quodam
2631 4149 3092 4223 comprehensus
3125 4156 3181 4205 et
3226 4150 3701 4222 persecutoribus
3742 4220 3755 4229 θ

2061 4240 2327 4315 proditus
2357 4239 2479 4296 sole
2505 4244 2865 4312 postremum
2895 4239 3043 4305 viso,
3069 4238 3238 4306 paulo
3281 4243 3413 4311 post
3442 4240 3512 4296 ad
3544 4240 3702 4297 Peras

2060 4328 2481 4385 monasterium
2509 4328 2580 4385 ab
2614 4328 2981 4400 imperatoris
3015 4328 3327 4384 Andronici
3349 4333 3511 4399 patre
3542 4330 3698 4386 Isaa-

2057 4420 2147 4476 cio
2208 4418 2508 4475 conditum
2563 4422 2906 4475 excecatur.
2976 4418 3172 4475 Utrum
3244 4435 3376 4475 vero
3428 4419 3701 4475 Numinis

2060 4508 2318 4565 vindicta
2338 4522 2539 4581 pcenas
2570 4506 2703 4563 illas
2744 4507 2824 4562 ibi
2852 4506 3096 4575 dederit,
3130 4506 3261 4564 aliis
3324 4508 3698 4564 consideran-

291 4584 476 4675 μενοι,
507 4599 599 4653 καὶ
646 4584 865 4670 σμῆνος
923 4593 1064 4651 ἄλλο
1118 4592 1379 4670 ἀγελαῖον
1437 4594 1562 4670 περὶ
1605 4595 1666 4649 τὸ
1699 4589 1949 4650 σεϐαστο-

2070 4597 2200 4653 dum
2238 4596 2523 4668 relinquo.
2555 4596 2695 4652 Vult
2724 4595 2884 4651 enim
2924 4596 3303 4666 Providentia,
3346 4614 3472 4670 quin
3503 4598 3703 4655 omnia
3784 4640 3795 4647 .

286 4687 618 4765 κρατορικὸν
665 4683 839 4741 πάλαι
893 4683 1163 4755 ἀλητεῦον
1218 4683 1308 4739 καὶ
1367 4688 1558 4758 χαῖνον
1612 4683 1947 4761 ἑστιατόριον

285 4775 387 4832 καὶ
417 4779 616 4851 χαῖρον
668 4778 787 4836 ταῖς
846 4776 953 4829 τῶν
1003 4772 1339 4846 πραγμάτων
1390 4770 1737 4848 ἐξαλλαγαῖς.
1772 4778 1950 4848 Προσ-

288 4871 477 4942 χωρεῖ
508 4861 565 4920 δέ
596 4865 647 4919 οἰ
675 4863 765 4919 καὶ
795 4864 932 4937 πρὸς
968 4862 1142 4936 μόνην
1198 4863 1299 4931 τήν
1353 4866 1463 4918 τῶν
1519 4864 1948 4938 νεοχμωθὲντων

291 4954 565 5030 ὲνήχησιν
623 4950 761 5009 ἅπαν
813 4952 878 5008 τὸ
940 4951 1329 5027 στρατιωτικὸν
1387 4949 1596 5024 ἰλαδὸν,
1627 4954 1717 5008 καὶ
1754 4947 1953 5009 ὁπόσον

291 5044 553 5115 Ἰσαακίῳ
595 5039 930 5119 προσέῤῥεπε
983 5040 1369 5116 θεραπευτικὸν
1421 5041 1510 5096 καὶ
1565 5038 1815 5114 οἰκίδιον,
1863 5042 1951 5097 καὶ

293 5135 456 5207 οἳπερ
495 5132 573 5194 εἰς
634 5129 844 5207 βουλῆς
896 5129 1112 5205 ἀξίωμα
1165 5130 1432 5206 ἤρθησαν.
1482 5131 1543 5188 Ὀ
1594 5128 1651 5187 δὲ
1691 5130 1950 5194 Βασιλεὺς

293 5225 548 5296 ἀσήμους
602 5220 699 5284 τὰς
752 5224 941 5297 πρῶτα
998 5221 1179 5300 φωνὰς
1234 5221 1310 5284 εἰς
1361 5220 1531 5289 ἀκοήν
1586 5221 1751 5278 ὠτίου
1810 5220 1952 5296 δεξά-

297 5333 477 5388 μενος,
512 5311 629 5367 εἶτα
655 5312 743 5367 καί
776 5312 911 5366 κατᾶ
961 5311 1064 5379 τήν
1120 5309 1355 5386 ἀρχικήν
1388 5308 1620 5366 αὐλαίαν
1652 5316 1757 5366 τῶν
1790 5311 1948 5368 πλεί-

294 5423 441 5459 στων
510 5401 780 5477 θεὼμινος
837 5398 1151 5476 συνδρομὴν
1228 5402 1319 5456 καὶ
1388 5402 1486 5471 τήν
1557 5404 1654 5458 τοῦ
1710 5399 1950 5479 ἀδελφοῦ

293 5491 595 5569 ἀνάρρησιν
646 5489 1036 5568 ὶνηχούμενος,
1100 5493 1213 5565 μετ’
1273 5489 1336 5545 οὐ
1394 5491 1540 5547 πολὺ
1581 5488 1637 5546 δὲ
1684 5494 1771 5546 καί
1819 5491 1949 5556 τοὺς

297 5578 675 5656 ὰγγέλλοντας
700 5574 845 5655 ἔχων
877 5578 1032 5634 ταυτῖ
1088 5578 1155 5633 τὰ
1213 5576 1573 5653 τολμώμενα,
1606 5572 1730 5650 ἔστη
1760 5601 1817 5635 τε
1846 5585 1947 5635 τοῦ

293 5674 476 5740 ’ἰεσυαι
532 5672 743 5750 πρόσω,
799 5669 891 5727 καὶ
956 5669 1015 5727 τὸ
1072 5672 1169 5726 τοῦ
1227 5673 1458 5748 σταυροῦ
1514 5674 1742 5745 σημεῖον
1775 5670 1948 5746 ἑαυτῷ

2063 4686 2285 4759 optime
2305 4686 2617 4758 gubernat,
2645 4685 2821 4741 etiam
2871 4685 2929 4740 in
2981 4686 3533 4743 inimicissimorum
3556 4703 3699 4760 sup-

2060 4774 2255 4849 pliciis
2290 4775 2748 4833 moderationem
2773 4775 3057 4847 adhiberi,
3093 4780 3149 4832 et
3186 4793 3417 4850 semper
3464 4778 3522 4833 in
3568 4793 3700 4835 con-

2061 4870 2264 4939 spectu
2291 4883 2420 4924 esse
2448 4866 2753 4939 potestatis
2806 4865 3099 4921 lubricum
3134 4870 3188 4921 et
3239 4867 3470 4938 imperii
3521 4867 3700 4923 amis-

2061 4955 2310 5025 sionem,
2359 4972 2451 5027 ne,
2497 4959 2564 5011 ut
2624 4954 2889 5011 omnium
2949 4970 3144 5010 rerum
3203 4955 3541 5010 vicissitudo
3587 4959 3701 5022 est,

2062 5046 2553 5118 quemadmodum
2590 5044 2838 5117 quisque
2878 5044 3140 5099 tractarit
3189 5046 3449 5108 caeteros,
3508 5043 3589 5099 ita
3643 5048 3702 5100 et

2061 5135 2189 5208 ipse
2219 5136 2415 5192 divino
2439 5134 2665 5206 judicio
2708 5134 2779 5189 ab
2839 5132 2971 5188 aliis
3022 5136 3318 5188 tractetur.
3380 5135 3514 5188 Post
3550 5132 3699 5189 hanc

2061 5224 2479 5292 calamitatem,
2500 5224 2573 5279 ob
2596 5224 2891 5295 ingentem
2938 5221 3263 5276 cruciatum
3297 5220 3505 5278 diebus
3535 5237 3698 5279 com-

2063 5314 2334 5387 pluribus
2366 5314 2494 5370 cibo
2526 5329 2642 5369 non
2676 5315 2932 5385 gustato,
2965 5310 3219 5383 palatino
3250 5310 3469 5367 carceri
3512 5310 3702 5369 inclu-

2060 5404 2239 5460 ditur.
2276 5402 2455 5459 Paulo
2496 5418 2631 5458 vero
2681 5403 2813 5473 post
2860 5400 2918 5455 in
2964 5400 3202 5456 alteram
3260 5401 3422 5458 urbis
3473 5405 3699 5475 partem

2057 5494 2129 5551 ad
2160 5490 2974 5565 Diplocioniumtransfertur,
3010 5505 3111 5544 nec
3143 5490 3464 5563 quidquam
3491 5497 3704 5565 prater

2057 5582 2175 5640 vini
2207 5586 2265 5638 et
2294 5581 2460 5653 panis
2498 5580 2867 5649 demensum,
2916 5584 2981 5636 ut
3048 5579 3220 5635 homo
3278 5579 3544 5652 plebeius
3575 5588 3697 5641 ruri

2060 5674 2298 5746 degens,
2337 5671 2567 5745 accipit.
2630 5670 2829 5729 Frater
2879 5686 3011 5728 vera
3059 5669 3186 5739 eius
3243 5670 3397 5729 590
3448 5672 3693 5748 imperio
