4116 6206
229 365 349 429 825

1149 360 1251 421 DE
1294 359 1589 421 ALEXIO
1634 357 1921 419 ISAACII
1966 358 2262 420 ANGELI
2309 360 2428 420 Fit.
2478 360 2628 420 LIB.
2673 361 2724 420 Ι.

3530 361 3649 420 826

222 500 479 572 ται,τίνι
532 498 596 555 ἄν
666 494 1242 576 συναρμολογηθέντες
1309 495 1641 570 ζησώμεθα;
1707 494 1797 549 καὶ
1850 496 1885 563 ἡ

2003 491 2238 561 quidem
2268 509 2363 548 ars
2394 508 2463 549 ex
2490 492 2798 549 contrariis
2833 494 3005 550 rebus
3045 492 3299 550 salutare
3321 494 3647 552 antidotum

231 591 329 663 μὲν
382 586 774 669 φιλάνθρωπος
823 587 988 663 τέχνη
1043 587 1096 658 ἐξ
1148 586 1439 650 ἀντιθέτων
1490 588 1704 659 σαρκῶν
1754 581 1895 638 ἀντί-

226 678 388 735 δοτον
454 679 843 752 συνεκεράσατο
933 678 1235 748 σώζουσαν,
1295 670 1429 730 ἔνιοι
1517 671 1575 729 δὲ
1627 678 1734 729 τῶν
1789 680 1890 743 τῆς

231 770 452 847 σρύσεως
511 768 721 841 σεμνῶν
779 763 972 841 δώρων
1057 763 1445 838 ἐπιλαθόμενοι
1528 763 1889 832 ἐπανέστησάν

229 880 291 914 τε
348 857 651 929 ἀλλήλοις,
712 857 802 912 καὶ
860 857 993 932 ὅπερ
1040 855 1200 925 εἰσὶν,
1250 857 1557 931 ἠγνοήκασι
1606 852 1892 931 μοχθηρίᾳ

229 951 462 1024 γνώμης
491 947 581 1003 καὶ
640 945 802 1016 δόξης
859 944 1019 1020 ἔρωτι
1079 946 1343 1019 μείζονος.
1398 947 1499 1001 ἸΙν
1554 944 1733 1000 τοίνυν
1764 944 1890 1017 παρ’

229 1035 407 1102 ἔθνεσι
466 1039 554 1092 καὶ
617 1041 778 1092 τοῦτο
835 1037 1126 1109 Ῥωμαίων
1178 1035 1255 1098 είς
1309 1035 1664 1108 ἐξουθενημα,
1715 1053 1891 1108 παρα-

226 1126 562 1199 κολούθημά
620 1147 678 1181 τε
726 1125 816 1181 καὶ
875 1121 1235 1198 ἐπισύμδαμά
1289 1146 1341 1180 τι
1409 1123 1705 1199 λελόγιστο
1778 1128 1886 1177 τῶν

231 1216 713 1293 προηγησαμὲνων
813 1211 1060 1270 ἁπάντων
1129 1213 1348 1290 αἶ’σχιον
1422 1212 1511 1268 ἐπὶ
1585 1217 1703 1273 ταῖς
1777 1217 1888 1267 τῶν

230 1305 569 1381 πραγμάτων
643 1305 1090 1378 μεταπεττεύσεσι
1133 1305 1225 1358 καὶ
1282 1308 1399 1366 ταῖς
1447 1308 1552 1358 τῶν
1626 1300 1887 1377 κρατούν-

228 1417 344 1449 των
420 1394 723 1468 μεταθέσεσί
790 1414 850 1448 τε
912 1392 1000 1448 καὶ
1076 1392 1457 1448 ἀλλοιώσεσιν.
1532 1394 1700 1449 Ἠσαν
1743 1388 1790 1445 δ’
1830 1389 1885 1446 ο’ί

229 1487 326 1539 καὶ
394 1493 494 1554 τῆς
535 1483 586 1544 ἒς
622 1485 749 1544 τοὺς
791 1483 960 1545 πέλας
1003 1479 1191 1557 φιλίας
1229 1483 1584 1561 ἀφιστάμενοι
1648 1479 1887 1536 ἀπολυό-

235 1576 399 1648 μενοί
453 1595 511 1628 τε
567 1574 666 1641 τήν
722 1571 893 1627 πάλαι
954 1574 1259 1642 συνήθειαν,
1310 1596 1337 1623 rc
1382 1568 1647 1648 Ἀδελφὸς
1688 1568 1747 1624 οὐ
1790 1568 1886 1624 λυο

229 1667 483 1737 τροῦταν
548 1660 881 1737 λυτρώσεται
941 1659 1263 1734 ἅνθρωποςς
1310 1682 1336 1709 ››
1395 1656 1601 1730 ἔλεγον.
1655 1655 1755 1712 Καὶ
1800 1657 1885 1718 οἷς

228 1754 298 1809 τά
360 1748 725 1829 μυστηριώδη
784 1755 891 1805 τῶν
972 1748 1361 1825 βουλευμάτων
1421 1749 1560 1810 τινὲς
1618 1746 1886 1804 ἀπεκάλυ-

229 1864 392 1906 πτον,
440 1841 648 1897 τούτων
713 1844 1012 1911 τηνικαῦτα
1077 1839 1167 1893 καὶ
1231 1840 1331 1908 τὴν
1395 1836 1769 1915 προσηγορίαν
1811 1838 1960 1933 tit-:8

223 1927 524 1987 ἐπίϐουλον
594 1924 995 2000 ὑπεϐλέποντο,
1048 1927 1186 2001 πρὸς
1243 1924 1590 2002 παράδειγμα
1637 1927 1699 1980 τὸ
1737 1946 1890 2000 γεγο-

220 2023 316 2083 νὸς
384 2021 718 2098 ἀφορῶντες.
786 2017 964 2080 Αὐτὸς
1027 2014 1083 2073 δὲ
1142 2018 1170 2071 ὁ
1222 2022 1321 2085 τῆς
1383 2017 1561 2091 ἀρχῆς
1610 2010 1891 2087 ἐπιϐήτωρ

222 2120 496 2189 Ἀλέξιος,
568 2119 645 2193 μὴ
725 2117 778 2173 ἐν
848 2121 925 2188 νῷ
996 2115 1342 2191 βαλλόμενος
1403 2116 1477 2176 ὡς
1535 2115 1720 2169 ἑαυτὸν
1761 2124 1895 2177 καθ-

225 2210 404 2284 ῄρηκε
444 2216 545 2278 τῆς
614 2208 798 2283 ἀρχῆς
866 2207 962 2261 τὸν
1032 2202 1269 2282 ἀδελφὸν
1336 2203 1602 2272 καθελὼν,
1670 2204 1747 2265 ὡς
1802 2203 1893 2259 τὸν

232 2299 522 2376 βασιλικὸν
580 2298 772 2354 αὐτίκα
834 2296 1020 2373 θρόνον
1076 2295 1167 2351 ἐπὶ
1219 2300 1299 2367 τῷ
1350 2300 1535 2368 θερμῷ
1578 2295 1761 2367 τούτῳ
1802 2295 1891 2349 ἀν-

234 2387 512 2461 επήδησεν
569 2389 909 2461 ἀνομήματι,
970 2385 1058 2441 καὶ
1116 2385 1243 2447 τοὺς
1293 2383 1625 2458 ἱματισμοὺς
1682 2383 1773 2438 καὶ
1827 2384 1892 2438 τὸ

230 2480 435 2554 στέφος
512 2477 745 2555 διφήσας
807 2480 905 2531 τοῦ
980 2477 1309 2550 κασιγνήτου
1376 2473 1467 2528 καὶ
1542 2472 1895 2547 περιθέμενος

238 2570 346 2625 ὑπὸ
387 2569 591 2630 παντὸς
651 2571 748 2622 τοῦ
826 2569 1228 2639 στρατιωτικοῦ
1301 2563 1604 2638 τάγματος,
1643 2560 1733 2616 καὶ
1774 2560 1891 2616 ὅσοι

228 2660 411 2734 μέρος
459 2659 593 2727 ἦσαν
669 2659 767 2725 τῆς
842 2654 1152 2731 γερουσίας,
1223 2650 1479 2728 βασιλεὺς
1540 2649 1890 2725 αὐτοκράτωρ

230 2747 649 2822 ἀναγορεύεται.
721 2744 823 2803 Καὶ
871 2747 942 2818 τῇ
986 2743 1079 2817 μὶν
1138 2742 1353 2818 γυναικὶ
1399 2741 1490 2796 καὶ
1550 2744 1665 2802 τοῖς
1731 2738 1782 2795 ἐν
1823 2741 1891 2812 τῇ

216 2837 404 2894 πόλει
444 2839 742 2907 καθήκουσι
784 2831 930 2905 δῆλα
995 2832 1063 2888 τὰ
1119 2830 1490 2908 ξυνενεχθέντα
1550 2836 1895 2906 παραχρῆμα

218 2933 406 2984 ποιεῖ·
458 2926 620 2988 αὐτὸς
660 2922 718 2980 δὲ
757 2925 883 2986 τοὺς
944 2923 1344 2996 συναραμένους
1381 2922 1533 2994 αὐτῷ
1570 2926 1671 2990 τῆς
1710 2921 1891 2995 ἀρχῆς

216 3016 587 3091 δεξιούμενος
645 3021 746 3085 τῆς
802 3035 860 3069 τε
920 3008 1161 3082 σπουδῆς
1238 3005 1626 3085 ἀμειϐόμενος,
1679 3010 1772 3065 καὶ
1829 3009 1892 3065 τὸ

214 3106 429 3163 λοιπὸν
509 3104 645 3159 ἅπαν
718 3101 932 3167 πλῆθος
1007 3099 1317 3176 θεραπεύων
1360 3098 1443 3154 ὅτι
1518 3120 1577 3154 τε
1651 3095 1895 3171 ἂσμένως

212 3196 632 3271 προσεχώρησε
668 3193 757 3248 καί
819 3188 969 3246 οὐδὲν
1030 3212 1084 3245 τι
1146 3187 1529 3261 διεστασίασεν,
1570 3186 1770 3262 ⁴ἤρξατο
1813 3190 1887 3263 μή

214 3289 321 3343 σὺν
387 3283 547 3362 λόγῳ
604 3284 692 3338 καὶ
748 3282 894 3352 τάξει
947 3280 1079 3345 τινὶ,
1140 3277 1286 3335 ἀλλὰ
1334 3278 1473 3355 πρὸς
1525 3280 1625 3348 τὴν
1664 3278 1890 3333 ἑκάστου

217 3374 451 3445 αἵτησίν
491 3393 551 3429 τε
589 3373 679 3428 καὶ
717 3367 896 3444 ἔφεσιν
935 3364 1236 3425 διαδιδόναι
1276 3368 1343 3424 τὰ
1382 3371 1667 3443 χρήματα,
1724 3368 1897 3422 ὁπόσα

215 3464 605 3538 ἒχστρατεύων
649 3462 883 3538 ἐπήγετο
925 3458 1217 3521 Ἰσαάκιος.
1265 3458 1486 3517 Τούτων
1538 3455 1586 3512 δ’
1635 3456 1895 3533 ὑπορρεο-

220 3559 443 3610 σάντων
470 3551 573 3627 ττῇ
607 3550 802 3623 ἀσώτῳ
864 3551 954 3605 καὶ
1002 3549 1246 3622 ἀνομοίῳ
1296 3545 1528 3621 διανομῇ
1572 3544 1742 3622 γήδια
1770 3566 1898 3623 καρ-

221 3646 455 3722 ποφόρα
518 3641 610 3697 καὶ
678 3639 980 3712 δημοσίους
1048 3638 1399 3717 συνεισφορὰς
1474 3641 1706 3712 παρεῖχε
1779 3641 1896 3698 τοῖς

222 3736 287 3791 αἰ
321 3733 635 3805 τουμένοις.
686 3730 775 3791 Ὧς
816 3727 862 3785 δ’
911 3725 1252 3783 ἐπιλελοίπει
1283 3728 1372 3785 καὶ
1402 3724 1591 3798 ταῦτά,
1628 3732 1746 3788 τοῖς
1783 3732 1891 3781 τῶν

218 3832 562 3906 ἄξιωμάτων
606 3829 812 3906 ἐπεφύη
864 3828 1167 3901 λαμπροῖς,
1208 3825 1298 3880 καὶ
1357 3829 1449 3880 νῦν
1507 3826 1638 3880 κάπῖ
1676 3824 1894 3887 τούτοις

218 3921 461 3997 ἐξαίρων
506 3919 570 3974 ού
609 3914 767 3974 τόνδε
803 3916 839 3987 ἥ
877 3912 1036 3972 τόνδε
1073 3919 1179 3970 τῶν
1222 3912 1565 3990 ἐλλογίμων,
1601 3911 1638 3984 ἥ
1680 3913 1893 3989 ἀνάγων

219 4011 310 4075 εἷς
352 4010 445 4066 τὸν
484 4014 735 4085 προσεχῆ
781 4007 988 4083 βαθμὸν
1040 4004 1132 4059 καὶ
1171 4003 1463 4080 ἀνάλογον,
1513 4001 1660 4058 ἀλλά
1696 4004 1891 4073 πάντα,

221 4100 329 4158 καὶ
368 4101 463 4155 τὸν
507 4096 746 4176 βραχέος
782 4097 1098 4169 τιμώμενον
1136 4094 1237 4162 τήν
1283 4093 1453 4165 τιμήν
1502 4090 1593 4147 καὶ
1640 4091 1736 4147 τὸν
1768 4090 1893 4147 οὖδὲ

220 4212 371 4249 ποτε
418 4195 519 4259 τῆς
566 4189 795 4263 πρώτης
834 4182 1137 4258 ἠξιωμένον
1181 4178 1467 4256 ὅαθμῖδος,
1507 4179 1595 4236 ἐπὶ
1625 4183 1726 4251 τὴν
1758 4181 1893 4235 ἂνω-

217 4284 386 4340 τάτω
443 4278 534 4335 καὶ
607 4277 906 4354 κορυφαίαν
984 4272 1328 4348 μετεωρίζων
1404 4265 1742 4341 ἀνεϐίϐαζεν,
1819 4271 1895 4334 ὡς

214 4373 367 4430 εἶναι
398 4369 463 4424 τὸ
506 4365 818 4440 πολύτιμον
861 4361 1055 4436 ἄτιμον
1106 4361 1197 4416 καὶ
1242 4362 1305 4417 τὸ
1352 4358 1649 4438 φιλότιμον
1701 4357 1889 4434 ἄχαρι,

214 4456 452 4517 Πολλοὶ
509 4452 566 4510 δὲ
603 4453 693 4509 καὶ
746 4445 1124 4524 ὑποϐιϐασμὸν
1177 4451 1280 4518 τήν
1331 4444 1525 4502 ἄνοδον
1570 4445 1764 4519 ᾤοντο,
1816 4447 1890 4509 ὡς

214 4549 333 4624 ὀψὲ
384 4566 521 4603 ποτε
582 4542 806 4606 δικαίως
855 4542 1152 4615 ἠξιωμένοι
1201 4541 1276 4595 ὦν
1327 4537 1493 4594 ἄλλοι
1554 4539 1680 4613 παρ’
1737 4536 1886 4608 ἀξίαν

2002 581 2254 637 conficit.
2311 582 2557 645 Quidam
2618 600 2752 639 vero
2802 583 3078 655 praeclara
3150 587 3367 638 natura:
3409 600 3652 641 munera

2002 668 2166 725 obliti
2201 675 2402 727 mutuo
2470 689 2531 727 se
2570 670 2888 743 exagitant,
2921 676 2976 727 et
3008 689 3120 741 prie
3160 672 3525 743 improbitate
3558 675 3646 729 in-

2000 758 2156 830 genii
2187 764 2244 814 et
2279 761 2511 831 majoris
2559 760 2751 832 gloriae
2792 761 3108 831 cupiditate
3135 778 3194 817 se
3226 761 3492 818 homines
3521 779 3647 819 esse

2002 865 2117 905 non
2158 851 2565 907 meminerunt.
2602 851 2832 923 Peperit
2881 852 2990 908 hoc
3020 868 3246 923 quoque
3278 853 3499 908 facinus
3532 854 3643 909 Ro-

2000 941 2190 996 manis
2238 942 2391 1012 apud
2444 948 2667 999 exteras
2727 942 2990 998 nationes
3046 948 3458 1014 contemptum,
3521 959 3647 1000 om-

2000 1029 2170 1087 nibus
2199 1029 2331 1087 aliis
2377 1048 2503 1103 quae
2543 1033 2602 1087 in
2654 1031 2944 1088 mutandis
2993 1032 3439 1103 imperatoribus
3498 1035 3645 1089 acci-

2000 1124 2135 1178 dere
2188 1121 2376 1178 solent
2424 1123 2653 1194 turpius
2688 1128 2743 1178 et
2774 1122 3135 1193 flagitiosius.
3178 1123 3434 1178 Fuerunt
3464 1131 3517 1179 et
3548 1127 3647 1195 qui

1999 1211 2183 1282 ruptis
2214 1211 2477 1268 amicitiae
2519 1211 2768 1268 vinculis
2796 1219 3043 1269 veterem
3079 1212 3524 1269 familiaritatem
3557 1214 3645 1267 di-

1997 1303 2293 1359 rimerent.
2354 1306 2545 1357 Frater
2578 1302 2830 1370 fratrem,
2882 1302 3176 1375 inquiunt,
3220 1320 3335 1358 non
3390 1302 3644 1358 liberat:

1998 1402 2133 1472 quid
2200 1399 2373 1455 faciat
2402 1399 2630 1455 alienus
2660 1400 2688 1455 ?
2727 1400 2950 1464 Quibus
2981 1404 3115 1457 ante
3154 1417 3364 1458 arcana
3392 1400 3647 1458 commi-

1995 1493 2214 1557 serant,
2274 1504 2475 1545 eorum
2526 1488 2609 1543 vel
2670 1489 3023 1560 colloquium
3081 1493 3238 1545 metu
3304 1489 3640 1545 insidiarum

1994 1577 2341 1645 devitabant,
2419 1578 2477 1632 in
2538 1576 2677 1633 illud
2738 1578 2972 1634 fraterni
3031 1577 3268 1635 sceleris
3313 1578 3637 1648 exemplum

1994 1667 2310 1724 intuentes.
2345 1667 2473 1738 Ipse
2492 1683 2627 1723 vero
2658 1666 2885 1738 imperii
2916 1671 3222 1736 occupator
3251 1666 3501 1733 Alexius,
3524 1683 3640 1722 non

1994 1757 2252 1827 cogitans
2318 1772 2381 1812 se
2430 1756 2601 1811 fratre
2648 1772 2849 1813 everso
2906 1754 3287 1827 semetipsum
3344 1755 3643 1824 evertisse,

2000 1846 2190 1902 statim
2246 1845 2683 1917 imperatorium
2733 1846 2964 1915 solium,
2998 1845 3281 1916 ﬂagrante
3318 1844 3510 1901 adhuc
3576 1861 3644 1901 eo

2000 1932 2228 1998 delicto,
2277 1932 2643 1999 conscendit,
2698 1936 2755 1989 et
2816 1933 3009 1988 fratris
3061 1933 3270 1988 vestitu
3317 1949 3647 2004 coronaque

2000 2025 2263 2089 ornatus,
2294 2020 2363 2076 ab
2386 2020 2543 2077 omni
2579 2019 2814 2076 militari
2862 2021 3031 2076 turba
3059 2027 3113 2077 et
3152 2021 3456 2077 senatoriis
3507 2020 3645 2077 viris

1999 2112 2309 2182 imperator
2371 2112 2669 2182 Augustus
2741 2109 3152 2178 consalutatus,
3196 2125 3431 2166 uxorem
3479 2124 3642 2166 suam

2000 2205 2058 2256 et
2089 2199 2447 2273 propinquos
2485 2200 2545 2256 in
2606 2198 2750 2256 urbe
2780 2200 3053 2269 degentes
3086 2216 3154 2256 ea
3175 2201 3243 2255 de
3274 2216 3335 2255 re
3375 2198 3645 2257 certiores

2000 2291 2131 2346 facit
2164 2310 2178 2359 ;
2222 2291 2375 2348 599
2408 2294 2466 2346 et
2506 2292 2570 2346 ut
2600 2306 2698 2346 eos
2729 2305 2977 2361 quorum
3005 2306 3111 2358 cpe
3155 2293 3211 2345 et
3240 2288 3431 2345 studio
3460 2288 3640 2360 impe-

2000 2381 2151 2436 rium
2201 2384 2549 2437 consecutus
2597 2387 2714 2436 erat
2748 2382 3235 2446 remuneraretur,
3269 2383 3326 2433 et
3356 2376 3647 2451 reliquum

1999 2469 2228 2540 vulgus,
2290 2471 2444 2543 quod
2495 2471 2737 2526 libenter
2786 2477 2837 2526 et
2887 2471 3031 2525 citra
3078 2469 3415 2526 seditionem
3463 2485 3652 2527 acces-

2003 2561 2196 2628 sisset,
2258 2561 2315 2615 in
2389 2560 2581 2616 officio
2636 2561 2928 2628 retineret,
2980 2560 3103 2615 sine
3149 2559 3371 2616 ratione
3416 2559 3532 2615 ulla
3588 2564 3646 2616 et

2002 2650 2203 2706 ordine
2233 2650 2331 2705 sed
2366 2666 2467 2721 pro
2516 2649 2803 2720 cujusque
2861 2648 3138 2720 petitione
3171 2653 3227 2704 et
3272 2648 3516 2704 libidine
3548 2665 3640 2721 pc-

2001 2739 2236 2795 cuniam
2269 2738 2528 2811 dilargiri
2569 2740 2759 2810 ccepit,
2793 2754 2966 2811 quam
3000 2740 3058 2795 in
3090 2738 3356 2795 militiam
3386 2739 3644 2795 Isaacius

1998 2828 2324 2884 advexerat.
2365 2829 2499 2894 Quae
2548 2843 2679 2884 cum
2728 2828 3103 2884 immoderata
3155 2832 3214 2884 et
3240 2826 3512 2900 inaequali
3559 2827 3645 2882 di-

2001 2917 2341 2975 stributione
2394 2916 2702 2989 dilapidata
2757 2921 2931 2983 esset,
2981 2918 3193 2989 pradia
3251 2919 3546 2974 fructuosa
3592 2921 3649 2972 et

2004 3015 2233 3089 publica
2290 3015 2590 3088 vectigalia
2620 3016 2949 3087 petentibus
2993 3016 3242 3074 donavit.
3304 3016 3378 3072 Iis
3419 3032 3647 3089 quoque

2002 3105 2424 3173 deficientibus,
2475 3105 2797 3161 illustribus
2844 3105 3221 3175 dignitatibus
3269 3122 3386 3163 non
3436 3122 3648 3177 paucos

2006 3212 2218 3269 eosque
2246 3212 2361 3252 non
2393 3195 2573 3253 claros
2617 3197 2768 3252 viros
2797 3196 3038 3265 ornavit,
3087 3204 3183 3252 aut
3212 3198 3283 3252 ad
3327 3198 3646 3268 proximum

2003 3293 2056 3344 et
2098 3285 2535 3343 convenientem
2566 3285 2803 3356 gradum
2851 3285 3072 3342 evexit:
3107 3286 3203 3343 sed
3254 3287 3501 3357 quosvis,
3548 3285 3647 3358 qui

2005 3392 2133 3433 eum
2187 3376 2457 3432 honorem
2503 3391 2662 3446 ραι-γι
2712 3375 3065 3432 ωειὶωαὺαηι
3116 3383 3169 3432 et
3218 3376 3465 3447 primum
3516 3393 3648 3447 gra-

2003 3468 2139 3522 dum
2196 3466 2457 3523 nondum
2515 3467 2987 3535 conscenderant,
3033 3466 3091 3522 in
3142 3481 3366 3522 summo
3425 3465 3649 3536 fastigio

2004 3556 2325 3624 collocavit,
2376 3559 2437 3611 ut
2492 3555 2833 3625 dignitatum
2888 3557 3206 3627 frequentia
3251 3555 3647 3627 indignitatem

2006 3645 2311 3703 haberetet
2335 3644 2491 3702 omni
2526 3646 2706 3717 gratia
2735 3649 2975 3712 careret,
3011 3646 3185 3718 aliqui
3216 3645 3388 3701 etiam
3420 3661 3523 3699 suo
3549 3644 3650 3699 ho—

2004 3736 2129 3792 nori
2179 3736 2516 3806 derogatum
2577 3739 2848 3806 putarent
2892 3734 2989 3791 illo
3034 3734 3265 3792 honoris
3317 3734 3651 3789 incremen-

2003 3830 2082 3893 to,
2131 3830 2192 3883 ut
2222 3843 2347 3883 sero
2392 3827 2625 3883 tandem
2679 3828 2813 3898 jure
2870 3827 2924 3881 id
2975 3826 3269 3883 consecuti
3318 3825 3470 3897 quod
3520 3824 3650 3880 aliis

2004 3923 2204 3987 praeter
2245 3915 2512 3971 meritum
2563 3922 2695 3971 ante
2724 3920 2955 3985 tempus
2985 3913 3336 3985 contigisset,
3367 3915 3650 3985 dignitate

2002 4021 2198 4063 secum
2223 4004 2531 4076 exaequatis
2550 4005 2639 4071 iis,
2659 4004 2893 4076 quibus,
2919 4005 3285 4074 quantumvis
3309 4005 3524 4060 honore
3541 4019 3648 4059 au-

1999 4095 2127 4161 ctis,
2151 4094 2258 4165 ipsi
2291 4108 2528 4165 prorsus
2553 4093 2798 4165 neglecti
2820 4094 3100 4163 dignitate
3129 4092 3649 4164 prmetarejudica-

2000 4196 2216 4248 rentur.
2265 4192 2461 4264 Neque
2498 4208 2629 4248 vero
2672 4191 2929 4250 difficilis
2959 4199 3078 4247 erat
3124 4192 3355 4247 honoris
3400 4192 3647 4263 adoptio.

2001 4282 2160 4348 Quod
2179 4282 2334 4339 enim
2358 4282 2632 4352 scriptum
2653 4282 2982 4353 imperatori
3004 4281 3258 4350 offerres,
3281 4281 3336 4337 id
3360 4297 3389 4337 e
3412 4280 3648 4353 vestigio

2000 4371 2465 4442 subsignabalur,
2514 4371 2632 4427 sive
2669 4370 2864 4442 inepta
2909 4372 3063 4427 σου
3111 4372 3361 4428 dictione
3417 4378 3647 4429 consta-

2002 4464 2108 4527 ret,
2140 4460 2261 4515 sive
2319 4466 2378 4514 ut
2411 4475 2565 4515 mare
2594 4476 2776 4528 arare,
2810 4464 2961 4515 terra
2990 4462 3259 4530 navigare
3307 4469 3362 4518 et
3418 4466 3645 4519 montes

2001 4552 2061 4607 in
2094 4551 2343 4607 medium
2374 4567 2530 4607 mare
2561 4552 2892 4621 transferre,
2952 4553 3069 4610 sive
3098 4555 3187 4625 (ut
3216 4559 3305 4610 est
3355 4554 3415 4611 in
3474 4555 3645 4610 fabu-

212 4639 810 4716 προηυμοιρήκεισαν,
868 4632 1137 4695 κακείνοις
1182 4632 1281 4701 τὴν
1332 4629 1499 4698 αὐτὴν
1547 4630 1717 4703 τιμὴν
1768 4649 1889 4703 συγ-

1999 4641 2088 4713 lis)
2125 4648 2184 4696 ut
2211 4640 2397 4697 Athon
2429 4641 2670 4712 Olympo
2700 4609 2995 4713 imponere
3026 4609 3521 4716 lic‘eret,peteres.

210 4712 609 4804 κληρούμενοι
671 4726 748 4779 ὦν
812 4722 1127 4796 ἠξιωμένων
1193 4726 1362 4793 τιμῆς
1414 4717 1569 4774 αὐτοὶ
1618 4712 1892 4792 παράϐλε-

212 4821 464 4895 πόμενοι
516 4816 700 4890 ἄδοξοι
759 4814 1045 4891 ἐκρίθησαν
1103 4811 1474 4885 τιμηέστεροι.
1528 4810 1631 4866 Ἦν
1694 4805 1751 4864 δὲ
1797 4808 1887 4864 καὶ

209 4917 251 4984 ἡ
295 4918 494 4981 κτῆσις
526 4908 850 4982 πρόχειροςο
905 4904 963 4959 ὅν
1007 4902 1109 4977 γάρ
1155 4922 1238 4965 τις
1289 4902 1625 4977 προσήνεγκε
1671 4902 1885 4976 χάρτην

207 5006 308 5074 τῷ
379 4996 622 5076 βασιλεῖ,
699 4994 890 5050 αὐτίκα
966 4989 1384 5065 ὗπεσημαίνετο,
1448 4989 1546 5045 κᾶν
1615 4990 1887 5052 σολαίκως

208 5093 348 5167 εἶχε
400 5095 505 5158 τῆς
565 5084 831 5163 φράσεως,
883 5080 980 5138 κᾶν
1028 5083 1056 5137 ὁ
1120 5078 1418 5167 προτείνων
1473 5076 1647 5135 ἐδεῖτο
1676 5079 1891 5167 ναυτίλέ

212 5165 422 5245 λεσθαι
457 5177 553 5251 μὲν
583 5175 683 5243 τήν
716 5173 905 5248 ξηρὰν,
951 5172 1213 5245 ἆροῢσθαι
1263 5166 1321 5223 δὲ
1367 5169 1465 5237 τὴν
1508 5168 1808 5246 φάλασσαν,
1849 5165 1886 5237 ἤ

210 5271 291 5327 τά
321 5265 431 5343 ὄρη
466 5265 519 5321 ἐν
559 5259 806 5338 καρδίαις
850 5259 1131 5316 θαλασσῶν
1182 5259 1267 5334 [Ρ.
1310 5260 1435 5331 293]
1489 5256 1884 5330 μετατίθεσθαι,

209 5361 333 5418 εἴτε
388 5358 519 5430 μὴν,
579 5353 650 5416 ὠς
709 5353 736 5407 ὁ
797 5355 968 5424 μῦθος
1045 5348 1330 5425 βούλεται,
1386 5347 1652 5420 Ὀλύμπῳ
1707 5349 1887 5403 Ἀθων

211 5446 667 5509 ἐπανατίθεσθαι.
719 5440 879 5500 Οὕτω
946 5437 1002 5495 δὲ
1070 5443 1236 5495 ταῦτα
1302 5440 1473 5492 πάντα
1519 5435 1882 5507 τετελεκὼςῆ

203 5537 442 5617 μᾶλλον
493 5531 911 5598 συντετελεκὼς,
962 5528 1309 5603 οἰκειότερον,
1364 5528 1552 5597 εἰπεῖν,
1602 5526 1677 5588 ὠς
1726 5526 1888 5602 χαρί-

198 5616 399 5701 ζεσθαι
458 5629 541 5693 τῷ
592 5626 772 5698 καιρῷ
830 5620 922 5675 καὶ
995 5625 1112 5682 τοῖς
1190 5618 1474 5692 πράγμασι
1556 5616 1881 5691 βιαζόμενος

194 5717 500 5797 διαφίησιν
533 5706 715 5768 ἔπειτα
760 5710 827 5766 τά
878 5707 1260 5784 στρατεύματα
1308 5705 1385 5768 εἷς
1436 5706 1544 5778 ἤθη
1594 5706 1659 5762 τά
1708 5702 1883 5761 οἰκεῖα

2000 4730 2172 4787 rebus
2226 4729 2497 4786 omnibus
2553 4730 2632 4785 ita
2684 4731 2951 4802 perfectis
3017 4731 3104 4788 vel
3168 4734 3359 4804 potius
3410 4735 3641 4790 confec-

1998 4820 2096 4887 tis,
2147 4819 2304 4891 quasi
2352 4823 2674 4891 temporum
2734 4828 2786 4877 et
2836 4837 3025 4877 rerum
3067 4822 3382 4879 conditioni
3430 4825 3648 4882 servire

1996 4916 2254 4978 coactus,
2288 4908 2543 4981 legiones
2577 4909 2812 4965 domum
2862 4911 3018 4966 abire
3048 4910 3211 4981 sinit,
3246 4912 3392 4967 nihil
3433 4929 3644 4969 curans

1998 4995 2149 5066 quod
2184 4993 2376 5050 Blacbi
2410 5009 2541 5050 cum
2601 4994 2845 5064 Scythis‘
2874 4995 3041 5053 obvia
3073 5013 3309 5068 quasque
3332 5003 3644 5052 vastarent.

1997 5084 2066 5139 Et
2095 5083 2219 5154 ipse
2271 5100 2384 5138 non
2420 5081 2615 5138 statim
2648 5083 2708 5139 in
2753 5085 2954 5139 urbem
2988 5089 3278 5155 preparat,
3312 5086 3409 5139 sed
3468 5085 3640 5142 fratre

1996 5176 2161 5243 eapto
2193 5175 2249 5227 et
2296 5180 2579 5227 excaecato
2623 5171 2769 5227 nihil
2818 5172 3053 5243 periculi
3107 5177 3393 5239 metuens,
3455 5175 3638 5246 pede-

1996 5261 2201 5316 tentim
2254 5277 2320 5315 ac
2369 5277 2468 5332 per
2510 5260 2687 5316 otium
2742 5262 2799 5317 in
2850 5260 3181 5316 diversoriis
3226 5265 3641 5319 commorando

1995 5349 2404 5421 proficiscitur.
2464 5349 2591 5405 Jam
2641 5348 2797 5404 enim
2833 5366 2864 5402 a
2908 5349 3125 5403 civibus
3174 5367 3404 5421 quoque
3443 5352 3641 5408 decla-

1995 5444 2153 5493 ratus
2188 5438 2499 5509 imperator
2527 5445 2578 5491 et
2618 5454 2651 5492 a
2679 5436 2924 5508 coniuge
2982 5438 3363 5508 Euphrosyna
3414 5441 3638 5513 ingres-

1994 5543 2096 5583 sus
2125 5528 2179 5583 ei
2243 5529 2606 5600 prazparutus
2673 5530 2798 5582 erat
2854 5530 2911 5581 et
2970 5531 3228 5597 senatus,
3308 5529 3476 5601 licet_
3527 5550 3642 5589 non

1992 5621 2170 5682 totus,
2222 5617 2344 5686 ejus
2376 5615 2743 5671 successibus
2778 5614 3113 5672 laetabatur:
3147 5633 3335 5690 neque
3365 5620 3531 5692 plebs
3562 5625 3632 5679 ad

1990 5706 2151 5764 illius
2184 5705 2520 5763 mutationis
2563 5706 2778 5766 famam
2807 5708 3094 5767 concitata
3146 5710 3235 5769 vel
3266 5709 3431 5770 novis
3463 5713 3639 5772 rebus
