4116 6206
471 366 590 429 827

1778 363 2084 425 ΝΙΕΕΤᾹΞ
2125 361 2329 423 CHON
2340 362 2553 424 ΙΑΤΕ

3759 368 3884 430 828

468 501 692 558 studuit
749 500 834 557 vel
860 499 1016 571 justa
1063 497 1365 555 iracundia
1393 497 1628 566 exarsit,
1684 497 1838 570 quod
1869 496 2119 566 impera-

2233 490 2574 563 ἐπανελθεῖν,
2636 490 2845 566 μηδένα
2896 490 3120 567 θίμενος
3172 492 3340 569 λόγον
3397 495 3443 548 εὶ
3500 496 3568 550 τὰ
3624 494 3679 550 ἐν
3726 496 3885 551 ποσὶν

358 614 361 619 ·
469 591 608 648 toris
639 588 872 645 creandi
934 588 1299 659 privilegium
1335 605 1367 644 a
1390 588 1679 644 militibus
1710 586 1821 642 sibi
1852 588 2113 656 ereptum

469 686 656 737 esset:
682 679 783 735 sed
811 678 1160 750 quieverunt
1189 682 1247 733 et
1274 684 1402 732 aeta
1432 677 1879 749 comprobarunt
1898 691 1986 730 om
1999 690 2116 729 nes.

469 771 746 824 Caeterum
807 782 935 823 cum
971 767 1187 837 conjux
1217 766 1346 838 ejus
1372 766 1605 822 ducissa
1654 764 2034 836 Euphrosyna
2062 764 2119 819 in

473 871 752 927 magnum
796 856 1073 926 palatium
1106 854 1310 923 abiret,
1344 859 1470 910 tum
1528 870 1658 910 vero
1689 853 1962 909 colluvies
1994 851 2120 923 cpi-

472 946 648 1003 ficum
680 948 739 1001 et
769 944 1240 999 turbulentorum
1273 943 1420 998 σοι
1458 942 1766 999 hominum
1809 940 2118 1011 quemdam

472 1034 829 1107 astrologum
857 1032 1118 1088 Alexium
1151 1032 1713 1102 Contoslepbanum,
1743 1030 2119 1102 imperiojam

470 1126 611 1182 olim
645 1125 1040 1191 insidiantem,
1074 1124 1133 1178 in
1166 1124 1283 1179 foro
1315 1122 1722 1194 imperatorem
1754 1120 2117 1177 consalutat:

475 1212 937 1286 negabantenim
953 1227 1016 1268 se
1027 1212 1455 1268 Comnenorum
1470 1211 1692 1267 laturos
1706 1209 2123 1283 diutiusimpe-

471 1304 650 1370 rium,
684 1317 935 1374 quorum
969 1305 1278 1373 pertaesum
1303 1305 1477 1356 esset.
1496 1299 1869 1372 Imperatrice
1888 1315 2021 1354 vero
2041 1298 2123 1354 ita

472 1407 607 1449 cum
628 1390 885 1463 periculo
906 1406 1187 1463 magnum
1206 1390 1484 1463 palatium
1501 1392 1790 1462 ingressa,
1808 1389 2123 1444 comitatus

475 1479 764 1536 nobilium
827 1479 1132 1534 hominum
1167 1479 1455 1535 audacius
1483 1495 1656 1549 quam
1690 1477 2032 1549 prudentius
2062 1477 2121 1531 in

474 1567 1011 1640 Contostephanum
1082 1568 1234 1625 facto
1298 1569 1519 1639 impetu
1586 1567 1897 1623 factionem
1960 1564 2123 1619 illam

475 1658 747 1728 dissipat,
778 1661 836 1713 et
864 1656 1404 1728 Contostephanum
1438 1658 1497 1713 in
1528 1641 1814 1712 carcerem
1868 1654 2121 1725 conjicit.

2225 580 2279 636 οἳ
2335 579 2554 655 Βλάχοι
2611 578 2889 652 λοίζονται
2951 584 3091 656 μετὰ
3168 588 3387 648 Σκυθῶν
3462 583 3730 647 ἐπιόντες.
3792 586 3887 640 Καὶ

2226 671 2392 733 αὐτὸς
2456 671 2551 745 μὲν
2614 671 2713 727 οὐκ
2776 671 2935 736 εὐθὺς
2991 671 3185 750 ῥυτῆρι
3253 675 3409 728 παντὲ
3474 680 3575 743 τῆς
3640 674 3720 735 εἰς
3786 676 3885 743 τὴν

2225 758 2390 815 πόλιν
2436 759 2638 834 ἥψατο,
2691 757 2818 816 ἀλλ’
2868 760 2944 822 ὡς
2988 766 3087 816 τοῦ
3128 759 3367 839 ἀδελφοῦ
3405 766 3766 838 συσχιθὲντος
3796 766 3886 819 καί

2226 851 2576 927 πηρωθέντος
2682 849 2882 926 μηδένα
2982 853 3331 929 ὑφορώμενος
3413 852 3620 924 κίνδυν,
3713 853 3887 930 βάδην

2226 941 2317 995 καὶ
2397 944 2515 1002 τοῖς
2595 943 2859 1013 σταθμοῖς
2944 936 3303 1016 ἐμϐραδύνων
3362 942 3677 1017 ἐπορεύετο.
3739 941 3885 1015 Ἤδη

2227 1029 2331 1106 γὰρ
2382 1029 2473 1084 καὶ
2530 1030 2593 1084 τὸ
2650 1036 2752 1099 τῆς
2805 1027 3093 1091 πολιτείας
3161 1031 3324 1086 αὐτὸν
3400 1031 3668 1109 ἀνευφήσε
3739 1032 3888 1103 πλή-

2229 1138 2410 1193 ρωμα,
2442 1118 2532 1172 καὶ
2584 1119 2720 1190 πρὸς
2774 1121 2873 1187 τῆς
2926 1119 3178 1195 γυναικὸς
3234 1119 3656 1196 Εὐφροσύνηςὴ
3688 1120 3890 1176 τούτου

2227 1206 2641 1281 προητοίμαστο
2695 1205 2928 1276 εἴσοδος,
2974 1208 3038 1263 τό
3084 1229 3143 1263 τε
3190 1213 3290 1274 τῆς
3342 1208 3662 1284 συγκλήτου
3699 1209 3889 1284 μέρος,

2230 1297 2277 1351 εἶ
2306 1295 2395 1351 καὶ
2433 1297 2508 1370 μή
2539 1294 2703 1366 ἅπαν,
2735 1295 2943 1371 ἱλαρῶς
2993 1298 3094 1352 ’ὁσα
3151 1299 3204 1353 οἱ
3261 1298 3632 1369 ξὺνενήνεκται
3665 1300 3889 1374 ἤνεγκε,

2228 1385 2317 1440 καὶ
2357 1390 2466 1440 τῶν
2497 1383 2557 1439 ἐκ
2609 1389 2707 1440 τοῦ
2765 1382 2947 1456 δῆμου
3004 1386 3142 1461 πρὸς
3194 1388 3295 1456 τήν
3342 1388 3512 1457 ἀκοήν
3543 1392 3655 1443 τῶν
3684 1386 3893 1466 ἠγγελ-

2233 1474 2408 1547 μένων
2468 1470 2623 1529 οὐδέν
2678 1495 2762 1537 τις
2819 1474 3123 1539 ἀτάσθαλον
3180 1474 3542 1551 ἐνεόχμωσεν,
3595 1476 3893 1552 ἂΑλ⁹ήρέο

2236 1583 2412 1636 μησαν
2474 1564 2572 1637 μὶν
2628 1563 2823 1627 πάντες
2876 1564 2967 1619 καὶ
3020 1562 3481 1637 συνεπευδόκησαν
3537 1572 3661 1629 τοῖς
3721 1566 3894 1622 ἄκου-

2234 1654 2425 1723 σθεῖσι,
2459 1653 2600 1725 μήτε
2655 1652 3072 1727 βατταρίσαντες
3135 1655 3274 1727 μήτε
3328 1654 3722 1733 ἀναφλεγέντες
3748 1657 3891 1726 πρὸς

483 1744 691 1801 δικαίαν
723 1744 895 1819 ὀργὴν
928 1747 1010 1807 οἷς
1071 1745 1262 1809 mea;
1320 1744 1505 1809 αὐτοῖς
1560 1742 1787 1820 βασιλέα
1843 1761 2174 1818 χειροτονειν
2233 1741 2337 1796 ὑπὸ
2386 1745 2493 1796 τῶν
2545 1739 2920 1817 στρατοπέδων
2958 1743 3048 1798 καὶ
3074 1747 3242 1798 τοῦτο
3272 1744 3607 1824 ἀφῄρηνται.
3642 1745 3802 1802 Ἐπεὶ
3835 1742 3892 1799 δὶ

475 1836 612 1911 πρὸς
638 1836 702 1890 τὸ
737 1837 988 1911 μέγιστον
1048 1834 1273 1908 ἀρχεῖον
1330 1837 1366 1904 ἡ
1426 1831 1687 1888 δούκαινα
1738 1830 2058 1911 Εὐφροσύνη
2117 1828 2288 1905 ἄρασα
2348 1827 2569 1900 ἤλαυνε,
2619 1832 2742 1886 τότε
2773 1829 2838 1902 δὴ
2872 1836 2981 1887 τῶν
3018 1833 3297 1908 βαναύσων
3324 1834 3417 1888 καὶ
3448 1831 3777 1910 ξυγκλύδων
3804 1855 3893 1891 τι-

477 1926 563 1988 νὲς
623 1923 990 2003 φιλοτάραχοι
1042 1923 1265 2000 φατρίαν
1325 1924 1684 1999 κροτήσαντες
1743 1923 1832 1977 καὶ
1892 1920 2212 1996 σύστρεμμα
2270 1920 2635 1992 ποιησάμενοί
2689 1941 2813 1975 τινα
2867 1921 3299 1998 Κοντοστέφανον
3352 1922 3583 1996 ὀνόματι
3616 1924 3891 1993 Ἀλέξων,

476 2013 531 2077 ἐς
559 2013 623 2069 τὸ
657 2012 915 2088 μέγιστον
975 2011 1329 2089 ξὺλλεγὲντες
1381 2013 1628 2086 τέμενος,
1685 2011 2105 2086 ἀναγορεύουσιν
2159 2006 2555 2083 αὐτοκράτορα,
2615 2007 3026 2085 ἀστροθεάμονα
3054 2004 3182 2065 ὄντα
3206 2010 3297 2065 καὶ
3328 2010 3499 2065 πάλαι
3529 2015 3599 2085 τῇ
3637 2012 3893 2087 βασιλείᾳ

472 2097 841 2177 ἐνεϐρεύοντα,
874 2101 1053 2158 οὐκέτι
1088 2100 1338 2178 λέγοντες
1399 2100 1575 2165 θέλειν
1628 2101 1733 2156 ὑπὸ
1791 2103 2094 2173 Κομνηνῶν
2155 2096 2536 2172 βασιλεύεσθαι
2593 2100 2976 2174 γεγενημένων
3031 2099 3216 2162 αὐτοῖς
3274 2099 3353 2162 είς
3382 2099 3742 2174 πλησμονήν.
3775 2104 3892 2172 Τῆς

472 2189 529 2248 δὲ
562 2191 889 2267 βασιλίσσης
950 2190 1304 2267 Εοφροσύνης
1365 2189 1721 2254 ἐπικινδύνως
1776 2190 1950 2250 οὕτως
1992 2187 2056 2244 τὸ
2121 2184 2259 2261 μέγα
2317 2185 2584 2242 παλάτιον
2642 2186 2941 2258 εἰσιούσης,
2984 2185 3119 2244 ἔνιοι
3156 2193 3265 2244 τῶν
3295 2189 3386 2243 ἀπ’
3415 2187 3667 2264 εὐσήμου
3697 2193 3892 2264 γένους

464 2282 795 2357 ’ἐφεπόμενοι
825 2279 1001 2355 ἐκείνῃ
1038 2280 1176 2336 κατὰ
1230 2285 1328 2336 τοῦ
1393 2281 1833 2354 Κοντοστεφάνου
1891 2277 2155 2353 ὥρμησαν
2214 2272 2625 2350 τολμηρότερον
2684 2274 2898 2349 μᾶλλον
2932 2276 2968 2347 ἢ
3000 2279 3321 2353 συνετώρον,
3375 2279 3465 2332 καὶ
3521 2280 3585 2334 τὸ
3625 2278 3892 2356 χυδαῖζον

468 2377 660 2449 στῖφος
689 2378 789 2440 τῆς
822 2369 1037 2431 πόλεως
1067 2368 1261 2425 αὐτίκα
1292 2366 1751 2438 διασκεδάννυται,
1781 2368 1872 2423 καὶ
1902 2368 1931 2421 ὁ
1962 2364 2392 2443 Κοντοστέφανος
2431 2362 2768 2441 συλληφθεὶς
2797 2371 3006 2441 φρουρᾷ
3033 2364 3415 2441 παραδίδοται,

540 2465 593 2516 2.
624 2466 699 2517 Eo
722 2460 916 2533 populi
954 2464 1107 2517 motu
1139 2476 1501 2532 compresso,
1539 2461 1715 2516 etiam
1738 2456 2114 2516 ecclesiastici

2299 2454 2374 2510 B'.
2406 2454 2518 2509 Τοῦ
2566 2451 2623 2508 δὲ
2672 2450 2969 2527 δημώδους
3009 2453 3260 2525 πλήθους
3302 2456 3476 2518 οὕτως
3508 2460 3888 2533 ἠρεμηκότοῆ

472 2566 685 2606 novum
711 2550 1119 2622 imperatorem
1148 2549 1473 2621 approbant
1507 2565 1522 2617 ;
1555 2554 1612 2605 et
1642 2547 1883 2619 quidam
1906 2546 2123 2602 sacrifi-

2233 2540 2319 2596 καὶ
2363 2541 2499 2597 αὐτὸ
2555 2547 2833 2605 συναπτῶς
2889 2544 2953 2599 τὸ
3012 2551 3111 2614 τῆς
3170 2543 3468 2615 ἐκκλησίας
3498 2546 3887 2622 πλήρωματῇ

474 2638 643 2696 culus
677 2637 879 2710 paucis
928 2636 1190 2693 nummis
1220 2643 1529 2709 corruptus
1575 2638 1798 2709 (eodem
1848 2634 2018 2690 modo
2068 2640 2122 2689 et

2233 2629 2319 2701 νέᾳ
2374 2628 2647 2707 τυραννίδι
2714 2627 3021 2705 συμϐαίνει,
3100 2634 3191 2688 καὶ
3283 2656 3369 2699 τις
3422 2640 3529 2691 τῶν
3598 2640 3891 2712 νεωκόρων

473 2744 606 2784 cum
638 2727 935 2784 seditiosis
988 2726 1473 2783 circumforaneis
1506 2731 1563 2782 et
1593 2727 1796 2797 paucis
1825 2741 1892 2780 ex
1917 2722 2120 2779 ordine

2233 2715 2443 2796 δλίγοις
2491 2720 2820 2798 ὑποφθαρεὶς
2867 2724 3110 2796 κάρμασι
3159 2726 3345 2798 (τοῦτο
3387 2723 3444 2780 δὲ
3491 2726 3729 2781 καὶτῶν
3756 2728 3891 2803 ἆγο-

465 2817 760 2890 judicum,
791 2832 1038 2888 quorum
1091 2815 1432 2872 nominibus
1464 2831 1659 2887 parco,
1694 2814 1936 2886 actum),
1983 2831 2117 2884 sug-

2233 2810 2398 2886 ραίων
2445 2810 2497 2864 οἱ
2549 2807 2893 2886 ταραχώδεις
2954 2814 3251 2868 πεπόνθασι
3301 2815 3392 2868 καὶ
3427 2815 3659 2889 βραχεῖς
3687 2821 3803 2870 τῶν
3836 2817 3893 2872 ἐκ

475 2909 638 2978 gesto
687 2921 1009 2961 conscenso
1067 2902 1251 2958 Alexii
1304 2902 1823 2975 proclamationem
1872 2902 2120 2974 orditur,

473 2995 601 3053 sine
645 2994 991 3067 patriarchae
1036 3009 1321 3049 consensu
1367 3010 1382 3061 ;
1433 2992 1535 3064 qui
1583 2997 1779 3049 tamen
1825 2992 2124 3064 paulisper

471 3084 824 3156 refragatus,
888 3098 959 3138 ne
989 3098 1099 3138 sua
1164 3081 1463 3137 voluntate
1520 3087 1758 3139 coaetus
1806 3081 2121 3148 videretur,

473 3180 526 3229 et
556 3173 680 3243 ipse
736 3172 793 3226 in
830 3170 1200 3242 imperatoris
1234 3174 1425 3241 partes
1458 3170 1768 3227 concessit.
1817 3170 1940 3235 Quo
1973 3169 2122 3225 facto

476 3277 636 3317 remo
667 3260 922 3332 amplius
948 3263 1039 3315 est
1077 3258 1444 3328 adversatus,
1473 3259 1578 3315 sed
1609 3258 1862 3315 universi
1907 3258 1966 3314 in
1999 3274 2120 3314 ma-

475 3364 658 3422 gnum
689 3347 967 3419 palatium
1011 3353 1291 3419 tanquam
1327 3347 1618 3417 mancipia
1640 3347 2120 3419 transfugerunt;

2226 2902 2324 2954 τοῦ
2355 2894 2671 2954 δικαστικοῦ
2725 2898 3028 2975 τάγματος·
3089 2900 3156 2956 τὰ
3205 2898 3264 2956 δὲ
3319 2903 3565 2975 ὀνόματα
3595 2905 3890 2980 προφέρειν

2229 2986 2291 3044 οὐ
2326 2986 2583 3063 δύναμαι)
2613 2993 2712 3055 τῆς
2763 2993 2860 3044 τοῦ
2918 2989 3172 3061 Ἀλεξίου
3231 2993 3503 3067 εὐφημίας
3552 2994 3894 3070 κατάρχεται

2230 3078 2306 3140 εἰς
2361 3080 2455 3134 τὸν
2509 3079 2654 3154 ἱερὸν
2709 3080 3051 3154 άνάσταθμὸν
3111 3081 3293 3148 ἀνιὼν,
3349 3085 3424 3154 μὴ
3484 3083 3791 3156 ἀναμείνας
3840 3085 3893 3139 ἐκ

2230 3171 2326 3222 τοῦ
2380 3168 2779 3243 ἀρχιποιμένος
2845 3170 2908 3224 τὸ
2967 3167 3272 3244 ἐνδόσιμον.
3334 3170 3511 3228 Ἀλλᾶ
3578 3173 3673 3226 καέ
3734 3175 3889 3236 οὗτος

2233 3255 2426 3331 μικρόν
2456 3276 2510 3311 τι
2541 3255 2749 3329 ἐνστὰς,
2780 3259 2872 3313 καὶ
2904 3256 3033 3313 ὅσον
3069 3261 3162 3314 τὸν
3216 3261 3291 3333 μή
3337 3259 3686 3332 αὐτόκλητον
3715 3263 3886 3336 ὑπεμ-

2229 3348 2416 3422 φῆναι,
2459 3346 2558 3415 τήν
2612 3347 2846 3421 γνώμην
2904 3347 2981 3409 εἰς
3035 3348 3129 3404 τὸν
3195 3345 3423 3424 ἄρξαντα
3460 3351 3747 3423 μετέθηκε.
3783 3352 3882 3409 Καὶ

473 3442 532 3493 et
579 3437 920 3509 priusquam
982 3452 1196 3492 novum
1249 3435 1655 3507 imperatorem
1697 3436 1973 3506 viderent,
2024 3439 2124 3492 aut

2233 3438 2323 3490 τοῦ
2378 3435 2725 3514 πατριάρχου
2779 3435 2959 3491 τοίνυν
3040 3438 3523 3513 ὑποχαυνωθέντος
3582 3438 3769 3505 οὐδεὶς
3821 3442 3884 3509 ἧν

474 3526 616 3598 quid
654 3526 831 3581 veteri
883 3525 1193 3581 accidisset
1250 3527 1610 3597 compertum
1645 3524 1943 3593 haberent,
1994 3525 2122 3595 ejus

475 3615 640 3671 uxori
699 3615 798 3687 qui
857 3630 1050 3670 rerum
1127 3614 1297 3686 potiri
1369 3614 1664 3670 ferebatur
1718 3613 2122 3681 obediverunt,

476 3706 630 3762 602
662 3711 719 3761 et
773 3708 1006 3759 tantum
1040 3719 1154 3759 non
1211 3704 1409 3775 capita
1438 3719 1540 3775 pro
1594 3701 1862 3759 scabellis
1907 3717 2121 3775 suppo-

2228 3523 2288 3580 ἐκ
2336 3523 2533 3579 τούτου
2592 3530 2989 3601 γνωσιμαχιῖΝ,
3046 3525 3194 3582 ἀλλᾶ
3249 3529 3442 3590 πάντες
3493 3530 3558 3584 τὸ
3629 3531 3878 3604 μέγιστον

2229 3612 2453 3688 ἀρχεῖον
2501 3608 3012 3687 καταλαμϐάνοντες
3087 3615 3441 3693 ηὐτομόλουν
3510 3618 3763 3697 ἀτεχνῶς
3817 3623 3881 3694 τῇ

2232 3699 2479 3777 βασιλίδι
2509 3702 2587 3764 ώς
2616 3701 2949 3778 ἀνδράποδα,
3006 3705 3096 3759 καὶ
3152 3707 3279 3780 πρῖν
3340 3703 3547 3762 ἰδέσθαι
3575 3709 3666 3763 τὸν
3694 3730 3886 3783 τυραν-

476 3799 763 3877 suerunt:
794 3799 849 3849 et
881 3792 1213 3849 catellorum
1283 3792 1467 3848 instar
1495 3790 1753 3847 calceum
1814 3793 1945 3863 ejus
1983 3792 2122 3847 deo-

2236 3791 2473 3859 νήσαντο.
2528 3787 2565 3859 ἦ
2626 3794 2827 3868 γνῶναι
2883 3787 3125 3865 ἀκριϐῶς
3183 3794 3347 3848 ὁποῖα
3392 3796 3462 3849 τά
3516 3796 3885 3873 ξυνενεχθέντα

477 3882 712 3952 sculati,
769 3880 1210 3938 formidantium
1244 3879 1469 3950 habitu,
1500 3880 1833 3951 conjunctis
1876 3880 2124 3952 pedibus

2236 3882 2315 3950 τῷ
2369 3878 2562 3953 πρώην
2619 3878 2829 3948 ἄνακτι,
2910 3884 2981 3954 τῇ
3054 3885 3153 3936 τοῦ
3210 3879 3515 3959 λεγομένου
3570 3882 3890 3958 βασιλεῦσαι

481 3977 540 4028 et
567 3970 889 4043 complexis
942 3970 1237 4040 manibus,
1270 3969 1379 4025 soli
1410 3970 1577 4025 famae
1631 3970 2124 4040 obtemperantes,

478 4061 803 4117 astiterunt.
836 4066 906 4116 At
968 4057 1301 4130 imperatrix
1354 4056 1566 4114 callida
1616 4062 1674 4113 et
1704 4059 1950 4132 tempori
2006 4074 2125 4115 ser-

475 4149 599 4204 vire
637 4148 842 4204 edocta
890 4146 1100 4203 mulier
1131 4147 1321 4204 fatuos
1353 4146 1657 4217 Byzantios
1700 4147 2012 4203 verborum
2045 4147 2124 4204 le-

477 4238 709 4294 nocinio
740 4236 1150 4305 demulcebat;
1183 4236 1285 4308 qui
1315 4243 1373 4292 ut
1405 4234 1563 4307 porci
1595 4236 1874 4309 resupini,
1909 4237 2124 4309 quibus

477 4329 709 4383 ventres
769 4326 1074 4393 fricentur,
1137 4324 1431 4381 blanditiis
1490 4324 1742 4395 deliniti,
1794 4325 1939 4381 nihil
2011 4343 2122 4382 non

480 4424 681 4464 eorum
717 4424 847 4480 quae
892 4412 1015 4463 acta
1048 4410 1215 4462 erant
1246 4406 1669 4478 approbabant.
1732 4406 2003 4478 Ingressu
2054 4408 2124 4463 ad

481 4499 642 4553 hunc
675 4499 916 4553 modum
961 4496 1086 4552 sine
1114 4496 1403 4567 sanguine
1433 4500 1491 4551 et
1523 4495 1914 4568 publicatione
1946 4498 2130 4553 bono-

484 4601 615 4640 rum
673 4588 1023 4657 cujusquam
1058 4588 1396 4657 preparato,
1442 4590 1574 4656 post
1601 4585 1727 4642 dies
1753 4585 1976 4658 aliquot
2003 4586 2128 4659 ipse

485 4673 720 4730 Alexius
749 4674 807 4729 in
854 4674 1058 4729 urbem
1088 4673 1286 4741 venit;
1330 4677 1388 4728 et
1418 4688 1619 4728 recens
1643 4673 1800 4731 lotus
1830 4674 1890 4730 in
1924 4681 2129 4733 aurato

480 4761 628 4817 lecto
659 4762 715 4816 in
749 4761 1033 4817 exteriore
1076 4759 1405 4832 Philopatio
1434 4762 1644 4817 sedens
1687 4762 1934 4820 libenter
1960 4769 2017 4820 et
2044 4764 2130 4820 hi-

486 4853 677 4907 lariter
708 4851 853 4907 adiri
905 4866 967 4906 se
1015 4849 1254 4922 patitur,
1283 4849 1479 4906 animo
1524 4856 1764 4923 propter
1804 4853 2128 4911 admissum

483 4941 544 4997 in
577 4940 809 4995 fratrem
843 4937 1032 4994 scelus
1062 4954 1174 4993 non
1208 4943 1595 4996 consternato.
1630 4940 1874 5005 Quidam
1908 4957 2041 4999 vero
2062 4959 2131 5000 ex

490 5031 607 5085 Beli
641 5029 967 5102 judicibus,
989 5028 1142 5085 σοι
1174 5027 1591 5099 intempestivis
1616 5029 1788 5101 jocis,
1820 5046 1965 5103 quos
1986 5033 2132 5089 adu-

483 5119 626 5176 latio
700 5118 1069 5193 suggerebat,
1147 5116 1293 5173 risui
1352 5132 1415 5172 se
1476 5124 1890 5190 exposuerunt.
1960 5121 2135 5178 Erant

482 5211 655 5265 etiam
677 5209 776 5280 qui
808 5208 866 5263 id
900 5205 1300 5278 spectaculum
1324 5206 1593 5277 suspirlis
1624 5214 2135 5283 prosequerentur,

485 5313 617 5352 cum
649 5301 859 5366 vestes,
892 5312 1039 5368 quas
1085 5295 1197 5351 sibi
1227 5293 1559 5351 confecerat
1584 5297 1863 5366 Isaacius,
1896 5300 2129 5358 fratrem

484 5387 614 5457 ejus
636 5387 900 5442 induisse
929 5385 1212 5453 viderent,
1255 5387 1314 5439 et
1343 5383 1651 5456 indignum
1686 5386 1747 5442 id
1777 5386 1999 5446 facinus
2035 5392 2133 5446 de-

2236 3964 2644 4030 καθυπέκυπτον
2713 3968 2949 4042 γυναικὶ,
3007 3970 3096 4025 καὶ
3166 3970 3452 4035 ὑπετίθουν
3505 3973 3580 4034 ὡς
3634 3971 3889 4048 θρανίδας

2234 4054 2331 4118 τὰς
2358 4054 2619 4132 κεφαλὰς,
2672 4057 2763 4110 καὶ
2819 4057 2918 4127 τήν
2980 4056 3102 4133 ῥῖνα
3155 4061 3226 4131 τῇ
3286 4055 3484 4132 ἐμϐάδι
3535 4058 3694 4131 δίκην
3720 4082 3892 4137 προσ-

2234 4144 2568 4216 κνιζομένων
2623 4141 2877 4200 κυνιδίων
2934 4143 3237 4222 ἐνήρειδον,
3302 4148 3393 4202 καὶ
3453 4147 3696 4223 περιδεεῖ
3751 4170 3891 4224 παρ-

2239 4229 2451 4287 ίσταντο
2499 4237 2581 4304 τῷ
2627 4236 2900 4309 σχήματι,
2960 4235 3038 4291 τὼ
3096 4233 3233 4291 πόδε
3290 4239 3654 4302 συνάπτοντες
3699 4241 3788 4295 καὶ
3814 4240 3891 4294 τὼ

2234 4326 2389 4396 χεῖρε
2423 4315 2857 4394 συμϐάλλοντες.
2912 4323 3010 4378 Καὶ
3064 4325 3117 4378 o't
3170 4326 3263 4397 μὶν
3313 4321 3599 4402 ἀϐέλτεροι
3649 4330 3737 4399 [Ρ.
3770 4331 3892 4402 294]

2237 4410 2413 4471 οὕτως
2474 4408 2523 4480 ἐξ
2604 4411 2773 4480 ἀκοῆς
2860 4412 3241 4486 ἀνασσόμενοι,
3298 4416 3334 4484 ἠ
3392 4411 3450 4469 δὲ
3506 4420 3616 4490 (43)
3683 4419 3896 4492 βασιλὶς

2237 4498 2437 4573 χρῆμά
2482 4520 2533 4554 τι
2582 4500 2714 4555 οὐσα
2762 4500 3018 4557 ποικίλον
3058 4500 3149 4557 καί
3197 4504 3513 4579 πράγμασιν
3550 4507 3896 4583 εὐμεθάρμο-

2237 4608 2361 4643 στον
2417 4594 2717 4668 προσφυεῖς
2771 4596 2890 4654 ταῖς
2962 4591 3180 4649 πεύσεσι
3251 4593 3347 4658 τὰς
3396 4594 3719 4671 ἀποκρίσεις
3773 4599 3901 4673 ἐμὲ-

2238 4683 2376 4751 ριζε,
2436 4677 2528 4733 καὶ
2585 4678 2714 4741 τοὺς
2795 4680 3012 4751 εὐήθεις
3071 4678 3253 4757 διέχεε
3308 4683 3638 4753 Βυζαντίους
3698 4687 3755 4742 ἐν
3809 4690 3897 4752 οἷς

2239 4764 2561 4823 ἐκώτιλλενο
2608 4768 2662 4824 οἱ
2694 4765 2752 4824 δὶ
2808 4769 2882 4832 ὡς
2934 4769 3021 4834 ὕες
3073 4770 3134 4825 αἳ
3192 4772 3289 4834 τάς
3340 4775 3605 4849 γαστέρας
3636 4780 3901 4852 καταψώο

2244 4876 2399 4930 μεναι
2450 4857 2819 4929 ὐπτιάζουσιν,
2881 4860 3268 4934 ὕποκνώμενοι
3333 4862 3401 4917 τὰ
3465 4862 3580 4918 ὦτα
3644 4872 3765 4929 τοῖς
3813 4866 3908 4923 εὐ-

2239 4947 2612 5023 προσηγόροις
2642 4946 2953 5022 ἀσπασμοῖς
3012 4946 3166 5005 οὐδέν
3219 4971 3274 5006 τι
3328 4956 3435 5007 τῶν
3468 4949 3903 5028 συμϐεϐηκότων

2245 5034 2350 5090 ὑπὸ
2398 5036 2610 5109 νὲμεσιν
2658 5034 2862 5101 ἔθεντο.
2916 5037 3013 5093 Καὶ
3054 5041 3283 5110 τοιαύτη
3338 5043 3431 5115 μὶν
3473 5044 3509 5112 ἡ
3553 5043 3904 5119 προεισόδιος

2244 5123 2531 5199 ἱτοιμασία
2601 5130 2699 5181 τοῦ
2786 5126 3055 5203 βασιλέως
3112 5128 3180 5197 ἦν
3239 5128 3502 5203 Ἀλεξίου,
3564 5132 3904 5209 ἀναίμακτος

2247 5214 2424 5286 πάντη
2471 5216 2560 5270 καὶ
2613 5216 2827 5290 μηγένα
2879 5221 2991 5272 τῶν
3038 5215 3185 5273 ὅλων
3244 5216 3299 5282 ἒς
3356 5221 3544 5276 οὐσίαν
3572 5220 3901 5297 ἀδικήσασι.

2243 5301 2450 5360 Ετσεισι
2507 5300 2565 5358 δὲ
2620 5305 2683 5360 τὸ
2768 5305 3058 5376 Βυζάντιον
3147 5312 3266 5380 μεθ’
3340 5309 3551 5385 ⁴ἡμέρας
3599 5315 3755 5377 τινας
3806 5315 3903 5370 καὶ

2244 5389 2428 5463 αὐτὸς,
2484 5393 2575 5447 καὶ
2632 5393 2797 5469 κλίνη
2878 5398 3249 5475 χρυσοπάστῳ
3305 5397 3597 5463 νεόλουτος
3652 5402 3904 5475 ἐνιζήσας

1847 5514 2035 5586 Hier.
2083 5518 2321 5590 Wolﬁi
2361 5528 2562 5590 notas.

571 5658 683 5729 (43)
710 5658 776 5713 Ἦ
806 5652 884 5710 δὶ.
915 5658 1166 5727 Apparet
1199 5655 1386 5712 ironia
1414 5672 1483 5712 ex
1510 5657 1917 5718 similitudine.
