4028 6218
212 446 335 508 829

1139 447 1238 508 DE
1279 447 1574 508 ALEXIO
1619 440 1903 508 ISAAtllI
1946 444 2237 508 ANGELI
2280 449 2403 509 ΕΗ.
2453 450 2601 511 LIB.
2643 451 2690 511 Ι.

3504 447 3625 512 830

208 578 351 633 κατᾶ
398 578 459 633 τὸ
510 575 811 654 λεγόμενον
864 574 963 650 ἔξω
1003 578 1346 633 Φιλοπάτιον
1402 581 1720 654 περιχαρῶς
1774 579 1865 634 καὶ

1982 580 2296 653 plorarent,
2340 586 2400 638 et
2457 599 2585 638 eam
2636 582 2998 655 principatus
3051 584 3428 640 mutationem
3461 583 3621 642 brevi

210 667 469 739 ἀσμένως
532 665 659 726 τοὺς
726 664 780 730 ἐς
851 667 1012 721 αὐτὸν
1088 667 1517 744 ἀφικνουμένους
1597 667 1872 742 προσίετο,

222 757 306 828 μή
336 756 780 819 καταπεπτωκὼς
851 757 952 822 τήν
1026 757 1348 811 κατάστασιν
1405 763 1504 825 τῆς
1581 760 1769 831 ψυγῆς
1824 755 1875 827 ἐξ

217 846 297 899 ὧν
339 845 415 908 εἰς
472 845 567 900 τὸν
626 842 859 924 ἀδελφὸν
899 842 1237 919 διεπράξατο.
1298 847 1459 907 Τινὲς
1517 843 1576 901 δὲ
1612 850 1719 900 τῶν
1777 847 1874 901 τοῦ

212 935 407 1004 Βήλου
439 939 640 1010 κριτῶν
679 936 753 1008 μή
788 934 1051 1009 εύκαιρως
1105 935 1198 990 τὸν
1243 936 1431 1008 καιρὸν
1485 933 1872 997 κολακεύοντες

212 1023 596 1099 βωμολόχους
661 1021 944 1102 ἐπαφῆκαν
1005 1025 1206 1102 φωνὰς,
1267 1024 1319 1079 ἐν
1376 1026 1461 1087 αἷς
1527 1023 1615 1079 καἲ
1683 1023 1870 1103 ὦφλον

210 1109 555 1188 κατάγελων.
592 1114 759 1169 Ἦσαν
813 1111 859 1168 δ’
909 1111 960 1167 ο⁹ί
1001 1114 1091 1167 καὶ
1149 1113 1496 1186 ἐπεστέναξαν
1551 1120 1669 1176 τοῖς
1725 1115 1867 1189 ὁρω-

214 1201 423 1274 μένοις,
481 1202 570 1255 καὶ
629 1203 756 1265 τοὺς
815 1200 1129 1277 βασιλείους
1180 1206 1428 1276 κόσμους
1483 1203 1870 1259 κατωπτευκό-

210 1310 327 1361 τες,
362 1291 456 1353 οὕς
506 1292 682 1362 ἑαυτῷ
731 1290 1033 1367 ὖπέῥραψεν
1085 1293 1375 1361 Ἰσαάκιος,
1432 1293 1870 1373 περιαμπίσχον-

202 1401 308 1443 τας
356 1379 478 1452 ἄρτι
535 1381 626 1435 τὸν
686 1379 891 1435 ἐκείνου
939 1383 1270 1457 κασίγνητον
1332 1379 1707 1456 ἐπωδύραντο,
1765 1384 1866 1453 τήν

210 1468 449 1523 ἀτοπίαν
498 1467 857 1545 ἐκπλαγέντες
912 1473 1010 1524 τοῦ
1056 1472 1398 1545 πράγματος,
1456 1472 1545 1525 καὶ
1594 1472 1690 1539 τήν
1750 1492 1864 1528 τοι.

206 1558 388 1628 αύτην
421 1555 717 1613 ἀλλοίωσιν
748 1566 850 1627 τῆς
897 1558 1079 1634 ἀρχῆς
1128 1561 1308 1638 ἀρχὴν
1357 1561 1683 1638 προσφάτων
1731 1561 1863 1614 οἴω-

208 1647 433 1717 νίζοντο
490 1653 806 1724 συμφορῶν,
871 1650 939 1703 τά
1001 1670 1059 1704 τε
1124 1646 1394 1723 Ὀσίριδος
1458 1648 1546 1704 καὶ
1610 1651 1869 1725 Τυφῶνος

203 1729 479 1790 ἐϐάλοντο
520 1736 656 1790 κατὰ
719 1740 861 1803 νοῦν,
923 1737 1008 1816 ὑφ’
1066 1739 1140 1791 ὦν
1197 1735 1636 1812 ἒκακοπράγησεν
1694 1735 1865 1810 Αἲγυ-

202 1844 368 1886 πτος.
403 1824 678 1889 Εἰσελθὼν
722 1822 779 1881 δὲ
824 1826 887 1881 τὸ
930 1833 1031 1895 τῆς
1093 1831 1227 1881 Θεοῦ
1283 1825 1487 1903 Σοφίας
1535 1825 1865 1900 περίπυστον

194 1914 292 1967 καὶ
366 1912 617 1987 μέγιστον
683 1914 928 1988 τέμενος,
996 1916 1145 1978 ὅπως
1210 1916 1348 1970 κατά
1409 1916 1473 1970 τὸ
1547 1909 1739 1988 ἔθιμον
1804 1912 1857 1976 ἐς
1890 1948 1937 2013 Β

198 2001 436 2078 βασιλέα
488 2007 695 2082 χρισθῇ
753 2005 842 2059 καὶ
895 1999 1267 2079 περιϐαλεῖται
1326 2005 1393 2060 τὰ
1442 2008 1541 2060 τοῦ
1626 2004 1856 2077 κράτους

196 2087 484 2164 σύμϐολα,
534 2097 726 2167 πρῶτα
795 2095 889 2167 μὲν
955 2094 1263 2170 ὀψιαίτερον
1323 2096 1384 2150 τὸ
1451 2100 1552 2163 τῆς
1619 2095 1857 2156 πίστεως

197 2177 774 2258 ἑγγράιρεισύμϐολον
825 2185 968 2263 βαφῆ
1027 2189 1096 2258 τῇ
1162 2183 1440 2258 βασιλικῆ,
1498 2179 1682 2239 ἔπειτα
1734 2188 1854 2245 ταῖς

196 2271 435 2346 ὡραίαις
468 2269 795 2347 λεγομέναις
830 2277 928 2327 τοῦ
984 2273 1087 2328 νεὼ
1143 2272 1344 2336 πύλαίς
1399 2272 1616 2350 ἐγγίσας
1671 2273 1852 2327 ἱκανὸν

200 2359 381 2415 ἐκεῖσε
458 2360 657 2434 χρόνον
732 2358 990 2437 διέτριψε,
1067 2358 1512 2436 προσδεχόμενος
1586 2363 1719 2418 πότε
1795 2361 1856 2416 ἄν

203 2446 535 2523 ἐπιταχθείη
595 2452 694 2518 τήν
754 2447 963 2505 εἴσοδον
1017 2450 1164 2525 παρά
1216 2455 1324 2506 τῶν
1376 2445 1743 2526 ἀκριϐούντων
1790 2453 1854 2506 τὸ

200 2545 309 2607 τῆς
342 2537 490 2614 ὥρας
538 2537 749 2614 καίριον
807 2544 917 2595 τῶν
973 2541 1134 2614 ἰερῶν
1185 2540 1665 2617 κατηχουμενείων
1721 2541 1857 2595 ἄνω-

203 2638 320 2691 θεν.
354 2627 542 2699 Έξιὼν
586 2626 643 2684 δὲ
697 2626 794 2683 τοῦ
851 2629 956 2684 νεὼ
1015 2630 1104 2684 καὶ
1165 2628 1388 2702 μέλλων
1445 2623 1699 2698 ἐπιϐῆναι
1755 2633 1854 2684 τοῦ

203 2717 523 2791 ὀχήματος,
558 2718 586 2771 6
622 2718 715 2791 μὲν
768 2717 939 2781 ἳππος
988 2719 1071 2789 (ἦν
1120 2715 1176 2773 δὲ
1224 2719 1383 2781 οὗτος
1443 2721 1699 2795 φανιστὸς
1764 2718 1854 2774 καὶ

195 2801 493 2879 ’Δράϐιος)
563 2806 896 2882 προσάγεται
975 2808 1123 2882 παρὰ
1195 2813 1293 2862 τοῦ
1367 2807 1853 2883 πρωτοστράτορος

190 2895 304 2949 ἀπὸ
332 2899 434 2949 τοῦ
463 2893 701 2970 χαλινοῦ
732 2894 1032 2966 ὲλκυσθεὶς,
1072 2898 1282 2973 γίνεται
1330 2894 1388 2951 δέ
1424 2918 1478 2952 τι
1508 2901 1618 2952 τῶν
1676 2898 1856 2967 ἀήθων

186 2983 287 3038 καὶ
364 2983 526 3053 ἀξίων
603 2984 898 3056 θαύματος.
976 2986 1054 3043 Ού
1128 2986 1413 3060 προσίεται
1468 2987 1497 3040 6
1542 2986 1713 3047 ’ἱππος
1758 2986 1853 3040 τὸν

187 3067 496 3144 ἀναϐάτην,
564 3072 709 3128 ἀλλά
762 3075 1081 3151 ιρριμάσσων
1133 3073 1373 3152 ὕφαιμος
1423 3077 1485 3131 τὸ
1552 3075 1708 3148 όμμα
1759 3075 1854 3130 καὶ

184 3163 255 3217 τὸ
288 3162 384 3224 οὗς
420 3161 691 3235 μετέωρος
741 3165 831 3217 καὶ
880 3164 1055 3241 συχνά
1110 3165 1327 3219 κόπτων
1371 3164 1434 3219 τὸ
1482 3161 1711 3219 δάπεδον
1757 3155 1854 3219 καἰ

183 3252 285 3313 τὰς
319 3249 684 3326 ἐμπροσθίους
722 3246 1051 3307 ἀναϐάλλων
1104 3252 1279 3313 ὁπλὰς
1326 3254 1418 3308 καὶ
1463 3251 1631 3330 ῥύδην
1683 3252 1847 3327 φερό-

1984 672 2263 728 malorum
2319 674 2436 728 fore
2490 673 2835 744 principium
2887 681 3321 744 augurarentur,
3380 675 3625 731 Osiridis

1981 769 2035 816 et
2106 761 2397 832 Typhonis
2458 764 2754 829 recordati,
2837 780 2869 818 ιι
2927 763 3138 835 quibus
3211 763 3426 819 afﬂicta
3483 771 3630 819 esset

1980 854 2265 921 IEgyptus.
2310 852 2755 908 Celeberrimum
2804 857 2861 908 et
2900 853 3213 908 maximum
3255 852 3358 908 Dei
3387 853 3626 923 Sapien-

1975 940 2067 995 tiae
2100 941 2375 1011 templum
2429 941 2720 1013 ingressus
2782 950 2841 997 ut
2880 942 2949 997 de
2984 956 3143 998 more
3195 943 3629 1013 inauguraretur

1976 1036 2030 1084 et
2081 1028 2305 1099 imperii
2365 1029 2611 1101 insignia
2642 1039 2974 1097 assumeret,
3025 1031 3269 1100 primum
3305 1031 3435 1087 fidei
3468 1048 3620 1105 sym-

1976 1117 2169 1174 bolum
2228 1120 2593 1190 imperatorio
2643 1119 2833 1176 colore
2886 1120 3101 1176 tardius
3159 1119 3479 1191 perscribit.
3514 1120 3629 1177 De-

1975 1207 2108 1263 inde
2139 1208 2206 1263 ad
2263 1209 2583 1278 Speciosam
2619 1210 2814 1279 templi
2849 1215 3068 1279 portam
3117 1210 3332 1265 diutius
3360 1225 3625 1267 commo—

1976 1301 2155 1363 ratur,
2215 1307 2572 1368 exspectans,
2634 1299 2768 1354 dum
2830 1299 3049 1369 ingredi
3098 1298 3399 1370 juberetur
3426 1299 3496 1354 ab
3555 1298 3627 1352 iis

1973 1386 2067 1458 qui
2128 1393 2513 1458 opportunam
2571 1388 2768 1443 horam
2819 1387 2877 1443 in
2909 1405 2974 1445 eo
3022 1388 3168 1455 loco,
3203 1388 3303 1443 ubi
3352 1387 3622 1444 catechu-

1973 1477 2131 1533 meni
2161 1477 2563 1543 instituuntur,
2620 1477 3020 1533 observabant.
3071 1478 3307 1548 Temple
3337 1493 3620 1549 egressus,

1973 1581 2106 1622 cum
2168 1566 2473 1623 sublimem
2525 1583 2734 1638 equum
2787 1566 3091 1622 Arabicum
3145 1584 3177 1621 a
3214 1573 3619 1636 protoslratore

1971 1656 2282 1711 adductum
2312 1671 2734 1712 conscensurus
2779 1662 2945 1724 esset,
2979 1671 3068 1711 res
3097 1663 3414 1711 memoratu
3444 1655 3619 1727 digna

1971 1744 2197 1800 accidit.
2253 1745 2441 1815 Equus
2488 1744 2644 1801 enim
2687 1760 2963 1801 sessorem
3016 1760 3130 1800 non
3185 1743 3485 1799 admittit:
3520 1744 3617 1800 sed

1971 1832 2156 1889 oculis
2210 1833 2492 1903 sanguine
2548 1834 2803 1899 suffusis,
2854 1832 3086 1889 auribus
3132 1832 3385 1904 arrectis,
3419 1833 3619 1889 crebro

1971 1922 2157 1978 solum
2211 1922 2462 1993 pulsans,
2507 1927 2564 1978 et
2592 1922 2974 1979 anterioribus
3035 1921 3265 1993 ungulis
3318 1937 3452 1978 cum
3504 1920 3616 1977 fre-

1968 2013 2112 2068 mitu
2172 2012 2433 2079 sublatis,
2486 2027 2616 2066 eum
2677 2013 2833 2067 604
2901 2011 3253 2067 ferocissime
3309 2014 3618 2080 aversatur,

1969 2101 2124 2172 quasi
2177 2110 2332 2170 tergo
2382 2101 2643 2171 recipere
2688 2102 3108 2172 dedignaretur.
3170 2102 3350 2170 Atque
3394 2099 3473 2154 ita
3501 2115 3619 2155 sie-

1967 2189 2096 2260 pius
2126 2189 2186 2245 in
2220 2192 2562 2258 posteriores
2615 2190 2787 2260 pedes
2815 2197 3068 2245 arrectus
3111 2195 3165 2245 et
3195 2189 3410 2244 aversis
3439 2187 3621 2244 oculis

1963 2279 2229 2335 Alexium
2266 2279 2509 2351 repellit.
2545 2279 2612 2335 Ut
2641 2286 2827 2335 autem
2873 2283 3002 2348 post
3032 2278 3239 2333 multos
3268 2292 3618 2349 poppysmos

1964 2374 2021 2425 et
2075 2368 2313 2425 cervicis
2367 2368 2718 2438 palpationes
2776 2368 3033 2439 placatus
3091 2374 3143 2423 et
3199 2366 3428 2422 crebros
3483 2364 3612 2422 iltos

1964 2474 2131 2531 gyros
2186 2467 2239 2512 et
2277 2456 2699 2514 calcitrationes
2737 2457 3048 2513 emissurus
3080 2455 3398 2522 videbatur,
3430 2455 3610 2524 impe-

1966 2554 2121 2603 rator
2150 2545 2210 2601 in
2239 2561 2367 2601 eum
2404 2545 2605 2601 insiiiit
2649 2553 2703 2600 et
2734 2544 2983 2601 habenas
3011 2543 3332 2615 prehendit.
3394 2543 3443 2597 I:
3479 2558 3608 2599 vero

1971 2643 2029 2692 ut
2086 2636 2383 2706 deceptus,
2445 2650 2662 2690 sessore
2692 2649 2857 2704 quem
2914 2634 3094 2689 nollet
3150 2637 3399 2704 recepto,
3452 2647 3613 2702 aeque

1964 2742 2031 2783 ac
2062 2725 2218 2797 prius
2268 2726 2491 2790 ferocit,
2529 2741 2655 2782 cum
2694 2725 2847 2782 claro
2910 2726 3136 2782 hinnitu
3171 2727 3340 2794 pedes
3384 2724 3613 2789 attollit,

1968 2830 2074 2871 nec
2125 2816 2290 2887 prius
2323 2814 2655 2884 importune
2710 2815 2920 2869 saltare
2972 2814 3191 2870 desistit
3243 2828 3408 2884 quam
3454 2827 3613 2883 gem-

1965 2912 2116 2958 mata
2165 2918 2375 2960 corona
2404 2903 2588 2973 capite
2635 2904 2758 2972 ejus
2789 2918 3021 2958 excussa
3060 2913 3118 2958 et
3164 2917 3230 2957 ex
3269 2905 3423 2969 parte
3451 2915 3610 2956 com-

1965 2993 2186 3049 minuta
2238 2991 2431 3060 ipsum
2481 3007 2702 3062 quoque
2750 2991 3074 3062 dejecisset.
3117 2990 3244 3046 Alio
3303 3005 3446 3060 equo
3502 2989 3608 3045 ad-

1963 3082 2160 3149 ducto,
2201 3082 2381 3137 fracta
2410 3095 2621 3136 corona
2676 3080 3097 3150 inauspicatum
3156 3093 3323 3136 omen
3372 3080 3493 3134 visa
3522 3084 3606 3134 est

1964 3170 2187 3242 imperii
2217 3169 2467 3225 cladium
2502 3185 2615 3225 non
2647 3169 2894 3239 expertis
2941 3176 2997 3225 et
3025 3168 3389 3224 imminentis
3429 3166 3614 3222 ruinae

1962 3264 2017 3315 et
2048 3275 2207 3315 noxis
2258 3258 2505 3313 hostilis.
2539 3258 2975 3313 Comitabantur
3030 3272 3159 3312 eum
3208 3256 3268 3312 in
3298 3256 3463 3326 equis
3493 3256 3610 3311 duo

187 3362 352 3413 μενος
411 3340 576 3395 αὑτὸν
636 3342 1018 3416 ἀπεστρέφετο,
1072 3338 1276 3414 ἀδοξῶν
1340 3339 1523 3416 ὥσπερ
1585 3340 1674 3396 έπὶ
1730 3345 1839 3395 τῶν

1965 3347 2177 3418 generi,
2253 3346 2747 3417 Contostcphanus
2810 3345 3176 3401 Andronicus
3242 3352 3295 3401 et
3348 3321 3609 3400 isaacius

183 3429 379 3483 νώτων
409 3429 561 3504 ὀχεῖν
608 3435 695 3483 καί
744 3431 862 3484 κατ’
909 3430 1077 3485 αὐτοῦ
1126 3430 1507 3507 ἀγριούμινος.
1564 3428 1841 3493 Πολλάκις

187 3517 282 3573 οὗν
343 3519 481 3592 πρὸς
544 3519 608 3573 τὸ
659 3519 904 3573 ἱππεύειν
951 3518 1243 3594 γενόμενον
1297 3520 1388 3574 τὸν
1444 3518 1686 3593 Ἀλέξιον
1742 3519 1841 3574 άπ-

185 3606 510 3681 εκρούσκτο,
541 3609 635 3668 τὰς
676 3606 1042 3682 ἐμπροσθίους
1099 3608 1314 3663 ένσείων
1372 3607 1552 3683 χηλάς
1608 3608 1698 3663 καὶ
1744 3611 1839 3670 τάς

180 3695 339 3771 ὄψεις
372 3696 706 3775 ἐπιστρέφων
748 3697 946 3753 ὀπίσω.
1000 3699 1088 3760 Ὠς
1143 3694 1200 3753 δέ
1247 3718 1379 3754 ποτε
1430 3699 1567 3771 μετὰ
1612 3697 1841 3754 πλεῖστα

184 3786 691 3862 περιποππύσματα
748 3788 840 3841 καὶ
895 3784 1238 3861 διομαλίσεις
1294 3791 1391 3843 τοῦ
1443 3787 1671 3862 αὐχένος
1720 3783 1840 3843 ἔδο-

184 3880 265 3948 ξεν
308 3878 610 3951 ἠρεμήσειν
656 3876 745 3930 καὶ
803 3877 1106 3942 παύσασθαι
1161 3881 1270 3932 τῶν
1338 3878 1642 3952 ἀγερώχων
1701 3876 1844 3932 έκεῖ-

184 3989 292 4021 νων
333 3964 552 4038 ἒλίξεων
592 3965 685 4020 καὶ
739 3973 839 4035 τῆς
896 3970 1004 4021 τῶν
1064 3964 1250 4020 ποδῶν
1309 3967 1613 4041 ἀερώσεως,
1663 3967 1691 4020 6
1750 3967 1843 4039 μὲν

190 4054 452 4131 βασιλεὺς
485 4054 568 4111 ἐπ’
615 4055 778 4110 αὐτὸν
827 4052 1133 4125 ἀνεπήδησε
1183 4055 1273 4110 καὶ
1326 4061 1434 4111 τῶν
1487 4055 1656 4125 ἠνίων
1713 4053 1843 4111 ἒλά-

188 4140 336 4199 ϐετοο
373 4147 402 4197 ὁ
435 4141 494 4199 δὲ
545 4144 724 4219 ὣσπιρ
783 4143 1159 4218 ἠπατημένος,
1218 4145 1309 4200 καὶ
1366 4142 1654 4218 δεξάμενος
1709 4144 1841 4200 ἀνα-

189 4228 363 4304 ϐάτην
397 4235 456 4288 ὅν
492 4234 592 4288 οὐκ
620 4231 834 4303 ἤθελεν,
864 4233 1088 4303 ἠτάκτει
1118 4255 1179 4288 τε
1228 4235 1302 4296 ὡς
1352 4235 1546 4308 πρώην
1595 4233 1685 4288 καὶ
1713 4233 1841 4294 τοὺς

181 4321 356 4384 πόδας
414 4322 604 4394 ἀνίστη
668 4325 782 4397 μετ’
859 4321 1193 4393 ἐξακούστων
1264 4326 1372 4378 τῶν
1447 4323 1836 4401 χρεμετίσεων·

1953 3435 2300 3503 Comnenus,
2362 3443 2415 3491 et
2468 3442 2701 3505 patruus
2757 3435 2880 3505 ejus
2937 3435 3186 3491 Joannes
3246 3433 3460 3499 Ducas,
3515 3432 3600 3487 vir

1954 3530 2218 3597 provecta
2263 3530 2448 3588 relate,
2483 3525 2573 3581 cui
2603 3526 2662 3580 in
2715 3541 2778 3580 ea
2810 3541 3017 3594 pompa
3066 3523 3275 3579 mirum
3320 3523 3596 3595 quiddam

1949 3613 2179 3672 accidit.
2218 3614 2357 3671 Nam
2390 3628 2521 3669 cum
2557 3612 2707 3668 mula
2738 3613 2890 3669 605
2923 3614 3051 3682 ejus
3080 3630 3112 3667 a
3153 3612 3380 3668 nemine
3410 3615 3599 3668 exter-

1952 3706 2058 3759 rita
2105 3712 2270 3771 esset,
2304 3718 2515 3758 corona
2561 3701 3071 3757 sebaslocratorica
3126 3704 3327 3770 sponte
3366 3700 3437 3753 de
3473 3698 3601 3768 ejus

1954 3791 2160 3848 vertice
2212 3791 2374 3847 humi
2431 3790 2657 3847 cecidit.
2709 3790 2876 3846 Unde
2927 3788 3172 3861 populus
3201 3787 3426 3843 calvitio
3474 3788 3600 3856 ejus

1951 3880 2103 3951 quod
2163 3880 2345 3936 instar
2403 3880 2584 3949 plenae
2639 3878 2787 3934 lunae
2847 3876 3152 3945 relucebat,
3194 3876 3405 3931 nudato
3464 3890 3593 3931 cum

1952 3972 2068 4024 risu
2102 3967 2458 4024 exclamavit.
2504 3972 2688 4023 Ducas
2718 3983 2869 4036 vero,
2902 3966 2998 4037 qui
3030 3966 3203 4021 etiam
3235 3963 3450 4035 alioqui
3482 3979 3598 4019 non

1955 4057 2119 4113 facile
2178 4056 2348 4112 rebus
2416 4056 2666 4111 adversis
2732 4059 3207 4123 commoveretur,
3265 4052 3602 4109 necessitate

1950 4146 2011 4202 in
2037 4146 2232 4216 jocum
2263 4150 2321 4200 et
2369 4145 2629 4199 festivum
2662 4142 2860 4199 ludum
2893 4158 3187 4210 conversa,
3249 4140 3596 4197 hilaritatem

1953 4233 2148 4306 populi
2195 4233 2336 4290 adeo
2370 4248 2484 4289 non
2534 4231 2769 4303 indigne
2800 4231 2934 4287 tulit
2965 4234 3025 4287 ut
3071 4231 3243 4287 etiam
3275 4244 3390 4286 una
3419 4227 3601 4285 testari

1950 4325 2253 4381 videretur.

180 4437 297 4496 οὐδ’
329 4436 524 4511 ἔληξεν
555 4436 1028 4516 έκϐακχευόμενος
1078 4441 1275 4509 οὓτως,
1337 4437 1445 4502 ἕως
1490 4442 1553 4495 τὸ
1606 4441 1702 4514 μὲν
1758 4440 2130 4515 λιθόστρωτον
2184 4440 2376 4512 στέφος
2429 4440 2488 4494 ἐκ
2549 4446 2648 4509 τῆς
2694 4446 2937 4519 κεφαλῆς
2992 4441 3076 4513 [Ρ.
3128 4440 3255 4513 295]
3299 4442 3396 4494 τοῦ
3446 4438 3597 4511 βασι⁶

185 4530 329 4593 λέως
399 4530 476 4592 εἷς
540 4537 642 4606 γῆν
701 4532 1052 4608 κατήνεγκεν,
1110 4529 1185 4592 ὡς
1242 4529 1331 4584 καὶ
1388 4530 1585 4585 τούτου
1643 4526 2069 4604 διαθραυσθῆναι
2140 4529 2277 4603 μέρη
2372 4528 2513 4598 τινά,
2582 4518 2777 4584 αύτὸνγ
2813 4526 2859 4583 δ’
2925 4529 3327 4608 ἀπεσφαίρισεν.
3401 4518 3627 4584 Ἰππου“

183 4619 371 4676 τοίνυν
427 4618 613 4694 ἑτέρου
671 4620 1144 4694 προσενεχθέντος,
1232 4617 1363 4693 οὐχὶ
1449 4618 1566 4690 μεθ’
1647 4618 1836 4692 ὑγιοῦς
1939 4616 2281 4673 ἐπωπτεύετο
2362 4618 2803 4694 στεφανώματος,
2861 4619 2891 4673 6'
2947 4619 3033 4673 καὶ
3102 4619 3176 4691 μή
3254 4614 3434 4672 αἶ’σιον
3490 4618 3601 4670 τῶν

184 4708 469 4782 ἐσομένων
524 4703 671 4779 ἔδοξε
727 4702 1030 4782 σύμϐολον
1095 4703 1237 4781 μηδὲ
1290 4707 1395 4781 γὰρ
1452 4706 1514 4761 ἄν
1568 4701 1966 4779 ’ἀδιαλώϐητόν
2026 4708 2082 4761 οἱ
2139 4708 2543 4782 συντηρηθῆναι
2596 4707 2695 4776 τὴν
2739 4705 3045 4782 βασιλείαν,
3110 4704 3257 4762 ἀλλά
3293 4710 3390 4761 τοῦ
3430 4703 3603 4779 ὕψους

178 4801 479 4856 ἀποπεσεῖν
508 4798 598 4853 καὶ
654 4800 987 4873 προσπαθεῖν
1040 4796 1202 4851 αὺτὸν
1259 4796 1364 4850 ἀπὸ
1424 4801 1532 4851 τῶν
1599 4795 1854 4852 ἐναντίων
1912 4800 2113 4860 κακῶς.
2171 4798 2593 4870 Συνεπόμπευον
2649 4795 2705 4852 δὲ
2760 4802 2839 4870 τῷ
2908 4795 3127 4872 βασιλεῖ
3179 4794 3320 4868 τῷδε
3374 4794 3600 4873 ἔφιπποι

172 4889 269 4944 καὶ
328 4888 388 4942 οἱ
442 4885 540 4943 δύο
598 4886 687 4942 ἐπὶ
746 4888 1043 4963 θυγατράσι
1101 4886 1278 4958 τούτῳ
1353 4879 1595 4961 γαμϐροὶ
1677 4887 1705 4940 6
1782 4885 2220 4958 Κοντοστέφανος
2293 4885 2640 4961 Ἀνδρόνικος
2713 4886 2804 4941 καὶ
2861 4886 2889 4940 ὁ
2951 4885 3233 4957 Κομνηνὸς
3302 4886 3597 4953 Ἰσαάκιος,

171 4980 268 5035 καὶ
305 4978 336 5033 6
368 4976 506 5053 πρὸς
536 4976 741 5052 πατρὸς
797 4975 985 5049 ἐκείνῳ
1044 4979 1189 5040 θεῖος
1241 4974 1497 5045 Ἰωάννης
1558 4975 1586 5029 6
1645 4975 1874 5042 Δούκας,
1932 4973 2255 5049 πεπαίτερος
2313 4974 2385 5029 ὥν
2441 4977 2540 5044 τήν
2597 4972 2842 5043 ἡλικίαν,
2875 4971 3039 5047 ᾧγαὶ
3097 4972 3237 5028 κατά
3289 4974 3388 5040 τὴν
3443 4991 3600 5043 πομ-

171 5069 351 5127 παίαν
415 5066 626 5135 ἐκείνην
690 5062 925 5140 πρόοδον
989 5060 1186 5135 συνέϐη
1252 5085 1306 5119 τι
1374 5067 1622 5119 τοιοῦτον
1690 5061 2030 5140 παράλογον
2105 5064 2181 5136 μὴ
2247 5064 2350 5138 γάρ
2432 5084 2577 5126 τινος
2662 5060 3076 5139 διαταράξαντος
3164 5063 3263 5131 τήν
3331 5059 3600 5133 κόλουρον

175 5158 422 5232 ἡμίονον
570 5152 776 5230 ἔποχος
836 5155 929 5223 ἦν,
1012 5154 1105 5208 τὸν
1200 5148 1756 5229 σεϐαστοκρατορικὸν
1833 5147 2138 5208 ἀπεϐάλετο
2228 5154 2488 5230 στέφανον
2573 5154 2942 5226 ἀνατραπέντα
3019 5159 3119 5222 τῆς
3201 5156 3444 5227 κορυφῆς
3510 5148 3601 5203 καί

170 5243 509 5317 αὐτομάτως
564 5241 934 5298 καταπεσόντα
989 5241 1064 5304 εἷς
1122 5235 1341 5319 ἔδαφος.
1402 5243 1547 5316 Πρὸς
1603 5240 1736 5318 ὅπερ
1797 5241 1849 5295 o't
1909 5240 2002 5313 μὲν
2063 5241 2335 5313 θεώμενοι
2395 5236 2682 5312 ἐξεϐόησαν
2739 5242 2829 5296 καὶ
2889 5241 2964 5303 εἰς
3050 5240 3228 5316 γέλων
3288 5237 3600 5309 διεκινήθη-

170 5358 299 5404 σαν,
369 5334 467 5402 τήν
528 5330 1035 5410 έγκρυφιαζομένην
1091 5334 1171 5403 τῷ
1231 5330 1476 5408 στεφάνῳ
1534 5330 1800 5405 πρότερον
1851 5328 2132 5409 φαλάκραν
2194 5329 2268 5391 ὡς
2323 5329 2678 5407 πλησίφωτον
2760 5329 2998 5401 σελήνην
3078 5329 3203 5386 τότε
3284 5347 3599 5384 κατωπτευ-

162 5428 353 5486 κότες⁸
391 5425 420 5479 6
452 5420 510 5477 δὲ
541 5421 746 5484 Δούκας
777 5422 878 5491 τήν
922 5421 1157 5497 ἀνάγκην
1222 5419 1527 5493 μετατιθεὶς
1577 5419 1654 5481 εἰς
1707 5418 1769 5473 τὸ
1823 5419 2018 5493 εὕχαρι
2077 5418 2164 5473 καὶ
2232 5418 2516 5493 μείλιχον,
2575 5417 2764 5481 ἄλλως
2822 5439 2879 5473 τε
2936 5420 3032 5474 κάν
3088 5425 3207 5482 τοῖς
3242 5413 3599 5489 ⁴ἀϐουλήτοις

166 5516 251 5590 μή
324 5510 562 5585 ἑτοίμως
632 5507 1000 5586 χολούμενος,
1063 5503 1245 5587 ἔφερεν
1314 5509 1387 5569 ὡς
1454 5507 1761 5581 σύμμικτον
1826 5505 1998 5583 ἡδονῇ
2068 5504 2288 5561 παιδιὰν
2351 5508 2451 5575 τήν
2516 5511 2625 5561 τῶν
2694 5507 2969 5564 πλείστων
3035 5508 3123 5564 ἐπὶ
3188 5512 3268 5581 τῷ
3348 5507 3599 5587 γεγονότι

166 5602 451 5677 διάχυσιν,
482 5600 727 5678 γεγηθὼς
758 5598 809 5655 ἐν
846 5597 997 5673 μέρει
1030 5599 1118 5655 καὶ
1148 5597 1307 5661 αὐτὸς
1335 5598 1423 5653 καὶ
1462 5595 1734 5672 μηδαμῶς
1763 5596 1854 5651 τὸν
1883 5596 2291 5671 ἀγανακτοῦντα
2323 5595 2771 5669 ὑποκρινόμενος.

239 5695 313 5750 Γ.
345 5693 409 5749 Ὀ
450 5688 509 5745 δέ
569 5686 824 5766 βασιλεὺς
880 5690 978 5758 τὴν
1028 5686 1441 5764 ἀγγελωνυμίαν
1496 5687 1822 5761 παρωσάμε-

2005 5687 2059 5741 3.
2106 5688 2420 5759 Imperator
2476 5701 2607 5743 vero
2663 5689 2864 5759 Angeli
2912 5694 3301 5761 cognomento
3351 5689 3471 5749 sive
3529 5695 3593 5750 ut
