4116 6206
508 369 626 432 831

1828 373 2144 434 NlCETxE
2184 374 2608 440 ΟΗΟΝῘΑΤΛΕ

3834 401 3954 460 832

511 505 818 562 humiliore
874 502 1196 573 repudiato,
1229 503 1346 560 sive
1395 507 1459 561 ut
1496 518 1609 561 una
1638 519 1771 562 eum
1830 505 2004 562 fratre
2032 505 2137 565 abo

2275 528 2368 602 νος
2409 512 2694 602 Κομνηνὸς
2756 512 3066 590 ἐπελέγετο,
3118 515 3228 580 εἷ’τς
3280 519 3343 575 τὸ
3387 519 3689 598 ἐπώνυμον
3741 525 3952 602 ἀδοξῶν

510 595 703 665 lende,
757 593 1100 650 Comnemus
1157 593 1430 664 appellari
1511 593 1712 652 voluit.
1765 595 1908 652 Cum
1970 600 2158 652 autem

504 699 702 738 omnes
754 685 1019 752 putarent
1075 695 1206 738 eum
1258 685 1390 753 post
1451 682 1932 750 declarationem,
1989 684 2162 741 rebus

504 769 740 840 pacatis,
790 770 984 826 statim
1034 769 1094 826 in
1125 770 1302 824 armis
1347 769 1466 826 fore
1526 786 1633 827 nec
1689 773 1950 844 urgentia
2012 775 2158 830 dun-

504 861 656 916 taxat
716 857 865 912 mala
922 857 1318 928 depulsurum,
1377 857 1476 914 sed
1558 859 1929 932 superiorum
1988 860 2159 918 etiam

505 955 832 1020 temporum
888 947 1098 1004 delicta
1173 948 1422 1004 fraterna
1498 957 1916 1023 correcturum,
1969 953 2160 1008 clades

509 1035 823 1108 praesertim
883 1054 916 1091 a
953 1035 1213 1092 Barbaris
1261 1039 1561 1108 propterea
1615 1037 1804 1094 illatas
1860 1041 2012 1111 quod
2071 1041 2158 1098 eis

501 1142 676 1182 nemo
755 1124 1064 1181 restitisset
1116 1132 1211 1180 aut
1270 1140 1460 1182 rerum
1534 1142 1730 1182 curam
1790 1129 2154 1200 suscepisset,

504 1213 600 1270 ille
633 1217 850 1280 contra,
885 1221 944 1268 ut
985 1213 1106 1283 jam
1152 1221 1416 1270 votorum
1474 1215 1735 1272 omnium
1787 1221 1846 1272 et
1901 1217 2060 1272 unici
2091 1233 2157 1275 ac

502 1301 757 1359 diuturni
807 1301 1076 1358 desiderii
1110 1317 1352 1374 compos
1399 1303 1604 1374 factus,
1659 1305 1877 1362 corolla
1907 1305 2153 1376 insignis

499 1395 738 1467 ignaviae
769 1410 894 1451 sese
923 1394 1328 1466 dedidil,quasi
1359 1412 1476 1452 non
1499 1397 1816 1468 legitimam
1855 1398 2152 1456 hominum

499 1485 859 1540 curationem
875 1483 1246 1552 sortitus,sed
1263 1484 1606 1541 deliciarum
1623 1491 1678 1543 et
1692 1486 1797 1543 otii
1811 1486 2150 1545 facultatem

501 1589 630 1630 esse
663 1571 976 1644 imperium
1015 1571 1374 1644 opinaretur.
1410 1574 1594 1646 Igitur
1624 1577 1844 1646 abjecta
1887 1577 2041 1633 606
2071 1578 2154 1633 rei

500 1661 748 1735 publica:
781 1677 940 1727 cura,
966 1665 1031 1716 ut
1060 1661 1414 1732 gubernator
1461 1662 1741 1720 ﬂuctibus
1771 1665 2148 1737 defatigatus,

499 1752 558 1808 in
591 1767 766 1806 aureo
798 1749 1010 1806 vestitu
1043 1764 1105 1806 se
1154 1751 1490 1806 ostentabat
1519 1771 1534 1820 ;
1561 1756 1618 1807 et
1664 1753 1880 1825 apertis
1905 1753 2150 1810 auribus

497 1841 760 1898 omnium
821 1855 1023 1896 eorum
1075 1840 1456 1912 petitionibus
1497 1843 1810 1912 annuebat,
1845 1860 1992 1917 quos
2022 1849 2148 1905 adi-

494 1931 758 2006 piscendi
821 1929 1051 2002 imperii
1107 1932 1399 2001 adjutores
1429 1931 1731 2002 habuerat,
1789 1941 1848 1992 et
1898 1941 2149 2010 utraque

494 2036 672 2076 manu
724 2019 1030 2092 pecuniam
1079 2019 1150 2075 ab
1201 2019 1419 2076 lsaacio
1467 2020 1774 2079 collectam
1827 2026 2144 2096 profunde-

492 2109 617 2177 bat,
678 2125 795 2166 non
866 2107 1246 2165 considerans
1307 2125 1440 2166 cum
1517 2115 1736 2182 quanta
1791 2113 2147 2174 difficultate

492 2205 696 2273 postea
755 2198 1147 2271 recolligenda
1195 2204 1349 2256 esset
1397 2203 1453 2256 et
1501 2217 1676 2272 quam
1727 2206 1951 2261 temere
1990 2222 2148 2264 nunc

491 2289 894 2360 dissiparetur.
967 2293 1114 2346 Cum
1174 2289 1357 2362 igitur
1429 2289 1620 2348 instar
1696 2291 1991 2365 palearum
2049 2303 2148 2354 aut

492 2380 674 2437 aestivi
731 2378 986 2452 pulveris
1053 2378 1319 2435 celeriter
1375 2381 1617 2451 disjecla
1693 2387 1752 2438 et
1801 2383 1861 2440 in
1917 2391 2144 2444 ventres

495 2469 758 2540 ignavos,
811 2484 957 2540 quos
989 2483 1060 2523 ne
1119 2473 1284 2523 norat
1339 2470 1599 2540 quidem,
1634 2471 1938 2544 insumpta
1966 2485 2139 2547 esset,

492 2562 708 2614 temere
739 2557 1052 2613 munificus
1083 2557 1397 2630 imperator
1427 2559 1552 2631 ipse
1580 2561 1815 2618 tandem
1849 2564 2137 2636 profusio-

492 2663 626 2703 nem
675 2663 844 2702 suam
885 2647 1164 2704 damnare
1193 2649 1383 2720 coepit,
1433 2663 1566 2704 eum
1627 2650 1876 2722 pecunia
1923 2659 2139 2726 egeret.

486 2735 628 2808 Ejus
681 2751 813 2790 vero
863 2750 1023 2801 uxor,
1079 2733 1234 2791 virili
1291 2735 1488 2793 animo
1528 2737 1743 2794 mulier
1787 2743 1846 2796 et
1901 2740 1973 2796 ab
2013 2742 2142 2815 ipsa

488 2829 696 2883 natura
755 2823 984 2880 dicendi
1041 2823 1322 2882 suavitate
1380 2832 1434 2881 et
1491 2825 1688 2898 lepore
1743 2832 1970 2900 ornata,
2031 2846 2138 2889 nec

484 2917 556 2972 ad
607 2912 912 2987 prmsentia
942 2913 1220 2970 duntaxat
1261 2915 1479 2987 optime
1535 2915 2002 2976 administranda
2031 2923 2134 2979 sed

484 3009 542 3061 et
571 3005 641 3061 ad
690 3003 885 3060 futura
932 3002 1284 3075 providenda
1337 3003 1749 3078 solertissime,
1801 3006 1932 3064 aliis
1964 3010 2135 3068 rebus

483 3091 782 3150 teterrima
839 3092 1024 3164 pestis
1063 3091 1192 3148 fuit.
1253 3092 1452 3164 Neque
1513 3110 1671 3150 nunc
1727 3095 1799 3152 de
1844 3097 2136 3170 exquisito

479 3185 686 3238 ornatu
750 3186 805 3238 et
860 3180 1000 3237 luxu
1030 3180 1186 3252 regio
1245 3180 1476 3252 loquor,
1511 3198 1693 3254 neque
1747 3185 1818 3241 de
1877 3200 1943 3242 eo
1974 3191 2128 3259 quod

476 3271 700 3346 ingenii
770 3270 1037 3328 felicitate
1090 3270 1152 3327 in
1216 3271 1492 3328 mutando
1551 3253 1782 3346 recepto
1841 3253 2012 3333 statu
2073 3253 2204 3336 etc

479 3363 652 3422 rebus
711 3363 990 3420 novandis
1047 3361 1327 3420 maritum
1390 3363 1702 3436 superabat
1767 3366 1925 3437 (nam
1983 3366 2126 3434 haec,

483 3455 594 3511 etsi
652 3470 766 3509 non
832 3454 1041 3510 decora
1091 3451 1461 3524 mulieribus,
1511 3453 1726 3525 reginis
1785 3457 2126 3527 praesertim,

478 3548 678 3601 tamen
737 3543 1137 3616 praetereunda
1195 3542 1448 3614 censeo),
1482 3543 1586 3598 sed
1627 3543 1698 3600 de
1754 3545 2129 3618 impudicitia

479 3633 690 3707 probro
728 3637 900 3704 atque
951 3631 1191 3687 infamia
1239 3632 1387 3688 607
1447 3648 1564 3703 qua
1619 3633 1888 3690 maritum
1946 3635 2127 3692 debo-

481 3723 768 3780 nestabat.
841 3721 949 3785 Qui
1007 3737 1138 3776 cum
1207 3720 1372 3777 initio
1449 3720 1510 3776 id
1569 3721 1812 3779 dedecus
1869 3723 2020 3781 scire
2075 3733 2130 3782 et

481 3811 854 3869 dissimulare
931 3811 1004 3867 ab
1064 3809 1340 3868 omnibus
1409 3815 1733 3884 putaretur,
1809 3817 2006 3872 tamen
2064 3833 2131 3874 ea

479 3903 736 3960 facinora
815 3915 878 3956 se
954 3899 1272 3972 ignorasse,
1355 3904 1556 3972 postea
1625 3917 1756 3960 cum
1843 3903 2130 3974 publicata

475 3996 692 4060 essent,
755 3989 1086 4056 declaravit,
1146 3992 1209 4046 ut
1263 4005 1371 4047 suo
1431 3997 1690 4061 tempore
1737 3992 2127 4052 narrabimus.

476 4083 620 4138 Cum
706 4079 880 4153 igitur
957 4078 1293 4150 imperatrix
1367 4078 1584 4138 limites
1672 4080 1992 4140 transiliret
2073 4089 2131 4140 et

477 4169 846 4243 superiorum
919 4171 1311 4242 Augustarum
1370 4168 1643 4227 instituta
1707 4174 2126 4242 contemneret,

476 4259 793 4332 imperium
843 4257 1014 4331 plane
1057 4257 1119 4314 in
1171 4257 1318 4314 duos
1351 4257 1710 4330 principatus
1744 4262 1835 4315 est
1861 4259 2125 4318 divisum.

474 4348 674 4418 Neque
730 4347 888 4404 enim
948 4347 1270 4420 imperator
1325 4349 1611 4404 duntaxat
1667 4349 1944 4422 quicquid
2006 4355 2130 4407 erat

475 4437 708 4495 libitum
742 4437 1098 4494 mandabat:
1125 4438 1225 4492 sed
1265 4435 1368 4492 illa
1397 4437 1570 4493 etiam
1605 4439 1730 4510 pari
1760 4439 2126 4512 auctoritate,

476 4544 605 4598 quas
657 4525 776 4582 visa
834 4531 1018 4589 erant,
1074 4526 1406 4598 peragebat,
1473 4527 1593 4582 imo
1653 4527 1965 4600 aliquando
2023 4547 2126 4604 pro

2275 599 2363 652 οἷα
2442 599 2694 676 ὑφιζάνον
2771 605 2907 678 πρὸς
2980 605 3044 661 τὸ
3121 611 3470 680 Κομνηνικὸν
3515 611 3802 688 κλὲϊσμα,
3854 599 3954 675 εἴτε

2272 695 2624 762 συναφαντῶν
2677 696 2757 764 τῷ
2813 693 3078 768 ὁμαίμονι
3137 696 3228 751 καὶ
3281 701 3379 769 τήν
3443 699 3660 760 ἐγείνου
3717 704 3951 778 ἐπίκλη-

2272 799 2378 834 σιν.
2449 779 2731 836 ’Δπαντων
2790 779 2838 837 δ’
2895 783 3166 858 οἰομένων
3229 789 3364 860 μετά
3420 793 3520 862 τήν
3580 793 3950 871 ἀναγόρευσιν

2268 866 2462 923 αὐτίκα
2513 870 2607 924 καὶ
2645 872 2746 942 τήν
2803 876 2912 928 τῶν
2962 875 3296 949 πραγμάτων
3350 878 3632 954 ἡρὲμῃσιν
3685 883 3952 943 ὁπλιτεύ-

2269 976 2396 1011 οντα
2463 965 2694 1038 φανῆναι
2761 961 2851 1016 καὶ
2905 963 3283 1039 θυραυλοῦντα
3356 969 3449 1024 τὸν
3512 971 3809 1046 Ἀλέξων,
3865 981 3950 1033 καὶ

2268 1044 2378 1120 οὐχ
2434 1047 2588 1111 ’ὁπως
2627 1047 3007 1122 ἀντιστήσεται
3074 1059 3198 1117 τοῖς
3265 1055 3318 1110 ἐν
3374 1062 3539 1134 χερσὶ
3600 1044 3953 1142 δυ-σγερὲσιν,

2265 1133 2415 1191 ἀλλὰ
2445 1138 2535 1193 καὶ
2578 1141 2646 1195 τὰ
2693 1142 2958 1218 πρότερον
3017 1147 3389 1223 ἡμαρτημένα
3445 1154 3588 1228 πρὸς
3637 1133 3757 1211 τούν
3799 1178 3954 1214 κασι-

2262 1229 2466 1300 γνήτου
2500 1231 2574 1301 μὴ
2608 1228 2668 1284 ἄν
2701 1251 2834 1287 ποτε
2862 1232 3192 1310 ἀνασχέσθαι
3242 1245 3595 1316 παροφθῆναί
3662 1247 3718 1299 οἱ
3768 1249 3951 1304 ὁπωσο

2266 1319 2359 1370 οὖν
2393 1314 2726 1392 ἀδιόρθωτα,
2784 1321 2876 1376 καὶ
2939 1321 3162 1396 μάλισθ’
3221 1325 3322 1382 ὅσα
3379 1314 3565 1396 κακῶς
3627 1333 3744 1390 ὑπὸ
3803 1339 3949 1413 Βαρ-

2263 1401 2447 1478 ϐάρων
2475 1401 2670 1463 ἔπαθον
2704 1411 2779 1481 μὴ
2811 1411 2905 1466 τὸν
2940 1412 3332 1488 ἀνθιστάμενον
3383 1414 3590 1495 ἔχοντα
3648 1422 3806 1497 μηδὲ
3859 1401 3948 1482 {ev

2261 1491 2422 1564 ὄτεδὴ
2499 1497 2904 1571 παθηνάμενον,
2983 1502 3012 1556 ὁ
3088 1499 3147 1557 δὲ
3221 1506 3361 1580 πρὸς
3418 1491 3564 1564 ἀπαν
3619 1491 3947 1572 τούναντίον

2264 1585 2639 1682 μεθήρμοστο,
2669 1587 2761 1641 καί
2811 1588 2885 1650 ὡς
2930 1590 2995 1645 τὸ
3045 1590 3347 1667 ἀκρότατον
3395 1595 3507 1670 ἤδη
3556 1604 3675 1657 τῶν
3743 1603 3946 1682 ἐφετῶν

2261 1671 2508 1749 εἰληφὼς
2556 1675 2645 1730 καὶ
2699 1677 2837 1752 πρὸς
2869 1676 2899 1732 ὅ
2928 1678 3101 1735 πάλαι
3149 1683 3212 1737 τὸ
3265 1689 3370 1738 πᾶν
3425 1685 3676 1746 ὲπὲτεινε
3733 1671 3946 1769 nptiae-

2262 1783 2365 1834 μον
2441 1761 2712 1838 ἐφθακὼς,
2787 1764 3011 1822 ἀνέπεσε
3088 1775 3535 1849 στεφηφορήσας,
3615 1779 3696 1842 ὡς
3781 1761 3947 1860 ἐΐπερ

2261 1849 2360 1906 οὐκ
2397 1850 2710 1908 ἐπιστασίαν
2785 1851 3006 1929 ἔννομον
3087 1859 3395 1934 ἀνθρώπων
3473 1863 3611 1922 ἀλλ’
3683 1849 3946 1948 εὐποριαν

2259 1935 2466 2012 χλιδῆς
2505 1938 2598 1993 καὶ
2653 1939 2884 2005 ἀνέσεως
2925 1946 3186 2024 παροχὴν
3254 1950 3357 2018 τὴν
3425 1951 3717 2026 βασιλείαν
3782 1935 3940 2030 ᾤετο,

2256 2028 2468 2086 Οὐκοῦν
2533 2029 2622 2084 καὶ
2681 2032 2781 2100 τὴν
2839 2037 2950 2088 τῶν
3004 2039 3207 2091 κοινῶν
3270 2036 3548 2112 διοίκησιν
3630 2051 3936 2122 παρεικὼς,

2258 2116 2332 2181 ὠς
2361 2117 2426 2174 τὸ
2477 2116 2751 2192 πηδάλιον
2794 2122 2821 2176 ὁ
2853 2117 3200 2198 κυϐερνήτης
3259 2127 3319 2192 ὅς
3368 2130 3640 2205 ἀπείρηκε
3692 2116 3834 2212 πρὸς
3873 2116 3940 2194 τά

2253 2205 2491 2279 κύματα,
2550 2215 2916 2286 χρυσοφορῶν
2964 2212 3030 2280 ἦν
3082 2215 3175 2268 καὶ
3223 2217 3329 2286 τήν
3378 2217 3553 2290 ἀκοὴν
3605 2205 3755 2295 ὅλην
3809 2227 3936 2284 ἀνα-

2254 2297 2519 2361 πεταννὺς
2581 2296 2673 2353 καὶ
2735 2303 2909 2354 πᾶσαν
2979 2295 3209 2374 ἔντευξιν
3273 2308 3654 2384 χαριζόμενος
3711 2322 3835 2378 τοῖς
3881 2319 3938 2375 ἐκ

2251 2391 2353 2454 τῆς
2389 2383 2610 2482 μερίδος
2659 2391 2766 2442 τῶν
2829 2391 3290 2469 συνεφαψαμὲνων
3349 2383 3500 2472 αὐτῷ
3555 2408 3663 2471 τῆς
3731 2405 3936 2482 ἀρχῆς,

2250 2473 2608 2574 καὶάφειδῶς
2638 2476 2994 2574 ἀμφοτέραις⁸
3031 2480 3304 2574 ἀπήντλει
3354 2487 3435 2574 τάῗ
3469 2473 3932 2574 χρήματαάπερ

2254 2562 2524 2636 συνέλεξεν
2575 2566 2866 2639 Ἰσαάκιος,
2925 2565 3057 2626 οὔτε
3113 2573 3216 2642 τὴν
3265 2562 3770 2650 ἐργώδήητούτων
3825 2562 3932 2642 εῗσζ

2252 2651 2440 2708 ἔπειτα
2496 2656 2810 2730 συναγωγὴν
2859 2657 3236 2732 σκοπούμενος
3291 2661 3420 2720 οὐδὲ
3503 2669 3607 2738 τήν
3671 2668 3926 2745 διακενῆς

2253 2743 2552 2836 απόκτη-σιν
2631 2740 3057 2820 εὐλαϐούμενος.
3134 2752 3232 2823 Τῷ
3303 2773 3392 2808 τοι
3471 2740 3926 2836 διαφορηθέντων

2248 2829 2408 2904 δίκην
2448 2833 2728 2928 ἀχυρμιᾶς
2770 2835 2862 2928 καὶ
2913 2839 3053 2928 κατά
3109 2842 3326 2914 θερινὴν
3384 2844 3537 2901 κόνιν
3579 2829 3924 2928 ’ἐσκεδασμέ-

2245 2942 2349 3013 νων
2424 2921 2644 3013 ταχέως
2719 2925 2858 2998 πρὸς
2932 2926 3099 3002 ἀργὰς
3175 2931 3440 3006 γαστέρας
3519 2936 3584 2999 ’ἀς
3665 2937 3786 2996 οὐδ’
3833 2921 3918 3013 ’ἦν

2245 3010 2658 3110 ἐειιιιοντοὶμενος,Δ
2705 3015 2735 3070 ὁ
2781 3021 2878 3110 ⁸τῇ
2954 3016 3268 3097 φιλοδωρίᾳ
3341 3028 3752 3102 προσκείμενος
3801 3010 3916 3110 stari

2243 3101 2596 3198 αὐτοκράτωρ
2644 3104 2834 3198 εαυτὸν
2877 3114 2976 3198 τῆς
3035 3109 3272 3175 ἀσωτίας
3333 3101 3619 3196 ἐμέμφετο
3677 3101 3910 3198 ὕστερον,

2243 3191 2404 3287 infixa
2463 3192 2772 3287 χρημάτων
2817 3195 3086 3287 ἐχάτιζεν.
3137 3202 3236 3256 Ἤν
3298 3199 3356 3258 δὲ
3410 3191 3508 3260 xci
3536 3211 3574 3277 ἡ
3605 3214 3707 3264 τοῦ
3757 3191 3908 3287 βασιλ

2244 3279 2386 3379 λέως
2415 3279 2575 3379 τούδε
2605 3280 2813 3379 ἀκοιτις
2836 3286 2900 3341 τὸ
2931 3285 3026 3379 μὲν
3066 3287 3328 3364 φρόνημα
3372 3295 3467 3349 καὶ
3524 3294 3654 3354 λίαν
3697 3279 3906 3379 ἀνδρώ-

2239 3368 2340 3442 δης
2417 3371 2508 3427 καὶ
2582 3371 2833 3448 γλῶτταν
2910 3375 3194 3454 αὐτοφυῶς
3269 3380 3524 3458 αὐχοῦσα
3565 3368 3904 3468 σοφιστικὴ,

2237 3461 2428 3536 χάρισι
2485 3461 2880 3537 ὁιηνθισμὲνην
2938 3466 3029 3521 καὶ
3124 3471 3524 3544 περιθεομὲνην
3585 3461 3902 3552 γλυκύτητι,

2362 3553 2494 3640 296]
2538 3552 2632 3606 καὶ
2692 3557 3001 3629 προγνῶναι
3057 3557 3118 3612 τὸ
3187 3557 3397 3632 μέλλον
3457 3563 3778 3640 ἱκανωτάτη
3818 3573 3897 3627 καὶ

2236 3639 2298 3694 τὸ
2357 3637 2583 3702 ἐνεστὼς
2639 3641 2872 3716 ἀρίστως
2941 3642 3242 3718 διοικήσειν
3315 3649 3683 3728 ἐπισταμένη,
3738 3637 3804 3715 τὰ
3856 3659 3896 3716 δ’

2237 3724 2384 3782 ἄλλα
2413 3729 2574 3785 κακὸν
2604 3727 2918 3808 διωλύγιον,
2973 3735 3036 3790 οὕ
3092 3757 3237 3812 φημι
3293 3741 3391 3804 τὰς
3441 3724 3764 3818 κομμώσεις
3809 3751 3894 3804 καὶ

2241 3815 2520 3893 βασιλείας
2563 3818 3026 3893 καθηδυπάθησιν.
3085 3825 3172 3880 καὶ
3231 3828 3295 3882 τὸ
3354 3815 3574 3905 ἰσχύειν
3619 3835 3741 3907 ὑπὲρ
3797 3839 3886 3894 τὸν

2237 3905 2534 3980 ὁμευνὲτην
2583 3907 2774 3984 εὐροίᾳ
2810 3911 3021 3990 φύσεως
3080 3924 3422 3992 μετενεγκεῖν
3482 3923 3550 3976 τὰ
3593 3927 3898 3982 καθεστῶτα

2236 3995 2326 4088 καὶ
2359 3996 2438 4088 μῇ
2471 3992 2600 4052 ὅντα
2649 3997 2946 4074 ἐπεξευρεῖν
2988 4004 3174 4072 (ταῦτα
3221 4004 3328 4081 γὰρ
3371 4005 3436 4064 οὐ
3487 4009 3579 4066 διὰ
3625 4011 3792 4088 λόγου
3830 4021 3896 4082 τῆ

2235 4083 2470 4180 iet-opta,
2517 4086 2615 4180 κᾶν
2658 4089 2760 4180 εἶεν
2817 4091 3058 4180 γυναιξὶν
3115 4092 3224 4169 οὐχ
3274 4093 3540 4171 ἁρμόδια,
3599 4083 3718 4158 καἰί
3751 4107 3897 4180 βασι-

2237 4173 2452 4237 λίσσαις
2527 4178 2638 4248 (44)
2716 4175 2934 4249 οίαισδὴ
3010 4183 3411 4260 προσεγένετο),
3484 4189 3616 4246 ἀλλ’
3693 4173 3780 4250 8τί
3838 4197 3896 4251 τὸ

2234 4261 2504 4338 κάλυμμα
2533 4269 2633 4332 τῆς
2662 4264 2852 4332 αἰδοῦς
2893 4269 3203 4342 ἀτιμάσασα
3254 4273 3537 4347 είλκύζετο
3592 4282 3684 4336 καὶ
3733 4281 3896 4341 διεσυ-

2237 4351 2448 4427 ρίττετο
2474 4355 2565 4408 καὶ
2607 4354 2684 4418 είς
2729 4354 2936 4422 ὄνειδος
2987 4359 3057 4430 ἦν
3117 4365 3196 4434 τῷ
3241 4365 3448 4436 ταύτην
3507 4369 3894 4448 ἁρμοσαμένου.

2233 4443 2296 4500 Ὀ
2342 4439 2399 4498 δὲ
2445 4443 2514 4498 τά
2561 4444 2656 4516 μὲν
2715 4450 2907 4520 πρῶτα
2961 4444 3158 4505 εἰδέναι
3219 4451 3286 4507 τά
3344 4439 3894 4538 ἀτοπούμενα.παρὰ

2233 4535 2394 4622 πᾶσιν
2453 4531 2716 4622 ἐκρίνετο,
2788 4541 2905 4600 τοῖς
2983 4534 3030 4592 δ’
3089 4539 3343 4616 ἀγνοοῦσι
3431 4531 3892 4622 σχηματίζεσθαι·

479 4630 590 4674 sua
645 4613 889 4669 libidine
943 4612 1102 4669 illius
1164 4612 1344 4685 jussis
1399 4613 1811 4675 intercedebat.
1866 4619 1938 4676 Et
1994 4635 2124 4676 cum

2343 4622 2416 4677 ὧν
2470 4619 2517 4677 δ’
2574 4621 2796 4698 ὕστερον
2855 4623 3236 4705 διεπεπράχει,
3305 4633 3395 4688 ὅτε
3605 4612 3748 4696 κατά
3800 4645 3891 4712 τὴν

477 4701 744 4760 maximas
804 4701 1116 4772 legationes
1146 4701 1448 4758 audiendas
1507 4710 1692 4772 erant,
1723 4707 1838 4763 duo
1869 4707 2122 4780 pretiosa

476 4792 626 4851 solia
674 4791 1198 4864 conjungebantur,
1251 4798 1307 4847 et
1363 4789 1464 4847 illa
1495 4793 1700 4850 marito
1731 4810 1860 4852 eum
1911 4813 2124 4870 magno

473 4883 785 4956 splendore
842 4897 908 4939 ac
951 4879 1158 4954 pileolo
1210 4879 1456 4952 gemmis
1486 4885 1546 4938 et
1601 4885 1924 4957 perspicuis
1967 4903 2125 4944 mar-

470 4971 670 5046 garitis
699 4979 902 5029 ornato
940 4969 1260 5043 assidebat,
1289 4974 1350 5028 et
1381 4974 1618 5044 torques
1669 4973 2126 5046 pretiosissimas

471 5065 544 5123 de
601 5061 747 5120 collo
805 5060 1221 5134 suspendebat.
1279 5059 1610 5132 Aliquando
1657 5061 1832 5120 etiam
1891 5063 1951 5120 in
1993 5064 2126 5122 aliis

469 5153 700 5226 palatiis
744 5151 991 5224 sejuneti
1053 5167 1150 5222 per
1195 5150 1353 5207 vices
1409 5151 1818 5222 adorabantur,
1871 5153 2124 5212 subditis

471 5245 541 5300 ab
584 5244 932 5315 imperatore
988 5242 1056 5296 ad
1091 5240 1250 5298 illam
1281 5239 1642 5298 salutandam
1689 5244 2124 5304 transeuntibus

469 5339 528 5389 et
556 5349 742 5403 genua
797 5331 1146 5389 submissius
1189 5330 1577 5389 ﬂectentibus.
1618 5332 1898 5389 Nonnulli
1949 5334 2122 5391 etiam

470 5420 833 5491 imperatoris
863 5419 1301 5491 consanguinei,
1328 5419 1428 5492 qui
1459 5436 1720 5478 summos
1763 5423 2124 5495 magistratus

2231 4711 2480 4767 σύνοικον
2539 4712 2820 4790 γεγόνασιν
2876 4709 3136 4789 ἔκπυστα,
3212 4726 3399 4799 σαφῶς
3491 4723 3767 4802 ὑπέδειξεν
3828 4709 3896 4797 ὥς

2233 4796 2390 4856 οὐδὲν
2421 4805 2528 4856 τῶν
2561 4799 2938 4877 τολμωμένων
2970 4805 3264 4876 ἠπίστατο.
3295 4796 3306 4799 τ
3326 4809 3580 4882 Δηλώσει
3631 4796 3708 4873 δὲ⁷
3734 4796 3896 4880 ταῦτα

2229 4889 2292 4946 τὸ
2324 4888 2503 4965 λέγειν
2532 4892 2668 4947 κατὰ
2693 4892 2786 4948 τὸν
2825 4893 3026 4950 οίκεῖον
3073 4899 3288 4972 καιρόν.
3337 4903 3449 4970 Τῆς
3500 4904 3686 4963 τοίνυν
3743 4912 3895 4985 βασι-

2233 4977 2388 5042 λίδος
2444 4979 2572 5044 τοὺς
2624 4980 2784 5058 ὅρους
2839 4979 3274 5060 ὑπερϐαινούσης
3321 4990 3414 5045 καὶ
3462 4994 3531 5048 τὰ
3587 5002 3710 5060 ταῖς
3743 4977 3890 5076 ’πρὶν

2233 5067 2568 5144 Αὐγούσταις
2645 5071 2935 5146 Ῥωμαίων
3003 5069 3166 5148 ἔθιμα
3259 5075 3585 5154 ἀδοξούσης,
3657 5087 3736 5150 εἰς

2233 5156 2478 5254 ἀτεχνῶς
2524 5157 2766 5254 ἀρχὰςή
2803 5160 3368 5254 βασιλεία-διῄρητοο
3422 5168 3486 5224 οὐ
3534 5172 3641 5248 γὰρ
3689 5178 3720 5232 ὁ
3764 5199 3887 5254 κρα.

2228 5250 2336 5302 τῶν
2390 5242 2556 5320 μόνον
2603 5249 2778 5305 ὁπόσα
2824 5251 3016 5326 ᾑρεῖτο
3064 5251 3425 5330 διεκελεύετο,
3477 5242 3629 5318 ἂλλά
3695 5242 3885 5324 ταυτοο

2233 5330 2489 5429 δυνάμως
2543 5337 2721 5429 τούτῳ
2768 5340 2992 5429 κάκείνη
3053 5343 3120 5398 τὰ
3174 5345 3312 5419 πρὸς
3361 5346 3574 5421 βουλῆς
3636 5350 3884 5429 διεπράτ-

2233 5444 2375 5496 τετο,
2425 5424 2477 5481 ἐν
2519 5424 2756 5492 πολλοῖς
2807 5427 2866 5486 δὲ
2909 5433 2998 5487 καὶ
3059 5430 3250 5488 ἂνὲλυε
3315 5439 3452 5512 πρὸς
3508 5441 3571 5496 τὸ
3645 5424 3885 5521 any-ipsc

1869 5527 2038 5590 Hier.
2063 5529 2277 5591 Wolfii
2300 5535 2491 5592 notae.

1869 5551 2038 5590 mer.
2074 5551 2277 5591 wouu
2300 5551 2491 5594 noxae.

541 5619 843 5710 ςξξλᾼμει·
877 5619 1523 5710 ιςᾼλᾰιο-ᾕίηρυιῇοἱιίε,
1556 5623 1724 5710 alter.
1756 5623 1978 5710 (tilde.
1999 5625 2364 5699 impudentia
2390 5637 2446 5687 et
2495 5629 2866 5692 immodestia
2920 5634 2979 5692 in
3010 5635 3366 5710 singultibus
3425 5649 3480 5700 et
3513 5648 3774 5706 ructibus
3798 5649 3884 5706 vi-

467 5691 634 5747 detur
663 5689 844 5761 loqui.
877 5689 1020 5746 Nam
1051 5689 1294 5748 barbara
1325 5692 1447 5750 haec
1471 5709 1589 5750 non
1620 5689 2078 5769 satis'intelligo.
