4116 6206
499 241 620 300 835

1805 225 1926 288 NIC
1936 223 2108 286 ΕΤΛΞ
2152 225 2398 290 CHONI
2407 227 2585 290 ΑΤιΕ

3831 231 3954 294 836

499 368 774 426 lescentis
788 364 1257 432 miserentur,cui
1272 377 1516 436 regnum
1534 361 1861 436 proavitum
1875 358 2141 424 debetur,

2257 359 2608 433 πενεγκόντος
2655 359 2788 416 ποτὶ
2831 360 2908 422 ὡς
2958 361 2988 416 6
3040 363 3140 416 τοῖ’)
3185 359 3604 436 αὐτοκράτορος
3653 361 3782 424 υἱὸς
3843 367 3957 420 Μα-

503 473 620 530 quo
652 461 844 513 tamen
876 471 992 510 uua
1021 468 1155 509 cum
1187 451 1375 523 patria
1404 468 1506 524 per
1537 451 1814 522 injuriam
1845 451 1934 505 est
1956 445 2149 520 priva-

504 551 625 603 tus.
661 567 690 596 »
722 546 923 615 Itaque
965 540 1172 596 videns
1221 541 1538 616 imperator
1579 556 1642 596 se
1686 538 1831 595 nihil
1865 553 1972 594 sua
2003 551 2152 608 prs:-

504 633 694 688 sentia
723 630 1023 703 proficere,
1065 628 1330 685 castellis
1384 628 1705 700 praeteritis,
1752 641 2004 698 quorum
2036 623 2154 680 alia

511 723 583 779 ab
634 719 832 775 Alexio
873 717 1116 774 dimovit
1165 717 1280 773 alia
1326 715 1586 773 incendit
1632 721 1694 773 ut
1741 714 2018 772 seditioso
2051 713 2152 768 ad-

505 811 682 875 dicta,
714 809 776 864 in
809 809 1012 863 urbem
1047 807 1238 872 rediit,
1271 805 1634 878 expeditione
1663 804 1894 861 duobus
1928 801 2154 859 mensi~

505 901 619 956 bus
641 897 1041 966 terminata,et
1060 894 1272 950 Ciliciae
1289 893 1459 950 rebus
1477 893 1730 950 Manueli
1753 893 2155 950 Cantacuzeno

510 986 943 1046 mandatis.Sed
978 1000 1114 1040 eum
1149 999 1219 1039 ne
1238 987 1288 1040 is
1315 983 1552 1055 quidem
1585 987 1783 1055 aperte
1813 981 1895 1036 illi
1930 979 2153 1037 bellum

508 1076 770 1142 inferret,
801 1072 1072 1146 quamvis
1104 1071 1292 1128 Persa
1323 1071 1556 1126 auxiliis
1587 1069 1835 1127 subinde
1864 1067 2152 1126 crescenti

505 1171 564 1223 et
591 1183 626 1221 a
656 1162 908 1220 castellis
937 1163 1174 1233 Ancyra
1209 1159 1478 1218 ﬁnitimis
1517 1161 1791 1216 omnibus
1820 1167 1917 1216 aut
1945 1159 2154 1214 saltem

509 1253 780 1327 pluribus
811 1250 1038 1306 tributa
1085 1249 1357 1320 exigenti,
1405 1247 1704 1305 diuturnis
1751 1249 1948 1320 utique
1979 1247 2154 1303 malis

508 1343 802 1400 Romanos
829 1339 1146 1396 alfecturus
1177 1339 1274 1394 ille
1331 1337 1462 1406 fuit,
1518 1337 1632 1394 nisi
1698 1337 1812 1393 Deo
1871 1353 2018 1392 nova
2061 1336 2156 1392 hic

507 1447 740 1505 quoque
769 1429 995 1486 ratione
1025 1429 1208 1486 nostri
1251 1428 1514 1496 miserto,
1545 1428 1604 1483 in
1654 1426 1892 1485 castello
1922 1428 2156 1499 Zungra

506 1526 683 1578 noctu
708 1518 1021 1592 jugulatus
1052 1535 1085 1572 a
1117 1519 1372 1590 quodam
1404 1515 1630 1573 fuisset.
1666 1517 1759 1572 Sic
1794 1515 2042 1589 fulguris
2063 1516 2155 1573 in-

509 1619 634 1671 star
665 1611 865 1668 subito
922 1613 979 1665 et
1035 1609 1278 1664 emicuit
1331 1613 1388 1664 et
1445 1606 1702 1675 evanuit,
1749 1612 1852 1662 aut
1884 1613 1949 1662 ut
1973 1607 2156 1665 ﬂatus

509 1702 827 1759 vehemens
869 1717 937 1756 ex
984 1705 1150 1755 antro
1206 1698 1443 1772 Corycio
1473 1714 1811 1769 erumpens,
1846 1697 1948 1768 qui
1981 1697 2154 1769 paulo

507 1796 639 1864 post
669 1791 727 1846 in
762 1795 990 1862 partem
1041 1787 1289 1843 Romani
1337 1787 1564 1859 imperii
1598 1787 2010 1843 conturbatum
2042 1803 2150 1843 sa:-

506 1881 628 1936 vire
659 1879 848 1936 desiit.

2257 445 2432 516 νουήλ
2461 445 2636 502 πάλαι
2683 444 2896 504 άπεϐίω
2943 449 3156 522 θανάτῳ
3188 451 3234 522 ᾧ
3267 447 3336 520 δὴ
3387 451 3529 525 πρὸς
3580 446 3954 524 Ἀνδρονίκου

2259 534 2706 608 καταδεδίγαστο,
2741 540 2770 593 6
2803 537 2862 593 δὲ
2919 543 3010 593 νῦν
3061 539 3306 614 προσιὼν
3355 539 3518 602 οὗτος
3571 538 3794 602 πλάνος
3841 540 3954 596 ἐστὶ

2257 625 2348 680 καὶ
2379 629 2476 680 τοῦ
2505 631 2616 682 τῶν
2650 633 2947 700 Κομνηνῶν
2976 629 3168 703 γένους
3209 625 3537 704 ἀλλότριος,
3595 627 3646 684 εἰ
3703 625 3758 684 δ’
3811 627 3953 684 ἐκεῖ.

2258 735 2346 768 νον
2379 711 2504 786 δοίη
2535 736 2618 778 τις
2651 717 2745 788 ζῇν
2773 717 2862 770 καὶ
2925 719 3119 772 τοῦτον
3171 718 3308 772 εἶναι
3357 719 3450 774 τὸν
3504 717 3774 791 ἐπιόντα,
3825 717 3953 775 ἀλλ’

2260 801 2422 866 αὐτὸς
2479 806 2672 880 ἄρχειν
2732 805 3007 876 δήπουθέν
3067 804 3406 881 δικαιότερος
3453 810 3484 862 6
3537 808 3636 862 καὶ
3685 811 3761 862 τά
3808 809 3952 867 Ῥωο

2269 894 2446 966 μαίων
2479 897 2732 969 σκῆπτρα
2774 895 3034 972 χειρίζων
3082 896 3216 966 νυνί,
3265 891 3610 952 ἐπελάϐοντο
3675 903 3794 953 τῶν
3853 897 3954 954 λό-

2261 1003 2376 1056 γων
2409 981 2465 1036 οἱ
2496 982 2866 1058 ἀκροώμενοι,
2899 983 2992 1039 καὶ
3040 983 3133 1039 ἀπ’
3183 985 3360 1040 αὐτῶν
3412 987 3801 1062 πορισάμενοι
3851 989 3955 1057 τήν

2262 1069 2524 1126 ἀντίθεσιν
2549 1096 2580 1124 ‹‹
2613 1077 2750 1148 Δρᾷς
2781 1097 2810 1124 ››
2860 1069 3070 1148 ἔλεγον,
3122 1071 3444 1148 «βασιλεῦ,
3496 1075 3577 1138 ὡς
3633 1075 3723 1151 ἂρ’
3776 1077 3954 1154 ἄμφι-

2262 1165 2444 1234 γνοεῖς
2474 1160 2660 1216 καὶσὺ
2705 1161 2829 1238 περὶ
2887 1165 2985 1216 τοῦ
3043 1159 3263 1232 παιδὸς,
3307 1165 3400 1219 καὶ
3444 1164 3543 1219 τὸν
3597 1163 3816 1220 ἐκείνου
3869 1168 3950 1230 01'-

2263 1270 2420 1305 νατον
2465 1250 2809 1328 ἀμφήριστον
2863 1250 3114 1328 ﬂvunt;
3165 1254 3256 1321 Μή
3311 1253 3404 1306 οὗι
3460 1251 3784 1328 χαλέπαινε
3827 1259 3952 1316 τοῖς

2261 1339 2354 1394 τὸν
2393 1339 2604 1394 νεανίαν
2635 1337 3000 1415 οἷκτείρουσιν
3033 1339 3094 1396 ἐκ
3141 1341 3238 1414 μὲν
3288 1342 3577 1417 τριγονίας
3632 1344 3740 1412 τὴν
3799 1344 3954 1418 βασι.

2263 1427 2415 1484 λείαν
2445 1427 2498 1490 ἐς
2531 1427 2689 1484 αὑτὸν
2725 1423 3150 1485 καταϐαίνουσαν
3176 1428 3398 1505 ἔχοντα,
3431 1431 3620 1507 ἀρχῆς
3685 1429 3737 1487 δ’
3804 1434 3950 1505 ὁμοῦ

2261 1515 2352 1572 καὶ
2408 1513 2672 1588 πατρίδος
2731 1517 2878 1592 παρᾶ
2935 1514 3094 1588 δίκην
3151 1516 3640 1592 ἀποπλαζόμενον,
3686 1543 3717 1572 ι»
3791 1521 3948 1576 Ἰδὼν

2261 1605 2437 1660 τοίνυν
2470 1607 2499 1660 ὁ
2553 1605 2808 1680 βασιλεὺς
2861 1607 2939 1670 ὡς
2989 1604 3147 1662 οὐδὲν
3197 1605 3426 1686 ὠφελεῖ,
3474 1609 3568 1663 καὶ
3619 1612 3728 1680 τήν
3780 1610 3950 1673 αὐτὸς

2265 1695 2430 1751 αὐτοῦ
2495 1698 2792 1768 παρουσίαν
2859 1696 2944 1752 ἐπ’
3022 1695 3202 1752 οὐδενὶ
3293 1695 3584 1772 κερδαλέῳ
3660 1707 3951 1757 κατανοῶν

2261 1785 2525 1862 γίνεσθαι,
2579 1787 2643 1841 τὰ
2683 1787 2917 1866 φρούρια
2975 1786 3286 1862 παρελθὼν,
3346 1789 3440 1844 καὶ
3490 1790 3526 1844 ἃ
3579 1791 3681 1864 μὲν
3729 1793 3949 1846 τούτων

2261 1876 2575 1946 ἀποστήσας
2618 1881 2714 1932 σοῦ
2770 1876 3024 1948 Αλεξίου,
3084 1880 3117 1932 ὁὶ
3181 1877 3242 1934 δὲ
3308 1881 3442 1955 πυρὶ
3511 1879 3804 1954 παραδοὺς
3873 1884 3949 1943 ὡς

500 1966 581 2042 τῷ
637 1967 870 2042 ἂντάρτῃ
933 1965 1326 2042 προσρέποντα,
1379 1961 1645 2020 ἐπανόδου
1704 1963 2001 2038 ἐμνήσατο,
2063 1960 2183 2020 δυσὶ
2234 1966 2334 2035 τήν
2375 1963 2716 2040 ἐκστρατείαν
2764 1968 3111 2043 περιγράψας
3159 1969 3294 2040 μησὶ
3363 1970 3457 2024 καὶ
3529 1969 3602 2024 τά
3654 1973 3797 2026 atati
3845 1973 3942 2027 τὸν

507 2059 704 2120 Κίλικα
756 2057 1002 2128 Ἀλέξιον
1061 2055 1348 2133 ἐπιτρέψας
1402 2060 1484 2128 τῷ
1541 2061 1972 2128 Καντακουζηνῷ
2031 2053 2317 2124 Μανουήλ.
2379 2055 2530 2126 Πλὴν
2592 2054 2706 2112 οόδ’
2765 2057 2928 2122 οὗτος
2991 2057 3244 2133 ἐξήνεγκε
3288 2059 3544 2133 πόλεμον
3593 2064 3712 2117 κατ’
3771 2064 3942 2118 αὐτοῦ

508 2153 784 2228 προφανῆ,
833 2147 1026 2221 καίπερ
1073 2143 1561 2218 ἐμπλατυνομένου
1620 2143 1700 2200 ἀεὶ
1749 2149 1818 2220 τῇ
1874 2143 2158 2220 ἐπικουρίᾳ
2215 2149 2310 2200 τοῦ
2366 2145 2594 2219 Πέρσου,
2646 2147 2736 2200 καὶ
2791 2151 2902 2202 τῶν
2970 2148 3051 2221 [Ρ.
3110 2150 3236 2220 298]
3293 2150 3422 2224 περὶ
3481 2151 3582 2220 τήν
3663 2153 3946 2227 Ἄγκυραν

2308 2231 2332 2252 ᾗ

509 2237 785 2316 φρουρίων
837 2234 1272 2313 φορολογοῦντος
1319 2234 1388 2290 τὰ
1434 2233 1607 2290 πάντα
1653 2235 1687 2305 ἢ
1733 2234 1799 2288 τὰ
1843 2232 2093 2291 πλείονα.
2153 2239 2252 2291 Ἦν
2304 2232 2349 2290 δ’
2395 2232 2458 2290 ἄν
2505 2234 2595 2290 καὶ
2655 2235 2812 2298 οὗτος
2870 2233 2960 2291 ἐπὶ
3021 2237 3224 2314 μακρὸν
3283 2238 3581 2313 ἀμήχανον
3639 2240 3947 2314 Ῥωμαίοις

513 2325 702 2396 κακόν,
763 2325 808 2380 εἰ
867 2325 944 2398 μή
1007 2322 1137 2386 Θεὸς
1193 2327 1462 2388 κανταῦθα
1517 2323 1700 2401 φανεὶς
1767 2323 2094 2400 καινουργὸς
2165 2325 2234 2379 τά
2315 2323 2604 2397 Ῥωμαίων
2668 2321 2895 2400 ᾤκτειρε
2971 2325 3288 2402 πράγματα·
3355 2327 3422 2382 τὸ
3498 2327 3606 2402 γάρ
3675 2332 3944 2404 φρούριον

519 2419 698 2474 εἰσιὼν
725 2415 754 2472 6'
784 2415 1066 2492 Τζούγγρα
1095 2413 1542 2488 κατονομάζεται,
1571 2413 1762 2475 νυκτὸς
1793 2411 2190 2487 ἀποσφάττεται
2223 2416 2469 2490 μαχαίρᾳ
2519 2414 2666 2491 παρά
2709 2436 2876 2477 τινος.
2919 2415 3079 2474 Οὕτω
3128 2416 3224 2490 μὲν
3267 2417 3358 2472 οὖν
3410 2419 3502 2472 καὶ
3554 2417 3718 2481 οὗτος
3771 2422 3945 2499 ἧφὰν-

515 2525 708 2578 τωται,
737 2505 872 2561 κατὰ
901 2504 1072 2579 τάχος
1102 2501 1378 2577 ἀστραπῆς
1413 2499 1615 2574 διαὶξας
1647 2500 1738 2556 καὶ
1766 2499 1934 2556 πάλιν
1965 2496 2294 2576 ἂποκρυϐεἱς
2342 2501 2377 2572 ἤ
2429 2505 2563 2578 γοῦν
2612 2501 2688 2564 ὠς
2743 2503 2803 2558 ἐκ
2846 2502 3100 2560 Κιλικίου
3149 2505 3436 2579 Κωρυκίου
3485 2511 3709 2579 πνεῦμα
3767 2496 3944 2582 βίαιον

511 2592 853 2658 διεκπνεύσας
881 2595 971 2650 καὶ
1001 2593 1162 2670 μέρος
1188 2601 1288 2664 τῆς
1323 2594 1426 2649 ὑπὸ
1475 2593 1780 2666 Ῥωμαίους
1832 2589 2182 2663 διακυκήσας,
2236 2594 2368 2666 μετὰ
2421 2594 2602 2670 βραχὺ
2652 2591 3028 2671 διεκφυσηθεὶς
3071 2595 3340 2652 ἐπαύσατο
3387 2603 3494 2667 τῆς
3541 2596 3941 2678 σφοδρότητος.

578 2691 699 2742 Hoc
733 2686 956 2743 malum
988 2701 1020 2742 e
1047 2686 1289 2757 vestigio
1321 2685 1479 2741 aliud
1526 2685 1849 2756 pessimum
1904 2689 1995 2740 est
2028 2700 2166 2740 con-

510 2781 815 2844 secutum;
866 2779 923 2831 et
974 2791 1110 2830 cum
1169 2775 1318 2829 611
1382 2773 1678 2829 exaruisse
1733 2773 1925 2828 visum
1982 2775 2158 2841 esset,

509 2865 700 2921 instar
729 2863 978 2920 letbiferi
1036 2863 1248 2919 aconiti
1293 2862 1576 2917 refloruit.
1636 2861 1780 2918 Nam
1823 2861 2158 2918 Comnenus

2346 2683 2470 2738 Ἐπὶ
2548 2680 2606 2738 δὲ
2679 2688 2760 2757 τῷ
2835 2689 2991 2756 κακῷ
3063 2687 3244 2758 τούτῳ
3316 2688 3465 2760 παρὰ
3542 2687 3724 2752 πόδας
3763 2687 3944 2766 ἕτερον

2275 2769 2634 2848 ἐπεισέφρησε
2664 2772 2961 2848 χείριστον,
3019 2771 3056 2843 ἤ
3092 2773 3307 2848 μᾶλλον
3346 2773 3508 2846 δόξαν
3556 2779 3701 2852 πρὸς
3753 2783 3941 2855 καιρὸν

2271 2859 2599 2937 ὑπορῥεῦσαι
2657 2859 2826 2916 πάλιν
2887 2856 3184 2918 ἁνέϐλαστε
3239 2864 3375 2919 κατὰ
3435 2865 3668 2921 κώνειον
3740 2879 3938 2944 φθοροο

511 2953 790 3018 Isaacius,
819 2969 853 3008 a
879 2967 994 3023 quo
1023 2954 1309 3006 vastatam
1353 2965 1483 3005 esse
1529 2952 1779 3020 Cyprum
1827 2966 2008 3021 supra
2041 2965 2147 3006 me-

2268 2951 2447 3021 ποιὸν,
2479 2950 2506 3004 6
2539 2951 2821 3024 Κομνηνὸς
2851 2951 3009 3014 οὗτος
3045 2953 3332 3025 ἰσαάκιος,
3364 2954 3425 3018 ὅς
3461 2953 3516 3010 ἐν
3555 2961 3678 3019 τοῖς
3727 2955 3936 3030 ἔμπου-

510 3041 889 3103 moravimus,
921 3043 1128 3110 captus
1159 3037 1392 3108 quidem
1440 3037 1550 3092 fuit
1597 3054 1630 3092 a
1657 3052 1790 3109 rege
1837 3038 2063 3110 Anglia;
2095 3037 2154 3095 in

515 3128 886 3184 Palaestinam
921 3127 1250 3198 navigante,
1285 3131 1342 3181 et
1373 3142 1476 3197 pro
1505 3125 1820 3182 verberone
1851 3145 2014 3184 servo
2039 3127 2158 3184 cui-

509 3217 645 3272 dam
695 3215 960 3289 populari
992 3215 1122 3287 ejus
1166 3215 1440 3282 donatus,
1495 3215 1652 3271 fama
1703 3215 1920 3288 ubique
1950 3233 2158 3289 sparsa

510 3303 730 3359 malum
764 3302 1059 3358 hominem
1093 3300 1244 3358 male
1304 3301 1568 3374 periisse.
1601 3300 1714 3357 Sed
1741 3308 1805 3358 ut
1835 3319 1926 3359 res
1955 3309 2156 3376 postea

508 3389 842 3458 declaravit,
875 3391 1002 3448 sola
1029 3391 1182 3447 fama
1231 3393 1500 3446 mortuus
1545 3389 1774 3456 revixit,
1821 3396 1880 3448 et
1907 3391 2154 3448 vinculis

511 3485 569 3538 et
597 3495 825 3538 carcere
855 3480 1033 3554 (quod
1067 3480 1292 3535 utinam
1334 3479 1546 3536 factum
1589 3495 1702 3534 nun
1735 3482 1910 3552 esset)
1941 3479 2154 3538 libera-

506 3573 604 3626 tus
654 3568 962 3642 pristinam
1020 3567 1241 3641 imperii
1297 3569 1678 3639 cupiditatem
1735 3576 1988 3624 renovat.
2046 3569 2150 3634 Qui

507 3673 640 3714 cum
669 3657 1062 3732 imperatricis
1091 3655 1789 3729 Euphrosynmimpulsu,
1822 3673 1998 3730 quam
2026 3674 2156 3730 pro-

504 3747 724 3820 pinqua
754 3748 1101 3820 cognatione
1132 3745 1702 3817 attingebat,crebris
1730 3745 1911 3800 Alexii
1943 3745 2154 3805 litteris

505 3840 893 3902 revocaretur,
927 3835 1086 3890 illam
1137 3834 1534 3890 conditionem
1585 3850 1715 3890 cum
1750 3835 2153 3906 indignatione

501 3943 747 4000 prorsus
778 3926 1110 3998 respuebat,
1143 3941 1205 3981 se
1256 3925 1567 3997 imperare,
1619 3941 1732 3982 non
1765 3941 1964 3996 parere
1995 3927 2151 3981 didi-

497 4017 674 4086 cisse,
697 4020 755 4072 et
785 4016 1018 4083 ducem,
1053 4031 1167 4069 non
1220 4013 1471 4068 militem
1523 4029 1696 4086 agere
1737 4015 1964 4071 novisse
1991 4017 2150 4072 affir-

499 4121 694 4162 mans.
730 4104 982 4160 Proinde
1013 4103 1346 4174 frequentes
1377 4101 1601 4158 litteras
1633 4103 1702 4158 ad
1738 4103 1982 4160 Asianos
2016 4122 2150 4177 pro-

499 4210 660 4251 ceres
711 4193 908 4261 mittit,
946 4207 1074 4262 qute
1125 4190 1271 4247 nihil
1321 4207 1434 4247 non
1493 4191 1738 4247 vetitum
1799 4193 2146 4262 suadebant,

499 4283 648 4340 nihil
682 4299 796 4339 non
830 4281 1224 4352 a'majoribus
1271 4280 1608 4336 institutum
1653 4281 1960 4353 abrogant,
1993 4281 2140 4338 nihil

492 4389 610 4429 non
641 4370 1180 4442 obtemperantibus
1232 4369 1668 4442 promittebant,
1719 4369 1768 4427 si
1818 4387 1934 4443 quo
1967 4371 2139 4428 modo

493 4460 727 4532 imperii
759 4460 996 4516 titulum
1029 4463 1507 4530 consequeretur.
1560 4458 1775 4516 Verum
1811 4467 1869 4516 ut
1899 4459 2038 4516 olim
2071 4477 2140 4518 ea

492 4551 830 4607 sectabatur
858 4564 990 4619 quis
1015 4547 1252 4618 assequi
1283 4564 1398 4604 non
1455 4553 1702 4622 poterat,
1735 4553 1790 4606 et
1821 4565 1888 4606 ea
1921 4550 2138 4606 frustra

493 4637 846 4695 moliebatur
875 4653 1002 4708 quas
1044 4637 1102 4690 in
1151 4637 1284 4692 falis
1316 4653 1430 4694 non
1478 4642 1664 4708 erant,
1695 4639 1777 4694 ita
1807 4643 1926 4694 tum
1959 4639 2134 4696 etiam

487 4727 685 4784 irritos
714 4731 959 4783 conatus
989 4725 1118 4796 ejus
1148 4729 1391 4782 eventus
1423 4727 1576 4784 012
1607 4727 1886 4799 coarguit.
1939 4731 2134 4800 Neque

487 4817 640 4875 enim
676 4817 849 4873 Persa
881 4815 1192 4889 postulatis
1221 4817 1352 4887 ejus
1373 4816 1582 4872 annuit
1610 4817 1906 4887 (cupiebat
1937 4824 2132 4875 autem

481 4924 616 4966 eum
653 4907 934 4964 Romanis
981 4905 1202 4962 bellum
1254 4905 1598 4960 inferentem
1663 4921 1796 4959 cum
1855 4906 2134 4964 omnibus

480 4999 667 5072 copiis
698 4997 822 5054 suis
855 4994 1044 5067 sequi,
1076 4999 1133 5050 et
1163 4995 1291 5066 ejus
1314 4994 1505 5064 jussis
1537 4994 1816 5050 omnibus
1837 4995 2133 5068 obtempe-

479 5090 851 5161 rare),neque
881 5085 1196 5158 quisquam
1230 5098 1432 5138 eorum
1463 5083 1532 5138 ad
1565 5099 1713 5154 quos
1740 5082 1886 5138 clam
1911 5085 2130 5142 scribe-

479 5179 582 5236 bat
611 5178 900 5248 benignas
927 5189 1100 5230 aures
1130 5173 1180 5228 ei
1215 5171 1479 5245 praebuit.
1512 5171 1653 5236 Quis
1683 5171 1839 5228 enim
1875 5172 2128 5231 belluam

477 5264 916 5340 sanguinariam
953 5261 1124 5336 paulo
1174 5267 1304 5335 post
1352 5262 1411 5317 in
1462 5261 1669 5317 faciem
1705 5261 2040 5318 invasurum
2073 5271 2130 5320 et

477 5355 867 5412 laceraturam
916 5351 1434 5424 scqusretur?aut
1503 5366 1635 5406 cum
1677 5355 1959 5408 venenato
2005 5369 2126 5410 ser-

479 5450 652 5516 pente
681 5442 998 5499 amicitiam
1049 5441 1450 5511 constitueret,
1485 5441 1609 5512 qui,
1657 5440 1778 5498 sive
1809 5440 2126 5514 amplecte-

477 5548 624 5602 rere,
661 5531 873 5588 lethale
903 5530 1061 5586 virus
1111 5534 1420 5599 evomeret,
1473 5533 1593 5587 sive
1640 5529 1698 5586 in
1733 5529 1866 5587 sinu
1901 5531 2124 5590 foveres

2261 3039 2378 3094 σθεν
2416 3035 2659 3116 βιϐλίοις
2690 3040 2881 3115 ἐῤῥὲθη
2921 3063 3016 3114 μοι
3048 3040 3132 3097 ὅτι
3181 3041 3452 3118 ἐγκρατὴς
3503 3045 3620 3118 ἅμα
3669 3045 3764 3101 καὶ
3819 3048 3932 3104 ὁλε-

2257 3130 2364 3203 τῆρ
2415 3135 2516 3198 τῆς
2573 3133 2683 3184 τῶν
2732 3129 2984 3206 Κυπρίων
3043 3132 3213 3202 νήσου
3271 3131 3569 3208 γενόμενος
3627 3134 3781 3190 ἑάλω
3839 3138 3930 3210 μὲν

2259 3217 2398 3292 πρὸς
2428 3221 2524 3274 τοῦ
2571 3217 2740 3293 ῥηγὸς
2793 3217 3086 3296 Ἰγγλινίας
3133 3218 3186 3282 ἐς
3231 3219 3611 3292 Παλαιστίνην
3677 3225 3928 3304 ἆφικνου.

2263 3305 2428 3380 μένου
2479 3304 2821 3380 διαποντίου,
2888 3308 2980 3362 καὶ
3047 3309 3124 3371 ὡς
3192 3305 3390 3371 δοῦλος
3459 3313 3759 3387 μαστιγίας
3824 3316 3920 3370 τινί

2255 3399 2364 3451 τῶν
2415 3394 2714 3476 ὁμοφύλων
2763 3395 2948 3470 ἐκείνῳ
2997 3395 3426 3474 ἂποκεχάριστο.
3479 3400 3585 3456 Καὶ
3647 3402 3716 3471 ἦν
3765 3405 3921 3459 ᾶπαν-

2255 3495 2403 3566 ταχῆ
2469 3485 2792 3562 διαδόσιμος
2850 3489 2928 3552 ὡς
2985 3487 3314 3565 κατέστρεψε
3401 3493 3497 3548 τὸν
3560 3493 3683 3568 βίον
3743 3501 3918 3558 κακῶς

2258 3576 2287 3630 6
2343 3577 2533 3639 κακός·
2595 3579 2756 3654 φήμῃ
2818 3575 2887 3648 δ’,
2968 3580 3044 3642 ὡς
3119 3575 3386 3634 δέδεικται
3456 3582 3706 3657 ὕστερον,
3786 3586 3917 3660 μόνη

2256 3660 2520 3729 ἀποϐιοὺς
2565 3666 2654 3721 καὶ
2687 3663 2901 3738 δεσμῶν
2953 3665 3292 3744 ἀπαλλαγεὶς
3349 3668 3441 3724 καὶ
3492 3677 3734 3748 φρουρᾶς
3781 3673 3912 3729 duo-

2259 3751 2466 3822 λυθεὶς,
2498 3755 2573 3816 ὡς
2627 3758 2702 3826 μὴ
2759 3750 2962 3834 ὤφελε,
3010 3756 3105 3811 τὸν
3159 3753 3399 3812 παλαιὸν
3458 3758 3752 3816 ἀναθάλπει
3811 3769 3911 3831 τῆς

2254 3841 2571 3916 τυραννίδος
2632 3841 2827 3918 ἔρωτα.
2891 3843 3240 3904 ’Λνεκαλεῖτο
3301 3849 3400 3919 μὲν
3461 3845 3557 3903 οὖν
3623 3851 3752 3924 πρὸς
3805 3855 3906 3906 τοῦ

2259 3931 2528 4006 βασιλέως
2577 3931 2824 4007 Ἀλεξίου
2874 3931 2962 3990 διὰ
3008 3935 3350 4012 γραμμάτων
3403 3943 3648 4012 συχνῶν,
3691 3937 3906 4014 Enyo-5-

2257 4042 2355 4092 σης
2383 4021 2540 4077 αὐτὸν
2573 4023 2650 4086 εἰς
2719 4027 2881 4078 τοῦτο
2937 4029 3038 4094 τῆς
3099 4021 3385 4088 ϐασιλίδος
3445 4026 3803 4105 Εὐφροσόνης
3860 4026 3908 4084 δ’

2255 4109 2322 4180 ἤν
2352 4110 2415 4166 ἓκ
2458 4111 2763 4186 συγγενείας
2821 4111 3089 4188 ἐγγύτητα
3135 4115 3286 4190 εἶχεν
3330 4115 3469 4185 αὕτη
3532 4117 3672 4192 πρὸς
3737 4119 3906 4174 Ἰσαά-

2255 4219 2392 4257 κιον.
2425 4202 2486 4258 Ὀ
2519 4197 2576 4256 δὲ
2627 4198 2982 4257 ἀπεδυσπέτει
3032 4201 3125 4256 καὶ
3181 4203 3320 4278 πρὸς
3380 4203 3556 4275 μόνης
3616 4207 3904 4282 ἠγανάκτει

2173 4311 2218 4376 D
2251 4293 2360 4344 τῶν
2413 4288 2887 4363 ἐπιστελλομένων
2947 4289 3236 4368 ἐνήχησιν,
3289 4291 3621 4368 βασιλευειν,
3696 4295 3760 4350 οὗ
3810 4299 3909 4370 μὴν

2254 4376 2629 4454 βασιλεύεσθαι
2669 4378 2844 4454 λέγων
2896 4376 3116 4448 εἰδέναι,
3181 4381 3274 4435 καὶ
3330 4377 3527 4438 ἄλλων
3584 4383 3906 4460 ἐξηγεῖσθαι,

2249 4465 2444 4543 ἢγοῦν
2503 4466 2707 4546 ἑτέροις
2765 4467 3060 4526 πείθεσθαι.
3120 4471 3310 4546 Συχνὰ
3364 4471 3549 4527 τοίνυν
3612 4475 3907 4550 γράμματα

2249 4557 2505 4611 συνετίθει
2553 4556 2688 4631 πρὸς
2745 4558 2872 4620 τοὺς
2923 4564 3026 4628 τῆς
3079 4555 3386 4620 Ἀσιάτιδος
3443 4567 3547 4636 γῆς
3602 4563 3908 4637 πρωτεύον-

2245 4667 2365 4716 τας,
2415 4646 2468 4701 τί
2514 4646 2609 4719 μὶν
2650 4650 2759 4702 τῶν
2814 4643 3196 4723 ἀπειρημένων
3256 4647 3354 4704 οὐκ
3407 4649 3801 4726 εἷσηγούμενα,
3857 4655 3904 4709 τί

2247 4731 2305 4788 δὲ
2346 4737 2450 4788 τῶν
2488 4734 2840 4790 καθεστώτων
2894 4733 3025 4810 οὐχὶ
3079 4739 3352 4806 κινοῦντα,
3405 4738 3494 4792 καὶ
3557 4739 3733 4794 πάντα
3790 4745 3903 4802 τοῖς

2243 4823 2594 4897 πειθομένοις
2629 4818 2989 4900 βραϐεύοντα,
3055 4825 3104 4880 εἲ
3154 4846 3272 4888 πως
3319 4829 3416 4881 τοῦ
3463 4833 3567 4897 τῆς
3627 4829 3904 4903 βασιλείας

2244 4909 2514 4984 ὀνόματος
2569 4911 2919 4986 ἐπιτεῦξεται.
2999 4913 3175 4971 Ἀλλὰ
3255 4915 3348 4970 καὶ
3433 4918 3630 4991 πρώην
3687 4915 3902 4973 διώκων

2243 5000 2309 5070 ἦν
2339 4999 2405 5056 τὰ
2435 5000 2694 5076 ἀκίχητα,
2751 5001 2840 5056 καὶ
2889 5001 2923 5056 ἃ
2977 5003 3052 5074 μὴ
3103 5004 3232 5065 Θεὸς
3283 4998 3672 5078 βεϐούλευται,
3721 5003 3902 5062 διακε·

2241 5095 2342 5159 vi]:
2379 5091 2803 5165 μηχανώμενος·
2837 5091 2929 5146 καὶ
2959 5092 3084 5146 τότε
3137 5093 3349 5164 ὁμοίως
3398 5091 3678 5172 ἠλέγχετο
3727 5096 3900 5168 μάτην

2245 5175 2683 5258 διατεχνώμενος
2739 5179 2806 5234 τά
2862 5181 3116 5251 ἂνήνυτα.
3172 5179 3312 5238 Οὔτε
3367 5183 3468 5256 γάρ
3528 5183 3680 5256 αὐτῷ
3729 5205 3899 5260 προσ-

2244 5267 2700 5344 έσχενὸηέρσης
2758 5265 2939 5344 ὥσπερ
3001 5269 3244 5346 ἱμείρετο
3305 5269 3584 5347 (ἐγλίχετο
3643 5271 3712 5341 δὴ
3787 5275 3899 5347 μεθ’

2241 5355 2380 5428 ’ὀλης
2423 5364 2526 5426 τῆς
2576 5357 2778 5419 οἰκείας
2820 5357 3012 5433 ἰσχύος
3056 5355 3276 5414 ἕπεσθαί
3325 5361 3378 5414 οἱ
3426 5362 3565 5416 κατὰ
3608 5362 3894 5436 Ῥωμαίων

2240 5447 2606 5523 στρατεῦοντι,
2657 5446 2748 5502 καὶ
2802 5448 2958 5502 πάνθ’
3011 5448 3184 5503 ὁπόσα
3241 5447 3546 5506 ἐπιτάττειν
3601 5446 3721 5528 ἔχει
3781 5473 3894 5508 ποι-

2238 5539 2366 5615 εῖν),
2401 5532 2524 5592 οὔτε
2569 5538 2650 5598 οἷς
2700 5535 2993 5594 ἐπέστελλε
3035 5533 3279 5614 κρύϐδην
3334 5538 3426 5602 οὗς
3479 5561 3567 5604 τις
3626 5539 3886 5620 ὑπέσχετο
