4116 6206
282 324 402 387 837

1206 330 1308 389 DE
1355 328 1640 392 ALEXIO
1687 328 1978 392 ISAACII
2023 329 2319 392 ANGELI
2363 332 2490 391 FR.
2540 330 2681 393 LIB.
2731 333 2781 395 Ι.

3574 347 3693 407 838

275 454 544 525 εὸεικτον,
608 453 757 510 ἀλλὰ
815 457 1009 520 πάντες
1063 457 1138 521 ὡς
1188 457 1420 549 Δἀσπίδες
1497 461 1586 523 οἷς
1643 458 1811 533 ἐπῇδε
1840 460 1935 523 τὰς

2048 461 2354 533 pestiferos
2385 463 2588 521 dentes
2622 464 2932 538 inﬁgeret?
2955 467 3263 528 Enimvero
3294 479 3345 528 et
3371 472 3464 530 hic
3515 479 3694 549 paulo

273 546 443 607 ἀκοάς
475 544 824 622 ἐπέφραττον,
858 546 954 608 Τίς
1004 547 1109 623 γὰρ
1162 543 1225 602 ἅν
1275 549 1455 622 θηρίῳ
1516 548 1931 621 κατηκολούθη-

277 656 367 690 σεν
397 629 707 711 αἱμοὸόρῳ,
744 635 863 707 μετ’
891 634 953 690 οὐ
986 634 1137 691 πολὺ
1177 643 1295 700 ταῖς
1328 635 1514 713 ὄψεσιν
1555 637 1932 712 έμπηδήσοντί

276 745 340 780 τε
382 723 471 779 καὶ
540 725 933 798 ἀναιρήσοντι;
1074 728 1190 799 μετ’
1239 724 1414 806 ὄφεως
1463 723 1692 783 ίοϐόλου
1746 726 1932 806 φιλίαν

269 812 549 883 συνέθετο,
576 812 672 867 κᾶν
730 813 1138 890 προσπλέκοιτό
1186 836 1268 878 τις
1319 817 1488 890 αὐτῷ,
1538 818 1628 873 τὸν
1688 819 1771 873 ἱὸν
1823 817 1931 889 ἒξε-

275 907 515 975 μοῦιτος
550 906 869 976 θανάσιμον,
902 900 997 958 κᾶν
1024 903 1074 959 έν
1108 903 1303 979 κόλπῳ
1364 902 1662 981 ὃιαθάλπῃ,
1711 906 1936 981 ὀλέθρια

276 989 569 1054 δάκνοντος
597 1011 612 1061 ;
647 992 800 1062 Πλήν
834 990 978 1048 ἀλλὰ
1008 994 1100 1048 καὶ
1131 994 1293 1058 οὗτος
1324 996 1463 1051 κατά
1491 997 1633 1051 θεῖον
1686 993 1933 1072 ἐξέρρηξε

2044 553 2178 623 post
2209 557 2474 609 mortuus
2503 554 2574 609 ad
2598 558 2836 612 caeteros
2871 563 3148 629 tyrannos
3178 560 3279 616 Dei
3314 567 3456 620 nutu
3492 567 3690 624 subla-

2043 645 2131 696 tos
2156 640 2320 709 abiit,
2350 641 2695 700 mirabiliter
2715 645 2978 716 quidem,
3007 649 3107 703 sed
3142 666 3256 706 non
3303 652 3430 708 sine
3469 655 3693 713 instru-

2045 730 2258 784 mentis
2288 729 2539 787 salutem
2574 733 2778 789 all'erre
2800 734 2977 790 soliti.
3012 738 3321 795 Ferebatur
3348 747 3538 799 autem
3578 764 3690 803 non

2044 819 2389 875 naturaliter
2408 822 2507 876 sed
2542 837 2757 878 veneno
2800 841 2901 896 per
2941 826 3274 897 pincernam
3312 834 3542 904 magnis
3573 833 3687 891 lar-

2044 907 2361 979 gitionibus
2391 911 2460 965 ab
2504 910 2631 983 ipso
2689 912 3035 986 imperatore
3083 926 3427 992 corruptum
3486 926 3684 997 propi-

2048 1003 2183 1054 nato
2211 1000 2528 1058 interiisse.

283 1085 424 1156 μετά
458 1082 639 1159 βραχὺ
668 1083 732 1138 τὸ
762 1081 1022 1159 ψυχίδιον
1067 1085 1156 1141 καὶ
1207 1092 1326 1148 τοῖς
1387 1084 1606 1150 λοιποῖς
1654 1086 1952 1162 προσετέθη
2000 1088 2282 1162 τυράννοις
2332 1089 2421 1153 οὕς
2470 1091 2594 1167 χεὶρ
2644 1094 2846 1167 Κυρίου
2899 1096 3153 1169 ἠφάνισε,
3203 1098 3298 1154 κᾶν
3350 1101 3453 1158 οὐκ
3506 1102 3693 1170 εἷ’ωθεν

283 1174 505 1246 ἆμέσως
556 1178 734 1229 ποιεῖν
786 1175 820 1228 ἅ
857 1180 1143 1230 καινοποεῖ
1204 1173 1481 1239 πολλάκις
1532 1179 1800 1252 σωτήρια.
1854 1173 2049 1246 ’ῌδετο
2099 1175 2157 1232 δὲ
2217 1176 2359 1252 μηδὲ
2418 1186 2631 1259 φυσικῷ
2689 1185 2898 1258 θανάτῳ
2951 1184 3190 1260 δαμῆναι
3248 1188 3339 1246 τὸν
3393 1191 3687 1267 ἀλιτήριον

276 1260 431 1318 ἄλλά
472 1262 746 1340 φαρμάκῳ
806 1264 890 1336 [Ρ.
951 1266 1077 1336 299]
1135 1262 1485 1321 ἀπολωλέναι
1543 1266 2035 1344 κυλικοφορηθέντι
2092 1268 2240 1343 παρά
2295 1290 2438 1331 τινος
2496 1272 2757 1348 μεγάλοις
2818 1272 3016 1349 δώροις
3068 1275 3493 1352 ἐπιῤῥωσθέντος
3547 1260 3691 1360 πρὸς

277 1351 512 1427 τοῦργον
546 1351 648 1407 ὑπὸ
679 1356 776 1406 τοῦ
810 1352 1080 1427 βασιλέως
1113 1355 1300 1428 αὐτοῦ.

358 1437 424 1499 δ’.
457 1441 574 1497 Ἐπὶ
607 1445 737 1496 πᾶσι
769 1438 814 1496 δ’
848 1442 931 1505 οῖς
963 1441 1208 1516 Ἀλέξιος
1234 1442 1555 1520 ἐπειράσατο
1586 1443 1931 1521 βασιλεύσας,

281 1527 341 1583 εἷ’
384 1551 503 1591 πως
562 1530 840 1585 σπείσαιτο
904 1529 1172 1607 Βλάχοις,
1231 1534 1322 1588 καὶ
1368 1529 1621 1609 ¹πρέσϐεις
1678 1533 1933 1610 πέπομφε

2114 1447 2166 1503 4.
2201 1450 2477 1506 Caeterum
2500 1451 2741 1508 Alexius
2766 1454 3268 1528 potitusimperio,
3291 1460 3683 1519 missisadPe-

2041 1537 2199 1592 trum
2230 1542 2287 1593 et
2318 1540 2562 1595 Asanem
2594 1539 2827 1613 legatis,
2854 1558 3056 1614 pacem
3088 1561 3220 1601 cum
3243 1547 3474 1604 Blaehis
3497 1550 3684 1607 facere

282 1619 428 1693 πρὸς
458 1619 550 1673 τὸν
611 1620 815 1695 Πέτρον
874 1618 964 1674 καί
1020 1621 1113 1676 τὸν
1173 1622 1360 1683 Ἀσάν,
1412 1620 1671 1698 Ἐπέράνε
1718 1620 1765 1677 δ’
1825 1618 1940 1677 οὐδ’

2050 1625 2296 1681 studuit.
2330 1626 2439 1682 Sed
2465 1606 2683 1685 frustra
2712 1628 2759 1684 is
2791 1606 3038 1689 conatus
3069 1633 3175 1689 fuit
3196 1634 3269 1689 ob
3301 1639 3620 1707 superbum
3641 1606 3701 1695 et

274 1706 431 1771 ὅλως
456 1709 558 1778 τὴν
589 1709 810 1783 εἷρήνην
856 1710 950 1763 καὶ
996 1710 1093 1772 τὰς
1145 1707 1398 1779 σπονδὰς,
1431 1712 1524 1766 οἷα
1569 1715 1679 1766 τῶν
1729 1708 1941 1784 ἀνδρῶν

270 1797 492 1851 τούτων
563 1796 899 1873 ὑπερόγκους
976 1798 1072 1860 τὰς
1171 1798 1492 1874 ἀποκρίσεις
1549 1799 1938 1873 ποιησαμένων

275 1885 503 1939 κάκεῖνα
578 1886 963 1959 προσθεμένων
1040 1887 1174 1961 ὑπὲρ
1249 1887 1471 1962 εἰρήνης
1545 1890 1579 1943 ἅ
1642 1887 1941 1961 Ῥωμαίοις

276 1971 523 2028 ἀδύνατά
577 1994 635 2029 τε
692 1974 784 2029 καὶ
841 1975 1009 2048 ἃτιμα
1077 1974 1345 2047 ’δήπουθεν
1408 1980 1499 2047 ἦν.
1568 1977 1792 2052 Ἀμέλει
1857 1999 1943 2034 τοι

278 2068 384 2119 τοῦ
421 2061 690 2138 βασιλέως
723 2065 860 2120 κατὰ
886 2068 985 2134 τὴν
1016 2061 1090 2119 ἕω
1124 2060 1495 2142 διατρίϐοντος
1524 2062 1944 2142 προσϐάλλουσι

285 2157 411 2213 τοῖς
442 2152 569 2228 περὶ
614 2154 712 2215 τὰς
754 2149 961 2229 Σέρῥας
1016 2152 1411 2230 Βουλγαρικοῖς
1465 2155 1682 2228 θέμασι,
1735 2158 1825 2211 καὶ
1881 2157 1943 2211 τὸ

286 2241 654 2314 αὖλιζόμενον
716 2240 885 2297 ἐκεῖσε
941 2243 1245 2315 Ῥωμαϊκὸν
1307 2244 1586 2320 σύνταγμα
1648 2244 1946 2315 ἡττηκότες

283 2328 502 2393 ἂλλους
530 2352 589 2385 τε
630 2329 919 2395 πλείστους
972 2336 1151 2394 κακῶς
1200 2332 1538 2407 εῗργάσαντο,
1586 2333 1676 2389 καὶ
1732 2331 1798 2405 δὴ
1850 2335 1943 2391 καὶ

282 2426 457 2480 αὐτὸν
535 2422 683 2479 εἷλον
758 2424 989 2498 ζωγρίαν
1065 2425 1157 2479 τὸν
1234 2426 1528 2496 Ἀσπιέτην
1572 2424 1842 2499 Ἀλέξων,
1883 2426 1942 2489 ὃς

282 2516 558 2589 ἀρχηγεῖν
596 2514 899 2587 Ῥωμαίοις
956 2509 1373 2587 προύϐέϐλητο.
1432 2518 1702 2590 Κρατοῦσι
1757 2514 1815 2570 δὲ
1852 2517 1942 2571 καὶ

278 2602 519 2659 πολλῶν
551 2599 611 2657 ἔκ
639 2607 746 2658 τῶν
794 2602 961 2657 ἐκεῖθι
1015 2603 1312 2681 φρουρίων,
1368 2604 1456 2658 καὶ
1519 2603 1656 2659 αὐτὰ
1711 2605 1807 2677 μὲν
1862 2604 1941 2668 εἷς

281 2693 354 2748 τὸ
396 2690 682 2766 ἐπικρατὶς
730 2690 1125 2769 ἠσφαλίσαντο,
1176 2691 1330 2747 αὐτοὶ
1362 2690 1408 2747 δ’
1439 2690 1708 2763 ἐπανῆκον
1760 2691 1944 2749 οἷ’καδε

282 2780 446 2838 λείαν
480 2780 817 2852 ἐληλακότες
846 2780 909 2835 οὐ
940 2782 1278 2855 σταθμητήν.
1320 2780 1584 2844 Βασιλεὺς
1616 2780 1673 2837 δὲ
1726 2783 1802 2856 μή
1849 2784 1938 2841 καὶ

283 2870 586 2945 μετέπειτα
629 2871 878 2926 τοιοῦτόν
924 2892 976 2925 τι
1037 2868 1399 2945 διαπραχθείη
1452 2871 1937 2946 προμηθούμενος,

2053 1713 2209 1770 ferox
2240 1715 2628 1773 Barbarorum
2663 1733 3009 1790 responsum
3043 1725 3099 1778 et
3154 1723 3522 1783 conditiones
3589 1730 3695 1783 Ro-

2053 1803 2619 1876 manisinhonestas
2648 1812 2706 1863 et
2727 1807 3143 1869 intolerabiles.
3190 1817 3340 1868 Dum
3365 1819 3558 1871 autem
3595 1817 3703 1872 im-

2053 1892 2351 1963 peratoria
2382 1895 2616 1951 Oriente
2646 1903 2937 1967 versatur,
2970 1899 3028 1954 in
3075 1899 3454 1973 Bulgaricum
3489 1921 3695 1975 agrum

2043 1980 2431 2051 juxtaSerras
2464 1983 2799 2042 incursione
2853 1988 3026 2057 facta,
3085 1989 3351 2063 victaque
3400 1994 3553 2048 M3
3610 1994 3694 2051 le-

2050 2070 2221 2140 gione
2241 2071 2521 2138 Romana,
2555 2078 2679 2129 tum
2722 2073 2867 2131 alios
2934 2076 3222 2148 plurimos
3283 2080 3430 2136 male
3478 2087 3693 2139 tracta-

2051 2164 2208 2228 runt,
2233 2163 2361 2215 tum
2394 2160 2587 2232 ipsum
2622 2161 2840 2219 Ducam
2872 2164 3138 2221 Atexium
3195 2168 3488 2239 Aspietem
3523 2185 3692 2241 cepe-

2051 2253 2209 2315 runt,
2269 2248 2567 2321 multaque
2642 2251 2885 2309 castella
2966 2264 3410 2327 expugnarunt;
3476 2258 3694 2330 quibus

2051 2336 2300 2395 ﬁrmatis
2332 2355 2460 2395 cum
2495 2339 2910 2397 innumerabili
2960 2344 3151 2414 praeda
3219 2344 3459 2402 domum
3509 2347 3697 2403 redie-

2053 2435 2205 2482 runt.
2238 2428 2557 2504 Imperator
2586 2446 2719 2486 vero
2754 2434 3064 2486 utcaveret
3095 2449 3165 2488 ne
3189 2434 3328 2504 quid
3384 2434 3579 2492 simile
3634 2438 3692 2493 in

2050 2521 2343 2588 posterum
2408 2518 2718 2588 accideret,
2804 2520 3092 2577 lsaacium
3168 2522 3693 2582 sebastocratorem

2049 2620 2331 2677 generum
2366 2623 2538 2662 suum
2561 2623 2695 2663 cum
2736 2608 2917 2679 justis
2949 2608 3132 2682 copiis
3190 2611 3439 2684 ablegat.
3473 2617 3597 2680 Qua
3624 2616 3694 2671 de

2050 2710 2228 2751 causa
2240 2711 2374 2751 cum
2390 2694 2587 2751 Blachi
2602 2697 3383 2768 aquibusdammonerentur
3397 2707 3695 2760 netemere

2048 2787 2107 2840 et
2126 2782 2561 2840 conﬁdenterin
2595 2785 2889 2843 Romanos
2910 2786 3223 2857 irruerent,
3259 2790 3361 2845 sed
3422 2791 3694 2848 militaris

2048 2872 2225 2929 etiam
2255 2871 2502 2929 solertiae
2545 2878 2602 2929 et
2617 2874 2735 2929 doli
2769 2874 3176 2933 meminissent
3218 2878 3376 2948 (nam
3411 2879 3615 2936 audire
3634 2896 3697 2936 se

283 2962 414 3035 μεθ’
443 2962 633 3030 ἱκανῆς
688 2958 953 3034 ἐξέπεμψε
1008 2964 1259 3034 στρατιᾶς
1306 2960 1398 3015 τὸν
1452 2961 1647 3016 ἑαυτοῦ
1695 2957 1944 3039 γαμϐρὸν

2056 2962 2348 3034 imperare
2378 2964 2563 3018 virum
2578 2962 2993 3021 bellicorumet
3022 2965 3200 3023 fratre
3220 2966 3392 3040 longe
3422 2976 3696 3041 praestan-

276 3050 561 3107 Ἰσαάκιον
619 3052 711 3106 τὸν
779 3048 1271 3127 σεϐαστοκράτορα,
1341 3051 1431 3107 ὅτε
1496 3049 1563 3123 δὴ
1625 3051 1715 3107 καὶ
1782 3054 1944 3110 Ἀσὰν

278 3141 431 3215 πρὸς
478 3140 605 3201 τοὺς
673 3141 981 3215 εἰσάγοντας
1044 3139 1349 3214 παραίνεσιν
1420 3139 1676 3216 Βλάχους
1746 3140 1943 3215 μηκέτι

278 3230 387 3294 τὰς
459 3231 597 3285 κατὰ
670 3228 959 3302 Ῥωμαίων
1034 3227 1344 3292 έπελεῦσεις
1422 3232 1556 3303 μετά
1603 3230 1940 3307 θερμότητος

274 3321 555 3389 τίθεσθαι,
615 3320 920 3393 μεμνῆσθαι
980 3315 1037 3373 δὲ
1093 3317 1185 3373 καὶ
1255 3317 1500 3391 μεθόδων
1569 3326 1942 3396 στρατηγικῶν

280 3408 511 3485 (ἄρχειν
546 3409 672 3484 γὰρ,
712 3408 788 3469 ὡς
827 3409 1209 3474 πυνθάνονται,
1258 3404 1425 3482 ἄνδρα
1485 3406 1790 3483 πολεμικὸν
1850 3410 1941 3466 καὶ

286 3496 420 3553 λίαν
446 3501 544 3552 τοῦ
572 3494 814 3575 ἀδελφοῦ
846 3496 1320 3574 προφερέστερον),
1354 3497 1487 3570 μετὰ
1513 3497 1733 3572 κόμπου
1772 3498 1940 3554 ἀπεκ-

284 3586 479 3661 ρίνατο
512 3586 589 3658 μή
614 3583 723 3640 δεῖν
746 3584 829 3640 ἀεὶ
852 3590 970 3646 ταῖς
996 3586 1206 3661 φήμαις
1242 3583 1535 3640 ἐπικλίνειν
1558 3587 1620 3641 τὸ
1652 3585 1767 3659 οὖς,
1802 3589 1942 3661 μήτε

275 3674 330 3731 δ’
362 3676 425 3730 ὅν
455 3671 701 3750 ἀνδρεῖον
732 3673 867 3745 αὕτη
901 3670 1202 3748 διαθρυλεῖ,
1237 3674 1311 3736 ὡς
1328 3672 1438 3744 ἤδη
1473 3675 1563 3730 καὶ
1587 3674 1835 3732 τοιοῦτον
1852 3677 1940 3732 ὅν-

270 3787 348 3822 τα
378 3768 572 3820 τοῦτον
609 3760 1035 3841 κατεπτηχέναι,
1068 3762 1183 3817 οὔθ’
1236 3762 1295 3817 ὃν
1353 3760 1567 3834 διέξεισι
1621 3762 1801 3821 δειλὸν
1849 3765 1940 3821 καὶ

277 3851 575 3919 ἀνάλκιδα,
616 3853 723 3927 πρὸ
780 3859 882 3922 τῆς
942 3851 1105 3927 πείρα
1160 3851 1425 3928 ἀθερίζειν
1478 3854 1567 3909 καὶ
1617 3853 1940 3929 ἀποπέμπε-

286 3956 437 4016 σθαι,
494 3940 643 3997 ἀλλὰ
697 3943 800 4011 τήν
865 3942 958 4014 μὲν
1014 3943 1206 4020 φήμην
1266 3943 1341 4015 μὴ
1401 3941 1629 4016 πάμπαν
1688 3944 1945 4021 ἀποστρέ-

280 4035 503 4114 φεσθαι,
553 4031 635 4087 ’ὁτι
685 4027 815 4105 μηδ’
861 4030 915 4092 ὲς
973 4026 1112 4085 ἅπαν
1164 4027 1496 4099 ἀπόλλυται,
1554 4033 1645 4087 καὶ
1707 4033 1943 4106 μάλιστα

279 4118 351 4188 ἦν
387 4119 638 4175 πλεῖστοι
698 4118 824 4175 λαοὶ
882 4122 1234 4197 φημίζουσιν,
1292 4116 1510 4196 ἐπάγειν
1560 4117 1608 4175 δ’
1652 4120 1727 4184 ὠς
1784 4119 1938 4186 λίθον

278 4213 620 4285 Μαγνησσαν
682 4210 776 4271 τάς
836 4208 1052 4283 πράξεις
1108 4212 1217 4263 τῶν
1269 4204 1773 4281 ἐνδιαϐαλλομένων
1833 4211 1941 4266 ε’ἰτε

2051 3051 2301 3120 tiorem),
2355 3058 2513 3107 Asan
2561 3051 2882 3109 insolenter
2937 3054 3242 3127 respondit
3297 3072 3411 3112 non
3471 3074 3703 3129 semper

2052 3142 2218 3196 fama:
2244 3139 2579 3211 prahendas
2592 3157 2721 3198 esse
2738 3158 2932 3212 aures,
2950 3160 3055 3200 nec
3085 3144 3328 3216 siquem
3352 3162 3420 3202 ea
3439 3163 3540 3210 pro
3562 3148 3698 3203 forti

2053 3229 2327 3298 celebret,
2357 3245 2492 3286 cum
2525 3231 2727 3287 statim
2758 3234 2823 3287 ut
2852 3231 3027 3288 talem
3056 3249 3185 3289 esse
3216 3235 3648 3291 formidandum
3675 3256 3691 3305 ;

2050 3336 2156 3377 nec
2173 3320 2221 3376 si
2240 3320 2374 3392 quis
2391 3336 2494 3391 pro
2527 3320 2730 3378 timido
2754 3326 2811 3378 et
2826 3321 3031 3394 ignavo
3051 3324 3405 3394 traducatur,
3423 3342 3697 3398 spernen-

2049 3411 2191 3466 dum
2220 3415 2277 3466 et
2289 3409 2671 3482 rejiciendum
2693 3428 2823 3468 esse
2846 3414 2981 3469 :sed
3000 3414 3217 3470 famam
3237 3420 3301 3471 ut
3325 3432 3438 3472 non
3457 3417 3698 3474 omnino

2049 3517 2281 3571 vanam,
2314 3502 2635 3574 praesertim
2659 3507 2777 3559 tam
2791 3503 3103 3573 celebrem,
3123 3522 3235 3562 non
3257 3507 3493 3578 quidem
3528 3507 3698 3580 plane

2049 3591 2554 3658 contemnendam,
2587 3592 2688 3647 sed
2705 3593 2777 3647 ad
2791 3608 2882 3648 res
2895 3597 3092 3664 gestas
3112 3610 3314 3650 eorum
3331 3594 3431 3666 qui
3451 3593 3537 3649 vel
3556 3595 3701 3650 bene

2053 3678 2297 3734 audiant
2327 3682 2608 3751 tanquam
2640 3681 2715 3735 ad
2766 3680 3014 3750 Lydium
3048 3681 3298 3753 lapidem
3329 3682 3694 3754 exigendam,

2049 3783 2200 3838 saepe
2213 3768 2392 3824 etiam
2407 3768 2574 3823 oculo
2592 3768 2876 3839 iudicium
2894 3770 3376 3841 permittendum,
3391 3770 3546 3827 etsic
3566 3786 3695 3827 eam

2049 3855 2137 3912 vel
2162 3862 2431 3912 utveram
2450 3856 2811 3928 probandam
2824 3857 2910 3914 vel
2930 3862 2995 3913 ut
3028 3857 3231 3914 falsam
3252 3859 3690 3929 repudiandam.

2049 3945 2232 3999 Aures
2261 3944 2417 4000 enim
2445 3962 2561 4000 non
2606 3945 2796 4002 videre
2832 3946 3020 4017 ipsam
3053 3964 3199 4016 rem,
3232 3947 3555 4003 alienarum
3581 3947 3695 4003 lin-

2047 4048 2294 4105 guarum
2328 4033 2485 4088 614
2514 4038 2571 4089 et
2599 4050 2751 4106 saepe
2783 4035 3157 4090 adversarum
3215 4035 3523 4108 strepitum
3553 4052 3693 4093 con-

2048 4135 2299 4177 servare.
2342 4120 2545 4178 Visum
2577 4138 2708 4179 vero
2739 4127 2963 4179 certum
2986 4140 3115 4180 esse
3138 4140 3333 4181 rerum
3367 4124 3650 4181 arbitrum
3678 4145 3693 4194 ;

2056 4211 2115 4263 et
2148 4207 2327 4278 pluris
2356 4224 2506 4275 esse,
2537 4212 2599 4263 ut
2627 4208 2710 4264 ait
2738 4208 3018 4278 comicus,
3047 4212 3226 4267 unum
3278 4211 3578 4268 oculatum
3616 4220 3697 4269 te-

287 4299 371 4370 μή
422 4298 808 4373 κροτουμένων
885 4297 1012 4370 παρ’
1075 4294 1245 4365 αὐτῆς
1310 4293 1538 4371 ἀνδρῶν,
1606 4296 1660 4352 ἐν
1700 4296 1940 4362 πολλοῖς

2052 4299 2202 4352 stem
2237 4313 2410 4366 quam
2441 4296 2661 4351 auritos
2693 4297 2920 4366 decam,
2950 4297 3045 4369 qui
3070 4314 3183 4355 non
3214 4298 3403 4356 alieno
3433 4301 3697 4357 testimo-

274 4385 339 4443 δὲ
369 4387 463 4442 καὶ
492 4388 585 4442 τὸν
619 4384 904 4462 ὀφθαλμὸν
937 4385 1133 4456 ἱζάνειν
1174 4389 1282 4440 τῶν
1333 4387 1729 4462 φημιζομένων
1784 4384 1937 4443 δικα-

278 4478 445 4546 στὴν,
477 4476 567 4530 καὶ
613 4474 756 4531 οὕτω
801 4473 1118 4550 προσίεσθαι
1163 4475 1263 4544 τήν
1313 4475 1507 4549 φήμην
1564 4474 1639 4537 ὡς
1684 4474 1866 4548 ἂληθῆ
1898 4479 1934 4546 ἢ

276 4570 417 4642 γοῦν
483 4564 675 4641 μύροις
714 4563 956 4642 ἀλείφειν
1024 4563 1099 4626 ὠς
1166 4559 1338 4637 ψευδῆ
1407 4562 1497 4618 καὶ
1563 4561 1766 4620 ἄλλοοί
1830 4586 1936 4620 που

278 4654 502 4732 ἀφιέναι
530 4652 806 4711 πέτεσθαι.
839 4676 867 4706 κ
914 4652 997 4710 Τὰ
1041 4653 1144 4727 γάρ
1194 4652 1308 4707 ὦτα
1364 4651 1463 4707 οὐκ
1515 4649 1635 4707 οἶδε
1679 4652 1744 4708 τά
1794 4651 1935 4730 δρώ·

282 4763 448 4817 μενα,
500 4741 650 4799 ἀλλά
704 4740 961 4817 γλώττης
1017 4740 1191 4817 ὄχλον
1247 4740 1650 4814 εἶσοικιζόμενα
1697 4740 1935 4820 φύλακές

275 4832 417 4887 εἰσιν
451 4830 788 4906 ἀλλοτρίων,
821 4830 910 4885 καὶ
941 4829 1150 4885 τούτων
1179 4829 1433 4885 ἐναντίων
1484 4828 1751 4894 πολλάκις
1800 4830 1935 4904 ἐνη-

276 4920 585 4996 χημάτων,
618 4918 901 4999 Ἀσφαλὴς
935 4919 993 4975 δέ
1037 4917 1149 4975 ἐστι
1202 4923 1310 4974 τῶν
1362 4919 1667 4994 γινομένων
1719 4917 1937 4992 διαιτη-

269 5012 384 5080 τὴς
450 5009 753 5087 ὀφθαλμὸς,
813 5009 904 5065 καὶ
965 5010 1168 5085 μάρτυς
1221 5007 1295 5063 ὧν
1350 5010 1593 5073 τεθέαται
1658 5009 1938 5084 ἀπαραλό-

268 5120 486 5177 γιστος⁹
519 5098 626 5173 οὐχ
688 5099 944 5175 ἑτέρωθεν
1001 5098 1357 5173 εἰσχεομένην
1406 5094 1552 5174 ἔχων
1599 5099 1700 5169 τὴν
1750 5102 1932 5155 πίστιν

269 5189 360 5251 ὡς
390 5189 492 5259 τὴν
522 5192 628 5244 τῶν
657 5187 968 5264 λεγομένων
1001 5187 1077 5250 εἷς
1132 5186 1401 5258 ἐνοίκησιν
1447 5188 1634 5258 ἀκοήν.
1690 5190 1778 5259 Μὴ
1839 5190 1931 5244 οὖν

266 5278 348 5347 δὴ
384 5278 476 5333 καὶ
505 5277 661 5351 ὓμεῖς
695 5282 939 5355 θροεῖσθε
983 5276 1057 5340 ὠς
1088 5277 1116 5331 ὁ
1146 5280 1237 5332 νῦν
1287 5275 1573 5349 Ῥωμαίων
1624 5274 1930 5350 βασιλεύων

263 5371 523 5445 γενναῖος
581 5366 685 5423 ὐπὸ
742 5368 942 5446 φήμης
995 5366 1342 5441 κηρύττεται,
1400 5363 1529 5420 ἀλλ’
1588 5363 1633 5418 εἶ
1682 5366 1930 5429 τοιοῦτός

262 5457 420 5513 ἐστιν
492 5456 683 5520 ὁποῖος
736 5454 918 5527 ᾅδεται
974 5456 1152 5531 χρεὼν
1213 5452 1527 5528 σκέψασθαι.
1585 5449 1821 5528 Ὀδηγὸς
1874 5452 1931 5510 δὲ

266 5549 415 5621 ὑμῖν
447 5546 523 5608 είς
550 5549 714 5602 τοῦτο
760 5540 896 5600 ἔστω
955 5546 1072 5619 βίος
1126 5546 1154 5600 ὁ
1200 5544 1486 5620 πρότερος,
1531 5542 1623 5597 καὶ
1680 5544 1929 5618 καθηγη-

262 5637 376 5708 τὴς
425 5629 661 5713 ἀκριϐὴς
706 5638 803 5690 τοῦ
859 5630 1049 5712 ἀνδρὸς
1106 5635 1466 5691 καθιστάσθω.
1529 5632 1699 5706 Ἀτὰρ
1751 5632 1797 5687 εἰ
1844 5654 1929 5711 ῳι·

2045 4383 2162 4451 nio,
2195 4384 2295 4441 sed
2327 4400 2433 4441 suo
2464 4384 2859 4457 experimento
2894 4385 3131 4442 nitatur.
3184 4387 3311 4443 Non
3366 4388 3541 4459 igitur
3596 4405 3695 4446 eos

2050 4473 2264 4529 moveri
2290 4477 2577 4544 oportere,
2603 4474 2755 4544 quod
2802 4472 2894 4529 hic
2952 4473 3350 4531 Romanorum
3379 4475 3694 4548 imperator

2046 4564 2132 4620 vir
2161 4564 2330 4620 fortis
2359 4563 2768 4635 perhibeatur:
2794 4564 2895 4620 sed
2923 4580 3001 4621 an
3023 4564 3157 4622 talis
3186 4565 3291 4637 sit,
3322 4582 3389 4622 ex
3419 4574 3551 4623 ante
3573 4572 3699 4625 acta

2047 4652 2175 4723 ejus
2206 4652 2729 4723 vitaconjecturam
2763 4651 3125 4724 capiendam.
3177 4654 3358 4719 Quam
3418 4654 3468 4710 si
3520 4671 3693 4713 accu-

2048 4740 2229 4797 ratius
2259 4738 2616 4809 intueantur,
2649 4739 2800 4796 nihil
2834 4756 3086 4812 unquam
3120 4742 3190 4798 ah
3210 4758 3276 4799 eo
3307 4759 3436 4800 esse
3458 4749 3689 4816 gestum

2046 4829 2214 4885 laude
2235 4828 2497 4900 dignum.
2530 4832 2732 4900 Neque
2790 4830 2945 4885 enim
3003 4830 3174 4887 hellis
3222 4834 3281 4888 et
3337 4833 3549 4903 praeliis
3581 4850 3685 4905 pro

2045 4919 2302 4975 Romana
2331 4934 2390 4973 re
2413 4916 2644 4990 publica
2687 4917 2865 4989 gestis
2924 4919 3286 4989 interfuisse,
3348 4936 3531 4991 neque
3577 4938 3695 4976 una

2043 5024 2175 5063 cum
2216 5006 2386 5063 fratre
2432 5006 2659 5064 labores
2690 5015 2744 5063 et
2790 5007 3049 5078 pericula
3078 5008 3313 5076 adiisse,
3364 5008 3514 5077 quod
3567 5007 3690 5078 ipse

2043 5095 2279 5168 quidem
2313 5096 2509 5161 sciret,
2542 5094 2639 5165 qui
2668 5094 2933 5151 hostilem
2984 5111 3190 5167 agrum
3224 5099 3498 5167 perpetuo
3541 5094 3691 5151 infe-

2043 5185 2211 5241 starit
2238 5189 2296 5241 et
2348 5184 2644 5253 victorias,
2677 5182 2935 5239 victoriis
2994 5183 3317 5254 triumphos
3374 5181 3689 5253 triumphis

2041 5272 2374 5331 cumularit.
2410 5271 2611 5344 Neque
2641 5270 2727 5327 illi
2768 5287 3088 5342 purpuram
3115 5274 3171 5326 et
3216 5272 3488 5326 diadema
3516 5269 3681 5326 labo-

2042 5377 2172 5419 rum
2197 5361 2501 5433 prasmium
2522 5375 2649 5416 esse
2669 5360 2826 5429 data,
2850 5359 2953 5415 sed
2985 5359 3230 5415 fortunae
3265 5358 3511 5415 ludibrio
3546 5376 3685 5416 con-

2042 5451 2265 5523 tigisse.
2300 5472 2327 5500 ‹‹
2364 5450 2417 5505 Is
2438 5465 2569 5520 ergo
2600 5448 2703 5521 qui
2734 5463 3033 5520 nunquam
3067 5447 3126 5503 in
3173 5464 3369 5521 pugna
3398 5448 3557 5506 visus
3589 5449 3688 5519 sit,

2041 5540 2140 5614 qui
2171 5555 2291 5596 non
2310 5552 2463 5605 voce,
2496 5553 2611 5592 non
2628 5552 2829 5604 manu,
2855 5551 2971 5592 non
2995 5535 3241 5594 consilio
3266 5555 3358 5594 res
3389 5539 3686 5611 Mysorum

2041 5644 2294 5701 unquam
2329 5626 2675 5693 labefecerit,
2709 5641 2822 5697 qua
2853 5625 3079 5685 ratione
3098 5625 3289 5684 subito
3322 5632 3580 5688 mutatus
3605 5627 3686 5687 sit
