4116 6206
541 343 660 400 83‘.)

541 562 731 618 virum
765 561 950 627 illum,
983 560 1133 616 6H5
1165 563 1446 630 quantum
1478 560 1610 616 licet
1666 558 2051 616 similitudine
2083 558 2185 613 de-

541 652 776 720 pingam
805 655 860 704 et
889 664 1070 718 genus
1101 650 1226 718 ejus
1255 647 1568 718 declarem,
1602 649 1812 705 videtis
1843 649 1942 704 fila
1974 646 2185 703 diversi

537 740 763 804 coloris,
785 739 893 795 etsi
923 755 1038 796 non
1072 739 1474 807 diverszetelae,
1494 742 1564 796 de
1587 740 1752 797 hasta
1770 756 1896 797 mea
1925 740 2182 812 penden-

539 828 664 883 tia?
693 831 826 884 Haec
858 844 975 884 una
1007 829 1327 902 eademque
1359 830 1604 886 materia
1628 833 1918 898 constant,
1965 830 2036 884 ab
2071 843 2185 884 uno

538 920 757 975 textore
787 917 1047 974 confecta
1075 923 1228 974 sunt.
1259 919 1372 975 Sed
1422 920 1561 992 quia
1619 918 1909 975 coloribus
1967 919 2186 975 discre-

537 1014 697 1080 pant,
728 1024 796 1064 ex
822 1007 937 1064 alia
972 1007 1210 1064 materia
1239 1012 1297 1064 et
1325 1009 1397 1063 ab
1455 1009 1570 1066 alio
1628 1007 1853 1066 artifice
1910 1008 2186 1066 confecta

539 1100 840 1168 putantur,
871 1113 1008 1154 cum
1041 1111 1130 1153 res
1159 1097 1328 1154 aliter
1357 1113 1483 1154 sese
1507 1098 1734 1154 habeat.
1769 1099 1980 1154 Eodem
2013 1097 2184 1153 modo

534 1183 786 1243 lsaacius
815 1194 869 1242 et
907 1185 1142 1241 Alexins
1174 1186 1400 1256 fratres,
1433 1202 1680 1257 quorum
1723 1185 1867 1243 alter
1929 1184 2176 1257 imperio

533 1274 792 1346 dejectus
821 1278 932 1343 est,
957 1274 1100 1332 alter
1128 1278 1402 1348 Ipurpura
1458 1281 1516 1332 et
1557 1275 1883 1332 diademate
1931 1274 2182 1346 insignis

531 1365 909 1436 conspicitur,
969 1366 1228 1422 eumdem
1301 1370 1521 1438 patrem
1573 1365 1916 1434 habuerunt,
1977 1365 2180 1420 eodem

532 1459 693 1512 utero
716 1461 850 1510 sunt
888 1455 1047 1525 editi,
1097 1455 1297 1511 eadem
1333 1459 1485 1511 terra
1527 1455 1668 1525 nati,
1728 1453 1920 1511 omnia
1978 1454 2179 1510 eadem

527 1547 670 1600 sunt
703 1543 1020 1614 consecuti,
1055 1543 1320 1614 quamvis
1363 1542 1598 1601 Alexius
1645 1542 1727 1599 sit
1771 1546 1912 1598 natu
1973 1541 2175 1612 major.

524 1633 728 1701 Quare,
752 1648 881 1688 mea
911 1632 1144 1704 quidem
1189 1632 1492 1700 sententia,
1545 1648 1650 1689 nec
1703 1631 1764 1687 in
1821 1647 1883 1687 re
1940 1629 2178 1686 militari

528 1723 850 1794 quidquam
882 1721 1143 1778 intereos
1165 1721 1429 1777 intererit
1453 1738 1466 1788 ;
1490 1722 1730 1793 jamque
1749 1736 1807 1776 re
1824 1719 1948 1792 ipsa
1970 1734 2176 1775 omnes

527 1825 966 1882 cognoscemus.
1002 1810 1195 1882 Itaque
1218 1810 1497 1867 rationem
1531 1809 1667 1866 belli
1726 1809 2034 1882 pristinam
2083 1821 2174 1863 se-

529 1901 814 1972 quendam
847 1916 976 1957 esse
1007 1900 1174 1957 nobis
1205 1901 1454 1967 affirmo,
1489 1915 1618 1956 cum
1649 1899 1850 1956 iisdem
1895 1915 2061 1955 arma
2081 1897 2174 1953 in-

527 1989 764 2046 ferenda
792 1989 909 2046 sint
939 2006 1084 2061 quos
1131 1990 1292 2062 prius
1351 1989 1840 2062 oppugnavimus,
1875 2004 1946 2044 ne
2013 1987 2174 2043 dete-

527 2079 782 2135 rioribus
830 2079 1037 2135 dicam.
1091 2083 1236 2136 Nam
1298 2079 1694 2136 Romanorum
1749 2077 1933 2134 animi
1959 2075 2175 2133 crebris

525 2167 790 2224 cladibus
813 2168 978 2224 fracti
1010 2173 1066 2224 et
1095 2168 1350 2224 enervati
1383 2175 1542 2239 sunt,
1576 2172 1632 2224 et
1663 2168 1866 2223 crebro
1926 2183 1960 2221 a
2005 2165 2174 2222 nobis

525 2257 586 2312 in
608 2257 802 2330 fugam
834 2257 981 2315 versi
1014 2273 1087 2313 ne
1116 2257 1294 2313 semel
1354 2257 1586 2328 quidem
1619 2255 1766 2312 vires
1824 2272 1958 2311 suas
2007 2269 2175 2311 recu-

527 2363 726 2418 perare
782 2353 1108 2420 potuerunt.
1154 2346 1270 2402 Nec
1327 2345 1468 2401 illud
1528 2344 2017 2417 praetereundum,
2077 2359 2174 2400 eos

523 2436 672 2492 iram
705 2436 805 2491 Dei
827 2445 1028 2493 contra
1058 2453 1120 2493 se
1151 2435 1495 2503 concitasse,
1528 2435 1767 2505 Isaacio,
1791 2434 1960 2505 cujus
1999 2449 2173 2506 opera

524 2525 680 2594 gravi
713 2525 1031 2581 Andronici
1071 2525 1380 2596 tyrannide
1409 2523 1634 2581 liberati
1677 2524 1854 2590 fuere,
1915 2522 2172 2592 legitimo

522 2614 764 2685 imperio
797 2615 986 2687 pulso.
1022 2615 1167 2673 Nam
1203 2614 1304 2687 qui
1353 2623 1676 2670 servatores
1717 2629 1854 2668 suos
1913 2611 1994 2667 ita
2052 2617 2170 2666 tra-

521 2712 764 2773 ctarunt,
800 2706 981 2777 primo
1012 2720 1246 2777 quoque
1269 2709 1524 2775 tempore
1543 2703 1612 2760 ab
1644 2701 1895 2759 inimicis
1917 2701 2082 2757 816'
2105 2705 2169 2756 ut

524 2796 786 2856 homines
817 2796 1018 2868 perfidi
1051 2794 1405 2851 occidantur.
1442 2791 1826 2863 nHUjllSIDOdi
1857 2790 2165 2846 sententiis

523 2887 810 2946 Barbarus
841 2901 1076 2941 suorum
1104 2883 1314 2938 animis
1345 2879 1974 2950 excitatis,provincias
1995 2880 2166 2950 juxta

521 2979 888 3048 Strymonem
921 2982 973 3028 et
1003 2971 1390 3042 Amphipolim
1414 2970 1633 3040 majore
1673 2969 1890 3025 saevitia
1930 2970 2162 3026 invasit.

517 3069 660 3121 Cum
718 3067 916 3120 autem
975 3061 1420 3128 sebastocrator,
1471 3058 1640 3116 homo
1719 3058 2056 3114 adolescens
2111 3065 2166 3115 et

518 3152 736 3209 recenti
769 3151 933 3208 clade
965 3149 1316 3204 Blacborum
1347 3147 1552 3216 elatus,
1593 3147 1791 3204 hostes
1839 3150 2158 3204 Serranum

1825 339 1907 397 Nl
1917 335 2140 398 CET/E
2180 333 2596 395 CHONIAT/E

541 473 604 529 in
635 470 1186 541 contrarium,plane
1209 485 1322 527 non
1342 469 1627 541 intelligo.
1657 469 1726 526 Ut
1756 467 2166 539 autem,inquit

2307 463 2681 543 λοκρινησετε,
2737 466 2837 521 οὐκ
2897 465 2956 521 ἂν
3013 468 3096 543 ἐφ’
3154 468 3333 525 ὁτιοῦν
3416 471 3771 550 εὖδοκιμηκὸτα
3813 489 3866 540 ετ-

3765 359 3860 417 810

2296 558 2446 610 eaet):
2475 553 2710 610 τουτονί·
2749 552 2873 610 οὔτε
2903 555 3006 632 γάρ
3034 556 3301 631 πολέμοις
3329 558 3570 634 ὡμίλησε
3610 567 3686 621 καὶ
3728 569 3864 627 mea.

2292 665 2406 708 νοις
2454 644 2584 717 ὑπὲρ
2652 645 2937 718 Ῥωμαίων
3004 644 3384 722 παρενεϐλῆοη
3450 658 3858 732 συστρατευόμενος

2293 734 2384 787 καὶ
2429 733 2751 808 συγκάμνων
2777 739 2856 807 τῷ
2888 731 3128 813 ἀδελφῷ,
3162 738 3260 792 ὃσα
3303 759 3364 813 γε
3412 740 3566 806 αὐτὸς
3603 743 3737 820 ἴσημι
3779 750 3860 804 κεί-

2296 841 2405 896 ρων
2439 821 2523 876 ἀεὶ
2552 821 2643 876 καὶ
2675 825 2760 895 [Ρ.
2801 825 2930 897 300]
2979 825 3330 901 κατατρέχων
3381 829 3478 899 τήν
3521 829 3756 906 πολεμίαν
3796 839 3861 894 καὶ

2293 910 2448 971 νίκας
2507 909 2596 966 ἐπὶ
2654 910 2825 974 νίκαις
2884 912 3272 988 ἀναιρούμενος
3323 917 3410 972 καὶ
3461 920 3716 994 τροπαίοις
3777 925 3863 982 ἔπε’

2294 993 2608 1068 σποιϐάζων
2645 997 2714 1054 τὰ
2768 1001 3026 1076 τρόπαια,
3077 998 3200 1058 οὕτε
3252 1005 3358 1077 μὴν
3430 993 3608 1078 μισθὸν
3663 1015 3861 1084 καμάτων

2290 1089 2389 1176 την
2423 1085 2727 1165 ἁλουργίδα
2774 1090 2865 1145 καὶ
2908 1090 3000 1145 τὸν
3064 1091 3341 1167 βασίλειον
3396 1092 3584 1172 εἴληχε
3634 1100 3862 1176 στέφανον,

2293 1173 2422 1232 ἀλλ’
2453 1175 2526 1237 ὦς
2559 1175 2619 1232 ἐκ
2665 1181 2774 1233 τῶν
2832 1175 3004 1254 ἔργων
3067 1177 3327 1252 ὑπέδειξε,
3384 1182 3550 1259 τύχης
3603 1173 3862 1262 ἀγνώμονος

2290 1265 2565 1341 πέττευμα
2621 1267 2688 1322 τὰ
2743 1274 2994 1344 σκῆπτρα
3052 1269 3442 1345 παρείληπται.
3497 1275 3656 1338 Οὗτος
3705 1278 3858 1352 τοίνυν,

2291 1355 2350 1416 ὃς
2428 1355 2488 1412 οὐ
2564 1355 2805 1412 τεθέαται
2885 1379 2980 1432 μοι
3059 1357 3378 1434 μαχόμενος
3450 1361 3569 1418 οὐδὲ
3635 1371 3766 1444 φωνῇ
3796 1371 3861 1425 καὶ
3991 1330 3993 1482 Ι

2291 1446 2436 1482 luela:
2498 1446 2589 1482 ιιι-ξ
2654 1447 2831 1482 an“):
2887 1449 2953 1482 ,ιι
3013 1449 3214 1482 u..-::...
3273 1451 3652 1482 -..-..\.._.!___
3716 1455 3842 1482 ιηιη,

2289 1446 2438 1520 χειρὶ
2498 1446 2592 1501 καὶ
2653 1447 2834 1522 βουλῇ
2887 1449 2954 1502 τὰ
3012 1449 3214 1506 Μυσῶν
3273 1451 3652 1526 παραλυπτςσας
3715 1455 3860 1529 ἐνίοτε,

2289 1535 2438 1596 ὅπως
2481 1534 2727 1612 ἐξαίφνης
2785 1529 2860 1599 εἷς
2917 1538 3054 1592 ἅπαν
3111 1539 3425 1595 τούναντίον
3481 1545 3859 1616 μεταπεποίηται,

2287 1622 2398 1700 ἐγὼ
2432 1625 2525 1698 μὲν
2561 1624 2660 1680 οὐκ
2688 1621 2803 1701 ἔχω
2850 1627 2942 1682 καὶ
3001 1625 3252 1686 συνιδεῖν.
3307 1634 3416 1686 Ἰνα
3463 1630 3517 1686 δέ
3560 1633 3641 1687 καὶ
3686 1631 3724 1688 δ’
3764 1637 3864 1690 ὑπο-

2297 1678 2339 1700 γ,
2432 1678 2515 1698 ,νη
2697 1678 2796 1701 εκ-
3329 1678 3416 1686 --ε
3469 1678 3517 1686 --
3563 1678 3641 1687 η...
3689 1678 3710 1688 -
3764 1678 3862 1690 ...υ-

2287 1708 2601 1788 δείγματος,
2634 1716 2752 1768 καθ’
2784 1715 2907 1770 ὅσον
2940 1712 3128 1788 ἔξεστι,
3159 1717 3226 1773 τὰ
3271 1721 3406 1774 κατά
3451 1719 3540 1774 τὸν
3585 1717 3725 1796 ἄνδρα
3761 1745 3857 1779 του·
3993 1678 3995 1778 ί

2286 1802 2398 1857 τονὶ
2429 1802 2612 1858 καὶτὸ
2645 1801 2840 1859 λοιπὸν
2889 1805 3036 1878 αὐτῷ
3097 1807 3253 1882 γένος
3313 1807 3701 1886 ὃιασαφήσαιμι,
3739 1814 3860 1888 ὁρᾶτε

2280 1891 2346 1946 τὰ
2375 1888 2465 1946 ἒπὶ
2495 1896 2591 1947 τοῦ
2623 1891 2759 1966 ἐμοῦ
2796 1890 3057 1966 δόρατους
3087 1895 3512 1972 ἀπαιωρούμενα
3554 1899 3636 1953 καὶ
3678 1900 3859 1974 (hensio

2283 2001 2419 2054 μενα
2460 1980 2694 2061 διάφορα
2741 1990 2862 2047 ταῖς
2912 1992 3156 2061 χροιαῖς,
3208 1987 3253 2042 εί
3313 1987 3401 2043 καὶ
3453 1991 3523 2062 μή
3563 1995 3667 2054 ταῖς
3717 1991 3856 2066 ὑραῖς,

2283 2027 2419 2054 Γ.-.-
2463 2027 2694 2061 -.ατ-Ἶ...
2752 2027 2860 2047 ...η
2915 2027 3156 2061 ,ιτ-..-ιη
3208 2027 3253 2042 ε.
3315 2027 3401 2043 .t...
3453 2027 3523 2062 μι,
3573 2027 3666 2054 ιιι,
3718 2027 3856 2066 υγιιις,

2280 2073 2518 2144 νήματα.
2550 2074 2736 2128 Ταῦτα
2767 2080 2894 2147 μιᾶς
2948 2076 3044 2148 μὲν
3092 2076 3468 2151 προελήλυθεν
3509 2077 3656 2149 ὕλης,
3696 2080 3768 2134 καὶ
3801 2081 3856 2142 εἷς
3995 2027 3998 2150 Ι

2285 2160 2518 2239 ὑιράντης
2550 2162 2684 2217 αὐτὰ
2712 2161 3044 2240 ἐμηρύσατοο
3087 2171 3203 2228 τοῖς
3252 2165 3312 2222 δὲ
3358 2169 3606 2243 χρώμασι
3645 2165 3852 2224 ὃιαλλάτ·

2282 2270 2440 2306 τοντα
2473 2249 2742 2307 διεστάναι
2774 2249 2994 2309 δοκοῦσι
3023 2255 3114 2310 καὶ
3145 2255 3280 2311 κατᾶ
3312 2260 3373 2312 τὸ
3401 2257 3567 2312 τὸτοῦ
3587 2258 3706 2313 εἶναι
3730 2280 3854 2330 ποιη-

2281 2340 2431 2394 τικὸν
2465 2337 2660 2396 αἶ’τιον.
2697 2339 2856 2396 Ἀλλ’
2886 2341 2983 2397 οὐκ
3013 2340 3124 2398 ἔστι
3155 2349 3345 2417 τοῦτο,
3395 2344 3490 2401 οὐκ
3531 2344 3676 2404 ἔστιν.
3720 2348 3854 2404 Ἰσαά-

2279 2449 2396 2490 κιος
2445 2427 2535 2484 οὖν
2580 2430 2670 2484 καὶ
2728 2429 2973 2500 Ἀλέξιος
3029 2433 3080 2487 οἱ
3140 2433 3461 2507 ὁμαίμονες,
3511 2436 3740 2509 ὧνὸμέν
3776 2443 3852 2505 τῆς

2283 2519 2561 2593 βασιλείας
2589 2517 2696 2604 ᾔδη
2730 2522 3059 2597 καθῄρηται,
3090 2524 3118 2578 ὁ
3170 2522 3226 2579 δὲ
3269 2521 3645 2603 τηϐεννονρορεῑ
3677 2531 3751 2580 νῦν
3790 2526 3855 2581 καὶ

2279 2606 2542 2666 διαδεῖται
2573 2609 2792 2686 ἀρχικῷ
2824 2613 3226 2690 στεφανώματι,
3258 2613 3352 2670 ’ἐνα
3392 2617 3545 2670 τοκέα
3589 2612 3744 2693 ἔσχον,
3783 2618 3854 2684 τῆς

2277 2699 2450 2768 αὐτῆς
2473 2697 2668 2770 νηδύος
2698 2699 3015 2773 έξὼλισθον,
3046 2703 3182 2758 κατά
3208 2706 3311 2774 τὴν
3362 2705 3522 2776 αὐτὴν
3567 2706 3853 2781 γεγέννηνται
3999 2726 4001 2814 4

2277 2794 2379 2814 -.3η
2432 2789 2496 2814 ..2.
2529 2789 2599 2814 -.ι
2634 2791 2681 2814 ἢν
2715 2789 2741 2814 ς’
2772 2811 2877 2814 .-.μ
2913 2789 3020 2814 ἳηῒκ
3060 2811 3073 2814 -
3107 2794 3121 2814 ι
3401 2793 3427 2812 ν
3491 2795 3516 2814 ον
3758 2793 3770 2812 Ι

2275 2794 2400 2863 γῆν,
2431 2789 2498 2843 τά
2526 2789 2681 2844 πάνθ’
2711 2789 2878 2863 ὅμοια
2908 2789 3326 2864 ἐκληρώσαντο,
3357 2793 3450 2849 κᾶν
3483 2795 3653 2868 ἅτερος
3693 2793 3853 2849 τούτων

2275 2876 2521 2948 Ἀλέξιος
2562 2883 2643 2952 τῷ
2693 2881 2880 2954 χρόνῳ
2946 2882 3207 2956 προήκων
3269 2883 3523 2957 ἑώραται.
3580 2885 3717 2941 Ὀοεν
3765 2879 3858 2938 οὒδὶ

2274 2966 2410 3021 κατᾶ
2437 2967 2563 3030 τοὺς
2614 2967 2893 3042 πολέμους
2943 2969 3246 3048 διαφέροιεν
3299 2967 3386 3044 ἅν,
3435 2972 3508 3034 ὠς
3554 2967 3720 3046 ἔμοιγε
3756 2975 3857 3046 γοῦν

2276 3053 2444 3125 δοκεῖ,
2473 3057 2564 3112 καὶ
2613 3057 2689 3118 ὠς
2737 3057 2788 3112 έν
2837 3058 2998 3134 πείρα
3055 3059 3250 3123 πάντες
3313 3062 3638 3137 γνωσόμεθα.
3691 3067 3856 3137 Χρῆναι

2273 3146 2452 3202 τοίνυν
2481 3147 2625 3224 φημὶ
2677 3146 2812 3222 μετᾶ
2866 3151 2964 3217 τῆς
3026 3149 3195 3220 αὐτῆς
3259 3151 3356 3207 καὶ
3415 3153 3660 3226 προτέρας
3707 3149 3858 3225 προθέε-

517 3259 719 3313 agrum
751 3241 1048 3297 incursare
1077 3238 1408 3306 audivisset,
1463 3253 1576 3294 non
1635 3237 1798 3310 prius
1848 3237 2164 3310 exploratis

2281 3258 2414 3299 σεως
2446 3238 2539 3292 καὶ
2570 3236 2735 3292 πάλιν
2767 3243 2875 3294 τῶν
2907 3238 3043 3295 κατᾶ
3089 3238 3343 3315 πόλεμον
3393 3243 3652 3310 ἅπτεσθαι,
3694 3237 3858 3300 εἰδότας

519 3346 721 3388 eorum
751 3328 996 3394 viribus,
1054 3327 1246 3383 statim
1305 3327 1469 3398 signo
1527 3325 1666 3382 tuba
1724 3328 1881 3393 dato,
1937 3325 2164 3398 primus

517 3421 578 3476 in
613 3417 787 3474 armis
814 3431 964 3490 equo
992 3431 1306 3473 conscenso
1327 3414 1559 3470 hastam
1591 3413 1650 3469 in
1676 3413 1870 3470 hostes
1904 3413 2162 3484 vibravit,

519 3509 689 3582 quasi
721 3509 788 3564 ad
820 3512 1084 3580 paratam
1121 3522 1419 3562 cervorum
1461 3505 1823 3562 venationem
1855 3515 1956 3561 aut
2003 3504 2162 3560 ludi-

515 3615 678 3656 erum
713 3597 944 3669 aliquod
975 3596 1179 3652 exiret.
1213 3596 1359 3650 Cum
1391 3594 1562 3666 igitur
1603 3593 1749 3649 laxis
1781 3593 2024 3650 habenis
2054 3593 2165 3650 eir-

513 3688 655 3746 citer
675 3686 911 3759 triginta
957 3686 1144 3743 stadia
1199 3685 1599 3756 processisset,
1650 3688 1706 3740 el:
1756 3685 2072 3755 equitatum
2109 3691 2162 3740 et

509 3777 832 3849 peditatum
866 3775 946 3832 ita
974 3774 1236 3844 fatigavit
1267 3780 1329 3829 ut
1361 3789 1564 3846 pugnae
1618 3777 1880 3844 tempore
1928 3772 2163 3830 inutiles

511 3873 728 3924 essent.
783 3865 854 3921 Ut
908 3865 1141 3936 prepius
1204 3864 1452 3919 hostium
1511 3869 1707 3918 castra
1759 3869 2002 3919 ventum
2051 3870 2160 3930 est,

511 3957 764 4013 maxima
793 3963 844 4011 et
865 3954 1168 4027 potissima
1199 3971 1329 4024 pars
1351 3954 1645 4024 copiarum
1679 3953 1888 4010 Asanis
1919 3954 1977 4009 in
2015 3952 2158 4008 insi-

511 4047 637 4102 dias
669 4045 976 4102 distributa
1001 4051 1102 4100 est.
1137 4046 1259 4108 Quo
1291 4046 1696 4114 stratagemate
1741 4047 1796 4098 et
1821 4042 1951 4098 dolo
2011 4043 2161 4099 Isaa-

510 4135 634 4191 cius
663 4152 776 4191 non
807 4133 1230 4200 animadverso,
1263 4139 1420 4190 certa
1450 4147 1553 4202 spe
1581 4132 1830 4188 victoriae
1881 4138 2160 4204 concepta

509 4226 716 4282 insano
747 4225 966 4296 impetu
992 4238 1087 4280 eos
1106 4223 1340 4279 invasit.
1361 4225 1500 4277 Cum
1518 4221 1806 4277 autemilli
1835 4239 1903 4277 ex
1933 4221 2162 4278 insidiis

507 4315 1030 4382 consurrexissem,
1064 4321 1124 4370 ut
1147 4312 1352 4369 mediis
1379 4311 1638 4368 cassibus
1668 4311 1974 4382 irrretitus,
2009 4311 2159 4368 mul-

508 4405 587 4460 tis
617 4421 851 4461 suorum
881 4404 1116 4460 amissis
1153 4401 1383 4458 tandem
1413 4409 1469 4458 et
1500 4401 1620 4471 ipse
1670 4417 1705 4456 a
1749 4399 1978 4474 Scythis
2011 4400 2163 4472 capi-

510 4502 622 4550 tur.
657 4493 824 4550 Unde
855 4493 1095 4549 Barbari
1127 4493 1196 4548 ad
1227 4491 1591 4546 incursiones
1613 4493 1669 4545 et
1722 4489 1950 4559 rapinas
2002 4505 2160 4546 more

2272 3327 2347 3390 ὠς
2393 3329 2481 3390 οἷς
2539 3328 2626 3382 καὶ
2687 3327 2953 3405 πρότερον
3011 3329 3063 3401 ἐξ
3133 3328 3380 3395 ἐναντίας
3442 3331 3623 3408 μοίρας
3669 3330 3742 3386 καὶ
3786 3332 3854 3382 νῦν

2271 3417 2600 3491 στησόμεθα,
2633 3417 2720 3472 ἳνα
2750 3419 2828 3492 μὴ
2863 3419 2952 3473 καὶ
2995 3418 3240 3494 χείροσιν
3295 3419 3512 3494 εἴποιμι
3556 3420 3742 3497 ἀςορῶν
3783 3417 3854 3489 μὶν

2268 3507 2356 3562 καὶ
2418 3507 2556 3583 πρὸς
2608 3507 2672 3562 τὸ
2731 3502 3214 3582 καταϐεϐλημένων
3273 3512 3370 3565 καὶ
3430 3513 3726 3584 ἀτονώτερον
3773 3504 3852 3575 ἤδη

2269 3597 2524 3674 φρόνημα
2550 3601 2654 3651 τῶν
2687 3597 2998 3670 Ῥωμαίων,
3031 3599 3082 3652 o't
3115 3597 3396 3663 πολλάκις
3447 3601 3530 3678 ὑφ’
3570 3602 3708 3671 ἡμῶν
3755 3615 3850 3669 τρο-

2313 3683 2532 3739 ,ολ,,,
2603 3684 2742 3706 ἠν
2825 3689 2843 3716 ρ
2919 3687 2931 3706 ν
3105 3689 3118 3710 ν
3211 3688 3224 3706 ν
3306 3687 3320 3706 I
3431 3689 3446 3710 ν
3592 3684 3666 3720 P;
3773 3686 3828 3712 ,ι

2265 3709 2350 3741 πω
2393 3707 2530 3748 sats,
2563 3706 2657 3741 ουο
2709 3707 2844 3760 απας
2877 3708 2944 3742 τα
2999 3708 3100 3744 κατ
3166 3709 3368 3752 αυτους
3422 3688 3686 3745 αναλαοειν
3721 3685 3854 3757 ἐπίη-

2263 3796 2386 3830 κασι
2416 3777 2729 3852 πράγματα,
2762 3775 2956 3831 ἒννοιὶν
2990 3774 3048 3832 δὲ
3077 3777 3166 3832 καὶ
3197 3777 3263 3847 ἦν
3319 3780 3501 3844 θεόθεν
3551 3775 3848 3833 ἐπεσπάσαντο

2263 3863 2378 3920 ο’ἶδε
2420 3872 2610 3938 μῆνιν,
2683 3867 2774 3920 τὸν
2853 3866 3050 3930 αὐτοὺς
3131 3868 3356 3942 βαρείας
3395 3864 3682 3942 τυραννίδος
3710 3859 3845 3931 ἀπηλ-

2265 3953 2480 4030 λαχότα
2537 3955 2800 4010 Ἰσαάκιον
2871 3955 3150 4031 βασιλείας
3238 3955 3476 4031 ἐννόμου
3527 3954 3850 4031 καθῃρηκὸτες·

2265 4046 2315 4100 οἱ
2347 4045 2446 4121 γὰρ
2481 4043 2624 4099 οὕτω
2673 4045 2810 4099 κατᾶ
2854 4051 2962 4100 τῶν
3018 4046 3344 4101 σεσωκότων
3406 4045 3734 4120 ὁπλισάμενοι
3781 4039 3855 4094 οὐκ

2264 4133 2324 4188 ἄν
2359 4135 2610 4211 ιξθάνοιεν
2646 4133 2750 4188 ὕπὸ
2782 4138 2888 4189 τῶν
2923 4133 3138 4212 ἐχθρῶν
3173 4135 3248 4198 ὠς
3271 4129 3852 4211 παράσπονδοιᾶναιροῦ-

2267 4243 2439 4297 μενοι.
2477 4245 2504 4274 ››
2535 4221 2822 4286 Τοιαΰταις
2873 4223 3119 4300 γνώμαις
3167 4225 3196 4280 ὁ
3250 4221 3528 4302 βάρϐαρος
3569 4225 3628 4280 τά
3664 4227 3754 4278 τῶν
3792 4219 3857 4273 ὑπ’

2263 4311 2426 4367 αὐτὸν
2469 4310 2774 4383 ἀναστήσας
2821 4314 3149 4389 φρονήματα
3200 4315 3336 4388 μετᾶ
3393 4316 3606 4389 κόμπου
3661 4311 3856 4386 μείζονος

2263 4400 2421 4475 ἐπῄει
2453 4400 2588 4456 κατὰ
2638 4405 2745 4455 τῶν
2804 4402 2930 4476 περὶ
2991 4401 3278 4478 Στρυμόνα
3330 4425 3392 4460 τε
3447 4406 3531 4460 καὶ
3588 4395 3856 4480 Ἀμφίπολιν

2265 4490 2565 4566 ἐπαρχιῶν.
2592 4490 2748 4547 Ἐπεὶ
2790 4490 2848 4546 δὲ
2877 4492 2968 4547 καὶ
2999 4499 3118 4555 ταῖς
3149 4493 3382 4570 Σέρῥαις
3435 4489 3678 4568 ἐμϐαλεῖν
3725 4493 3860 4545 Ἰσακ-

511 4583 822 4638 leonnmin
866 4586 1132 4638 armenta
1176 4579 1520 4636 irruentium
1581 4579 1962 4635 animosiores
2021 4579 2159 4636 facti

2275 4580 2374 4652 κίῳ
2402 4581 2666 4649 ἢκουσται
2695 4585 2774 4653 τῷ
2806 4575 3288 4658 σεϐαστοκράτορι,
3330 4585 3454 4646 νέος
3505 4582 3575 4638 ὢν
3621 4581 3756 4642 οὗτος
3791 4572 3858 4630 καὶ

511 4679 668 4736 sunt,
700 4670 912 4742 quippe
943 4686 1073 4726 cum
1107 4685 1274 4725 nemo
1309 4669 1698 4724 Romanorum
1734 4669 1819 4724 eis
1853 4685 2158 4726 occurrere

509 4761 657 4816 617
693 4760 952 4830 auderet,
999 4759 1098 4814 sed
1139 4773 1346 4814 omnes
1405 4757 1588 4813 territi
1632 4757 1774 4814 laxis
1825 4758 2064 4816 habenis
2095 4759 2156 4816 in

509 4848 714 4906 urbem
744 4853 943 4904 Serras
977 4846 1376 4918 confugerent,
1413 4846 1514 4918 qui
1550 4846 1608 4901 in
1668 4847 1770 4904 illa
1819 4847 1982 4905 clade
2040 4865 2155 4905 non

504 4940 918 4998 occubuerant.
967 4937 1181 5010 Scytha
1243 4952 1376 4992 vero
1425 4936 1940 4995 sebastocratorem
2009 4955 2044 4994 a
2097 4955 2156 4996 se

506 5036 741 5102 captum
799 5028 1003 5103 quovis
1033 5026 1207 5084 modo
1264 5025 1451 5082 celare
1507 5030 1754 5082 conatus
1812 5031 1926 5094 est,
1989 5043 2062 5084 ne
2094 5028 2156 5084 id

505 5122 659 5176 Asan
683 5120 1036 5189 rescisceret,
1070 5134 1170 5190 spe
1223 5117 1472 5174 maxime
1530 5118 1790 5188 pecunize
1841 5117 1971 5188 ejus
2001 5119 2156 5174 redi-

508 5211 704 5266 mendi
734 5225 908 5267 causa
947 5207 1298 5280 accipiendae
1336 5213 1634 5277 concepta,
1680 5205 1728 5261 si
1765 5205 2061 5264 hominem
2094 5208 2153 5264 in

506 5299 799 5372 Scythiam
831 5297 1118 5355 abducere
1149 5296 1370 5352 liceret.
1401 5295 1513 5352 Sed
1545 5311 1675 5351 cum
1705 5293 1856 5350 fama
1914 5301 2150 5367 captum

513 5404 638 5444 esse
650 5390 855 5446 ducem
873 5388 1131 5445 hostium
1167 5383 1873 5458 vulgasset,inquisitione
1887 5386 2150 5459 diligenti

507 5479 834 5546 compertus
867 5477 938 5532 ad
971 5478 1220 5534 Asanem
1247 5473 1594 5548 perducitur.

2269 4673 2535 4745 προσεχεῖ
2561 4689 2668 4724 τινι
2719 4673 2828 4725 τῶν
2887 4669 3124 4746 Βλάχων
3175 4671 3426 4746 ἐπαρθεὶς
3472 4671 3758 4744 πταίσματι,
3799 4665 3858 4738 μὴ

2267 4758 2622 4834 προεξετάσας
2694 4761 2794 4828 τήν
2871 4763 2979 4815 τῶν
3053 4758 3342 4836 πολεμίων
3421 4760 3654 4835 δύναμιν,
3823 4751 3860 4806 δ’

2265 4847 2405 4919 ἀκοῇ
2438 4849 2670 4922 συνάψας
2699 4848 2799 4918 τὴν
2857 4854 2976 4904 κατ’
3035 4849 3212 4905 αὺτῶν
3285 4850 3613 4927 ἐξώρμησαν,
3666 4839 3861 4912 ἀνίστησί

2262 4957 2321 4993 τε
2430 4945 2774 5014 παραχρῆμα
2881 4941 2981 5008 τήν
3094 4943 3345 5017 στρατιάν
3423 4949 3519 5011 τῆς
3607 4937 3858 5009 σάλπιγγος

2265 5027 2522 5100 ἐνδοῦσης
2599 5030 2664 5084 τὸ
2739 5029 3012 5103 σύνθημα,
3114 5033 3207 5086 καὶ
3302 5033 3392 5088 τὸν
3487 5027 3863 5103 πολεμιστήριον

2260 5115 2432 5174 ἵππον
2506 5122 2728 5194 πρῶτος
2803 5113 3002 5180 ἀναϐὰς
3076 5119 3168 5176 καὶ
3270 5121 3692 5197 Θωρακισάμενος
3773 5108 3864 5166 κατ’

2264 5205 2602 5284 ἒπειγωλήν,
2682 5207 2812 5284 οὐχὶ
2891 5207 3085 5284 βάδην,
3159 5209 3222 5266 τὸ
3301 5206 3432 5286 δόρυ
3504 5207 3632 5266 κατᾶ
3666 5210 3760 5262 τῶν
3795 5201 3866 5256 ἂν·-

2264 5296 2516 5352 τιπάλων
2575 5297 2828 5353 τιταίνων
2888 5295 3080 5370 ἔξεισιν
3140 5299 3215 5361 ὠς
3270 5297 3419 5374 εἴπερ
3479 5297 3682 5377 ἐλάφων
3750 5291 3867 5358 αὗτῷ

2262 5387 2582 5462 κυνηγέσιον
2649 5390 3090 5465 προηυτρέπιστο
3156 5389 3192 5460 ἢ
3263 5390 3553 5464 θηρευτικὰ
3634 5384 3734 5441 ἒκεῗ
3785 5397 3867 5434 που

2263 5476 2548 5551 ἀθύρματα
2589 5478 3026 5554 προητοίμαστο.
3077 5477 3314 5535 Διελθὼν
3361 5476 3455 5534 οὗν
3494 5476 3660 5548 ἆνὲτῳ
3701 5473 3840 5548 ῥντῆρ

508 5563 635 5616 ὡσεὶ
696 5561 941 5626 σταδίως
995 5566 1286 5640 τριάκοντα
1337 5565 1400 5620 τό
1455 5584 1513 5618 τε
1569 5562 1796 5618 ἱππικὸν
1858 5565 2183 5625 ἅποκναῖσαι
2241 5569 2563 5641 πεποίηκεν,
2623 5569 2698 5632 ὡς
2757 5571 2981 5646 ἀχρεῖον
3039 5571 3173 5628 εἷναι
3233 5570 3366 5627 κατὰ
3419 5571 3518 5640 τήν
3591 5566 3722 5642 ὥραν
3785 5560 3863 5622 τῆε

507 5645 850 5725 προσϐολῆς,
881 5654 970 5707 καὶ
998 5655 1058 5708 τὸ
1089 5654 1305 5721 πεζικὸν
1342 5651 1557 5707 έκλυοὶν
1588 5652 1641 5714 ἐς
1670 5650 1822 5709 οὐδὲν
1858 5656 2073 5732 γέγονε.
