4028 6218
202 376 321 436 841
1118 379 1219 438 DE
1262 380 1558 440 ALEXIO
1600 373 1850 438 ISAACI

1959 370 2222 432 iNGELl
2268 374 2396 433 FB.
2447 375 2592 434 LlB.
2643 378 2693 435 Ι.
3513 386 3636 445 842

194 534 289 568 ναι
336 512 620 585 μετέπειτα
672 515 975 587 χρήσιμον.
1026 515 1119 578 Ὠς
1171 512 1229 570 δὲ
1276 515 1503 590 ἤγγισεν
1550 507 1676 576 ἔνθα
1708 502 2042 585 παρενέϐαλε
2084 510 2170 580 [Ρ.
2221 508 2348 578 301]
2394 507 2458 561 τὸ
2505 506 2796 578 πολέμιον,
2846 513 2944 564 τοῦ
3000 512 3093 582 μὲν
3137 514 3296 570 Ἀσάν
3350 516 3412 570 τὸ
3469 514 3631 572 πλεῖ.

195 622 331 656 στον
361 601 450 655 καὶ
486 602 776 674 κράτιστον
813 602 1119 676 στράτευμα
1153 603 1229 664 εἰς
1260 601 1476 677 ἐνέδρας
1516 602 1608 657 καί
1668 598 1876 674 λόχους
1926 593 2319 669 διαμερίζεται,
2352 596 2380 650 ὁ
2407 592 2452 649 δ’
2502 596 2770 660 Ἰσαάκιος
2820 599 2896 670 μή
2950 599 3013 654 τὸ
3058 605 3417 679 στρατήγημα
3470 611 3632 662 τοῦτο

195 691 295 745 καὶ
363 690 455 746 τὸν
514 687 681 744 δόλον
745 693 1109 761 κατανοήσας,
1163 692 1238 753 ὡς
1305 694 1558 763 ἠττήσων
1627 688 1717 744 καὶ
1781 685 2202 763 τροπωσόμενος
2271 688 2623 759 βακχευτικῷ
2706 686 2939 755 ἐπῆλθεν
3025 689 3329 763 ὁρμήματι·
3391 690 3476 747 διὸ
3535 695 3625 749 καὶ

204 784 319 834 τῶν
354 779 407 833 ἐν
441 784 560 842 τοῖς
588 777 790 853 λόχοις
848 779 1207 854 ἐπεθεμένων,
1269 782 1343 843 ὡς
1399 781 1454 835 ἐν
1516 778 1700 852 μὲσοις
1749 773 2030 854 συσχεθεὶς
2080 774 2293 847 ἄρκυσι,
2347 772 2594 836 πολλοὺς
2650 775 2744 848 μὲν
2787 772 3028 832 ἀπέϐαλε
3078 783 3185 834 τῶν
3238 776 3415 849 ἰδίων,
3471 782 3630 843 τέλος

199 866 263 923 δὲ
311 869 402 922 καὶ
462 867 627 931 αὐτός
684 866 835 923 ἒάλω
894 870 1130 945 ζιυγρίας
1188 872 1292 925 ὑπὸ
1352 873 1599 936 Σκυθῶν,
1656 868 1752 923 Ἐκ
1810 862 1868 919 δέ
1917 862 2132 918 ἶτούτων
2193 856 2534 935 συμϐέϐηκεν
2592 863 2666 925 ὡς
2722 862 2774 919 ἐν
2838 867 3051 936 κτήνεσι
3121 864 3313 922 λέοντα
3378 870 3513 943 πρός
3571 891 3630 926 τε

196 958 302 1021 τὰς
360 956 669 1019 ἐπελεύσεις
724 954 1059 1022 ἀδεεστάτως
1115 960 1207 1014 καὶ
1262 959 1358 1022 τὰς
1417 957 1702 1033 προνομὰς
1758 957 1852 1010 τὸν
1896 947 2186 1035 βάρϐαρον
2244 950 2510 1029 ἐφορμᾷν,
2566 954 2659 1007 οἷα
2717 952 2953 1025 μηδενὸς
3011 956 3345 1026 ἀντεξιόντος
3426 956 3505 1013 ἔτι
3560 962 3620 1014 ἐκ

191 1053 310 1103 τῶν
366 1048 677 1121 Ῥωμαίων,
739 1048 885 1104 ἀλλά
936 1049 1149 1105 πάντων
1200 1048 1700 1105 ἀποδειλιασάντων
1751 1046 1838 1101 καὶ
1903 1047 1972 1115 τῇ
2028 1042 2189 1097 πόλει
2248 1046 2367 1104 ταῖς
2426 1040 2655 1119 Σέῤῥαις
2716 1046 2832 1117 μετ’
2888 1045 3087 1101 ἀνέτων
3145 1049 3315 1117 ἡνιῶν
3386 1049 3622 1122 εἰσρυέν-

193 1159 333 1207 των,
392 1138 511 1192 ὅσοι
571 1138 710 1200 τὲως
773 1141 850 1211 μὴ
910 1138 1095 1215 ξίφους
1151 1135 1410 1218 ὤφθησαν
1464 1140 1736 1214 πάρεργον
1794 1134 1845 1189 ἐν
1894 1136 1962 1198 τῆ
2028 1126 2308 1204 συμϐολῇ.
2368 1132 2424 1185 ’0
2483 1130 2539 1187 δὲ
2597 1131 2938 1203 συνειληφὼς
3002 1136 3092 1191 τὸν
3153 1133 3622 1213 σεϐαστοκράτορα

210 1227 433 1296 Σκύθης
490 1227 761 1291 παντοίως
815 1226 975 1283 αὐτὸν
1035 1228 1452 1304 περιέκρυππεν,
1511 1228 1585 1288 ὡς
1643 1226 1728 1296 ε’ἰη
1775 1223 2061 1301 ἀφώρατος
2106 1224 2187 1292 τῷ
2236 1221 2414 1290 Ἀσάν,
2466 1222 2888 1296 ὑποσαινόμενος
2938 1222 3118 1280 ἐλπίσι
3183 1228 3258 1299 μὴ
3320 1249 3484 1283 τινων
3543 1227 3627 1284 ἔν-

196 1313 531 1391 ὃεεστὲραις,
573 1316 649 1378 ὠς
707 1319 753 1370 εἰ
809 1318 938 1381 τοὺς
996 1316 1250 1393 Βλάχούς
1308 1316 1537 1382 διελθων
1594 1319 1666 1377 εἷς
1725 1313 1792 1369 τὰ
1847 1310 2021 1366 οἰκεῖα
2077 1306 2186 1379 ἢδη
2243 1313 2433 1365 τοῦτον
2488 1310 2794 1387 ἀπενέγκαι,
2852 1315 3084 1369 πλεῖστα
3140 1314 3199 1369 ἂν
3252 1316 3399 1390 αὐτῷ
3454 1320 3620 1374 κατά-

200 1418 366 1469 θοιτο
397 1403 569 1480 λύτρα
600 1405 628 1459 ὁ
662 1405 943 1480 βασιλεύς.
979 1410 1090 1478 Τῆς
1120 1404 1178 1462 δὲ
1226 1409 1418 1485 φήμης
1461 1402 1825 1473 κατειπούσης
1872 1396 2258 1476 συλληφθῆναι
2310 1398 2402 1453 τὸν
2444 1400 2857 1474 στρατηλάτην,
2913 1402 3211 1477 ἐπιμελοῦς
3257 1406 3620 1483 γεγενημένης

194 1494 432 1569 ἐρεύνης
463 1491 632 1563 δῆλος
664 1493 867 1569 γίνεται
899 1496 987 1550 καί
1018 1500 1098 1568 τῷ
1127 1496 1289 1553 Ἀσὰν
1322 1494 1695 1575 ἐμφανίζεται.

274 1586 334 1640 ε’.
371 1584 469 1638 Καὶ
520 1582 652 1658 τῇδε
697 1585 792 1658 μὲν
850 1581 1027 1656 ἀπέϐη
1087 1591 1272 1642 ταῦτα·
1329 1584 1454 1641 τότε
1510 1583 1568 1639 δὲ
1614 1584 1702 1640 καὶ
1751 1585 1860 1636 τῶν
1891 1590 1939 1655 Α

198 1672 573 1749 δορυαλώτων
605 1694 687 1735 τις
731 1675 947 1750 ἱερέων,
999 1675 1074 1737 εἰς
1121 1676 1214 1730 τὸν
1269 1675 1440 1747 Αἶμον
1499 1671 1863 1747 αἰχμάλωτος

193 1762 578 1838 ἀπαγόμενος,
614 1760 783 1817 δεῖται
833 1767 930 1818 τοῦ
993 1764 1151 1818 Ἀσάν
1209 1763 1494 1842 ἀφεθῆναι,
1548 1758 1594 1815 δ’
1639 1761 1859 1837 ὁμοφωο

189 1852 313 1912 νίας
346 1850 424 1912 ὠς
451 1847 592 1925 ἴδρις
623 1858 724 1920 τῆς
753 1855 863 1906 τῶν
895 1850 1130 1926 Βλάχων
1161 1858 1348 1928 φωνῆς
1379 1850 1456 1913 εἷς
1490 1845 1641 1905 ἔλεον
1696 1846 1855 1903 αὐτὸν

189 1938 627 2014 ἐκκαλούμενος.
697 1942 754 1995 Ὀ
822 1938 868 1995 δ’
944 1941 1231 2003 ἀνανεύσας
1323 1939 1486 2020 ἔφατο
1583 1936 1860 2012 μηδέποτε

192 2026 497 2104 προθέσθαι
572 2031 880 2103 Ῥωμαίους
956 2029 1238 2099 ἀπολύειν,
1322 2028 1449 2083 ἀλλ’
1534 2025 1857 2096 ἀπολλύειν,

191 2121 367 2173 τοῦτο
395 2118 499 2193 γὰρ
547 2119 635 2173 καί
697 2120 826 2174 Θεὸν
891 2118 1202 2192 βούλεσθαι.
1265 2119 1404 2193 Πρὸς
1458 2116 1631 2172 ὅ.τὸν
1689 2115 1856 2183 θύτην

195 2205 418 2280 λέγεται
521 2207 946 2283 ἁνθυπενεγκεῖν,
1060 2207 1380 2277 στενάξαντα
1482 2205 1664 2278 βύθιον
1763 2203 1855 2257 καὶ

194 2291 460 2368 δακρύοις
509 2297 576 2350 τὰ
633 2295 857 2369 ὄμματα
910 2297 1191 2370 τέγξαντα,
1258 2292 1388 2368 μηδ’
1484 2292 1632 2366 αὐτῷ
1724 2292 1853 2347 Θεὸν

197 2382 598 2438 ὑπολείπεσθαι
675 2384 1002 2459 οἰκτίρμονα
1075 2383 1190 2447 ἀνθ’
1266 2385 1339 2437 ὧν
1421 2383 1520 2437 οὐκ
1610 2381 1850 2453 ἐμνήσθη

185 2477 427 2541 ποιῆσαι
472 2468 625 2534 ἔλεος
677 2472 811 2545 μετᾶ
865 2472 1098 2544 πένητος
1159 2469 1351 2547 ἀνδρὸς
1409 2468 1498 2526 διὰ
1554 2469 1853 2544 ἱερωσύνης

182 2564 314 2633 Θεῷ
346 2560 771 2631 πλησιάζοντος,
826 2560 990 2636 ἐγγὺς
1045 2558 1103 2616 δέ
1162 2562 1214 2615 οἰ
1274 2561 1602 2635 παρεστάναι
1647 2557 1738 2613 καὶ
1789 2558 1852 2613 τὸ

177 2656 295 2718 τῆς
331 2656 476 2719 ζωῆς
506 2651 700 2726 τέρμα,
732 2653 823 2707 καὶ
853 2657 1015 2707 τοῦτο
1050 2653 1127 2724 μή
1176 2651 1251 2714 ὠς
1301 2654 1355 2706 ἓν
1414 2650 1645 2723 μαλακῷ
1699 2649 1851 2720 ὕπνῳ

183 2744 273 2810 τῷ
303 2745 517 2818 φυσικῷ
578 2741 731 2815 μόρῳ
779 2738 1230 2814 ἐπελεύσόμενον,
1282 2739 1406 2797 ἀλλ’
1457 2739 1533 2801 ὠς
1581 2736 1739 2801 εἴωθε
1786 2736 1853 2792 τά

183 2828 429 2885 πλεῖστα
484 2834 600 2891 τοῖς
658 2828 908 2904 σφάττειν
969 2829 1021 2885 ἐν
1094 2829 1342 2906 μαχαίρᾳ
1405 2828 1846 2905 προτιθεμένοις.

2043 1582 2096 1635 5.
2131 1579 2233 1634 Ηίο
2264 1578 2422 1634 illius
2452 1581 2838 1652 expeditionis
2871 1583 3061 1640 exitus
3095 1585 3223 1640 fuit.
3258 1587 3405 1644 Tum
3434 1587 3609 1644 etiam

1965 1668 2203 1739 quidam
2253 1669 2516 1740 captivus
2566 1671 2860 1741 sacerdos,
2898 1673 3177 1728 Blachicae
3224 1674 3437 1747 linguas
3470 1677 3616 1748 peri-

1966 1762 2082 1820 tus,
2119 1775 2250 1813 cum
2297 1759 2355 1813 in
2395 1758 2658 1814 Haemum
2707 1760 3112 1828 abduceretur,
3145 1765 3393 1819 Asanem
3446 1766 3616 1819 mise-

1965 1847 2131 1902 rabili
2179 1847 2442 1903 oratione
2472 1849 2802 1904 obtestatus
2836 1854 2901 1904 ut
2950 1867 3012 1905 se
3042 1851 3384 1919 dimitteret,
3420 1854 3518 1908 ubi
3558 1854 3613 1909 id

1964 1935 2062 1990 ille
2095 1936 2304 2002 renuit,
2338 1953 2526 2008 neque
2566 1937 2721 1992 enim
2756 1938 2867 1993 sibi
2924 1941 3289 2011 propositum
3332 1958 3462 1998 esse
3494 1943 3605 1997 Ro-

1964 2041 2169 2080 manos
2218 2025 2508 2080 dimittere
2554 2028 2653 2081 sed
2705 2027 2966 2097 perdere,
3017 2028 3193 2098 idque
3254 2032 3364 2084 Deo
3423 2030 3599 2086 etiam

1963 2114 2213 2183 probari,
2245 2113 2342 2170 ille
2383 2130 2518 2171 cum
2569 2114 2687 2169 alto
2736 2116 2988 2186 suspirio
3036 2122 3094 2173 et
3136 2118 3408 2189 lacrymis
3458 2120 3591 2175 sub-

1956 2203 2168 2272 jecisse
2216 2204 2397 2258 fertur
2443 2219 2549 2258 nec
2590 2204 2700 2274 ipsi
2748 2204 3029 2275 reliquam
3072 2222 3197 2261 esse
3243 2207 3343 2263 Dei
3378 2208 3604 2262 miseri-

1961 2292 2243 2359 cordiam,
2277 2293 2432 2365 quod
2462 2292 2565 2349 viri
2606 2295 2903 2364 pauperis,
2935 2294 3049 2350 Deo
3096 2296 3170 2351 ob
3214 2296 3601 2353 sacerdotium

1960 2380 2286 2448 familiaris,
2320 2397 2435 2436 non
2459 2381 2537 2435 sit
2568 2381 2860 2450 misertus,
2889 2398 2954 2437 ac
2987 2383 3203 2439 instare
3225 2384 3275 2438 ei
3303 2396 3604 2440 cruentum

1961 2470 2087 2524 vitae
2118 2471 2359 2538 exitum,
2391 2469 2548 2541 quali
2573 2470 2839 2526 homines
2872 2471 3230 2542 sanguinarii
3266 2472 3602 2544 plerumque

1961 2559 2147 2629 perire
2190 2559 2435 2614 soleant.
2482 2557 2596 2613 Nec
2649 2559 2852 2614 fefellit
2899 2574 2967 2615 ea
3010 2561 3319 2617 sacriliculi
3371 2563 3603 2618 divina-

1959 2650 2074 2717 tio;
2124 2664 2256 2702 nam
2318 2646 2486 2717 paule
2531 2651 2662 2718 post
2718 2647 2871 2702 6I8
2931 2647 2989 2702 in
3050 2649 3295 2720 Mysiam
3341 2666 3605 2708 reversus

1959 2756 1993 2794 a
2040 2737 2413 2794 familiarium
2460 2753 2703 2793 suorum
2755 2739 3009 2810 quodam
3053 2740 3378 2809 occiditur;
3431 2742 3605 2812 idque

1956 2827 2065 2883 hoc
2112 2827 2281 2882 modo
2333 2826 2549 2881 factum
2605 2832 2713 2881 est.
2765 2828 3009 2891 Quidam
3070 2833 3278 2884 natura
3315 2834 3374 2885 et
3428 2833 3608 2888 mori-

184 2918 296 2974 Καί
330 2917 394 2972 ού
440 2914 649 2973 διέπεσε
687 2923 785 2973 τοῦ
842 2917 1127 2988 θυηπόλου
1182 2921 1246 2974 τὸ
1295 2917 1611 2994 πρόρῥημα·
1668 2918 1848 2990 μικρῷ

1959 2918 2068 2972 bus
2107 2917 2155 2972 ei
2188 2916 2420 2983 similis,
2454 2922 2512 2971 et.
2540 2914 2749 2971 intima
2798 2916 3191 2974 familiaritate
3227 2920 3603 2989 conjunctus,

180 3007 296 3082 γὰρ
338 3006 560 3082 ὕστερον
616 3007 692 3070 εἰς
740 3010 840 3078 τὴν
899 3007 1107 3065 Μυσίαν
1156 3007 1442 3078 ἐπανηκὼς
1499 3007 1645 3082 παρὰ
1700 3024 1847 3066 τινος

180 3100 300 3150 τῶν
361 3095 579 3151 οἰκείων
636 3094 1049 3172 διαχειρίζεται.
1109 3100 1206 3153 Ἢν
1264 3094 1321 3151 δὲ
1374 3094 1635 3171 ότρόπος
1688 3092 1844 3156 οὗτος

190 3188 294 3248 τῆς
352 3185 523 3239 αὐτοῦ
580 3186 924 3260 ἀναιρέσεως.
992 3188 1160 3259 Ἀνήρ
1244 3205 1328 3246 τις
1388 3184 1640 3262 ὁμοφυής
1699 3183 1846 3255 αὐτῷ

175 3272 275 3325 καὶ
331 3271 647 3347 ὁμότροπος
704 3273 795 3328 καὶ
855 3274 901 3345 ᾧ
957 3274 1097 3329 πάνυ
1183 3269 1553 3347 προσέϐλεπεν
1635 3273 1845 3345 ἥμερον

192 3354 463 3435 (Ἰϐαγκὸς
523 3356 698 3433 ὄνομα
761 3359 924 3434 τῷδε’
1014 3361 1269 3433 σημαίνει
1348 3359 1405 3416 δὲ
1461 3363 1496 3430 ἡ
1552 3359 1696 3430 λέξις
1756 3360 1847 3415 τὸν

190 3449 490 3523 Ἰωάννην),
520 3454 590 3523 τῇ
620 3452 719 3520 τῆς
767 3452 1025 3525 γυναικὸς
1085 3451 1254 3506 αὐτοῦ
1310 3451 1622 3526 κασιγνήτῳ
1671 3449 1847 3524 λάθρα

191 3540 525 3613 συνήρχετο.
580 3540 893 3612 Πυθόμενος
954 3541 1045 3596 οὖν
1099 3540 1165 3595 τὰ
1228 3546 1329 3609 τῆς
1390 3539 1587 3612 μίξεως
1646 3538 1847 3598 ἐκεῖνος

182 3628 247 3682 τά
288 3628 388 3700 μὲν
442 3632 635 3701 πρῶτα
690 3627 769 3691 εἰς
826 3628 1051 3693 εὐθύνας
1096 3629 1202 3704 ἦγε
1258 3629 1359 3698 τὴν
1414 3629 1714 3701 ὁμευνέτιν,
1754 3627 1847 3681 καὶ

179 3715 418 3770 θανάτου
448 3714 612 3788 ἐτίμα
655 3717 757 3784 τὴν
819 3715 908 3771 ἐπὶ
956 3722 1071 3779 τοῖς
1122 3714 1424 3791 δρωμένοις
1484 3717 1845 3792 παρασιώπη⁸

177 3822 289 3859 σιυν
356 3803 434 3867 ὠς
502 3801 550 3858 δ’
610 3802 806 3869 ἄλλοις
860 3825 919 3860 τε
983 3804 1140 3860 αὐτὸν
1196 3808 1231 3875 ἡ
1288 3806 1424 3881 γυνή
1493 3806 1682 3882 λόγοις
1747 3810 1845 3861 τοῦ

178 3893 376 3967 φονίου
436 3893 738 3963 κατηύναζε
790 3892 1112 3968 βλέμματος
1163 3893 1255 3949 καὶ
1301 3896 1650 3968 ὁρμήματος,
1700 3893 1848 3950 ἀλλά

176 3982 250 4051 δή
286 3982 381 4037 καὶ
410 3986 492 4052 τῷ
534 3983 828 4058 προσάγειν
888 3981 1106 4057 ὕστερον
1136 3982 1212 4045 ὠς
1264 3982 1478 4046 είκαίως
1521 3983 1670 4059 χολᾷ
1719 4004 1844 4051 κατ,

184 4071 391 4139 αότῆς,
451 4067 691 4146 ἀκριϐῶς
747 4072 848 4147 γὰρ
907 4076 1154 4127 κακεῖνον
1237 4070 1304 4126 τὰ
1361 4074 1481 4146 περὶ
1540 4074 1640 4141 τὴν
1705 4072 1844 4144 μίξιν

180 4161 423 4229 ταυτηνί
454 4157 773 4228 συνειδέναι,
802 4160 895 4215 τὸν
948 4162 1085 4215 κατὰ
1126 4166 1227 4230 τῆς
1279 4157 1622 4236 ὁμολέκτρου
1670 4161 1844 4236 χόλον

184 4250 268 4311 εἷς
299 4242 552 4322 Ἰϐαγκὸν
611 4249 954 4321 μετατίθησι,
1010 4250 1100 4304 καὶ
1161 4247 1227 4320 δὴ
1291 4250 1696 4322 μεταπέμπεται
1751 4248 1842 4303 τὸν

180 4336 362 4408 ἄνδρα
391 4341 501 4392 τῶν
529 4342 735 4393 νυκτῶν
769 4338 930 4412 ἀωρὶ,
975 4336 1143 4410 μηδὲν
1176 4339 1428 4416 καθυφεὶς
1475 4345 1579 4408 τῆς
1638 4339 1839 4411 ὁρμῆς.

177 4431 242 4483 Ὀ
279 4425 340 4482 δὲ
370 4428 433 4481 τὸ
462 4434 559 4495 τῆς
612 4428 802 4502 χρείας
854 4424 1054 4502 ἔξωρον
1110 4427 1209 4482 οὐκ
1253 4427 1493 4482 ἀναιτιον
1544 4426 1634 4482 καὶ
1689 4426 1841 4480 ἀνεύ-

182 4521 344 4572 θυνον
383 4516 590 4586 οἰηθεὶς
621 4515 674 4580 ἐς
718 4518 817 4585 τὴν
865 4516 1051 4591 αὔριον
1100 4518 1199 4585 τὴν
1247 4514 1419 4595 ἄφιξιν
1476 4516 1840 4591 ὑπερτίθεται.

183 4610 272 4680 [Ρ.
330 4607 460 4678 302]
509 4605 748 4660 Ἐκείνου
809 4602 853 4660 δ’
904 4603 969 4660 αὖ
1029 4603 1195 4660 πάλιν
1248 4604 1559 4679 ἐγκειμένου
1614 4603 1704 4658 καί
1765 4605 1840 4677 μὴ

184 4694 377 4772 εὲἑρειν
437 4687 662 4766 ἔχοντος
727 4692 826 4761 τῆν
879 4692 1160 4766 ῥᾳστώνην
1221 4691 1298 4757 ὡς
1346 4688 1667 4767 παρόρασίν»
1725 4712 1848 4746 “0"

184 4787 379 4838 νοῦται
434 4786 551 4842 τοῖς
608 4787 747 4844 mo"
781 4784 920 4855 αἷμα
973 4781 1063 4836 καὶ
1122 4780 1304 4859 φίλοις
1362 4783 1424 4837 τὸ
1498 4783 1758 4851 ποιητέον
1819 4782 1846 4836 ὁ

188 4868 464 4947 ’18αγκὸς,
497 4870 571 4932 είς
613 4874 738 4925 νοῦν
791 4869 889 4945 ὀψὲ
933 4892 1064 4926 ποτε
1115 4869 1299 4945 βαλὼν
1340 4873 1403 4926 τὸ
1461 4878 1560 4941 τῆς
1616 4871 1847 4949 ἀφίξεως

185 4958 388 5015 αἴτιον.
425 4960 487 5012 Οἱ
547 4956 592 5014 δ’
642 4958 961 5023 ὑποτιθέασι
1007 4960 1187 5031 τούτῳ
1242 4961 1343 5029 τὴν
1398 4966 1635 5034 προτενῆ
1694 4981 1848 5036 περι-

188 5051 467 5121 ζώσασθαι
537 5069 837 5125 μσχαιραν,
892 5049 983 5105 καὶ
1048 5049 1250 5119 ταύτην
1303 5055 1383 5123 τῷ
1440 5050 1645 5123 ίματίῳ
1700 5049 1851 5106 ἐνθά·

191 5144 375 5215 ψαντα
405 5137 685 5208 εἰσελθεῖν,
736 5138 828 5194 καὶ
882 5143 979 5194 τοῦ
1042 5139 1135 5212 μὲν
1192 5139 1354 5196 Ἀσάν
1411 5140 1592 5214 ἠρέμα
1655 5161 1849 5215 προσε-

189 5228 606 5298 πιπλήττοντος
636 5227 820 5283 καὶτὸ
868 5232 966 5283 τοῦ
1018 5232 1192 5301 θυμοῦ
1238 5229 1355 5283 κατ’
1398 5226 1565 5283 αύτοῦ
1619 5229 1847 5305 βράττον

190 5313 387 5392 ὕϐρεσι
416 5320 884 5389 συμμετροῖνιτος,
909 5316 999 5371 καὶ
1039 5322 1159 5378 τοῖς
1218 5314 1436 5379 λοιποῖς
1469 5316 1502 5371 ἅ
1533 5318 1609 5390 μή
1663 5316 1850 5389 λυμή-

193 5422 360 5478 νηται
418 5406 483 5461 τὸ
542 5412 704 5479 σῶμα
758 5408 857 5475 τὴν
911 5405 1136 5461 κόλασιν
1221 5404 1597 5484 ἀφορίζοντος,
1675 5404 1851 5482 φέρειν

192 5494 459 5571 γενναίως
489 5493 578 5549 καί
635 5495 734 5563 τήν
796 5492 877 5571 ἐφ’
931 5495 1019 5556 οἷς
1076 5493 1222 5550 ἑάλω
1280 5493 1665 5568 παραλύπησιν
1722 5516 1848 5571 συγ-

193 5585 431 5662 γνώμην
462 5582 652 5639 αἰτεῖν·
698 5585 749 5637 εἷ
804 5581 848 5636 δ’
908 5582 1112 5645 ἐκεῖνος
1167 5580 1346 5657 διφῲη
1404 5584 1467 5640 τὸ
1523 5583 1675 5661 ξίφος
1734 5586 1849 5640 κατ’

196 5672 387 5745 αὐτοῦ,
442 5676 738 5745 τηνικαῦτα
794 5670 1040 5728 κάκεῖνον
1099 5669 1462 5748 ἀνδρίζεσθαι,
1540 5673 1628 5727 καὶ
1690 5672 1851 5729 σπεύ-

444 5792 715 5857 Persea.
764 5793 871 5854 Ga.
921 5790 1242 5855 CXXXIX.

1955 3006 2194 3061 nomine
2239 3006 2490 3061 Ibancus
2537 3004 2640 3069 (sic
2683 3005 2941 3061 Joannes
2988 3023 3022 3061 a
3068 3006 3300 3063 Blachis
3348 3008 3604 3077 dicitur),

1951 3097 2103 3153 clam
2156 3113 2287 3152 cum
2348 3096 2547 3151 uxoris
2592 3098 2719 3165 ejus
2775 3113 2970 3152 sorore
3025 3104 3429 3156 consueverat.
3476 3100 3599 3165 Quo

1952 3191 2159 3257 stupro
2204 3190 2520 3255 comperto,
2572 3185 2855 3257 principio
2905 3202 3141 3243 uxorem
3188 3189 3500 3244 accusabat
3548 3196 3607 3245 et

1953 3281 2183 3347 propter
2250 3276 2380 3345 ejus
2457 3273 2728 3330 facinoris
2804 3274 3329 3332 dissimulationem
3396 3277 3603 3349 capitis

1953 3364 2288 3419 damnabat.
2326 3364 2372 3416 A
2398 3378 2513 3433 quo
2563 3361 2783 3416 crudeli
2820 3362 3114 3433 proposito
3144 3380 3278 3418 cum
3310 3364 3441 3421 aliis
3473 3382 3602 3422 ver-

1952 3456 2042 3511 bis
2070 3454 2267 3510 uxoris
2299 3470 2421 3509 sua:
2451 3452 2785 3523 deterritus,
2819 3458 2944 3509 tum
2975 3471 3042 3510 eo
3076 3455 3231 3527 quod
3265 3456 3604 3513 afﬁrmabat

1951 3543 2148 3616 ipsum
2183 3557 2415 3614 quoque
2446 3543 2573 3612 ejus
2610 3542 2690 3598 rei
2725 3542 2904 3614 probe
2935 3559 3181 3614 gnarum
3212 3560 3361 3613 esse,
3395 3545 3543 3602 iram
3573 3564 3606 3602 a

1951 3634 2196 3689 muliere
2229 3631 2291 3687 in
2327 3632 2604 3686 Ibancum
2627 3632 2930 3698 transfert,
2964 3647 3219 3703 eumque
3248 3633 3412 3688 nulla
3443 3649 3608 3689 mora

1951 3721 2289 3792 interposita
2337 3720 2691 3793 intempesta
2735 3727 2902 3779 nocte
2950 3724 3215 3778 accersit.
3251 3722 3307 3778 Is
3356 3739 3490 3778 vero
3545 3739 3612 3778 se

1951 3809 2139 3866 alieno
2185 3815 2445 3881 tempore
2492 3826 2607 3864 non
2658 3810 2781 3865 sine
2825 3810 2981 3881 gravi
3030 3826 3207 3866 causa
3252 3816 3310 3866 et
3357 3810 3603 3867 crimine

1950 3898 2141 3955 voeari
2173 3903 2357 3965 ratus,
2382 3899 2693 3953 adventum
2727 3915 2903 3953 suum
2937 3899 2993 3954 in
3027 3899 3351 3955 crastinum
3382 3899 3595 3956 differt.

1950 3988 2056 4043 Sed
2115 3986 2211 4042 ilio
2259 4003 2466 4042 rursus
2506 3985 2760 4041 instante
2790 3991 2846 4042 et
2878 3987 3459 4058 procrastinationem
3507 3988 3598 4044 sui

1952 4078 2352 4146 contemptum
2413 4074 2854 4145 interpretante,
2914 4075 3163 4131 Ibancus
3217 4074 3308 4130 vix
3363 4076 3599 4132 tandem

1952 4179 2130 4221 causa
2161 4178 2263 4218 cur
2307 4165 2608 4218 vocaretur
2655 4162 2971 4229 intellecta,
3004 4178 3137 4219 cum
3178 4164 3382 4220 amicis
3429 4172 3485 4220 et
3514 4182 3605 4220 co-

1952 4252 2139 4323 gnatis
2185 4250 2486 4307 deliberat.
2537 4251 2581 4305 Ii
2632 4255 2875 4306 monent
2924 4255 2984 4306 ut
3029 4250 3202 4326 longo
3251 4252 3441 4324 gladio
3490 4254 3601 4310 sub

1954 4345 2109 4398 veste
2130 4339 2417 4396 occultato
2449 4339 2742 4395 accinctus
2770 4338 3156 4411 ingrediatur.
3181 4342 3397 4406 Quodsi
3443 4345 3599 4399 Asan

1954 4446 2087 4487 eum
2121 4428 2343 4485 modice
2372 4428 2643 4499 obiurget
2696 4431 2754 4482 et
2792 4427 3102 4484 iracundiae
3153 4430 3435 4500 impetum
3466 4448 3603 4488 con-

1956 4518 2120 4574 viciis
2166 4516 2440 4572 terminet
2485 4516 2613 4571 sine
2660 4515 2922 4571 cruciatu
2968 4518 3243 4588 corporis,
3280 4524 3342 4574 ut
3381 4520 3608 4577 fortiter

1959 4609 2095 4663 ferat
2145 4611 2203 4662 et
2245 4604 2478 4676 culpam
2529 4606 2889 4676 deprecetur.
2921 4605 3024 4661 Sin
3077 4621 3275 4663 ensem
3322 4608 3602 4681 postulet,

1956 4702 2079 4752 tum
2111 4700 2167 4751 et
2194 4696 2318 4766 ipse
2347 4694 2536 4749 virum
2566 4708 2629 4748 se
2662 4694 2930 4764 praebeat,
2964 4699 3020 4750 et
3057 4711 3289 4767 operam
3322 4699 3420 4755 det
3449 4699 3602 4756 619

1959 4787 2368 4840 utantcvertat
2400 4782 2694 4837 hominem
2738 4782 3140 4853 impudentem
3185 4790 3243 4841 et
3284 4787 3606 4858 sanguina-

1962 4875 2135 4938 rium,
2170 4887 2272 4928 nec
2303 4870 2491 4927 ullum
2524 4870 2707 4926 ictum
2740 4871 2854 4927 nisi
2887 4872 3160 4929 lcthalem
3194 4875 3245 4930 ei
3277 4874 3507 4930 inferat.
3542 4875 3605 4931 Id

1962 4960 2274 5018 consilium
2328 4959 2573 5014 Ibancus
2618 4957 2819 5014 statim
2865 4961 3222 5033 exsequitur.
3272 4961 3418 5016 Nam
3466 4976 3602 5017 cum

1962 5050 2245 5106 Barbarus
2274 5046 2425 5104 nihil
2457 5047 2742 5103 moderati
2786 5047 2843 5103 in
2875 5064 3009 5105 eum
3056 5050 3360 5122 cogitaret,
3391 5049 3495 5106 sed
3526 5051 3597 5105 ad

1962 5138 2215 5211 primum
2248 5137 2376 5205 ejus
2406 5139 2782 5206 conspectum
2833 5138 3105 5193 efferatus
3134 5154 3330 5194 ensem
3379 5154 3603 5209 qurere-

1963 5232 2070 5294 ret,
2102 5225 2197 5282 ille
2229 5225 2453 5281 facinus
2483 5232 2732 5296 occUpat
2780 5232 2837 5280 et
2864 5241 3003 5282 ense
3044 5226 3103 5282 in
3138 5225 3374 5296 inguine
3416 5227 3606 5284 defixo

1963 5320 2208 5374 Asanem
2245 5314 2479 5370 occidit.
2513 5314 2657 5368 Inde
2686 5312 2921 5385 elapsus
2940 5316 3132 5370 statim
3159 5316 3232 5372 ad
3260 5316 3525 5375 conscios
3546 5335 3610 5376 se

1963 5404 2188 5476 recipit,
2214 5419 2279 5458 ac
2295 5401 2447 5458 cmde
2470 5399 2723 5456 indicata
2745 5417 2880 5458 cum
2914 5402 2999 5458 eis
3018 5401 3323 5459 consilium
3347 5403 3617 5463 defectio-

1964 5495 2053 5551 nis
2102 5493 2249 5548 init:
2284 5506 2476 5555 neque
2505 5488 2660 5544 enim
2714 5491 2941 5557 fratres,
2975 5495 3254 5563 cognatos
3305 5497 3363 5548 et
3393 5496 3613 5552 amicos

1960 5581 2248 5641 interfecti
2280 5580 2597 5652 quieturos.
2625 5579 2841 5646 Quodsi
2866 5595 2954 5635 res
2985 5596 3050 5637 ex
3080 5583 3369 5639 sententia
3388 5600 3619 5643 succes-

1961 5676 2123 5743 serit,
2148 5689 2209 5731 se
2241 5670 2465 5745 regioni
2498 5668 2580 5725 illi
2611 5676 2666 5726 et
2699 5671 2801 5728 toti
2832 5671 3023 5741 Mysia:
3050 5672 3265 5742 justius
3299 5678 3351 5730 et
3391 5678 3615 5750 {nquius

3310 5794 3383 5852 27
