4116 6206
393 337 513 398 847
1710 328 2028 391 ΝΙΟΕΤᾸΕ

2146 331 2486 393 lUNIAT/E
3700 331 3823 390 848

381 470 463 527 Τά
512 468 743 524 πλεῖστα
799 467 895 539 μὲν
946 463 1040 519 οὖν
1095 464 1123 518 ὁ
1179 463 1319 538 ἀνὴρ
1377 462 1536 523 οὕτος
1595 466 1713 523 τοῖς
1771 461 1895 535 περὶ
1947 461 2045 528 τήν
2107 460 2390 517 Φιλίππου
2447 462 2627 519 ἐπόνει
2676 462 2882 539 μέρεσι,
2927 464 3015 517 καὶ
3066 464 3133 532 ἦν
3185 461 3467 537 ἀγαπητὸν
3504 462 3830 533 Ῥωμαίοιέ

382 558 733 637 ἀντίφραγμα
797 559 903 608 τῶν
947 552 1006 608 ἐκ
1044 558 1142 607 τοῦ
1180 552 1366 628 γένους
1433 550 1637 607 ἐκείνου
1708 552 1841 624 μετᾶ
1912 556 2132 612 Σκυθῶν
2199 552 2499 627 συνάρσεως
2557 552 2808 623 ἐξιόντῶν
2866 552 2957 607 καὶ
3012 553 3308 625 κειρόντων
3368 552 3433 606 τὸ
3483 550 3802 625 προσπεσὸν

385 635 561 703 ἐνίοτε
592 643 652 700 δί
682 643 772 699 καὶ
810 645 1025 719 βασιλεῖ
1057 642 1426 712 συστρατεύων
1459 638 1821 718 διαφερόντως
1867 636 2040 693 ἐδόκει
2094 635 2445 713 δραστήριος.
2486 642 2583 704 Τίς
2617 639 2664 696 δ’
2713 642 2771 697 ἂν
2801 643 2892 696 καί
2923 642 3173 716 ἀριθμεῖν
3206 638 3424 695 δύναιτο
3453 639 3575 694 ὅσαι
3607 643 3699 693 καὶ
3736 639 3832 694 ὅτε

386 734 483 791 τοῦ
516 732 667 796 ἔτους
698 735 923 789 Σκυθῶν
961 733 1052 787 καὶ
1084 731 1322 806 Βλάχων
1356 730 1596 806 ἐγίνοντο
1628 725 1836 805 ἔφοδοι,
1867 728 1957 782 καὶ
1989 729 2081 782 οἷα
2111 725 2245 804 ἔργα
2272 726 2442 803 ἔδρων
2492 730 2719 799 ἀνόσια;
2770 736 3121 807 δίαρτυροῦσι
3153 728 3331 801 δήπου
3361 730 3431 784 τὰ
3460 729 3833 803 πεπραγμένα

392 828 427 890 ἦ
460 829 571 880 τῶν
602 824 740 897 πρὸς
771 824 952 895 Αἷμον
984 825 1184 896 χωρῶν
1222 818 1470 894 ἐρημίαι,
1498 814 1834 879 Μακεδονίας
1864 838 1922 871 τε
1951 815 2041 871 καὶ
2072 816 2286 891 Θρᾴκης
2317 820 2369 873 οἱ
2400 818 2636 894 ληϊσμοὶ
2668 819 2887 891 στηλῶν
2914 820 3003 876 καὶ
3033 816 3277 894 κύρϐεων
3306 813 3693 892 ἀκριϐέστερον
3724 832 3818 885 καὶ

386 913 673 987 ξυμπάσης
706 911 949 986 ἰστορίας
981 910 1327 985 τρανότερον.

458 1006 514 1059 7.
573 1003 772 1074 Neque
827 1018 956 1057 vero
1027 1018 1058 1057 a
1133 998 1691 1071 Septentrionalibus
1750 997 2030 1052 duntaxat

2220 998 2278 1066 ζ“.
2329 998 2407 1055 Οὐ
2442 1000 2609 1070 μόνον
2659 997 2716 1053 δέ
2770 1000 2835 1053 τὰ
2891 999 3026 1053 κατὰ
3082 999 3208 1057 τοὺς
3266 996 3401 1072 πρὸς
3433 994 3632 1067 ἄνεμον
3858 1042 3867 1048 ,

389 1093 651 1150 Barbaris
691 1091 931 1148 Romani
986 1098 1262 1161 perpetuo
1338 1088 1769 1160 premebantur,
1830 1086 1932 1141 sed
1981 1087 2037 1141 in

388 1182 616 1238 Oriente
642 1180 828 1236 Persis
848 1179 1024 1234 etiam
1053 1178 1247 1248 prada;
1296 1180 1478 1232 erant.
1512 1175 1652 1230 Nam
1684 1191 1815 1230 cum
1850 1175 2040 1245 impe-

388 1278 549 1327 rator
581 1286 715 1324 cum
770 1272 943 1323 Persa
986 1267 1254 1320 Galaticae
1296 1267 1532 1336 Ancyrae
1567 1264 1802 1319 domino
1837 1278 2036 1334 pacem

392 1377 509 1415 non
542 1360 792 1423 fecisset,
826 1358 926 1412 sed
965 1356 1171 1428 partim
1205 1353 1519 1409 amicitiam
1554 1354 1778 1423 ejus,ut
1804 1352 1901 1423 qui
1931 1351 2041 1406 Re-

393 1449 581 1505 manis
609 1463 814 1503 nocere
845 1462 960 1501 non
1006 1448 1219 1516 posset,
1261 1446 1603 1512 aspernatus
1634 1447 1800 1508 esset,
1834 1440 2044 1511 partim

393 1539 671 1608 pecuniae,
734 1552 858 1605 quas
910 1550 1014 1605 pro
1091 1548 1229 1603 pace
1297 1530 1718 1602 postulabatur,
1766 1536 2044 1600 parceret,

396 1642 577 1681 unum
626 1640 848 1679 annum
888 1627 944 1677 et
991 1638 1089 1676 sex
1136 1637 1365 1675 menses
1417 1619 1634 1674 bellum
1682 1619 2048 1672 continenter

394 1729 528 1769 cum
561 1728 626 1767 eo
659 1711 861 1782 gessit.
899 1712 1017 1774 Qua
1049 1709 1119 1764 de
1166 1724 1337 1762 causa
1367 1706 1510 1763 Cilix
1546 1706 1780 1761 Alexius
1820 1722 1883 1760 ea
1920 1722 2047 1776 quae

396 1800 723 1869 retulimus,
756 1798 915 1854 illius
971 1798 1210 1869 adjutus
1252 1796 1480 1868 opibus,
1516 1796 1785 1861 confecit,
1823 1799 1880 1850 et
1912 1794 2048 1850 urbs

396 1890 648 1946 Dadibra
676 1906 707 1944 a
750 1888 937 1942 Persis
980 1890 1262 1957 occupata
1319 1890 1426 1940 est.
1478 1883 1623 1939 Nam
1678 1900 1805 1939 cum
1842 1883 1889 1938 is
1922 1900 2044 1938 om-

401 1979 575 2033 nibus
615 1977 731 2032 suis
761 1975 943 2045 cepiis
984 1974 1248 2030 abductis
1278 1989 1338 2029 se
1370 1988 1483 2028 non
1517 1972 1651 2026 inde
1683 1987 2047 2027 recessurum

399 2066 552 2123 625
613 2066 985 2122 conﬁrmaret
1037 2062 1143 2117 nisi
1178 2061 1334 2116 illam
1388 2064 1794 2133 expugnasset,
1829 2060 2050 2117 obsidio

401 2164 645 2227 quatuor
679 2169 903 2209 menses
954 2152 1205 2215 duravit,
1238 2149 1583 2205 Dadibrenis
1628 2149 1860 2204 nomine
1884 2165 2049 2220 epcm

402 2246 643 2300 ferente.
703 2246 846 2297 Nam
908 2241 1220 2309 imperator
1276 2240 1386 2294 etsi
1439 2254 1533 2294 eos
1576 2254 1677 2309 per
1725 2238 2050 2293 nuntiosad

356 2344 361 2349 ‘
406 2334 627 2388 fortiter
658 2330 1047 2387 resistendum
1108 2327 1442 2383 hortabatur
1483 2332 1539 2382 et
1567 2326 1782 2381 auxilia
1821 2326 2045 2395 pellice-

406 2419 594 2485 batur,
627 2418 871 2473 subinde
921 2425 1107 2471 tamen
1141 2431 1259 2470 rem
1294 2413 1789 2485 procrastinabat;
1833 2424 1885 2469 et
1917 2413 2045 2466 tini-

407 2507 529 2563 tinii
572 2507 965 2578 Paphlagones
1013 2504 1244 2576 prepius
1296 2506 1565 2559 accedere
1619 2509 1676 2557 et
1724 2520 1895 2575 epcm
1964 2504 2049 2559 eis

403 2598 552 2652 ferre
600 2613 714 2651 non
774 2596 1079 2649 audebant.
1142 2592 1340 2663 Neque
1379 2609 1511 2647 vero
1571 2591 1792 2647 hostem
1840 2593 2050 2647 latebat

401 2703 499 2742 eos
527 2686 690 2741 omni
719 2684 934 2739 auxilio
965 2683 1271 2738 destitutos
1299 2689 1354 2735 et
1388 2682 1536 2736 fame
1569 2684 1751 2750 premi
1783 2690 1838 2735 et
1867 2699 1899 2734 a
1933 2697 2049 2735 ma-

398 2775 589 2832 chi‘nis
645 2772 978 2845 gravissime
1037 2770 1236 2841 afﬂigi,
1292 2770 1435 2824 Nam
1468 2786 1603 2826 cum
1648 2787 1802 2836 saxa,
1835 2770 1957 2825 calx
1993 2778 2046 2824 et

397 2868 680 2941 quidquid
738 2865 1038 2921 hominum
1073 2864 1199 2918 vitae
1235 2862 1564 2927 insidiatur,
1596 2879 1665 2917 ex
1705 2862 1950 2917 collibus
1987 2864 2042 2916 in

401 2957 652 3014 inediam
696 2954 894 3011 urbem
956 2953 1402 3023 conjicerentur,
1454 2950 1605 3007 mdes
1663 2951 2044 3007 diruebantur

394 3053 452 3101 et
490 3045 646 3117 putei
702 3042 1130 3099 inliciebantur.
1180 3044 1302 3094 Non
1363 3040 1544 3094 multo
1597 3049 1720 3111 post
1754 3039 1944 3094 missis
1973 3040 2044 3094 ab

392 3137 750 3207 imperatore
778 3132 1036 3200 auxiliis,
1070 3147 1193 3202 qua:
1226 3130 1282 3184 in
1317 3130 1475 3184 Baba
1497 3137 1692 3185 monte
1724 3138 1909 3184 castra
1938 3128 2038 3183 ba-

394 3225 628 3291 bcbant,
664 3222 847 3279 tribus
879 3218 1344 3276 adolescentibus
1393 3218 1661 3286 ducibus,
1719 3218 1901 3273 Brana
1932 3220 2040 3273 iste

394 3314 717 3380 Theodoro,
759 3309 1086 3366 Andronico
1146 3305 1488 3363 Catactlone
1529 3312 1586 3363 et
1619 3312 1830 3362 Cazane
1860 3308 2040 3362 'l‘bee-

398 3404 559 3470 dore,
620 3405 804 3456 Persae
852 3416 917 3455 ea
948 3414 1005 3453 re
1044 3404 1331 3467 comperta
1382 3412 1449 3451 ex
1482 3395 1711 3451 insidiis
1767 3412 1864 3451 eos
1911 3406 2042 3451 ante

397 3491 585 3547 lucem
633 3490 841 3556 adorti,
901 3493 961 3543 et
1008 3487 1184 3555 tergis
1263 3482 1608 3555 fugientium
1669 3483 2042 3556 inhaerentes,

395 3579 539 3636 alios
596 3577 955 3645 occiderunt,
1042 3574 1187 3630 alios
1245 3578 1544 3644 ceperunt,
1604 3580 1661 3627 et
1736 3574 1880 3629 duos
1934 3574 2039 3628 du-

393 3687 491 3727 ces
523 3669 675 3725 inter
703 3672 958 3724 caeteros.
991 3666 1141 3729 Quos
1174 3664 1338 3719 Persa
1359 3663 1628 3719 manibus
1658 3667 1786 3734 post
1815 3668 2038 3735 tergum

2153 1085 2247 1158 ῥᾶν
2302 1085 2780 1160 ἐκπολεμωθέντας
2837 1090 2972 1160 ἡμῖν
3036 1081 3344 1161 βαρϐάρους
3403 1084 3470 1153 ἦν
3537 1082 3625 1138 ἀεί
3692 1102 3815 1143 πως

2151 1172 2571 1249 ἐπικρατέστερά
2627 1197 2683 1231 τε
2728 1175 2819 1230 καὶ
2870 1171 3324 1246 δυσαντίϐλεπτα,
3377 1173 3523 1229 ἀλλά
3572 1175 3667 1227 καὶ
3700 1173 3820 1234 καθ’

2146 1259 2221 1317 ’ἐω
2270 1264 2335 1317 τὰ
2392 1263 2679 1336 Ῥωμαίων
2735 1263 2963 1337 Πέρσαις
3023 1262 3253 1333 ἐξέκειτο
3308 1262 3444 1336 πρὸς
3477 1262 3817 1339 ἀράντωσιν.

2154 1355 2243 1422 Μὴ
2298 1354 2400 1429 γὰρ
2456 1360 2536 1427 τῷ
2596 1354 2770 1428 Πέρσῃ
2826 1354 3182 1427 σπεισάμενος
3240 1356 3298 1416 δς
3357 1352 3633 1427 ’Λγκύρας
3673 1354 3822 1429 ἦρχε

2150 1449 2249 1511 τῆς
2282 1442 2613 1513 Γαλατικῆς,
2663 1441 2809 1499 ἀλλά
2865 1447 2943 1509 πῆ
3001 1444 3097 1513 μὲν
3144 1446 3243 1513 τὴν
3279 1445 3391 1515 μετ’
3424 1440 3595 1496 αἱ»τοῦ
3626 1441 3822 1521 φιλίαν

2152 1533 2279 1604 παρ’
2346 1530 2497 1587 οὐδὲν
2567 1534 2845 1597 τιθέμενος
2903 1532 2980 1593 ὡς
3039 1531 3402 1605 λυμαίνεσθαι
3494 1532 3823 1603 Ῥωμαίους

2153 1621 2257 1675 οὐκ
2288 1614 2537 1696 ἔχοντος,
2593 1628 2669 1690 πῆ
2738 1619 2793 1676 δέ
2847 1621 2972 1696 περὶ
3030 1621 3129 1689 τήν
3162 1617 3307 1675 δόσιν
3340 1625 3446 1674 τῶν
3506 1621 3822 1694 χρημάτων

2154 1711 2226 1763 ὧν
2290 1710 2421 1785 ὑπὲρ
2475 1712 2697 1784 εἰρήνης
2739 1706 2859 1784 ᾔτει
2917 1708 3479 1785 σμικρολογούμενος,
3512 1707 3820 1765 διετέλεσεν

2154 1795 2207 1858 ἐς
2280 1798 2479 1874 χρόνον
2530 1796 2623 1851 ’ἐνα
2675 1797 2764 1851 καὶ
2827 1803 3003 1869 μῆνας
3169 1795 3359 1868 ἐκείνῳ
3390 1792 3819 1873 διαφερόμενος⁸

2154 1884 2377 1958 Ἀμέλει
2406 1906 2489 1941 τοι
2541 1883 2631 1941 διὰ
2691 1890 2857 1941 ταῦτα
2914 1886 2943 1939 ὅ
3005 1907 3064 1941 τε
3125 1885 3288 1955 Κίλιξ
3329 1885 3574 1956 Ἀλέξιος
3606 1886 3709 1940 ὅσα
3742 1886 3823 1940 εῖ-

2156 1997 2330 2048 πομεν
2365 1972 2684 2048 διεπράξατο
2732 1976 2879 2050 παρά
2932 1979 3030 2029 τοῦ
3086 1976 3187 2043 τῆς
3244 1974 3517 2049 Ἀγκύρας
3549 1971 3822 2029 δυνάστου

2156 2061 2567 2138 ἐνισχυόμενος,
2612 2062 2646 2132 ἢ
2704 2084 2763 2118 τε
2818 2061 2984 2125 πόλις
3045 2057 3291 2138 Δάδιϐρα
3347 2061 3495 2118 ἐάλω
3554 2064 3643 2117 καὶ
3676 2066 3818 2136 Hip-

2156 2173 2273 2213 σαις
2331 2152 2618 2226 ὐπὲιιυψεν,
2679 2156 2850 2226 ’Ἄρας
2903 2153 3006 2229 γὰρ
3076 2153 3196 2226 μεθ’
3256 2151 3470 2222 ἀπάσης
3518 2153 3547 2207 ὁ
3602 2152 3815 2225 Πέρσης

2158 2242 2321 2297 αὐτοῦ
2380 2245 2465 2315 [Ρ.
2500 2244 2625 2315 305]
2679 2249 2782 2311 τῆς
2830 2238 3108 2315 δυνάμεως
3164 2243 3251 2296 καὶ
3303 2242 3427 2317 περὶ
3457 2242 3688 2313 ταυτηνὶ
3717 2244 3817 2311 τήν

2157 2329 2319 2385 πόλιν
2382 2330 2567 2405 βαλὼν
2628 2328 2991 2405 στρατόπεδον
3047 2329 3270 2403 ἐπέμειε
3309 2328 3657 2404 πολιορκῶν.
3690 2333 3819 2404 Τρι-

2157 2414 2391 2492 ϐομένου
2424 2416 2481 2474 δέ
2515 2423 2613 2474 τοῦ
2670 2418 2861 2495 καιροῧ
2916 2419 2991 2480 εἷς
3053 2422 3222 2491 μῆνας
3258 2419 3350 2491 μὲν
3381 2422 3414 2487 ἡ
3448 2418 3820 2493 πολιόρκησις

2153 2508 2429 2582 παρετάθη
2486 2508 2767 2582 τέσσαρας,
2827 2507 3116 2581 ἐπικουρία
3159 2504 3205 2562 δ’
3262 2508 3326 2576 ἦν
3390 2505 3645 2580 οὐδαμοῦ
3702 2515 3829 2569 τοῖς

2154 2592 2514 2669 Δαδιῧρηνοῖς
2563 2597 2787 2653 ἐπιοῦσα
2844 2596 2902 2653 ἐκ
2957 2602 3063 2652 τῶν
3124 2595 3298 2657 ἐκτός’
3359 2598 3389 2651 ὅ
3448 2618 3506 2651 τε
3565 2599 3674 2674 γὰρ
3730 2600 3825 2673 βα-

2150 2685 2333 2748 σιλεὺς
2388 2686 2433 2741 εί
2490 2686 2577 2741 καὶ
2630 2688 2863 2759 πέμπων
2918 2686 3097 2761 ἐνῆγεν
3157 2685 3351 2747 αὐτοὺς
3405 2686 3654 2761 ἀντέχειν
3699 2708 3818 2762 γεν-

2148 2776 2311 2837 ναίως
2376 2776 2467 2829 καὶ
2545 2777 2933 2850 συμμαχήσειν
3005 2772 3505 2849 κατεπηγγέλλετο,
3577 2769 3812 2847 ἔμελλεν

2148 2862 2227 2917 ἀεί
2261 2884 2376 2925 πως
2415 2863 2504 2918 καὶ
2562 2861 2830 2930 ἀνεδύετο,
2885 2864 2977 2918 καὶ
3037 2865 3088 2917 οἱ
3131 2863 3394 2937 πρόσοροι
3456 2861 3815 2941 Ιιααρλαγόνες

2148 2952 2328 3027 ἀγχοῦ
2378 2974 2482 3007 που
2539 2952 2818 3027 προσιέναι
2875 2952 2967 3007 καὶ
3018 2950 3288 3026 ἐπαμῦναι
3341 2949 3607 3024 οὐδαμῶς
3662 2952 3819 3026 ἐθέρ-

2151 3042 2341 3119 ῥησαν.
2397 3044 2565 3117 Ἀτάρ
2625 3044 2676 3097 οἱ
2736 3042 3203 3118 πολιορκούμενοι
3257 3042 3395 3116 πρὸς
3455 3046 3631 3096 πΞὶπαν
3678 3042 3815 3098 ἀπεο

2148 3133 2420 3207 γνώκεσαν
2452 3133 2693 3208 ἀρωγὴν,
2747 3134 2839 3187 καὶ
2899 3130 3065 3202 δῆλοι
3117 3134 3251 3201 ἦσαν
3304 3132 3456 3206 λιμῷ
3485 3134 3812 3203 πιεζόμενοι

2146 3222 2236 3276 καὶ
2264 3228 2386 3283 ταῖς
2416 3216 2780 3295 πετροϐόλοις
2829 3226 3108 3299 μηχαναῖς
3159 3221 3427 3291 ἀνήκεστα
3474 3220 3813 3295 πάσχοντες·

2145 3310 2273 3373 τοὺς
2331 3311 2435 3387 γὰρ
2493 3308 2680 3375 λίθους
2736 3310 2797 3365 ἐκ
2851 3317 2959 3366 τῶν
3022 3308 3213 3381 ἔξωθεν
3271 3308 3536 3387 γηλόφων
3583 3312 3784 3366 κατᾶτ

2151 3402 2313 3473 μέσον
2355 3400 2592 3479 ἀφιεῖσαι
2649 3407 2748 3470 τῆς
2801 3398 3023 3463 πόλεως
3075 3400 3170 3461 τὰς
3212 3399 3389 3460 οἰκίας
3443 3402 3822 3471 κατήρειπονι,

2143 3489 2332 3545 τίταιά
2361 3510 2419 3545 τε
2475 3488 2908 3559 διακοντίζουσαι
2967 3490 3058 3544 καὶ
3115 3495 3217 3543 πᾶν
3271 3485 3459 3562 ἓτερον
3498 3488 3813 3560 ἀνθρώποις

2147 3573 2444 3634 ἐπίϐουλον
2518 3574 2980 3653 ἀκροϐολίζουσαι
3036 3579 3103 3632 τὰ
3161 3576 3357 3652 δοχεῖα
3419 3582 3529 3632 τῶν
3603 3575 3816 3633 ὑδατων

2147 3668 2409 3745 ἠφάνιζον
2465 3667 2554 3723 καὶ
2610 3668 2677 3723 τα
2732 3669 2874 3723 ποτα
2924 3666 3187 3741 ἡχρείουν
3258 3667 3469 3721 ἑστῶτα
3530 3663 3656 3722 ὄντα
3715 3669 3806 3721 καί

395 3759 668 3815 revinctis
724 3756 877 3812 626
929 3755 1186 3825 undique
1240 3751 1669 3809 circumductos
1723 3754 1791 3808 iis
1832 3754 1931 3822 qui
1974 3751 2032 3807 in

2171 3729 2181 3737 .
2202 3729 2212 3745 ,
2332 3729 2348 3739 .
2949 3729 3023 3741 η..

2152 3758 2226 3829 μὴ
2259 3754 2608 3829 πλανώμενα.
2644 3756 2778 3813 Μετ’
2808 3753 2870 3810 οὐ
2900 3754 3074 3809 πολὺν
3108 3752 3165 3809 δέ
3194 3776 3316 3809 τινα
3348 3754 3556 3829 χρόνον
3590 3754 3801 3829 βασιλι-

392 3850 693 3910 maznibua
712 3854 876 3902 erant
917 3843 1275 3911 ostendebat,
1308 3856 1549 3897 monens
1604 3845 1667 3896 ut
1699 3841 1894 3896 urbem
1928 3841 2033 3912 pri-

392 3954 634 4009 u~quam
669 3936 801 3992 belli
835 3933 1104 3990 fluctibus
1162 3932 1520 3997 obrueretur,
1566 3931 1674 3985 sibi
1711 3932 2034 4003 gubernan-

386 4028 519 4082 dam
553 4025 848 4081 traderent
880 4041 892 4077 :
930 4037 1111 4092 neque
1142 4020 1294 4075 enim
1321 4034 1482 4089 spem
1516 4017 1719 4074 salutis
1753 4020 1925 4075 ullam
1953 4022 2035 4076 eis

385 4131 730 4186 superesse;
795 4126 979 4183 atque
1036 4126 1095 4166 se
1149 4110 1282 4165 inde
1330 4124 1692 4163 recessurum
1735 4108 1843 4163 nisi
1892 4108 2032 4164 urbe

384 4212 729 4279 expugnata.
764 4205 861 4260 His
909 4200 1251 4276 spectaculis
1282 4206 1333 4255 et
1357 4199 1722 4255 sermonibus
1754 4201 2030 4255 Dadibre-

384 4295 446 4350 ni
482 4294 642 4350 lraeti
668 4294 740 4349 ad
802 4293 1097 4364 pactiones
1125 4288 1502 4356 descendunt,
1537 4287 1765 4359 iniquas
1795 4288 2029 4359 quidem

386 4384 538 4452 illas,
616 4382 714 4437 sed
772 4398 922 4453 quas
1008 4379 1288 4449 temporis
1339 4377 1620 4450 angustias
1707 4383 1763 4433 et
1816 4378 2028 4433 durum

386 4472 564 4527 telum
649 4469 958 4525 necessitas
1034 4467 1382 4538 flagitabant.
1463 4468 1747 4522 Annuunt
1821 4483 1884 4522 se
1938 4481 2028 4521 ur-

387 4560 519 4614 bem
544 4558 773 4629 penitus
801 4558 1152 4618 deserturos.
1196 4562 1260 4610 ut
1289 4555 1497 4625 cuique
1539 4570 1669 4610 cum
1693 4555 1820 4610 suis
1850 4555 2027 4611 caris-

389 4647 556 4703 simis
585 4653 638 4701 et
677 4645 1134 4717 supellectilibus
1176 4642 1452 4699 incolumi
1487 4644 1646 4700 abire
1673 4643 1874 4699 liceret
1914 4660 2029 4717 quo

386 4734 597 4793 vellet:
632 4750 816 4807 neque
856 4735 1012 4790 enim
1036 4733 1324 4788 Barbarus
1367 4748 1462 4787 eos
1494 4732 1552 4787 in
1584 4734 1767 4803 patria
1797 4749 2031 4790 manere

385 4830 442 4881 ct
473 4824 688 4880 tributa
735 4823 1024 4895 pensitare
1051 4821 1169 4894 pati
1216 4819 1412 4875 voluit.
1448 4819 1549 4875 His
1596 4820 2029 4878 conditionibus

372 4912 761 4987 jurejurando
793 4912 1239 4976 lirmatis,Persa
1270 4908 1468 4962 urbem
1503 4907 1623 4964 suis
1656 4908 2031 4980 popularibus

378 5003 746 5060 incolcndam
784 5001 959 5067 dedit,
993 5001 1148 5055 cives
1179 4999 1236 5053 in
1278 4996 1422 5051 alias
1478 5004 1646 5065 atque
1677 4999 1817 5052 alias
1848 5001 2028 5072 regie-

2144 3848 2246 3910 κῆς
2272 3843 2585 3919 ἐπικουρίας
2617 3844 2921 3923 ἀφιγμένης
2954 3844 3042 3898 καὶ
3075 3844 3210 3897 κατά
3250 3843 3346 3897 τὸν
3374 3838 3555 3900 Βαϐαν
3578 3843 3632 3897 τὸ
3663 3838 3788 3917 ὄρος

2144 3933 2534 4007 αὐλισαμὲνης,
2579 3933 2644 4001 ἧς
2693 3932 2868 4008 ἦρχον
2936 3933 3187 4007 μείρακες
3252 3937 3423 4007 τρεῖς,
3492 3934 3520 3987 ὁ
3586 3934 3796 4006 Βρανᾶς

2145 4023 2302 4087 οὗτος
2358 4020 2659 4097 Θεόδωρος,
2716 4023 2744 4077 ὁ
2806 4021 3138 4078 Κατακαλὼν
3208 4018 3564 4093 Ἀνδρόνικος
3627 4021 3723 4075 καὶ
3772 4022 3800 4075 ὁ

2145 4114 2392 4183 Καζάνης
2446 4109 2747 4187 Θεόδωρος,
2817 4112 2893 4174 ὡς
2958 4108 3189 4185 ᾔσθοντο
3232 4112 3282 4165 οἱ
3326 4110 3548 4184 Πέρσαι,
3591 4110 3802 4185 λόχους

2145 4201 2552 4273 ὑποκαθίζουσι,
2609 4201 2701 4256 καὶ
2792 4202 2962 4273 μήπω
3041 4197 3517 4276 παρανατειλάσης
3592 4202 3805 4271 ἡμερας

2144 4290 2450 4362 ἐπιθέμενοι
2516 4290 2604 4344 καὶ
2671 4290 2959 4367 φεύγουσιν
3028 4289 3255 4344 κατόπιν
3318 4287 3662 4360 ἐπικείμενοι
3715 4289 3805 4348 οὓς

2144 4380 2240 4452 μὲν
2296 4373 2550 4447 ἔκτειναν,
2621 4377 2713 4440 οὕς
2781 4376 2838 4433 δέ
2911 4376 3266 4455 συνειλήφασι
3311 4381 3542 4446 ζῶντας,
3585 4384 3708 4449 μεθ’
3734 4376 3803 4431 ὧν

2141 4467 2384 4531 καὶτοὺς
2430 4464 2525 4522 δύο
2585 4468 2941 4544 στρατηγούς.
3004 4467 3106 4523 Καὶ
3163 4466 3391 4529 τούτους
3426 4487 3803 4538 περιηγκωνι-

2141 4558 2367 4630 σμένους
2448 4557 2543 4619 τὰς
2631 4562 2821 4631 χεῖρας
2884 4556 3072 4628 κύκλῳ
3149 4557 3422 4631 περιάγων
3490 4556 3517 4609 ὁ
3592 4552 3805 4629 Πέρσης

2140 4645 2347 4702 ἐδείκνυ
2390 4651 2507 4707 τοῖς
2576 4644 2664 4701 ἐπὶ
2721 4650 2826 4700 τῶν
2876 4650 3099 4721 τειχῶν,
3148 4646 3238 4699 καὶ
3293 4643 3553 4721 παρῄνει,
3610 4642 3716 4706 ἓως
3764 4646 3799 4713 ἡ

2138 4736 2301 4798 πόλις
2348 4741 2463 4798 τοῖς
2514 4735 2806 4809 πολεμίοις
2856 4732 3184 4797 ἀϐάπτιστος
3229 4733 3460 4808 κύμασι,
3508 4734 3611 4802 την
3656 4734 3797 4788 Exsi-

2138 4848 2237 4897 νης
2292 4824 2597 4904 ἐγχειρίσαι
2654 4823 2801 4896 αὐτῷ
2850 4821 3101 4879 οἰάκισιψ
3169 4820 3308 4897 μηδέ
3364 4825 3466 4898 γαρ
3530 4822 3590 4878 ἐκ
3639 4819 3799 4877 τοῦδε

2141 4916 2329 4984 σώζειν
2383 4913 2614 4989 ἔχουσαν
2664 4911 2862 4968 ἐλπίδα
2931 4912 3110 4988 σφίσιν
3177 4911 3597 4989 ὑπολελεῖφθαι,
3671 4908 3801 4984 μηδ’

2138 5002 2197 5059 ἂν
2250 5004 2407 5059 αὐτὸν
2459 5002 2656 5067 ἐκεῖθεν
2712 5002 3131 5076 μεταναστεῦσαῖ
3177 5022 3328 5069 ποτε,
3378 5002 3422 5055 εἰ
3480 5004 3555 5073 μὶ,
3598 4999 3796 5074 ἐγκρα-

379 5110 481 5149 nes
517 5096 572 5148 et
597 5092 915 5147 urbessunt
946 5084 1212 5160 dispersi.
1241 5084 1479 5151 Quidam
1502 5086 1671 5139 etiam
1698 5089 1875 5142 Persas
1894 5104 2028 5144 con-

2146 5095 2236 5163 τῆς
2276 5100 2377 5163 τῆς
2422 5092 2639 5154 πόλεως
2683 5092 2916 5167 γένοιτο.
2970 5091 3255 5154 Tete-Stet;
3305 5091 3397 5144 οὖν
3432 5091 3490 5144 οἱ
3518 5085 3797 5164 Δαδιῦρη-

372 5200 559 5247 cessu,
594 5177 982 5253 tuguriolisin
1016 5178 1277 5249 proximo
1310 5174 1568 5239 structis,
1603 5192 1798 5232 amore
1830 5179 2028 5248 patriae

370 5280 669 5337 servitutis
718 5279 921 5350 jugum
982 5276 1308 5331 subierunt.
1369 5274 1447 5327 Ac
1482 5289 1614 5327 cum
1666 5275 1805 5329 urbe
1850 5274 2025 5329 Dadi-

369 5370 473 5424 bra
504 5369 612 5423 hoc
648 5372 818 5423 modo
864 5375 1054 5422 actum
1088 5369 1196 5420 est.
1255 5364 1581 5433 Imperator
1622 5367 1815 5417 autem
1852 5364 2025 5435 paulo

366 5465 512 5527 post,
547 5472 686 5526 pace
742 5472 877 5512 cum
932 5454 1106 5511 Persa
1155 5455 1326 5517 facta,
1390 5450 1639 5506 libenter
1683 5450 1761 5513 ei.
1792 5452 2022 5508 deterso

370 5544 608 5615 pudere,
639 5559 706 5598 ea
760 5544 922 5597 dedit
953 5559 1080 5613 quae
1110 5547 1243 5597 ante
1278 5539 1432 5596 illius
1464 5539 1623 5594 urbis
1664 5539 2019 5599 deditionem

371 5628 713 5706 postularat.

2137 5184 2216 5238 νοί
2295 5183 2521 5255 θεάμασι
2617 5180 2707 5237 καὶ
2809 5180 3115 5255 ἀκούσμασι
3207 5178 3668 5244 κατακλεισθέντες
3735 5179 3796 5232 τὸ

2136 5271 2423 5345 πρόθυμον
2482 5271 2770 5345 τρέπονται
2855 5271 2990 5342 πρὸς
3068 5263 3366 5343 συμϐάσεις
3446 5269 3794 5345 ἀσυμςιόρους

2138 5360 2258 5432 μὲν,
2307 5360 2494 5422 ὁαοίας
2550 5356 2595 5414 δ’
2646 5358 2928 5415 ἐπέταττεν
2986 5361 3014 5415 ὁ
3068 5359 3258 5433 καιρὸς
3292 5359 3531 5431 ἀκμαῖος
3562 5356 3797 5428 ἐφεστὼς

2131 5450 2220 5504 καὶ
2270 5449 2464 5521 τομὸς,
2520 5448 2867 5504 κατανεύουσι
2929 5468 2987 5502 τε
3031 5449 3130 5516 τὴν
3181 5447 3276 5520 μὲν
3331 5445 3498 5501 πόλιν
3549 5444 3790 5502 ἐκλιπεῖν

2131 5534 2383 5607 πανσυδί,
2459 5535 2673 5613 βαδίσαι
2743 5533 2789 5590 δ’
2854 5533 3082 5591 ἕκαστον
3158 5539 3338 5591 κακῶν
3405 5535 3588 5604 ἀπαθῆ

2128 5632 2234 5683 τῶν
2300 5624 2576 5703 φιλτάτων
2646 5624 2795 5703 σφίσι
2867 5623 2958 5680 καὶ
3022 5628 3127 5680 τῶν
3179 5625 3429 5694 κτήσεων
3487 5626 3555 5693 ἣν
3605 5621 3666 5677 ἂν
3706 5622 3788 5677 αἰ-

3659 5556 3755 5607 μετ
3766 5540 3791 5587 α
