4028 6218
288 400 413 460 819

1211 408 1316 466 DE
1356 407 1643 467 ALEXIO
1687 405 1973 467 ISAACII
2018 407 2312 467 ANGELI
2359 409 2482 468 FR.
2534 409 2678 469 LIB.
2726 410 2776 470 ἶ.

3594 414 3714 473 850

286 539 478 607 ροῖντο
540 535 878 607 στείλασθαι,
938 538 1053 594 ἐπεὶ
1116 537 1248 614 μηδ’
1306 536 1552 615 εὕρισκον
1610 540 1703 595 τὸν
1760 533 2031 614 βάρϐαρον
2092 540 2268 612 μένειν
2317 540 2513 605 αὐτοὺς
2569 543 2706 597 κατὰ
2765 545 2951 620 γώραν
2984 543 3154 599 ἐῶντα
3207 547 3297 601 καὶ
3325 547 3527 623 φόρους
3559 548 3709 621 αύτῷ

287 625 669 685 κατατίθεσθαι
729 628 982 683 ὁπωσοῦν
1048 628 1443 703 συντιθέμενον.
1504 634 1649 686 Ταῦτ
1708 628 1807 704 ἄρα
1883 629 1974 683 καὶ
2023 627 2199 704 ὅρκων
2256 631 2637 706 γεγενημένων
2696 632 2723 686 ὁ
2786 634 2879 705 μὲν
2949 630 3159 707 Πέρσης
3217 638 3337 711 εἶχε
3389 640 3488 705 τήν
3538 637 3699 693 πόλιν

287 712 381 767 καὶ
414 719 533 775 τοῖς
596 714 655 771 έκ
713 720 808 772 τοῦ
865 717 1051 791 γένους
1110 715 1329 774 δίδωσιν
1390 719 1560 788 αὐτήν
1618 718 1696 781 εἷς
1753 717 2052 788 ἐνοίκησιν,
2110 719 2267 774 αὐτοὶ
2299 717 2356 773 δὲ
2413 721 2828 794 μεταναστάντες
2889 720 3085 777 ἐκεῖθεν
3149 726 3269 779 καθ’
3297 724 3478 801 ἑτέρας
3517 727 3706 802 χώρας

287 802 382 855 καὶ
441 803 635 867 πόλεις
694 802 1081 882 διεσπάρησαν
1142 806 1349 863 πολλοὶ
1412 805 1468 863 δέ
1520 815 1623 877 τῆς
1671 805 1929 882 πατρίδος
1986 806 2226 882 ἄγχιστα
2282 810 2586 883 πηξάμενοι
2633 811 2863 884 μόσυνα,
2922 811 3065 867 οὕτω
3119 811 3311 869 δοκοῦν
3374 820 3453 886 τῷ
3524 819 3701 892 Πέρσῃ

287 891 659 966 προσέμειναν
721 892 972 950 δούλειον
1052 894 1345 958 ὕποδύντες
1412 898 1593 969 ζυγὸν,
1653 899 1735 959 οἷς
1793 899 1828 965 ἡ
1901 899 2001 960 τῆς
2057 895 2421 973 ἔνεγκαμένης
2486 897 2766 974 γλυκύτης
2830 904 2898 974 τῇ
2955 904 3148 975 μνήμῃ
3209 905 3522 978 προσίζανεν
3579 891 3703 960 ἀναέ

283 984 576 1043 πόνιπτος.
641 980 745 1036 Καὶ
794 986 1045 1036 τοιοῦτον
1105 982 1199 1054 μέν
1258 986 1327 1055 τῇ
1387 983 1545 1038 πόλει
1601 977 1838 1056 Δαδίϐρῃ
1908 980 2071 1043 τέλος
2126 982 2456 1053 ἀπήντησεν’
2501 986 2528 1039 ὁ
2587 983 2645 1040 δὲ
2707 984 2963 1059 βασιλεὺς
3015 989 3146 1060 μετὰ
3188 977 3365 1065 ϐραχὺ
3415 995 3495 1062 τῷ
3528 991 3704 1064 Πέρσῃ

284 1071 655 1143 σπεισάμενος
710 1067 987 1126 ἀπέδωκεν
1074 1068 1355 1134 ἀσπασίως
1425 1072 1524 1126 ὅσα
1604 1073 1710 1147 πρὸ
1758 1076 1855 1127 to}
1937 1070 2142 1127 ἁλῶναι
2203 1068 2469 1149 Δάδιϐραν
2523 1074 2787 1148 ἀπῃτεῖτο
2844 1078 3129 1150 χρήματα,
3189 1079 3263 1140 ὡς
3323 1079 3374 1149 ἐξ
3433 1077 3697 1153 ὄμμάτων

284 1159 455 1215 οὖσαν
484 1161 584 1228 τήν
623 1158 748 1214 τότε
778 1159 1041 1235 αἰσχύνην
1061 1162 1272 1236 ταχέως
1306 1161 1766 1237 ἀποτριψάμενος.

358 1276 521 1336 Ἀλλ’
552 1274 615 1331 οὗ
633 1298 718 1331 πω
746 1279 780 1346 ἡ
807 1278 1096 1351 Ῥωμαίων
1142 1278 1290 1353 ἀρχὴ
1331 1280 1430 1348 τήν
1493 1278 1678 1351 ἅλμην
1735 1277 1937 1346 ταύτην

2126 1281 2273 1336 627
2312 1281 2420 1336 Vix
2453 1285 2838 1339 Romanorum
2892 1283 3202 1356 imperium
3262 1287 3334 1341 ab
3390 1287 3500 1344 hoc
3549 1288 3703 1345 malo

274 1366 579 1422 ἆπέπτυσεν
655 1366 900 1421 ἀνένευσέ
986 1387 1045 1422 τε
1127 1372 1376 1441 καθαρῶς
1459 1367 1550 1423 καὶ
1635 1366 1941 1436 ἀνέπνευσέ,

1677 1455 1939 1531 βάλλεται

280 1456 379 1511 καὶ
440 1452 747 1509 δεινοτέοων
819 1453 1159 1530 ἀγγέλμασιν
1221 1455 1583 1529 ἀκουσμάτων

281 1545 498 1612 ἄλλων,
520 1545 608 1599 καὶ
634 1549 741 1600 τῶν
780 1544 1089 1601 ἐνεστώτων
1147 1548 1231 1619 [Ρ.
1291 1548 1419 1618 30‘ij
1463 1546 1598 1615 ἦσαν
1655 1546 1721 1601 τὰ
1770 1565 1942 1619 προσ-

283 1632 580 1705 δοκώμενα
661 1630 1084 1712 δυσαχΟέστερα,
1158 1633 1211 1688 εἷ’
1262 1655 1325 1710 γε
1381 1635 1445 1689 τὰ
1507 1635 1600 1707 μὲν
1654 1634 1937 1688 ὑπέσαινον

276 1722 594 1796 ἐλευθερίας
626 1720 1125 1797 έγκαταλείμμασιν
1185 1723 1292 1778 ἀπὸ
1354 1723 1550 1797 μέρους
1616 1721 1937 1799 ἀλγύνοντα,

274 1812 348 1865 ti
407 1810 452 1865 δ’
513 1811 573 1866 έκ
625 1817 733 1865 τῶν
799 1810 1063 1887 ἐσπερίων
1124 1810 1290 1875 ἐθνῶν
1349 1809 1628 1887 βάλλοντα
1684 1809 1935 1866 δουλείαν

276 1905 550 1975 παρεῖχον
624 1900 982 1970 φαντάζεσθαι
1045 1901 1301 1978 παγγενεὶ
1362 1895 1788 1975 προϐησομένην
1846 1899 1935 1954 καὶ

276 1987 762 2046 δυσαπάλλακτον.
795 1989 985 2066 ὐγᾶρ
1041 1988 1106 2059 δὴ
1166 1990 1290 2044 τότε
1340 1995 1554 2064 κρατῶν
1610 1994 1718 2044 τῶν
1766 1988 1934 2046 Ἀλα-

276 2084 464 2150 gnua-1
524 2079 829 2152 Ἀμερίγος
888 2080 917 2132 ὁ
966 2083 1069 2133 τοῦ
1140 2075 1481 2153 Φρεδερίχου
1544 2079 1684 2146 υίὸς,
1751 2078 1809 2141 ὅς
1884 2075 1935 2131 έν

380 2169 515 2222 κατᾶ
549 2168 914 2239 Παλαιστίνην
948 2166 1126 2241 ἀνόδῳ
1179 2169 1248 2224 τά
1312 2169 1514 2225 ὕστατα
1589 2168 1785 2242 νίπτρα
1834 2168 1934 2223 λέ-

273 2256 471 2313 λουται
521 2257 780 2331 ποταμίῳ
855 2256 1191 2331 έναποῲύξας
1282 2258 1533 2332 ῥεύματι,
1616 2257 1798 2321 γαθὼς
1884 2255 1935 2312 ἐν

267 2352 393 2409 τοῖς
424 2347 559 2400 κατὰ
585 2346 678 2401 τὸν
737 2345 1005 2423 ’Δγγελον
1067 2344 1256 2421 λόγοις
1311 2347 1619 2422 ἱστόρηται,
1679 2348 1779 2416 τήν
1828 2367 1932 2401 πα-

272 2437 456 2511 τρῴαν
512 2433 757 2514 είληιρὼς
813 2433 1095 2510 βασιλείαν
1152 2432 1408 2489 Σικελίαν
1465 2455 1523 2490 τε
1580 2434 1931 2509 παραστησά-

275 2545 441 2599 μενος
509 2525 597 2578 καὶ
643 2524 880 2582 Ἰταλίαν
944 2523 1379 2599 ὑπαγαγόμενος,
1474 2523 1562 2578 ἐπὶ
1640 2522 1781 2595 τῷδε
1838 2524 1929 2578 καὶ

2051 1368 2382 1439 reSpiraraI,
2425 1386 2562 1426 cum
2620 1370 2719 1426 alii
2760 1373 2951 1427 nuntii
3004 1374 3297 1444 graviores
3357 1376 3700 1444 afferuntur,

2051 1462 2108 1513 et
2141 1459 2335 1513 futura
2385 1462 2661 1529 majorem
2712 1460 2969 1516 dolorem
3031 1462 3281 1517 afferunt
3329 1481 3504 1536 quam
3557 1482 3703 1537 prae-

2050 1548 2264 1602 sentia.
2296 1548 2437 1603 Nam
2489 1549 2609 1603 haec
2641 1550 2904 1619 quidem,
2946 1552 3219 1621 quamvis
3250 1568 3319 1607 ex
3373 1562 3537 1624 parte
3578 1572 3698 1611 mo-

2050 1633 2278 1691 lestiam
2325 1637 2625 1703 haberent,
2676 1641 2870 1693 tamen
2921 1638 3204 1694 libertatis
3255 1641 3552 1697 nonnullis
3610 1661 3684 1700 re-

2047 1723 2246 1795 liquiis
2298 1725 2773 1780 blandiebantur.
2809 1727 2943 1790 Quae
3008 1734 3199 1782 autem
3235 1729 3306 1783 ab
3333 1730 3700 1786 occidentali-

2047 1813 2158 1867 bus
2214 1814 2486 1883 gentibus
2532 1814 2932 1879 imminebant,
2974 1832 3041 1872 ea
3091 1818 3432 1873 servitutem
3476 1821 3705 1875 univer-

2046 1918 2169 1958 sam
2186 1909 2237 1958 et
2258 1913 2593 1975 perpetuam
2615 1904 3057 1959 minitabantur.
3081 1906 3223 1961 Nam
3243 1907 3697 1964 Alamannorum

2046 2005 2140 2045 rex
2174 1993 2501 2060 Amerigus,
2563 1991 2839 2046 Friderici
2876 1992 3051 2057 filius,
3089 1994 3188 2063 qui
3219 1994 3277 2047 in
3330 1996 3699 2065 expeditione

2043 2078 2349 2133 Palaestina
2379 2079 2723 2134 submersus
2757 2086 2868 2144 est,
2915 2087 2979 2135 ut
3006 2082 3061 2135 in
3110 2081 3316 2137 Isaacii
3346 2084 3549 2155 Angeli
3596 2086 3701 2142 im.

2043 2167 2199 2238 perio
2221 2168 2496 2232 diximus,
2532 2175 2773 2238 paterno
2806 2169 3133 2240 principatu
3160 2176 3449 2241 suscepto,
3497 2172 3699 2228 Sicilia

2039 2262 2095 2311 et
2162 2255 2326 2312 Italia
2397 2258 2679 2323 subactis,
2758 2258 3046 2312 Romanos
3111 2256 3271 2329 ipsos
3347 2259 3692 2327 lacessebat,

2040 2361 2324 2400 novarum
2358 2361 2551 2400 rerum
2595 2344 2930 2416 importune
2974 2346 3246 2416 cupidus,
3308 2352 3363 2402 et
3397 2354 3695 2416 grassator

2038 2433 2415 2490 inevitabilis.
2448 2433 2643 2506 Neque
2676 2438 2874 2489 tamen
2909 2434 3105 2490 statim
3132 2436 3427 2492 Romanos
3452 2436 3688 2502 invasit,

2038 2522 2117 2578 rei
2147 2522 2494 2577 difﬁcultate
2549 2523 2891 2593 deterritus,
2925 2524 3132 2594 positis
3163 2525 3353 2579 adhuc
3383 2525 3455 2581 ob
3487 2525 3690 2582 oculos

266 2614 573 2685 Ῥωμαίοις
623 2612 812 2674 αὐτοῖς
878 2611 1138 2690 ἐπεφύετο
1224 2615 1562 2688 πραγμάτων
1651 2610 1926 2687 νεωτέρων

2044 2617 2379 2668 nostrorum
2448 2616 2651 2667 contra
2715 2612 2941 2668 Siculos
3000 2613 3247 2669 fortibus
3306 2615 3688 2682 facinoribus,

269 2700 475 2764 ἄτοπος
509 2700 581 2755 ὤν
638 2702 867 2779 ἐραστής
923 2702 1013 2756 καὶ
1073 2701 1261 2776 ῥέκτης
1320 2706 1501 2756 κακῶν
1569 2697 1927 2756 δυσαπάλλα-

265 2811 423 2852 κτος.
457 2791 572 2847 Ούκ
610 2788 805 2861 ἀνέδην
854 2787 910 2844 62.:
952 2790 1043 2844 καὶ
1080 2788 1269 2845 αὐτίκα
1323 2789 1622 2863 Ῥωμαίοις
1676 2790 1741 2859 ἦν
1798 2790 1926 2868 ἐφε-

266 2879 501 2956 δρεύων,
526 2881 588 2935 τὸ
630 2884 733 2945 τῆς
795 2879 1167 2958 ἐγχειρήσεως
1231 2875 1467 2954 ἐργῶδες
1537 2873 1927 2951 ὑποϐλεπόμε-

262 2990 381 3040 νος,
408 2968 499 3023 καὶ
526 2964 604 3023 ἔτι
636 2962 781 3043 ἔχων
812 2974 930 3027 τοῖς
979 2964 1295 3045 ὀφθαλμοῖς
1355 2965 1689 3041 προκείμενα
1755 2966 1928 3021 ὁπόσα

258 3059 534 3131 Ῥωμαῖοι
561 3058 702 3112 κατά
762 3055 1064 3111 Σικελικῶν
1120 3053 1443 3130 ἠνδρίσαντο
1513 3054 1568 3116 ές
1625 3055 1725 3123 τήν
1786 3057 1925 3127 ἡμε-

259 3148 422 3221 τέραν
462 3148 661 3221 πρώην
693 3140 1174 3220 παρευϐαλόντων,
1231 3145 1321 3199 καὶ
1376 3144 1523 3219 παρᾶ
1576 3148 1674 3198 τοῦ
1730 3143 1924 3198 πάππα

260 3232 321 3290 δὲ
354 3238 456 3299 τῆς
506 3229 874 3307 πρεσϐυτέρας
926 3233 1148 3302 Ῥώμης
1198 3232 1300 3287 οὐκ
1363 3226 1590 3286 ἔλαττον
1649 3232 1924 3306 ἀνασειρα-

263 3324 499 3397 ζόμενος
528 3330 627 3392 τῆς
660 3320 987 3396 προθέσεως.
1034 3322 1257 3396 Πέμψας
1308 3323 1400 3376 οὖν
1463 3316 1719 3395 πρέσϐεις
1787 3323 1923 3396 πρὸς

259 3414 357 3467 τὸν
391 3410 763 3485 αὐτοκράτορα
793 3411 1061 3466 Ἰσαάκιον
1120 3407 1206 3483 (οἱ)
1267 3410 1370 3485 γὰρ
1429 3431 1516 3463 πο)
1572 3416 1672 3479 τῆς
1739 3409 1921 3484 ἀρχῆς

261 3502 688 3575 ἐξωστράκιστο)
747 3498 920 3562 αἰτίας
995 3497 1222 3573 συνείρει
1306 3497 1564 3553 ἀναιτίου
1652 3495 1918 3569 δήπουθεν

262 3588 616 3650 διαστάσεως.
650 3591 861 3660 Ἑαυτῷ
890 3588 992 3664 γὰρ
1051 3586 1344 3660 ἀπεμέριζε
1405 3589 1494 3643 καὶ
1550 3588 1917 3665 προσῳκείου,

262 3680 343 3743 ὡς
368 3677 480 3750 ἤδη
527 3677 783 3739 Σικελίας
828 3678 1217 3748 έξουσιάζοντι,
1274 3677 1369 3739 τὰς
1430 3677 1480 3750 ἐξ
1535 3679 1707 3748 αὐτῆς
1766 3679 1922 3734 Ἐπι-

260 3768 472 3844 δάμνοτ
506 3767 671 3843 μέχρι
703 3767 793 3821 καὶ
836 3769 936 3837 τῆς
999 3767 1400 3840 μεγαλωνύμου
1461 3767 1679 3830 πόλεως
1724 3774 1920 3823 θεασα-

258 3858 494 3927 λονίκης
552 3858 869 3929 Ῥωμαϊκὰς
929 3855 1281 3926 ἀπαξαπάσας
1342 3857 1529 3931 χώρας
1598 3857 1671 3919 ὡς
1764 3857 1919 3930 νόμῳ

259 3947 619 4021 ὑπνκυψάσας
669 3942 922 4017 πολέμου
975 3949 1053 4017 τῷ
1107 3949 1214 4001 τῶν
1275 3943 1516 4000 Σικελῶν
1562 3952 1668 4019 πρὸ
1723 3944 1915 4018 τρίτης

2044 2717 2175 2755 cum
2211 2700 2434 2771 pridem
2494 2700 2552 2755 in
2590 2700 2915 2770 provincias
2945 2707 3178 2758 nostras
3208 2703 3491 2776 impetum
3523 2705 3690 2761 fecis-

2037 2795 2191 2855 sent,
2215 2794 2273 2845 et
2302 2806 2335 2845 a
2363 2790 2574 2845 veteris
2607 2795 2799 2846 Romae
2845 2794 3000 2863 Papa
3032 2791 3101 2845 ab
3136 2793 3399 2849 instituto
3432 2794 3690 2850 retrahe-

2039 2890 2216 2933 retur.
2251 2877 2449 2933 Missis
2488 2877 2668 2950 igitur
2717 2880 2785 2933 ad
2823 2878 3107 2935 Isaacium
3154 2880 3361 2953 legatis
3400 2882 3686 2953 (nondum

2036 2969 2190 3023 enim
2230 2967 2280 3022 is
2347 2967 2594 3038 imperio
2654 2968 2965 3038 exciderat)
3020 2985 3261 3025 causam
3300 2970 3687 3027 dissensionis

2037 3056 2270 3111 inanem
2306 3056 2645 3125 quaeritans,
2679 3056 2974 3112 Romanas
3007 3059 3332 3125 provincias
3376 3076 3579 3116 omnes
3613 3062 3682 3116 ab

2033 3146 2358 3218 Epidamno
2424 3162 2610 3218 usque
2642 3148 2713 3201 ad
2755 3147 3028 3218 inclytam
3076 3149 3277 3205 urbem
3310 3150 3688 3207 Thessaloni-

2032 3234 2290 3292 censium
2321 3234 2433 3289 sibi
2466 3240 2531 3288 ut
2562 3234 2776 3290 Siciliae
2834 3236 2956 3307 regi
3014 3236 3371 3304 vindicabat,
3429 3242 3495 3292 ut
3550 3236 3683 3293 belli

2025 3326 2161 3396 jure
2191 3339 2379 3395 nuper
2409 3340 2443 3378 θ,
2474 3322 2669 3379 Siculo
2713 3324 2965 3379 exercitu
3001 3326 3296 3381 subactas.
3335 3327 3486 3384 628
3536 3329 3679 3382 Nam

2032 3413 2180 3485 quod
2227 3413 2276 3467 is
2324 3412 2559 3467 tandem
2596 3429 2628 3467 a
2659 3412 2939 3469 Romanis
3004 3414 3350 3488 proﬂigatus
3398 3424 3569 3485 esset,
3619 3416 3680 3471 id

2029 3501 2231 3557 fraude
2262 3502 2480 3558 factum
2533 3503 2854 3571 asserebat,
2886 3502 2946 3558 in
2977 3503 3102 3559 suis
3138 3506 3558 3574 cupiditatibus
3590 3506 3676 3561 fu-

2029 3591 2230 3647 candis
2259 3591 2555 3647 fabulator
2575 3591 2847 3664 insignis.
2869 3595 3374 3648 Commemorabat
3401 3594 3598 3659 etiam,
3622 3598 3680 3649 et

2030 3678 2253 3752 iniquis
2314 3679 2587 3736 lancibus
2645 3680 3005 3752 ponderabal
3037 3685 3311 3751 paternas
3368 3680 3681 3749 offensas;

2032 3785 2137 3824 nec
2169 3784 2266 3823 eas
2297 3776 2559 3824 recentes
2600 3768 2902 3834 duntaxat,
2954 3768 3052 3823 sed
3085 3772 3306 3823 veteres
3336 3767 3535 3834 etiam,
3566 3770 3681 3822 Ma-

2033 3856 2223 3912 nuelis
2272 3856 2510 3912 solertia
2561 3856 2768 3911 veteris
2828 3856 3022 3910 Romae
3068 3859 3218 3925 Papa
3267 3859 3471 3910 contra
3512 3855 3681 3911 illum

2033 3946 2347 4011 concitato,
2380 3946 2552 4014 cujus
2600 3943 2891 4000 Manuelis
2925 3960 3099 4015 opera
3149 3946 3321 4000 etiam
3376 3944 3535 4001 Italia
3560 3963 3685 4001 exa-

263 4035 651 4113 στρατεύματι·
707 4036 806 4104 τὴν
867 4034 970 4108 γὰρ
1028 4033 1193 4103 ἧτταν
1250 4032 1457 4089 τούτων
1507 4034 1597 4088 καὶ
1655 4034 1916 4105 κατατρύ-

2036 4038 2161 4090 ctus
2192 4004 2349 4089 esset
2380 4004 2558 4106 pater.
2607 4035 2692 4088 Ita
2724 4004 3004 4088 obsoletis
3034 4032 3380 4087 criminibus
3413 4033 3690 4105 perfricta

256 4146 440 4180 πωτιν
492 4124 605 4178 κατ’
666 4122 876 4192 ἀπάτην
941 4118 1097 4197 ἔλεγε
1172 4121 1466 4196 Ῥωμαίων
1536 4127 1923 4196 προσυπαντῆ-

255 4239 375 4283 σαι,
412 4214 520 4294 οὐχ
576 4216 775 4285 ἣκιστα
827 4214 1048 4268 πάντων
1113 4212 1419 4288 λογοποιὸς
1475 4214 1527 4268 έν
1582 4218 1699 4273 τοῖς
1755 4210 1916 4268 ἀνδά·

254 4326 447 4360 νουσιν
490 4303 898 4378 εὑρισκόμενος.
941 4300 1291 4378 Ἐλογίστευε
1335 4300 1391 4356 δὲ
1446 4301 1534 4356 καὶ
1593 4299 1768 4363 λύπας
1825 4302 1921 4363 τὰς

250 4392 613 4468 τοῦπατρὸς,
669 4391 760 4446 καὶ
813 4390 1095 4464 σταθμίοις
1164 4389 1225 4444 οὐ
1286 4387 1518 4449 δικαίοις
1574 4389 1740 4450 αὐτὰς
1798 4387 1920 4443 ἕτα-

253 4482 537 4550 λάντευεν,
577 4480 640 4536 ού
665 4481 760 4542 τας
793 4481 1141 4557 προσφάτους
1176 4480 1365 4551 μόνον,
1416 4476 1562 4533 ἀλλᾶ
1618 4479 1711 4532 καὶ
1770 4477 1922 4539 ὅσαις

250 4574 462 4635 ἐκεῖνος
541 4569 600 4626 ἐκ
660 4569 878 4626 πολλοῦ
938 4568 1373 4638 προσεπάλαισε,
1430 4575 1530 4637 τῆς
1587 4564 1919 4643 παλαιτέρας

252 4663 463 4734 Ρώμης
520 4656 926 4731 έκδιιστάμενος
984 4665 1103 4719 ταῖς
1156 4662 1254 4712 τοῦ
1315 4657 1585 4732 βασιλέως
1647 4656 1916 4727 Μανουῆλ

252 4749 571 4826 ἀγχινοίαις
610 4749 699 4804 καὶ
760 4746 994 4810 Ἰταλίας
1052 4747 1310 4809 ὡσαύτως
1371 4743 1914 4824 έκσνρενδονούμενος.

252 4843 359 4897 Καὶ
392 4843 563 4895 ταῦτα
603 4837 672 4908 δὴ
718 4838 784 4891 τὰ
841 4837 945 4912 πρὸ
1009 4833 1309 4893 Εὐκλείδου
1366 4834 1753 4898 ἀνυποστόλως
1794 4836 1919 4890 ἀνα-

251 4933 425 4984 κινῶν
454 4925 618 4995 ἢθελε
660 4925 970 4998 Ῥωμαίους
1003 4926 1258 5002 χρήμασι
1320 4923 1601 4999 μεγίστοις
1659 4922 1918 4999 πρίασθαι

249 5020 359 5085 τὴν
392 5014 617 5090 εἰρήνην
655 5013 691 5084 ἤ
730 5012 1176 5086 πολεμησείοντα
1201 5016 1391 5069 τοῦτον
1450 5011 1509 5067 ἐκ
1556 5017 1652 5068 τοῖ’)
1730 5011 1919 5067 αὐτίκα

255 5103 414 5173 μᾶλα
471 5100 996 5178 καθυπεκδέχεσθαι.
1048 5103 1393 5176 Προσαπητει
1449 5099 1524 5171 δὲ,
1593 5101 1668 5162 ὡς
1716 5101 1761 5156 εἰ
1820 5123 1913 5157 κυ-

255 5194 398 5267 ρίων
435 5196 623 5269 κύριος
687 5194 1030 5262 καθειστήκει
1089 5189 1177 5243 καὶ
1240 5188 1494 5264 βασιλεὺς
1548 5187 1914 5246 άναδέδεικται

250 5280 553 5357 βασιλέων,
602 5281 931 5355 συνάρασθαι
986 5288 1102 5340 τοῖς
1149 5279 1288 5333 κατὰ
1348 5277 1716 5349 Παλαιστίνην
1774 5280 1914 5353 ὁμο-

2033 4123 2219 4177 l‘ronte
2251 4122 2625 4187 renovandis,
2663 4121 2942 4176 Romanis
2975 4126 3291 4190 autpacem
3317 4122 3572 4177 maxime
3594 4140 3689 4195 pe-

2032 4210 2205 4266 cunia
2238 4209 2663 4271 redimendam.
2698 4215 2800 4263 aut.
2833 4207 3048 4264 bellum
3085 4209 3283 4264 statim
3318 4210 3684 4267 tolerandum

2030 4299 2439 4357 arbitrabatur.
2512 4299 2792 4353 Prmterea
2868 4301 3143 4368 tanquam
3216 4314 3313 4352 rex
3369 4315 3565 4365 regum
3629 4307 3687 4356 et

2031 4388 2349 4459 imperator
2422 4388 2836 4460 imperatorum
2889 4385 3239 4458 postulabat,
3291 4393 3354 4444 ut
3409 4389 3687 4446 Romanis

2031 4478 2157 4532 suis
2209 4478 2265 4532 in
2329 4477 2635 4533 Palaestina
2717 4475 3096 4549 pepuleribus
3172 4478 3402 4533 navalia
3472 4479 3687 4535 auxilia

2028 4568 2339 4622 mitterent.
2371 4569 2449 4623 Ad
2484 4584 2615 4640 quin
2643 4583 2776 4622 cum
2828 4566 3149 4639 imperator
3176 4568 3597 4641 rescripsisset,
3630 4574 3687 4625 et

2029 4656 2219 4712 virum
2255 4673 2371 4712 non
2433 4657 2751 4713 obscurum
2783 4657 2854 4712 ad
2898 4672 3028 4712 eum
3077 4656 3458 4730 ablegasset:
3510 4658 3683 4731 legati

2030 4746 2103 4801 ab
2139 4762 2205 4801 eo
2247 4750 2553 4814 venerunt,
2586 4761 2834 4816 quorum
2869 4745 3015 4801 alter
3041 4744 3219 4801 homo
3262 4747 3685 4819 superciliosos

2030 4839 2174 4903 erat,
2207 4839 2350 4890 eteo
2369 4836 2609 4890 nomine
2641 4835 2951 4905 superbus,
2985 4836 3139 4906 quod
3170 4835 3402 4907 regisin
3436 4837 3685 4907 pueritia

2030 4940 2229 4979 curam
2300 4924 2601 4995 gessisset.
2657 4924 2797 4993 Ejus
2856 4923 3168 4997 legationis
3241 4940 3478 4978 summa
3537 4930 3685 4989 erat,

2030 5012 2416 5085 plurimorum
2472 5012 2826 5068 talentorum
2883 5011 3212 5083 postulatio,
3263 5011 3599 5082 arrogantia
3627 5017 3681 5066 et

2028 5101 2342 5158 insolentia
2373 5103 2569 5167 verba,
2627 5117 2817 5156 rerum
2851 5101 2924 5155 ab
2976 5099 3317 5154 Alemannis
3376 5103 3677 5170 gestarum

2025 5190 2279 5263 gloriosa
2319 5189 2820 5254 commemoratio,
2879 5189 3094 5260 quibus
3143 5187 3439 5243 auditores
3491 5188 3685 5261 decipi

2026 5279 2235 5335 solent.

246 5369 466 5446 γενέσιν
500 5369 689 5441 ἐκείνῳ
724 5366 794 5423 δι’
824 5367 1141 5437 ἀποστολῆς
1172 5374 1526 5443 ναυμαχικῆς
1558 5372 1833 5443 στρατιᾶς.
1867 5365 2402 5427 ’Λντεπιστείλαντος
2433 5363 2491 5421 δὲ
2520 5366 2656 5440 πρὸς
2694 5369 2862 5421 ταῦτα
2893 5367 2990 5420 τοῦ
3033 5361 3301 5426 βασιλέως
3358 5365 3448 5420 καὶ
3505 5363 3675 5441 ἄνδρα

248 5464 368 5515 τῶν
405 5458 507 5514 οὐκ
532 5458 764 5531 ἀσήμων
797 5452 1132 5529 πρεσϐευτὴν
1168 5454 1501 5524 στείλαντος,
1533 5452 1785 5532 πρέσϐεις
1819 5456 2017 5521 ἐκεῖθεν
2046 5455 2323 5534 ἀφίκοντο,
2353 5457 2427 5509 ὧν
2461 5453 2650 5529 ἅτερος
2685 5454 2853 5529 βαρὺς
2911 5453 2978 5522 ἦν
3038 5453 3138 5519 τήν
3196 5452 3362 5530 ὀφρὺν
3430 5455 3520 5509 καὶ
3578 5478 3674 5512 πε-

252 5550 443 5624 ριττὸς
475 5552 554 5619 τῷ
585 5544 994 5618 παιδοκομῆσαι
1018 5546 1107 5600 τὸν
1141 5545 1305 5622 ῥῆγα.
1337 5548 1434 5600 Ἦν
1467 5543 1525 5600 δὲ
1553 5546 1642 5600 καὶ
1669 5547 1738 5601 τὰ
1768 5543 1835 5600 δι’
1868 5546 2044 5601 αὐτῶν
2083 5538 2485 5620 πρεσϐευόμενοι
2542 5546 2849 5617 χρημάτων
2914 5537 3199 5603 ἀποδόσεις
3242 5540 3671 5602 πολυταλάντων

247 5634 566 5706 ἆλαζονεῖαί
606 5656 665 5690 τε
701 5635 791 5688 καὶ
823 5632 1029 5705 κόμποι
1064 5635 1146 5688 καὶ
1186 5632 1527 5708 αὐχημάτων
1558 5633 1848 5709 ἐγχωρίων
1877 5632 2202 5710 κατάλογοι,
2228 5629 2297 5685 δι’
2328 5632 2403 5685 ὧν
2433 5652 2567 5686 κατα
2598 5628 2976 5687 πολιτεύονται
3009 5630 3062 5684 οἱ
3092 5625 3402 5695 ἀκούοντες.
