4028 6218
420 375 536 434 855

1731 352 2034 416 NICBTE
2076 349 2503 412 CHONIATJE

3718 350 3848 410 856

425 516 578 584 ptor,
636 514 699 564 ut
731 501 1121 563 monarchiam
1155 497 1529 554 constitueret
1557 504 1608 550 et
1643 492 2060 560 circumiacen-

2196 484 2263 540 isl
2307 505 2605 560 μεριμναις
2655 479 3105 557 κατατεινόμενος
3159 481 3251 538 καὶ
3307 481 3444 558 πρὸς
3502 483 3715 537 ἅπασαν
3755 482 3844 538 ἆνο

427 581 585 657 tibus
638 595 830 666 regnis
893 590 1170 648 omnibus
1231 587 1644 654 dominaretur,
1688 581 1970 638 Antonios
2025 585 2078 634 et

432 691 714 760 Augustos
755 686 1003 740 Caesares
1033 677 1281 734 subinde
1332 673 1654 740 somnians,
1683 680 1737 726 et
1765 671 1836 725 ad
1883 683 2078 724 eorum

432 776 819 850 principatum
853 770 1229 842 cupiditatem
1258 765 1593 829 extendens,
1627 769 1678 816 et
1711 765 1932 815 tantum
1966 774 2079 814 non

433 874 494 921 ut
531 863 852 920 Alexander
881 860 1196 915 dictitans:
1237 859 1296 912 et
1328 855 1447 908 hac
1478 857 1535 909 et
1564 851 1660 907 illa
1705 866 1832 905 mea
1863 856 2016 912 sunt,
2053 869 2080 896 ››

433 954 687 1026 pallidus
718 958 775 1008 et
806 964 1058 1007 severus.
1093 945 1235 1002 Cum
1283 950 1476 999 autem
1508 957 1635 997 sero
1666 939 1859 995 cibum
1912 954 2080 1007 cape-

434 1049 539 1110 ret,
573 1047 630 1098 et
662 1045 992 1098 moneretur
1039 1036 1360 1092 cavendum
1393 1045 1516 1088 esse
1557 1046 1630 1086 ne
1657 1046 1724 1084 ea
1755 1045 1812 1084 re
1859 1027 2080 1082 valetu-

433 1132 633 1187 dinem
675 1130 933 1198 lederet,
966 1123 1271 1196 respondit
1318 1120 1540 1198 homini
1572 1120 1792 1190 privato
1838 1115 2084 1187 quodvis

434 1226 671 1292 tempus
701 1219 772 1274 ad
804 1217 996 1274 cibum
1049 1213 1206 1270 084
1239 1209 1752 1283 capiendum:esse
1781 1206 2080 1272 idoneum,

436 1311 492 1366 id
531 1308 850 1382 presertim
911 1306 1006 1361 cui
1037 1302 1394 1360 assueverit:
1444 1299 1564 1370 regi
1623 1313 1753 1352 vero
1783 1301 1869 1352 tot
1927 1295 2084 1350 curis

437 1400 736 1463 distracto,
793 1396 840 1452 si
875 1392 1099 1450 nomini
1139 1408 1246 1448 suo
1300 1388 1654 1460 respondere
1707 1385 1896 1454 vellet,
1939 1385 2082 1440 satis

438 1503 564 1544 esse
594 1486 644 1542 si
676 1483 901 1556 vesperi
933 1497 1133 1538 curare
1181 1495 1391 1550 corpus
1424 1477 1621 1532 liceret
1667 1474 1876 1530 Verum
1926 1473 2082 1545 quod

439 1572 753 1645 dixi,regis
783 1569 1143 1627 Alemannis:
1168 1583 1327 1622 mors
1349 1582 1480 1620 cum
1503 1563 1774 1620 omnibus
1803 1561 1933 1618 aliis
1955 1577 2083 1632 gen-

440 1667 601 1721 tibus
632 1667 830 1736 optata
863 1660 1057 1726 fuerit,
1081 1663 1206 1713 tum
1230 1655 1411 1713 Siculi
1442 1671 1510 1710 ea
1535 1658 1697 1710 tanto
1730 1653 1917 1725 magis
1947 1657 2088 1707 sunt

441 1751 767 1816 cxbilarati,
827 1749 982 1821 quod
1017 1747 1211 1803 insula.
1267 1749 1439 1817 capta
1484 1743 1842 1815 gravissimis
1898 1741 1970 1796 ab
2018 1757 2085 1796 eo

2185 573 2366 645 τίξους
2419 571 2703 647 ὁρώμενος
2741 570 3094 642 ἡδυπάθειαν,
3137 571 3292 632 ’ὁπως
3328 571 3638 646 μοναρχίαν
3693 592 3846 645 περι-

2188 656 2436 716 6αλεῖται
2467 661 2558 716 καὶ
2614 662 2806 736 κύριος
2853 661 3053 716 ἐσεῖται
3099 666 3210 715 τῶν
3257 659 3449 732 κύκλῳ
3498 656 3848 731 δυναστειῶν,

2184 750 2312 813 τοὺς
2347 752 2667 814 Ἀντωνίους
2712 751 2803 808 καὶ
2862 749 3217 824 Αὖγο·3στους
3273 749 3551 824 Καίσαρας
3599 753 3686 820 τῷ
3731 747 3848 804 δια-

2189 844 2429 911 νοητικῷ
2458 841 2882 918 φανταζόμενος,
2914 839 3004 894 καὶ
3053 839 3198 911 πρὸσ
3243 839 3343 906 τήν
3394 837 3610 893 ἐκείνων
3666 840 3847 916 ἀρχῆς.

2187 927 2434 985 ἐκτείνων
2471 931 2573 998 τήν
2628 924 2830 1008 ἔφεσιν,
2887 929 2979 983 καὶ
3041 931 3242 1002 μικροῦ
3300 927 3674 1003 εξθεγγόμενος
3735 927 3852 982 κατ’

2187 1015 2543 1094 Ἀλέξανδρον
2585 1019 2720 1076 ιΤὰ
2774 1015 2909 1092 τῇδε
2965 1017 3056 1072 καὶ
3111 1019 3179 1072 τὰ
3239 1014 3367 1090 τῇδε
3433 1017 3608 1071 πάντα
3665 1015 3847 1089 Eni,-

2193 1105 2381 1182 ὠχρός
2411 1128 2468 1162 τε
2495 1107 2588 1162 καὶ
2614 1107 2838 1169 σύννους
2871 1105 3172 1182 ὁρώμενος,
3201 1106 3292 1160 καὶ
3333 1110 3443 1176 ’τῆς
3489 1103 3703 1179 ἡμέρας

2192 1197 2402 1271 τροφὴν
2448 1195 2826 1269 προσιέμενος,
2876 1194 2966 1250 καὶ
3011 1196 3148 1270 πρὸς
3193 1195 3322 1254 τοὺς
3373 1193 3693 1267 εἰσάγοντας
3747 1216 3849 1247 :2-

2198 1285 2432 1359 ραίνεσιν
2463 1285 2536 1346 ὡς
2571 1284 2750 1360 χρεὼν
2802 1283 2863 1339 ἐκ
2911 1288 3012 1338 τοῦ
3069 1283 3215 1339 οὕτω
3273 1288 3536 1346 σιτεῖσθαι
3593 1284 3850 1356 καχεξίαν

2193 1368 2596 1429 ὑποϐλέπεσθαι
2649 1374 2924 1446 σώματος,
2977 1371 3409 1451 ἂποφαινόμενός
3458 1391 3518 1426 τε
3563 1370 3660 1426 καὶ
3708 1393 3852 1446 γνω-

2195 1459 2443 1534 ματεῦων
2495 1457 2688 1531 ἰδιώτῃ
2739 1461 2832 1532 μὲν
2886 1456 3196 1530 ἐπιτήδειον
3245 1459 3385 1514 εἶναι
3439 1460 3614 1513 πάντα
3662 1461 3852 1532 καιρὸν

2190 1547 2268 1610 εἷς
2327 1548 2585 1618 ἑστίασιν,
2644 1547 2735 1602 καὶ
2795 1545 3037 1621 μάλιστα
3095 1547 3166 1617 ἦν
3221 1547 3402 1611 είώθει
3484 1548 3854 1615 τονθεῦεσθαι,

2195 1635 2412 1712 βασιλεῖ
2437 1633 2495 1692 δὲ
2541 1633 2936 1712 πολυφρόντιδι
2996 1641 3082 1707 [Ρ.
3141 1639 3268 1709 310]
3324 1633 3466 1708 μηδὲ
3525 1634 3854 1712 βουλομένῳ

2191 1726 2292 1793 τήν
2323 1725 2519 1793 κλῆσιν
2549 1721 2837 1799 ψεύδεσθαι
2866 1725 3146 1800 ἀγαπητὸν
3195 1724 3243 1779 εί
3287 1724 3415 1779 κααὶ
3465 1725 3592 1799 περὶ
3644 1724 3856 1799 βουλυ-

445 1839 614 1896 malis
644 1812 1132 1901 affecti-fuerant,
1161 1849 1292 1905 quas
1339 1812 1426 1887 vix
1459 1812 1600 1886 satis
1648 1821 1899 1885 describi
1950 1845 2084 1900 pos-

2196 1815 2286 1869 τὸν
2320 1813 2685 1889 ἐνευκαιρήσει
2712 1815 2783 1886 τῆ
2813 1814 2985 1869 ἀνέσει
3035 1817 3134 1869 τοῦ
3182 1815 3456 1886 σώματος.
3502 1812 3670 1870 Ἀλλ’
3718 1815 3852 1888 ὅπερ

443 1931 605 1983 sunt.
641 1925 764 1983 Non
798 1924 950 1981 enim
996 1927 1220 1978 tantum
1267 1919 1542 1988 caedibus,
1577 1917 1822 1990 rapinis,
1875 1916 2085 1987 exiliis,

444 2014 800 2072 cruciatibus
857 2010 1320 2068 intolerabilibus
1375 2012 1432 2064 et
1484 2011 1670 2064 morte
1725 2007 2086 2079 gravioribus

442 2103 642 2160 afflicti
701 2103 950 2166 fuerant,
1002 2100 1098 2156 sed
1160 2097 1362 2154 multa
1412 2097 1585 2153 etiam
1638 2096 1809 2151 urbes
1852 2111 2084 2162 eversas,

445 2192 633 2248 multa
687 2197 1016 2263 opportuna
1066 2185 1299 2243 castella
1330 2186 1522 2242 diruta
1569 2190 1752 2240 erant.
1784 2170 2090 2240 'Metuebat

449 2283 624 2338 etiam
657 2279 1028 2336 rebellionem
1061 2293 1286 2346 eorum,
1317 2281 1373 2331 et
1403 2291 1520 2346 quo
1547 2273 1830 2329 libertatis
1862 2272 2088 2344 cupidi-

449 2375 624 2428 tatem
656 2369 1034 2441 opprimeret,
1075 2380 1308 2421 omnem
1336 2364 1580 2420 fortuna
1614 2362 1870 2418 melioris
1902 2377 2087 2433 spem,

451 2473 625 2530 quam
655 2456 744 2513 vel
807 2453 1053 2527 pecunia
1082 2453 1165 2509 vel
1201 2469 1408 2509 currus
1465 2457 1518 2507 et
1549 2453 1682 2524 equi
1715 2451 1801 2506 vel
1849 2449 2091 2505 munita:

451 2547 629 2603 urbes
671 2544 759 2600 vel
789 2544 896 2600 viri
930 2542 1152 2598 nobiles
1180 2541 1267 2598 vel
1312 2547 1435 2596 tuta
1463 2539 1695 2597 castella
1725 2539 2094 2612 suppeditare

453 2642 692 2707 queunt,
721 2633 802 2689 eis
823 2631 1062 2688 ademit.
1089 2636 1231 2688 Dum
1254 2636 1450 2686 autem
1481 2631 1742 2684 futurum
1765 2628 2088 2701 periculum

452 2733 728 2796 tanquam
751 2724 871 2794 jam
923 2737 1133 2793 urgens
1165 2720 1521 2784 reformidat,
1569 2723 1628 2774 et
1672 2718 1728 2773 id
1760 2719 1913 2789 quod
1950 2733 2090 2773 non-

452 2812 593 2868 dum
625 2813 824 2866 aderat
853 2807 1170 2881 propulsat,
1197 2807 1584 2879 quorumdam
1617 2805 1845 2861 insidiis
1875 2809 1964 2860 est
1991 2821 2092 2876 ap-

449 2900 708 2972 petitus;
740 2913 987 2970 quorum
1027 2901 1272 2954 conatus
1302 2911 1431 2951 cum
1484 2896 1634 2953 οδε
1669 2895 2092 2961 anteverlisset,

450 2988 823 3044 insidiatores
873 3003 988 3041 non
1019 2983 1208 3056 gladio
1267 2983 1514 3056 punivit,
1547 2983 1648 3039 sed
1683 2983 1856 3038 variis
1906 2982 2094 3039 modis

448 3074 864 3133 miserabiliter
916 3073 1277 3130 excruciatos
1336 3071 1646 3128 interfecit.
1707 3071 1848 3126 Nam
1913 3071 2092 3127 alium

450 3165 689 3221 ferventi
733 3181 882 3237 aqua
913 3166 1215 3219 excoctum
1266 3161 1326 3215 in
1358 3159 1615 3216 canistro
1646 3176 1749 3232 pro
1805 3158 1989 3216 missu
2022 3160 2091 3214 ad

449 3273 590 3313 suos
641 3257 888 3316 remisit.
925 3253 1104 3309 alium
1138 3255 1194 3307 in
1245 3253 1537 3324 ingentem
1573 3268 1774 3320 rogum
1824 3251 2094 3322 coniecit,

453 3344 630 3402 alium
662 3345 824 3401 culeo
854 3345 1116 3399 insulum
1150 3341 1207 3396 in
1243 3341 1485 3396 fundum
1524 3339 1699 3394 maris
1727 3339 1959 3410 abjecit.
1995 3340 2097 3395 Fa-

461 3435 670 3491 ctionis
727 3451 859 3490 vero
919 3433 1236 3503 principem
1293 3435 1352 3486 et
1383 3446 1572 3501 regem
1626 3429 1915 3485 delectum
1967 3446 2098 3500 gra-

460 3523 604 3580 viori
655 3521 939 3594 supplicio
995 3520 1331 3576 destinavit.
1389 3518 1573 3574 Jussit
1619 3517 1772 3573 enim
1823 3533 2096 3574 coronam

454 3627 672 3667 aeneam
707 3610 829 3665 ﬁeri
861 3625 992 3664 cum
1028 3611 1283 3680 quatuor
1311 3605 1717 3675 foraminibus,
1762 3621 1932 3676 quam
1971 3606 2099 3676 ejus

451 3700 626 3774 capiti
658 3699 899 3755 totidem
953 3696 1182 3769 magnis
1221 3695 1395 3750 clavis
1424 3693 1630 3761 affixit,
1662 3699 1836 3764 atque
1885 3694 1961 3748 ita
1992 3693 2095 3749 ho-

450 3790 668 3846 minem
691 3789 850 3845 abire
871 3787 1058 3858 jussit
1078 3785 1168 3840 his
1190 3783 1418 3841 verbis:
1448 3806 1476 3834 α
1495 3783 1701 3850 llabes,
1724 3783 1918 3848 homo,
1941 3798 2097 3838 coro-

448 3895 584 3935 nam
617 3893 790 3950 quam
850 3880 1094 3932 venatus
1124 3890 1206 3930 es.
1251 3871 1433 3930 Nemo
1483 3871 1588 3926 tibi
1622 3871 1872 3927 invidet:
1909 3873 2095 3927 fruere

447 3983 631 4039 usque
658 3967 803 4021 adeo
825 3964 1146 4020 desiderata
1178 3979 1258 4018 re.
1289 3983 1319 4012 »
1344 3963 1399 4018 Is
1428 3976 1560 4016 vero
1585 3959 1866 4032 vertigine
1895 3961 2094 4016 oborta

443 4057 605 4112 humi
642 4054 946 4128 prolapsus
977 4051 1146 4126 paulo
1177 4057 1307 4123 post
1335 4051 1394 4105 in
1429 4049 1748 4106 miserabili
1780 4048 1878 4106 illo
1906 4051 2092 4106 diade-

448 4155 594 4202 mate
623 4144 961 4217 exspiravit.
1013 4142 1188 4214 Capta
1242 4139 1464 4206 Sicilia,
1518 4155 1632 4195 una
1679 4155 1809 4195 cum
1873 4140 2094 4195 caeteris

442 4233 604 4290 Irene
655 4231 864 4290 lsaacii
899 4229 1270 4302 imperatoris
1301 4229 1417 4284 filia
1461 4227 1681 4298 captiva
1710 4231 1798 4283 est
1846 4227 2094 4284 abducta

441 4327 500 4380 et
529 4323 818 4396 desponsa
859 4319 1040 4376 notho
1070 4317 1228 4373 fratri
1263 4317 1412 4389 regis
1456 4315 1810 4372 Alemannis
1867 4316 2091 4388 Philip-

443 4429 538 4486 po,
555 4413 775 4468 amisso
799 4410 989 4481 priore
1010 4409 1278 4479 conjuge,
1299 4406 1395 4478 qui
1415 4409 1545 4478 post
1570 4406 1789 4462 obitum
1812 4405 2091 4461 Tancrcdi

445 4501 622 4571 patris
649 4497 861 4556 Sicilire
893 4497 1226 4566 imperarat.

2191 1902 2403 1984 ἔλεγον,
2434 1907 2525 1962 καὶ
2555 1913 2686 1963 πᾶσι
2729 1907 2826 1981 μὶν
2881 1907 3130 1969 εὒκταῖος
3191 1909 3396 1972 ἔθνεσιν
3450 1908 3479 1962 ὁ
3529 1911 3631 1963 τοῦ
3679 1909 3854 1984 ῥηγὸς

2188 1995 2525 2070 ’Ᾱλαμανίας
2557 1998 2781 2062 θάνατος
2814 1997 3007 2074 ἐφάνη,
3050 1997 3308 2059 Σικελοῖς
3357 1995 3416 2052 δὲ
3460 1997 3552 2052 καὶ
3607 1996 3850 2069 μάλιστα

2191 2088 2267 2149 ὡς
2299 2084 2423 2142 οὐδέ
2450 2107 2586 2142 τισιν
2621 2085 2820 2151 ἄλλοις
2849 2089 2884 2157 ἡ
2925 2085 3153 2155 τελευτὴ
3211 2087 3406 2142 τούτου
3455 2085 3848 2155 ἀσπασιωτατη

2189 2175 2495 2250 γεγένηται,
2571 2175 2686 2250 ὅσῳ
2757 2176 2846 2230 καὶ
2929 2178 3028 2244 τῆς
3103 2177 3274 2246 νήσου
3347 2175 3555 2246 ταύτης
3613 2173 3858 2242 ἁλούσης

2190 2265 2470 2329 πλείστοις
2536 2266 2623 2322 ὑπ’
2691 2265 2857 2322 αὐτοῦ
2918 2271 3107 2327 κακοῖς
3166 2263 3639 2339 προσεπάλαισαν,
3724 2265 3860 2341 ’ἅπερ

2193 2352 2319 2410 οὔδε
2352 2353 2538 2431 ῥᾴδιον
2568 2359 2752 2435 γραφῇ
2801 2352 3160 2430 παραδοῦναι.
3214 2355 3292 2413 Οὐ
3335 2357 3437 2431 γὰρ
3489 2357 3659 2428 μόνον
3713 2355 3858 2424 ὑπή-

2193 2463 2392 2521 νεγκαν
2469 2445 2622 2500 οὗτοι
2693 2446 2902 2520 σφαγᾶς
2977 2445 3069 2500 καὶ
3145 2443 3452 2523 χρημάτων
3551 2443 3862 2514 ὑπέστησαν

2195 2535 2445 2610 ἁρπαγὰς
2499 2535 2589 2590 καὶ
2642 2531 2908 2610 πατρίδος
2967 2531 3346 2613 ἐδυστύχησαν
3425 2532 3702 2589 ἔκπτωσιν
3777 2535 3865 2588 καὶ

2195 2623 2486 2679 κολάσεσιν
2535 2624 2887 2686 ἀνυποίστοις
2941 2618 3462 2694 καθυπεϐλήθησαν,
3509 2622 3711 2676 ὁπόσαι
3769 2627 3864 2677 τοῦ

2199 2719 2296 2788 ζῇν
2319 2715 2676 2789 αἱρετώτερον
2715 2719 2922 2778 τιθέασι
2970 2715 3034 2769 τὸ
3085 2716 3283 2786 θανεῖν,
3329 2711 3476 2769 ἀλλᾶ
3525 2713 3619 2768 καὶ
3669 2715 3863 2775 πόλεις

2198 2801 2420 2859 Σικελαὶ
2461 2803 2671 2860 πολλαὶ
2727 2803 3108 2879 καθῃρέθησαν
3163 2804 3255 2858 καὶ
3319 2802 3552 2879 φρούρια
3604 2801 3862 2876 ἐπίκαιρα

2196 2892 2630 2968 κατεσκάφησαν.
2691 2890 2917 2950 Ἐδεδίει
3001 2893 3107 2968 γὰρ
3159 2895 3260 2961 τήν
3319 2892 3372 2954 ἐς
3438 2891 3666 2948 τούπιὸν
3729 2891 3861 2948 ἐπα-

2196 2981 2470 3050 νάστασιν,
2506 2982 2597 3036 καὶ
2639 2983 2714 3044 ὡς
2767 2983 2841 3055 μή
2903 3001 3036 3037 ποτε
3101 2981 3323 3037 Σικελοὶ
3380 2988 3481 3051 τῆς
3546 2981 3858 3056 ἐλευθερίας

2200 3071 2472 3147 ἐρασθεῖεν
2531 3068 2995 3147 προμηδούμενος
3051 3077 3223 3127 πᾶσαν
3269 3071 3460 3132 αὐτοῖς
3510 3071 3725 3146 ἀγαθὴν
3779 3072 3860 3126 ὲλο

2205 3157 2337 3216 πίδα
2391 3161 2682 3235 ἀπέκοψεν,
2741 3161 2840 3232 ’ὀση
2908 3181 2968 3215 τε
3025 3157 3076 3216 ἐν
3153 3163 3405 3235 χρήμασι
3471 3161 3564 3215 καὶ
3618 3160 3747 3232 ὅση,
3805 3161 3856 3214 ἐν

2208 3245 2413 3325 ἅρμασι
2443 3247 2754 3312 καῖ’ίπποις
2783 3249 3050 3318 τεθέαται,
3099 3250 3192 3304 καὶ
3241 3250 3340 3320 ὅση
3387 3244 3714 3323 περιϐόλοις
3758 3250 3860 3304 πό-

2206 3341 2344 3398 λεων
2379 3341 2741 3416 εὐτειχιστοις
2775 3339 2869 3396 καὶ
2907 3337 3162 3416 ἀνδράσιν
3209 3339 3442 3418 εὐγενέσι
3491 3343 3583 3396 καὶ
3637 3341 3861 3416 ἐχυρεῖς

2207 3429 2466 3506 ἐρύμασιν
2519 3431 2924 3504 ἐμπερικροτεῖ.
2976 3429 3129 3499 Πλὴν
3180 3429 3268 3484 καὶ
3307 3431 3371 3485 τὸ
3425 3428 3636 3502 μέλλον
3687 3429 3859 3486 δεινὸν

2204 3519 2280 3582 ὡς
2307 3518 2449 3594 ὧραι
2482 3519 2838 3596 ὑφορώμενος
2870 3520 2959 3574 καὶ
3014 3519 3092 3592 μή
3142 3518 3317 3594 παρὸν
3367 3521 3856 3593 προαποκρουὸμε-

2201 3628 2294 3669 νος
2325 3602 2694 3678 ἐπεϐουλεύθη
2728 3607 2876 3682 παρά
2904 3628 3068 3662 τινων
3117 3607 3208 3662 καὶ
3255 3609 3519 3684 κρείττων
3567 3615 3668 3678 τῆς
3723 3608 3855 3664 ἐκεί-

2201 3717 2307 3751 νων
2340 3698 2522 3774 φανεές
2554 3695 2840 3760 ἐπιθέσεως
2869 3697 2931 3751 οὐ
2961 3698 3040 3770 τῷ
3088 3694 3178 3752 διὰ
3225 3696 3414 3774 ξίφους
3469 3700 3675 3771 θανάτῳ
3725 3697 3852 3754 τοὺς

2202 3785 2518 3846 ἀντιστάτας
2547 3785 2820 3858 ἠμύνατο,
2854 3783 3001 3842 ἀλλὰ
3030 3784 3399 3862 πολυτρόπως
3451 3787 3702 3862 πρότερον
3747 3789 3847 3861 βα-

2202 3874 2417 3937 σανίσας
2451 3873 2770 3951 οἰκτρότατα
2801 3873 2943 3930 οὕτω
2983 3872 3081 3931 τοῦ
3139 3873 3236 3948 ζῇν
3291 3873 3588 3950 ἐστέρησενο
3637 3876 3692 3930 ὃν
3747 3876 3846 3948 μεν

2197 3964 2298 4038 γὰρ
2359 3961 2776 4039 διακεχαλακὼς
2827 3961 3165 4039 καχλάζοντι
3215 3959 3412 4036 λέϐητι
3458 3965 3548 4020 καὶ
3597 3964 3703 4029 θεὶς
3765 3964 3851 4020 ἐπὶ

2199 4049 2364 4106 κανοῦ
2395 4052 2634 4127 καθάπερ
2665 4057 2813 4107 σῖτον
2873 4050 3188 4130 ἐκπέπομφε
3227 4058 3346 4114 τοῖς
3396 4052 3643 4119 οἰκείοις,
3689 4053 3748 4107 ὅν
3793 4051 3854 4106 δὲ

2205 4139 2510 4210 ἡκοντικὼς
2555 4140 2633 4204 εἴς
2689 4141 2862 4216 πυρὰν
2950 4141 3268 4196 ἆνακαεῖσαν
3337 4139 3748 4211 ἐπταπλασίως,
3800 4144 3854 4195 ὃν

2203 4226 2262 4284 δὲ
2295 4228 2650 4291 ἐνσακκεῦσας
2704 4229 2794 4285 καὶ
2849 4233 2929 4302 τῷ
2990 4230 3142 4304 βυθῷ
3197 4235 3298 4298 τῆς
3357 4229 3636 4300 θαλάσσης
3691 4251 3856 4302 παραυ

2204 4315 2427 4393 πέμψας
2456 4317 2717 4393 ἐξέτριψε.
2749 4318 2852 4373 Τὸν
2882 4316 2940 4373 δέ
2970 4339 3032 4394 γε
3061 4318 3419 4393 πρωτουργὸν
3449 4339 3549 4373 του
3594 4321 3856 4394 συστρέμ-

2205 4429 2376 4481 ματος
2403 4407 2494 4462 καὶ
2525 4407 2664 4482 πρὸς
2711 4406 3011 4480 ἠγεμονίαν
3077 4405 3398 4481 ἐπιλεγέντα
3455 4408 3728 4484 βαρυτέρᾳ
3777 4429 3853 4462 τι·

2205 4496 2388 4572 μωρίᾳ
2415 4501 2522 4552 τῶν
2551 4494 2765 4553 λοιπῶν
2795 4493 3100 4552 ὑπεδίκασε’
3146 4497 3340 4574 στέφος
3389 4497 3497 4572 γὰρ
3541 4497 3603 4552 ἐκ
3644 4496 3856 4576 χαλκοῦ

4005 764 4007 880 ι

4005 883 4010 1098 1

4013 1618 4015 1740 ι

440 4586 692 4658 ἐπιτάξας
751 4587 1020 4660 γενέσθαι,
1080 4582 1398 4660 ἐγκαρσίους
1457 4579 1586 4658 ἔχον
1645 4582 1782 4645 ὀπὰς
1866 4583 1988 4645 ἳσας
2066 4590 2178 4648 τοῖς
2235 4587 2452 4661 πέρασι,
2528 4586 2838 4659 περιτίθησι
2915 4591 3077 4642 τοῦτο
3150 4591 3232 4658 τῷ
3317 4587 3598 4663 ἀντάραντι
3668 4595 3855 4664 χεῖρας

441 4675 653 4748 ἐκείνῳ,
713 4668 897 4729 ἔπειτα
941 4672 1156 4747 τέτρασι
1226 4671 1505 4748 μεγίστοις
1561 4670 1812 4738 ’ἑστορσιν
1868 4671 1922 4734 ἐς
1978 4674 2041 4728 τὸ
2099 4671 2394 4753 διαμπερὲς
2485 4671 2950 4750 διαϐεϐλημένοις
3020 4679 3090 4750 τῇ
3165 4673 3380 4754 κεφαλῇ
3456 4675 3720 4753 ἐνερείσας
3791 4680 3854 4734 τὸ

441 4762 686 4839 διάδημα
716 4762 861 4818 οὕτω
901 4758 1133 4838 διαφῆκε
1191 4757 1452 4836 βαδίζειν,
1513 4785 1540 4812 ‹‹
1603 4762 1811 4836 Ἔχεις,
1871 4784 1898 4813 »
1960 4761 2149 4832 εἰπὼν,
2211 4789 2238 4817 ‹‹
2301 4764 2357 4820 ὅν
2417 4763 2658 4836 ἐδίωκες,
2717 4763 2986 4841 ἄνθρωπε,
3048 4766 3330 4844 στέφανον·
3399 4767 3598 4838 φθόνος
3655 4765 3854 4836 οὖδεῖς,

442 4857 684 4913 ἀπόλαυε
732 4857 830 4910 τοῦ
886 4851 1076 4931 ἐφετοῦ
1116 4871 1199 4905 σοι
1251 4848 1374 4905 λίαν
1436 4851 1525 4905 καὶ
1581 4849 2050 4924 περισπουδάστου
2109 4857 2488 4928 χρήματος.»
2554 4857 2616 4913 Ὀ
2673 4852 2731 4910 δὲ
2785 4853 3105 4925 σκοτοδίνης
3164 4855 3434 4926 πλησθεῖς
3493 4860 3583 4913 καὶ
3640 4860 3856 4930 πρηνὴς

438 4947 616 5004 πεσὼν
680 4944 816 5020 μετᾶ
876 4942 1052 5019 βραχὺ
1110 4939 1402 5010 ἐτεθνήκει,
1453 4944 1534 5011 τῷ
1601 4939 1768 5012 οίκτῷ
1815 4938 2006 5014 ἒκεῖνῳ
2062 4940 2432 5019 έναποῤῥήξας
2485 4948 2867 5023 στεφανώματι
2943 4946 3044 5013 τήν
3132 4947 3347 5020 ψυχήν,
3437 4948 3580 5003 Κατᾶ
3649 4944 3708 5002 δὲ
3760 4949 3861 5014 τήν

439 5035 647 5093 ἅλωσιν
705 5040 806 5104 τῆς
858 5030 1110 5093 Σικελίας
1168 5030 1396 5104 ἀπήχθη
1461 5031 1574 5103 μεθ’
1624 5024 1819 5104 ἑτέρων
1880 5030 2244 5110 αἰχμάλωτος
2289 5033 2380 5088 καὶ
2437 5035 2473 5103 ἡ
2533 5034 2769 5108 θυγάτηρ
2833 5033 3099 5090 Ἰσαακίου
3155 5037 3254 5088 τοῦ
3311 5036 3733 5112 αὐτοκράτορος,
3787 5037 3856 5104 ἧς

439 5129 473 5198 ἡ
505 5125 704 5198 κλῆσις
736 5123 968 5200 Είρήνη,
996 5121 1086 5176 καὶ
1116 5119 1558 5195 προσαρμόζεται
1591 5119 1858 5193 Φιλίππῳ
1887 5123 1968 5193 τῷ
1996 5125 2093 5176 τοῦ
2125 5120 2296 5198 ῥηγὸς
2346 5121 2680 5194 Ἀλαμανίας
2725 5119 2968 5202 ἀδελφῷ,
3018 5121 3078 5177 ἐκ
3127 5129 3404 5196 πορνικῶν
3463 5129 3641 5202 φυέντ,
3691 5147 3859 5200 περ,

441 5221 646 5294 μάτων,
679 5209 1035 5271 ἀποϐαλοῦσα
1077 5210 1211 5278 αὓτη
1267 5209 1483 5282 θανάτῳ
1534 5209 1625 5265 τὸν
1683 5208 1742 5264 ὲκ
1806 5209 2104 5285 παρθενίας
2161 5210 2252 5266 καὶ
2308 5210 2570 5286 πρότερον
2631 5210 2908 5282 σύνευνον,
2966 5209 3026 5274 ὅς
3079 5213 3171 5268 καί
3229 5213 3551 5288 ἐτυράννησε
3611 5213 3865 5278 Σικελίας

439 5307 575 5381 μετὰ
597 5305 766 5380 μόρον
793 5299 892 5359 τοῦ
920 5301 1170 5362 τεκόντος
1201 5297 1364 5356 αὑτὸν
1393 5299 1630 5375 Ταγκρέ.

507 5395 664 5453 680
692 5394 973 5450 Ceterum
1003 5392 1113 5449 hoc
1159 5405 1390 5463 quoque
1424 5389 1575 5446 malo
1605 5389 1874 5458 maximo,
1907 5407 1938 5446 a
1969 5407 2086 5463 quo

2261 5388 2422 5449 Ἀλλ’
2452 5387 2701 5446 ἐκποδὼν
2730 5389 2820 5445 καὶ
2868 5386 3029 5446 τοῦδε
3084 5395 3181 5447 τοῦ
3243 5397 3418 5449 κακοῦ
3475 5393 3653 5448 θεόθεν
3709 5413 3856 5467 γεγε-

438 5499 642 5538 omnes
692 5481 1001 5552 provinciae
1036 5480 1309 5536 Romanae
1366 5479 1610 5550 pessima
1643 5495 1887 5552 quaeque
1926 5479 2088 5536 time-

2199 5481 2461 5554 νημένου,
2498 5481 2758 5555 μεγίστου
2787 5501 2848 5536 τε
2878 5477 3035 5544 ὄντος
3081 5481 3170 5536 καὶ
3222 5481 3310 5560 ὑφ’
3367 5481 3430 5536 οὗ
3480 5489 3620 5537 πᾶσα
3650 5485 3684 5550 ἠ
3716 5483 3850 5538 Ῥω-

443 5573 600 5634 bant,
635 5569 914 5625 divinitus
961 5568 1193 5624 sublato
1223 5567 1381 5624 aliud
1438 5567 1828 5624 infortunium
1862 5585 1892 5625 ο
1945 5569 2086 5624 mari

2203 5570 2377 5643 μαίων
2439 5567 2754 5647 ἐκαραδόκει
2808 5570 2879 5624 τὰ
2947 5567 3225 5625 δεινότατα
3304 5571 3600 5642 πείσεσθαι,
3666 5569 3846 5644 ’ἕτερον

442 5655 685 5715 exstitit.
717 5655 860 5711 Nam
885 5656 1214 5713 lienuensis
1244 5659 1484 5728 quidam
1515 5659 1749 5714 nomine
1771 5658 2086 5729 Capbures,

2200 5660 2506 5732 ὑπεκύμανε
2561 5653 2898 5721 κυνοϐλαϐἐς
2952 5660 3074 5715 καθ’
3139 5657 3245 5714 ἂλα
3317 5659 3504 5716 κακόν.
3565 5660 3844 5728 rusei-:3:
