4116 6206
337 310 461 370 857

1229 309 1328 368 DE
1372 307 1662 369 ALEXIO
1706 306 1986 370 ISAACII
2031 305 2323 367 ANGELI
2376 307 2502 367 PR.
2548 306 2702 366 LIB.
2749 304 2825 368 II.

3630 306 3750 368 858

337 444 444 520 γὰρ
471 462 554 504 τις
586 442 878 519 Καφούρης
907 437 1171 513 τοῦνομα,
1226 448 1359 510 νῆας
1418 438 1703 515 δικρότους
1744 440 1832 494 καὶ
1866 458 1983 514 τρια

2103 439 2424 495 biremibus
2456 443 2513 494 ct
2541 438 2877 496 triremibus
2909 439 3225 506 fabricatis,
3264 440 3527 497 rotundis
3566 442 3744 497 etiam

334 533 570 606 κρότους
618 531 930 602 πηξάμενος
984 531 1074 585 καὶ
1123 528 1343 590 πλοίοις
1397 529 1760 605 στρογγύλοις
1791 528 1992 605 φραξά-

340 643 531 696 μενος,
583 623 679 682 τᾶς
734 620 1207 696 παραθαλαττίους
1264 616 1435 698 ἔκειρε
1492 621 1683 684 πόλεις
1742 621 1831 676 καὶ
1896 622 1992 682 τὰς

337 713 545 781 νήσους
601 708 769 765 ἐπιὼν
805 712 956 784 [311]
1005 709 1163 765 ἐτίθει
1222 715 1401 775 κακῶς
1430 712 1485 765 αἳ
1513 711 1647 766 κατᾶ
1675 711 1738 765 τὸ
1768 710 2001 787 Αἰγαῖον,

333 800 624 875 ἀνίσχουσι
656 798 924 874 πέλαγος.
955 797 1128 856 Ἀλλὰ
1183 801 1274 854 καὶ
1331 804 1412 872 τῷ
1444 800 1791 875 Ἀτραμυτίῳ
1823 820 1993 874 προσ-

330 883 523 944 ϐαλὼν
554 887 706 945 λείαν
759 888 960 943 ἐκεῖθεν
1008 886 1179 957 ἤλασε
1230 888 1321 942 καὶ
1375 886 1620 957 συνέλεξε
1657 887 1896 944 πλοῦτον
1926 888 1989 944 ού

328 977 669 1049 σταθμητόν.
700 978 788 1038 Ὠς
849 974 907 1031 δὲ
966 978 1245 1053 ῥέγκοντες
1307 976 1512 1052 βαθέως
1554 977 1865 1053 ἐξανέθορον
1894 976 1992 1052 ὀψέ

325 1087 464 1121 ποτε
520 1065 611 1120 καὶ
666 1066 938 1139 ἀνένηψαν
1019 1062 1241 1141 βράδιον
1329 1069 1413 1130 οἷς
1471 1066 1591 1136 ἐξῆν
1646 1066 1712 1121 τά
1765 1071 1990 1121 τοιαῦτα

325 1157 672 1225 σκέπτεσθαι,
751 1154 1035 1210 στέλλεται
1109 1157 1245 1210 κατὰ
1335 1161 1432 1211 τοῦ
1521 1156 1777 1235 Καφούρη
1857 1156 1990 1228 μετά

323 1245 620 1317 τριάκοντα
684 1248 829 1312 νηῶν
899 1246 928 1299 6
987 1246 1309 1320 Στειρνόνης
1377 1245 1656 1315 Ἰωάννης,
1726 1246 1987 1319 πειρατὴς

333 1336 436 1407 μὶν
509 1353 638 1387 ποτε
710 1334 952 1409 γεγονὼς
1023 1332 1113 1388 καὶ
1188 1338 1457 1409 πειρατῶν
1514 1335 1542 1389 6
1600 1334 1874 1410 γείριστος
1929 1333 1989 1388 ἐκ

326 1416 646 1497 Καλαϐρίας
721 1422 1077 1495 ὁρμώμενος,
1154 1422 1409 1496 Ἰσαακίῳ
1485 1421 1542 1478 δὲ
1614 1427 1694 1495 τῷ
1770 1422 1988 1498 βασιλεῖ

325 1512 624 1585 προσρυεὶς
698 1509 786 1564 ἐπὶ
866 1510 1144 1586 μεγίστοις
1222 1511 1635 1590 φιλοτιμήμασι
1707 1514 1797 1566 καὶ
1847 1513 1979 1568 Ῥω·

330 1601 530 1674 μαίους
562 1599 881 1663 πλειστάκις
922 1600 1231 1681 ὠφεληκὼς
1288 1601 1339 1656 ἐν
1393 1609 1511 1665 τοῖς
1554 1604 1689 1658 κατά
1718 1602 1981 1659 θάλατταν

322 1688 712 1763 ἀεθλεύμασιν.
770 1689 963 1761 Ἐξιὼν
1025 1691 1116 1745 οὖν
1167 1692 1302 1746 κατὰ
1358 1697 1455 1747 τοῦ
1514 1691 1775 1767 Καφούρη
1819 1712 1984 1747 κακο-

2101 529 2348 583 navibus
2406 529 2746 598 instructus,
2810 529 3128 584 maritimas
3187 532 3359 583 urbes
3416 535 3473 585 et
3524 530 3746 587 insulas

2096 616 2267 689 ΖΕδωί
2303 618 2476 674 maris
2508 617 2745 673 vexavit.
2779 618 2887 672 Sed
2934 624 2989 673 et
3018 618 3379 690 Adramyttio
3426 629 3549 674 acta
3598 638 3740 691 pra:-

2098 708 2172 761 da
2205 707 2510 763 immensis
2541 707 2751 779 opibus
2782 713 2871 762 est
2899 708 3136 779 potitus.
3165 708 3233 764 Ut
3262 725 3391 763 vero
3426 707 3495 764 iis
3527 711 3743 781 quibus

2097 796 2232 851 talia
2262 812 2413 851 curae
2446 797 2874 852 essedebebant
2903 797 3135 852 tandem
3169 802 3442 852 veternus
3464 815 3743 855 excussus

2094 889 2200 953 est,
2233 882 2486 939 Joannes
2516 883 2801 939 Stiriones
2828 900 2959 939 cum
2994 884 3232 955 triginta
3267 884 3512 940 navibus
3542 893 3743 943 contra

2095 972 2259 1027 illum
2293 972 2566 1027 mittitur.
2601 976 2809 1028 Fuerat
2859 973 2909 1027 is
2940 972 3223 1028 Stirioncs
3274 974 3458 1044 pirata
3490 976 3744 1029 suavissi-

2095 1078 2249 1125 mus,
2302 1077 2332 1117 e
2390 1061 2653 1117 Calabria
2705 1062 2991 1117 oriundus
3035 1078 3048 1116 :
3109 1064 3207 1117 sed
3270 1064 3340 1119 ab
3395 1063 3744 1134 imperatore

2094 1152 2312 1209 Isaacio
2364 1152 2633 1207 maximis
2669 1152 3011 1208 muneribus
3052 1154 3270 1209 ascitus
3320 1154 3600 1210 Romanis
3632 1173 3742 1210 sm-

2094 1240 2337 1312 pissime
2367 1241 2423 1296 in
2458 1242 2760 1297 navalibus
2793 1241 2959 1297 bellis
2990 1243 3407 1297 commodarat.
3452 1245 3505 1298 Is
3538 1250 3741 1301 contra

2092 1329 2412 1401 Caphurem
2464 1332 2749 1400 profectus
2809 1337 3016 1401 praeter
3070 1333 3558 1403 exspectationem
3636 1335 3737 1387 ad-

2091 1435 2256 1473 versa
2288 1420 2517 1474 fortuna
2548 1420 2762 1476 utitur:
2797 1436 2928 1475 nam
2966 1436 3102 1477 cum
3134 1422 3354 1477 viribus
3406 1422 3736 1477 adversario

2090 1509 2332 1564 inferior
2388 1508 2550 1564 illum
2602 1513 2723 1564 arte
2763 1524 3037 1580 superare
3089 1511 3484 1576 contenderet,
3546 1523 3618 1566 ab
3669 1529 3735 1567 eo

2089 1598 2273 1653 victus
2324 1603 2432 1665 est,
2467 1597 2525 1653 id
2558 1614 2865 1670 perpessus
2914 1599 3067 1669 quod
3101 1603 3377 1670 perpetuo
3425 1600 3607 1655 facere
3638 1602 3736 1655 de-

2088 1687 2354 1743 stinarat.
2388 1687 2682 1759 Caphures
2712 1688 2881 1743 etiam
2915 1692 3203 1743 Romanas
3251 1704 3420 1744 naves
3451 1690 3598 1743 circa
3632 1688 3732 1744 Se-

322 1776 585 1851 δαιμονεῖ
640 1779 787 1854 παρὰ
845 1776 1026 1849 δόξαν
1088 1775 1230 1855 ἔχων
1288 1780 1390 1856 γάρ
1451 1778 1539 1835 διὰ
1595 1778 1827 1854 μελέτης
1885 1801 1981 1837 κα-

2088 1781 2241 1831 stum
2272 1777 2419 1831 clam
2464 1778 2726 1843 adortus,
2756 1792 2888 1832 cum
2923 1779 3033 1833 sub
3076 1778 3371 1833 meridiem
3405 1779 3475 1833 ad
3532 1779 3730 1850 Sigurn

310 1867 712 1946 τασοφίσασθαι
770 1869 862 1923 τὸν
921 1866 1245 1939 ἀντίπαλον,
1305 1868 1483 1924 πλείω
1522 1863 1975 1945 προϐεϐλημένον

314 1957 504 2033 ἰσχὺν,
578 1958 669 2012 ὑπ’
742 1956 948 2013 ἔκείωυ
1022 1965 1547 2038 καταναυμαχεῖται,
1588 1960 1871 2022 πεπονθὼς
1946 1959 1976 2013 δ

314 2043 539 2121 δράσειν
596 2045 801 2101 ἐκεῖνον
858 2045 1050 2101 ἐνενόει
1109 2043 1198 2100 διὰ
1254 2047 1479 2111 παντός.
1535 2053 1667 2111 Ταῖς
1705 2049 1808 2124 γὰρ
1836 2049 1979 2105 Ῥω-

319 2140 552 2209 μαΐκαῖς
610 2136 759 2190 ναυσὶ
828 2135 953 2209 περὶ
1013 2136 1224 2206 Σηστὸν
1283 2134 1636 2198 σαλευούσαις
1698 2134 1975 2212 λαθρηδὸν

311 2226 544 2289 ἐπιστάς
576 2229 603 2281 ὅ
637 2227 947 2304 Καφούρης,
1005 2226 1079 2288 ὡς
1141 2227 1261 2302 εὗρε
1311 2228 1431 2301 περὶ
1469 2222 1812 2302 μεσημϐρίαν
1843 2230 1977 2284 κατά

311 2316 414 2370 τὸν
448 2316 609 2391 Σιγὸν
639 2317 884 2389 ποταμὸν
919 2316 1287 2388 κεκενωμένας
1341 2320 1442 2372 τοῦ
1497 2322 1776 2387 ναυτικοῦ,
1809 2318 1977 2387 ἀπαξ-

317 2405 535 2468 απάσας
568 2405 839 2476 μετὰτῶν
897 2403 1086 2461 ὅτλων
1145 2405 1235 2460 καὶ
1299 2406 1371 2459 ὧν
1431 2405 1583 2479 εἶχον
1626 2402 1806 2460 ἔνδοθι
1844 2408 1976 2480 βιω-

319 2492 505 2566 σίμων
540 2495 702 2568 αἱρεῖ.
736 2496 830 2549 Ἐκ
878 2491 935 2549 δὲ
985 2493 1180 2549 τούτου
1237 2494 1331 2556 τὰς
1375 2496 1573 2565 νήσους
1606 2492 1777 2557 ἀδεῶς
1809 2495 1975 2551 ἐπιὼν

315 2583 417 2637 καὶ
470 2603 654 2661 χωρια
704 2583 771 2638 τά
823 2580 1044 2657 πάραλα
1100 2581 1432 2657 ληϊζόμενος
1488 2582 1687 2659 φόρους
1728 2583 1979 2640 ἐπέταττε

312 2672 414 2726 καὶ
449 2670 736 2749 συνέλεγεν
794 2672 871 2735 ὡς
924 2667 1221 2743 ἠϐούλετο.
1280 2670 1544 2736 Βασιλεὺς
1570 2675 1753 2728 τοίνυν
1781 2672 1977 2745 ἐξηπο-

313 2762 508 2836 ρηκὼς
543 2761 630 2815 ἐπὶ
661 2760 883 2823 τούτοις
933 2757 1044 2816 δεῖν
1095 2756 1239 2837 ἔγνω
1270 2760 1583 2826 σπείσασθαι
1612 2766 1691 2834 τῷ
1720 2769 1975 2839 πειρατῇ.

311 2850 546 2922 Ἀμέλει
595 2850 687 2905 καὶ
738 2848 955 2911 στείλας
1011 2871 1162 2912 τινας
1220 2855 1326 2905 τῶν
1378 2853 1624 2921 συνήθων
1658 2849 1845 2924 ἐκείνῳ
1876 2857 1975 2908 Γε⁶

304 2944 548 2996 νουϊτῶν
603 2938 895 3013 (πολλακις
945 2940 1050 3015 γὰρ
1106 2941 1223 2994 κατ’
1286 2939 1551 3014 ἐμπορίαν
1582 2936 1688 2995 ὦδε
1718 2942 1973 3016 κατήχθη

306 3032 369 3093 ἐς
428 3032 492 3086 τὸ
550 3032 859 3101 Βυζάντιον·
918 3031 1009 3085 καὶ
1065 3029 1097 3085 ὅ
1152 3027 1430 3105 δέδρακεν,
1471 3029 1524 3093 ἐς
1585 3033 1847 3106 χρήματα
1878 3037 1978 3103 ζη-

313 3121 551 3195 μιωθεὶς
607 3122 752 3195 παρά
808 3124 903 3175 τοῦ
959 3119 1083 3176 τότε
1135 3117 1328 3183 δουκδς
1374 3124 1470 3175 τοῦ
1501 3120 1700 3176 στόλου
1734 3122 1971 3200 Μιχαὴλ

304 3215 415 3266 τοῦ
470 3213 748 3287 Στρυφνοῦ
798 3208 1112 3284 εἴργάσατο)
1165 3209 1390 3265 ἂνεκίνει
1468 3210 1562 3284 μὲν
1626 3211 1716 3265 καὶ
1776 3210 1971 3287 λόγους

309 3299 446 3374 περὶ
500 3296 771 3369 σπονδῶν,
833 3296 991 3354 οὐδὲν
1053 3296 1110 3354 δὶ
1154 3301 1317 3368 ἦττον
1375 3300 1465 3354 καὶ
1523 3300 1658 3374 πρὸς
1724 3297 1973 3373 πόλεμον

309 3388 678 3462 ἡτοιμάζετο,
709 3390 955 3464 τριήρεις
1005 3386 1180 3451 ἄλλας
1232 3389 1692 3464 καταρτισάμενος
1721 3390 1809 3444 καὶ
1843 3389 1970 3446 ταύ-

307 3495 416 3537 τας
445 3472 602 3537 αὗθις
632 3480 714 3548 τῷ
754 3475 1042 3549 Στειριόνῃ
1104 3472 1401 3549 παραδούς.
1449 3475 1536 3535 Ὠς
1568 3473 1625 3530 δὲ
1654 3471 1970 3546 συνέϐησαν,

307 3566 339 3620 6
429 3565 523 3637 μὲν
568 3560 915 3639 βασιλεὺς
959 3567 1283 3639 κεντηνάρια
1342 3563 1575 3639 χρυσίου
1628 3564 1835 3620 στεῖλαι
1891 3569 1971 3638 τῷ

310 3654 578 3731 Καφούρῃ
656 3653 745 3708 καὶ
822 3657 1011 3729 χώραν
1088 3651 1457 3708 ἀποδάσασθαί
1532 3654 1583 3708 οἱ
1658 3655 1966 3728 Ῥωμαϊκήν

302 3741 719 3804 ἒπταπλασίους
796 3740 1028 3817 ἔχουσαν
1124 3742 1335 3819 τρέφειν
1424 3744 1705 3819 ὁμογενεῖς
1780 3743 1968 3817 ἐκείνῳ

2085 1868 2302 1923 ﬂumen
2336 1866 2652 1923 classiariis
2683 1883 2897 1923 vacuas
2925 1868 3257 1938 reperisset,
3276 1869 3577 1923 universas
3602 1886 3733 1923 cum

2083 1958 2265 2011 armis
2295 1961 2351 2010 et
2407 1961 2735 2012 commeatu
2794 1957 2968 2027 capit.
3003 1958 3083 2011 Ex
3141 1974 3206 2012 eo
3239 1957 3450 2012 insulis
3483 1962 3540 2012 ct
3588 1957 3731 2012 locis

2083 2047 2233 2101 037
2270 2045 2598 2114 maritimis,
2632 2063 2761 2119 qua
2788 2048 3029 2117 impune
3062 2046 3278 2117 passim
3313 2046 3725 2118 populabatur,

2082 2135 2300 2190 tributa
2349 2152 2450 2207 pro
2504 2152 2613 2190 sua
2661 2135 2903 2190 libidine
2961 2135 3286 2206 imperabat
3343 2139 3400 2189 et
3442 2134 3725 2203 exigebat.

2084 2227 2270 2290 Quare
2302 2224 2615 2296 imperator
2647 2224 2817 2296 inops
2846 2224 3072 2280 consilii
3126 2240 3326 2295 pacem
3375 2240 3507 2278 eum
3546 2222 3736 2294 pirata

2086 2314 2414 2370 faciendam
2447 2314 2719 2381 censuit;
2754 2318 2810 2369 et
2833 2312 3185 2385 quibusdam
3215 2304 3616 2367 Genuensibus
3651 2311 3734 2366 illi

2084 2401 2470 2458 familiaribus
2498 2403 2567 2457 ad
2601 2418 2733 2457 eum
2769 2401 2966 2457 missis
2999 2402 3172 2474 (saepe
3210 2400 3362 2456 enim
3399 2399 3736 2471 negotiandi

2085 2493 2274 2563 gratia
2307 2494 2642 2565 Byzantium
2696 2493 3024 2564 appulerat,
3070 2496 3127 2547 et
3159 2491 3311 2562 quod
3362 2489 3628 2555 iaciebat,
3664 2506 3731 2545 ca

2085 2580 2155 2636 de
2187 2598 2367 2636 causa
2396 2581 2642 2636 faciebat
2663 2578 2818 2652 quod
2849 2590 2882 2633 a
2912 2578 3187 2633 Michaele
3207 2578 3499 2650 Stryphno
3523 2578 3730 2634 classis

2086 2673 2356 2743 praefecto
2390 2676 2633 2744 pecunia
2668 2672 2952 2727 multatus
2991 2671 3222 2741 fuerat),
3255 2671 3527 2742 quamvis
3556 2671 3731 2725 verba

2084 2762 2155 2816 de
2186 2778 2325 2833 pace
2380 2765 2613 2829 faceret,
2649 2760 3040 2817 nihilominus
3069 2761 3243 2816 etiam
3288 2761 3358 2815 ad
3412 2759 3631 2814 bellum
3670 2776 3732 2814 se

2085 2851 2349 2922 parabat,
2382 2852 2511 2907 aliis
2544 2851 2889 2907 triremibus
2918 2849 3271 2922 comparatis
3303 2854 3360 2905 et
3390 2866 3596 2905 rursus
3626 2848 3734 2903 Sti-

2084 2941 2233 2997 rioni
2270 2940 2521 2999 traditis.
2556 2942 2667 2998 Sed
2701 2947 2760 2997 ut
2789 2941 2944 2996 inter
2972 2957 3071 2997 eos
3120 2940 3412 3007 convenit,
3444 2947 3499 2995 et
3547 2941 3733 3009 impe~

2084 3035 2243 3085 rator
2301 3047 2361 3086 se
2419 3030 2471 3085 ei
2530 3047 2628 3086 sex
2692 3030 2820 3085 auri
2881 3028 3245 3084 centenarios
3300 3028 3618 3083 missurum
3674 3031 3732 3082 et

2085 3123 2415 3179 Romanum
2450 3140 2656 3195 agrum
2685 3124 3146 3195 assignaturum,
3170 3121 3269 3193 qui
3302 3120 3574 3193 septuplo
3606 3120 3725 3190 pln-

2087 3228 2178 3268 res
2228 3212 2445 3268 milites
2479 3218 2680 3284 posset
2727 3212 2879 3268 alere
2926 3228 3100 3283 quam
3136 3212 3264 3282 ipse
3313 3211 3573 3279 haberet,
3630 3209 3729 3264 ille

2084 3309 2286 3357 contra
2317 3318 2379 3357 se
2408 3300 2751 3371 imperatori
2784 3302 2936 3357 dicto
2969 3302 3305 3356 audientem
3338 3300 3457 3355 fore
3487 3308 3573 3355 est
3606 3298 3727 3370 pol-

2082 3389 2303 3446 licitus.
2340 3390 2622 3446 Stiriones
2682 3407 2813 3446 curn
2863 3392 3008 3459 suis,
3060 3391 3285 3445 Pisanis
3338 3388 3546 3460 copiis,
3594 3403 3732 3463 pace

2085 3479 2282 3535 adhuc
2331 3479 2617 3551 ambigua,
2649 3496 2717 3535 ex
2748 3480 3062 3551 improviso
3110 3479 3437 3550 Capburem
3471 3478 3737 3533 adoritur

2081 3569 2517 3641 commissaque
2535 3586 2731 3641 pugna
2753 3575 2986 3641 captum
3005 3569 3299 3633 occidit,et
3320 3570 3444 3638 ejus
3464 3567 3730 3633 navibus,

2080 3662 2330 3728 quatuor
2372 3658 2650 3731 exceptis,
2701 3659 2938 3730 potitur,
2970 3657 3031 3712 in
3076 3657 3292 3729 quibus
3342 3655 3728 3711 consobrinus

2078 3747 2204 3818 ejus
2233 3754 2376 3803 erat.

306 3830 572 3903 ὁπλίτας,
607 3834 635 3887 6
668 3830 725 3887 δὲ
758 3831 994 3888 ὑπείκειν
1026 3830 1105 3904 τῷ
1140 3830 1378 3907 βασιλεῖ,
1412 3831 1824 3907 ἀπροσδόκητος
1854 3835 1882 3889 ὁ
1914 3835 2230 3909 Στειριόνης
2278 3836 2413 3907 μετά
2466 3838 2565 3899 τῆς
2604 3836 2875 3907 ἑπομένης
2907 3836 3055 3905 αύτῷ
3089 3837 3384 3902 Πισσαϊκῆς
3418 3829 3721 3905 δυνάμεως,

302 3920 400 3978 ’ἐτι
432 3920 600 3994 οὔσης
630 3931 730 3993 τῆς
760 3922 983 3998 εἰρήνης
1013 3923 1391 4002 ἀμφιπαλοῦς,
1424 3924 1514 3978 καὶ
1550 3925 1736 4003 μάχην
1797 3924 2053 3998 συνάψας,
2102 3923 2265 3980 αὐτόν
2319 3947 2377 3982 τε
2418 3925 2510 3981 τὸν
2544 3926 2836 4003 Καφούρην
2870 3925 3009 3980 ἑλὼν
3041 3924 3251 4001 ἀναιρεῖ
3277 3923 3366 3977 καὶ
3395 3922 3490 3984 τὰς
3521 3920 3724 3977 ἐκείνου

306 4020 454 4081 νῆας
485 4011 632 4082 πλὴν
665 4012 933 4069 τεττάοων
964 4013 1125 4085 αἱρεῖ·
1158 4013 1311 4066 αὗται
1346 4009 1403 4067 δὲ
1432 4013 1522 4067 τὸν
1556 4012 1761 4068 ἐκείνου
1792 4013 1928 4088 ἦγον
1958 4013 2193 4088 ἀνεψιόν.

393 4103 461 4176 β’.
520 4100 693 4158 Ἀλλὰ
740 4101 829 4155 καὶ
860 4099 1028 4156 τῶνδε
1086 4106 1192 4156 τῶν
1251 4108 1432 4157 κακῶν
1465 4099 1709 4157 ἐκποδὼν
1740 4101 1967 4175 γενομὲ-

302 4212 422 4244 νων
478 4191 505 4245 6
564 4188 615 4244 ἐν
665 4196 781 4251 τοῖς
837 4189 1085 4268 ἀρχείοις
1142 4188 1467 4265 ἐπεγείρεται
1500 4190 1770 4267 τάραχος,
1804 4190 1863 4252 ὅς
1900 4190 1965 4245 τὰ

304 4280 451 4335 κατὰ
475 4279 566 4334 τὸν
602 4277 828 4352 βασιλέα
858 4275 1063 4353 ᾔσχυνὲ
1119 4299 1178 4333 τε
1215 4278 1281 4333 τὰ
1338 4281 1459 4352 περί
1513 4279 1733 4350 μέγιστα
1762 4279 1849 4332 καὶ
1883 4277 1966 4355 ἐφ’

301 4368 496 4424 ἱκανὸν
527 4364 834 4438 διεκύκησε.
875 4366 1110 4423 Μέλλων
1163 4364 1220 4421 δὲ
1264 4368 1331 4422 τὰ
1379 4366 1498 4441 περὶ
1530 4366 1736 4421 τούτων
1772 4364 1962 4436 81351.4.-

302 4479 419 4523 ναι,
454 4457 527 4518 ὡς
560 4456 636 4518 εἷς
666 4456 847 4531 ἀρχὴν
899 4456 989 4511 τὸν
1042 4455 1209 4530 λόγον
1258 4455 1474 4531 ἀνάγειν
1509 4456 1834 4527 πειράσομαι
1868 4477 1963 4510 σα-

2145 4105 2200 4158 2.
2265 4105 2360 4160 llis
2420 4121 2655 4177 quoque
2714 4104 2882 4160 malis
2930 4104 3147 4160 amotis
3202 4102 3480 4159 Palatinae
3537 4104 3722 4159 turbce

2074 4194 2365 4260 oriuntur,
2399 4211 2529 4265 qua:
2576 4194 2976 4264 imperatorem
3011 4198 3063 4247 et
3098 4194 3309 4264 probro
3341 4196 3397 4247 et
3428 4193 3721 4248 diuturnis

2075 4281 2360 4338 molestiis
2410 4283 2745 4337 affecerunt.
2797 4283 2923 4348 Qua
2956 4283 3024 4337 de
3082 4299 3140 4337 re
3173 4282 3396 4336 dicturo
3453 4282 3596 4336 mihi
3646 4282 3717 4335 ad

2075 4370 2425 4441 principium
2461 4377 2549 4425 est
2569 4371 3013 4434 recurrendum,
3038 4375 3102 4424 ut
3133 4371 3385 4426 narratio
3420 4369 3519 4424 fiat
3550 4386 3711 4440 aper-

2070 4458 2205 4515 tior.
2267 4459 2419 4514 638
2477 4459 2795 4531 Imperator
2844 4459 3099 4526 Alexius,
3160 4464 3224 4514 ut
3282 4477 3461 4531 supra
3528 4460 3716 4526 innui,

308 4546 541 4625 φηνείας
578 4542 731 4601 ’ἑνεκα
768 4549 875 4600 τῶν
933 4544 1349 4621 ῥηθησομένων.
1406 4543 1664 4606 Βασιλεὺς
1696 4544 1963 4615 Ἀλέξιος,

2082 4552 2381 4618 antequam
2418 4565 2610 4603 rerum
2667 4549 2964 4618 potiretur,
3000 4566 3034 4604 a
3079 4548 3373 4621 plerisque
3412 4566 3525 4603 non
3563 4550 3716 4617 paci-

306 4635 392 4697 ὥς
458 4656 551 4710 μοι
604 4632 803 4697 ἄνωθεν
863 4630 1125 4709 ἀμυδρῶς
1184 4631 1460 4699 λέλεκται,
1525 4633 1627 4687 ούκ
1689 4633 1961 4708 εἰρηνικὸς

302 4728 452 4799 ᾣετο
484 4730 601 4786 τοῖς
651 4723 930 4785 πλείστοις
992 4724 1099 4796 πρὸ
1156 4729 1257 4792 τῆς
1289 4723 1494 4797 ἀρχῆς,
1540 4720 1686 4778 ἀλλὰ
1715 4724 1805 4778 καὶ
1838 4723 1959 4779 λίαν

297 4814 636 4888 πολεμικὸς,
668 4812 787 4868 ὅθεν
821 4812 873 4868 ἐν
904 4811 1118 4868 ἐλπίσιν
1170 4806 1345 4867 ἔκειτο
1392 4816 1551 4865 πᾶσιν
1589 4812 1663 4874 ὡς
1698 4812 1759 4866 οὗ
1795 4812 1958 4885 μόνον

302 4913 429 4968 τοῖς
462 4905 687 4981 ἐχθροῖς
715 4905 1004 4976 Ῥωμαίων
1049 4904 1149 4971 τὴν
1182 4901 1402 4981 λόγχην
1431 4902 1671 4958 ἀνατενεῖ
1704 4902 1960 4977 βασιλεύ-

302 5017 425 5065 σας,
459 4994 587 5051 ἀλλ’
619 4992 744 5049 οὐδὲ
772 4998 886 5054 τοῖς
911 4992 1241 5068 ἀρχομένοις
1291 4991 1476 5053 αὐτοῖς
1526 4991 1723 5047 ἐσεῖται
1764 5014 1956 5050 παντες

300 5087 424 5148 λῶς
460 5084 699 5157 μέτριος.
733 5083 928 5157 Ἃρξας
959 5079 1004 5136 δ’
1037 5080 1127 5137 οὖν
1174 5083 1410 5156 ἑτεροῖος
1448 5079 1600 5136 ὦπτο
1630 5082 1955 5150 παντάπασι,

298 5176 399 5231 καὶ
452 5174 654 5233 πάντας
710 5177 825 5232 τοῖς
883 5172 1003 5225 καθ’
1059 5170 1221 5226 αὐτὸν
1275 5170 1661 5243 εἴκαιομύθους
1716 5169 1957 5242 ἀπέδειξε

294 5264 635 5338 πράγμασιν.
669 5261 767 5319 ’Ἰν’
823 5261 916 5314 οὗν
971 5260 1039 5316 τά
1095 5259 1275 5315 πλείω
1322 5259 1842 5336 παραγκωνίσωμαι,
1873 5263 1949 5333 μή

293 5375 423 5416 πως
472 5354 541 5407 τά
587 5350 765 5406 πλείω
821 5348 1196 5425 καταγορεύων
1254 5348 1373 5404 ἀλῶ
1429 5351 1517 5404 καὶ
1545 5349 1619 5411 εἷς
1650 5351 1816 5424 ψόγον
1851 5350 1950 5418 τήν

291 5442 542 5516 ῗστορίαν
595 5435 988 5511 διατιθέμενος,
1046 5436 1206 5512 ἄρξας
1267 5440 1348 5513 [Ρ.
1384 5441 1511 5512 312]
1557 5432 1710 5499 ε’ύοὺς
1758 5439 1949 5509 ἀνεκή-

287 5535 421 5610 ρυξε
482 5531 559 5602 μὴ
618 5528 924 5603 χρημάτων
983 5527 1175 5589 ὠνίους
1231 5529 1327 5589 τὰς
1383 5526 1559 5605 ἀρχάς
1589 5526 1945 5595 ἀνατίθεσθαι,

286 5618 425 5678 ἀλλ’
457 5613 772 5693 ἀριστίνδην
825 5615 917 5670 καὶ
981 5612 1154 5692 δῶρον
1204 5616 1367 5678 αὐτας
1423 5610 1797 5691 βραϐεύεσθαι.
1845 5617 1946 5673 Καὶ

2073 4637 2215 4692 ﬁcus
2246 4639 2345 4693 sed
2374 4639 2691 4693 admodum
2721 4639 3034 4697 bellicosus
3057 4640 3397 4695 habebatur.
3421 4639 3585 4695 Unde
3610 4656 3724 4695 om—

2071 4743 2177 4783 nes
2205 4730 2655 4800 augurabantur
2684 4744 2818 4785 eum
2843 4747 2957 4785 non
2994 4729 3166 4785 modo
3198 4731 3589 4785 Romanorum
3625 4730 3724 4784 ho-

2069 4822 2188 4873 stes
2224 4818 2374 4873 bello
2418 4820 2756 4888 petiturum,
2789 4822 2889 4875 sed
2926 4837 3031 4875 nec
3089 4821 3148 4874 in
3181 4820 3444 4875 subditos
3477 4819 3716 4874 omnino

2067 4911 2415 4967 clementem
2446 4912 2722 4967 futurum.
2745 4911 2957 4966 Verum
2994 4909 3162 4980 plane
3192 4910 3550 4964 contrarium
3585 4923 3712 4961 eve-

2068 5000 2174 5068 nit,
2225 5001 2470 5073 decepta
2519 5000 2784 5055 omnium
2836 5001 3153 5069 Opinione;
3215 5002 3272 5052 et
3325 5001 3389 5051 ut
3440 4995 3711 5065 pleraque

2065 5089 2350 5159 omittam,
2378 5105 2448 5144 ne
2471 5089 2946 5159 vituperationem
2975 5089 3163 5159 potius
3189 5102 3360 5156 quam
3398 5085 3707 5138 historiam

2062 5179 2319 5235 scribere
2348 5179 2567 5243 videar,
2591 5177 2757 5232 initio
2790 5176 3147 5246 principatus
3184 5172 3717 5246 proclamarijussit

2062 5284 2126 5323 se
2175 5267 2553 5338 magistratus
2608 5282 2723 5320 non
2772 5264 3164 5327 venditurum,
3220 5264 3315 5317 sed
3366 5263 3593 5317 delectu
3645 5277 3711 5316 ex

2060 5355 2299 5426 optimis
2360 5354 2558 5409 habito
2611 5354 2872 5426 gratuito
2922 5352 3358 5407 mandaturum.
3414 5353 3601 5422 Atque
3649 5350 3708 5406 id

2059 5443 2370 5499 consilium
2423 5440 2661 5496 liberale
2709 5446 2766 5496 et
2797 5441 3138 5511 praeclarum
3194 5445 3335 5505 erat,
3366 5448 3418 5495 et
3467 5441 3702 5509 optimm

2058 5531 2494 5605 gubernationis
2548 5531 2951 5585 firmissimum
3004 5531 3471 5588 fundamentum.
3504 5530 3704 5602 Neque

2057 5620 2363 5693 quisquam
2388 5624 2477 5676 est
2512 5624 2705 5676 nostro
2728 5624 3006 5692 tempore,
3040 5620 3139 5691 qui
3172 5620 3229 5674 id
3261 5619 3592 5693 exemplum
3615 5620 3703 5675 vel
