4028 6218
178 374 299 434 865

1091 371 1190 432 DE
1234 371 1520 433 ALEXIO
1562 371 1856 432 ISAACII
1897 369 2177 432 ANGELl
2225 373 2326 433 FR
2398 373 2542 436 LIB.
2592 373 2668 434 ll.

3482 379 3602 440 866

180 503 570 579 μοιχεύτριαν,
602 500 693 557 καὶ
749 504 848 572 τήν
900 503 1066 564 αὐτὸς
1123 501 1288 559 αὐτοῦ
1333 502 1604 579 αῗσχόνην
1661 499 1876 576 διατε--⁴

1954 506 2376 562 consuetudine
2430 509 2511 562 uti
2563 525 2664 562 nec
2723 525 3063 566 concmnare
3128 511 3401 570 instituit.
3447 515 3593 571 Tum

183 593 482 669 χνώμενος
549 591 748 647 ἐσεῖται
819 592 980 653 οὗτος
1045 591 1389 667 παγκόσμιον
1458 591 1842 668 περιλάλημα,

175 682 459 744 κάκείνοις
513 687 622 737 τῶν
684 683 840 751 ζώων
899 676 1396 756 παραϐαλλόμενος
1455 687 1571 744 τοῖς
1619 679 1844 756 ἐκκρού-

179 793 307 828 ουσι
345 774 440 846 μὶν
492 771 580 828 ἐπὶ
625 775 736 827 τῶν
790 771 1078 849 κροτάφων
1123 772 1188 826 τὰ
1231 771 1562 848 ἀμυντήρια,
1609 771 1846 846 παροξυ-

171 863 432 937 νομένοις
465 861 523 918 δὲ
581 859 840 936 οὐδαμῶς
887 858 1010 917 οὔτε
1069 864 1178 936 μὴν
1234 863 1298 917 τὸ
1354 863 1516 939 κέρας
1557 859 1842 930 ὁπλίζουσι

173 953 321 1008 acati
385 957 494 1007 τῶν
566 949 1002 1024 ἐπιθορνυμὲνων
1070 949 1124 1006 ἐν
1195 948 1352 1026 ὄψεσι
1419 956 1538 1013 ταῖς
1597 949 1845 1021 θηλείαις

179 1042 384 1099 οὔτῶν.
421 1039 576 1098 Μετᾶ
607 1038 663 1096 δὲ
716 1043 878 1094 τοῦτο
926 1039 1002 1101 εἷς
1048 1039 1116 1096 τὰ
1163 1040 1299 1094 κατά
1356 1039 1673 1114 Βλαχὲρνας
1715 1039 1846 1094 ἀνά-

181 1151 358 1206 κτορα
389 1129 574 1186 εἰσιὼν
607 1129 711 1184 οὐκ
759 1127 954 1190 εὐθέως
1001 1129 1092 1184 τὸν
1137 1130 1300 1185 κότον
1351 1126 1647 1205 ἐξέρρηξεν,
1699 1127 1844 1184 ἀλλᾶ

179 1221 438 1276 σύσσιτον
497 1221 738 1283 καθάπαξ
798 1214 1136 1294 παραλαϐὼν
1191 1221 1290 1288 τὴν
1337 1220 1697 1294 ὁμόλεκτρον,
1751 1218 1840 1274 καὶ

175 1312 308 1368 τότε
337 1313 440 1381 τὴν
492 1305 640 1365 ἔνδον
694 1311 942 1384 ταραχὴν
1006 1309 1318 1386 ὑποφαίνων
1371 1313 1454 1382 τῷ
1505 1315 1607 1378 τῆς
1665 1305 1842 1382 ὅψεως

171 1405 494 1477 σκυθρωπῷ
522 1399 613 1454 καὶ
645 1405 722 1472 τῷ
754 1397 959 1454 ἄλλοσέ
1003 1419 1079 1470 πη
1130 1397 1482 1474 προσνεῦοντι
1532 1396 1840 1472 βλέμματι,

167 1489 476 1564 καιόμενός
502 1511 558 1544 τε
581 1492 660 1562 τῷ
689 1487 821 1563 πυρὶ
862 1492 960 1544 τοῦ
1015 1491 1212 1561 θυμοῦ,
1275 1488 1352 1561 μὴ
1397 1487 1581 1560 μέντοι
1635 1507 1696 1562 γε
1741 1507 1843 1542 κα-

167 1578 659 1652 ταπιμπρεὲμενος,
825 1580 953 1650 γοῦν
1018 1575 1234 1656 ἀφανῶς
1305 1575 1666 1649 ἐξαπτόμενος
1747 1575 1839 1631 καὶ

172 1666 508 1740 λεληθότως
545 1667 696 1731 αὖθις
763 1661 1258 1738 ἀποσϐεννύμενος,
1319 1663 1498 1720 οὒκὲτι
1568 1663 1838 1738 ὁμιλῆσαι

168 1756 353 1830 ταύτῃ
408 1755 497 1810 καὶ
564 1753 944 1824 συνδειπνῆσαι
1013 1755 1326 1829 προσέθετο.
1395 1756 1459 1812 Ἦ
1528 1752 1587 1810 δὲ
1659 1755 1837 1828 κρίσιν

165 1847 262 1902 ἐπὶ
316 1851 434 1909 τοῖς
469 1839 846 1922 εἰσαγομὲνοις
905 1845 1019 1898 κατ’
1078 1843 1248 1914 αὐτῆς
1303 1842 1581 1915 ἐξαιτοῦσα
1640 1842 1834 1900 ἐνέκει-
1871 1869 1915 1936 Β

163 1957 261 2007 το,
296 1935 390 1990 καὶ
421 1935 598 1990 πάντα
627 1936 811 1988 παθεῖν
839 1931 1076 2006 ἐτοίμως
1107 1930 1292 2009 ἔλεγεν
1335 1931 1506 2010 ἔχειν,
1551 1933 1726 1989 ὁπόσα
1773 1931 1834 1988 ἄν

169 2028 210 2095 ἡ
244 2026 372 2080 κατ’
411 2023 579 2092 αὐτῆς
621 2021 958 2098 ἐξενεχθεῖσα
1009 2024 1191 2100 ψῆιιος
1238 2023 1613 2102 ἆποφανεῖται·
1664 2019 1838 2078 ἐδεῖτό

168 2135 231 2170 τε
263 2118 372 2170 τοῦ
416 2111 690 2188 βασιλέως
723 2113 799 2186 μή
837 2114 908 2184 τῇ
959 2112 1202 2185 κομψείᾳ
1259 2111 1351 2166 καὶ
1405 2111 1680 2188 συγγενείᾳ
1731 2116 1840 2167 τῶν

168 2199 700 2279 καταγορευστὶντων
763 2199 932 2270 αὐτῆς
981 2201 1316 2272 προσώπων,
1374 2203 1444 2274 τῇ
1507 2197 1550 2254 δ’
1610 2199 1841 2272 ἀληθείᾳ

169 2292 268 2348 καὶ
303 2285 559 2364 ἀκριϐείᾳ
587 2293 691 2344 τῶν
724 2289 1064 2365 προγμάτων
1124 2289 1450 2364 προσσχεῖν.
1491 2289 1555 2345 Ὁ
1597 2287 1654 2344 δὲ
1701 2291 1839 2364 πρὸς

168 2378 336 2436 οὐδέν
369 2401 422 2435 τι
453 2384 702 2436 τοιοῦτον
732 2379 919 2434 ἑαυτὸν
967 2379 1292 2447 ἀπευθόνας,
1341 2378 1487 2435 ἀλλά
1533 2400 1684 2444 τινας
1731 2385 1839 2435 τῶν

168 2473 613 2544 κατευναστριῶν
681 2469 958 2544 γυναικῶν
1021 2468 1280 2543 βασάνοις
1368 2468 1656 2544 ὑπαγαγὼν
1738 2490 1843 2524 κακ

165 2564 290 2616 τῶν
321 2555 742 2632 θαλαμηπόλων
786 2557 1069 2633 εὐνούχων
1121 2551 1574 2632 ἀκριϐωσάμενος
1628 2558 1695 2612 τὰ
1743 2561 1841 2613 τοῦ

166 2650 536 2725 πράγματος,
575 2647 804 2724 ἀπάγειν
843 2645 1013 2716 αὐτὴν
1070 2647 1188 2719 μεθ’
1249 2646 1458 2722 ἡμέρας
1518 2650 1624 2701 τῶν
1685 2649 1842 2722 βασι-

164 2737 346 2792 λείων
389 2733 664 2805 ἐκέλευσε,
727 2736 929 2798 παντὸς
984 2733 1351 2809 ἐστερημένην
1413 2735 1650 2814 ἀρχικοῦ
1714 2757 1839 2792 στο-

165 2826 453 2899 λίσματος
497 2823 588 2878 καὶ
635 2818 1036 2900 προϐλήματος
1087 2820 1368 2898 λαμπροῦ.
1419 2823 1697 2898 Ἐξάγεται
1747 2825 1842 2879 οὖν

157 2920 281 2972 τῶν
323 2912 639 2988 ἀνακτόρων
679 2909 772 2968 διὰ
829 2909 1078 2976 καθόδου
1137 2915 1254 2972 τοῖς
1311 2909 1548 2974 πολλοῖς
1603 2909 1837 2983 ἀδήλου,

162 3003 400 3064 εὐτελὲς
427 3000 780 3077 περικειμένη
822 3001 1086 3076 χιτώνιον
1145 3001 1337 3056 ὁποῖον
1397 3006 1506 3056 τῶν
1569 3006 1838 3078 γυναικῶν

165 3095 225 3148 αἱ
262 3088 617 3168 χεριήτιδες,
649 3089 733 3144 καὶ
769 3086 868 3144 δύο
899 3087 1250 3168 ἀμφιπόλους
1287 3084 1593 3163 βαρϐάρους
1612 3083 1838 3165 ἔχουσα,

163 3177 814 3258 παραγραμματιστρίας
853 3177 944 3231 καὶ
970 3177 1167 3238 ταύτας
1195 3183 1296 3247 τῆς
1350 3175 1680 3248 Ἑλληνίδος
1724 3199 1836 3256 φω-
1871 3217 1914 3282 C

206 3278 236 3282 _
429 3269 444 3282 .
513 3267 538 3282 ι.
623 3269 635 3282 .
812 3265 859 3282 ,η
915 3263 966 3282 μ.
1221 3263 1268 3282 ς.
1366 3271 1390 3282 ..
1644 3265 1654 3280 .

165 3278 298 3341 νῆς,
353 3269 446 3323 καί
509 3267 737 3341 δικώπῳ
801 3263 990 3322 ἀλιάδι
1055 3263 1458 3344 παραρριφεῖσα
1525 3265 1660 3322 κατά
1723 3288 1842 3322 τινα

165 3355 493 3436 γυναικείαν
530 3357 700 3426 μονῇν
729 3355 993 3432 ἀπάγεται
1039 3353 1166 3429 περί
1216 3375 1322 3410 που
1368 3355 1432 3408 τὸ
1481 3359 1579 3410 τοῦ
1632 3355 1841 3413 Πόντου

173 3445 365 3521 στόμα
423 3443 806 3518 δεδομημέειην
863 3445 955 3499 καὶ
1012 3451 1112 3514 τῆς
1168 3441 1534 3517 Νηματαρέας
1593 3443 1844 3516 ὠνομασ-

177 3537 379 3610 μένην.
415 3533 571 3592 Ἀλλ’
598 3533 746 3588 οὕτω
773 3539 874 3602 τῆς
925 3529 1210 3602 δεσπείνης
1261 3529 1506 3588 ἐκποδών
1552 3533 1842 3607 γενομένης

174 3627 232 3682 οἱ
293 3625 394 3697 μὲν
462 3622 844 3698 κατειρηκότες
909 3622 1084 3691 αὐτῆς
1148 3621 1215 3676 οὐ
1281 3625 1454 3692 πᾶντη
1516 3621 1839 3699 ἀνεπαχθῶς

179 3713 460 3791 ὑπέφερον
499 3713 561 3767 τὸ
619 3706 860 3784 σῦμϐἁν,
917 3707 1212 3786 ἐπειδήπερ
1263 3709 1353 3764 καὶ
1406 3715 1502 3765 τοῦ
1561 3711 1696 3787 ἃγαν
1753 3711 1841 3766 ἐκ·

169 3807 416 3875 κροῦσαι
446 3802 545 3870 τὴν
580 3797 838 3876 βασιλίδα
876 3800 1208 3874 πειρώμενοι
1260 3805 1518 3854 κατεῖπον
1567 3800 1736 3870 αὐτῆς
1785 3801 1839 3864 ἐς

168 3896 276 3948 τὸν
309 3890 538 3961 ἄνακτα,
570 3891 635 3946 οὐ
696 3890 805 3964 μὴν
855 3888 1196 3966 ἐκσφαιρίσαι
1242 3889 1544 3945 παντάπασι
1595 3897 1696 3959 τῆς
1743 3890 1844 3967 ἀρ-

169 3992 292 4061 χῆς
326 3981 663 4057 βουλόμενοι
719 3980 756 4052 ἤ
789 3985 920 4056 γοῦν
965 3979 1299 4056 ἐκθεμελίων
1332 3981 1507 4037 αὐτῶν
1539 3981 1614 4048 εἷς
1656 3983 1842 4040 τέλεον

167 4077 522 4137 κατασεῖσαι,
562 4071 768 4126 καὶτὸν
805 4068 1035 4146 βασιλέα
1065 4069 1165 4124 οὐκ
1195 4069 1365 4142 ᾤοντο
1417 4070 1564 4134 ὅλως
1614 4079 1842 4129 τοιαῦτα

171 4162 405 4237 δράσειν
434 4161 572 4216 ποτὲ
609 4163 723 4215 κατ’
771 4159 960 4228 αὐτῆς.
1011 4159 1086 4221 εἰς
1136 4160 1236 4228 τήν
1278 4159 1476 4214 τούτου
1529 4160 1840 4240 ἀφορῶντες

171 4251 546 4328 μαλακότητα
575 4249 759 4305 καὶτὸ
785 4249 1034 4328 φέρεσθαι
1076 4244 1265 4322 αὔραις
1309 4250 1396 4323 [Ρ.
1455 4251 1581 4322 316]
1638 4255 1836 4324 μικροῦ

1288 4337 1302 4354 \

1955 593 2365 664 illajudicium
2396 597 2467 650 de
2515 613 2577 652 se
2604 597 2724 652 lieri
2782 599 3065 669 flagitare,
3099 601 3331 672 quidvis
3381 605 3602 677 perpeti

1955 700 2068 738 non
2103 701 2391 749 recusare,
2413 687 2566 741 646
2589 687 2636 741 si
2671 691 2934 742 convicta
2964 695 3154 757 esset;
3191 690 3598 762 imperatorem

1953 789 2118 828 orare
2153 780 2216 828 ut
2249 791 2364 829 non
2390 774 2724 846 eloquentia
2753 782 2809 832 et
2841 780 3188 848 cognatione
3247 780 3598 851 delatorum,

1950 861 2054 917 sed
2086 863 2328 918 veritate
2359 869 2418 918 et
2453 865 2806 920 certitudine
2866 869 2945 921 rei
2980 873 3328 924 moveretur.
3376 869 3430 926 Is
3463 888 3598 928 vero

1951 950 2024 1006 ad
2057 949 2276 1006 nullam
2314 953 2651 1024 bujusmodi
2679 971 2798 1009 rem
2823 971 2882 1010 se
2904 956 3135 1012 demisit
3162 976 3176 1024 ;
3202 959 3298 1012 sed
3327 954 3600 1030 quaestio-

1951 1041 2127 1094 nibus
2160 1043 2230 1095 de
2263 1041 2562 1097 nonnullis
2584 1043 2964 1099 cubiculariis
2987 1045 3334 1103 mulieribus
3357 1049 3594 1118 habitis,

1949 1129 2238 1185 eunuchis
2269 1134 2445 1186 etiam
2478 1131 2636 1186 illius
2667 1133 2976 1205 diligenter
3035 1136 3427 1208 interrogatis,
3461 1146 3595 1210 post

1949 1217 2074 1272 dies
2108 1218 2332 1290 aliquot
2363 1235 2488 1274 eam
2522 1221 2798 1276 omnibus
2847 1222 3208 1279 ornamentis
3263 1234 3318 1280 et
3373 1227 3592 1298 princi-

1951 1312 2119 1375 patus
2175 1307 2508 1379 insignibus
2561 1309 2851 1381 ademptis
2910 1311 3125 1382 palatio
3178 1314 3348 1369 educi
3399 1316 3589 1386 jubet.

1948 1395 2232 1450 Edacitur
2297 1396 2396 1452 illa
2471 1415 2573 1469 per
2633 1399 2982 1455 descensum
3041 1402 3353 1472 quemdam
3420 1403 3590 1476 vulgo

1947 1485 2237 1556 ignotum,
2269 1486 2369 1542 vili
2426 1489 2658 1556 vestitu,
2707 1489 2863 1560 quali
2915 1494 3163 1547 utuntur
3219 1495 3592 1550 mercenaria:

1948 1573 2328 1642 muliercula,
2363 1591 2494 1631 cum
2519 1576 2748 1632 duabus
2779 1577 3042 1634 barbaris
3089 1580 3343 1651 ancillis,
3375 1599 3596 1638 sermo-

1947 1662 2039 1717 nis
2070 1663 2249 1719 nostri
2285 1681 2398 1720 non
2424 1665 2568 1720 satis
2601 1665 2800 1737 peritis
2827 1672 2916 1734 ;et
2941 1667 2998 1722 in
3031 1667 3299 1740 cymbam
3333 1670 3594 1741 conjecta

1946 1751 2004 1806 in
2037 1751 2764 1824 Nematareum,muliebre
2797 1757 3213 1812 monasterium
3235 1758 3390 1814 circa
3422 1759 3590 1814 Ponti

1947 1841 2142 1896 fauces
2173 1841 2376 1910 situm,
2408 1843 2734 1900 abducitur.
2773 1845 3014 1900 Domina
3053 1846 3138 1902 sic
3191 1851 3408 1916 amota,
3441 1847 3596 1902 dela-

1949 1937 2106 1988 tores
2137 1932 2264 2002 ejus
2293 1949 2494 1989 casum
2527 1934 2694 1989 illum
2741 1951 2854 1991 non
2917 1952 3154 2007 prorsus
3206 1937 3332 1993 sine
3391 1937 3591 1994 dolore

1941 2020 2224 2076 tulerunt.
2269 2022 2414 2080 Nam
2447 2039 2516 2078 ea
2571 2027 2642 2078 de
2697 2040 2878 2079 causa
2936 2026 3094 2080 illam
3147 2025 3494 2094 detulerant,
3529 2033 3594 2082 ut

1943 2111 2354 2166 auctoritatem
2387 2112 2516 2182 ejus
2551 2111 2984 2180 imminuerent,
3017 2129 3131 2168 non
3165 2119 3231 2168 ut
3262 2115 3449 2184 ipsam
3485 2117 3592 2172 im-

1945 2198 2100 2266 perio
2161 2199 2480 2270 dejicerent
2537 2205 2636 2255 aut
2698 2218 2730 2254 a
2788 2202 3188 2257 fundamentis
3245 2207 3588 2259 everterent.

1941 2286 2142 2358 Neque
2175 2304 2435 2360 unquam
2488 2287 2596 2344 hoc
2645 2288 3056 2357 imperatorem
3130 2291 3588 2347 commissurum

1944 2375 2334 2440 crediderant,
2373 2375 2540 2446 cujus
2601 2375 2903 2432 mollitiem
2963 2383 3019 2432 et
3070 2378 3335 2434 animum
3386 2380 3592 2449 quavis

1945 2477 2088 2516 aura
2136 2463 2356 2535 impelli
2389 2463 2623 2518 solitum
2680 2481 2794 2519 non
2853 2465 3208 2536 ignorarent.
3244 2465 3353 2521 Eos
3413 2467 3592 2537 igitur

1944 2551 2092 2606 047
2134 2551 2264 2608 facti
2316 2553 2652 2624 pmnitebat,
2695 2553 2803 2608 etsi
2853 2569 2967 2609 non
3023 2559 3246 2610 tantum
3297 2561 3586 2626 quantum

1943 2641 2324 2696 conveniebat
2349 2657 2364 2695 :
2389 2643 2487 2697 sed
2522 2641 2680 2714 vulgi
2708 2643 2968 2698 dicteriis
3001 2648 3057 2697 et.
3078 2643 3357 2699 conviciis
3387 2647 3590 2701 admo-

1944 2730 2082 2784 dum
2119 2729 2558 2786 mordebantur.
2591 2733 2796 2786 Adl'uit
2819 2731 3200 2804 Euphrosyna
3228 2749 3326 2788 sex
3361 2749 3590 2790 menses

1943 2835 1976 2874 a
2006 2818 2265 2890 palatio;
2298 2837 2364 2875 ac
2398 2835 2638 2890 prorsus
2669 2823 2898 2891 abjecta
2927 2828 2985 2876 et
3015 2826 3294 2894 perpetuo
3324 2823 3593 2894 neglecta

1943 2914 2098 2963 esset
2121 2908 2236 2963 nisi
2269 2908 2308 2962 ii
2343 2911 2442 2981 qui
2466 2909 2844 2965 vulnerarant
2869 2927 2996 2966 eam
3021 2918 3333 2967 sanassent
3361 2913 3499 2983 (non
3525 2929 3592 2969 eo

1945 2997 2180 3069 quidem
2199 3000 2395 3054 animo
2427 3015 2542 3071 quo
2576 2998 2897 3071 Telephum
2936 2999 3203 3070 Achilles,
3229 3002 3326 3055 sed
3359 3001 3590 3072 publico

1943 3087 2136 3158 populi
2173 3088 2305 3144 odio
2329 3088 2592 3160 impulsi,
2629 3090 2784 3162 quod
2819 3089 2982 3146 nulla
3014 3092 3363 3146 necessitate
3403 3093 3589 3148 coacti

1942 3191 2070 3230 eam
2107 3177 2428 3248 ignominia
2457 3177 2808 3248 atlecissent,
2841 3197 2872 3234 a
2929 3196 3046 3250 qua
3097 3179 3208 3250 ipsi
3267 3179 3590 3236 honoribus

1953 3265 2141 3321 allecti
2165 3269 2384 3337 essent)
2413 3272 2470 3322 et
2499 3284 2810 3340 panaceam
2869 3268 2943 3324 ad
2999 3269 3127 3338 ejus
3161 3269 3589 3326 restitutionem

1951 3354 2324 3410 invenissent.
2361 3355 2503 3411 Nam
2537 3371 2668 3410 cum
2711 3373 2917 3412 omnes
2960 3357 3330 3428 imperatoris
3361 3360 3594 3430 cognati

1952 3443 2409 3514 consensissent,
2443 3451 2498 3499 et
2554 3445 2995 3516 Mesopotamita
3024 3447 3448 3503 Constantinus
3477 3465 3598 3504 om-

1951 3549 2104 3600 nem,
2133 3534 2284 3604 quod
2318 3533 2504 3601 aiunt,
2533 3533 2782 3605 lapidem
2819 3536 3110 3596 movisset.
3139 3537 3210 3592 ab
3242 3537 3592 3608 imperatore

1951 3629 2218 3678 revocata
2258 3624 2538 3694 majorem
2599 3624 2774 3680 etiam
2827 3625 3146 3697 potentiam
3197 3642 3375 3696 quam
3432 3628 3590 3694 prius

1951 3715 2226 3772 obtinuit.
2270 3717 2384 3772 Nec
2415 3722 2611 3772 tamen
2657 3717 2944 3773 delatores
3002 3718 3088 3774 vel
3141 3725 3342 3790 aperta
3391 3719 3444 3773 vi
3505 3719 3592 3774 vel

1951 3803 2181 3860 occulta
2213 3807 2415 3862 fraude
2439 3805 2589 3862 ultra
2603 3807 2933 3878 est,insigni
2959 3807 3379 3863 moderationis
3407 3823 3598 3863 exem-

1953 3895 2066 3966 plo.
2103 3895 2372 3950 Maritum
2411 3912 2540 3950 vero
2592 3895 2950 3966 jampridem
2984 3913 3014 3950 a
3046 3911 3110 3950 se
3163 3893 3592 3962 abalienatum,

1953 3987 2078 4038 tum
2101 3999 2234 4038 vero
2261 3984 2389 4052 ejus
2413 3984 2836 4038 consuetudine
2885 3999 3128 4054 prorsus
3181 3982 3594 4050 abstinentem,

1953 4072 2118 4128 miris
2138 4072 2365 4127 artibus
2387 4077 2446 4127 et
2478 4071 2780 4126 blanditiis
2802 4070 3216 4141 reconciliavit,
3252 4071 3390 4126 utin
3407 4071 3596 4143 ipsius

1948 4165 2231 4234 potestate
2261 4167 2442 4224 esset;
2469 4161 2781 4232 omniaque
2814 4162 2930 4216 fere
2961 4159 3188 4233 imperii
3225 4160 3455 4232 negotia
3485 4177 3592 4216 suo

1947 4251 2230 4306 arbitratu
2267 4250 2722 4307 administravit.
2760 4252 2950 4322 Atque
2981 4249 3102 4306 bsic
3135 4249 3440 4306 hactenus.

167 4341 270 4398 καὶ
315 4339 644 4412 ῥιπίζεσθαι.
681 4337 781 4394 Καὶ
815 4337 866 4392 οἰ
901 4338 994 4409 μὲν
1025 4336 1106 4416 ἐφ’
1136 4338 1220 4398 οἷς
1249 4337 1312 4392 τὸ
1361 4337 1518 4412 γένος
1547 4336 1794 4414 ᾔσχυναν
1848 4335 2110 4413 ¹ἤχθοντο,
2163 4337 2213 4392 εἷ
2259 4338 2349 4392 καὶ
2404 4339 2480 4412 μὴ
2533 4337 2586 4398 ἐς
2637 4335 2762 4392 ὅσον
2823 4334 2932 4392 ἔδει
2985 4337 3076 4392 καὶ
3135 4333 3444 4415 δυσφορεῖν·
3509 4335 3603 4392 καὶ

178 4431 238 4485 οἱ
301 4424 612 4498 ὀνειδισμοὶ
671 4423 728 4481 δὲ
784 4429 880 4481 τοῦ
929 4424 1040 4480 λεὼ
1093 4424 1180 4479 καὶ
1237 4426 1292 4479 αἱ
1351 4427 1636 4500 κερτομίαι
1695 4431 1886 4482 τοῦτον
1946 4424 2332 4482 ἒπιπίπτουσαι
2371 4426 2712 4496 κατεπίεζον.
2787 4426 2884 4497 ’Ἐξ

170 4531 380 4587 aco-11b,
431 4515 522 4571 καὶ
578 4518 614 4586 ἡ
686 4513 904 4592 βασιλὶς
957 4514 1275 4594 Ιῖύφροσᾶνη
1338 4520 1444 4570 τιῖν
1508 4515 1800 4590 βασιλείων
1869 4510 2246 4586 ἀποϐέϐλητο.
2308 4519 2398 4578 Ἐς
2453 4516 2612 4578 τέλος

2969 4426 3064 4500 μὲν
3115 4426 3208 4481 οὗν
3271 4433 3438 4499 μῆνες
3499 4423 3602 4495 ἐξί-

2674 4513 2721 4571 δ’
2774 4515 2835 4570 ἂν
2894 4520 3240 4590 παρεωρᾶτο,
3297 4514 3348 4571 εἷ’
3407 4515 3480 4588 μή
3541 4535 3602 4590 γε

169 4608 236 4662 οἱ
265 4606 573 4682 τρώσαντες
619 4603 859 4672 ἶοὶσαντο,
914 4603 1025 4680 οὐχ
1071 4607 1129 4659 ὅν
1172 4604 1376 4679 τρόπον
1423 4603 1724 4680 ’Δχιλλευς
1780 4603 2049 4680 Τήλεξιον,
2110 4603 2258 4661 ἀλλᾶ
2313 4607 2377 4661 τὸ
2434 4606 2570 4681 πρὸς
2631 4607 2833 4668 αὐτοὺς
2901 4605 3196 4680 πάγκοινον
3271 4610 3454 4680 μῖσος,
3514 4604 3600 4660 ὅτι

167 4697 280 4766 τήν
326 4693 619 4768 δοξάσεισαί
679 4693 874 4755 αὐτοὺς
931 4690 1088 4748 οὐδὲν
1147 4691 1266 4748 δέον
1322 4693 1474 4748 αὐτοὶ
1544 4690 1894 4767 ἀπεδόξασαν,
1966 4695 2187 4768 εὕραντο
2254 4697 2391 4772 πρὸς
2461 4692 2720 4752 ἐπάνοδον
2785 4693 2903 4750 οἶδε
2964 4695 3254 4751 πανάκειαν
3319 4695 3596 4770 ἄντικρυς,

174 4784 394 4848 Παντὸς
457 4783 560 4859 γὰρ
635 4787 734 4838 τοῦ
789 4781 850 4837 ἐκ
905 4781 1220 4858 συγγενείας
1282 4787 1360 4855 τῷ
1453 4779 1673 4856 βασιλεῖ
1735 4781 2247 4856 συνωμονοηκότος,
2310 4783 2401 4840 καὶ
2463 4789 2562 4840 τοῦ
2631 4784 3093 4858 Μεσοποταμίτου
3183 4787 3598 4842 Κωνσταντίνω

172 4873 358 4929 πάντα
415 4870 620 4942 κάλιιρν,
681 4871 712 4925 ὅ
769 4891 919 4947 φασι,
977 4870 1325 4940 κεκινηκότος
1389 4869 1478 4925 καί
1545 4870 1994 4946 ἀνταρκέσαντος,
2064 4871 2482 4929 ἐπανακαλεῖται
2542 4871 2695 4936 αὖθις
2751 4875 2845 4930 καὶ
2924 4869 3428 4949 προσλαμϐάνεται,
3504 4873 3595 4927 καὶ

173 4964 246 5032 ἦν
291 4960 456 5036 ἓσχίθν
498 4963 596 5031 την
645 4964 914 5035 προτέραν
970 4956 1349 5034 ὑπερϐαλοῦσα
1414 4963 1482 5033 τῇ
1551 4957 1792 5036 ὕστερον.
1861 4963 1992 5026 Τοῖς
2049 4959 2094 5016 δ’
2152 4961 2439 5038 ἀντίφροσι
2512 4961 2649 5038 πρὸς
2715 4961 2867 5018 οὐδὲν
2936 4957 3330 5037 ἐϐαρυμηνίασε
3394 4959 3599 5035 προδή-

175 5051 300 5113 λως
343 5053 376 5120 ἦ
435 5047 844 5125 ἑδολορῥάιρησε
900 5048 966 5104 τὰ
1022 5048 1374 5122 ἁντίσταθμα,
1423 5049 1547 5104 οὕτε
1608 5050 1685 5122 μὴ
1740 5053 1808 5124 τῇ
1870 5055 2084 5126 κατοχῇ
2141 5055 2238 5105 τοῦ
2289 5055 2466 5124 θυμοῦ
2523 5051 2599 5113 ὡς
2660 5049 2870 5111 Μήδεια
2929 5049 3252 5123 ἀνοίστρησε
3311 5049 3600 5124 βακχευτιο

173 5145 295 5202 κῶς
362 5141 480 5194 κατ’
545 5139 742 5206 αὐτῶν,
809 5135 955 5194 ἀλλᾶ
1020 5143 1408 5212 θηροκομοῦσα
1475 5139 1567 5194 τὸν
1631 5139 1862 5214 σύζυγον
1927 5140 2018 5195 καὶ
2085 5139 2258 5196 πάλαι
2328 5139 2425 5215 μὲν
2491 5138 2910 5216 ἀποστὲργοντα,
2967 5139 3091 5194 τότε
3149 5137 3207 5192 δὲ
3262 5135 3356 5192 καὶ
3410 5133 3598 5191 τέλεον

171 5231 348 5298 αὐτῆς
381 5229 764 5304 ἀποσχόμενον
813 5228 905 5282 καὶ
957 5227 1092 5301 πρὸς
1151 5226 1308 5296 εὐνήν
1364 5225 1534 5301 ἐκείνῃ
1593 5227 1865 5303 μηδαμῶς
1922 5229 2345 5306 συνερχόμενον,
2415 5233 2742 5307 σοφιστικῶς
2796 5229 3105 5302 ὑπήρχετο,
3167 5223 3485 5281 θωπεύουσεὶ
3539 5245 3598 5280 τε

174 5320 274 5375 σὺν
298 5318 464 5394 τέχνῃ
499 5317 706 5392 ἐχρῆτο
738 5317 813 5378 ὡς
861 5316 1054 5390 ἡρεῖτο
1101 5316 1182 5388 τῷ
1232 5319 1330 5371 τοῖ’)
1377 5312 1570 5390 ἀνδρὸς
1627 5316 1773 5388 ἤθει,
1835 5321 2033 5392 μιαροῦ
2093 5323 2264 5372 πᾶσαν
2301 5316 2693 5391 ἀναζωσαμὲνη
2749 5323 2849 5386 τῆς
2902 5315 3085 5390 ἀρχῆς
3139 5315 3239 5383 τὴν
3295 5311 3592 5383 διοίκησιν.

181 5408 291 5465 Καὶ
317 5404 452 5481 τῇδε
486 5407 580 5480 μὲν
610 5405 731 5481 εἶχε
755 5409 948 5463 ταῦτα.

257 5493 322 5553 δ’.
383 5496 444 5553 Ὀ
511 5493 569 5550 δὲ
634 5492 1095 5568 Μευοποταμίτης
1162 5495 1564 5556 Κωνσταντινος
1633 5491 1876 5566 (δοτέονξ

2018 5498 2173 5555 048
2231 5499 2282 5554 4.
2317 5497 2737 5554 Constantinus
2783 5498 2978 5551 autem
3038 5493 3602 5568 Mesopotamitanus

173 5587 278 5661 γὰρ
309 5582 386 5641 ἔτι
420 5582 661 5662 τῷλόγῳ
719 5583 789 5640 τὶ
895 5584 1030 5640 κατὰ
1087 5583 1181 5640 τὸν
1239 5583 1358 5638 καθ’
1412 5585 1563 5656 ἡμᾶς
1622 5583 1844 5660 Πρωτέα

1955 5587 2147 5660 (plura
2178 5588 2328 5644 enim
2351 5589 2420 5643 de
2447 5587 2766 5644 Vertumno
2798 5585 2982 5642 elatis
3013 5589 3226 5641 nostra:
3258 5591 3314 5640 et
3363 5583 3603 5644 homine

181 5674 273 5728 καὶ
333 5671 832 5750 πολυτροπιῦτατον
901 5671 1016 5746 ἅμα
1079 5671 1168 5726 καὶ
1227 5668 1628 5727 ποικιλώτατον
1685 5669 1841 5728 τόνδε

1952 5676 2337 5735 callidissimo
2369 5693 2436 5734 ac
2492 5674 2895 5734 versutissimo
2953 5673 3202 5732 dicenda
3260 5674 3422 5747 sunt}
3450 5673 3602 5734 elato
