4116 6206
529 341 644 402 871
1838 331 2142 392 ΝΙΟΕΤἎΕ

2262 333 2609 394 ΙΟΝΙΑΉΕ
3747 354 3835 412 872

531 471 715 532 οἰκους
771 465 1079 543 δοαφοεῖρον
1135 462 1223 517 καὶ
1282 463 1417 538 πρὸς
1493 461 1666 541 χρόας
1739 461 2032 536 ἀνομοίους
2113 459 2644 536 μεταλλαττόμενον,
2722 465 2887 520 ὁποῖα
2958 467 3026 522 τά
3082 463 3287 524 Λιϐυκά
3341 493 3509 543 φασιν,
3651 479 3675 531 6
3729 485 3839 537 παοὶ

529 560 611 635 τῷ
654 556 780 619 Ἰὼϐ
821 557 1093 617 ἀνάλωτος
1124 554 1336 629 δράκων
1383 552 1738 623 συνείληπτο,
1794 552 1884 608 καὶ
1943 554 1972 609 ὁ
2042 551 2207 628 βορδς
2267 553 2674 628 μυρμηκολὲων
2751 553 3027 624 ἀπώλετο,
3101 557 3208 614 εἶ⁷τε
3267 531 3370 633 μὴν
3436 565 3468 632 ἡ
3537 543 3838 635 πολυθύεανιος

533 651 678 726 αἰγὶς
726 648 816 703 καὶ
875 641 1223 720 δειματώδης
1277 643 1504 706 ἐκείνοις
1561 643 1638 707 εἰς
1687 643 1822 718 χάος
1881 641 2152 714 ἐλήλαται
2209 642 2297 698 καὶ
2356 641 2690 702 διέσπασται,
2735 646 2831 700 Καὶ
2890 647 3034 701 οὕτω
3077 648 3170 719 μὶν
3223 651 3251 704 6
3289 654 3700 727 Μεσοποταμίτης
3731 665 3842 714 xm.

535 743 810 799 σταντῖνος
848 735 940 791 καὶ
981 735 1034 790 οἱ
1071 734 1268 790 τούτου
1314 729 1409 787 δύο
1457 732 1779 806 κασίγνητοι
1823 736 1930 786 τῶν
1982 737 2180 787 κοινῶν
2247 730 2598 807 ἐκκρούονται
2649 731 2992 805 διοικήσεων,
3054 736 3415 815 ἀντεισάγεται
3477 737 3520 795 δ’
3569 740 3721 816 ’ἕτερος
3751 754 3843 826 περὶ

535 831 624 892 τάς
696 827 886 888 κοινάς
965 822 1264 894 διοικήσεις
1341 822 1444 878 οὐκ
1517 819 1716 876 ἐνδέων
1789 826 1887 876 105
1960 815 2247 895 ἀκριϐοῦς,
2325 823 2539 901 χαρίεις
2611 824 2673 880 τὸ
2764 826 2899 894 ἦθος
2970 825 3120 899 μάλα
3190 848 3248 883 τε
3320 829 3440 890 τοὺς
3510 815 3684 909 λόγως
3745 815 3844 894 at;

523 917 799 994 τορνεύειν
833 914 993 976 εἰδὼς
1025 914 1115 969 καὶ
1147 910 1516 986 ἀπομηκύνειν
1552 910 1629 974 εἷς
1657 907 1948 985 περιόδούς
1980 909 2304 987 ῥητορικῶς⁸
2339 913 2366 965 6
2399 911 2692 984 Εἰρηνικὸς
2724 915 2790 984 ἦν
2817 915 2972 978 οὗτος
3005 913 3306 992 Θεόδωρος,
3335 919 3420 972 καὶ
3449 907 3678 996 παρεῖγεν
3704 925 3843 982 ἑαυτὸν

523 1016 642 1074 τοῖς
701 1013 833 1066 πᾶσι
892 999 1272 1072 κατάλληλον.
1342 1001 1692 1070 Ευνέζευκται
1747 998 1806 1056 δέ
1863 1022 1946 1063 τις
2000 999 2189 1073 ἐκείνῳ
2254 1001 2345 1057 καὶ
2416 1009 2524 1058 τῶν
2591 1005 2770 1060 πόνων
2825 1003 3259 1080 συνελαμϐάνετο
3322 987 3718 1089 φιλοχρηματῶν
3756 1018 3844 1072 ἱκα-

521 1105 630 1162 νῶς
675 1099 768 1154 καὶ
821 1095 958 1175 βηχῖ
1011 1098 1226 1168 συνεχεῖ
1269 1092 1530 1167 κάτοχος.
1576 1089 1912 1170 Ἀμφότεροι
1966 1091 2058 1144 οὗν
2104 1096 2224 1153 ταῖς
2299 1090 2614 1155 πολιτικαῖς
2665 1093 2985 1151 ἐπεστάτουν
3037 1099 3274 1172 πράξεσι.
3323 1099 3469 1170 Πλὴν
3515 1105 3570 1158 τὸ
3610 1109 3694 1158 105
3718 1107 3844 1162 Μεσο-

525 1187 837 1262 ποταμίτου
885 1185 1089 1258 πτώμα
1140 1180 1413 1256 μηδαμῶς
1458 1179 1511 1236 ἐν
1565 1179 1768 1257 γέλωτι
1820 1179 2060 1254 ἔχοντες,
2108 1178 2254 1234 ἀλλά
2304 1177 2392 1236 διὰ
2431 1184 2628 1246 παντὸς
2660 1185 3045 1261 προορώμενοι
3094 1187 3274 1242 καὶτὸ
3317 1192 3412 1244 105
3438 1191 3647 1264 κράτους
3672 1190 3842 1250 εὔκολον

531 1279 876 1354 ὑφορώμενοι
926 1273 1022 1331 ουν
1070 1270 1248 1347 ὅρθιοι
1297 1271 1389 1327 καὶ
1439 1268 1701 1342 ἀκλινεῖς,
1753 1270 1828 1332 ὡς
1877 1271 1929 1325 οἱ
1978 1267 2301 1344 ἀκράδαντοι
2349 1277 2458 1327 τῶν
2507 1275 2754 1329 ἱπποτῶν
2801 1276 2938 1331 κατὰ
2989 1298 3047 1332 τε
3091 1283 3306 1351 πρανῶν
3338 1279 3423 1334 καὶ
3453 1282 3670 1355 [P.3l9]
3697 1283 3841 1356 ὀρθίων

527 1369 802 1449 ἐφέροντο,
834 1364 982 1422 ἀλλά
1006 1365 1069 1422 τὸ
1103 1361 1419 1418 δυναστεῦον
1450 1359 1881 1432 ὑποποιούμενοι
1912 1358 2157 1436 ἀνεῖργόν
2185 1379 2242 1414 τε
2271 1361 2363 1416 καὶ
2394 1360 2728 1436 ἀνεσείραζον
2765 1363 2846 1418 ἀεὶ
2887 1365 2987 1434 τὴν
3022 1365 3206 1444 ἰσχὺν,
3235 1366 3325 1420 καὶ
3354 1365 3529 1423 πολλᾶ
3553 1373 3648 1424 τῶν
3672 1367 3844 1426 δεόντων

524 1446 860 1534 παρέτρεχον
887 1457 988 1526 τήν
1018 1447 1285 1508 ἀπόϐασιν
1320 1446 1736 1524 εὐλαϐούμενοι.

592 1590 644 1641 5.
681 1583 783 1640 His
829 1593 883 1640 et
932 1580 1271 1651 huiusmodi
1317 1581 1488 1636 rebus
1547 1579 1784 1634 Alexius
1832 1581 2163 1633 Comnenus

522 1675 841 1732 triennium
872 1673 930 1728 in
962 1669 1206 1743 imperio
1237 1669 1442 1741 exegit.
1473 1667 1719 1740 Reliqua
1741 1668 1811 1723 ab
1838 1667 2036 1723 eadem
2070 1682 2169 1720 ra-

520 1766 680 1820 tione
711 1763 856 1820 nihil
881 1764 1265 1817 recesserunt.
1305 1757 1678 1814 Consuetudo
1714 1754 2168 1822 mansiteadem,

521 1855 640 1912 vita
703 1852 896 1909 mollis
949 1855 1005 1906 et
1041 1854 1320 1923 perpetuo
1371 1863 1570 1902 socors
1629 1845 1954 1918 ingenium.
2010 1847 2168 1897 Tunc

523 1942 713 1999 fmdus
765 1939 1064 1996 lconiense
1113 1937 1390 1994 violatum
1423 1941 1533 1992 est.
1581 1935 1726 1991 Nam
1767 1933 2168 2001 Caiehosroes,

522 2033 652 2103 ejus
683 2031 846 2086 urbis
868 2028 1164 2096 sultanus,
1198 2027 1346 2082 duos
1375 2041 1560 2097 equos
1590 2024 1690 2096 qui
1731 2022 2072 2096 imperatori
2095 2023 2168 2078 ab

521 2119 910 2177 Alexandrino
940 2118 1170 2174 sultano
1222 2116 1600 2172 mittebantur
1639 2113 1883 2186 eripuit;
1917 2127 2165 2185 quorum

520 2210 756 2266 alterius
787 2225 938 2280 genu
982 2207 1040 2262 in
1094 2222 1266 2262 cursu
1299 2204 1517 2273 luxato,
1568 2220 1668 2276 per
1707 2204 1928 2276 legatos
1952 2202 2024 2256 ab
2052 2201 2167 2255 im-

520 2306 784 2372 peratore
814 2297 970 2355 654
1019 2296 1247 2352 veniam
1281 2294 1447 2365 petiit
1497 2293 1648 2362 quod
1694 2293 1822 2361 ejus
1864 2307 2043 2363 equos
2075 2291 2163 2347 in-

519 2389 859 2460 tercepisset
886 2391 944 2442 et
973 2385 1127 2456 quod
1161 2389 1394 2456 propter
1423 2381 1664 2438 alterius
1697 2379 1996 2436 laesionem
2020 2379 2160 2436 alte-

524 2493 648 2532 rum
684 2491 914 2546 quoque
968 2475 1194 2529 mittere
1228 2489 1341 2528 non
1395 2470 1598 2526 fuisset
1627 2487 1828 2525 ausus.
1881 2473 2160 2526 Caeterum

521 2579 583 2619 se
639 2563 880 2619 omnino
946 2566 1290 2618 curaturum
1326 2575 1396 2616 ne
1425 2559 1611 2616 amico
1665 2567 1817 2614 esset
1860 2556 2160 2624 molestus,

521 2669 661 2710 nere
691 2653 788 2707 diu
831 2651 998 2724 cquis
1030 2655 1271 2707 careret.
1317 2655 1480 2705 Hanc
1513 2648 1838 2720 speciosam
1871 2647 2160 2702 defensio-

518 2759 651 2798 nem
686 2742 1002 2813 imperator
1032 2747 1237 2804 non,ut
1269 2736 1713 2810 magnanimum
1733 2736 1914 2792 virum
1945 2736 2155 2803 decuit,

518 2850 684 2905 eaque
716 2831 911 2888 animo
941 2828 1183 2899 accepit,
1221 2843 1408 2898 neque
1440 2825 1768 2881 necessitati
1801 2823 2156 2880 voluntatem

517 2920 998 2986 accommodavit,
1036 2932 1223 2989 neque
1255 2921 1578 2986 temporum
1639 2915 1919 2970 rationem
1957 2913 2158 2968 habuit

517 3027 767 3084 quorum
803 3007 1246 3066 difficultatibus
1281 3007 1538 3077 undique
1561 3004 2014 3075 urgebatur,sed
2047 3013 2159 3060 sta-

519 3101 626 3154 tim
671 3098 1080 3154 effervescente
1130 3094 1240 3149 bile
1297 3093 1589 3148 fulminat.
1625 3092 1738 3147 Nec
1771 3098 1960 3147 tamen
1999 3093 2162 3163 quid-

519 3203 690 3260 quam
725 3187 861 3241 facit
916 3201 1030 3256 quo
1063 3185 1295 3240 Persam
1345 3181 1682 3247 ulciscatur,
1743 3181 1842 3237 sed
1877 3182 1989 3236 sibi
2045 3181 2157 3253 ipsi

518 3275 685 3345 plane
719 3273 930 3329 bellum
957 3273 1130 3328 infert
1150 3277 1207 3328 et
1229 3271 1488 3342 gladium
1511 3275 1715 3327 contra
1747 3287 1872 3324 sese
1902 3269 2155 3338 stringit.

513 3363 691 3420 Jubet
721 3363 778 3417 in
819 3378 1108 3418 carcerem
1143 3361 1273 3417 duci
1307 3369 1362 3416 et
1391 3359 1669 3416 omnibus
1719 3358 1888 3414 bonis
1922 3359 2157 3414 multari

514 3451 906 3524 negotiatores
950 3467 1156 3507 omnes
1204 3455 1321 3505 tum
1371 3449 1663 3505 Romanos
1711 3465 1890 3521 quam
1919 3449 2155 3514 'l‘urcos,

518 3541 619 3614 qui
642 3541 837 3597 Iconio
861 3539 1202 3610 Byzantium
1219 3538 1510 3596 venissent
1537 3553 1764 3609 ;eorum
1788 3555 1922 3592 vero
1937 3554 2157 3593 merces

519 3637 576 3686 et
599 3631 876 3702 jumenta
911 3645 1018 3685 nec
1048 3628 1165 3700 ipse
1219 3633 1284 3684 ut
1313 3628 1506 3683 decuit
1537 3626 1649 3682 sibi
1681 3625 2019 3693 vindicavit,
2051 3643 2156 3682 nec

515 3719 633 3775 illis
663 3718 938 3791 reliquit:
997 3719 1150 3774 unde
1181 3717 1296 3773 alia
1325 3715 1466 3773 alibi
1516 3715 1800 3788 dissipata
1838 3714 2153 3786 perierunt.

513 3811 636 3874 Quo
669 3809 958 3865 barbarus
1007 3806 1208 3864 audito
1256 3807 1448 3862 denuo
1491 3806 1712 3874 legatos
1740 3804 1970 3859 mittere
2001 3805 2151 3862 655

511 3898 723 3964 noluit,
755 3898 855 3954 sed
890 3896 1072 3952 armis
1120 3895 1389 3951 alacriter
1425 3894 1676 3964 arreptis
1719 3892 2038 3964 improvisa
2070 3895 2156 3949 in-

515 3987 788 4044 cursione
843 3986 1072 4042 Cariam
1099 3990 1158 4041 et
1208 3983 1516 4040 Tantalum
1567 3981 1782 4055 oppida
1824 3982 1898 4037 ad
1947 3985 2154 4038 Mazan-

509 4078 680 4134 drum
730 4076 846 4132 sita
892 4075 1154 4132 vastavit.
1202 4076 1341 4129 Inde
1379 4075 1445 4128 ad
1476 4071 1736 4144 Phrygia:
1787 4070 2154 4127 Antiochiam

505 4165 829 4230 contendit,
885 4180 1131 4236 eamque
1161 4162 1428 4220 fortassis
1481 4177 1642 4233 teque
1687 4177 1754 4216 ac
1788 4160 1908 4216 beri
1931 4161 2154 4216 Cariam

509 4261 566 4310 et
591 4255 907 4311 Tantalum
939 4246 1211 4325 cepisset,
1262 4252 1374 4308 nisi
1408 4268 1580 4307 casus
1604 4251 1844 4322 quidam
1879 4249 2155 4306 fortuitus

505 4343 790 4414 impetum
824 4343 953 4411 ejus
1009 4315 1208 4396 divina
1230 4340 1423 4412 potius
1463 4315 1636 4410 quam
1683 4337 1946 4394 humana
1967 4339 2152 4410 provi-
2183 4315 2226 4382 δ

503 4431 703 4487 dentia
747 4431 1028 4500 fregisset.
1077 4431 1223 4486 Nam
1259 4446 1374 4501 qua
1405 4433 1571 4484 nocte
1613 4429 1686 4483 ad
1715 4427 1916 4482 urbem
1950 4427 2146 4497 Oppri-

507 4523 777 4574 mendam
842 4520 1209 4590 properabat,
1268 4517 1503 4589 quidam
1560 4516 1728 4572 homo
1780 4521 1984 4587 potens
2021 4515 2148 4570 tilize

503 4609 740 4676 nuptias
800 4606 1146 4662 celebrabat.
1183 4607 1317 4660 Erat
1358 4605 1555 4676 igitur,
1602 4609 1667 4660 ut
1723 4604 1784 4659 in
1841 4605 2148 4674 hujumodi

502 4693 913 4750 festivitatibus
945 4694 1113 4764 solet,
1155 4694 1442 4748 tumultus
1499 4691 1804 4748 hominum
1840 4693 2146 4749 convivan-

499 4783 660 4838 tium.
697 4782 993 4854 Cymbala,
1046 4788 1348 4854 tympana,
1397 4781 1702 4838 saltatores
1742 4787 1799 4836 et
1833 4780 2146 4838 mulierum

497 4877 684 4928 castus
731 4872 1093 4940 liymenzeum
1145 4869 1509 4926 cantantium
1565 4887 1663 4942 per
1693 4875 1874 4926 totam
1917 4876 2146 4928 noctem

504 4961 965 5034 perstrepebant.
1018 4959 1092 5016 Ut
1121 4965 1318 5015 autem
1374 4959 1446 5014 ad
1481 4959 1686 5013 urbem
1741 4961 2148 5017 accessitCai-

498 5052 799 5116 ebosrocs,
831 5050 1032 5124 audita
1052 5065 1405 5121 organorum
1424 5046 1728 5104 harmonia
1757 5053 1814 5105 et
1840 5049 2145 5106 hominum

496 5145 806 5208 concentu,
863 5156 978 5196 non
1011 5155 1132 5195 rem
1182 5137 1370 5210 ipsam
1432 5136 1771 5207 conjectura
1819 5143 2145 5208 assecutus,

497 5231 597 5284 sed
633 5229 885 5284 militum
928 5233 1182 5284 tesseras
1236 5242 1388 5293 esse,
1451 5226 1553 5298 qui
1612 5241 1786 5280 suum
1835 5226 2146 5282 adventum

496 5321 985 5390 praecognossent,
1045 5326 1257 5387 putans
1305 5315 1376 5370 ad
1409 5317 1665 5386 Lampon
1697 5315 1991 5382 discessit,
2032 5315 2146 5370 ibi-

498 5423 610 5476 que
667 5407 925 5477 captivos
981 5404 1398 5461 describendas
1454 5403 1712 5472 curavit;
1774 5408 1830 5458 ct
1860 5406 2147 5477 cujusque

495 5493 739 5565 patriam
781 5500 838 5550 et
865 5509 1104 5562 nomen,
1135 5498 1192 5549 et
1221 5510 1255 5550 a
1289 5511 1404 5564 quo
1435 5498 1641 5565 captus
1693 5498 1867 5562 esset,
1899 5493 2036 5550 item
2072 5513 2146 5551 an

495 5581 720 5652 aliquid
756 5599 998 5638 suarum
1030 5598 1226 5638 rerum
1262 5583 1416 5640 658
1453 5582 1766 5648 amisisset,
1809 5587 1865 5637 et
1891 5600 1960 5639 an
1995 5584 2147 5642 filius

2342 1577 2400 1633 ε’.
2439 1578 2530 1634 Ἐν
2561 1579 2777 1641 τούτοις
2837 1579 2934 1650 μὶν
2993 1580 3086 1635 οὗν
3143 1580 3236 1636 καὶ
3283 1581 3542 1644 τοιούτοις
3603 1584 3841 1657 παραπλη-

2276 1663 2417 1761 ρίοις
2490 1665 2729 1728 ἐνιαυτὸς
2803 1666 3006 1739 ἐξίκετο
3080 1669 3264 1743 τρίτος
3344 1669 3558 1750 ἄρχοντι
3615 1673 3840 1745 Ῥωμαίων

2293 1753 2501 1828 Αλεξίῳ
2541 1760 2621 1828 τῷ
2671 1759 2952 1830 Κομνηνῷ.
3005 1759 3088 1815 Τά
3135 1755 3183 1813 δ’
3244 1758 3431 1838 ἐφεξῆς
3468 1757 3607 1816 οὐδὲν
3643 1761 3840 1817 ἀντιστα-

2273 1847 2464 1898 τοῦντα
2521 1850 2638 1906 τοῖς
2693 1845 3002 1921 προτέροιςο
3065 1846 3248 1904 δίαιτα
3296 1851 3396 1925 γάρ
3450 1851 3516 1919 ἦν
3551 1851 3583 1920 ἠ
3621 1850 3732 1920 αὐτὴ
3773 1853 3837 1905 καὶ

2273 1932 2438 1988 πάλιν
2470 1934 2561 1988 καὶ
2615 1935 2734 2010 βίος
2780 1935 3026 2014 χαλαρὸς
3083 1937 3172 1993 καὶ
3232 1935 3620 2013 ἐξημϐλυμένον
3647 1940 3838 2018 φρόνημα

2275 2021 2377 2080 ἀεί.
2409 2023 2542 2079 Τότε
2573 2021 2630 2079 δὲ
2667 2025 2757 2080 καὶ
2808 2027 2863 2080 αἱ
2903 2025 3171 2100 εἰρηνικαὶ
3222 2025 3446 2084 σπονδαὶ
3492 2032 3833 2104 παρεωράθησάν

2273 2131 2332 2168 τε
2361 2112 2451 2167 καὶ
2482 2114 2856 2189 συνεχύθησαν
2903 2115 2966 2178 ἃς
3014 2119 3134 2195 εἶχε
3187 2115 3438 2192 βασιλεὺς
3468 2116 3716 2181 ἐκτελέσας
3741 2121 3834 2191 μετὰ

2274 2201 2480 2276 Πέρσου
2535 2207 2633 2258 105
2683 2200 2962 2267 διέποντος
3018 2206 3082 2261 τὸ
3140 2205 3384 2265 Ἰκόνιον.
3442 2208 3498 2261 '0
3530 2209 3614 2280 μὲν
3633 2208 3716 2284 γὰρ
3739 2212 3833 2265 Καϊ-

2269 2291 2514 2365 χοσρόης
2574 2292 2756 2363 (τοῦτο
2815 2293 2920 2369 γάρ
2977 2293 3044 2362 ἦν
3104 2290 3285 2364 ὄνομα
3349 2300 3427 2365 τῷ
3493 2291 3732 2371 βαρϐάρῳ)
3764 2294 3828 2350 δύο

2270 2374 2513 2451 ’Ἄραϐας
2566 2377 2772 2444 ’ίππους
2811 2380 2869 2436 ἐκ
2923 2387 3021 2437 τοῦ
3080 2383 3315 2438 σουλταν
3363 2391 3462 2454 τῆς
3489 2387 3594 2440 κατ’
3623 2386 3830 2458 Αἴγυπτον

2268 2464 2673 2542 Ἀλεξανδρείας
2745 2473 2824 2540 τῷ
2902 2468 3118 2538 βασιλεῖ
3180 2471 3568 2544 στελλομένους
3626 2471 3830 2528 ἀφείλετο.

2266 2556 2454 2610 Τοίνυν
2517 2557 2607 2612 καὶ
2674 2559 2884 2632 θατέρῳ
2947 2559 3155 2615 τούτων
3229 2563 3290 2616 τὸ
3345 2561 3470 2636 γόνυ
3521 2561 3829 2635 ἐξαρθρωθέντι

2267 2643 2318 2698 ἒν
2377 2649 2458 2716 τῷ
2521 2645 2659 2719 πρὸς
2726 2643 2930 2720 δρόμον
2994 2646 3236 2703 ἀνίεσθαι
3288 2646 3500 2723 πέμψας
3548 2648 3616 2710 εἰς
3660 2645 3828 2723 βασιλέα

2267 2733 2602 2808 συγγνώμην
2632 2733 2843 2808 ᾐτεῖτο,
2880 2734 2962 2790 ὅτι
3009 2756 3069 2791 τε
3116 2736 3271 2798 ’ὀλως
3316 2736 3394 2800 εἷς
3423 2735 3571 2794 αὺτὸν
3597 2731 3830 2792 διαϐαίνον-

2262 2843 2358 2884 τας
2398 2819 2606 2885 ’ίππους
2663 2817 2820 2898 ἔσχεν
2883 2821 3272 2898 ἷδιωσάμενος,
3325 2825 3414 2880 καὶ
3461 2827 3539 2880 ὅτι
3579 2844 3664 2898 περ
3705 2827 3830 2892 ἡτοό

2193 2954 2236 3019 Β
2266 2912 2384 2973 ἐνὸς
2414 2909 2714 2985 ἀγρείωσις
2765 2912 2853 2967 καὶ
2899 2915 2996 2984 τήν
3045 2913 3236 2990 ἑτερου
3279 2912 3578 2984 ἀποστολην
3604 2913 3829 2980 πεποίηκεν

2275 3003 2288 3019 .
2476 3001 2512 3019 η
2597 3005 2623 3019 ..
2825 3003 2834 3019 .
3045 3003 3085 3019 ρ..
3381 3012 3402 3019 -
3538 3009 3562 3019 -
3651 3009 3672 3019 -
3763 3003 3789 3019 ,ς

2269 3001 2704 3058 ὑποστείλασθαι·
2765 3003 2982 3066 πάντως
3041 3003 3097 3060 δὲ
3154 3012 3428 3080 φροντιεῖν
3478 3009 3564 3061 105
3615 3009 3684 3075 τῷ
3727 3003 3830 3081 φίλῳ

2265 3092 2608 3168 ἀνεπαχθοῦς
2648 3092 2740 3147 καὶ
2794 3097 2892 3148 105
2953 3094 3029 3165 μὴ
3087 3099 3200 3148 τῶν
3255 3093 3438 3150 ’ἵππων
3469 3092 3520 3156 ἐς
3551 3093 3723 3166 μακρὸν
3747 3092 3829 3145 στί·

2267 3182 2464 3256 ρεσθαι.
2543 3181 2646 3238 Καὶ
2703 3181 2731 3236 ὁ
2784 3183 2880 3254 μὲν
2957 3180 3038 3262 ἐφ’
3114 3184 3202 3246 οἷς
3278 3179 3491 3259 ἔδρασεν
3558 3180 3830 3256 εὐπρόσωπον

2265 3271 2440 3335 οῧτῶς
2468 3269 2700 3347 ἠγόρευε
2740 3272 2832 3326 τὸν
2882 3270 3188 3347 ἀπολογον·
3245 3275 3274 3330 6
3328 3271 3384 3329 δὲ
3418 3275 3547 3346 μήτε
3569 3271 3623 3326 τὸ
3651 3266 3830 3344 μεγαλόο

2263 3362 2439 3435 ψυχον
2474 3359 2757 3422 ἐπαινέσας
2817 3361 2957 3433 μήτε
3017 3362 3125 3434 μὴν
3186 3364 3291 3432 τὴν
3352 3362 3572 3437 ανάγκην
3597 3355 3827 3434 τρὲψαςιίς

2262 3448 2326 3503 τὸ
2355 3447 2674 3526 φιλότιμον,
2723 3449 2759 3519 ἦ
2802 3453 2930 3525 γοῦν
2987 3448 3038 3504 ἐν
3097 3455 3174 3523 vii)
3236 3450 3566 3528 βαλλόμενος
3591 3450 3669 3506 τὸν
3693 3445 3825 3519 καιρὸν

2267 3537 2432 3612 βαρὺν
2489 3536 2742 3609 ἐνστάτην
2817 3538 2899 3594 ἀεὶ
2971 3539 3120 3614 αὖτῷ
3198 3539 3543 3616 ἐφιστάμενον
3610 3535 3824 3606 καὶπρὸς

2262 3625 2474 3700 πνίγμα
2548 3626 2634 3681 ἐπὶ
2709 3632 2838 3682 πᾶσι
2907 3629 3279 3705 κατασχόντα,
3341 3631 3416 3692 ὡς
3471 3633 3638 3706 πρῖνος
3690 3621 3823 3680 αὐτίκα

2261 3716 2549 3788 καιόμενος
2605 3721 2685 3788 τῷ
2739 3721 2896 3790 θυμῷ
2954 3713 3280 3793 ὑπεϐρόντα.
3355 3717 3502 3789 Ιιλὴν
3570 3715 3712 3788 ’ἕτερον
3751 3711 3822 3780 μὲν

2263 3802 2420 3860 οὐδὲν
2470 3826 2578 3860 τινι
2635 3811 2874 3879 γενναῖον
2931 3805 3068 3880 πρὸς
3135 3807 3494 3878 ἀντιλύπησιν
3550 3809 3632 3860 τοῦ
3671 3799 3812 3871 Πέρσου

2263 3895 2566 3970 συνεώρακε
2623 3892 3038 3972 διαπράξασθαι,
3096 3899 3216 3952 καθ’
3274 3899 3464 3954 ἑαυτοῦ
3526 3894 3578 3952 δὲ
3618 3885 3818 3966 στρατεύε-

2260 4004 2350 4038 ται
2379 3981 2624 4062 ἆτεχνῶς
2674 3985 2764 4039 καὶ
2811 3984 2874 4040 τὸ
2923 3984 3076 4062 ξίφος
3106 3991 3187 4059 τῷ
3218 3987 3360 4048 τὲως
3388 3983 3714 4062 κρυπτόμενον
3731 3975 3822 4031 tiva-

2264 4069 2519 4128 δείκνυσι.
2617 4072 2818 4130 Τοίνυν
2883 4073 3154 4130 ἐπιτάττει
3223 4075 3489 4153 φυλακαῖς
3560 4068 3824 4144 ἐνειρχθῆναι

2260 4161 2349 4216 καὶ
2406 4161 2472 4216 τά
2511 4160 2639 4217 ὅντα
2694 4161 2868 4218 πάντα
2928 4152 3287 4243 ἀφαιρεθῆναι
3347 4152 3826 4232 ὁπόσοιῬωμαῖοίτε

2262 4249 2350 4304 καὶ
2405 4251 2641 4325 Τοῦρκοι
2697 4253 3108 4329 πραγματευταὶ
3165 4254 3267 4308 τοῦ
3331 4251 3549 4311 Ἰκονίου
3600 4247 3826 4319 ἀπάραντες

2255 4338 2318 4394 τὸ
2370 4338 2660 4408 Βυζάντιον
2710 4338 3048 4415 ἐπεισῂεσαν.
3109 4341 3210 4396 Καὶ
3271 4344 3339 4398 τὰ
3399 4343 3488 4416 μὲν
3537 4337 3720 4394 ἐκείνων
3755 4329 3827 4401 ἐμ-

2256 4427 2575 4502 πορεύματά
2629 4449 2688 4484 τε
2752 4429 2838 4484 καὶ
2912 4429 3181 4505 ὑποζύγια
3245 4431 3358 4486 οὔτ’
3412 4430 3562 4491 αύτὸς
3609 4425 3726 4502 εἶχεν
3776 4418 3826 4470 ὡς

2259 4514 2379 4572 δέον
2414 4517 2856 4592 οἰκειωσάμενος,
2918 4515 3030 4573 οὔτ’
3088 4517 3433 4593 ἐναπέλειψεν
3484 4515 3696 4573 ἐκείνοις·
3724 4505 3826 4562 ἇλλὲ

2255 4610 2360 4682 γάρ
2389 4603 2584 4668 ἄλλοις
2615 4607 2704 4661 καὶ
2759 4607 2918 4672 πάνθ’
2983 4608 3123 4680 ὁμοῦ
3184 4605 3522 4663 διεσκέδαστο
3575 4603 3652 4658 καὶ
3694 4595 3826 4672 ﬁt?“

2253 4715 2420 4750 1w10'
2482 4695 2508 4750 6
2564 4692 2621 4750 δὲ
2668 4689 2940 4770 βάρϐαρος
2991 4696 3053 4750 τὸ
3107 4691 3321 4771 συμϐὰν
3351 4695 3825 4764 ἐνωτισάμενος,μη“

2258 4780 2343 4838 δὲν
2390 4804 2444 4838 τι
2493 4785 2590 4852 τῆς
2633 4783 2945 4857 προθυμίας
3001 4770 3262 4861 καθυφεὶς
3319 4786 3457 4858 μήτε
3507 4784 3603 4856 μην
3645 4777 3706 4837 εἷς
3731 4770 3824 4861 δυ’

2255 4871 2411 4946 τέραν
2490 4871 2693 4947 βλέψας
2767 4867 3077 4948 πρεσϐείαν,
3153 4859 3298 4929 Ἴκατά
3398 4871 3657 4944 Ῥωμαίων
3717 4859 3822 4948 ὅπλα

2261 4961 2538 5036 βαστάζει,
2603 4961 2694 5016 καὶ
2748 4963 3069 5038 προσπεσὼν
3127 4959 3528 5038 ἀπροσδόκητος
3565 4961 3668 5017 ταῖς
3725 4944 3823 5006 imi

2255 5047 2564 5125 Μαίανδρον
2627 5050 2986 5124 κωμοπόλεαι
3061 5050 3259 5126 Καρίαν
3330 5071 3388 5106 τε
3459 5049 3538 5104 καὶ
3607 5035 3821 5102 Τάνταλον

2255 5139 2374 5194 καθ’
2403 5137 2626 5209 ἡλικίαν
2682 5125 3150 5214 ἠνδραποδίσατο,
3199 5139 3288 5196 καὶ
3346 5138 3529 5200 πόλεις
3581 5131 3728 5190 ἄλλας
3764 5125 3822 5214 δτξ

2257 5225 2471 5290 πολλᾶς
2528 5225 2866 5302 ληϊσάμενος
2920 5229 3056 5304 πρὸς
3107 5227 3271 5298 αὐτὴν
3330 5227 3573 5303 ἠπείγετο
3619 5221 3700 5287 την
3725 5211 3823 5269 κατᾶ

2260 5316 2503 5392 Φρυγίαν
2535 5317 2898 5393 Ἀντιόχειαν.
2944 5317 3050 5374 Καὶ
3103 5319 3229 5394 τάχ’
3275 5315 3335 5372 ἃν
3381 5315 3542 5387 ἐξεῖλε
3567 5311 3646 5367 καὶ
3671 5306 3820 5394 ταῦτηξθ

2258 5388 2440 5480 ὥσπερ
2509 5405 2673 5482 χθιζά
2724 5388 2939 5483 ’Καρίαν
3005 5408 3095 5463 καὶ
3173 5388 3471 5474 Ῠάνταλον,
3510 5403 3551 5458 εἶ
3605 5398 3670 5474 μὴ
3717 5388 3821 5483 Ψξά

2258 5475 2421 5566 δόξαν.
2447 5475 2643 5567 ἐπέστη
2674 5499 2755 5570 τῷ
2790 5475 3050 5572 βαρϐάρῳ
3098 5497 3232 5573 πρὸς
3275 5495 3338 5550 τὸ
3383 5494 3470 5565 ὀξὺ
3513 5497 3602 5560 τῆς
3645 5475 3818 5540 uulsi-

2257 5604 2393 5648 σεως
2447 5585 2546 5641 οὐκ
2601 5582 2652 5640 ἐν
2710 5586 2971 5660 προνοίας
3027 5586 3178 5648 τινὸς
3232 5582 3556 5658 ἀνθρωπίνης
3585 5574 3705 5634 ἀλλά
3737 5585 3818 5626 πως

2195 1587 2240 1652 Α

2181 5545 2225 5611 D
