4028 6218
219 386 334 451 8‘73

1130 392 1229 454 DE
1272 392 1562 456 ALEXlO
1607 391 1897 455 ISAACII
1939 392 2227 458 ANGELI
2273 399 2399 462 FB.
2444 401 2588 463 LIB.
2634 401 2712 464 ΙΙ.

3512 404 3633 468 874

218 520 544 596 αὐτομάτως
602 520 639 593 ἤ
695 524 787 578 καὶ
844 525 1025 590 θεόθεν
1084 528 1440 601 παρεισπεσόν
1496 548 1546 582 τι
1599 527 1872 603 συγκύρη-

1986 536 2080 585 aut
2115 530 2235 586 filia
2266 541 2359 589 aut
2391 551 2535 591 uxor
2563 534 2812 606 alicujus
2843 552 2877 592 a
2906 539 3082 593 Persa
3113 537 3310 610 aliquo
3342 540 3632 596 occultata

220 630 314 682 μα.
347 611 411 668 Ὀ
446 612 540 685 μὲν
582 611 681 688 γὰρ
741 613 951 690 νύκτωρ
1008 613 1290 686 ἐξαναστὰς
1348 616 1486 672 κατὰ
1541 615 1737 691 κράτος
1794 616 1871 678 εἲς

215 698 560 775 ’Δντιόχειαν
637 699 893 774 ἤλαυνεν,
979 703 1369 779 ἐπιθησόμενος
1470 700 1688 779 ὄρθριος
1779 704 1870 759 καὶ

212 790 505 863 πορθήσων
535 791 596 846 τὸ
628 790 896 865 πόλισμα·
948 787 1108 868 ἔτυχε
1157 790 1219 848 δ”
1252 793 1462 869 ἡμέρας
1503 792 1714 863 ἐκείνης
1763 798 1871 849 τῶν

210 877 361 953 παρὰ
404 881 474 951 τῇ
532 879 693 935 πόλει
753 877 1063 954 δυναμένων
1118 882 1241 937 τινὰ
1296 881 1439 937 θύειν
1496 881 1707 956 γάμους
1765 882 1867 936 θυ-

210 967 391 1043 γατρί.
423 970 522 1026 Ἦν
557 970 673 1042 οὗν,
719 970 794 1031 ὡς
835 971 888 1026 έν
936 977 1056 1034 ταῖς
1111 973 1387 1034 τοιαύταις
1441 969 1669 1028 εἴθισται
1714 971 1870 1026 τελε-

209 1062 353 1126 ταῖς,
411 1056 621 1130 θμαδος
678 1060 978 1135 ἀνθρώπων
1033 1059 1426 1133 θαλιαζόντων,
1490 1055 1751 1134 κύμϐαλά
1811 1082 1869 1116 τε

212 1142 282 1200 δι’
313 1147 454 1218 δλης
480 1154 579 1210 ﬁt;
607 1150 796 1210 νυκτὸς
829 1148 1035 1222 ἐκείνης
1078 1150 1424 1220 ἀλαλάζοντα
1475 1151 1565 1205 καὶ
1613 1151 1868 1224 τύμπανα

209 1238 684 1312 περικτυπούμενα
723 1239 812 1295 καὶ
869 1241 1143 1316 ὀρχησταὶ
1190 1240 1269 1296 τὼ
1317 1238 1454 1297 πόδε
1501 1240 1865 1315 παρενσαλεύ-

209 1347 364 1390 οντες
419 1329 507 1383 καὶ
561 1330 725 1404 χοροὶ
788 1330 1022 1407 γυναίων
1070 1336 1185 1393 τοῖς
1248 1331 1523 1405 ὑμεναίοις
1576 1330 1868 1411 πρόσφορα

213 1413 457 1486 ᾅδοντες.
489 1420 576 1478 Ὠς
607 1415 701 1473 οὖν
732 1416 933 1496 ἧγγισε
964 1422 1034 1494 τῇ
1079 1420 1242 1476 πὸλει
1300 1422 1383 1493 [Ρ.
1433 1421 1559 1493 320]
1619 1426 1864 1495 Καῖχοσο

213 1501 377 1580 ρόης,
433 1510 534 1561 τῶν
602 1506 849 1583 ὀργάνων
908 1507 1172 1582 ἁρμονίαν
1240 1507 1316 1570 εἷς
1394 1509 1507 1563 ὦτα
1573 1505 1863 1582 δτξάμενος

209 1596 303 1649 καὶ
382 1602 479 1665 τῆς
552 1597 874 1671 συμφωνίας
960 1603 1068 1653 τῶν
1174 1597 1414 1669 ᾀδόντων
1519 1597 1863 1674 ἀκροασάμε-

205 1705 300 1746 νος
348 1683 478 1760 οὐχὶ
544 1690 641 1741 τοῦ
707 1682 861 1748 ὄντος
926 1687 1386 1762 κατεστοχάσατο,
1454 1685 1583 1743 ἀλλ’
1651 1685 1860 1757 ἀνδρῶν

204 1773 631 1846 ἡτοιμασμένων
664 1778 801 1851 πρὸς
845 1775 1089 1850 πόλεμον
1136 1779 1451 1853 συνθήματα
1508 1778 1640 1834 εἶναι
1691 1782 1862 1834 ταῦτα

1985 623 2158 688 esset,
2192 623 2621 695 pervestigavit.
2659 624 2773 681 Hac
2806 624 3186 697 inquisitione
3215 627 3390 697 facta,
3416 629 3628 687 Roma-

1983 709 2070 763 nis
2100 712 2295 767 omnia
2328 712 2620 780 restituit;
2654 719 2711 770 et
2742 713 3016 770 omnibus
3046 715 3292 786 captivis
3323 716 3380 771 in
3435 718 3626 777 tribus

1979 801 2035 851 et
2064 797 2315 854 fimilias
2347 801 2697 870 distributis,
2731 802 2829 874 qui
2863 803 3122 875 quinque
3152 802 3398 861 millium
3427 821 3632 863 nums-
3718 858 3719 863 η

1982 902 2110 941 rum
2143 888 2455 959 explebant
2485 894 2753 961 perrexit.
2784 893 2847 946 In
2877 908 2945 947 ea
2973 892 3323 950 abductione
3377 895 3631 952 Barbaro

1979 974 2127 1031 illud
2158 993 2392 1048 quoque
2422 994 2568 1034 curae
2603 979 2732 1043 fuit.
2763 997 2835 1035 ne
2867 982 3112 1052 captivis
3145 981 3334 1039 victus
3357 984 3628 1047 deesset;

1978 1060 2036 1111 et
2067 1058 2374 1113 distribqu
2400 1059 2550 1114 inter
2578 1074 2676 1115 eos
2707 1060 3024 1126 frumento,
3063 1078 3131 1116 ne
3165 1062 3350 1134 frigus
3392 1064 3628 1135 quidem

1980 1144 2251 1217 neglexit,
2285 1149 2380 1202 sed
2415 1149 2894 1229 correpta‘securi
2929 1149 3053 1220 ipse
3094 1149 3412 1223 collapsam
3459 1153 3630 1210 arbo-

1977 1253 2099 1292 rem
2132 1238 2433 1295 dissecuit.
2467 1244 2535 1295 Et
2561 1240 2619 1295 id
2669 1241 3071 1312 spectaculum
3124 1242 3330 1300 Persas
3380 1261 3631 1301 concur-

1978 1332 2173 1385 rentes
2205 1329 2428 1385 monuit
2473 1334 2537 1386 ut
2586 1329 2742 1386 idem
2799 1334 2856 1386 et
2907 1330 3023 1402 ipsi
3073 1333 3346 1405 facerent,
3398 1335 3629 1406 adjecta

1978 1414 2192 1473 laboris
2214 1419 2342 1490 ejus
2365 1435 2564 1489 causa,
2587 1423 2644 1475 et
2663 1435 2835 1491 quem
2855 1420 2992 1478 inde
3016 1421 3271 1478 fructum
3295 1423 3626 1496 percepturi

1977 1509 2193 1574 essent,
2228 1523 2293 1562 ac
2343 1507 2532 1564 Persis
2581 1514 2863 1580 perpetuo
2912 1508 3085 1566 licere
3132 1509 3413 1582 lignatum
3463 1516 3628 1568 extra

1975 1598 2164 1649 castra
2195 1597 2295 1661 ire,
2331 1596 2484 1667 quod
2516 1614 2550 1651 a
2580 1597 2813 1652 nemine
2843 1597 3309 1670 impedirentur;
3341 1599 3625 1659 Romanis

1971 1698 2105 1739 vero
2138 1701 2252 1739 non
2282 1684 2445 1750 item,
2478 1685 2820 1741 caventibus
2853 1702 2925 1742 ne
2955 1687 3156 1759 fugere
3184 1688 3291 1744 visi
3325 1690 3626 1761 compedi-

1976 1774 2082 1829 bus
2116 1773 2490 1830 vincirentur.
2543 1779 2861 1846 Postquam
2902 1793 3038 1834 vero
3086 1776 3487 1835 Pbilomilium
3537 1783 3629 1837 est

205 1860 704 1940 ὑπολογισάμενος,
762 1865 860 1935 τήν
908 1865 1115 1921 ἐκείνου
1164 1867 1600 1941 προεγνωκότων
1641 1860 1860 1943 ἔφοδον,

1975 1868 2338 1935 perventum,
2366 1870 2425 1922 et
2453 1865 2749 1922 domicilia
2777 1870 2834 1922 et
2865 1882 3036 1939 agros
3068 1868 3288 1924 fertiles
3332 1868 3418 1926 eis
3470 1871 3625 1928 assi-

201 1951 389 2031 ᾤχετο
421 1953 621 2018 ἐκεῖθεν
652 1954 742 2009 καὶ
782 1955 920 2030 πρὸς
966 1957 1065 2025 τὴν
1123 1955 1357 2030 Λάμπην
1407 1955 1649 2035 ἄφίκετο.
1699 1958 1866 2012 "Evilat

1976 1952 2194 2023 gnavit,
2222 1958 2276 2008 et
2306 1971 2509 2010 rursus
2543 1955 2897 2010 frumentum
2930 1960 3252 2028 caeteraque
3277 1957 3436 2013 mitia
3457 1957 3626 2030 legu-

205 2037 278 2109 δὴ
310 2041 650 2119 ἀπογραφεῖς
700 2042 995 2115 ἐπιστήσας
1044 2050 1153 2100 τῶν
1202 2044 1582 2120 αἰχμαλώτων
1634 2044 1761 2121 περί
1808 2065 1867 2101 τε

201 2137 309 2199 τῆς
340 2130 608 2207 παυρίδος
650 2132 873 2189 ’ἑκαστον
932 2134 1023 2189 καὶ
1078 2141 1178 2204 τῆς
1228 2134 1477 2207 κλήσεως
1523 2136 1862 2205 ἐπτνθάνετο,

203 2220 301 2275 καὶ
359 2221 506 2283 ὅστις
539 2222 567 2276 ὁ
599 2217 888 2278 συλλαϐὼν
951 2224 1224 2299 ἀνηρώτα,
1280 2223 1371 2279 καὶ
1412 2223 1461 2279 εἳ
1523 2245 1577 2279 τι
1627 2231 1728 2294 τῆς
1770 2223 1861 2279 οὐ·

204 2309 325 2372 σίας
383 2309 753 2382 ἀπολωλέκει,
802 2311 892 2366 καὶ
950 2312 993 2367 εἰ
1043 2318 1171 2373 παῖς
1200 2312 1237 2382 ἢ
1267 2313 1554 2389 θυγάτριον
1582 2309 1620 2383 ἤ
1653 2309 1864 2390 δι’λοχος

208 2398 318 2454 ὗπό
366 2420 463 2453 του
520 2400 625 2454 τῶν
684 2401 901 2475 Περσῶν
942 2397 1375 2476 ἀποκέκρυπται.
1438 2400 1542 2459 Καὶ
1598 2402 1858 2473 τοιαύτην

203 2483 419 2557 ἔκταξιν
492 2489 886 2562 ποιησάμενος,
962 2490 1132 2545 πάντα
1232 2488 1470 2553 ἀποδοὺς
1563 2492 1861 2565 Ῥωμαίοις

198 2577 465 2632 καὶκατᾶ
518 2576 663 2652 φῦλα
719 2578 808 2633 καὶ
866 2579 1182 2656 συγγενείας
1238 2580 1438 2641 πάντας
1496 2579 1855 2654 ἀπομερίσας,

194 2675 303 2737 τῆς
353 2666 441 2723 ἐπὶ
497 2671 565 2724 τὰ
630 2672 819 2746 πρόσω
877 2668 1080 2749 εἷ’χετο.
1153 2670 1671 2749 Συγκεκειραλαίωτο
1732 2670 1854 2743 δέἠ

193 2762 311 2813 τῶν
371 2755 910 2834 ἀνδραποδισθένυων
969 2759 1187 2831 πληθὺς
1240 2761 1316 2824 είς
1369 2759 1527 2816 πέντε
1596 2750 1858 2836 χιλιάδας

188 2847 521 2921 ἀνθρώπων.
571 2849 656 2903 Ἐν
708 2849 766 2904 δὲ
808 2854 876 2924 τῇ
926 2850 1198 2926 ἀπαγωγῇ
1254 2849 1423 2925 ταύτῃ
1480 2848 1719 2924 ἐμέλησε
1774 2855 1856 2923 τῷ

192 2932 462 3012 βαρϐάρῳ
511 2938 602 2992 καὶ
658 2936 807 3001 ὅπως
865 2944 974 2994 τῶν
1037 2944 1294 3014 ζωαρκῶν
1355 2939 1429 3012 μή
1491 2937 1852 3009 σπανίζωνται

190 3026 249 3081 οἳ
282 3025 663 3101 αἰχμάλωτοι,
698 3028 789 3082 καὶ
821 3033 968 3082 σῖτον
998 3027 1183 3089 αὐτοῖς
1216 3024 1436 3089 διαδοὺς
1475 3024 1604 3082 οὐδὲ
1644 3028 1707 3082 τὸ
1751 3033 1850 3097 τῆς

190 3112 347 3189 ὥρας
379 3118 557 3190 ψῦχος
616 3123 857 3192 παρῆκεν
916 3115 1204 3188 ἀνήκεστον
1276 3119 1403 3189 (48)·
1464 3116 1693 3172 πέλεκυν
1747 3115 1848 3191 γὰρ

189 3203 473 3282 ἐγχείριον
502 3200 649 3281 ἔχων
704 3205 796 3262 καὶ
847 3204 1162 3282 αὖτουργῶν
1221 3205 1273 3269 ἐς
1331 3203 1593 3281 σχίδακας
1644 3204 1844 3281 διῄρει,

185 3255 380 3372 ags:
399 3255 641 3363 2ιὲζῖ
664 3255 1609 3372 est“;;:;;.;t;;.,;;:s;;;;.
1648 3255 1845 3351 ’³Χᾶᾇᾶ
1887 3255 1929 3323 C

187 3384 286 3438 καὶ
363 3388 483 3448 τοῖς
556 3382 924 3460 συνδραμοῦσι
997 3385 1135 3452 πρὸς
1208 3386 1309 3453 τήν
1413 3387 1534 3448 θέαν
1623 3384 1852 3459 Ηέρσαις

189 3473 409 3544 ὁμοίως
446 3470 574 3547 δρᾷν
624 3474 926 3544 ὑπετίθετο,
979 3474 1344 3551 προσεπάγων
1402 3472 1515 3545 ἅμα
1571 3473 1662 3529 καὶ
1715 3474 1849 3529 ὑπο-

187 3557 423 3617 ϐάΛλων
449 3562 510 3617 τὸ
537 3569 637 3632 τῆς
668 3562 917 3639 ἐργασίας
961 3559 1138 3617 α’ίτιον
1207 3563 1295 3617 καὶ
1356 3562 1420 3616 τὸ
1469 3562 1606 3636 πρὸς
1650 3583 1703 3617 τι
1753 3561 1849 3617 εὕ-

187 3671 442 3730 χρηστον
475 3651 661 3714 αὐτοῖς
717 3650 1012 3729 ἐπιλέγωνο
1067 3651 1293 3726 Πέρσαις
1351 3650 1445 3724 μὶν
1488 3650 1593 3727 γὰρ
1653 3651 1849 3725 ἐξεῖναι

189 3738 283 3794 διὰ
316 3740 514 3804 παντὸς
554 3740 744 3813 ἐξιέναι
800 3743 897 3810 τῆς
952 3736 1312 3815 παρεμϐολῆς
1373 3741 1461 3796 καὶ
1510 3739 1851 3812 ξυλεύεσθαι,

184 3829 273 3885 δτι
306 3827 441 3903 μηδ’
477 3823 622 3885 ἔσται
674 3850 757 3891 τις
805 3830 991 3893 αὐτοῖς
1034 3831 1493 3906 προσιστάμενος,
1552 3830 1850 3902 Ῥωμαίοις

188 3916 250 3973 δὲ
281 3918 439 3992 οὐχὶ,
472 3917 907 3993 φυλαττομένοις
955 3920 1017 3974 τὸ
1064 3920 1140 3993 μή
1198 3915 1372 3975 δοκεῖν
1433 3916 1849 3993 ἀποδιδράσκειν

180 4008 380 4065 καὶτὰ
426 4008 485 4064 ἐκ
539 4008 697 4065 τοῦδε
756 4009 1106 4086 ὑφορωμένος
1164 4010 1239 4073 ὡς
1298 4008 1521 4088 φυγάσιν
1578 4010 1847 4066 ἐπικεισό-

190 4121 338 4173 μενα
412 4096 604 4172 δεσμά.
684 4092 834 4156 Ἐπεὶ
912 4097 969 4155 δὲ
1041 4100 1103 4155 τὸ
1145 4097 1484 4172 Φιλομίλιον
1521 4095 1844 4170 κατέλαϐεν,

180 4186 474 4244 ἐπαΰλεών
524 4208 583 4243 τε
643 4184 917 4261 μοτέδωκε
973 4187 1063 4242 καὶ
1119 4190 1220 4263 γῆς
1274 4185 1609 4260 ἐπεμέτρησε
1684 4186 1847 4261 μέρος

176 4279 327 4353 πρὸς
358 4276 602 4355 ἐργασίαν
652 4276 875 4351 ἀγαθῆς,
937 4275 1084 4331 σῖτόν
1142 4296 1200 4330 τε
1261 4274 1412 4336 αὖθις
1475 4271 1700 4330 διέδωκε
1751 4276 1843 4330 καὶ

177 4367 287 4424 ὅσα
317 4370 429 4422 τῶν
457 4367 678 4440 ἡμέρων
728 4369 949 4441 καρπῶν
1000 4364 1262 4440 σπόριμα.
1293 4364 1397 4421 Ναὶ
1447 4365 1554 4437 μὴν
1600 4363 1841 4422 ἐλπίδων

175 4459 450 4533 χρηστῶν
480 4454 766 4526 ἐνέπλησε,
824 4452 984 4516 τέλος
1034 4453 1200 4509 εἰπὼν
1245 4454 1319 4516 ὡς
1374 4454 1541 4508 αὐτοῦ
1598 4453 1688 4508 καὶ
1741 4455 1841 4529 βα-

175 4542 388 4604 σιλέως
447 4541 601 4606 αὖθις
658 4540 1035 4620 φιλιωθέντων
1088 4541 1179 4595 καὶ
1235 4540 1371 4616 πρὸς
1433 4540 1526 4601 τὰς
1575 4538 1839 4617 πρότερον

1976 2041 2138 2097 mina
2167 2042 2465 2099 distribuit
2492 2060 2505 2111 ;
2540 2048 2596 2098 et
2617 2060 2719 2116 spe
2742 2045 2895 2099 bona
2915 2044 3176 2115 impletis
3200 2046 3452 2118 denique
3477 2047 3627 2103 dixit

1973 2130 2347 2187 reconciliata
2406 2132 2555 2187 inter
2613 2147 2674 2187 se
2724 2136 2779 2187 et
2831 2132 3240 2203 imperatorem
3310 2134 3502 2207 gratia
3566 2140 3625 2191 et

1974 2222 2186 2278 fcedere
2218 2226 2488 2278 renovato
2518 2239 2579 2277 se
2619 2238 2718 2278 eos
2756 2223 3016 2294 gratuito
3063 2224 3445 2281 remissurum
3493 2240 3624 2282 esse

1971 2311 2121 2368 657
2156 2312 2419 2367 domum.
2451 2311 2554 2367 Sin
2584 2311 2744 2367 aliud
2777 2311 3085 2367 consilium
3118 2319 3350 2384 caperet
3371 2313 3621 2384 impera-

1969 2404 2079 2466 tor,
2112 2417 2211 2456 eos
2241 2401 2502 2472 quinque
2529 2399 2784 2471 integros
2814 2416 3001 2456 annos
3035 2401 3328 2458 immunes
3363 2403 3613 2471 futuros,

1970 2494 2130 2553 nullo
2187 2502 2469 2568 quaestore
2512 2497 2834 2569 quidquam
2887 2497 3287 2568 postulatum:
3339 2498 3616 2571 deinceps

1967 2601 2100 2643 vero
2133 2602 2193 2641 e
2225 2585 2525 2642 tolerabile
2549 2586 2836 2642 tributum
2870 2585 2954 2642 eis
2986 2587 3425 2658 impositurum,
3457 2587 3613 2658 quod

1968 2690 2106 2742 non,
2139 2679 2203 2729 ut
2234 2674 2385 2746 apud
2421 2673 2709 2730 Romanos
2733 2674 2910 2729 moris
2930 2675 3031 2745 sit,
3051 2675 3437 2732 constitutum
3453 2692 3614 2733 exce-

1967 2764 2065 2819 dat
2094 2780 2199 2819 nec
2239 2762 2680 2836 multiplicetur.
2713 2762 2815 2819 His
2864 2764 2948 2820 ita
2993 2764 3300 2834 ordinatis,
3351 2764 3612 2821 Iconium

1964 2852 2154 2909 rediit.
2192 2853 2265 2908 Ea
2290 2855 2485 2907 tamen
2514 2852 2775 2909 humana
2807 2853 3166 2910 denuntiatio
3201 2852 3491 2911 neminem
3517 2870 3617 2926 pa-

1963 2941 2086 2996 triae
2118 2940 2456 2996 meminisse
2479 2956 2650 3010 passa
2669 2944 2777 3006 est,
2807 2941 2907 2997 sed
2943 2940 3158 2998 multos
3180 2940 3359 2998 etiam
3383 2957 3417 2997 a
3440 2946 3615 2998 Persa

1961 3046 2077 3085 non
2121 3034 2320 3099 captos
2375 3027 2771 3085 Pbilomilium
2819 3030 3071 3097 attraxit,
3123 3046 3256 3085 cum
3306 3030 3615 3087 audissent

1960 3119 2253 3190 quomodo
2300 3119 2525 3191 cognati
2577 3123 2634 3174 ct
2682 3117 2991 3190 populares
3043 3134 3247 3174 eorum
3295 3135 3330 3174 a
3378 3118 3614 3176 sultano

1961 3213 2375 3265 tractarentur.
2408 3209 2501 3264 Sic
2542 3208 2614 3263 ab
2667 3212 2798 3265 ortu
2847 3208 3247 3264 Romanorum
3297 3209 3370 3265 ad
3411 3215 3615 3266 nostra

1960 3316 2147 3371 usque
2178 3307 2435 3372 tempora
2466 3316 2581 3355 non
2616 3300 2789 3354 modo
2821 3299 3009 3355 sancti
3041 3298 3379 3355 defecerunt
3409 3302 3466 3355 et
3513 3314 3614 3354 ve-

1960 3387 2099 3445 ritas
2129 3388 2443 3445 imminuta
2474 3392 2581 3457 est,
2634 3403 2841 3460 perum
2886 3388 3061 3444 etiam
3109 3388 3182 3444 ob
3232 3387 3611 3460 iniquitatem

1960 3476 2407 3549 multiplicatam
2439 3476 2696 3534 cbaritas
2735 3476 2907 3551 vulgo
2957 3477 3204 3546 refrixit,
3257 3480 3323 3532 ut
3370 3477 3609 3549 integra

1956 3566 2217 3622 civitates
2250 3566 2481 3632 Graecas,
2517 3566 2702 3637 patria
2730 3567 2943 3638 cupide
2975 3564 3199 3632 relicta,
3221 3565 3292 3621 ad
3316 3565 3611 3620 Barbaros

1955 3654 2015 3709 in
2049 3654 2309 3711 colonias
2342 3655 2614 3712 abierint.
2645 3654 2791 3711 Nam
2827 3654 3044 3711 crebra
3074 3652 3412 3725 tyrannides
3461 3650 3609 3707 sub-

1956 3742 2093 3799 ditis
2150 3744 2404 3800 sobriam
2462 3742 2690 3799 vivendi
2752 3743 3036 3799 rationem
3097 3745 3500 3807 extorserunt;
3552 3741 3612 3795 et

1956 3832 2217 3906 plerique
2252 3834 2654 3905 imperatores,
2689 3831 2917 3902 rapinis
2950 3829 3189 3894 assueti,
3214 3827 3362 3883 nihil
3385 3828 3442 3883 in
3467 3843 3608 3884 suos

1957 3920 2245 3977 moderati
2277 3921 2363 3976 vel
2396 3920 2731 3992 cogitarunt
2760 3918 2846 3974 vel
2906 3919 3186 3974 fecerunt.
3234 3916 3365 3972 Jam
3411 3915 3612 3972 videav

1956 4026 2087 4066 mus
2119 4009 2262 4081 quid
2293 4007 2609 4078 imperator
2637 4006 2903 4079 gesserit.
2953 4004 3354 4061 Andronicum
3388 4008 3608 4060 Ducam

1953 4096 2456 4154 adolescentulum
2519 4095 2714 4152 adhuc
2765 4095 2946 4150 mittit
2993 4093 3065 4148 ad
3131 4091 3351 4148 bellum
3419 4096 3607 4149 Persas

1952 4186 2345 4243 inferendum.
2383 4185 2435 4241 Is
2468 4202 2597 4239 cum
2632 4183 2756 4240 suis
2789 4183 2993 4239 Persas
3039 4198 3168 4238 sero
3212 4182 3447 4237 tandem
3497 4196 3604 4253 ag-

1950 4276 2229 4349 greditur,
2258 4279 2316 4329 et
2362 4278 2530 4329 noctu
2578 4280 2833 4343 pastores
2878 4277 2934 4328 et
2976 4275 3243 4328 armenta
3289 4269 3601 4340 cuiusdam

1948 4373 2173 4422 Americ
2205 4368 2442 4418 Arsanaa
2476 4363 2714 4417 adortus
2745 4360 2897 4418 058
2931 4378 3045 4416 non
3081 4358 3265 4415 multo
3317 4364 3450 4430 post
3504 4372 3603 4414 re-

1948 4454 2140 4510 cessit.
2176 4454 2286 4509 Sed
2319 4456 2375 4508 et
2408 4451 2533 4523 ipse
2563 4450 2878 4520 imperator
2925 4450 2998 4505 ab
3048 4446 3294 4504 amaanis
3342 4447 3606 4520 Propon-

1946 4543 2084 4600 tidis
2110 4540 2252 4598 locis
2297 4556 2448 4613 aegre
2499 4544 2781 4611 tanquam
2834 4555 2865 4593 a
2918 4538 3035 4594 loto
3081 4540 3184 4593 aut
3229 4540 3405 4593 cantu
3461 4536 3606 4593 sire-

174 4629 428 4696 σπονδᾶς
496 4628 800 4687 ἀπιδόντων
886 4636 1088 4706 προῖκα
1142 4629 1233 4685 καὶ
1290 4627 1443 4685 αὐτοέ
1494 4630 1595 4698 τὴν
1657 4628 1841 4686 οἷ’καδε

1963 4649 2089 4688 sum
2123 4629 2385 4699 avulsus,
2442 4628 2688 4686 Nicaeam
2740 4631 2797 4684 et
2846 4627 3092 4683 Prusam
3143 4633 3231 4682 est
3287 4625 3605 4698 profectus,

171 4719 456 4778 ἐπάνοδον
488 4718 711 4793 ἔξουσιψ
767 4720 816 4777 εἴ
873 4718 931 4775 δέ
982 4742 1040 4776 τι
1090 4716 1276 4795 ἕτερον
1350 4715 1840 4793 μεταϐουλεύσεται

171 4810 468 4887 βασιλεὺς,
499 4810 587 4866 ἐπὶ
634 4810 790 4867 πέντε
848 4808 1003 4871 ὅλοις
1056 4808 1330 4871 ἐνιαυτοῖς
1388 4808 1843 4888 ἆδασμολόγητοι

168 4899 559 4968 καθεδοῦνται,
617 4896 816 4973 μηδένα
897 4900 988 4954 τὸν
1078 4899 1366 4953 ὁποιονοῦν
1436 4897 1691 4972 ἀπόδομα
1742 4900 1843 4954 εἰσ-

164 4991 486 5064 πράττοντα
542 4986 787 5065 ἔχοντες,
831 4988 1116 5062 μετέπειτα
1187 4984 1246 5041 δὲ
1293 4982 1727 5044 καταϐαλοῦνται
1780 4987 1840 5044 ὅν

162 5081 337 5143 αὐτὸς
369 5079 650 5157 ἀνεπαχθῆ
704 5076 1016 5149 διατάξαιτο
1060 5077 1213 5152 σφίσι
1273 5076 1463 5155 φόρον,
1514 5076 1622 5152 οὐχ
1675 5076 1842 5152 ὑπερ-

160 5166 431 5225 ϐαίνοντα
494 5168 584 5222 τὸν
658 5167 806 5241 ὃρον,
882 5166 957 5227 ὡς
1033 5164 1263 5230 εἷ’θεσται
1335 5165 1631 5238 Ῥωμαίοις
1714 5164 1842 5222 οὐδὲ

154 5258 309 5334 πρὸς
380 5258 443 5313 τὸ
509 5256 928 5313 πολλαπλάσιον
994 5255 1426 5333 κορυφοῦμενον.
1499 5256 1593 5309 Καὶ
1640 5256 1667 5310 ὁ
1743 5257 1840 5330 μὶν

150 5352 336 5404 ταῦτα
395 5348 541 5402 οὕτω
597 5344 935 5421 διατεταχὼς
999 5344 1234 5415 ἐπανῆκε
1290 5344 1426 5420 πρὸς
1465 5343 1528 5400 τὸ
1582 5343 1838 5404 Ἰκόνιον.

1951 4738 2065 4778 non
2092 4729 2153 4776 ut
2174 4720 2382 4775 Persas
2407 4717 2811 4784 ulcisceretur,
2827 4716 2930 4773 sed
2954 4733 3023 4772 ne
3043 4731 3109 4772 ex
3133 4714 3317 4771 Batbo
3333 4713 3605 4787 digressi,

1952 4812 2050 4868 ubi
2085 4827 2334 4882 magnus
2365 4825 2568 4865 eorum
2608 4823 2889 4864 numerus
2912 4805 3119 4863 stativa
3140 4805 3411 4885 habebat,
3431 4805 3606 4861 urbes

1950 4904 2008 4957 et
2037 4916 2211 4972 agros
2244 4899 2532 4954 finitimos
2568 4895 3007 4969 popularentur.
3040 4896 3153 4951 Nec
3179 4893 3436 4965 amplius
3485 4908 3603 4949 uno

1954 5005 2156 5044 mense
2212 4987 2291 5042 ibi
2347 4990 2570 5054 exacto,
2631 4984 2975 5056 Byzantium
3048 4982 3239 5038 rediit.
3289 4980 3607 5037 Inchoante

1950 5093 2084 5133 vere
2141 5078 2332 5132 denuo
2387 5092 2516 5131 cum
2580 5089 2818 5129 summa
2878 5072 3245 5127 festinatione
3311 5072 3604 5139 coguntur

1953 5169 2260 5224 exercitus.
2296 5165 2505 5221 Milites
2548 5164 2705 5218 enim
2754 5162 3154 5232 frequentibus
3202 5159 3405 5214 eodem
3457 5172 3612 5212 anno

1953 5254 2426 5328 expeditionibus
2460 5250 2686 5323 fatigati
2718 5267 2787 5305 ea
2819 5249 3086 5304 molestia
3128 5263 3324 5302 carere
3369 5249 3427 5300 et
3474 5245 3611 5301 diu-

1954 5345 2074 5402 tius
2107 5342 2263 5399 domi
2301 5357 2530 5397 manere
2561 5338 2896 5411 cupiebant.
2930 5336 3300 5393 Concurrunt
3330 5334 3512 5407 igitur
3541 5337 3607 5389 ut

1577 5491 1745 5553 Hier.
1778 5490 1993 5554 Wolﬂi
2018 5494 2210 5551 notae.

236 5630 355 5703 (48)
374 5628 542 5703 AAlter
569 5630 648 5703 ait
674 5628 983 5703 Sultanqum
1015 5627 1237 5703 Turcos
1267 5642 1374 5683 suo
1422 5622 1686 5703 exemplo
1735 5625 1808 5681 ad

151 5696 460 5773 juvandos
491 5701 746 5775 captivos
774 5699 1073 5767 incitasse,
1103 5698 1251 5755 alter
1275 5714 1411 5756 eum
1444 5696 1691 5770 captivis
1718 5712 1809 5753 se-

494 5820 762 5883 PATROL.
810 5818 922 5881 Gn.
970 5816 1285 5881 CXXXIX.

1919 5638 2089 5680 cures
2145 5618 2377 5676 dedisse
2427 5617 2497 5673 ad
2528 5615 2690 5689 ligna
2720 5615 3017 5686 credenda,
3048 5619 3105 5673 et
3137 5614 3359 5673 Turcos
3414 5633 3483 5675 ea
3536 5633 3599 5677 re

1924 5694 2127 5769 probib
2137 5691 2315 5748 uisse.

3202 5806 3284 5871 28
