4116 6206
444 341 566 403 875
1774 336 2086 398 NICETxE
2135 335 2550 398 CHONlATxE
3743 339 3882 402 876

453 475 608 533 ultra
637 473 991 537 dimicaturi,
1024 480 1074 528 el
1117 475 1218 529 aut
1264 470 1598 544 superaturi
1658 460 1943 527 Barbaros
1994 475 2094 524 aut

2220 469 2271 522 τὸ
2331 465 2390 524 δὲ
2445 467 2842 548 φιλάνθρωπον
2896 473 3060 525 τοῦτο
3118 465 3433 546 διάγγελμά
3488 468 3693 526 οὐδένα
3764 476 3896 526 τῶν

447 583 555 638 pro
605 565 796 638 patria
853 561 1200 620 occubituri.
1261 565 1347 618 lta
1389 559 1565 634 copiae
1614 559 1880 633 Cypsella
1927 563 1991 614 ut
2036 559 2098 614 in

2220 555 2588 633 ιῖχμαλώτων
2643 555 2906 632 πατρίδος
2951 558 3126 636 ἀφῆκε
3186 560 3514 631 μνήσασθαι,
3573 557 3726 616 ἀλλὰ
3781 559 3892 614 καὶ

452 672 570 712 una
599 661 790 712 castra
818 655 1235 710 convenerunt.

2220 648 2342 720 πρὸς
2373 645 2618 709 πολλοὺς
2659 645 2854 702 ὁπόσοι
2883 648 3020 722 πρὸς
3052 652 3270 722 Περσῶν
3311 646 3415 724 ούγ
3447 647 3698 704 ἑάλωσαν
3723 647 3780 710 ἐς
3817 649 3894 704 τὸ

451 739 797 814 Φιμομίλιον
824 739 1202 818 ἐφειλκύσατο,
1234 737 1538 809 ἀκηκοότας
1569 738 1669 792 ὅσα
1715 740 1832 798 τοῖς
1875 736 2002 790 καθ’
2049 736 2192 808 αἷμα
2248 734 2338 789 καὶ
2371 735 2706 809 πατριώταις
2735 735 2764 789 ὁ
2797 736 3007 808 Πέρσης
3069 733 3376 809 εἷ’ργάσατο.
3425 735 3616 798 Οὕτως
3663 735 3728 792 ἐκ
3771 743 3895 806 τῆς

447 835 556 886 τῶν
589 829 667 894 είς
697 831 847 902 ⁹ἡμᾶς
873 827 1160 902 Ῥωμαίων
1192 831 1370 903 γενεᾶς
1400 826 1510 901 οὐχ
1538 827 1688 887 ὅπως
1720 822 2042 880 ἐκλέλοιπεν
2073 825 2242 894 ὅσιος,
2275 823 2366 878 καὶ
2396 823 2760 900 ὦλιγώθησαν
2793 825 2849 878 αἱ
2879 825 3133 894 ἀλήθεαι,
3167 822 3314 880 ἀλλᾶ
3342 824 3431 879 καὶ
3463 822 3551 880 διὰ
3602 825 3668 880 τὸ
3717 825 3895 895 πλη-

450 921 705 990 θυνθῆναι
733 919 834 988 τήν
866 918 1096 990 ἀνομίαν
1129 915 1382 991 ἀπεψύγη
1417 920 1526 971 τῶν
1556 913 1784 970 πολλῶν
1818 916 1854 984 ἢ
1887 913 2186 988 ἀγάπησις,
2221 911 2298 974 ὡς
2327 913 2426 980 τὴν
2454 913 2604 983 παρὰ
2635 907 2932 988 βαρϐάροις
2963 911 3216 967 ἀποικίαν
3265 908 3456 976 πόλεις
3481 911 3618 978 ὅλας
3665 912 3896 986 Ἐλλη-

445 1006 597 1073 νίδας
626 1007 840 1064 ἑλέσθαι
868 1006 959 1062 καὶ
987 1013 1088 1076 τῆς
1119 1003 1378 1080 πατρίδος
1411 1003 1655 1079 ἀσμένως
1686 1000 2048 1072 ἀλλάξασθαι’
2087 1002 2142 1056 αἱ
2171 1000 2276 1078 γὰρ
2319 1001 2512 1076 συχναὶ
2561 999 2869 1076 τυραννίδες
2915 1002 3040 1057 τότε
3088 1001 3173 1056 ὑπ’
3221 999 3400 1078 ἀρχὴν
3441 1005 3541 1068 τῆς
3591 1004 3896 1080 σώφρονος

451 1096 663 1170 διαίτης
719 1093 1061 1172 έξέκρουσαν,
1113 1096 1206 1150 καὶ
1261 1099 1384 1157 ταῖς
1447 1095 1717 1169 ἁρπαγαῖς
1767 1096 1874 1146 τῶν
1953 1089 2294 1166 κρατούντων
2387 1090 2440 1144 οἱ
2523 1089 2751 1153 πλείους
2825 1090 3290 1167 έγγομνασάμενοι
3370 1087 3523 1147 οὐδέν
3601 1112 3658 1146 τι
3731 1095 3892 1166 πρὸς

446 1187 575 1250 τοὺς
629 1185 946 1263 ὁμοφύλους
995 1184 1210 1260 μέτριον
1243 1182 1486 1239 ἐνενόουν
1546 1182 1638 1238 καὶ
1697 1178 2103 1256 διεπράττοντοο
2157 1176 2286 1235 ἄλλ’
2334 1181 2427 1234 οἷα
2473 1178 2566 1234 καὶ
2613 1179 2683 1234 τὰ
2738 1181 2826 1253 [Ρ.
2886 1183 3011 1254 321]
3072 1180 3220 1255 παρᾶ
3279 1179 3550 1256 βασιλέως
3606 1179 3749 1257 πρδς
3815 1182 3896 1236 τᾶ.

451 1276 654 1333 οὑτωσὶ
709 1270 989 1348 συμϐάντα
1048 1271 1384 1346 διῳκημένα.
1449 1271 1678 1328 Στέλλει
1731 1271 1825 1327 τὸν
1886 1273 2090 1325 Δοῦκαν
2145 1266 2491 1342 Ἀνδρόνικον
2561 1268 2768 1324 νεανίαν
2851 1270 3084 1342 πρώτως
3173 1271 3459 1341 ὑπηνήτην
3535 1276 3618 1343 τῷ
3691 1270 3898 1347 Πέρσῃ

452 1363 1005 1439 συμπλακησόμενον.
1040 1367 1096 1416 '0
1128 1359 1185 1418 δὲ
1225 1363 1339 1435 μεθ’
1398 1360 1472 1416 ὧν
1531 1361 1883 1437 ἡγεμόνευεν,
1943 1359 2044 1432 ὀψὶ
2105 1363 2344 1414 ποιεῖται
2399 1359 2498 1427 τήν
2550 1360 2687 1413 κατά
2740 1363 2850 1414 τῶν
2905 1357 3160 1434 Τούρκων
3219 1354 3436 1438 ἔφοδον.
3498 1359 3725 1434 Ἀμέλει
3782 1361 3889 1416 καὶ

451 1457 646 1517 νυκτὸς
678 1453 992 1528 έπιθέμενος
1023 1454 1338 1528 ποιμνίταις
1365 1453 1452 1507 καὶ
1509 1449 1824 1528 βουκολίοις
1883 1451 2074 1524 ἄμηρᾶ
2127 1468 2275 1510 τινος
2335 1451 2570 1523 Ἀρσανῆ
2632 1452 2746 1523 μετ’
2803 1448 2864 1504 οὗ
2919 1447 3064 1504 πολὺ
3123 1449 3495 1524 ἐπανέςεςξεν.
3543 1449 3730 1508 Ἀλλὰ
3785 1453 3891 1506 καὶ

462 1545 718 1620 βασιΛεὺς
776 1543 936 1606 αὐτὸς
993 1543 1068 1598 ὡς
1125 1541 1231 1598 ἀπὸ
1289 1541 1469 1596 λωτοῦ
1522 1541 1612 1596 καὶ
1667 1541 1945 1615 Σειρήνων
2005 1543 2113 1593 τῶν
2165 1543 2445 1616 τρυφερῶν
2502 1538 2726 1614 χωρίων
2781 1546 2882 1610 τῆς
2945 1537 3320 1614 Προποντίδος
3392 1539 3555 1614 μόλις
3607 1541 3888 1597 ἀποσπα-

459 1635 604 1699 σθεὶς
660 1634 798 1689 κατᾶ
855 1637 1076 1688 Νίκαιαν
1142 1633 1232 1687 καὶ
1290 1634 1532 1705 Προῦσαν
1591 1628 1833 1707 ἂφίκετο,
1892 1627 1990 1684 οὐκ
2041 1627 2448 1702 ἂντιμετρήσων
2504 1627 2539 1697 ἤ
2599 1627 3000 1684 ἀνταποδώσων
3055 1634 3174 1693 τοῖς
3253 1631 3483 1704 Πέρσαις
3543 1630 3575 1686 ὅ
3631 1631 3889 1708 έμέτρη⁹

460 1744 556 1778 σαν
621 1722 714 1778 καὶ
769 1719 1150 1776 ἀνταπέδωκαν
1207 1723 1344 1792 ἡμῖν
1401 1717 1772 1792 ἀνταπόδομα,
1833 1715 1958 1772 ἀλλ’
2021 1715 2118 1772 Ἱνα
2171 1718 2246 1788 μὴ
2304 1718 2399 1774 τὰς
2456 1715 2625 1772 ἐκεῖσε
2688 1717 2881 1782 πόλεις
2935 1717 3025 1773 καί
3080 1719 3276 1795 χώρας
3327 1723 3509 1781 κακῶς
3576 1717 3890 1776 διάθωνται

455 1817 564 1868 τῶν
623 1815 722 1868 τοῦ
778 1810 980 1872 Βάθους
1035 1808 1410 1880 ἐξαναστάντες
1468 1812 1669 1882 μερῶν,
1730 1807 1783 1862 έν
1841 1808 1926 1868 οἷς
1965 1805 2026 1860 ού
2083 1807 2295 1881 μέτριοι
2375 1805 2499 1860 τότε
2584 1805 2900 1877 ηὐλίζοντο.
2982 1805 3135 1876 Πλὴν
3212 1807 3302 1863 καὶ
3393 1809 3650 1883 βασιλεὺς
3730 1815 3894 1884 μῆνα

453 1903 572 1962 τοῖς
629 1897 801 1954 ἐκεῖσε
851 1895 941 1953 ἕνα
1006 1895 1436 1972 προσδιατρίψας
1523 1897 1685 1968 ὀξέως
1762 1894 2030 1951 ἐπάνεισιν
2114 1894 2189 1956 εἰς
2271 1894 2579 1964 Βυζάντιον.
2668 1895 3076 1958 Ἀνατείλαντος
3136 1893 3183 1951 δ’
3242 1894 3400 1972 ἔαρος
3459 1899 3714 1976 γίνονται
3773 1901 3894 1956 πάρ

462 1987 551 2045 λιν
608 1984 904 2062 συνδρομαὶ
959 1991 1068 2043 τῶν
1127 1987 1545 2061 στρατευμάτων
1599 1985 1690 2040 καὶ
1748 1981 2014 2060 συλλογαί
2071 1983 2186 2058 μεθ’
2244 1982 2376 2052 ὅσης
2435 1983 2534 2038 οὐκ
2593 1981 2719 2058 εἷ’πῃ
2769 2005 2851 2047 τις
2910 1981 2972 2039 ἄν
3029 1985 3212 2062 ὁρμῆς
3285 1985 3377 2041 καὶ
3459 1990 3892 2059 συντονωτάτης

461 2077 791 2150 έπειγωλῆς’
847 2077 966 2131 ἓπεὶ
1049 2077 1139 2130 καὶ
1221 2081 1340 2136 ταῖς
1413 2073 1688 2136 πολλάκις
1767 2077 1865 2129 τοῦ
1947 2067 2100 2136 ἔτους
2183 2069 2432 2136 συνόδοις
2514 2073 2604 2128 καὶ
2680 2079 2800 2136 ταῖς
2877 2081 3103 2151 συχναῖς
3189 2077 3497 2146 συντάξεσιν
3567 2079 3596 2133 ὁ
3654 2079 3895 2154 στρατὸς

459 2166 878 2229 ἆποκναίσαντες
929 2165 1120 2236 στῆναί
1177 2187 1234 2220 τε
1287 2170 1398 2220 τῶν
1455 2163 1792 2234 ἐπαλλήλων
1847 2159 2211 2218 συνελεύσεων
2262 2161 2413 2236 ἢρῶν
2475 2163 2564 2216 καὶ
2638 2169 2738 2232 τῆς
2824 2161 2969 2220 οἷ’κοι
3053 2159 3333 2236 ἀναϐολῆς
3400 2165 3737 2246 ὲγλίχοντο.
3796 2169 3897 2230 Ὠς

461 2254 594 2328 ὑπὲρ
627 2252 787 2330 ἰσχὺν
815 2253 994 2309 τοίνυν
1059 2254 1454 2330 ἀγωνιούμενοι
1513 2252 1902 2329 συνελέγησαν,
1959 2249 2134 2320 καὶυῆ
2189 2251 2468 2324 κρείττους
2520 2255 2629 2307 τῶν
2683 2250 3019 2330 ἀλλοφύλων
3074 2252 3338 2328 ἐσόμενοι
3389 2252 3426 2324 ἤ
3489 2257 3605 2328 μετ’
3635 2255 3901 2319 εὐκλείας

459 2343 590 2416 ὑπὲρ
631 2348 740 2398 τῶν
771 2341 1045 2418 πατρίδων
1094 2342 1548 2416 ἀποθανούμενοι.
1611 2341 1708 2397 Καὶ
1771 2341 1912 2396 οὕτω
1975 2343 2071 2413 μέν
2129 2341 2182 2395 αἱ
2240 2336 2498 2413 δυνάμεις
2540 2341 2614 2403 ὡς
2649 2340 2726 2406 εἷς
2764 2338 2820 2396 ἓν
2889 2341 3255 2420 στρατόπεδον
3316 2344 3384 2400 τὰ
3438 2343 3710 2420 Κύψελλα
3766 2367 3901 2402 συνο

469 2433 816 2510 ηθροίζοντο.

531 2527 586 2581 5.
622 2531 818 2582 Ausus
848 2529 938 2582 est
971 2526 1292 2599 imperator
1323 2542 1431 2582 sua
1461 2530 1668 2599 sponte
1703 2524 1760 2580 id
1793 2523 1951 2596 quod
1987 2523 2110 2594 jam
2143 2540 2189 2605 Β

473 2615 688 2671 dicam.
722 2615 917 2671 Morbo
950 2615 1249 2672 articulari
1291 2631 1393 2687 per
1423 2619 1581 2670 certa
1610 2612 1914 2670 intervalla
1945 2611 2115 2668 labo-

471 2703 658 2771 rabat,
699 2709 755 2760 et
811 2703 1008 2760 dolore
1067 2705 1282 2776 pedum
1340 2704 1399 2758 in
1463 2702 1669 2775 primis
1726 2701 2116 2774 afﬂigebatur,

471 2794 670 2866 pejore
699 2793 946 2849 materia
974 2808 1041 2850 eo
1071 2791 1376 2850 delabente
1408 2799 1464 2849 et
1492 2792 1786 2848 cruciatus
1833 2789 2116 2846 intolera—

467 2882 616 2940 biles
645 2883 799 2941 059
831 2881 1138 2951 excitante,
1168 2881 1267 2954 qui
1295 2889 1348 2936 el
1395 2885 1618 2937 motum
1669 2879 2009 2936 adimebant
2063 2883 2120 2934 et

469 2989 635 3030 aures
665 2972 854 3027 febres
886 2970 1354 3026 inﬂammabant.
1387 2969 1646 3034 Quadam
1685 2983 1822 3040 ergo
1853 2967 1946 3023 die
1978 2965 2118 3022 fori-

471 3061 580 3116 bus
607 3058 862 3116 cubiculi
895 3057 1114 3114 clausis
1145 3074 1422 3114 arcanum
1456 3057 1677 3112 nemini
1728 3062 2114 3128 praeterquam

459 3147 843 3206 cubiculariis
862 3147 1102 3215 indicat;
1115 3151 1172 3204 et
1189 3146 1556 3203 ferramentis
1569 3144 1958 3202 candentibus
1980 3145 2037 3200 in
2055 3145 2118 3200 ti-

459 3235 584 3293 bias
601 3236 888 3308 profunde
909 3234 1212 3308 impressis
1225 3233 1508 3308 principio
1525 3234 1752 3292 dolores
1767 3233 1962 3289 animo
1981 3233 2078 3305 pbi
2091 3265 2114 3276 -

461 3325 764 3398 losophico
783 3325 998 3397 perfert
1019 3329 1078 3381 et
1099 3324 1536 3381 contumeliosis
1554 3323 1724 3380 dictis
1749 3321 2007 3380 medicos
2033 3339 2116 3380 re-

459 3413 685 3486 pudiat,
721 3414 875 3486 quod
907 3413 966 3470 in
998 3413 1139 3470 solis
1161 3413 1606 3488 purgationibus
1629 3412 1843 3469 versari
1868 3411 2107 3468 didicis-

460 3507 810 3575 sent,neque
825 3502 1148 3575 quidquam
1169 3502 1410 3559 remedii
1426 3502 1578 3558 ultra
1595 3501 2000 3558 evacuationes
2014 3502 2110 3558 ad-

459 3591 662 3648 hibere
690 3591 942 3649 scirent."
961 3591 1172 3648 Deinde
1189 3606 1324 3646 vero
1347 3591 1676 3646 ustionibus
1701 3592 1754 3646 in
1766 3589 2104 3659 flammatis,

461 3689 518 3738 et
547 3679 870 3754 majoribus
900 3679 1200 3736 doloribus
1231 3680 1584 3748 subsecutis,
1619 3678 1826 3735 medici
1854 3695 1968 3735 non
1991 3679 2107 3735 sin-

457 3769 728 3843 gulatim,
761 3770 862 3826 sed
891 3786 1097 3827 omnes
1127 3769 1306 3826 simul
1333 3769 1630 3828 convocati
1653 3775 1813 3839 sunt,
1837 3769 2104 3840 cognatis

457 3861 586 3932 ejus
618 3859 1016 3916 metuentibus
1046 3877 1117 3915 ne
1143 3860 1424 3918 decursus
1455 3859 1770 3915 humerum
1811 3859 1884 3915 ad
1933 3874 2104 3914 crura

459 3947 781 4017 impeditus
811 3948 1114 4020 principali
1145 3948 1341 4021 aliquo
1367 3948 1628 4004 membro
1651 3947 1877 4004 insesso
1905 3963 2104 4004 necem

455 4039 542 4096 illi
574 4039 770 4097 subito
793 4039 1051 4105 inferret,
1075 4042 1132 4095 et
1157 4037 1468 4110 imperium
1497 4037 2104 4110 printer-exspectatio-

457 4144 592 4185 nem
625 4129 697 4186 ad
730 4129 908 4184 alium
941 4129 1380 4185 transferretur.
1413 4129 1494 4185 Ac
1528 4127 1742 4184 medici
1789 4127 2107 4199 pharmace

453 4216 505 4274 ei
581 4218 838 4291 praebere
913 4219 1312 4287 decreverunt,
1395 4221 1460 4272 ut
1533 4218 1849 4273 commotio
1927 4215 2106 4274 simul

451 4311 508 4364 et
563 4307 951 4364 redundantia
1009 4307 1324 4363 humerum
1395 4305 1798 4378 egestionibus
1868 4307 2102 4362 sistere-

453 4399 568 4452 tur.
629 4397 832 4466 Itaque
891 4395 1322 4451 medicamenta
1381 4391 1629 4465 singulis
1698 4393 1816 4450 fere
1893 4393 2104 4449 diebus

453 4483 956 4555 temperabantur,
1013 4498 1200 4554 neque
1257 4499 1398 4538 sane
1470 4483 1685 4538 frustra
1762 4485 1948 4538 erant.
2028 4483 2107 4538 At

455 4570 790 4643 imperatrix
847 4570 1248 4642 Euphrosyne,
1309 4586 1664 4642 quamquam
1736 4571 1808 4626 de
1883 4570 2104 4626 valetu-

458 4657 594 4714 dine
625 4657 816 4714 mariti
849 4664 914 4712 ut
944 4674 1048 4728 par
1077 4663 1201 4713 erat
1230 4658 1385 4713 660
1417 4657 1684 4727 sollicita,
1724 4662 1916 4714 tamen
1969 4675 2104 4714 cum

458 4746 531 4802 iis
561 4747 778 4818 quibus
809 4763 1022 4802 arcana
1053 4763 1160 4802 sua
1211 4746 1610 4802 committebat
1652 4746 1723 4801 de
1770 4755 2104 4804 successore

2293 2521 2348 2575 ε’.
2381 2520 2439 2574 Ὀ
2481 2517 2537 2576 δὲ
2591 2521 2849 2598 βασιλεὺς
2904 2522 3337 2600 αὐτογνωμονῶν
3401 2525 3706 2603 ἀποθαῤῥεῖ
3758 2529 3898 2604 ὅπερ

2229 2609 2258 2663 ὁ
2289 2606 2458 2686 λόγος
2487 2609 2656 2680 λέξων
2683 2610 2923 2688 ἔρχεται.
2957 2614 3204 2688 Ἔπασχε
3229 2615 3294 2670 τὰ
3325 2611 3496 2690 ἄρθρα
3533 2619 3632 2672 τοῦ
3689 2618 3900 2692 σώμα-

2227 2719 2322 2760 τος
2351 2699 2486 2754 κατὰ
2535 2698 2734 2757 κύκλον
2777 2701 2942 2758 οἱονεὶ
2999 2703 3090 2758 καὶ
3137 2702 3392 2779 περίοδον
3451 2707 3586 2781 (49),
3642 2708 3780 2768 τοὺς
3839 2704 3898 2762 δὲ

2225 2783 2395 2849 πόδας
2444 2787 2816 2874 γαὶνμάλιστα
2871 2789 3011 2863 ὕλης
3070 2790 3477 2865 έθσκηπτούσης
3529 2795 3899 2874 μοχθηροτέ-

2227 2894 2322 2950 ρας
2366 2875 2455 2930 καὶ
2515 2873 2705 2941 ὀδύνας
2763 2875 3153 2944 δυσυποίστους
3211 2873 3647 2956 ἀποτικτούσης,
3703 2883 3757 2959 ἐξ
3818 2886 3896 2941 ὧν

2227 2965 2501 3035 ἀκινησίαι
2566 2987 2626 3022 τε
2687 2972 3101 3046 προσεπήγοντο
3165 2975 3264 3026 τοῦ
3329 2973 3534 3035 πάθους
3616 2971 3899 3051 φλεγμαί·

2223 3075 2412 3116 νοντος
2442 3055 2532 3110 καὶ
2565 3052 2763 3132 λάϐροι
2793 3060 3014 3130 πυρετοὶ
3065 3059 3340 3124 πολλάκις
3389 3059 3682 3137 ἐπήγιζον.
3738 3065 3897 3122 Κατὰ

2220 3163 2341 3198 τινα
2371 3144 2462 3198 οὗν
2517 3147 2727 3222 ἡμέραν
2767 3148 2864 3211 τὰς
2916 3149 3078 3224 θύρας
3135 3153 3232 3206 τοῦ
3289 3155 3554 3215 κοιτῶνος
3613 3151 3894 3230 ἐπιςυγώ-

2223 3253 2340 3302 σας,
2390 3231 2550 3307 ἄλλῳ
2604 3237 2700 3308 μὶν
2747 3235 2944 3308 οὐδενὶ,
2982 3243 3100 3302 τοῖς
3159 3235 3214 3294 δὲ
3269 3240 3588 3315 προκοίτοις
3643 3242 3892 3322 ἐκφήνας

2219 3321 2282 3375 τὸ
2322 3319 2658 3398 ἀπόῤῥητον,
2717 3322 2939 3400 σιδήρια
2981 3327 3400 3404 πυρακτωθέντα
3454 3335 3576 3392 τοῖς
3633 3319 3890 3388 σκέλεσιν

2221 3407 2518 3482 ἒπιτίθησι,
2549 3413 2642 3468 καὶ
2685 3413 2761 3468 είς
2819 3414 2985 3490 βάθος
3030 3417 3123 3471 τὸν
3167 3424 3413 3494 καυτῆρα
3474 3419 3770 3498 ἐπαγαγὼν
3825 3423 3892 3477 τὰ

2224 3499 2318 3572 μὲν
2349 3501 2538 3574 πρῶτα
2565 3501 2909 3581 φιλοσοφῶν,
2954 3505 3048 3568 τὰς
3100 3504 3292 3571 ὀδύνας
3335 3509 3473 3584 πρὸς
3518 3510 3618 3572 τὰς
3668 3513 3892 3575 καύσεις

2218 3592 2325 3643 τῶν
2354 3586 2540 3644 ποδῶν
2583 3591 2925 3668 ἀπεμάχετο,
2963 3595 3080 3669 μεθ’
3131 3591 3339 3672 ὕϐρεών
3383 3619 3442 3654 τε
3489 3601 3618 3662 τοὺς
3667 3602 3890 3675 ἰατροὺς

2221 3676 2595 3751 ἀπεπέμπετο,
2637 3681 2762 3756 περί
2818 3683 2958 3754 μόνα
3004 3683 3072 3740 τὰ
3118 3686 3386 3762 καθάρσια
3437 3689 3668 3751 τούτους
3712 3688 3891 3766 λέγων

2217 3765 2298 3821 ἀεὶ
2349 3767 2662 3847 στρέφεσθαι
2715 3769 2808 3825 καὶ
2866 3769 3034 3845 μηδέν
3092 3795 3146 3829 τι
3200 3773 3372 3830 πλέον
3408 3781 3519 3832 τῶν
3560 3765 3884 3851 κενωσίμων

2219 3852 2435 3927 εἰδέναι,
2492 3856 2583 3911 καὶ
2645 3859 2885 3931 μετιέναι
2944 3866 3062 3922 τοῖς
3120 3864 3427 3938 κάμνουσιν
3480 3866 3634 3941 ἳαμα.
3693 3869 3773 3924 Τὰ
3828 3866 3884 3923 δ’

2223 3941 2412 4015 ἐφεξῆς
2473 3943 2779 4020 φλεγμοναὶ
2836 3952 2942 4004 τῶν
3003 3957 3315 4027 καυτηριῶν
3374 3955 3466 4010 καὶ
3523 3953 3882 4030 περιωδυνίαι

2213 4036 2320 4088 τῶν
2373 4035 2564 4109 πρώην
2623 4031 2964 4112 δριμύτεραι.
3024 4040 3220 4117 Ἰατροῖ
3279 4041 3370 4098 ἐπὶ
3422 4044 3646 4108 τούτοις
3702 4046 3877 4102 εἶσκε-

2212 4118 2482 4194 κλημένοι
2515 4122 2616 4198 οὐχ
2659 4124 2687 4178 ὁ
2740 4125 2834 4198 μὲν
2885 4126 2913 4180 ὁ
2963 4124 3008 4182 δ’
3061 4127 3145 4198 οὕ,
3200 4130 3346 4187 ἀλλὰ
3397 4135 3595 4196 πάντες
3653 4140 3872 4199 κοινῶς.

2215 4212 2357 4286 ΙΙρὸς
2388 4208 2446 4266 δὲ
2488 4211 2704 4276 τούτοις
2750 4214 2840 4269 καὶ
2898 4213 3018 4282 δέος
3079 4219 3414 4297 ὑποθρᾶττον
3465 4225 3528 4280 τὸ
3579 4225 3743 4298 αἷμα,
3794 4227 3871 4300 μὴ

2213 4321 2331 4390 πως
2387 4301 2448 4355 τὸ
2507 4309 2608 4390 τῆς
2665 4300 2804 4374 ὕλης
2864 4307 3272 4381 μεθιστάμενον,
3339 4318 3442 4381 τῆς
3532 4314 3660 4390 περί
3747 4315 3880 4379 τοὺς

2211 4387 2383 4480 πόδας
2439 4387 2676 4454 καθόδου
2735 4392 3021 4465 ἀνακοπὲν,
3082 4397 3159 4458 εἰς
3217 4419 3270 4453 τι
3332 4399 3548 4476 καίριον
3607 4387 3878 4480 -ἐνσκήψῃ

2213 4477 2376 4554 μέρος
2414 4483 2511 4534 τοῦ
2569 4480 2848 4554 σώματος,
2907 4484 3000 4538 καὶ
3055 4486 3216 4543 αὐτὸν
3279 4489 3373 4562 μὲν
3431 4491 3722 4567 παρασύρῃ
3779 4477 3880 4549 τοί»

2213 4571 2307 4642 ζῇν
2367 4567 2655 4657 αἴφνηδὸν,
2687 4572 2721 4639 ἡ
2756 4567 2802 4625 δ’
2861 4571 3012 4652 ἀρχὴ
3072 4583 3451 4648 μεταπεσεῖται
3505 4583 3657 4656 παρὰ
3716 4579 3875 4657 δόξαν

2211 4658 2346 4732 πρὸς
2370 4656 2574 4732 ἓτερον.
2629 4659 2698 4716 Οἱ
2745 4661 2840 4734 μὲν
2899 4663 2990 4717 οὗν
3042 4669 3151 4720 τῶν
3204 4671 3474 4741 σωμάτων
3535 4656 3877 4746 θεραπευτῆ-

2211 4765 2297 4821 ρες
2359 4748 2726 4836 φαρμακεύειν
2787 4749 2944 4805 αὐτὸν
3029 4750 3358 4828 ἐγνώκεσαν.
3416 4757 3578 4816 Οὕτω
3648 4760 3754 4836 γὰρ
3813 4761 3877 4817 ἂν

457 4835 688 4908 imperii
721 4836 909 4907 magis
937 4834 1315 4900 deliberabat,
1347 4850 1417 4889 ne
1468 4834 1518 4890 is
1567 4833 1676 4889 sibi
1730 4834 2004 4892 inimicus
2049 4840 2108 4893 et

2220 4836 2270 4890 τὸ
2299 4843 2398 4904 τῆς
2429 4833 2566 4906 ὕλης
2612 4837 2929 4911 κινούμενόν
2985 4861 3044 4896 τε
3101 4844 3216 4916 ἅμα
3271 4847 3362 4900 καὶ
3419 4833 3737 4920 πλεονάζον.
3779 4855 3878 4924 γά-

453 4925 722 4982 infensus
753 4928 928 4990 esset,
963 4923 1067 4979 sed
1097 4923 1292 4996 potius
1323 4922 1564 4978 amicus.
1604 4922 1748 4980 Nam
1780 4923 2099 4995 imperator

453 5014 642 5071 ﬁlium
703 5031 818 5070 non
880 5013 1152 5082 habebat,
1211 5013 1308 5068 sed
1371 5012 1516 5068 duas
1587 5012 1872 5069 duntaxat
1929 5013 2118 5083 ﬁlias,-

2209 4921 2486 5014 ληνιάσειε
2517 4931 2637 4988 ταῖς
2669 4927 2935 5014 ,κεώσεσμ
2997 4931 3100 4986 Καὶ
3155 4933 3221 5002 ἦν
3274 4935 3340 4990 τὰ
3397 4937 3660 5014 φάρμακα

2209 5015 2336 5092 παρ’
2367 5013 2521 5086 ἦμαρ
2555 5012 2752 5094 σχεδὸν
2784 5017 3169 5092 κεραννύμενα,
3200 5021 3290 5077 καὶ
3337 5012 3420 5079 τὸῗ
3453 5025 3722 5100 ἀνύσιμον
3773 5012 3878 5084 wi-

447 5119 661 5176 easque
707 5104 952 5159 viduas:
1007 5117 1135 5158 nam
1185 5104 1382 5158 Irenos
1431 5101 1680 5156 maritus
1731 5103 2104 5160 Andronicus

2220 5109 2322 5165 τοῖς
2354 5101 2689 5194 ἐφωμάρτει.
2721 5106 2784 5162 Ἢ
2817 5102 2876 5160 δὲ
2933 5107 3152 5183 βασιλὶς
3207 5111 3528 5192 Εὐφροσύνη
3580 5113 3871 5194 ἐφρόντιζε

446 5192 954 5264 Conlostephanus
983 5190 1224 5259 obierat,
1261 5195 1431 5246 Anna
1459 5206 1592 5246 vero
1623 5194 1686 5245 ut
1713 5199 1848 5246 nalu
1886 5191 2101 5262 minor,

2220 5195 2305 5266 μὲν
2338 5193 2424 5248 καὶ
2453 5200 2552 5262 τῆς
2589 5195 2793 5268 ὑγείας,
2827 5195 2902 5259 ὡς
2954 5197 3117 5267 εἰκὸς,
3167 5202 3253 5274 [Ρ.
3301 5190 3432 5276 322]
3481 5209 3581 5261 τοῦ
3621 5190 3872 5278 ἐύνὲτου,

448 5280 530 5338 ita
551 5281 738 5339 forma
757 5281 1365 5354 prastantiorﬁsaacic-
1387 5279 1682 5336 Comneno
1705 5285 1886 5354 nupta
1907 5282 2096 5339 fuerat

2220 5283 2484 5338 ,o’xémsto
2518 5283 2576 5339 υὶ
2623 5281 2788 5340 πλέον
2844 5285 2981 5358 μετὰ
3027 5291 3136 5346 τῶν
3197 5293 3467 5365 συνήθων,
3503 5295 3593 5350 καὶ
3657 5297 3750 5360 οἷς
3805 5269 3874 5352 τέ

1853 5459 2000 5521 Hier
2036 5461 2249 5525 Wolﬁi
2276 5467 2464 5524 notae.

523 5614 638 5692 (49)
669 5616 925 5674 Dubium
957 5622 1153 5676 utrum
1185 5620 1254 5676 de
1281 5617 1434 5676 luna:
1461 5618 1684 5692 eclipsi,
1716 5636 1791 5678 an
1822 5621 2212 5681 diminutione
2240 5577 2554 5696 loquatur.
