4028 6218
271 386 389 445 877

1185 385 1291 444 DE
1333 379 1615 443 ALEXIO
1660 374 1937 440 lSAACll
1978 374 2276 437 ANGELI
2322 376 2443 436 FB.
2492 375 2636 437 LIB.
2686 376 2761 437 lI.

3563 383 3686 446 878

273 512 563 597 κρυφιώδη
614 519 722 569 τῶν
786 512 1175 589 βουλευμάτων
1236 513 1607 588 προσανετίθει
1667 512 1757 566 καὶ
1834 514 1932 565 τοῦ

2046 510 2145 582 qui
2174 509 2233 564 in
2265 510 2450 582 Mysia
2483 510 2809 577 in;vinculis
2831 511 3068 581 obiit,ut
3095 530 3277 587 supra
3297 519 3688 577 narravimus.

274 608 513 676 στήθους
573 604 846 678 ἀνεμήρυε
905 602 967 657 τὰ
1032 601 1342 678 ἀπόβρητα,
1395 603 1484 657 καὶ
1541 602 1663 676 περὶ
1696 604 1794 655 τοῦ
1827 620 1929 654 πα-

275 692 675 769 ραληψομένου
732 694 832 762 τήν
895 690 1199 768 βασιλείαν,
1257 694 1332 754 ὡς
1390 689 1539 749 ἔσται
1576 711 1660 753 τις
1690 689 1825 761 αὐτῇ
1850 689 1927 761 μή

271 783 531 855 ἀνάρσιος
600 777 730 854 μηδ’
787 780 1037 857 ἀπεχθὴς
1068 778 1194 835 ἀλλ’
1240 780 1525 842 ἀσπάσιος.
1568 775 1794 836 Βασιλεῖ
1836 776 1932 849 μὶν

267 871 378 947 γὰρ
411 870 512 924 οὐκ
565 869 632 938 ἦν
669 866 933 947 διάδοχος
955 871 1074 932 υἱὸς
1122 874 1223 938 τῆς
1281 868 1482 944 ἀρχῆς,
1528 866 1817 938 δυάζουσαι
1874 862 1932 920 δὲ

274 959 588 1035 θυγατέρες,
642 959 733 1014 καὶ
775 957 929 1013 αὗται
980 963 1088 1013 τῶν
1158 959 1424 1014 συνεύνων
1487 961 1684 1033 μικροῦ
1740 976 1934 1010 σπανι-

279 1045 530 1119 ζόμεναι·
592 1048 626 1115 ἡ
700 1046 795 1119 μὶν
861 1046 965 1121 γὰρ
1021 1046 1423 1124 προφερεστέρα
1506 1045 1626 1108 καθ’
1707 1041 1930 1112 ἠλικίαν

271 1134 487 1208 Εῗρήνη
548 1135 765 1207 θανάτῳ
825 1133 1056 1208 μαλακῷ
1119 1131 1355 1208 δαμέντα
1435 1133 1528 1189 τὸν
1596 1129 1931 1206 σύλλεκτρον

273 1220 629 1297 ’Δνδρόνικον
715 1224 808 1280 τὸν
897 1227 1334 1302 Κοντοστὲφανον
1379 1219 1709 1297 ἀπεϐάλετο,
1766 1225 1932 1280 Ἀννα

272 1310 334 1368 δὲ
363 1315 400 1382 ἡ
426 1313 561 1368 κατὰ
602 1313 807 1388 γένεσιν
854 1311 1193 1391 ἐφεπομένη,
1232 1319 1312 1386 τῷ
1370 1311 1427 1370 δὲ
1482 1311 1680 1369 κάλλει
1734 1333 1929 1388 προτε-

276 1401 529 1477 ρεύουσα,
586 1401 840 1475 Ἰσαακίῳ
889 1402 1117 1475 συνῴκει
1174 1407 1255 1476 τῷ
1298 1405 1613 1477 Κομνηνῷ,
1682 1400 1742 1465 ὅς
1794 1401 1932 1457 κατᾶ

274 1492 487 1547 Μυσίαν
514 1488 795 1546 ἐναπέθανε
834 1496 953 1554 τοῖς
993 1489 1238 1565 δεσμοῖς,
1316 1493 1391 1553 ὡς
1448 1491 1500 1547 ἐν
1555 1496 1672 1553 τοῖς
1722 1486 1928 1563 ἔμπρο-

274 1582 398 1634 σθεν
441 1577 630 1656 λόγοις
699 1579 1033 1655 εἰρήκειμεν.
1092 1580 1381 1656 Ἐπιλογαῖ
1420 1582 1601 1636 τοίνυν
1670 1579 1761 1634 καὶ
1821 1583 1934 1653 ψη-

267 1669 541 1747 φηφορίαι
573 1672 679 1724 τῶν
728 1669 1003 1743 ἀρξόντων
1055 1669 1223 1726 ἁλλαι
1279 1691 1338 1725 τε
1386 1671 1515 1744 παρ’
1564 1667 1752 1725 ἃλλων
1819 1666 1929 1743 ἐγί-

266 1773 455 1828 νοντο,
513 1758 606 1812 καὶ
650 1763 815 1812 πᾶααι
865 1759 1004 1833 πρὸς
1066 1760 1130 1814 τὸ
1187 1763 1294 1814 τῶν
1351 1754 1752 1833 προϐαλόντων
1812 1755 1928 1812 Ete-

270 1850 477 1901 Λοῦντο
500 1847 804 1922 χρήσιμον.
831 1850 942 1905 Τοῦ
1007 1845 1051 1902 δ⁷
1113 1847 1273 1917 ἀξίως
1327 1846 1746 1945 βασιλεὺςοντος
1783 1847 1924 1902 Ῥω·
1960 1882 2002 1945 Β

277 1935 457 2007 μαίων
524 1933 613 1988 καὶ
675 1935 752 1996 ὡς
808 1932 1002 2009 ἄριστα
1076 1936 1143 1990 τὰ
1188 1935 1342 1991 κοινὰ
1399 1931 1926 2011 διακυϐερνήσοντος

269 2024 574 2099 πράγματα
607 2020 785 2086 οὐδεὶς
814 2021 1007 2079 οὐδένα
1057 2023 1222 2099 λόγος
1279 2024 1593 2101 εἰσήρχετο,
1625 2022 1765 2080 ὥστε
1821 2021 1926 2080 ὕπὸ

266 2117 382 2167 τῶν
414 2107 723 2186 ἀϐελτέρων
769 2114 861 2168 καὶ
901 2116 1070 2183 νήπια
1126 2111 1204 2169 ἔτι
1261 2113 1314 2168 ἐν
1370 2114 1595 2189 γάλαξιν
1664 2110 1788 2169 ὄντα
1834 2112 1925 2169 καὶ

272 2201 615 2279 σπαργάνοις
643 2201 971 2276 ἐνειλημένα
1008 2206 1142 2276 πρὸς
1179 2204 1277 2273 τὴν
1336 2203 1517 2278 ἀρχὴν
1594 2202 1923 2278 ὲπεκρίνετο.

269 2291 473 2348 Αὐτῶν
516 2289 704 2363 μέντοι
751 2294 858 2345 τῶν
892 2289 946 2346 ἐν
978 2290 1119 2365 γένει
1167 2292 1259 2346 καὶ
1315 2291 1544 2364 πλούτῳ
1593 2287 1924 2366 περιϐλεπο-

269 2381 454 2454 μένων
504 2379 533 2433 6
568 2379 663 2452 μὲν
694 2379 1139 2455 πρωτοστράτωρ
1198 2378 1469 2450 Μανουὴλ
1533 2381 1560 2435 6
1628 2380 1925 2454 Καμὺτζης

268 2472 353 2540 τῷ
399 2468 537 2542 πρός
597 2468 803 2541 μητρὸς
862 2466 1165 2538 ἐπεκάθητο
1224 2469 1352 2541 θείῳ
1401 2472 1483 2540 τῷ
1561 2464 1925 2544 σεϐαστοκρά-

265 2577 396 2634 τορι
424 2556 675 2632 Ἰωάννη,
708 2557 870 2618 οὗτος
902 2555 948 2612 δ’
993 2555 1146 2619 αὖθις
1183 2558 1301 2615 κατ’
1366 2558 1532 2615 αὐτοῦ
1599 2557 1926 2637 ἀντωφθάλ-

271 2670 391 2723 μει,
423 2650 491 2707 Οἱ
524 2647 581 2705 δὲ
607 2653 707 2705 τοῦ
742 2647 1012 2725 βασιλέως
1055 2651 1370 2725 κασίγνητοι
1424 2655 1569 2724 τρεῖς
1629 2647 1778 2711 ὄντες
1832 2652 1923 2707 καὶ

269 2746 405 2816 παρ’
433 2737 782 2816 Ἀνδρονίκου
828 2740 1224 2817 τυφλωθὲντες,
1281 2740 1427 2797 ἄλλά
1465 2738 1531 2813 δὴ
1600 2742 1691 2796 καὶ
1749 2743 1777 2796 6
1835 2742 1924 2799 ἐπὶ

262 2833 341 2903 τῇ
386 2827 596 2907 ἀδελφῇ
629 2828 806 2885 αὐτῶν
846 2826 1097 2905 γαμϐρὸς
1152 2831 1181 2884 6
1240 2830 1683 2900 Καντακουζηνὸς
1741 2830 1923 2887 Ἰωάν-

266 2940 376 2989 νης
425 2917 732 2991 ὲξόμματος
791 2919 883 2973 καὶ
941 2916 1103 2981 αὐτὸς
1161 2918 1528 2993 δεικνύμενος,
1587 2921 1741 2976 παισὶ
1806 2925 1924 2984 τοῖς

269 3010 483 3063 ἑαυτῶν
512 3009 613 3078 τὴν
644 3007 825 3082 ἀρχὴν
899 3004 1292 3084 ἠνδρολόγουν.
1358 3013 1525 3064 Ἦσαν
1582 3005 1627 3063 δ’
1684 3008 1738 3064 οἳ
1796 3011 1926 3085 χθὲς

263 3118 327 3153 τε
391 3096 480 3151 καὶ
532 3095 728 3171 πρώην
783 3092 1230 3169 διαμασσώμενοι
1289 3098 1357 3152 τὰ
1440 3093 1753 3173 δρυόκαρπα
1834 3098 1925 3154 καὶ

264 3186 336 3244 τὰ
395 3188 634 3243 Ποντικᾶ
680 3185 797 3241 ὕεια
851 3185 984 3261 κρὲα
1058 3185 1146 3242 ἐπὶ
1199 3188 1470 3261 στόματος
1555 3186 1633 3244 ἔτι
1728 3188 1918 3266 φέροι-

263 3298 358 3340 τες
391 3275 623 3353 ἐπείρων
661 3275 753 3331 καὶ
785 3272 933 3349 ἤρων
967 3282 1070 3345 τῆς
1114 3275 1389 3349 βασιλείας
1424 3273 1572 3350 μάλα
1621 3274 1918 3355 λαμπρῶς,

263 3369 361 3424 καὶ
394 3366 555 3431 ὅλοις
610 3366 667 3429 ἐς
725 3366 894 3436 αὐτὴν
959 3366 1274 3443 περιέργοις
1332 3366 1631 3437 ἐνητὲνιζον
1692 3364 1924 3443 ὄμμασι,

264 3462 635 3535 προαγωγοῖς
660 3457 750 3511 καὶ
775 3458 1191 3531 προμνήστορσι
1233 3458 1514 3531 χρώμενοι
1571 3458 1764 3513 ὁπόσοι
1820 3463 1928 3514 τῶν

270 3546 545 3621 ἀγοραίων
628 3542 783 3599 ὤνιοι
867 3544 1175 3619 χρημάτων
1235 3544 1325 3599 καὶ
1383 3542 1788 3619 κοιλιόδουλοι,
1849 3546 1925 3610 ὡς

277 3638 478 3710 μακρῷ
504 3635 692 3689 κάκιον
720 3632 955 3687 τοῦκαθ’
988 3628 1082 3687 ἕνα
1136 3633 1200 3687 τὸ
1257 3637 1416 3707 κοινῇ
1473 3634 1757 3708 γινόμενον
1816 3636 1927 3710 ψή-

272 3743 481 3805 φισμα.
514 3728 582 3777 ’Ὠ
608 3721 936 3796 περίπυστον
993 3727 1224 3798 πρᾶγμα
1263 3722 1552 3794 Ῥωμαίων
1609 3723 1781 3803 ἀρχὴ,
1835 3724 1924 3780 καὶ

268 3819 438 3869 πᾶσιν
473 3809 640 3867 ἔθνεσι
676 3811 925 3881 ζηλωτὸν
954 3811 1043 3866 καὶ
1077 3811 1452 3885 προσκυνητὸν
1507 3810 1742 3885 ἀξίωμα,
1776 3810 1926 3877 οἴους

269 3904 585 3976 ὗπήνεγκας
619 3902 845 3975 βιαστάς
878 3902 889 3956 ί
925 3900 1051 3958 Οἶοί
1082 3921 1166 3955 σοι
1227 3899 1584 3974 ἐπανέστησαν
1627 3898 1877 3975 ὑϐρισταί
1912 3905 1925 3960 ί

268 3992 400 4050 Οἶοί
433 4013 519 4046 σοι
571 3989 916 4063 ἐπεμάνησαν
981 3988 1245 4065 ὲρασταίί
1306 3988 1472 4054 Οἶ¹ους
1526 3989 1923 4068 ἐνηγκαλίσωί

266 4082 434 4143 Οἶοις
487 4080 759 4151 ὑπέθηκας
832 4080 1029 4147 ἑαυτήν
1074 4079 1163 4133 καὶ
1228 4077 1542 4155 φιλοτήτων
1601 4079 1924 4152 μετίδωκαι,

263 4171 612 4235 ἐταινιώκεις
649 4191 709 4226 τε
736 4174 816 4242 τῷ
870 4168 1110 4248 στεφάνῳ
1164 4170 1255 4224 καὶ
1310 4164 1631 4246 περιὲϐαλες
1690 4171 1754 4225 τὸ
1813 4169 1927 4226 διά-

262 4257 339 4329 δη
354 4278 430 4332 μα
467 4256 559 4312 καὶ
595 4257 659 4312 τὸ
690 4256 1080 4334 φοινικόχρουν
1126 4254 1451 4331 περιὲδησας
1511 4255 1774 4314 πέδιλονί
1818 4265 1926 4314 Θυ-

264 4345 621 4423 μαλγέστερά
653 4344 785 4401 εἶσιν
816 4342 992 4408 ὅντως
1022 4346 1089 4401 τὰ
1120 4346 1185 4401 σὰ
1214 4347 1286 4401 ὧν
1337 4345 1571 4409 πέπονθε
1624 4346 1920 4418 Πηνελόπη

2043 599 2231 671 Igitur
2283 599 2381 655 alii
2440 605 2615 673 atque
2680 600 2779 656 alii
2849 601 3233 674 imperatores
3282 607 3689 678 nominantur,

2042 690 2143 745 sed
2175 706 2381 745 omnes
2410 691 2509 762 qui
2563 691 2636 745 iis
2685 691 2997 763 opportuni
3048 699 3247 751 essent
3286 713 3320 750 a
3349 697 3560 768 quibus
3589 716 3692 756 no-

2044 779 2441 834 minabuntur.
2471 779 2551 835 De
2582 796 2647 836 eo
2699 796 2833 836 vero
2884 781 3189 852 deligendo
3239 785 3337 855 qui
3373 786 3690 858 rempubli-

2042 884 2170 923 cam
2209 868 2426 938 optime
2473 873 2531 923 et
2577 885 2608 924 θ
2657 869 2944 941 dignitate
2987 870 3383 930 Romanorum
3415 874 3692 931 'admini-

2043 961 2276 1023 straret,
2327 958 2548 1013 nemini
2607 959 2934 1030 quidquam
2989 960 3048 1016 in
3100 966 3357 1018 mentem
3396 966 3688 1022 veniebat.

2047 1046 2205 1103 Unde
2253 1048 2526 1103 vecordes
2585 1047 2852 1104 homines
2900 1050 3076 1106 etiam
3118 1050 3372 1108 infantes
3414 1052 3476 1108 in
3527 1055 3695 1111 cunis

2042 1136 2235 1193 adhuc
2263 1136 2558 1208 vagientes
2594 1137 3000 1210 designabant.
3036 1141 3114 1196 Ex
3145 1141 3452 1199 nobilitate
3482 1148 3540 1199 et
3560 1144 3689 1216 opi-

2043 1224 2153 1280 bus
2201 1224 2375 1282 claris
2418 1225 2649 1282 Manuel
2696 1226 2953 1284 Camizes
3000 1233 3355 1300 protostator
3403 1231 3691 1289 avunculo

2043 1329 2150 1370 suo
2206 1313 2420 1371 Joanni
2478 1315 2921 1373 sebastocratori
2971 1318 3407 1376 adversabatur.
3471 1320 3525 1377 Is
3554 1337 3689 1377 vero

2040 1402 2298 1459 vicissim
2330 1403 2499 1460 illum
2541 1404 2912 1477 impediebat.
2945 1406 3086 1463 Tres
3136 1424 3271 1464 vero
3319 1408 3690 1481 imperatoris

2042 1492 2251 1549 fratres
2282 1494 2354 1547 ab
2382 1493 2712 1550 Andronico
2744 1496 3033 1565 excecati,
3062 1501 3119 1553 et
3168 1513 3375 1555 eorum
3424 1500 3691 1559 sororius

2038 1584 2294 1638 Joannes
2326 1584 2784 1651 Cautacuzenus,
2835 1588 2893 1640 et
2920 1585 3047 1656 ipse
3098 1586 3277 1642 orbus
3307 1587 3516 1659 oculis,
3551 1590 3689 1648 ﬂliis

2040 1671 2166 1726 suis
2196 1670 2483 1727 favebant.
2517 1672 2667 1728 661
2728 1677 2905 1730 Erant
2961 1674 3139 1731 etiam
3170 1676 3270 1748 qui
3302 1678 3683 1736 Ponticarum

2040 1776 2259 1816 nucum
2306 1764 2365 1815 et
2413 1760 2723 1817 suillarum
2774 1762 3041 1818 carnium
3091 1762 3372 1837 reliquias
3403 1766 3596 1823 adhuc
3626 1768 3688 1824 in

2038 1850 2315 1907 dentibus
2345 1855 2664 1921 gestantes,
2697 1851 3008 1923 imperium
3054 1852 3208 1909 haud
3240 1854 3689 1912 dissimulanter

2033 1943 2090 1995 et
2117 1942 2382 1995 amarent
2410 1943 2468 1994 et
2500 1939 2814 2006 ambirent,
2863 1945 2922 1996 et
2964 1941 3231 1998 curiosos
3268 1943 3327 1998 in
3384 1943 3443 2000 id
3473 1944 3677 2001 oculos

2031 2028 2368 2100 deligerent,
2401 2028 2501 2082 sed
2536 2028 2818 2099 pronubis
2849 2045 2951 2086 seu
2975 2028 3286 2087 lenonibus
3320 2035 3552 2088 utentes
3582 2033 3683 2090 ho-

2032 2116 2293 2172 minibus
2336 2116 2836 2186 circumforaneis,
2869 2117 2971 2189 qui
3030 2118 3218 2174 ventri
3272 2120 3602 2177 serviebant
3629 2128 3685 2178 et

2033 2206 2285 2277 pecunia
2329 2205 2498 2262 facile
2550 2206 3098 2278 corrumpebantur.
3152 2206 3382 2271 Quanto
3431 2208 3689 2266 deterius

2030 2300 2119 2351 est
2147 2294 2490 2366 suffragium
2554 2294 2875 2350 multorum
2910 2312 3088 2367 quam
3145 2295 3358 2353 unius!
3391 2314 3425 2353 o
3455 2297 3683 2355 celebre

2031 2382 2428 2438 Romanorum
2462 2383 2863 2453 imperium,et
2891 2384 3166 2441 omnibus
3195 2385 3472 2456 gentibus
3493 2386 3685 2442 admi-

2031 2471 2215 2526 randa
2243 2474 2300 2524 et
2327 2470 2624 2526 adoranda
2658 2470 2960 2542 majestas,
2993 2471 3197 2544 quales
3232 2481 3509 2545 tyrannos
3539 2490 3679 2545 per-

2030 2558 2254 2616 tulistil
2289 2560 2505 2631 quibus
2534 2559 2768 2629 injuriis
2800 2561 3095 2633 exagitata
3142 2562 3242 2628 esl
3279 2562 3484 2635 quales
3516 2580 3679 2620 ama-

2031 2653 2186 2704 tores
2234 2648 2292 2703 in
2344 2654 2398 2704 te
2445 2649 2842 2705 insanieruntl
2873 2650 3076 2721 quales
3124 2650 3393 2708 homines
3445 2669 3507 2709 es
3553 2666 3680 2709 am-

2042 2736 2245 2809 plexa!
2302 2737 2578 2808 qualibus
2629 2742 2686 2794 te
2735 2738 3111 2796 substravisti
3160 2746 3217 2796 et
3266 2740 3469 2797 oscula
3525 2758 3674 2813 prm-

2028 2827 2212 2882 buisti
2239 2827 2252 2882 l
2281 2826 2485 2899 quales
2516 2843 2730 2883 corona
2758 2831 2816 2884 et
2871 2827 3206 2884 diademate
3264 2833 3321 2886 et
3378 2845 3676 2902 purpureo

2030 2924 2221 2981 calceo
2261 2924 2592 2980 exornastil
2645 2925 2908 2996 graviora
2952 2926 3162 2998 utique
3208 2929 3282 2983 ab
3332 2926 3450 2983 illis
3479 2932 3681 2999 ρει-ωε

2031 3014 2151 3070 listi
2185 3031 2360 3086 quam
2392 3013 2674 3084 Penelope
2702 3032 2734 3070 a
2766 3031 3072 3087 procorum
3121 3015 3463 3088 frequentia.
3488 3017 3680 3072 Nimi-

2029 3119 2160 3159 rum
2206 3103 2278 3159 ab
2326 3104 2489 3158 omni
2536 3109 2697 3174 parte
2765 3103 2982 3160 similis
3048 3121 3112 3160 es
3171 3104 3338 3176 regias
3398 3108 3679 3161 matrona:

2037 3192 2407 3259 felicissimae,
2442 3193 2627 3247 forma
2667 3192 3008 3259 venerabili,
3050 3194 3219 3265 justa
3249 3193 3677 3266 magnitudine,

2035 3281 2195 3338 vultu
2221 3283 2487 3347 venusto,
2521 3281 2621 3335 sed
2656 3284 2838 3353 captaa
2886 3281 3316 3354 impudentiam
3349 3287 3678 3340 amatorum

2033 3370 2329 3438 manibus,
2361 3385 2506 3441 quos
2536 3370 2757 3425 cordati
2802 3369 3072 3427 homines
3120 3372 3214 3428 vix
3242 3375 3521 3428 centusse
3549 3371 3683 3429 lice-

2033 3456 2332 3527 antur.qui
2360 3455 2857 3528 magniﬁcentiam
2885 3456 3045 3514 illius
3069 3460 3359 3515 asstimare
3380 3460 3687 3531 nequeant

2031 3547 2438 3605 celsitudinem
2501 3548 2657 3604 662
2726 3562 2841 3604 non
2916 3551 3314 3616 revereantur,
3375 3547 3680 3604 nobilitate

2032 3636 2177 3692 nihil
2209 3639 2572 3706 moveantur,
2607 3635 2927 3708 aliquando
2957 3636 3131 3692 etiam
3165 3653 3290 3691 eam
3324 3651 3428 3706 per
3479 3638 3682 3691 contu-

2033 3725 2266 3782 meliam
2298 3725 2354 3779 in
2380 3725 2663 3782 nefarium
2686 3724 2879 3782 cubile
2910 3723 3377 3797 pertrahant.Hei
3398 3724 3677 3789 dedecus.

2031 3814 2123 3871 hei
2154 3814 2459 3886 ﬂagitium,
2494 3813 2690 3885 qualia
2722 3830 2998 3886 perpessa
3057 3828 3119 3868 es
3148 3815 3158 3869 l
3197 3811 3388 3883 qualis
3418 3812 3541 3867 visa
3570 3827 3633 3867 es
3660 3812 3672 3867 l

2030 3904 2207 3960 facies
2240 3903 2586 3970 meretricis,
2619 3919 2651 3957 ο
2710 3901 2928 3974 inclyta
2986 3905 3045 3958 et
3099 3898 3347 3958 celebris
3379 3900 3682 3971 majestas,

2032 3994 2273 4064 contigit
2313 3993 2438 4047 tibi.
2482 3991 2731 4047 Evanuit
2783 3990 3067 4047 naturalis
3121 3990 3223 4046 illa
3280 3994 3382 4045 tua
3415 3988 3683 4061 pulchri-

2030 4082 2174 4137 tudo
2205 4085 2262 4136 et
2293 4081 2491 4136 vultus
2521 4079 2874 4136 verecundia
2923 4085 2982 4134 et
3024 4079 3174 4152 frugi
3208 4079 3435 4151 pridem
3467 4081 3524 4133 et
3553 4093 3681 4133 mo-

2034 4172 2197 4227 desta
2222 4172 2353 4227 vitae
2386 4172 2555 4225 ratio.
2600 4174 2763 4225 Nunc
2796 4170 2973 4225 facies
3023 4175 3126 4225 tua
3155 4170 3290 4225 luxu
3324 4172 3381 4225 et
3412 4166 3562 4223 fucis
3593 4170 3686 4223 est

2031 4263 2343 4331 corrupta;
2376 4261 2447 4315 ad
2483 4258 2723 4313 delicias
2754 4258 3116 4325 exorbitasti,
3168 4259 3239 4314 ad
3273 4273 3462 4313 mores
3493 4256 3688 4313 disso-

2028 4347 2184 4405 lutos
2215 4348 2527 4403 deﬂexisti.
2562 4352 2706 4402 Nam
2740 4346 2835 4418 qui
2870 4348 2980 4403 tibi
3012 4347 3128 4402 vim
3166 4348 3427 4404 fecerunt
3452 4344 3688 4417 pridem

261 4432 821 4508 παραλληλιζόμενα,
851 4433 944 4488 καὶ
975 4435 1091 4488 κατ’
1121 4430 1274 4489 οὐδὲν
1326 4433 1583 4494 ἀπέοικας
1644 4430 1926 4509 βασιλείας

2035 4438 2176 4494 citra
2207 4453 2411 4494 curam
2444 4437 2734 4503 formose,
2766 4437 2929 4492 vultu
2965 4436 3299 4493 admirabili
3332 4440 3388 4492 et
3438 4432 3690 4490 amabili

260 4527 524 4603 γυναικὸς
587 4521 1042 4598 πανευδαίμονος,
1100 4530 1304 4598 σεμνῆς
1355 4525 1418 4579 τὸ
1473 4522 1705 4592 κάλλος,
1761 4523 1926 4598 εὐφυ-

2037 4525 2312 4598 prsaditae,
2344 4526 2416 4581 ad
2463 4524 2858 4581 meretricium
2908 4524 3178 4583 habitum
3228 4529 3283 4583 te
3312 4524 3686 4596 redegerunt.

266 4598 367 4680 οῦς
413 4616 477 4670 τὸ
539 4614 784 4689 μέγεθος,
863 4614 1165 4690 εὐπρεποῦς
1222 4615 1323 4683 τὴν
1394 4613 1542 4688 ὄψιν,
1620 4611 1924 4679 ἑαλωκυίας

2035 4614 2272 4679 Quando
2305 4615 2481 4670 istam
2515 4613 2834 4669 deformem
2886 4613 3136 4670 formam
3190 4630 3365 4670 exues
3387 4612 3416 4668 ?
3445 4611 3690 4685 quando

274 4705 467 4778 μέντοι
526 4704 713 4779 χερσὶν
769 4703 1007 4777 ἐραστῶν
1064 4699 1321 4771 ἀναιδῶν,
1384 4700 1524 4775 μηδὲ
1594 4702 1921 4776 τιμωμένων

2035 4703 2380 4761 accersitum
2413 4708 2717 4775 aspectum
2739 4708 2796 4759 et
2816 4719 3084 4776 gressum
3119 4704 3378 4760 mutabls
3400 4704 3429 4759 7
3458 4701 3560 4774 qui
3579 4704 3636 4757 te
3658 4717 3693 4757 ιι

270 4788 491 4850 ὀϐολοῦ
520 4794 647 4867 παρ’
678 4790 992 4869 ἐχᾶφροσιν,
1026 4788 1151 4847 οὔτε
1213 4792 1318 4865 μήν
1361 4790 1597 4866 ἐχόντων
1655 4791 1717 4847 τὸ
1755 4812 1923 4869 μεγα-

2035 4796 2345 4870 tyrannicis
2377 4796 2506 4852 istis
2536 4796 2905 4869 amplexibus
2956 4814 3059 4869 per
3087 4797 3204 4853 vim
3255 4794 3600 4863 vindicabit,
3626 4795 3688 4848 et

270 4882 551 4959 λοπρεπὶς
611 4882 783 4950 αὐτῆς
838 4878 1093 4951 συνιδεῖν,
1174 4877 1302 4953 μηδ’
1385 4874 1803 4953 εὐλαϐουμένων
1861 4882 1926 4937 τὸ

2038 4885 2111 4942 ad
2124 4890 2375 4942 veterem
2400 4886 2804 4941 castimoniam
2820 4889 2876 4942 et
2892 4884 3216 4942 libertatem
3240 4882 3524 4941 reducet?
3542 4881 3692 4936 Nam

272 4974 435 5046 ὕψος,
480 4968 612 5045 μηδ’
651 4970 1139 5043 ὐποστελλομένων
1168 4970 1230 5024 τὸ
1262 4968 1490 5047 εὐγενὲς,
1523 4969 1694 5025 ἐνίοτε
1732 4967 1790 5025 δὲ
1835 4971 1928 5026 καὶ

2039 4991 2192 5030 nunc
2226 4975 2467 5048 quidem
2496 4992 2705 5046 parum
2730 4976 2894 5031 abest
2918 4975 3060 5046 quin
3098 4980 3151 5030 te
3175 4974 3471 5029 rideamus
3495 4968 3692 5041 potius

274 5063 421 5137 πρὸς
453 5057 607 5136 ὓϐριν
629 5058 1030 5133 περιελκόντων
1089 5059 1178 5115 καὶ
1228 5058 1303 5121 εἷς
1359 5059 1547 5130 κοίτην
1608 5060 1928 5135 ἁπαγόντων

2040 5080 2216 5135 quam
2246 5064 2823 5132 miseremur,eorum
2850 5068 3108 5119 utentem
3137 5058 3560 5118 consuetudine
3588 5056 3692 5126 qui

277 5150 562 5224 ἂθὲμιτον.
655 5149 734 5209 Δί’
802 5153 901 5219 τῆς
968 5146 1413 5225 αἰσχρουργίαςί
1472 5148 1581 5205 Οἴα
1629 5147 1927 5216 πέπονθας,

2040 5153 2343 5218 dedecent;
2367 5153 2610 5221 atqueid
2645 5150 3018 5223 opprobrium
3047 5150 3367 5214 intuentes,
3385 5160 3697 5202 vereamur

280 5241 379 5295 οἷα
407 5239 652 5296 τεθέασαι
688 5242 700 5296 l
733 5240 883 5301 Ὃκις
921 5239 1131 5312 πόρνης
1184 5236 1392 5313 ἐγένετό
1449 5257 1533 5291 σοι
1594 5245 1702 5311 χρῆ
1718 5258 1790 5310 μα
1833 5259 1932 5293 πε-

2040 5257 2112 5296 ne
2143 5256 2388 5311 prorsus
2420 5240 2670 5296 delearis
2699 5245 2754 5295 et
2783 5239 2852 5294 ad
2878 5246 3196 5294 extremum
3229 5251 3490 5292 oorruas.

282 5331 548 5404 ρίπυστον
609 5332 700 5403 [Ρ.
770 5331 895 5401 323]
972 5329 1059 5383 καὶ
1125 5332 1354 5402 πρᾶγμα
1429 5323 1730 5401 περίδοξον,
1830 5329 1934 5385 Καὶ
1965 5326 2201 5407 φροῦδον
2280 5328 2375 5401 μὶν
2408 5348 2495 5383 σοι
2540 5328 2604 5382 τὸ
2654 5328 2942 5402 ἀπέριττον
2982 5324 3152 5381 ἐκεῖνν
3229 5322 3440 5387 κάλλος
3472 5324 3563 5378 καὶ
3634 5324 3698 5381 τὸ

275 5417 377 5475 τοῦ
451 5419 752 5495 προσώπου
782 5415 1025 5491 αἷδῆμον
1098 5416 1186 5472 καὶ
1228 5417 1262 5485 ἡ
1306 5415 1537 5490 σώφρων
1614 5415 1702 5469 καὶ
1778 5416 2017 5491 προτέρα
2091 5416 2355 5491 ἐγκρατής
2428 5413 2631 5485 δίαιτα,
2674 5415 2956 5490 περίεργον
3032 5412 3089 5469 δὶ
3161 5414 3252 5470 καὶ
3331 5415 3700 5492 μετεγγραφὲν

283 5509 561 5584 ἑντρίψεσι
610 5509 702 5564 καὶ
781 5507 1093 5588 φαρμάκοις
1139 5506 1203 5561 τὸ
1251 5506 1341 5560 σὸν
1417 5502 1733 5579 πρόσωπον,
1787 5504 1876 5559 καὶ
1954 5503 2290 5562 διεσκεύασαι
2350 5505 2488 5581 πρὸς
2552 5504 2760 5581 τρυφὴν
2835 5504 2924 5558 καὶ
3003 5503 3139 5578 πρὸς
3191 5504 3331 5573 ἦθος
3407 5502 3704 5560 ἀκόλαστοι

290 5599 735 5676 μετερρύθμισαι·
816 5598 869 5653 o't
940 5596 1046 5673 γὰρ
1097 5616 1156 5651 σε
1230 5589 1552 5668 ϐιασάμενοι
1609 5594 1709 5661 τήν
1783 5596 1979 5670 πρώην
2035 5596 2371 5671 ἁπεριὲργως
2429 5594 2606 5665 καλὴν
2664 5600 2755 5650 καί
2832 5594 2894 5649 τὸ
2948 5591 3093 5658 εἶδος
3144 5594 3377 5671 ἇγαστὴν
3433 5594 3523 5650 καὶ
3580 5593 3709 5650 ἑπέ-

288 5709 484 5767 ραστον
541 5689 680 5767 πρὸς
740 5688 802 5745 τὸ
868 5686 1135 5762 ἑταιρικὸν
1195 5682 1602 5760 μετεπλάσαντο
1695 5690 1911 5761 σχῆμα.
1998 5685 2136 5743 Πότε
2218 5685 2523 5747 ἀνανευσεις
2594 5691 2697 5756 τῆς
2781 5682 3035 5766 ἀμόρφου
3113 5683 3316 5757 ταύτης
3400 5683 3704 5764 εὐμορφίας
