4116 6206
535 352 657 414 879
1847 346 2156 408 meum:
2198 345 2624 408 CHONIATE
3743 361 3832 424 κω

519 483 611 538 καὶ
655 484 753 538 τοῦ
812 477 1092 542 δυσειδοῦς
1187 475 1516 541 εἴδους,καῖ
1583 481 1686 534 τοῦ
1750 477 2082 548 ἐπιποιήτου
2141 475 2464 552 βλέμματος
2520 477 2610 532 καὶ
2703 474 3088 552 βαδίσματος;
3145 480 3212 536 ’Ἡ
3264 483 3344 542 τίς
3397 481 3424 535 ὁ
3466 481 3633 556 ἐξάξων
3675 508 3721 542 σε
3761 497 3839 546 τῶν

527 571 668 646 πρὸς
701 569 822 645 βίαν
866 569 1202 644 τυραννικῶν
1241 569 1450 624 τούτων
1492 567 1845 643 περιπλοκῶν
1875 568 1967 622 καὶ
2043 566 2178 639 πρὸς
2251 568 2352 634 τήν
2429 571 2620 642 πρώην
2695 565 2978 637 ἐπανάξων’
3042 567 3411 639 ἀκαπήλευτον
3477 572 3563 626 καὶ
3625 573 3841 655 ἐλευθέραν

531 657 851 735 διαγωγήνς
927 667 1000 720 Ως
1074 661 1165 713 νῦν
1217 678 1279 734 γε
1333 657 1423 712 καὶ
1481 658 1575 712 τὸν
1634 657 1820 712 οἶκτον
1880 655 1958 718 εἰς
2013 651 2196 732 γέλων
2263 661 2600 728 μετενεγκεῖν
2649 655 3058 729 κινόενεύομεν,
3115 659 3192 720 οἷς
3251 659 3310 714 ού
3378 656 3460 714 δεῖ
3511 651 3840 740 συμιρερομένην

529 748 763 822 ὁρῶντές
812 769 890 806 σε.
943 748 1037 803 καὶ
1109 747 1177 802 τὰ
1224 754 1324 817 τῆς
1397 746 1794 822 ἀσχημοσύνης
1848 739 2255 818 προϐλέποντες
2313 742 2564 816 δεδίαμεν
2613 745 2690 817 μή
2767 743 2844 806 εἰς
2917 744 3076 801 τέλος
3151 745 3508 824 ἆφαντωθείης
3552 739 3631 806 καὶ
3668 739 3838 831 νκαῤῥαν.

518 840 674 916 γείης
706 838 785 904 εἲς
813 842 1016 912 πτῶμα
1044 838 1108 894 τὸ
1135 834 1568 914 δυσανόρθωτον.
1597 834 1751 894 Ἀλλ’
1779 837 1909 894 εἶεν.

593 930 706 986 Sed
740 930 812 986 ad
846 929 1184 986 institutum
1215 929 1524 984 redeamus
1553 927 2164 1000 Imperator,nondum

2278 923 2345 980 Ὁ
2402 921 2459 979 δὲ
2519 921 2585 994 δὴ
2657 924 3010 1002 αὐτοκράτωρ
3068 927 3236 999 μήπω
3301 929 3536 1003 καθαρῶς
3587 929 3836 1010 ἀνασφήλας

524 1019 696 1092 plane
729 1023 1068 1090 recuperata
1091 1017 1442 1084 valetudine,
1471 1034 1606 1074 cum
1632 1018 1876 1089 pedibus
1913 1017 2171 1072 nondum

2286 1019 2388 1082 τῆς
2419 1013 2582 1068 νόσου
2643 1011 2772 1088 μηδ’
2831 1012 2922 1070 ἐπὶ
2981 1019 3092 1070 τῶν
3149 1012 3330 1071 ποδῶν
3385 1023 3558 1087 στῆναι
3610 1017 3838 1094 δυνάμενος

523 1107 798 1164 insistere
830 1113 1046 1179 posset,
1079 1105 1345 1177 Cypsella
1372 1106 1494 1162 abit
1523 1106 1702 1162 rebus
1732 1105 1803 1160 ad
1838 1105 2052 1160 bellum
2077 1118 2171 1174 ge-

2287 1100 2448 1174 ἔξεισι
2505 1101 2597 1158 καὶ
2648 1103 2828 1159 ἄπεισι
2877 1104 3016 1178 πρὸς
3077 1105 3144 1160 τὰ
3190 1103 3458 1180 Κύψελλα,
3498 1106 3742 1182 ἐξαρτύσας
3769 1112 3839 1167 ’ὸσα

524 1197 775 1252 randum
808 1196 1156 1252 necessariis
1199 1195 1553 1251 instructus.
1609 1198 1822 1251 Verum
1853 1193 1955 1249 illo
1986 1193 2180 1249 adhuc

528 1285 684 1342 008
718 1283 867 1342 male
897 1283 1366 1357 aﬂ‘ecto,Scythas
1395 1300 1530 1340 cum
1559 1283 1792 1340 cohorte
1825 1281 2176 1338 Blachorum

527 1375 680 1432 Istro
733 1376 977 1445 trajecto
1031 1373 1277 1429 Thracia
1323 1373 1537 1444 oppida
1588 1373 1832 1428 Mesenas
1879 1377 1936 1425 et
1963 1369 2180 1426 Zurulo

527 1462 782 1519 ﬁnitima
807 1463 867 1518 in
901 1462 1028 1534 ipso
1057 1461 1176 1517 divi
1223 1461 1454 1531 Georgii
1501 1461 1768 1532 martyris
1802 1461 1949 1515 festo
1981 1458 2182 1515 subita

526 1551 864 1608 incursione
912 1549 1288 1624 populantur.
1345 1553 1422 1606 Ae
1473 1549 1805 1606 decrevisse
1853 1546 2092 1604 Barbari
2124 1551 2181 1602 et

531 1655 661 1696 eam
691 1646 976 1696 tesseram
1008 1655 1042 1694 a
1071 1639 1324 1694 ducibus
1369 1637 1667 1710 accepisse
1726 1637 2080 1700 ferebantur.
2113 1639 2180 1691 ut

527 1728 760 1800 Cuperii
790 1727 1189 1784 convenirent.
1232 1727 1416 1784 Locus
1466 1728 1518 1783 is
1564 1731 1655 1782 est
1685 1743 1797 1782 non
1831 1725 2033 1798 procul
2064 1726 2180 1779 Zu-

529 1816 655 1872 rulo
711 1817 980 1882 dissitus,
1035 1817 1134 1872 ubi
1193 1821 1318 1871 tum
1378 1817 1594 1871 festum
1648 1815 1921 1888 martyris
1965 1829 2181 1885 magna

526 1905 840 1962 hominum
871 1905 1199 1977 frequentia
1241 1903 1666 1960 celebrabatur.
1717 1903 1828 1960 Sed
1867 1919 2039 1959 mane
2069 1903 2179 1958 bu-

530 1995 656 2051 mili
715 1994 932 2051 nebula
983 1999 1128 2063 orta,
1192 1993 1452 2049 maxima
1506 1993 1890 2049 Barbarorum
1954 2009 2088 2064 pars
2120 1993 2175 2047 in

531 2083 647 2140 alia
673 2083 801 2140 loca
825 2089 916 2140 est
962 2082 1152 2140 delata
1199 2087 1258 2139 et
1305 2099 1493 2155 usque
1540 2083 1612 2138 ad
1662 2083 2020 2138 maritimam
2053 2082 2178 2136 Raa-

531 2176 764 2230 destum
824 2171 1149 2240 descendit,
1213 2173 1350 2228 Pars
1408 2177 1603 2228 tamen
1662 2188 1862 2227 eorum
1909 2171 2176 2243 quaedam

2287 1191 2424 1266 πρὸς
2474 1191 2722 1264 πόλεμον
2787 1189 3002 1269 ἄραρεν.
3054 1191 3233 1249 Αὐτοῦ
3299 1191 3343 1250 δ’
3393 1192 3540 1258 ὄντος
3578 1195 3626 1252 ἐν
3650 1201 3840 1275 καχεξίᾳ,

2295 1281 2498 1345 Σκύθαι
2531 1283 2668 1354 μετὰ
2707 1281 2899 1357 μοίρας
2957 1281 3198 1358 Βλάχων
3253 1284 3341 1338 τὸν
3383 1285 3574 1360 Ἴστρον
3626 1282 3838 1351 διαϐάντες

2284 1375 2404 1432 τοῖς
2463 1375 2754 1444 Θρᾳκικοῖς
2828 1369 3193 1446 πολίσμασιν,
3261 1373 3428 1428 ὁπόσα
3490 1375 3603 1448 περὶ
3646 1377 3840 1446 Μεσήνην

2286 1459 2376 1513 καὶ
2433 1457 2808 1535 Τζουρουλὸν,
2867 1459 2958 1515 καὶ
3023 1460 3092 1515 τὰ
3157 1456 3235 1516 ἔτι
3290 1461 3490 1518 τούτων
3553 1461 3756 1538 ἐχόμενα
3805 1461 3840 1534 ἐξ

2287 1545 2486 1626 ἐφόδου
2541 1550 2750 1622 ἓκειρον
2822 1549 2940 1603 κατ’
3031 1548 3198 1618 αὐτὴν
3270 1551 3364 1619 τήν
3417 1551 3614 1622 ἐτήσιον
3674 1555 3842 1626 μνήμην

2285 1637 2561 1712 Γεωργίου
2624 1640 2723 1693 τοῦ
2792 1638 3304 1716 Χριστομάρτυρος.
3362 1641 3458 1696 Ἢν
3507 1641 3593 1713 μὶν
3647 1639 3742 1712 οὗν,
3785 1643 3839 1704 ὡς

2283 1723 2467 1800 ᾔδετο,
2515 1731 2633 1788 τοῖς
2691 1721 3002 1802 Βαρϐάροις
3056 1727 3275 1803 σκέμμα
3327 1728 3414 1783 καὶ
3477 1729 3697 1804 σύνθημα
3741 1731 3841 1800 πρὸς

2283 1820 2391 1870 τῶν
2421 1817 2709 1890 ἡγεμόνων
2742 1823 2842 1885 τῆς
2874 1813 3005 1872 ὁδοῦ
3065 1813 3220 1872 δοθὲν
3265 1817 3319 1880 ἐς
3361 1819 3420 1873 τὸ
3466 1819 3726 1893 Κουπέριον
3759 1819 3844 1898 ἀοι·

2283 1905 2466 1959 κέσθαι
2522 1907 2604 1977 (τὸ
2663 1903 2722 1960 δὶ
2778 1903 2921 1960 ἐστιν
2987 1905 3047 1961 ἐκ
3103 1907 3360 1982 γειτόνων
3412 1914 3508 1978 τῆς
3569 1907 3844 1983 Τζουρθυλοῦ

2285 1991 2652 2068 διακείμενον,
2719 1992 2841 2050 ἔνθα
2911 1995 3080 2070 ἤγετο
3155 2001 3452 2068 τηνικαῦτα
3527 2001 3599 2068 τῷ
3671 1999 3843 2072 μάρτυρι

2285 2082 2447 2157 ἔορτῆ
2513 2083 2604 2137 καὶ
2671 2085 2977 2159 πανήγυρις
3055 2087 3490 2159 συγκεκρότητο(,
3545 2083 3752 2160 ὁμίχλης
3803 2082 3842 2140 δὲ

2281 2170 2744 2245 περισπασθείσης
2769 2168 2936 2237 ἔωθεν
2961 2173 3330 2252 χαμαιφερῶς
3373 2174 3434 2229 τὸ
3473 2175 3561 2247 μέν
3605 2172 3725 2229 πολύ
3765 2178 3842 2228 τῶν

533 2263 592 2318 in
624 2262 938 2334 Cuperium
972 2261 1200 2332 irrupit.
1259 2261 1543 2317 Caeterum
1602 2260 1915 2316 multitudo
1947 2276 2072 2332 quas
2103 2260 2171 2315 ad

2285 2253 2584 2334 Βαρϐάρων
2639 2263 2740 2325 τῆς
2798 2259 3167 2335 προκειμένης
3236 2261 3526 2338 ἀποῇῥαγέν
3584 2262 3651 2324 εἷς
3708 2262 3832 2337 χωρία

536 2353 754 2410 festum
810 2355 1179 2419 convenerat,
1239 2349 1431 2421 pstius
1487 2353 1612 2405 rata
1664 2349 1780 2404 vim
1839 2347 2178 2421 propulsare

540 2458 716 2513 quam
747 2439 1015 2507 tolerare,
1046 2440 1317 2496 curribus
1349 2438 1633 2511 templum
1685 2437 1930 2506 vallavit,
1967 2443 2025 2494 et
2055 2438 2177 2508 pri-

538 2547 646 2586 mae
678 2531 1062 2586 Barbarorum
1093 2528 1415 2585 incursioni
1444 2529 1667 2584 aditum
1705 2527 1870 2584 facile
1911 2526 2180 2582 interclu-

532 2619 632 2686 sit,
690 2635 826 2676 cum
884 2617 1110 2692 Scthrs
1181 2634 1362 2690 pagos
1437 2634 1768 2690 oppugnare
1847 2633 1965 2672 non
2024 2615 2177 2672 sole-

530 2711 680 2778 rent,
711 2710 769 2764 et
797 2721 956 2763 nunc
985 2707 1163 2763 etiam
1195 2706 1433 2762 urbium
1468 2705 1826 2761 munitiones
1857 2703 2176 2772 declinent,

530 2801 594 2852 ut
624 2796 724 2868 qui
757 2794 1008 2853 turbinis
1037 2795 1228 2851 instar
1273 2795 1459 2868 primo
1505 2793 1789 2850 duntaxat
1819 2793 2043 2865 impetu
2074 2794 2179 2850 ob-

522 2885 638 2943 viis
668 2885 1006 2958 quibusque
1038 2884 1281 2940 vastatis
1309 2885 1546 2940 domum
1581 2899 1709 2938 sese
1741 2881 2050 2954 recipiant.
2071 2886 2177 2938 Eos

522 2979 720 3030 tamen
751 2972 851 3045 qui
882 2972 1098 3028 omisso
1128 2970 1347 3043 templo
1399 2970 1682 3026 Zurulum
1714 2971 1874 3026 604
1902 2970 2176 3042 petebant

523 3076 731 3118 omnes
789 3063 1241 3132 interceperant.
1305 3060 1515 3117 Verum
1565 3060 1823 3116 universi
1881 3058 2173 3115 malorum

525 3154 791 3221 expertes
843 3148 1116 3218 fuissent,
1157 3149 1272 3204 nisi
1323 3149 1760 3220 perditissimus
1789 3148 2172 3221 Bacendytes,

527 3239 631 3310 qui
697 3237 1008 3311 colligendi
1070 3236 1377 3310 vectigalis
1442 3254 1580 3312 ergo
1647 3244 1904 3305 venerat,
1971 3239 2172 3294 Brane

525 3327 835 3395 Theodori,
904 3329 1006 3400 qui
1082 3327 1134 3384 ei
1203 3329 1506 3400 provincias
1598 3333 1862 3400 praeerat,
1955 3326 2175 3384 monita

525 3418 862 3490 sprevisset.
947 3417 1218 3474 Edixerat
1305 3424 1502 3476 autem
1595 3435 1668 3476 ne
1757 3417 2008 3492 pepulus
2099 3418 2171 3474 ad

524 3508 741 3564 festum
805 3508 1160 3577 conveniret,
1227 3513 1285 3564 et
1349 3508 1697 3581 Scytharum
1772 3508 2170 3564 incursionem

2288 2347 2634 2424 μετέῤῥευσεν
2688 2343 2866 2424 ἕτερα,
2964 2348 3134 2428 μέχρι
3209 2349 3302 2405 καί
3347 2355 3442 2406 τοῦ
3486 2349 3702 2424 παρὰλου
3732 2357 3836 2406 Ῥαι-

2284 2434 2475 2492 δεστοῦ
2503 2437 2712 2508 κατιὸν,
2757 2443 2924 2512 μοῖρα
2950 2435 3010 2493 δὲ
3038 2459 3122 2501 τις
3146 2438 3328 2495 αὐτῶν
3352 2439 3472 2516 περὶ
3507 2441 3564 2494 τὸ
3617 2441 3840 2513 Κουπὲριον

2283 2524 2594 2600 ἐνσκήψασα
2643 2527 2720 2588 εἰς
2781 2527 2874 2600 μὲν
2929 2529 3021 2583 τὸν
3079 2530 3204 2584 ναὸν
3257 2529 3348 2585 καὶ
3397 2529 3460 2586 τὸ
3505 2527 3750 2602 περίαυλον
3773 2527 3840 2582 οὐκ

2284 2615 2632 2687 εἰσήλθοσαν·
2663 2617 2727 2672 τὸ
2757 2617 2863 2692 γὰρ
2895 2617 3154 2683 συνελθὸν
3179 2617 3398 2690 πλῆθος
3423 2617 3506 2674 ἐπὶ
3539 2623 3608 2692 τῷ
3655 2619 3710 2672 τὰ
3758 2618 3842 2671 δσια

2281 2705 2498 2760 τελέσαι
2541 2703 2621 2777 τῷ
2681 2705 2938 2782 μάρτυρι,
3006 2704 3200 2783 δρᾶται
3265 2729 3318 2764 τι
3385 2705 3584 2783 μᾶλλον
3627 2705 3840 2784 φθάσαιιῆ

2280 2799 2470 2858 παθεῖν
2527 2793 2824 2868 ἀναμεῖναν
2889 2797 3141 2872 κεκρικὸς
3207 2795 3354 2867 δέον,
3408 2796 3597 2871 ἁμάξας
3659 2794 3843 2870 ἆγηοχός

2280 2882 2374 2938 καὶ
2484 2885 2574 2938 τὸν
2651 2883 2786 2940 νεὼν
2858 2890 3329 2963 περιφραγμῶσαν
3400 2887 3530 2942 κατά
3615 2887 3699 2954 τὴν
3743 2881 3844 2958 πρῶ·

2283 2992 2385 3042 την
2419 2969 2574 3036 εὐθὺς
2645 2975 2754 3027 τῶν
2832 2967 3130 3048 Βαρϐάρων
3210 2973 3486 3031 ἐπέλευσιν
3588 2974 3646 3028 τὰ
3723 2971 3845 3027 ἐκεῖσε

2281 3059 2572 3115 πεποίοκεν
2612 3055 2787 3118 ἄϐατα
2826 3059 3016 3122 ἂλλως
3074 3083 3134 3118 τε
3170 3063 3267 3118 καὶ
3319 3067 3434 3126 τοῖς
3488 3062 3689 3126 Σκύθαις
3734 3056 3845 3114 ἀπεί-

2283 3169 2442 3226 ρηται
2489 3157 2852 3228 τειχομαχεῖν
2899 3151 2966 3207 τὰ
3012 3151 3064 3208 ἐν
3123 3155 3346 3228 κώμαις
3418 3152 3774 3228 ὶκτρεπομένοις
3807 3147 3846 3207 ἐς

2282 3235 2442 3314 δεῦρο
2495 3239 2589 3294 καὶ
2635 3238 2858 3296 πόλεσιν
2927 3240 3294 3317 ὀχυρώματα,
3360 3244 3431 3306 ὡς
3494 3243 3574 3298 οἷα
3621 3240 3732 3316 πρὸς
3773 3236 3844 3304 τήν

2281 3330 2505 3404 πρώτην
2559 3330 2739 3403 ὁρμὴν
2797 3329 2936 3384 κατᾶ
3000 3329 3277 3396 λαίλαπος
3333 3332 3532 3403 κίνησιν
3573 3326 3844 3406 ἂναῤῥιπτόν·

2277 3438 2386 3472 των
2426 3417 2496 3473 τὰ
2543 3417 2596 3473 ἐν
2645 3422 2774 3474 ποσὶ
2831 3419 2924 3474 καὶ
2975 3420 3113 3495 πρὸς
3179 3418 3290 3492 ἤθη
3337 3423 3404 3477 τὰ
3457 3421 3612 3476 οἰκεῖα
3652 3435 3840 3493 μεταχω-

2280 3505 2539 3582 ρούντων.
2581 3507 2724 3570 Τοὺς
2773 3505 2832 3562 δὲ
2862 3529 2923 3584 γε
2974 3513 3074 3564 τοῦ
3102 3511 3210 3565 νεὼ
3260 3511 3550 3587 ἀφεμένους
3573 3507 3778 3581 καὶπρὸς
3795 3503 3838 3558 τῦ

519 3597 830 3663 indicarat,
901 3597 1130 3670 optione
1208 3600 1346 3654 data
1427 3603 1624 3654 utrum
1690 3597 1843 3652 dicto
1911 3597 2163 3652 audien-

2277 3594 2531 3670 πόλισμα
2559 3596 2656 3652 τὸν
2681 3595 3033 3671 Τζουρουλὸν
3064 3599 3144 3662 ὡς
3173 3597 3307 3675 ἔχον
3369 3604 3533 3656 σῶσαι
3585 3593 3838 3672 μεταχωρή-

517 3693 610 3746 tes
657 3692 716 3745 et
772 3667 1101 3744 incolumes
1149 3703 1300 3756 esse,
1333 3704 1406 3744 an
1465 3687 1681 3759 spretis
1741 3686 1866 3742 suis
1926 3686 2166 3742 monitis

2277 3667 2469 3748 σαντας
2551 3667 2840 3761 πανδημεὶ⁷
2927 3667 3400 3764 ᾐχμαλώτευσαν,
3497 3667 3596 3764 μὴ-
3639 3667 3830 3742 λαϐέσθαι

517 3775 704 3848 perire
771 3775 1033 3833 mallent.
1103 3775 1271 3832 Nunc
1335 3775 1388 3832 is
1467 3775 1570 3848 qui
1639 3775 1860 3831 mundo
1928 3790 2164 3847 prorsus

2277 3773 2578 3849 φθάσαντας
2605 3780 2704 3832 τοῦ
2744 3775 3036 3851 ἐρύματος.
3079 3779 3252 3834 Ἦσαν
3313 3777 3360 3835 δ’
3421 3778 3481 3835 ἄν
3536 3780 3718 3833 ἅπαντες
3755 3771 3824 3822 τοῦ

514 3865 895 3932 renuntiaret,
945 3865 1047 3938 qui
1080 3866 1311 3938 planea
1379 3865 1632 3922 terrenis
1689 3865 1865 3920 rebus
1922 3863 2161 3920 avulsus

2277 3868 2444 3920 μιακοῦ
2503 3872 2604 3934 τῆς
2638 3863 3027 3941 αἰχμαλωσίας
3055 3867 3364 3944 ἂπείρατοι,
3415 3868 3458 3924 εἷ
3516 3868 3588 3942 μή
3629 3853 3827 3919 tadum.

515 3959 660 4021 erat,
707 3955 1039 4011 Christiano
1086 3955 1268 4026 pallio
1339 3953 1490 4011 ultro
1539 3953 1770 4020 induto,
1821 3955 2040 4009 veritus
2089 3970 2163 4010 ne

2277 3952 2656 4028 ὶπολούμενος
2686 3953 3015 4029 ῥακενδύτης
3065 3957 3126 4020 ὅς
3183 3957 3246 4014 ἐκ
3300 3965 3402 4028 τῆς
3441 3953 3714 4033 Ἀντιγόνου
3757 3965 3832 4020 μο-

513 4045 627 4101 sibi
657 4060 841 4102 terens
873 4049 1054 4102 stater
1082 4044 1344 4116 disperso
1397 4061 1514 4117 p0p
1532 4043 1626 4100 nlo
1672 4043 2022 4112 elaberetur,
2068 4042 2161 4098 lit-

2277 4049 2364 4111 νῆς
2391 4041 2564 4098 ἐκεῖσε
2602 4043 2826 4122 ἀφίκετο
2879 4043 3210 4116 τελωνήσων
3265 4049 3368 4118 τήν
3411 4047 3700 4121 πανήγυριν,
3739 4033 3832 4108 παΡ’

511 4139 666 4189 teras
689 4149 790 4190 eas
819 4133 876 4188 in
909 4132 1042 4188 sinu
1075 4132 1298 4188 abdidit
1327 4139 1380 4189 et
1408 4132 1468 4186 in
1500 4131 1668 4204 nigra
1693 4135 1848 4186 veste
1879 4135 2158 4201 tanquam

2277 4127 2415 4186 νύδὲν
2453 4129 2602 4187 ἔθετο
2633 4132 2732 4186 ὅσα
2768 4132 2837 4202 ἦν
2886 4131 3196 4198 ἐπιστείλας
3257 4137 3285 4190 ὁ
3346 4135 3546 4213 Βράνᾶς
3595 4126 3830 4199 Θεόδωρος,

511 4223 571 4278 in
601 4222 858 4279 tenebris
905 4221 1251 4292 occultavit;
1283 4226 1344 4278 et
1373 4220 1586 4294 pepulo
1644 4220 1930 4292 praedixit,
1989 4218 2160 4290 quasi

2277 4218 2322 4278 ἴς
2378 4223 2490 4276 τῶν
2549 4219 2713 4276 ἐκεῖθι
2773 4226 2972 4297 χωρῶν
3033 4225 3384 4298 ἡγεμόνευεν,
3469 4217 3832 4297 ἀπαγορεύσαντα

511 4318 671 4368 vates
709 4315 866 4368 esset
921 4311 1098 4368 homo
1152 4310 1500 4368 eorradendi
1553 4325 1830 4365 nummos
1859 4315 1919 4365 et
1950 4308 2159 4364 nundi-

2277 4309 2358 4376 μὲν
2414 4312 2514 4380 τὴν
2569 4315 2678 4366 τῶν
2727 4309 2954 4367 πολλῶν
3003 4309 3056 4375 ἐς
3107 4313 3172 4368 τὸ
3245 4314 3545 4388 Κουπέριον
3571 4305 3834 4382 συνδρομήνν

509 4398 688 4455 nandi
744 4398 1002 4472 peritior,
1034 4416 1133 4455 eos
1181 4397 1331 4454 nihil
1381 4397 1521 4454 mali
1578 4413 1900 4470 passuros:
1938 4398 2155 4453 famam

505 4503 660 4558 saepe
686 4487 989 4544 veritatem
1023 4488 1376 4560 opprimere,
1419 4502 1610 4559 neque
1663 4487 1806 4543 certi
1836 4486 2153 4558 quidquam

503 4575 976 4647 afferreﬁcythas
1007 4579 1203 4631 autem
1237 4586 1372 4631 cum
1406 4591 1618 4648 magna
1655 4577 1850 4648 praeda
1880 4577 2154 4632 receden-

501 4667 593 4720 tes
626 4664 922 4720 Romanus
953 4665 1257 4732 exercitus,
1291 4666 1392 4736 qui
1437 4665 1669 4737 Byziam
1723 4665 2018 4734 tuebatur,
2051 4681 2152 4737 ag-

501 4752 785 4823 greditur,
821 4752 1009 4823 caadit,
1040 4752 1099 4808 in
1133 4753 1329 4825 fugam
1363 4753 1620 4825 conjicit,
1652 4754 1806 4810 665
1843 4753 2150 4810 maximam

503 4842 706 4914 praeda:
776 4851 996 4914 partem
1055 4851 1378 4914 recuperat,
1436 4859 1566 4899 eam
1625 4848 1820 4900 tamen
1877 4861 1991 4898 nou
2049 4844 2152 4900 diu

501 4936 679 4989 tenet.
707 4931 848 4990 Nam
883 4931 1276 4989 Romanorum
1321 4931 1607 4988 naturalis
1663 4938 1718 4988 et
1766 4932 1969 4988 insana
2001 4937 2060 4988 et
2089 4931 2150 4988 in

2257 4399 2359 4468 τήν
2389 4395 2435 4454 δ’
2475 4396 2782 4474 ἐπιδρομὴν
2815 4405 2924 4456 τῶν
2957 4403 3180 4457 Σκυθῶν
3213 4405 3298 4477 [Ρ.
3333 4405 3459 4478 324]
3497 4393 3834 4474 ἀπαγγέλλοντα

2257 4488 2350 4543 καὶ
2379 4491 2703 4564 προτιθέντα
2733 4491 2967 4566 αἳρεσιν,
2997 4488 3035 4561 ἥ
3064 4497 3253 4549 κακῶν
3294 4493 3516 4554 ἀπαθεῖς
3575 4490 3697 4544 εἶναι
3739 4481 3835 4542 τοὺς

2259 4577 2619 4641 συνελθόντας
2673 4583 2784 4634 τῶν
2875 4578 3280 4654 ἐντελλομένων
3347 4580 3656 4640 ἀκούσαντας
3699 4572 3729 4644 ἢ
3771 4589 3836 4625 τε·

2259 4667 2440 4732 θνάναι
2507 4674 2972 4744 παρακούσαντας,
3041 4675 3150 4726 Νῦν
3229 4668 3287 4728 δὲ
3347 4673 3377 4726 ό
3433 4674 3548 4732 τοῖς
3603 4666 3649 4722 ἐν
3685 4661 3833 4732 κόσμῳ

2256 4755 2448 4813 ἐπίπαν
2479 4756 2882 4832 ἀποταξάμενος
2903 4761 2995 4815 καὶ
3043 4759 3319 4837 λαμπρῶς
3381 4767 3481 4817 τῶν
3526 4759 3660 4813 κάτω
3703 4745 3834 4823 ἀπορ·

2256 4847 2464 4920 ῥαγεῖς,
2521 4847 2585 4902 τὸ
2672 4844 2730 4902 δὲ
2775 4848 2917 4904 κατᾶ
2978 4851 3213 4924 Χριστὸν
3267 4845 3555 4926 τριϐώνιον
3607 4838 3833 4905 ἐθελοντής

2257 4933 2480 5004 ὑποδὺς,
2511 4932 2688 5000 δείσας
2721 4938 2798 5010 μή
2835 4937 3071 5012 χάλκεος
3108 4941 3315 5015 πατὴρ
3371 4937 3525 4996 αὐτὸν
3577 4929 3822 5006 διαδράσεη

500 5021 676 5078 rebus
727 5021 968 5079 minime
1010 5022 1492 5078 convenientibus
1543 5025 1860 5077 contumax
1909 5021 2150 5079 avaritia

2277 5027 2354 5078 τοῦ
2393 5021 2504 5079 λεὼ
2547 5021 2968 5101 διασπαρέντος,
3021 5029 3124 5098 τὴν
3186 5029 3282 5102 μὲν
3326 5026 3518 5084 δέλτον
3566 5027 3639 5096 τῷ
3681 5017 3834 5084 κόλπῳ

499 5108 798 5166 victoriam
826 5113 1126 5184 corrupit;
1161 5113 1260 5183 qui
1293 5127 1422 5166 cum
1479 5109 1582 5166 toti
1641 5110 1700 5166 in
1756 5127 1823 5166 eo
1855 5115 2052 5168 essent
2085 5116 2148 5168 ut

2277 5108 2476 5168 ;νὲϐυσε
2529 5113 2620 5168 καὶ
2686 5113 2761 5178 ὡς
2819 5113 2872 5170 ἐν
2924 5115 3102 5171 σκότει
3152 5120 3224 5192 τῇ
3277 5111 3645 5190 μελανειμονίᾳ
3691 5111 3836 5192 ἷπαριῖ

495 5199 726 5271 Scythis
757 5202 1008 5272 praedem
1039 5217 1104 5256 ex
1137 5216 1276 5273 agro
1323 5201 1586 5256 Romano
1637 5205 1928 5270 receptam
1963 5205 2147 5256 extor-

2277 5205 2456 5276 τεμψε,
2515 5207 2633 5266 τοῖς
2692 5199 2739 5258 δ’
2797 5189 3209 5281 ἀγειρομένοις⁷
3246 5203 3564 5281 προύλεγεν,
3603 5202 3670 5262 ὡς
3707 5189 3834 5281 εἶκαὶ

495 5294 763 5358 querent,
795 5306 894 5347 eos
927 5290 1027 5363 qui
1067 5291 1371 5363 fugiebant
1411 5291 1468 5345 in
1525 5305 1588 5345 se
1645 5294 2058 5348 converterunt
2085 5296 2144 5348 et

2277 5293 2541 5369 προφήτου
2599 5293 2665 5362 ἧν
2716 5279 3098 5370 περισσότερος
3155 5295 3184 5350 ὁ
3223 5279 3323 5366 τῆς
3385 5279 3600 5360 ἐννοίας,
3645 5287 3751 5349 ἔνθα
3784 5279 3831 5370 ῗδ

497 5376 758 5434 vicissim
791 5379 972 5451 fugati
1003 5385 1165 5436 sunt.

2277 5368 2466 5456 ιέρδος,
2493 5368 2798 5458 ἐμπορικὸς
2849 5385 2944 5440 καὶ
3001 5368 3360 5461 δριμύπατος,
3392 5387 3465 5448 ὡς
3495 5380 3637 5440 ούδὲν
3662 5399 3706 5434 τι
3739 5368 3831 5461 ml:-

493 5479 677 5551 σονται
776 5463 938 5536 ἀηδὶς
968 5467 1058 5523 καὶ
1133 5469 1325 5524 ὁποῖον
1396 5468 1452 5522 αἱ
1527 5475 1708 5547 φῆμαι
1773 5468 1840 5526 τὰ
1869 5468 2056 5526 πολλά
2083 5471 2182 5542 τήν
2209 5455 2468 5543 ἀλήθειαν
2498 5455 2853 5547 τυραννοῢσαι
2887 5475 2964 5548 μὴ
2997 5455 3272 5551 διακριδὸν
3297 5455 3723 5550 καταγγελλουσι.
3748 5455 3828 5551 Καὶ

491 5548 635 5606 οὕτω
695 5551 790 5624 μὲν
837 5555 891 5608 οἳ
940 5556 1142 5620 Σκύθαι
1221 5554 1372 5612 λείαν
1448 5556 1737 5622 ἐλάσαντες
1837 5557 2056 5630 πολλὴν
2128 5559 2500 5638 ἀνεζεύγνυον,
2572 5561 2600 5615 ὁ
2677 5557 2735 5617 δὲ
2803 5547 2906 5632 τήν
2961 5547 3164 5638 Βυζίήν
3239 5547 3524 5640 φυλάσσων
3573 5547 3828 5630 Ῥωμαϊκὸς

489 5641 742 5716 στρατὸς,
823 5643 1010 5714 μαθὼν
1037 5643 1306 5700 ἐπανιέναι
1377 5645 1506 5712 τοὺς
1577 5648 1810 5719 Σκύθας,
1883 5649 1986 5720 τὴν
2013 5647 2093 5705 ἐπ’
2167 5648 2366 5714 αὐτοὺς
2407 5649 2689 5725 ἐτράπετο.
2749 5651 2905 5711 Ἐπεὶ
2977 5650 3038 5711 8t
3108 5655 3199 5711 καὶ
3253 5647 3546 5710 συνέϐαλον
