  <div class='ocr_page' id='page_1' title='image "/cluster/home/n/w/nwhite01/storage/ocr_20150623/139/hvd.32044023361710/446.png"; bbox 0 0 4072 6218; ppageno 0'>
   <div class='ocr_carea' id='block_1_1' title="bbox 302 356 422 420">
    <p class='ocr_par' dir='ltr' id='par_1_1' title="bbox 302 356 422 420">
     <span class='ocr_line' id='line_1_1' title="bbox 302 356 422 420; baseline 0.008 -2"><span class='ocrx_word' id='word_1_1' title='bbox 302 356 422 420; x_wconf 72' lang='grc'>881</span> 
     </span>
    </p>
   </div>
   <div class='ocr_carea' id='block_1_2' title="bbox 1153 357 2781 427">
    <p class='ocr_par' dir='ltr' id='par_1_2' title="bbox 1153 357 2781 427">
     <span class='ocr_line' id='line_1_2' title="bbox 1153 357 2781 427; baseline -0.004 -4"><span class='ocrx_word' id='word_1_2' title='bbox 1153 362 1253 423; x_wconf 84' lang='lat' dir='ltr'><strong>DE</strong></span> <span class='ocrx_word' id='word_1_3' title='bbox 1296 364 1598 427; x_wconf 85' lang='lat' dir='ltr'>ALEXIO</span> <span class='ocrx_word' id='word_1_4' title='bbox 1639 362 1922 425; x_wconf 85' lang='lat' dir='ltr'>ISAACII</span> <span class='ocrx_word' id='word_1_5' title='bbox 1968 357 2257 421; x_wconf 79' lang='lat' dir='ltr'>ANGLLl</span> <span class='ocrx_word' id='word_1_6' title='bbox 2308 358 2424 418; x_wconf 67' lang='lat' dir='ltr'>FB.</span> <span class='ocrx_word' id='word_1_7' title='bbox 2477 358 2627 419; x_wconf 85' lang='lat' dir='ltr'>LIB.</span> <span class='ocrx_word' id='word_1_8' title='bbox 2681 357 2781 425; x_wconf 78' lang='lat' dir='ltr'>iIl.</span> 
     </span>
    </p>
   </div>
   <div class='ocr_carea' id='block_1_3' title="bbox 3608 362 3728 422">
    <p class='ocr_par' dir='ltr' id='par_1_3' title="bbox 3608 362 3728 422">
     <span class='ocr_line' id='line_1_3' title="bbox 3608 362 3728 422; baseline 0 -1"><span class='ocrx_word' id='word_1_9' title='bbox 3608 362 3728 422; x_wconf 78' lang='lat'>882</span> 
     </span>
    </p>
   </div>
   <div class='ocr_carea' id='block_1_4' title="bbox 299 489 3726 574">
    <p class='ocr_par' dir='ltr' id='par_1_4' title="bbox 299 489 3726 574">
     <span class='ocr_line' id='line_1_4' title="bbox 299 489 3726 574; baseline 0.001 -27"><span class='ocrx_word' id='word_1_10' title='bbox 299 491 373 547; x_wconf 72' lang='grc' dir='ltr'>τὰ</span> <span class='ocrx_word' id='word_1_11' title='bbox 401 489 803 564; x_wconf 81' lang='grc' dir='ltr'>στρατεύματα,</span> <span class='ocrx_word' id='word_1_12' title='bbox 825 497 1015 565; x_wconf 88' lang='grc' dir='ltr'>κρατεῖ</span> <span class='ocrx_word' id='word_1_13' title='bbox 1040 493 1104 547; x_wconf 87' lang='grc' dir='ltr'>τὸ</span> <span class='ocrx_word' id='word_1_14' title='bbox 1136 492 1428 569; x_wconf 56' lang='grc' dir='ltr'>⁴ἡμέτερον,</span> <span class='ocrx_word' id='word_1_15' title='bbox 1481 498 1644 574; x_wconf 85' lang='grc' dir='ltr'>φόνος</span> <span class='ocrx_word' id='word_1_16' title='bbox 1689 516 1747 551; x_wconf 88' lang='grc' dir='ltr'>τε</span> <span class='ocrx_word' id='word_1_17' title='bbox 1795 494 1883 550; x_wconf 82' lang='grc' dir='ltr'>καὶ</span> <span class='ocrx_word' id='word_1_18' title='bbox 1949 496 2125 567; x_wconf 73' lang='grc' dir='ltr'>τροπὴ</span> <span class='ocrx_word' id='word_1_19' title='bbox 2184 492 2385 569; x_wconf 86' lang='grc' dir='ltr'>γίνεται</span> <span class='ocrx_word' id='word_1_20' title='bbox 2437 494 2546 546; x_wconf 83' lang='grc' dir='ltr'>τῶν</span> <span class='ocrx_word' id='word_1_21' title='bbox 2608 493 2850 561; x_wconf 81' lang='grc' dir='ltr'>Σκυθῶν,</span> <span class='ocrx_word' id='word_1_22' title='bbox 2909 491 2999 546; x_wconf 83' lang='grc' dir='ltr'>καὶ</span> <span class='ocrx_word' id='word_1_23' title='bbox 3055 492 3117 546; x_wconf 87' lang='grc' dir='ltr'>τὸ</span> <span class='ocrx_word' id='word_1_24' title='bbox 3171 498 3272 562; x_wconf 78' lang='grc' dir='ltr'>τῆς</span> <span class='ocrx_word' id='word_1_25' title='bbox 3337 489 3726 569; x_wconf 79' lang='grc' dir='ltr'>αἰχμαλωσίας</span> 
     </span>
    </p>
   </div>
   <div class='ocr_carea' id='block_1_5' title="bbox 301 578 3719 661">
    <p class='ocr_par' dir='ltr' id='par_1_5' title="bbox 301 578 3719 661">
     <span class='ocr_line' id='line_1_5' title="bbox 301 578 3719 661; baseline 0.001 -25"><span class='ocrx_word' id='word_1_26' title='bbox 301 578 566 637; x_wconf 77' lang='grc' dir='ltr'>πλεῖστον</span> <span class='ocrx_word' id='word_1_27' title='bbox 597 579 830 649; x_wconf 65' lang='grc' dir='ltr'>ἀνίεται,</span> <span class='ocrx_word' id='word_1_28' title='bbox 877 580 969 636; x_wconf 81' lang='grc' dir='ltr'>καὶ</span> <span class='ocrx_word' id='word_1_29' title='bbox 1024 584 1173 636; x_wconf 77' lang='grc' dir='ltr'>τοῦτ’</span> <span class='ocrx_word' id='word_1_30' title='bbox 1225 582 1313 638; x_wconf 80' lang='grc' dir='ltr'>ἐπὶ</span> <span class='ocrx_word' id='word_1_31' title='bbox 1358 585 1557 661; x_wconf 84' lang='grc' dir='ltr'>βραχύ·</span> <span class='ocrx_word' id='word_1_32' title='bbox 1620 586 1654 652; x_wconf 80' lang='grc' dir='ltr'><strong>ἡ</strong></span> <span class='ocrx_word' id='word_1_33' title='bbox 1712 587 1813 661; x_wconf 73' lang='grc' dir='ltr'>γὰρ</span> <span class='ocrx_word' id='word_1_34' title='bbox 1873 583 2150 659; x_wconf 87' lang='grc' dir='ltr'>σύμφυτος</span> <span class='ocrx_word' id='word_1_35' title='bbox 2206 581 2296 636; x_wconf 84' lang='grc' dir='ltr'>καὶ</span> <span class='ocrx_word' id='word_1_36' title='bbox 2360 578 2639 654; x_wconf 77' lang='grc' dir='ltr'>μανιώδης</span> <span class='ocrx_word' id='word_1_37' title='bbox 2696 581 2828 648; x_wconf 61' lang='grc' dir='ltr'>κάπξ</span> <span class='ocrx_word' id='word_1_38' title='bbox 2884 587 3003 642; x_wconf 91' lang='grc' dir='ltr'>τοῖς</span> <span class='ocrx_word' id='word_1_39' title='bbox 3063 578 3335 654; x_wconf 73' lang='grc' dir='ltr'>μηδαμῶς</span> <span class='ocrx_word' id='word_1_40' title='bbox 3392 584 3719 654; x_wconf 76' lang='grc' dir='ltr'>καθήκουσιν</span> 
     </span>
    </p>
   </div>
   <div class='ocr_carea' id='block_1_6' title="bbox 301 668 3723 750">
    <p class='ocr_par' dir='ltr' id='par_1_6' title="bbox 301 668 3723 750">
     <span class='ocr_line' id='line_1_6' title="bbox 301 668 3723 750; baseline 0.002 -24"><span class='ocrx_word' id='word_1_41' title='bbox 301 668 643 745; x_wconf 76' lang='grc' dir='ltr'>ἂμετάθετος</span> <span class='ocrx_word' id='word_1_42' title='bbox 671 670 964 743; x_wconf 87' lang='grc' dir='ltr'>Ῥωμαίων</span> <span class='ocrx_word' id='word_1_43' title='bbox 998 669 1278 747; x_wconf 86' lang='grc' dir='ltr'>λίχνευσις</span> <span class='ocrx_word' id='word_1_44' title='bbox 1308 674 1407 742; x_wconf 73' lang='grc' dir='ltr'>τήν</span> <span class='ocrx_word' id='word_1_45' title='bbox 1436 673 1590 745; x_wconf 84' lang='grc' dir='ltr'>νίκην</span> <span class='ocrx_word' id='word_1_46' title='bbox 1624 671 1941 750; x_wconf 68' lang='grc' dir='ltr'>διέφθειρεν*</span> <span class='ocrx_word' id='word_1_47' title='bbox 1974 669 2136 729; x_wconf 87' lang='grc' dir='ltr'>Ὄλοι</span> <span class='ocrx_word' id='word_1_48' title='bbox 2158 670 2266 746; x_wconf 79' lang='grc' dir='ltr'>γὰρ</span> <span class='ocrx_word' id='word_1_49' title='bbox 2295 673 2391 725; x_wconf 78' lang='grc' dir='ltr'>τοῦ</span> <span class='ocrx_word' id='word_1_50' title='bbox 2414 668 2744 743; x_wconf 83' lang='grc' dir='ltr'>ἀφαρπάζειν</span> <span class='ocrx_word' id='word_1_51' title='bbox 2776 669 2865 723; x_wconf 84' lang='grc' dir='ltr'>καὶ</span> <span class='ocrx_word' id='word_1_52' title='bbox 2892 670 3204 749; x_wconf 72' lang='grc' dir='ltr'>μεταφέρειν</span> <span class='ocrx_word' id='word_1_53' title='bbox 3254 671 3530 745; x_wconf 81' lang='grc' dir='ltr'>γινόμενοι</span> <span class='ocrx_word' id='word_1_54' title='bbox 3587 670 3723 733; x_wconf 71' lang='grc' dir='ltr'>ἅπερ</span> 
     </span>
    </p>
   </div>
   <div class='ocr_carea' id='block_1_7' title="bbox 298 756 3716 838">
    <p class='ocr_par' dir='ltr' id='par_1_7' title="bbox 298 756 3716 838">
     <span class='ocr_line' id='line_1_7' title="bbox 298 756 3716 838; baseline 0.001 -25"><span class='ocrx_word' id='word_1_55' title='bbox 298 759 442 834; x_wconf 70' lang='grc' dir='ltr'>¹ἦγον</span> <span class='ocrx_word' id='word_1_56' title='bbox 475 758 527 812; x_wconf 77' lang='grc' dir='ltr'>οἱ</span> <span class='ocrx_word' id='word_1_57' title='bbox 566 758 767 814; x_wconf 80' lang='grc' dir='ltr'>Σκύθαι</span> <span class='ocrx_word' id='word_1_58' title='bbox 798 760 895 821; x_wconf 77' lang='grc' dir='ltr'>τὰς</span> <span class='ocrx_word' id='word_1_59' title='bbox 925 760 1232 834; x_wconf 76' lang='grc' dir='ltr'>Ῥωμαϊκὰς</span> <span class='ocrx_word' id='word_1_60' title='bbox 1264 762 1454 838; x_wconf 86' lang='grc' dir='ltr'>χώρας</span> <span class='ocrx_word' id='word_1_61' title='bbox 1482 764 1880 838; x_wconf 72' lang='grc' dir='ltr'>πορθήσαντες,</span> <span class='ocrx_word' id='word_1_62' title='bbox 1919 762 1982 817; x_wconf 86' lang='grc' dir='ltr'>τὸ</span> <span class='ocrx_word' id='word_1_63' title='bbox 2011 759 2169 816; x_wconf 83' lang='grc' dir='ltr'>ἀπιὸν</span> <span class='ocrx_word' id='word_1_64' title='bbox 2196 758 2287 814; x_wconf 85' lang='grc' dir='ltr'>καὶ</span> <span class='ocrx_word' id='word_1_65' title='bbox 2320 756 2643 833; x_wconf 80' lang='grc' dir='ltr'>δραπετεῦον</span> <span class='ocrx_word' id='word_1_66' title='bbox 2690 756 2960 833; x_wconf 84' lang='grc' dir='ltr'>πολέμιον</span> <span class='ocrx_word' id='word_1_67' title='bbox 3018 758 3310 835; x_wconf 71' lang='grc' dir='ltr'>ἐπέστρεψε</span> <span class='ocrx_word' id='word_1_68' title='bbox 3364 763 3482 817; x_wconf 81' lang='grc' dir='ltr'>καθ’</span> <span class='ocrx_word' id='word_1_69' title='bbox 3534 763 3716 837; x_wconf 61' lang='grc' dir='ltr'>ἑαυτὸ,</span> 
     </span>
    </p>
   </div>
   <div class='ocr_carea' id='block_1_8' title="bbox 297 847 1336 925">
    <p class='ocr_par' dir='ltr' id='par_1_8' title="bbox 297 847 1336 925">
     <span class='ocr_line' id='line_1_8' title="bbox 297 847 1336 925; baseline 0.003 -21"><span class='ocrx_word' id='word_1_70' title='bbox 297 850 395 904; x_wconf 84' lang='grc' dir='ltr'>καὶ</span> <span class='ocrx_word' id='word_1_71' title='bbox 427 847 694 919; x_wconf 80' lang='grc' dir='ltr'>παλίωξιν</span> <span class='ocrx_word' id='word_1_72' title='bbox 725 847 962 905; x_wconf 77' lang='grc' dir='ltr'>ἐντεῦθεν</span> <span class='ocrx_word' id='word_1_73' title='bbox 994 849 1336 925; x_wconf 73' lang='grc' dir='ltr'>εἰργάσαντο.</span> 
     </span>
    </p>
   </div>
   <div class='ocr_carea' id='block_1_9' title="bbox 1720 1112 2298 1209">
    <p class='ocr_par' dir='ltr' id='par_1_9' title="bbox 1720 1112 2298 1209">
     <span class='ocr_line' id='line_1_9' title="bbox 1720 1112 2298 1209; baseline 0 -2"><span class='ocrx_word' id='word_1_74' title='bbox 1720 1112 2148 1209; x_wconf 86' lang='grc' dir='ltr'>ΤΟΜΟΣ</span> <span class='ocrx_word' id='word_1_75' title='bbox 2230 1114 2298 1207; x_wconf 91' lang='grc' dir='ltr'><strong>Γ</strong></span> 
     </span>
    </p>
   </div>
   <div class='ocr_carea' id='block_1_10' title="bbox 1261 1298 2749 1357">
    <p class='ocr_par' dir='ltr' id='par_1_10' title="bbox 1261 1298 2749 1357">
     <span class='ocr_line' id='line_1_10' title="bbox 1261 1298 2749 1357; baseline 0 -3"><span class='ocrx_word' id='word_1_76' title='bbox 1261 1299 1403 1355; x_wconf 86' lang='grc' dir='ltr'>ΤΗΣ</span> <span class='ocrx_word' id='word_1_77' title='bbox 1434 1299 1814 1356; x_wconf 77' lang='grc' dir='ltr'>ΒΑΣΙΛΕΙΑΣ</span> <span class='ocrx_word' id='word_1_78' title='bbox 1841 1298 2150 1356; x_wconf 81' lang='grc' dir='ltr'>ΑΛΕΞΙΟΥ</span> <span class='ocrx_word' id='word_1_79' title='bbox 2178 1298 2309 1356; x_wconf 83' lang='grc' dir='ltr'>ΤΟΥ</span> <span class='ocrx_word' id='word_1_80' title='bbox 2337 1300 2749 1357; x_wconf 77' lang='lat' dir='ltr'>KOMNHNOI‘.</span> 
     </span>
    </p>
   </div>
   <div class='ocr_carea' id='block_1_11' title="bbox 1226 1604 2805 1702">
    <p class='ocr_par' dir='ltr' id='par_1_11' title="bbox 1226 1604 2805 1702">
     <span class='ocr_line' id='line_1_11' title="bbox 1226 1604 2805 1702; baseline 0.003 -5"><span class='ocrx_word' id='word_1_81' title='bbox 1226 1604 1703 1700; x_wconf 82' lang='lat' dir='ltr'>IMPEBII</span> <span class='ocrx_word' id='word_1_82' title='bbox 1764 1605 2181 1699; x_wconf 84' lang='lat' dir='ltr'>ALEXII</span> <span class='ocrx_word' id='word_1_83' title='bbox 2246 1604 2589 1702; x_wconf 89' lang='lat' dir='ltr'>COMN</span> <span class='ocrx_word' id='word_1_84' title='bbox 2599 1607 2762 1701; x_wconf 92' lang='lat' dir='ltr'>EN</span> <span class='ocrx_word' id='word_1_85' title='bbox 2771 1608 2805 1701; x_wconf 91' lang='grc' dir='ltr'>Ι</span> 
     </span>
    </p>
   </div>
   <div class='ocr_carea' id='block_1_12' title="bbox 1697 1784 2316 1848">
    <p class='ocr_par' dir='ltr' id='par_1_12' title="bbox 1697 1784 2316 1848">
     <span class='ocr_line' id='line_1_12' title="bbox 1697 1784 2316 1848; baseline 0.003 -3"><span class='ocrx_word' id='word_1_86' title='bbox 1697 1784 1932 1846; x_wconf 85' lang='lat' dir='ltr'>LIBER</span> <span class='ocrx_word' id='word_1_87' title='bbox 1987 1786 2316 1848; x_wconf 83' lang='lat' dir='ltr'>TERTIUS</span> 
     </span>
    </p>
   </div>
   <div class='ocr_carea' id='block_1_13' title="bbox 362 2076 1978 2161">
    <p class='ocr_par' dir='ltr' id='par_1_13' title="bbox 362 2076 1978 2158">
     <span class='ocr_line' id='line_1_13' title="bbox 362 2076 1978 2158; baseline -0.001 -20"><span class='ocrx_word' id='word_1_88' title='bbox 362 2084 430 2155; x_wconf 83' lang='grc' dir='ltr'>α’,</span> <span class='ocrx_word' id='word_1_89' title='bbox 461 2084 566 2140; x_wconf 85' lang='grc' dir='ltr'>Καὶ</span> <span class='ocrx_word' id='word_1_90' title='bbox 599 2080 734 2158; x_wconf 80' lang='grc' dir='ltr'>τῇδε</span> <span class='ocrx_word' id='word_1_91' title='bbox 769 2083 864 2157; x_wconf 69' lang='grc' dir='ltr'>μὲν</span> <span class='ocrx_word' id='word_1_92' title='bbox 897 2083 1006 2157; x_wconf 21' lang='grc' dir='ltr'>ἱκαὶ</span> <span class='ocrx_word' id='word_1_93' title='bbox 1061 2086 1228 2138; x_wconf 82' lang='grc' dir='ltr'>ταῦτα</span> <span class='ocrx_word' id='word_1_94' title='bbox 1285 2076 1620 2156; x_wconf 76' lang='grc' dir='ltr'>συμϐέϐηκε,</span> <span class='ocrx_word' id='word_1_95' title='bbox 1691 2082 1945 2158; x_wconf 73' lang='grc' dir='ltr'>βασιλεὺς</span> <span class='ocrx_word' id='word_1_96' title='bbox 1976 2144 1978 2152; x_wconf 23' lang='grc' dir='ltr'><em>Α</em></span> 
     </span>
    </p>
   </div>
   <div class='ocr_carea' id='block_1_14' title="bbox 2047 2076 3700 2161">
    <p class='ocr_par' dir='ltr' id='par_1_14' title="bbox 2129 2085 3700 2161">
     <span class='ocr_line' id='line_1_14' title="bbox 2129 2085 3700 2161; baseline 0.004 -21"><span class='ocrx_word' id='word_1_97' title='bbox 2129 2102 2168 2141; x_wconf 84' lang='grc' dir='ltr'>ι.</span> <span class='ocrx_word' id='word_1_98' title='bbox 2228 2085 2329 2141; x_wconf 83' lang='lat' dir='ltr'>His</span> <span class='ocrx_word' id='word_1_99' title='bbox 2390 2086 2469 2141; x_wconf 83' lang='lat' dir='ltr'>ita</span> <span class='ocrx_word' id='word_1_100' title='bbox 2525 2086 2721 2157; x_wconf 88' lang='lat' dir='ltr'>gestis,</span> <span class='ocrx_word' id='word_1_101' title='bbox 2782 2087 3096 2159; x_wconf 73' lang='lat' dir='ltr'>imperator</span> <span class='ocrx_word' id='word_1_102' title='bbox 3176 2089 3458 2161; x_wconf 82' lang='lat' dir='ltr'>Cypsellis</span> <span class='ocrx_word' id='word_1_103' title='bbox 3527 2090 3700 2147; x_wconf 85' lang='lat' dir='ltr'>Thes-</span> 
     </span>
    </p>
   </div>
   <div class='ocr_carea' id='block_1_15' title="bbox 282 2170 1942 2248">
    <p class='ocr_par' dir='ltr' id='par_1_15' title="bbox 282 2170 1942 2248">
     <span class='ocr_line' id='line_1_15' title="bbox 282 2170 1942 2248; baseline -0.002 -19"><span class='ocrx_word' id='word_1_104' title='bbox 282 2171 335 2229; x_wconf 84' lang='grc' dir='ltr'>δ’</span> <span class='ocrx_word' id='word_1_105' title='bbox 379 2176 467 2248; x_wconf 86' lang='grc' dir='ltr'>[Ρ.</span> <span class='ocrx_word' id='word_1_106' title='bbox 502 2176 628 2247; x_wconf 80' lang='grc'>325]</span> <span class='ocrx_word' id='word_1_107' title='bbox 656 2174 868 2245; x_wconf 59' lang='grc' dir='ltr'>ἀπάρας</span> <span class='ocrx_word' id='word_1_108' title='bbox 901 2173 962 2229; x_wconf 81' lang='grc' dir='ltr'>ἐκ</span> <span class='ocrx_word' id='word_1_109' title='bbox 988 2180 1096 2229; x_wconf 79' lang='grc' dir='ltr'>τῶν</span> <span class='ocrx_word' id='word_1_110' title='bbox 1130 2171 1427 2247; x_wconf 79' lang='grc' dir='ltr'>Κυψέλλων</span> <span class='ocrx_word' id='word_1_111' title='bbox 1455 2177 1524 2248; x_wconf 77' lang='grc' dir='ltr'>τῇ</span> <span class='ocrx_word' id='word_1_112' title='bbox 1577 2170 1942 2247; x_wconf 79' lang='grc' dir='ltr'>Θεσσαλονίκῃ</span> 
     </span>
    </p>
   </div>
   <div class='ocr_carea' id='block_1_16' title="bbox 278 2264 594 2342">
    <p class='ocr_par' dir='ltr' id='par_1_16' title="bbox 278 2264 594 2342">
     <span class='ocr_line' id='line_1_16' title="bbox 278 2264 594 2342; baseline -0.009 -21"><span class='ocrx_word' id='word_1_113' title='bbox 278 2264 594 2342; x_wconf 70' lang='grc' dir='ltr'>ἐφίσταται,</span> 
     </span>
    </p>
   </div>
   <div class='ocr_carea' id='block_1_17' title="bbox 279 2348 1943 2428">
    <p class='ocr_par' dir='ltr' id='par_1_17' title="bbox 279 2348 1943 2428">
     <span class='ocr_line' id='line_1_17' title="bbox 279 2348 1943 2428; baseline -0.002 -20"><span class='ocrx_word' id='word_1_114' title='bbox 279 2353 455 2428; x_wconf 77' lang='grc' dir='ltr'>ὁρμᾷ.</span> <span class='ocrx_word' id='word_1_115' title='bbox 510 2349 686 2414; x_wconf 82' lang='grc' dir='ltr'>Οὗτος</span> <span class='ocrx_word' id='word_1_116' title='bbox 742 2350 844 2427; x_wconf 77' lang='grc' dir='ltr'>γὰρ</span> <span class='ocrx_word' id='word_1_117' title='bbox 898 2352 997 2420; x_wconf 77' lang='grc' dir='ltr'>τήν</span> <span class='ocrx_word' id='word_1_118' title='bbox 1070 2350 1493 2427; x_wconf 81' lang='grc' dir='ltr'>Στρούμμιτζαν</span> <span class='ocrx_word' id='word_1_119' title='bbox 1554 2348 1943 2423; x_wconf 83' lang='grc' dir='ltr'>ἷδιωσάμενος,</span> 
     </span>
    </p>
   </div>
   <div class='ocr_carea' id='block_1_18' title="bbox 279 2434 1943 2518">
    <p class='ocr_par' dir='ltr' id='par_1_18' title="bbox 279 2434 1943 2518">
     <span class='ocr_line' id='line_1_18' title="bbox 279 2434 1943 2518; baseline -0.002 -22"><span class='ocrx_word' id='word_1_120' title='bbox 279 2440 502 2517; x_wconf 76' lang='grc' dir='ltr'>Βλάχος</span> <span class='ocrx_word' id='word_1_121' title='bbox 556 2438 629 2495; x_wconf 79' lang='grc' dir='ltr'>ὢν</span> <span class='ocrx_word' id='word_1_122' title='bbox 684 2442 747 2495; x_wconf 88' lang='grc' dir='ltr'>τὸ</span> <span class='ocrx_word' id='word_1_123' title='bbox 827 2441 1008 2517; x_wconf 81' lang='grc' dir='ltr'>γένος,</span> <span class='ocrx_word' id='word_1_124' title='bbox 1064 2438 1153 2495; x_wconf 86' lang='grc' dir='ltr'>καὶ</span> <span class='ocrx_word' id='word_1_125' title='bbox 1228 2439 1486 2518; x_wconf 86' lang='grc' dir='ltr'>φρούριόν</span> <span class='ocrx_word' id='word_1_126' title='bbox 1538 2460 1590 2494; x_wconf 90' lang='grc' dir='ltr'>τι</span> <span class='ocrx_word' id='word_1_127' title='bbox 1644 2434 1943 2493; x_wconf 75' lang='grc' dir='ltr'>ἀπολαϐὼν</span> 
     </span>
    </p>
   </div>
   <div class='ocr_carea' id='block_1_19' title="bbox 278 2527 1942 2604">
    <p class='ocr_par' dir='ltr' id='par_1_19' title="bbox 278 2527 1942 2604">
     <span class='ocr_line' id='line_1_19' title="bbox 278 2527 1942 2604; baseline -0.002 -19"><span class='ocrx_word' id='word_1_128' title='bbox 278 2529 583 2604; x_wconf 85' lang='grc' dir='ltr'>λεγόμενον</span> <span class='ocrx_word' id='word_1_129' title='bbox 670 2529 952 2604; x_wconf 86' lang='grc' dir='ltr'>Πρὸσακον</span> <span class='ocrx_word' id='word_1_130' title='bbox 1040 2527 1093 2590; x_wconf 79' lang='grc' dir='ltr'>ἐς</span> <span class='ocrx_word' id='word_1_131' title='bbox 1179 2533 1486 2604; x_wconf 77' lang='grc' dir='ltr'>τυραννεῖον</span> <span class='ocrx_word' id='word_1_132' title='bbox 1548 2528 1722 2599; x_wconf 75' lang='grc' dir='ltr'>ὲαυτῳ</span> <span class='ocrx_word' id='word_1_133' title='bbox 1783 2547 1942 2582; x_wconf 73' lang='grc' dir='ltr'>κατε-</span> 
     </span>
    </p>
   </div>
   <div class='ocr_carea' id='block_1_20' title="bbox 281 2612 1943 2693">
    <p class='ocr_par' dir='ltr' id='par_1_20' title="bbox 281 2612 1943 2693">
     <span class='ocr_line' id='line_1_20' title="bbox 281 2612 1943 2693; baseline -0.003 -19"><span class='ocrx_word' id='word_1_134' title='bbox 281 2618 530 2687; x_wconf 85' lang='grc' dir='ltr'>σκεύασε,</span> <span class='ocrx_word' id='word_1_135' title='bbox 590 2618 856 2693; x_wconf 83' lang='grc' dir='ltr'>κρατύνας</span> <span class='ocrx_word' id='word_1_136' title='bbox 933 2617 1209 2681; x_wconf 79' lang='grc' dir='ltr'>παντοίως</span> <span class='ocrx_word' id='word_1_137' title='bbox 1256 2619 1320 2673; x_wconf 87' lang='grc' dir='ltr'>τὸ</span> <span class='ocrx_word' id='word_1_138' title='bbox 1376 2612 1577 2693; x_wconf 81' lang='grc' dir='ltr'>ἔρυμα,</span> <span class='ocrx_word' id='word_1_139' title='bbox 1623 2616 1814 2690; x_wconf 81' lang='grc' dir='ltr'>ὅπερὴ</span> <span class='ocrx_word' id='word_1_140' title='bbox 1851 2616 1943 2688; x_wconf 72' lang='grc' dir='ltr'>μὲν</span> 
     </span>
    </p>
   </div>
   <div class='ocr_carea' id='block_1_21' title="bbox 278 2701 1937 2788">
    <p class='ocr_par' dir='ltr' id='par_1_21' title="bbox 278 2701 1937 2788">
     <span class='ocr_line' id='line_1_21' title="bbox 278 2701 1937 2788; baseline -0.002 -26"><span class='ocrx_word' id='word_1_141' title='bbox 278 2708 443 2788; x_wconf 83' lang='grc' dir='ltr'>φύσις</span> <span class='ocrx_word' id='word_1_142' title='bbox 500 2708 738 2782; x_wconf 72' lang='grc' dir='ltr'>ἀρχῆθεν</span> <span class='ocrx_word' id='word_1_143' title='bbox 793 2704 1103 2784; x_wconf 75' lang='grc' dir='ltr'>φιλοτίμως</span> <span class='ocrx_word' id='word_1_144' title='bbox 1163 2705 1340 2781; x_wconf 80' lang='grc' dir='ltr'>ἐξεῦρέ</span> <span class='ocrx_word' id='word_1_145' title='bbox 1400 2726 1458 2760; x_wconf 88' lang='grc' dir='ltr'>τε</span> <span class='ocrx_word' id='word_1_146' title='bbox 1526 2705 1617 2760; x_wconf 80' lang='grc' dir='ltr'>καὶ</span> <span class='ocrx_word' id='word_1_147' title='bbox 1686 2701 1937 2759; x_wconf 83' lang='grc' dir='ltr'>ἀνέδωκε·</span> 
     </span>
    </p>
   </div>
   <div class='ocr_carea' id='block_1_22' title="bbox 278 2789 1945 2872">
    <p class='ocr_par' dir='ltr' id='par_1_22' title="bbox 278 2789 1945 2872">
     <span class='ocr_line' id='line_1_22' title="bbox 278 2789 1945 2872; baseline -0.004 -20"><span class='ocrx_word' id='word_1_148' title='bbox 278 2796 477 2872; x_wconf 75' lang='grc' dir='ltr'>πέτραι</span> <span class='ocrx_word' id='word_1_149' title='bbox 523 2797 625 2871; x_wconf 73' lang='grc' dir='ltr'>γὰρ</span> <span class='ocrx_word' id='word_1_150' title='bbox 650 2795 782 2851; x_wconf 75' lang='grc' dir='ltr'>εἰσιν</span> <span class='ocrx_word' id='word_1_151' title='bbox 834 2795 1157 2872; x_wconf 75' lang='grc' dir='ltr'>ἀποῤῥῶγες</span> <span class='ocrx_word' id='word_1_152' title='bbox 1221 2789 1512 2870; x_wconf 81' lang='grc' dir='ltr'>δισχιδεῖς,</span> <span class='ocrx_word' id='word_1_153' title='bbox 1574 2793 1945 2870; x_wconf 87' lang='grc' dir='ltr'>συνεπτυγμέ-</span> 
     </span>
    </p>
   </div>
   <div class='ocr_carea' id='block_1_23' title="bbox 275 2879 1940 2958">
    <p class='ocr_par' dir='ltr' id='par_1_23' title="bbox 275 2879 1940 2958">
     <span class='ocr_line' id='line_1_23' title="bbox 275 2879 1940 2958; baseline -0.002 -19"><span class='ocrx_word' id='word_1_154' title='bbox 275 2906 367 2939; x_wconf 84' lang='grc' dir='ltr'>ναι</span> <span class='ocrx_word' id='word_1_155' title='bbox 398 2883 695 2955; x_wconf 77' lang='grc' dir='ltr'>ἀλλήλαις,</span> <span class='ocrx_word' id='word_1_156' title='bbox 730 2883 829 2958; x_wconf 87' lang='grc' dir='ltr'>μία</span> <span class='ocrx_word' id='word_1_157' title='bbox 876 2881 921 2938; x_wconf 87' lang='grc' dir='ltr'>δ’</span> <span class='ocrx_word' id='word_1_158' title='bbox 980 2884 1033 2947; x_wconf 78' lang='grc' dir='ltr'>ἐς</span> <span class='ocrx_word' id='word_1_159' title='bbox 1100 2883 1266 2946; x_wconf 74' lang='grc' dir='ltr'>αὐτάς</span> <span class='ocrx_word' id='word_1_160' title='bbox 1327 2882 1467 2938; x_wconf 85' lang='grc' dir='ltr'>ἐστιν</span> <span class='ocrx_word' id='word_1_161' title='bbox 1528 2879 1721 2944; x_wconf 75' lang='grc' dir='ltr'>ἄνοδος</span> <span class='ocrx_word' id='word_1_162' title='bbox 1782 2883 1940 2952; x_wconf 85' lang='grc' dir='ltr'>στενή</span> 
     </span>
    </p>
   </div>
   <div class='ocr_carea' id='block_1_24' title="bbox 274 2970 1940 3050">
    <p class='ocr_par' dir='ltr' id='par_1_24' title="bbox 274 2970 1940 3050">
     <span class='ocr_line' id='line_1_24' title="bbox 274 2970 1940 3050; baseline -0.002 -21"><span class='ocrx_word' id='word_1_163' title='bbox 274 2973 373 3029; x_wconf 82' lang='grc' dir='ltr'>καὶ</span> <span class='ocrx_word' id='word_1_164' title='bbox 407 2974 588 3049; x_wconf 86' lang='grc' dir='ltr'>βίαιος</span> <span class='ocrx_word' id='word_1_165' title='bbox 610 2972 699 3028; x_wconf 75' lang='grc' dir='ltr'>καὶ</span> <span class='ocrx_word' id='word_1_166' title='bbox 730 2972 1145 3050; x_wconf 79' lang='grc' dir='ltr'>ἀμφίκρημνος,</span> <span class='ocrx_word' id='word_1_167' title='bbox 1191 2974 1226 3042; x_wconf 79' lang='grc' dir='ltr'>ἡ</span> <span class='ocrx_word' id='word_1_168' title='bbox 1279 2970 1336 3027; x_wconf 85' lang='grc' dir='ltr'>δέ</span> <span class='ocrx_word' id='word_1_169' title='bbox 1384 2970 1556 3039; x_wconf 86' lang='grc' dir='ltr'>λοιπή</span> <span class='ocrx_word' id='word_1_170' title='bbox 1615 2971 1940 3047; x_wconf 84' lang='grc' dir='ltr'>περίμετρος</span> 
     </span>
    </p>
   </div>
   <div class='ocr_carea' id='block_1_25' title="bbox 272 3056 1940 3140">
    <p class='ocr_par' dir='ltr' id='par_1_25' title="bbox 272 3056 1940 3140">
     <span class='ocr_line' id='line_1_25' title="bbox 272 3056 1940 3140; baseline -0.002 -22"><span class='ocrx_word' id='word_1_171' title='bbox 272 3068 391 3119; x_wconf 82' lang='grc' dir='ltr'>τῶν</span> <span class='ocrx_word' id='word_1_172' title='bbox 457 3067 670 3140; x_wconf 83' lang='grc' dir='ltr'>πετρῶν</span> <span class='ocrx_word' id='word_1_173' title='bbox 728 3061 947 3137; x_wconf 74' lang='grc' dir='ltr'>αἰγίλιψ</span> <span class='ocrx_word' id='word_1_174' title='bbox 1010 3063 1190 3116; x_wconf 80' lang='grc' dir='ltr'>ἅπασα</span> <span class='ocrx_word' id='word_1_175' title='bbox 1245 3061 1335 3115; x_wconf 83' lang='grc' dir='ltr'>καὶ</span> <span class='ocrx_word' id='word_1_176' title='bbox 1398 3056 1763 3136; x_wconf 76' lang='grc' dir='ltr'>ἀπρόσϐατος,</span> <span class='ocrx_word' id='word_1_177' title='bbox 1849 3060 1940 3115; x_wconf 85' lang='grc' dir='ltr'>καὶ</span> 
     </span>
    </p>
   </div>
   <div class='ocr_carea' id='block_1_26' title="bbox 273 3147 1939 3225">
    <p class='ocr_par' dir='ltr' id='par_1_26' title="bbox 273 3147 1939 3225">
     <span class='ocr_line' id='line_1_26' title="bbox 273 3147 1939 3225; baseline -0.002 -18"><span class='ocrx_word' id='word_1_178' title='bbox 273 3153 530 3225; x_wconf 82' lang='grc' dir='ltr'>ποταμὸς</span> <span class='ocrx_word' id='word_1_179' title='bbox 607 3147 898 3225; x_wconf 75' lang='grc' dir='ltr'>βαθυδίνης</span> <span class='ocrx_word' id='word_1_180' title='bbox 995 3151 1022 3205; x_wconf 85' lang='grc' dir='ltr'>ὁ</span> <span class='ocrx_word' id='word_1_181' title='bbox 1108 3149 1295 3220; x_wconf 75' lang='grc' dir='ltr'>Ἃξιὸς</span> <span class='ocrx_word' id='word_1_182' title='bbox 1380 3147 1939 3223; x_wconf 67' lang='grc' dir='ltr'>ἂμφιπερικλώμενος</span> 
     </span>
    </p>
   </div>
   <div class='ocr_carea' id='block_1_27' title="bbox 275 3236 1939 3321">
    <p class='ocr_par' dir='ltr' id='par_1_27' title="bbox 275 3236 1939 3321">
     <span class='ocr_line' id='line_1_27' title="bbox 275 3236 1939 3321; baseline -0.004 -23"><span class='ocrx_word' id='word_1_183' title='bbox 275 3240 608 3321; x_wconf 76' lang='grc' dir='ltr'>ἐπιτειχίζει</span> <span class='ocrx_word' id='word_1_184' title='bbox 664 3241 863 3301; x_wconf 84' lang='grc' dir='ltr'>ταύτας</span> <span class='ocrx_word' id='word_1_185' title='bbox 922 3239 1396 3316; x_wconf 73' lang='grc' dir='ltr'>παραλογώτερον·</span> <span class='ocrx_word' id='word_1_186' title='bbox 1470 3238 1705 3303; x_wconf 75' lang='grc' dir='ltr'>ἐλθοῦσα</span> <span class='ocrx_word' id='word_1_187' title='bbox 1760 3236 1806 3293; x_wconf 85' lang='grc' dir='ltr'>δ’</span> <span class='ocrx_word' id='word_1_188' title='bbox 1864 3238 1939 3299; x_wconf 83' lang='grc' dir='ltr'>εἷς</span> 
     </span>
    </p>
   </div>
   <div class='ocr_carea' id='block_1_28' title="bbox 276 3330 1939 3411">
    <p class='ocr_par' dir='ltr' id='par_1_28' title="bbox 276 3330 1939 3411">
     <span class='ocr_line' id='line_1_28' title="bbox 276 3330 1939 3411; baseline -0.001 -21"><span class='ocrx_word' id='word_1_189' title='bbox 276 3335 506 3411; x_wconf 74' lang='grc' dir='ltr'>ὕστερον</span> <span class='ocrx_word' id='word_1_190' title='bbox 540 3335 574 3404; x_wconf 79' lang='grc' dir='ltr'><strong>ἡ</strong></span> <span class='ocrx_word' id='word_1_191' title='bbox 605 3333 775 3409; x_wconf 81' lang='grc' dir='ltr'>τέχνη</span> <span class='ocrx_word' id='word_1_192' title='bbox 830 3330 1278 3407; x_wconf 78' lang='grc' dir='ltr'>ἀνθαμιλλήτρια</span> <span class='ocrx_word' id='word_1_193' title='bbox 1304 3336 1375 3397; x_wconf 73' lang='grc' dir='ltr'>τῇ</span> <span class='ocrx_word' id='word_1_194' title='bbox 1430 3330 1584 3408; x_wconf 87' lang='grc' dir='ltr'>φύσει</span> <span class='ocrx_word' id='word_1_195' title='bbox 1627 3330 1939 3389; x_wconf 80' lang='grc' dir='ltr'>ἀναλώτους</span> 
     </span>
    </p>
   </div>
   <div class='ocr_carea' id='block_1_29' title="bbox 2056 2172 3701 2250">
    <p class='ocr_par' dir='ltr' id='par_1_29' title="bbox 2056 2172 3701 2250">
     <span class='ocr_line' id='line_1_29' title="bbox 2056 2172 3701 2250; baseline 0.002 -21"><span class='ocrx_word' id='word_1_196' title='bbox 2056 2172 2370 2229; x_wconf 76' lang='lat' dir='ltr'>salonicam</span> <span class='ocrx_word' id='word_1_197' title='bbox 2420 2174 2827 2246; x_wconf 76' lang='lat' dir='ltr'>proﬁciscitur.</span> <span class='ocrx_word' id='word_1_198' title='bbox 2863 2175 3003 2231; x_wconf 91' lang='lat' dir='ltr'>Inde</span> <span class='ocrx_word' id='word_1_199' title='bbox 3031 2185 3231 2232; x_wconf 88' lang='lat' dir='ltr'>contra</span> <span class='ocrx_word' id='word_1_200' title='bbox 3276 2177 3559 2250; x_wconf 83' lang='lat' dir='ltr'>Chrysum</span> <span class='ocrx_word' id='word_1_201' title='bbox 3592 2178 3701 2234; x_wconf 83' lang='lat' dir='ltr'>iter</span> 
     </span>
    </p>
   </div>
   <div class='ocr_carea' id='block_1_30' title="bbox 708 2260 1978 2336">
    <p class='ocr_par' dir='ltr' id='par_1_30' title="bbox 708 2260 1946 2336">
     <span class='ocr_line' id='line_1_30' title="bbox 708 2260 1946 2336; baseline -0.002 -18"><span class='ocrx_word' id='word_1_202' title='bbox 708 2263 953 2327; x_wconf 72' lang='grc' dir='ltr'>κάκεῖθεν</span> <span class='ocrx_word' id='word_1_203' title='bbox 1056 2262 1280 2323; x_wconf 75' lang='grc' dir='ltr'>ἀναστὰς</span> <span class='ocrx_word' id='word_1_204' title='bbox 1363 2264 1498 2317; x_wconf 81' lang='grc' dir='ltr'>κατά</span> <span class='ocrx_word' id='word_1_205' title='bbox 1579 2260 1675 2316; x_wconf 70' lang='grc' dir='ltr'>τοῖ’)</span> <span class='ocrx_word' id='word_1_206' title='bbox 1731 2261 1946 2336; x_wconf 78' lang='grc' dir='ltr'>Χρύσου</span> 
     </span>
    </p>
   </div>
   <div class='ocr_carea' id='block_1_31' title="bbox 2047 2260 3698 2336">
    <p class='ocr_par' dir='ltr' id='par_1_31' title="bbox 2056 2262 3698 2333">
     <span class='ocr_line' id='line_1_31' title="bbox 2056 2262 3698 2333; baseline 0.004 -16"><span class='ocrx_word' id='word_1_207' title='bbox 2056 2262 2308 2318; x_wconf 77' lang='lat' dir='ltr'>intendit</span> <span class='ocrx_word' id='word_1_208' title='bbox 2354 2263 2454 2333; x_wconf 90' lang='lat' dir='ltr'>qui</span> <span class='ocrx_word' id='word_1_209' title='bbox 2514 2263 2806 2318; x_wconf 88' lang='lat' dir='ltr'>Strumiza</span> <span class='ocrx_word' id='word_1_210' title='bbox 2863 2264 2975 2319; x_wconf 87' lang='lat' dir='ltr'>sibi</span> <span class='ocrx_word' id='word_1_211' title='bbox 3036 2265 3327 2322; x_wconf 86' lang='lat' dir='ltr'>vindicata</span> <span class='ocrx_word' id='word_1_212' title='bbox 3398 2267 3698 2324; x_wconf 91' lang='lat' dir='ltr'>castellum</span> 
     </span>
    </p>
   </div>
   <div class='ocr_carea' id='block_1_32' title="bbox 2055 2354 3701 2425">
    <p class='ocr_par' dir='ltr' id='par_1_32' title="bbox 2055 2354 3701 2425">
     <span class='ocr_line' id='line_1_32' title="bbox 2055 2354 3701 2425; baseline 0.005 -21"><span class='ocrx_word' id='word_1_213' title='bbox 2055 2366 2287 2422; x_wconf 79' lang='lat' dir='ltr'>quoque</span> <span class='ocrx_word' id='word_1_214' title='bbox 2335 2354 2674 2419; x_wconf 88' lang='lat' dir='ltr'>Prosacum,</span> <span class='ocrx_word' id='word_1_215' title='bbox 2722 2356 2782 2406; x_wconf 92' lang='lat' dir='ltr'>et</span> <span class='ocrx_word' id='word_1_216' title='bbox 2812 2357 3019 2408; x_wconf 88' lang='lat' dir='ltr'>natura</span> <span class='ocrx_word' id='word_1_217' title='bbox 3048 2359 3106 2407; x_wconf 91' lang='lat' dir='ltr'>et</span> <span class='ocrx_word' id='word_1_218' title='bbox 3150 2370 3321 2425; x_wconf 89' lang='lat' dir='ltr'>opere</span> <span class='ocrx_word' id='word_1_219' title='bbox 3379 2357 3701 2414; x_wconf 74' lang='lat' dir='ltr'>munitissi~</span> 
     </span>
    </p>
   </div>
   <div class='ocr_carea' id='block_1_33' title="bbox 2053 2441 3702 2519">
    <p class='ocr_par' dir='ltr' id='par_1_33' title="bbox 2053 2441 3702 2519">
     <span class='ocr_line' id='line_1_33' title="bbox 2053 2441 3702 2519; baseline 0.004 -24"><span class='ocrx_word' id='word_1_220' title='bbox 2053 2456 2237 2505; x_wconf 90' lang='lat' dir='ltr'>mum,</span> <span class='ocrx_word' id='word_1_221' title='bbox 2258 2455 2360 2511; x_wconf 86' lang='lat' dir='ltr'>pro</span> <span class='ocrx_word' id='word_1_222' title='bbox 2395 2441 2550 2512; x_wconf 84' lang='lat' dir='ltr'>regia</span> <span class='ocrx_word' id='word_1_223' title='bbox 2570 2444 2895 2511; x_wconf 80' lang='lat' dir='ltr'>occupavit.</span> <span class='ocrx_word' id='word_1_224' title='bbox 2917 2441 3064 2497; x_wconf 91' lang='lat' dir='ltr'>Sunt</span> <span class='ocrx_word' id='word_1_225' title='bbox 3096 2442 3253 2498; x_wconf 88' lang='lat' dir='ltr'>enim</span> <span class='ocrx_word' id='word_1_226' title='bbox 3285 2444 3481 2502; x_wconf 76' lang='lat' dir='ltr'>solida)</span> <span class='ocrx_word' id='word_1_227' title='bbox 3529 2462 3702 2519; x_wconf 86' lang='lat' dir='ltr'>rupes</span> 
     </span>
    </p>
   </div>
   <div class='ocr_carea' id='block_1_34' title="bbox 2052 2527 3704 2606">
    <p class='ocr_par' dir='ltr' id='par_1_34' title="bbox 2052 2527 3704 2606">
     <span class='ocr_line' id='line_1_34' title="bbox 2052 2527 3704 2606; baseline 0.006 -23"><span class='ocrx_word' id='word_1_228' title='bbox 2052 2527 2265 2593; x_wconf 72' lang='lat' dir='ltr'>bifidte,</span> <span class='ocrx_word' id='word_1_229' title='bbox 2299 2529 2451 2583; x_wconf 86' lang='lat' dir='ltr'>inter</span> <span class='ocrx_word' id='word_1_230' title='bbox 2481 2546 2543 2584; x_wconf 88' lang='lat' dir='ltr'>se</span> <span class='ocrx_word' id='word_1_231' title='bbox 2573 2529 2884 2601; x_wconf 69' lang='lat' dir='ltr'>contiguae,</span> <span class='ocrx_word' id='word_1_232' title='bbox 2917 2531 3070 2586; x_wconf 91' lang='grc'>666</span> <span class='ocrx_word' id='word_1_233' title='bbox 3100 2531 3159 2586; x_wconf 91' lang='lat' dir='ltr'>in</span> <span class='ocrx_word' id='word_1_234' title='bbox 3191 2550 3331 2603; x_wconf 87' lang='lat' dir='ltr'>quas</span> <span class='ocrx_word' id='word_1_235' title='bbox 3364 2550 3517 2591; x_wconf 90' lang='lat' dir='ltr'>unus</span> <span class='ocrx_word' id='word_1_236' title='bbox 3545 2541 3704 2606; x_wconf 87' lang='lat' dir='ltr'>patet</span> 
     </span>
    </p>
   </div>
   <div class='ocr_carea' id='block_1_35' title="bbox 2053 2617 3699 2697">
    <p class='ocr_par' dir='ltr' id='par_1_35' title="bbox 2053 2617 3699 2697">
     <span class='ocr_line' id='line_1_35' title="bbox 2053 2617 3699 2697; baseline 0.006 -24"><span class='ocrx_word' id='word_1_237' title='bbox 2053 2617 2247 2673; x_wconf 80' lang='lat' dir='ltr'>aditus</span> <span class='ocrx_word' id='word_1_238' title='bbox 2304 2626 2615 2690; x_wconf 87' lang='lat' dir='ltr'>angustus,</span> <span class='ocrx_word' id='word_1_239' title='bbox 2678 2619 2937 2676; x_wconf 84' lang='lat' dir='ltr'>difﬁcilis</span> <span class='ocrx_word' id='word_1_240' title='bbox 2975 2630 3029 2675; x_wconf 92' lang='lat' dir='ltr'>et</span> <span class='ocrx_word' id='word_1_241' title='bbox 3091 2639 3389 2695; x_wconf 70' lang='lat' dir='ltr'>praeceps:</span> <span class='ocrx_word' id='word_1_242' title='bbox 3440 2624 3699 2697; x_wconf 90' lang='lat' dir='ltr'>reliquus</span> 
     </span>
    </p>
   </div>
   <div class='ocr_carea' id='block_1_36' title="bbox 2051 2708 3699 2784">
    <p class='ocr_par' dir='ltr' id='par_1_36' title="bbox 2051 2708 3699 2784">
     <span class='ocr_line' id='line_1_36' title="bbox 2051 2708 3699 2784; baseline 0.005 -21"><span class='ocrx_word' id='word_1_243' title='bbox 2051 2708 2308 2763; x_wconf 88' lang='lat' dir='ltr'>ambitus</span> <span class='ocrx_word' id='word_1_244' title='bbox 2340 2709 2575 2779; x_wconf 86' lang='lat' dir='ltr'>rupium</span> <span class='ocrx_word' id='word_1_245' title='bbox 2609 2708 2696 2764; x_wconf 87' lang='lat' dir='ltr'>vel</span> <span class='ocrx_word' id='word_1_246' title='bbox 2746 2709 3030 2782; x_wconf 78' lang='lat' dir='ltr'>capreolis</span> <span class='ocrx_word' id='word_1_247' title='bbox 3085 2712 3416 2770; x_wconf 81' lang='lat' dir='ltr'>inaccessus</span> <span class='ocrx_word' id='word_1_248' title='bbox 3473 2720 3581 2784; x_wconf 88' lang='lat' dir='ltr'>est,</span> <span class='ocrx_word' id='word_1_249' title='bbox 3640 2720 3699 2771; x_wconf 90' lang='lat' dir='ltr'>et</span> 
     </span>
    </p>
   </div>
   <div class='ocr_carea' id='block_1_37' title="bbox 2052 2796 3694 2871">
    <p class='ocr_par' dir='ltr' id='par_1_37' title="bbox 2052 2796 3694 2871">
     <span class='ocr_line' id='line_1_37' title="bbox 2052 2796 3694 2871; baseline 0.004 -19"><span class='ocrx_word' id='word_1_250' title='bbox 2052 2796 2230 2852; x_wconf 80' lang='lat' dir='ltr'>Axius</span> <span class='ocrx_word' id='word_1_251' title='bbox 2259 2797 2585 2869; x_wconf 82' lang='lat' dir='ltr'>profundus</span> <span class='ocrx_word' id='word_1_252' title='bbox 2606 2798 2797 2854; x_wconf 82' lang='lat' dir='ltr'>amnis</span> <span class='ocrx_word' id='word_1_253' title='bbox 2830 2815 2951 2860; x_wconf 86' lang='lat' dir='ltr'>eas,</span> <span class='ocrx_word' id='word_1_254' title='bbox 2992 2801 3147 2871; x_wconf 89' lang='lat' dir='ltr'>quod</span> <span class='ocrx_word' id='word_1_255' title='bbox 3188 2802 3417 2867; x_wconf 81' lang='lat' dir='ltr'>mirere,</span> <span class='ocrx_word' id='word_1_256' title='bbox 3449 2803 3694 2859; x_wconf 88' lang='lat' dir='ltr'>circum-</span> 
     </span>
    </p>
   </div>
   <div class='ocr_carea' id='block_1_38' title="bbox 2052 2885 3694 2964">
    <p class='ocr_par' dir='ltr' id='par_1_38' title="bbox 2052 2885 3694 2964">
     <span class='ocr_line' id='line_1_38' title="bbox 2052 2885 3694 2964; baseline 0.004 -23"><span class='ocrx_word' id='word_1_257' title='bbox 2052 2885 2199 2941; x_wconf 85' lang='lat' dir='ltr'>fluit.</span> <span class='ocrx_word' id='word_1_258' title='bbox 2272 2887 2482 2941; x_wconf 82' lang='lat' dir='ltr'>Deinde</span> <span class='ocrx_word' id='word_1_259' title='bbox 2515 2904 2607 2943; x_wconf 85' lang='lat' dir='ltr'>ars</span> <span class='ocrx_word' id='word_1_260' title='bbox 2640 2886 2850 2943; x_wconf 65' lang='lat' dir='ltr'>aemula</span> <span class='ocrx_word' id='word_1_261' title='bbox 2882 2893 3104 2943; x_wconf 65' lang='lat' dir='ltr'>naturae</span> <span class='ocrx_word' id='word_1_262' title='bbox 3136 2906 3280 2959; x_wconf 89' lang='lat' dir='ltr'>pene</span> <span class='ocrx_word' id='word_1_263' title='bbox 3339 2893 3694 2964; x_wconf 81' lang='lat' dir='ltr'>inexpugna-</span> 
     </span>
    </p>
   </div>
   <div class='ocr_carea' id='block_1_39' title="bbox 2051 2974 3692 3043">
    <p class='ocr_par' dir='ltr' id='par_1_39' title="bbox 2051 2974 3692 3043">
     <span class='ocr_line' id='line_1_39' title="bbox 2051 2974 3692 3043; baseline 0.005 -14"><span class='ocrx_word' id='word_1_264' title='bbox 2051 2974 2197 3031; x_wconf 82' lang='lat' dir='ltr'>biles</span> <span class='ocrx_word' id='word_1_265' title='bbox 2245 2992 2340 3030; x_wconf 74' lang='lat' dir='ltr'>eas</span> <span class='ocrx_word' id='word_1_266' title='bbox 2395 2976 2545 3043; x_wconf 86' lang='lat' dir='ltr'>fecit,</span> <span class='ocrx_word' id='word_1_267' title='bbox 2605 2986 2657 3031; x_wconf 89' lang='lat' dir='ltr'>et</span> <span class='ocrx_word' id='word_1_268' title='bbox 2718 2977 3007 3033; x_wconf 80' lang='lat' dir='ltr'>firmissus</span> <span class='ocrx_word' id='word_1_269' title='bbox 3072 2980 3359 3036; x_wconf 78' lang='lat' dir='ltr'>mmnibus</span> <span class='ocrx_word' id='word_1_270' title='bbox 3416 2982 3474 3036; x_wconf 92' lang='lat' dir='ltr'>in</span> <span class='ocrx_word' id='word_1_271' title='bbox 3531 2983 3692 3038; x_wconf 86' lang='lat' dir='ltr'>aditu</span> 
     </span>
    </p>
   </div>
   <div class='ocr_carea' id='block_1_40' title="bbox 2049 3064 3692 3138">
    <p class='ocr_par' dir='ltr' id='par_1_40' title="bbox 2049 3064 3692 3138">
     <span class='ocr_line' id='line_1_40' title="bbox 2049 3064 3692 3138; baseline 0.005 -17"><span class='ocrx_word' id='word_1_272' title='bbox 2049 3064 2288 3121; x_wconf 80' lang='lat' dir='ltr'>structis</span> <span class='ocrx_word' id='word_1_273' title='bbox 2322 3064 2582 3121; x_wconf 81' lang='lat' dir='ltr'>mirabile</span> <span class='ocrx_word' id='word_1_274' title='bbox 2642 3066 3140 3138; x_wconf 80' lang='lat' dir='ltr'>propugnaculum</span> <span class='ocrx_word' id='word_1_275' title='bbox 3174 3068 3442 3125; x_wconf 77' lang='lat' dir='ltr'>absolvit.</span> <span class='ocrx_word' id='word_1_276' title='bbox 3479 3071 3541 3126; x_wconf 93' lang='lat' dir='ltr'>Id</span> <span class='ocrx_word' id='word_1_277' title='bbox 3597 3088 3692 3129; x_wconf 85' lang='lat' dir='ltr'>ca-</span> 
     </span>
    </p>
   </div>
   <div class='ocr_carea' id='block_1_41' title="bbox 2050 3153 3696 3231">
    <p class='ocr_par' dir='ltr' id='par_1_41' title="bbox 2050 3153 3696 3231">
     <span class='ocr_line' id='line_1_41' title="bbox 2050 3153 3696 3231; baseline 0.004 -21"><span class='ocrx_word' id='word_1_278' title='bbox 2050 3153 2281 3210; x_wconf 91' lang='lat' dir='ltr'>stellum</span> <span class='ocrx_word' id='word_1_279' title='bbox 2327 3153 2571 3210; x_wconf 80' lang='lat' dir='ltr'>Romani</span> <span class='ocrx_word' id='word_1_280' title='bbox 2630 3155 2768 3210; x_wconf 89' lang='lat' dir='ltr'>olim</span> <span class='ocrx_word' id='word_1_281' title='bbox 2821 3155 2965 3211; x_wconf 87' lang='lat' dir='ltr'>nihil</span> <span class='ocrx_word' id='word_1_282' title='bbox 3018 3157 3089 3212; x_wconf 89' lang='lat' dir='ltr'>de</span> <span class='ocrx_word' id='word_1_283' title='bbox 3151 3157 3408 3231; x_wconf 86' lang='lat' dir='ltr'>Bulgaris</span> <span class='ocrx_word' id='word_1_284' title='bbox 3463 3159 3696 3218; x_wconf 87' lang='lat' dir='ltr'>solliciti</span> 
     </span>
    </p>
   </div>
   <div class='ocr_carea' id='block_1_42' title="bbox 2049 3243 3697 3323">
    <p class='ocr_par' dir='ltr' id='par_1_42' title="bbox 2049 3243 3697 3323">
     <span class='ocr_line' id='line_1_42' title="bbox 2049 3243 3697 3323; baseline 0.005 -26"><span class='ocrx_word' id='word_1_285' title='bbox 2049 3244 2344 3299; x_wconf 84' lang='lat' dir='ltr'>desertum</span> <span class='ocrx_word' id='word_1_286' title='bbox 2378 3253 2429 3299; x_wconf 92' lang='lat' dir='ltr'>et</span> <span class='ocrx_word' id='word_1_287' title='bbox 2456 3243 2783 3316; x_wconf 89' lang='lat' dir='ltr'>neglectum</span> <span class='ocrx_word' id='word_1_288' title='bbox 2829 3246 3019 3316; x_wconf 77' lang='lat' dir='ltr'>jacere</span> <span class='ocrx_word' id='word_1_289' title='bbox 3050 3249 3204 3318; x_wconf 82' lang='lat' dir='ltr'>passi</span> <span class='ocrx_word' id='word_1_290' title='bbox 3237 3252 3394 3304; x_wconf 87' lang='lat' dir='ltr'>sunt.</span> <span class='ocrx_word' id='word_1_291' title='bbox 3437 3248 3697 3323; x_wconf 86' lang='lat' dir='ltr'>Cbrysus</span> 
     </span>
    </p>
   </div>
   <div class='ocr_carea' id='block_1_43' title="bbox 2052 3331 3695 3395">
    <p class='ocr_par' dir='ltr' id='par_1_43' title="bbox 2052 3331 3695 3395">
     <span class='ocr_line' id='line_1_43' title="bbox 2052 3331 3695 3395; baseline 0.006 -10"><span class='ocrx_word' id='word_1_292' title='bbox 2052 3349 2179 3388; x_wconf 85' lang='lat' dir='ltr'>vero</span> <span class='ocrx_word' id='word_1_293' title='bbox 2220 3331 2579 3387; x_wconf 80' lang='lat' dir='ltr'>domicilium</span> <span class='ocrx_word' id='word_1_294' title='bbox 2631 3332 2709 3387; x_wconf 86' lang='lat' dir='ltr'>ibi</span> <span class='ocrx_word' id='word_1_295' title='bbox 2774 3334 3131 3391; x_wconf 82' lang='lat' dir='ltr'>tutissimum</span> <span class='ocrx_word' id='word_1_296' title='bbox 3184 3338 3507 3394; x_wconf 84' lang='lat' dir='ltr'>constituit.</span> <span class='ocrx_word' id='word_1_297' title='bbox 3541 3342 3695 3395; x_wconf 80' lang='lat' dir='ltr'>Pras-</span> 
     </span>
    </p>
   </div>
   <div class='ocr_carea' id='block_1_44' title="bbox 280 3418 1978 3520">
    <p class='ocr_par' dir='ltr' id='par_1_44' title="bbox 280 3418 1978 3498">
     <span class='ocr_line' id='line_1_44' title="bbox 280 3418 1978 3498; baseline -0.003 -18"><span class='ocrx_word' id='word_1_298' title='bbox 280 3423 454 3487; x_wconf 70' lang='grc' dir='ltr'>αἷδτάς</span> <span class='ocrx_word' id='word_1_299' title='bbox 486 3427 686 3497; x_wconf 78' lang='grc' dir='ltr'>μικροῦ</span> <span class='ocrx_word' id='word_1_300' title='bbox 705 3421 1046 3492; x_wconf 73' lang='grc' dir='ltr'>ἐτεκτήνατο.</span> <span class='ocrx_word' id='word_1_301' title='bbox 1078 3421 1238 3496; x_wconf 83' lang='grc' dir='ltr'>τείχη</span> <span class='ocrx_word' id='word_1_302' title='bbox 1292 3421 1396 3498; x_wconf 81' lang='grc' dir='ltr'>γὰρ</span> <span class='ocrx_word' id='word_1_303' title='bbox 1450 3418 1663 3495; x_wconf 78' lang='grc' dir='ltr'>ἀρῥαγῆ</span> <span class='ocrx_word' id='word_1_304' title='bbox 1725 3419 1938 3491; x_wconf 87' lang='grc' dir='ltr'>διειλη-</span> <span class='ocrx_word' id='word_1_305' title='bbox 1974 3456 1978 3466; x_wconf 66' lang='grc' dir='ltr'><strong>ε</strong></span> 
     </span>
    </p>
   </div>
   <div class='ocr_carea' id='block_1_45' title="bbox 2047 3418 3694 3520">
    <p class='ocr_par' dir='ltr' id='par_1_45' title="bbox 2052 3421 3694 3494">
     <span class='ocr_line' id='line_1_45' title="bbox 2052 3421 3694 3494; baseline 0.004 -17"><span class='ocrx_word' id='word_1_306' title='bbox 2052 3421 2201 3477; x_wconf 90' lang='lat' dir='ltr'>sidio</span> <span class='ocrx_word' id='word_1_307' title='bbox 2233 3426 2632 3477; x_wconf 81' lang='lat' dir='ltr'>veteranorum</span> <span class='ocrx_word' id='word_1_308' title='bbox 2687 3423 2985 3494; x_wconf 84' lang='lat' dir='ltr'>imposito,</span> <span class='ocrx_word' id='word_1_309' title='bbox 3022 3427 3325 3482; x_wconf 88' lang='lat' dir='ltr'>tormentis</span> <span class='ocrx_word' id='word_1_310' title='bbox 3356 3428 3415 3483; x_wconf 92' lang='lat' dir='ltr'>in</span> <span class='ocrx_word' id='word_1_311' title='bbox 3449 3428 3694 3486; x_wconf 90' lang='lat' dir='ltr'>circuitu</span> 
     </span>
    </p>
   </div>
   <div class='ocr_carea' id='block_1_46' title="bbox 281 3508 1933 3594">
    <p class='ocr_par' dir='ltr' id='par_1_46' title="bbox 281 3508 1933 3594">
     <span class='ocr_line' id='line_1_46' title="bbox 281 3508 1933 3594; baseline -0.002 -26"><span class='ocrx_word' id='word_1_312' title='bbox 281 3518 419 3594; x_wconf 80' lang='grc' dir='ltr'>φυῖα</span> <span class='ocrx_word' id='word_1_313' title='bbox 442 3513 578 3568; x_wconf 83' lang='grc' dir='ltr'>κατᾶ</span> <span class='ocrx_word' id='word_1_314' title='bbox 608 3512 707 3580; x_wconf 72' lang='grc' dir='ltr'>τὴν</span> <span class='ocrx_word' id='word_1_315' title='bbox 739 3509 1044 3566; x_wconf 77' lang='grc' dir='ltr'>ἐνδοθεῖσαν</span> <span class='ocrx_word' id='word_1_316' title='bbox 1088 3508 1281 3565; x_wconf 78' lang='grc' dir='ltr'>ἄνοδον</span> <span class='ocrx_word' id='word_1_317' title='bbox 1342 3510 1608 3587; x_wconf 73' lang='grc' dir='ltr'>ὑπερφυὲς</span> <span class='ocrx_word' id='word_1_318' title='bbox 1661 3508 1933 3564; x_wconf 84' lang='grc' dir='ltr'>τετέλεκεν</span> 
     </span>
    </p>
   </div>
   <div class='ocr_carea' id='block_1_47' title="bbox 283 3595 1935 3677">
    <p class='ocr_par' dir='ltr' id='par_1_47' title="bbox 283 3595 1935 3677">
     <span class='ocr_line' id='line_1_47' title="bbox 283 3595 1935 3677; baseline -0.003 -18"><span class='ocrx_word' id='word_1_319' title='bbox 283 3604 653 3677; x_wconf 76' lang='grc' dir='ltr'>ὁρμητήριον.</span> <span class='ocrx_word' id='word_1_320' title='bbox 689 3599 861 3659; x_wconf 83' lang='grc' dir='ltr'>Ἀλλὰ</span> <span class='ocrx_word' id='word_1_321' title='bbox 891 3601 953 3657; x_wconf 87' lang='grc' dir='ltr'>τὸ</span> <span class='ocrx_word' id='word_1_322' title='bbox 983 3604 1233 3656; x_wconf 73' lang='grc' dir='ltr'>τοιοῦτον</span> <span class='ocrx_word' id='word_1_323' title='bbox 1265 3595 1447 3676; x_wconf 62' lang='grc' dir='ltr'>ἔρυμα</span> <span class='ocrx_word' id='word_1_324' title='bbox 1501 3601 1593 3655; x_wconf 89' lang='grc' dir='ltr'>τὸν</span> <span class='ocrx_word' id='word_1_325' title='bbox 1654 3600 1935 3676; x_wconf 87' lang='grc' dir='ltr'>Πρόσακον</span> 
     </span>
    </p>
   </div>
   <div class='ocr_carea' id='block_1_48' title="bbox 281 3686 1938 3767">
    <p class='ocr_par' dir='ltr' id='par_1_48' title="bbox 281 3686 1938 3767">
     <span class='ocr_line' id='line_1_48' title="bbox 281 3686 1938 3767; baseline -0.004 -17"><span class='ocrx_word' id='word_1_326' title='bbox 281 3694 553 3767; x_wconf 87' lang='grc' dir='ltr'>Ῥωμαῖοι</span> <span class='ocrx_word' id='word_1_327' title='bbox 614 3692 709 3766; x_wconf 74' lang='grc' dir='ltr'>μὲν</span> <span class='ocrx_word' id='word_1_328' title='bbox 764 3688 934 3746; x_wconf 75' lang='grc' dir='ltr'>πάλαι</span> <span class='ocrx_word' id='word_1_329' title='bbox 1000 3686 1280 3765; x_wconf 75' lang='grc' dir='ltr'>παρεῖδον,</span> <span class='ocrx_word' id='word_1_330' title='bbox 1356 3689 1689 3767; x_wconf 76' lang='grc' dir='ltr'>Βουλγάρων</span> <span class='ocrx_word' id='word_1_331' title='bbox 1743 3689 1938 3767; x_wconf 84' lang='grc' dir='ltr'>ἀφρον-</span> 
     </span>
    </p>
   </div>
   <div class='ocr_carea' id='block_1_49' title="bbox 275 3775 1935 3854">
    <p class='ocr_par' dir='ltr' id='par_1_49' title="bbox 275 3775 1935 3854">
     <span class='ocr_line' id='line_1_49' title="bbox 275 3775 1935 3854; baseline -0.003 -15"><span class='ocrx_word' id='word_1_332' title='bbox 275 3786 607 3852; x_wconf 79' lang='grc' dir='ltr'>τιστοῦντες,</span> <span class='ocrx_word' id='word_1_333' title='bbox 666 3780 756 3835; x_wconf 86' lang='grc' dir='ltr'>καὶ</span> <span class='ocrx_word' id='word_1_334' title='bbox 832 3777 1128 3835; x_wconf 75' lang='grc' dir='ltr'>κατέλιπον</span> <span class='ocrx_word' id='word_1_335' title='bbox 1204 3776 1438 3854; x_wconf 78' lang='grc' dir='ltr'>ἔρημον,</span> <span class='ocrx_word' id='word_1_336' title='bbox 1498 3780 1526 3833; x_wconf 85' lang='grc' dir='ltr'>ὁ</span> <span class='ocrx_word' id='word_1_337' title='bbox 1602 3775 1659 3833; x_wconf 79' lang='grc' dir='ltr'>δὲ</span> <span class='ocrx_word' id='word_1_338' title='bbox 1731 3778 1935 3854; x_wconf 82' lang='grc' dir='ltr'>Χρύσος</span> 
     </span>
    </p>
   </div>
   <div class='ocr_carea' id='block_1_50' title="bbox 277 3866 1933 3946">
    <p class='ocr_par' dir='ltr' id='par_1_50' title="bbox 277 3866 1933 3946">
     <span class='ocr_line' id='line_1_50' title="bbox 277 3866 1933 3946; baseline -0.004 -17"><span class='ocrx_word' id='word_1_339' title='bbox 277 3872 611 3943; x_wconf 75' lang='grc' dir='ltr'>ὶπιποιήσας</span> <span class='ocrx_word' id='word_1_340' title='bbox 644 3870 763 3946; x_wconf 81' lang='grc' dir='ltr'>εἶχε</span> <span class='ocrx_word' id='word_1_341' title='bbox 810 3870 947 3925; x_wconf 84' lang='grc' dir='ltr'>κατὰ</span> <span class='ocrx_word' id='word_1_342' title='bbox 1002 3866 1295 3941; x_wconf 84' lang='grc' dir='ltr'>Ῥωμαίων</span> <span class='ocrx_word' id='word_1_343' title='bbox 1354 3866 1711 3942; x_wconf 86' lang='grc' dir='ltr'>ἀπρόσμαχον</span> <span class='ocrx_word' id='word_1_344' title='bbox 1777 3868 1933 3939; x_wconf 80' lang='grc' dir='ltr'>οἰκη-</span> 
     </span>
    </p>
   </div>
   <div class='ocr_carea' id='block_1_51' title="bbox 274 3956 1935 4038">
    <p class='ocr_par' dir='ltr' id='par_1_51' title="bbox 274 3956 1935 4038">
     <span class='ocr_line' id='line_1_51' title="bbox 274 3956 1935 4038; baseline -0.005 -18"><span class='ocrx_word' id='word_1_345' title='bbox 274 3966 499 4037; x_wconf 78' lang='grc' dir='ltr'>τήριον,</span> <span class='ocrx_word' id='word_1_346' title='bbox 528 3966 633 4016; x_wconf 84' lang='grc' dir='ltr'>πᾶν</span> <span class='ocrx_word' id='word_1_347' title='bbox 665 3961 749 4016; x_wconf 82' lang='grc' dir='ltr'>’ὁτι</span> <span class='ocrx_word' id='word_1_348' title='bbox 784 3979 883 4035; x_wconf 82' lang='grc' dir='ltr'>περ</span> <span class='ocrx_word' id='word_1_349' title='bbox 910 3956 1106 4021; x_wconf 77' lang='grc' dir='ltr'>ὅπλοις</span> <span class='ocrx_word' id='word_1_350' title='bbox 1152 3957 1421 4038; x_wconf 76' lang='grc' dir='ltr'>τρόφιμον</span> <span class='ocrx_word' id='word_1_351' title='bbox 1481 3956 1650 4013; x_wconf 84' lang='grc' dir='ltr'>ἐκεῖσε</span> <span class='ocrx_word' id='word_1_352' title='bbox 1706 3956 1935 4029; x_wconf 75' lang='grc' dir='ltr'>συνηλιο</span> 
     </span>
    </p>
   </div>
   <div class='ocr_carea' id='block_1_52' title="bbox 279 4044 1936 4128">
    <p class='ocr_par' dir='ltr' id='par_1_52' title="bbox 279 4044 1936 4128">
     <span class='ocr_line' id='line_1_52' title="bbox 279 4044 1936 4128; baseline -0.004 -21"><span class='ocrx_word' id='word_1_353' title='bbox 279 4052 420 4121; x_wconf 78' lang='grc' dir='ltr'>κὼς,</span> <span class='ocrx_word' id='word_1_354' title='bbox 451 4049 726 4128; x_wconf 76' lang='grc' dir='ltr'>ἀφετήριά</span> <span class='ocrx_word' id='word_1_355' title='bbox 756 4068 814 4104; x_wconf 89' lang='grc' dir='ltr'>τε</span> <span class='ocrx_word' id='word_1_356' title='bbox 846 4044 1048 4123; x_wconf 75' lang='grc' dir='ltr'>ὄργανα</span> <span class='ocrx_word' id='word_1_357' title='bbox 1077 4049 1405 4123; x_wconf 80' lang='grc' dir='ltr'>περιστήσας</span> <span class='ocrx_word' id='word_1_358' title='bbox 1432 4047 1519 4102; x_wconf 88' lang='grc' dir='ltr'>καὶ</span> <span class='ocrx_word' id='word_1_359' title='bbox 1552 4048 1617 4101; x_wconf 81' lang='grc' dir='ltr'>τὰ</span> <span class='ocrx_word' id='word_1_360' title='bbox 1674 4048 1807 4121; x_wconf 84' lang='grc' dir='ltr'>πρὸς</span> <span class='ocrx_word' id='word_1_361' title='bbox 1873 4046 1936 4101; x_wconf 84' lang='grc' dir='ltr'>τὸ</span> 
     </span>
    </p>
   </div>
   <div class='ocr_carea' id='block_1_53' title="bbox 280 4134 1939 4216">
    <p class='ocr_par' dir='ltr' id='par_1_53' title="bbox 280 4134 1939 4216">
     <span class='ocr_line' id='line_1_53' title="bbox 280 4134 1939 4216; baseline -0.004 -20"><span class='ocrx_word' id='word_1_362' title='bbox 280 4145 380 4215; x_wconf 76' lang='grc' dir='ltr'>ζῇν</span> <span class='ocrx_word' id='word_1_363' title='bbox 443 4139 732 4213; x_wconf 77' lang='grc' dir='ltr'>ἐνθέμενος</span> <span class='ocrx_word' id='word_1_364' title='bbox 802 4136 1032 4216; x_wconf 79' lang='grc' dir='ltr'>ἄφθονα,</span> <span class='ocrx_word' id='word_1_365' title='bbox 1099 4137 1330 4210; x_wconf 72' lang='grc' dir='ltr'>ποίμνια</span> <span class='ocrx_word' id='word_1_366' title='bbox 1395 4157 1454 4192; x_wconf 85' lang='grc' dir='ltr'>τε</span> <span class='ocrx_word' id='word_1_367' title='bbox 1512 4136 1601 4191; x_wconf 80' lang='grc' dir='ltr'>καὶ</span> <span class='ocrx_word' id='word_1_368' title='bbox 1672 4134 1939 4212; x_wconf 83' lang='grc' dir='ltr'>βουκόλια</span> 
     </span>
    </p>
   </div>
   <div class='ocr_carea' id='block_1_54' title="bbox 274 4223 1934 4304">
    <p class='ocr_par' dir='ltr' id='par_1_54' title="bbox 274 4223 1934 4304">
     <span class='ocr_line' id='line_1_54' title="bbox 274 4223 1934 4304; baseline -0.005 -17"><span class='ocrx_word' id='word_1_369' title='bbox 274 4232 400 4288; x_wconf 80' lang='grc' dir='ltr'>κατ’</span> <span class='ocrx_word' id='word_1_370' title='bbox 459 4226 664 4304; x_wconf 79' lang='grc' dir='ltr'>ἀγέλας</span> <span class='ocrx_word' id='word_1_371' title='bbox 719 4233 838 4289; x_wconf 90' lang='grc' dir='ltr'>ταῖς</span> <span class='ocrx_word' id='word_1_372' title='bbox 895 4226 1272 4301; x_wconf 78' lang='grc' dir='ltr'>ἀκρωνυχίαις</span> <span class='ocrx_word' id='word_1_373' title='bbox 1328 4225 1468 4287; x_wconf 82' lang='grc' dir='ltr'>ἀνεὶς</span> <span class='ocrx_word' id='word_1_374' title='bbox 1546 4226 1818 4298; x_wconf 84' lang='grc' dir='ltr'>νέμεσθαι·</span> <span class='ocrx_word' id='word_1_375' title='bbox 1872 4223 1934 4279; x_wconf 76' lang='grc' dir='ltr'>οὗ</span> 
     </span>
    </p>
   </div>
   <div class='ocr_carea' id='block_1_55' title="bbox 275 4310 1933 4395">
    <p class='ocr_par' dir='ltr' id='par_1_55' title="bbox 275 4310 1933 4395">
     <span class='ocr_line' id='line_1_55' title="bbox 275 4310 1933 4395; baseline -0.004 -21"><span class='ocrx_word' id='word_1_376' title='bbox 275 4320 385 4395; x_wconf 82' lang='grc' dir='ltr'>γὰρ</span> <span class='ocrx_word' id='word_1_377' title='bbox 416 4316 820 4394; x_wconf 78' lang='grc' dir='ltr'>εὐπιρίληπτος</span> <span class='ocrx_word' id='word_1_378' title='bbox 847 4318 882 4386; x_wconf 74' lang='grc' dir='ltr'><strong>ἡ</strong></span> <span class='ocrx_word' id='word_1_379' title='bbox 916 4320 1015 4372; x_wconf 80' lang='grc' dir='ltr'>τοῦ</span> <span class='ocrx_word' id='word_1_380' title='bbox 1051 4314 1314 4392; x_wconf 87' lang='grc' dir='ltr'>φρουρίου</span> <span class='ocrx_word' id='word_1_381' title='bbox 1369 4310 1547 4375; x_wconf 65' lang='grc' dir='ltr'>τοῦδε,</span> <span class='ocrx_word' id='word_1_382' title='bbox 1587 4317 1933 4389; x_wconf 86' lang='grc' dir='ltr'>περίμετρος,</span> 
     </span>
    </p>
   </div>
   <div class='ocr_carea' id='block_1_56' title="bbox 278 4401 1935 4478">
    <p class='ocr_par' dir='ltr' id='par_1_56' title="bbox 278 4401 1935 4478">
     <span class='ocr_line' id='line_1_56' title="bbox 278 4401 1935 4478; baseline -0.005 -14"><span class='ocrx_word' id='word_1_383' title='bbox 278 4406 411 4464; x_wconf 81' lang='grc' dir='ltr'>ἀλλ’</span> <span class='ocrx_word' id='word_1_384' title='bbox 466 4407 521 4469; x_wconf 85' lang='grc' dir='ltr'>ἐς</span> <span class='ocrx_word' id='word_1_385' title='bbox 588 4406 671 4461; x_wconf 80' lang='grc' dir='ltr'>δτι</span> <span class='ocrx_word' id='word_1_386' title='bbox 728 4404 986 4461; x_wconf 88' lang='grc' dir='ltr'>πλεῖστον</span> <span class='ocrx_word' id='word_1_387' title='bbox 1050 4403 1323 4478; x_wconf 78' lang='grc' dir='ltr'>εὐρύνεται</span> <span class='ocrx_word' id='word_1_388' title='bbox 1372 4401 1461 4457; x_wconf 82' lang='grc' dir='ltr'>καὶ</span> <span class='ocrx_word' id='word_1_389' title='bbox 1497 4402 1815 4475; x_wconf 87' lang='grc' dir='ltr'>μηκύνεται,</span> <span class='ocrx_word' id='word_1_390' title='bbox 1845 4402 1935 4456; x_wconf 83' lang='grc' dir='ltr'>καὶ</span> 
     </span>
    </p>
   </div>
   <div class='ocr_carea' id='block_1_57' title="bbox 277 4487 1933 4569">
    <p class='ocr_par' dir='ltr' id='par_1_57' title="bbox 277 4487 1933 4569">
     <span class='ocr_line' id='line_1_57' title="bbox 277 4487 1933 4569; baseline -0.004 -17"><span class='ocrx_word' id='word_1_391' title='bbox 277 4495 504 4553; x_wconf 82' lang='grc' dir='ltr'>ἄλσεσιν</span> <span class='ocrx_word' id='word_1_392' title='bbox 564 4495 616 4556; x_wconf 73' lang='grc' dir='ltr'>ἐς</span> <span class='ocrx_word' id='word_1_393' title='bbox 676 4490 900 4569; x_wconf 75' lang='grc' dir='ltr'>ὄμϐρων</span> <span class='ocrx_word' id='word_1_394' title='bbox 962 4498 1130 4565; x_wconf 75' lang='grc' dir='ltr'>κομᾷ,</span> <span class='ocrx_word' id='word_1_395' title='bbox 1197 4492 1286 4546; x_wconf 80' lang='grc' dir='ltr'>καὶ</span> <span class='ocrx_word' id='word_1_396' title='bbox 1334 4492 1566 4567; x_wconf 82' lang='grc' dir='ltr'>χωρίοις</span> <span class='ocrx_word' id='word_1_397' title='bbox 1624 4487 1933 4567; x_wconf 81' lang='grc' dir='ltr'>δρυμώδεσι</span> 
     </span>
    </p>
   </div>
   <div class='ocr_carea' id='block_1_58' title="bbox 282 4578 1932 4661">
    <p class='ocr_par' dir='ltr' id='par_1_58' title="bbox 282 4578 1932 4661">
     <span class='ocr_line' id='line_1_58' title="bbox 282 4578 1932 4661; baseline -0.004 -21"><span class='ocrx_word' id='word_1_398' title='bbox 282 4580 561 4661; x_wconf 76' lang='grc' dir='ltr'>βέϐριθεν,</span> <span class='ocrx_word' id='word_1_399' title='bbox 595 4585 713 4647; x_wconf 70' lang='grc' dir='ltr'>ἑνὸς</span> <span class='ocrx_word' id='word_1_400' title='bbox 743 4580 801 4639; x_wconf 77' lang='grc' dir='ltr'>δὲ</span> <span class='ocrx_word' id='word_1_401' title='bbox 846 4602 998 4646; x_wconf 87' lang='grc' dir='ltr'>τινος</span> <span class='ocrx_word' id='word_1_402' title='bbox 1052 4579 1252 4650; x_wconf 80' lang='grc' dir='ltr'>καλοῦ,</span> <span class='ocrx_word' id='word_1_403' title='bbox 1305 4582 1396 4636; x_wconf 79' lang='grc' dir='ltr'>καὶ</span> <span class='ocrx_word' id='word_1_404' title='bbox 1451 4578 1648 4635; x_wconf 82' lang='grc' dir='ltr'>τούτου</span> <span class='ocrx_word' id='word_1_405' title='bbox 1701 4579 1932 4655; x_wconf 85' lang='grc' dir='ltr'>ἀπαραι-</span> 
     </span>
    </p>
   </div>
   <div class='ocr_carea' id='block_1_59' title="bbox 279 4665 1935 4746">
    <p class='ocr_par' dir='ltr' id='par_1_59' title="bbox 279 4665 1935 4746">
     <span class='ocr_line' id='line_1_59' title="bbox 279 4665 1935 4746; baseline -0.005 -16"><span class='ocrx_word' id='word_1_406' title='bbox 279 4675 477 4745; x_wconf 69' lang='grc' dir='ltr'>τήτου,</span> <span class='ocrx_word' id='word_1_407' title='bbox 509 4671 810 4728; x_wconf 85' lang='grc' dir='ltr'>καλλίοτου</span> <span class='ocrx_word' id='word_1_408' title='bbox 841 4671 932 4725; x_wconf 86' lang='grc' dir='ltr'>καὶ</span> <span class='ocrx_word' id='word_1_409' title='bbox 963 4670 1254 4745; x_wconf 85' lang='grc' dir='ltr'>κρατίστου</span> <span class='ocrx_word' id='word_1_410' title='bbox 1310 4668 1372 4724; x_wconf 90' lang='grc' dir='ltr'>τὸ</span> <span class='ocrx_word' id='word_1_411' title='bbox 1439 4668 1697 4746; x_wconf 88' lang='grc' dir='ltr'>φρούριον</span> <span class='ocrx_word' id='word_1_412' title='bbox 1754 4665 1935 4743; x_wconf 86' lang='grc' dir='ltr'>στέρε-</span> 
     </span>
    </p>
   </div>
   <div class='ocr_carea' id='block_1_60' title="bbox 280 4752 1929 4839">
    <p class='ocr_par' dir='ltr' id='par_1_60' title="bbox 280 4752 1929 4839">
     <span class='ocr_line' id='line_1_60' title="bbox 280 4752 1929 4839; baseline -0.004 -21"><span class='ocrx_word' id='word_1_413' title='bbox 280 4766 393 4819; x_wconf 86' lang='grc' dir='ltr'>ται⁶</span> <span class='ocrx_word' id='word_1_414' title='bbox 426 4759 553 4817; x_wconf 75' lang='grc' dir='ltr'>οὐδὲ</span> <span class='ocrx_word' id='word_1_415' title='bbox 592 4761 694 4839; x_wconf 77' lang='grc' dir='ltr'>γὰρ</span> <span class='ocrx_word' id='word_1_416' title='bbox 760 4759 996 4836; x_wconf 84' lang='grc' dir='ltr'>βραχεῖά</span> <span class='ocrx_word' id='word_1_417' title='bbox 1056 4779 1139 4821; x_wconf 86' lang='grc' dir='ltr'>τις</span> <span class='ocrx_word' id='word_1_418' title='bbox 1205 4756 1395 4819; x_wconf 73' lang='grc' dir='ltr'>ὕδατος</span> <span class='ocrx_word' id='word_1_419' title='bbox 1443 4752 1603 4821; x_wconf 71' lang='grc' dir='ltr'>λιϐὰς</span> <span class='ocrx_word' id='word_1_420' title='bbox 1658 4756 1766 4813; x_wconf 77' lang='grc' dir='ltr'>ἐκεῖ</span> <span class='ocrx_word' id='word_1_421' title='bbox 1823 4778 1929 4813; x_wconf 92' lang='grc' dir='ltr'>που</span> 
     </span>
    </p>
   </div>
   <div class='ocr_carea' id='block_1_61' title="bbox 281 4844 1929 4926">
    <p class='ocr_par' dir='ltr' id='par_1_61' title="bbox 281 4844 1929 4926">
     <span class='ocr_line' id='line_1_61' title="bbox 281 4844 1929 4926; baseline -0.004 -18"><span class='ocrx_word' id='word_1_422' title='bbox 281 4849 587 4919; x_wconf 73' lang='grc' dir='ltr'>ἐκδίδωσιν,</span> <span class='ocrx_word' id='word_1_423' title='bbox 621 4848 745 4906; x_wconf 73' lang='grc' dir='ltr'>οὖδὶ</span> <span class='ocrx_word' id='word_1_424' title='bbox 783 4850 1014 4926; x_wconf 74' lang='grc' dir='ltr'>φρεάτιά</span> <span class='ocrx_word' id='word_1_425' title='bbox 1068 4849 1199 4903; x_wconf 77' lang='grc' dir='ltr'>εἰσιν</span> <span class='ocrx_word' id='word_1_426' title='bbox 1255 4846 1477 4923; x_wconf 83' lang='grc' dir='ltr'>ὀρυκτὰ,</span> <span class='ocrx_word' id='word_1_427' title='bbox 1533 4846 1680 4902; x_wconf 82' lang='grc' dir='ltr'>ἀλλὰ</span> <span class='ocrx_word' id='word_1_428' title='bbox 1739 4844 1821 4903; x_wconf 84' lang='grc' dir='ltr'>δεῖ</span> <span class='ocrx_word' id='word_1_429' title='bbox 1877 4845 1929 4910; x_wconf 80' lang='grc' dir='ltr'>ἐς</span> 
     </span>
    </p>
   </div>
   <div class='ocr_carea' id='block_1_62' title="bbox 280 4934 1928 5015">
    <p class='ocr_par' dir='ltr' id='par_1_62' title="bbox 280 4934 1928 5015">
     <span class='ocr_line' id='line_1_62' title="bbox 280 4934 1928 5015; baseline -0.004 -17"><span class='ocrx_word' id='word_1_430' title='bbox 280 4943 376 4998; x_wconf 87' lang='grc' dir='ltr'>τὸν</span> <span class='ocrx_word' id='word_1_431' title='bbox 430 4940 680 5015; x_wconf 79' lang='grc' dir='ltr'>ποταμὸν</span> <span class='ocrx_word' id='word_1_432' title='bbox 754 4938 987 4995; x_wconf 85' lang='grc' dir='ltr'>κατιέναι</span> <span class='ocrx_word' id='word_1_433' title='bbox 1063 4937 1155 4993; x_wconf 87' lang='grc' dir='ltr'>καὶ</span> <span class='ocrx_word' id='word_1_434' title='bbox 1205 4934 1413 5012; x_wconf 86' lang='grc' dir='ltr'>ὑδρίαις</span> <span class='ocrx_word' id='word_1_435' title='bbox 1490 4937 1780 5012; x_wconf 73' lang='grc' dir='ltr'>ἀρύσασθαι</span> <span class='ocrx_word' id='word_1_436' title='bbox 1837 4938 1928 4993; x_wconf 89' lang='grc' dir='ltr'>τὸν</span> 
     </span>
    </p>
   </div>
   <div class='ocr_carea' id='block_1_63' title="bbox 280 5026 1930 5103">
    <p class='ocr_par' dir='ltr' id='par_1_63' title="bbox 280 5026 1930 5103">
     <span class='ocr_line' id='line_1_63' title="bbox 280 5026 1930 5103; baseline -0.004 -15"><span class='ocrx_word' id='word_1_437' title='bbox 280 5031 472 5088; x_wconf 87' lang='grc' dir='ltr'>ποτόν.</span> <span class='ocrx_word' id='word_1_438' title='bbox 505 5029 765 5088; x_wconf 84' lang='grc' dir='ltr'>Τοιούτον</span> <span class='ocrx_word' id='word_1_439' title='bbox 798 5028 981 5085; x_wconf 90' lang='grc' dir='ltr'>τοίνυν</span> <span class='ocrx_word' id='word_1_440' title='bbox 1038 5026 1309 5100; x_wconf 74' lang='grc' dir='ltr'>ἐρύματος</span> <span class='ocrx_word' id='word_1_441' title='bbox 1369 5026 1636 5101; x_wconf 76' lang='grc' dir='ltr'>ἐγκρατὴς</span> <span class='ocrx_word' id='word_1_442' title='bbox 1696 5028 1724 5081; x_wconf 84' lang='grc' dir='ltr'>ὁ</span> <span class='ocrx_word' id='word_1_443' title='bbox 1788 5026 1930 5103; x_wconf 86' lang='grc' dir='ltr'>Χρύ-</span> 
     </span>
    </p>
   </div>
   <div class='ocr_carea' id='block_1_64' title="bbox 282 5113 1931 5196">
    <p class='ocr_par' dir='ltr' id='par_1_64' title="bbox 282 5113 1931 5196">
     <span class='ocr_line' id='line_1_64' title="bbox 282 5113 1931 5196; baseline -0.004 -18"><span class='ocrx_word' id='word_1_444' title='bbox 282 5142 380 5183; x_wconf 83' lang='grc' dir='ltr'>σος</span> <span class='ocrx_word' id='word_1_445' title='bbox 410 5120 699 5196; x_wconf 86' lang='grc' dir='ltr'>γενόμενος</span> <span class='ocrx_word' id='word_1_446' title='bbox 744 5119 882 5193; x_wconf 84' lang='grc' dir='ltr'>πρὸς</span> <span class='ocrx_word' id='word_1_447' title='bbox 939 5113 1090 5172; x_wconf 72' lang='grc' dir='ltr'>οὐδὲν</span> <span class='ocrx_word' id='word_1_448' title='bbox 1146 5116 1228 5169; x_wconf 78' lang='grc' dir='ltr'>δτι</span> <span class='ocrx_word' id='word_1_449' title='bbox 1282 5115 1398 5169; x_wconf 87' lang='grc' dir='ltr'>κατ’</span> <span class='ocrx_word' id='word_1_450' title='bbox 1454 5114 1618 5170; x_wconf 75' lang='grc' dir='ltr'>αὐτοῦ</span> <span class='ocrx_word' id='word_1_451' title='bbox 1674 5114 1931 5190; x_wconf 80' lang='grc' dir='ltr'>βασιλεὺς</span> 
     </span>
    </p>
   </div>
   <div class='ocr_carea' id='block_1_65' title="bbox 282 5203 1928 5283">
    <p class='ocr_par' dir='ltr' id='par_1_65' title="bbox 282 5203 1928 5283">
     <span class='ocr_line' id='line_1_65' title="bbox 282 5203 1928 5283; baseline -0.004 -17"><span class='ocrx_word' id='word_1_452' title='bbox 282 5210 489 5267; x_wconf 84' lang='grc' dir='ltr'>ἔπεισιν</span> <span class='ocrx_word' id='word_1_453' title='bbox 522 5208 865 5283; x_wconf 78' lang='grc' dir='ltr'>ἐτετάρακτο,</span> <span class='ocrx_word' id='word_1_454' title='bbox 917 5204 1046 5261; x_wconf 86' lang='grc' dir='ltr'>ἀλλ’</span> <span class='ocrx_word' id='word_1_455' title='bbox 1102 5206 1175 5266; x_wconf 83' lang='grc' dir='ltr'>ὡς</span> <span class='ocrx_word' id='word_1_456' title='bbox 1235 5203 1646 5277; x_wconf 80' lang='grc' dir='ltr'>ἀντιταξόμενος</span> <span class='ocrx_word' id='word_1_457' title='bbox 1697 5206 1928 5278; x_wconf 80' lang='grc' dir='ltr'>ἡτοιμά-</span> 
     </span>
    </p>
   </div>
   <div class='ocr_carea' id='block_1_66' title="bbox 285 5290 1933 5372">
    <p class='ocr_par' dir='ltr' id='par_1_66' title="bbox 285 5290 1933 5372">
     <span class='ocr_line' id='line_1_66' title="bbox 285 5290 1933 5372; baseline -0.005 -15"><span class='ocrx_word' id='word_1_458' title='bbox 285 5321 441 5360; x_wconf 85' lang='grc' dir='ltr'>σατο.</span> <span class='ocrx_word' id='word_1_459' title='bbox 490 5302 624 5361; x_wconf 91' lang='grc' dir='ltr'>Τοῖς</span> <span class='ocrx_word' id='word_1_460' title='bbox 684 5299 779 5372; x_wconf 71' lang='grc' dir='ltr'>μὲν</span> <span class='ocrx_word' id='word_1_461' title='bbox 839 5297 930 5352; x_wconf 84' lang='grc' dir='ltr'>οὗν</span> <span class='ocrx_word' id='word_1_462' title='bbox 985 5297 1037 5351; x_wconf 76' lang='grc' dir='ltr'>ἒν</span> <span class='ocrx_word' id='word_1_463' title='bbox 1098 5293 1256 5368; x_wconf 79' lang='grc' dir='ltr'>πείρᾳ</span> <span class='ocrx_word' id='word_1_464' title='bbox 1313 5290 1564 5366; x_wconf 84' lang='grc' dir='ltr'>πολέμου</span> <span class='ocrx_word' id='word_1_465' title='bbox 1618 5294 1933 5367; x_wconf 84' lang='grc' dir='ltr'>Ῥωμαίοις,</span> 
     </span>
    </p>
   </div>
   <div class='ocr_carea' id='block_1_67' title="bbox 285 5380 1930 5454">
    <p class='ocr_par' dir='ltr' id='par_1_67' title="bbox 285 5380 1930 5454">
     <span class='ocr_line' id='line_1_67' title="bbox 285 5380 1930 5454; baseline -0.007 -9"><span class='ocrx_word' id='word_1_466' title='bbox 285 5389 336 5446; x_wconf 73' lang='grc' dir='ltr'>εἲ</span> <span class='ocrx_word' id='word_1_467' title='bbox 364 5410 450 5454; x_wconf 87' lang='grc' dir='ltr'>τις</span> <span class='ocrx_word' id='word_1_468' title='bbox 500 5410 605 5445; x_wconf 89' lang='grc' dir='ltr'>που</span> <span class='ocrx_word' id='word_1_469' title='bbox 662 5387 798 5449; x_wconf 79' lang='grc' dir='ltr'>τέως</span> <span class='ocrx_word' id='word_1_470' title='bbox 859 5384 948 5442; x_wconf 88' lang='grc' dir='ltr'>καὶ</span> <span class='ocrx_word' id='word_1_471' title='bbox 1005 5381 1395 5453; x_wconf 73' lang='grc' dir='ltr'>ὕπολέλειπτο,</span> <span class='ocrx_word' id='word_1_472' title='bbox 1454 5380 1546 5436; x_wconf 87' lang='grc' dir='ltr'>καὶ</span> <span class='ocrx_word' id='word_1_473' title='bbox 1599 5382 1682 5443; x_wconf 77' lang='grc' dir='ltr'>οἷς</span> <span class='ocrx_word' id='word_1_474' title='bbox 1735 5384 1771 5452; x_wconf 83' lang='grc' dir='ltr'><strong>ἡ</strong></span> <span class='ocrx_word' id='word_1_475' title='bbox 1823 5387 1930 5436; x_wconf 81' lang='grc' dir='ltr'>τῶν</span> 
     </span>
    </p>
   </div>
   <div class='ocr_carea' id='block_1_68' title="bbox 284 5468 1931 5556">
    <p class='ocr_par' dir='ltr' id='par_1_68' title="bbox 284 5468 1931 5556">
     <span class='ocr_line' id='line_1_68' title="bbox 284 5468 1931 5556; baseline -0.005 -21"><span class='ocrx_word' id='word_1_476' title='bbox 284 5479 460 5536; x_wconf 66' lang='grc' dir='ltr'>ἐκεῖσε</span> <span class='ocrx_word' id='word_1_477' title='bbox 487 5477 633 5541; x_wconf 81' lang='grc' dir='ltr'>θέσις</span> <span class='ocrx_word' id='word_1_478' title='bbox 672 5481 874 5556; x_wconf 84' lang='grc' dir='ltr'>χωρῶν</span> <span class='ocrx_word' id='word_1_479' title='bbox 900 5472 1153 5548; x_wconf 78' lang='grc' dir='ltr'>οὐδαμῶς</span> <span class='ocrx_word' id='word_1_480' title='bbox 1182 5471 1443 5546; x_wconf 80' lang='grc' dir='ltr'>ἠγνόητο,</span> <span class='ocrx_word' id='word_1_481' title='bbox 1515 5468 1631 5526; x_wconf 81' lang='grc' dir='ltr'>δέον</span> <span class='ocrx_word' id='word_1_482' title='bbox 1693 5470 1931 5544; x_wconf 79' lang='grc' dir='ltr'>ἐκρίνετο</span> 
     </span>
    </p>
   </div>
   <div class='ocr_carea' id='block_1_69' title="bbox 285 5557 1929 5644">
    <p class='ocr_par' dir='ltr' id='par_1_69' title="bbox 285 5557 1929 5644">
     <span class='ocr_line' id='line_1_69' title="bbox 285 5557 1929 5644; baseline -0.007 -18"><span class='ocrx_word' id='word_1_483' title='bbox 285 5569 376 5626; x_wconf 81' lang='grc' dir='ltr'>καὶ</span> <span class='ocrx_word' id='word_1_484' title='bbox 432 5573 512 5640; x_wconf 75' lang='grc' dir='ltr'>τῷ</span> <span class='ocrx_word' id='word_1_485' title='bbox 571 5568 788 5644; x_wconf 86' lang='grc' dir='ltr'>βασιλεῖ</span> <span class='ocrx_word' id='word_1_486' title='bbox 844 5559 1228 5620; x_wconf 77' lang='grc' dir='ltr'>συνεϐούλευον</span> <span class='ocrx_word' id='word_1_487' title='bbox 1289 5557 1632 5638; x_wconf 80' lang='grc' dir='ltr'>παραλλάξαι</span> <span class='ocrx_word' id='word_1_488' title='bbox 1695 5561 1791 5632; x_wconf 73' lang='grc' dir='ltr'>μὲν</span> <span class='ocrx_word' id='word_1_489' title='bbox 1839 5561 1929 5615; x_wconf 85' lang='grc' dir='ltr'>τὸν</span> 
     </span>
    </p>
   </div>
   <div class='ocr_carea' id='block_1_70' title="bbox 287 5648 1926 5737">
    <p class='ocr_par' dir='ltr' id='par_1_70' title="bbox 287 5648 1926 5737">
     <span class='ocr_line' id='line_1_70' title="bbox 287 5648 1926 5737; baseline -0.007 -20"><span class='ocrx_word' id='word_1_490' title='bbox 287 5655 596 5737; x_wconf 83' lang='grc' dir='ltr'>Πρὸσακον,</span> <span class='ocrx_word' id='word_1_491' title='bbox 651 5656 930 5732; x_wconf 77' lang='grc' dir='ltr'>μετελθεῖν</span> <span class='ocrx_word' id='word_1_492' title='bbox 991 5650 1049 5709; x_wconf 73' lang='grc' dir='ltr'>δὶ</span> <span class='ocrx_word' id='word_1_493' title='bbox 1105 5651 1174 5707; x_wconf 69' lang='grc' dir='ltr'>τὰ</span> <span class='ocrx_word' id='word_1_494' title='bbox 1234 5649 1404 5707; x_wconf 81' lang='grc' dir='ltr'>λοιπὰ</span> <span class='ocrx_word' id='word_1_495' title='bbox 1470 5648 1786 5722; x_wconf 86' lang='grc' dir='ltr'>πολίσματα</span> <span class='ocrx_word' id='word_1_496' title='bbox 1839 5652 1926 5707; x_wconf 79' lang='grc' dir='ltr'>καὶ</span> 
     </span>
    </p>
   </div>
   <div class='ocr_carea' id='block_1_71' title="bbox 2049 3514 3698 3592">
    <p class='ocr_par' dir='ltr' id='par_1_71' title="bbox 2049 3514 3698 3592">
     <span class='ocr_line' id='line_1_71' title="bbox 2049 3514 3698 3592; baseline 0.005 -23"><span class='ocrx_word' id='word_1_497' title='bbox 2049 3514 2352 3586; x_wconf 79' lang='lat' dir='ltr'>dispositis</span> <span class='ocrx_word' id='word_1_498' title='bbox 2410 3523 2466 3569; x_wconf 85' lang='lat' dir='ltr'>et</span> <span class='ocrx_word' id='word_1_499' title='bbox 2496 3520 2829 3571; x_wconf 80' lang='lat' dir='ltr'>commeatu</span> <span class='ocrx_word' id='word_1_500' title='bbox 2865 3517 3097 3571; x_wconf 85' lang='lat' dir='ltr'>abunde</span> <span class='ocrx_word' id='word_1_501' title='bbox 3129 3516 3464 3589; x_wconf 85' lang='lat' dir='ltr'>importato,</span> <span class='ocrx_word' id='word_1_502' title='bbox 3497 3537 3698 3592; x_wconf 83' lang='lat' dir='ltr'>greges</span> 
     </span>
    </p>
   </div>
   <div class='ocr_carea' id='block_1_72' title="bbox 2048 3606 3697 3680">
    <p class='ocr_par' dir='ltr' id='par_1_72' title="bbox 2048 3606 3697 3680">
     <span class='ocr_line' id='line_1_72' title="bbox 2048 3606 3697 3680; baseline 0.004 -21"><span class='ocrx_word' id='word_1_503' title='bbox 2048 3609 2104 3659; x_wconf 89' lang='lat' dir='ltr'>et</span> <span class='ocrx_word' id='word_1_504' title='bbox 2132 3608 2396 3659; x_wconf 83' lang='lat' dir='ltr'>armenta</span> <span class='ocrx_word' id='word_1_505' title='bbox 2441 3606 2498 3660; x_wconf 91' lang='lat' dir='ltr'>in</span> <span class='ocrx_word' id='word_1_506' title='bbox 2534 3606 2847 3661; x_wconf 73' lang='lat' dir='ltr'>verticibus</span> <span class='ocrx_word' id='word_1_507' title='bbox 2881 3607 3167 3662; x_wconf 75' lang='lat' dir='ltr'>montium</span> <span class='ocrx_word' id='word_1_508' title='bbox 3200 3609 3397 3680; x_wconf 82' lang='lat' dir='ltr'>vagari</span> <span class='ocrx_word' id='word_1_509' title='bbox 3455 3613 3512 3664; x_wconf 92' lang='lat' dir='ltr'>et</span> <span class='ocrx_word' id='word_1_510' title='bbox 3542 3611 3697 3679; x_wconf 88' lang='lat' dir='ltr'>pasci</span> 
     </span>
    </p>
   </div>
   <div class='ocr_carea' id='block_1_73' title="bbox 2047 3691 3689 3769">
    <p class='ocr_par' dir='ltr' id='par_1_73' title="bbox 2047 3691 3689 3769">
     <span class='ocr_line' id='line_1_73' title="bbox 2047 3691 3689 3769; baseline 0.003 -21"><span class='ocrx_word' id='word_1_511' title='bbox 2047 3692 2197 3748; x_wconf 88' lang='lat' dir='ltr'>sivit.</span> <span class='ocrx_word' id='word_1_512' title='bbox 2232 3691 2431 3763; x_wconf 85' lang='lat' dir='ltr'>Neque</span> <span class='ocrx_word' id='word_1_513' title='bbox 2488 3692 2641 3748; x_wconf 86' lang='lat' dir='ltr'>enim</span> <span class='ocrx_word' id='word_1_514' title='bbox 2684 3693 2903 3748; x_wconf 82' lang='lat' dir='ltr'>castelli</span> <span class='ocrx_word' id='word_1_515' title='bbox 2936 3694 3192 3749; x_wconf 84' lang='lat' dir='ltr'>ambitus</span> <span class='ocrx_word' id='word_1_516' title='bbox 3235 3696 3399 3751; x_wconf 79' lang='lat' dir='ltr'>facile</span> <span class='ocrx_word' id='word_1_517' title='bbox 3428 3712 3689 3769; x_wconf 85' lang='lat' dir='ltr'>compre-</span> 
     </span>
    </p>
   </div>
   <div class='ocr_carea' id='block_1_74' title="bbox 2045 3780 3692 3855">
    <p class='ocr_par' dir='ltr' id='par_1_74' title="bbox 2045 3780 3692 3855">
     <span class='ocr_line' id='line_1_74' title="bbox 2045 3780 3692 3855; baseline 0.003 -19"><span class='ocrx_word' id='word_1_518' title='bbox 2045 3780 2221 3837; x_wconf 86' lang='lat' dir='ltr'>hendi</span> <span class='ocrx_word' id='word_1_519' title='bbox 2284 3786 2489 3851; x_wconf 81' lang='lat' dir='ltr'>potest,</span> <span class='ocrx_word' id='word_1_520' title='bbox 2537 3781 2637 3853; x_wconf 91' lang='lat' dir='ltr'>qui</span> <span class='ocrx_word' id='word_1_521' title='bbox 2685 3781 2858 3854; x_wconf 85' lang='lat' dir='ltr'>longe</span> <span class='ocrx_word' id='word_1_522' title='bbox 2926 3783 3159 3854; x_wconf 81' lang='lat' dir='ltr'>lateque</span> <span class='ocrx_word' id='word_1_523' title='bbox 3216 3789 3389 3855; x_wconf 80' lang='lat' dir='ltr'>patet,</span> <span class='ocrx_word' id='word_1_524' title='bbox 3444 3784 3692 3842; x_wconf 81' lang='lat' dir='ltr'>saltibus</span> 
     </span>
    </p>
   </div>
   <div class='ocr_carea' id='block_1_75' title="bbox 2047 3871 3687 3931">
    <p class='ocr_par' dir='ltr' id='par_1_75' title="bbox 2047 3871 3687 3931">
     <span class='ocr_line' id='line_1_75' title="bbox 2047 3871 3687 3931; baseline 0.003 -5"><span class='ocrx_word' id='word_1_525' title='bbox 2047 3871 2221 3926; x_wconf 88' lang='lat' dir='ltr'>etiam</span> <span class='ocrx_word' id='word_1_526' title='bbox 2253 3880 2308 3924; x_wconf 84' lang='lat' dir='ltr'>ct</span> <span class='ocrx_word' id='word_1_527' title='bbox 2368 3872 2706 3927; x_wconf 83' lang='lat' dir='ltr'>nemoribus</span> <span class='ocrx_word' id='word_1_528' title='bbox 2737 3871 2918 3928; x_wconf 85' lang='lat' dir='ltr'>ﬂoret.</span> <span class='ocrx_word' id='word_1_529' title='bbox 2952 3871 3076 3928; x_wconf 90' lang='lat' dir='ltr'>Uno</span> <span class='ocrx_word' id='word_1_530' title='bbox 3107 3877 3303 3928; x_wconf 84' lang='lat' dir='ltr'>tamen</span> <span class='ocrx_word' id='word_1_531' title='bbox 3354 3874 3505 3930; x_wconf 90' lang='lat' dir='ltr'>bono</span> <span class='ocrx_word' id='word_1_532' title='bbox 3537 3876 3687 3931; x_wconf 74' lang='grc'><strong>667</strong></span> 
     </span>
    </p>
   </div>
   <div class='ocr_carea' id='block_1_76' title="bbox 2045 3960 3691 4032">
    <p class='ocr_par' dir='ltr' id='par_1_76' title="bbox 2045 3960 3691 4032">
     <span class='ocr_line' id='line_1_76' title="bbox 2045 3960 3691 4032; baseline 0.003 -16"><span class='ocrx_word' id='word_1_533' title='bbox 2045 3976 2228 4032; x_wconf 88' lang='lat' dir='ltr'>eoque</span> <span class='ocrx_word' id='word_1_534' title='bbox 2258 3977 2477 4015; x_wconf 86' lang='lat' dir='ltr'>summe</span> <span class='ocrx_word' id='word_1_535' title='bbox 2535 3960 2857 4017; x_wconf 86' lang='lat' dir='ltr'>necessario</span> <span class='ocrx_word' id='word_1_536' title='bbox 2889 3964 2945 4017; x_wconf 89' lang='lat' dir='ltr'>et</span> <span class='ocrx_word' id='word_1_537' title='bbox 2987 3963 3463 4032; x_wconf 68' lang='lat' dir='ltr'>praestantissimo</span> <span class='ocrx_word' id='word_1_538' title='bbox 3513 3970 3691 4032; x_wconf 85' lang='lat' dir='ltr'>caret,</span> 
     </span>
    </p>
   </div>
   <div class='ocr_carea' id='block_1_77' title="bbox 2046 4048 3694 4123">
    <p class='ocr_par' dir='ltr' id='par_1_77' title="bbox 2046 4048 3694 4123">
     <span class='ocr_line' id='line_1_77' title="bbox 2046 4048 3694 4123; baseline 0.004 -19"><span class='ocrx_word' id='word_1_539' title='bbox 2046 4048 2204 4121; x_wconf 89' lang='lat' dir='ltr'>quod</span> <span class='ocrx_word' id='word_1_540' title='bbox 2235 4066 2306 4105; x_wconf 87' lang='lat' dir='ltr'>ne</span> <span class='ocrx_word' id='word_1_541' title='bbox 2340 4066 2454 4105; x_wconf 86' lang='lat' dir='ltr'>una</span> <span class='ocrx_word' id='word_1_542' title='bbox 2506 4049 2744 4122; x_wconf 89' lang='lat' dir='ltr'>quidem</span> <span class='ocrx_word' id='word_1_543' title='bbox 2785 4067 2951 4121; x_wconf 66' lang='lat' dir='ltr'>aquas</span> <span class='ocrx_word' id='word_1_544' title='bbox 2980 4055 3146 4123; x_wconf 83' lang='lat' dir='ltr'>gutta</span> <span class='ocrx_word' id='word_1_545' title='bbox 3174 4050 3251 4106; x_wconf 89' lang='lat' dir='ltr'>ibi</span> <span class='ocrx_word' id='word_1_546' title='bbox 3284 4052 3546 4121; x_wconf 88' lang='lat' dir='ltr'>scaturit,</span> <span class='ocrx_word' id='word_1_547' title='bbox 3587 4070 3694 4111; x_wconf 85' lang='lat' dir='ltr'>nec</span> 
     </span>
    </p>
   </div>
   <div class='ocr_carea' id='block_1_78' title="bbox 2045 4137 3692 4207">
    <p class='ocr_par' dir='ltr' id='par_1_78' title="bbox 2045 4137 3692 4207">
     <span class='ocr_line' id='line_1_78' title="bbox 2045 4137 3692 4207; baseline 0.002 -12"><span class='ocrx_word' id='word_1_548' title='bbox 2045 4137 2274 4195; x_wconf 84' lang='lat' dir='ltr'>fossiles</span> <span class='ocrx_word' id='word_1_549' title='bbox 2307 4139 2463 4207; x_wconf 88' lang='lat' dir='ltr'>putei</span> <span class='ocrx_word' id='word_1_550' title='bbox 2509 4146 2667 4207; x_wconf 85' lang='lat' dir='ltr'>sunt,</span> <span class='ocrx_word' id='word_1_551' title='bbox 2718 4139 2815 4193; x_wconf 89' lang='lat' dir='ltr'>sed</span> <span class='ocrx_word' id='word_1_552' title='bbox 2852 4140 2921 4194; x_wconf 89' lang='lat' dir='ltr'>ad</span> <span class='ocrx_word' id='word_1_553' title='bbox 2955 4139 3171 4197; x_wconf 85' lang='lat' dir='ltr'>ﬂumen</span> <span class='ocrx_word' id='word_1_554' title='bbox 3220 4140 3692 4199; x_wconf 86' lang='lat' dir='ltr'>descendendum</span> 
     </span>
    </p>
   </div>
   <div class='ocr_carea' id='block_1_79' title="bbox 2045 4227 3696 4302">
    <p class='ocr_par' dir='ltr' id='par_1_79' title="bbox 2045 4227 3696 4302">
     <span class='ocr_line' id='line_1_79' title="bbox 2045 4227 3696 4302; baseline 0.001 -17"><span class='ocrx_word' id='word_1_555' title='bbox 2045 4233 2103 4285; x_wconf 88' lang='lat' dir='ltr'>et</span> <span class='ocrx_word' id='word_1_556' title='bbox 2159 4227 2385 4300; x_wconf 78' lang='lat' dir='ltr'>hydriis</span> <span class='ocrx_word' id='word_1_557' title='bbox 2431 4245 2585 4300; x_wconf 90' lang='lat' dir='ltr'>aqua</span> <span class='ocrx_word' id='word_1_558' title='bbox 2646 4227 2970 4283; x_wconf 84' lang='lat' dir='ltr'>haurienda</span> <span class='ocrx_word' id='word_1_559' title='bbox 3025 4233 3132 4284; x_wconf 84' lang='lat' dir='ltr'>est.</span> <span class='ocrx_word' id='word_1_560' title='bbox 3204 4229 3459 4302; x_wconf 78' lang='lat' dir='ltr'>Cbrysus</span> <span class='ocrx_word' id='word_1_561' title='bbox 3516 4230 3696 4302; x_wconf 80' lang='lat' dir='ltr'>igitur</span> 
     </span>
    </p>
   </div>
   <div class='ocr_carea' id='block_1_80' title="bbox 2045 4316 3693 4391">
    <p class='ocr_par' dir='ltr' id='par_1_80' title="bbox 2045 4316 3693 4391">
     <span class='ocr_line' id='line_1_80' title="bbox 2045 4316 3693 4391; baseline 0.002 -18"><span class='ocrx_word' id='word_1_562' title='bbox 2045 4317 2148 4374; x_wconf 86' lang='lat' dir='ltr'>tali</span> <span class='ocrx_word' id='word_1_563' title='bbox 2176 4316 2410 4372; x_wconf 87' lang='lat' dir='ltr'>castello</span> <span class='ocrx_word' id='word_1_564' title='bbox 2469 4316 2704 4387; x_wconf 86' lang='lat' dir='ltr'>potitus,</span> <span class='ocrx_word' id='word_1_565' title='bbox 2740 4316 3106 4389; x_wconf 83' lang='lat' dir='ltr'>imperatoris</span> <span class='ocrx_word' id='word_1_566' title='bbox 3154 4324 3353 4374; x_wconf 88' lang='lat' dir='ltr'>contra</span> <span class='ocrx_word' id='word_1_567' title='bbox 3410 4336 3473 4376; x_wconf 88' lang='lat' dir='ltr'>se</span> <span class='ocrx_word' id='word_1_568' title='bbox 3522 4336 3693 4391; x_wconf 79' lang='lat' dir='ltr'>expe-</span> 
     </span>
    </p>
   </div>
   <div class='ocr_carea' id='block_1_81' title="bbox 2045 4404 3689 4478">
    <p class='ocr_par' dir='ltr' id='par_1_81' title="bbox 2045 4404 3689 4478">
     <span class='ocr_line' id='line_1_81' title="bbox 2045 4404 3689 4478; baseline 0.001 -17"><span class='ocrx_word' id='word_1_569' title='bbox 2045 4405 2262 4461; x_wconf 88' lang='lat' dir='ltr'>ditione</span> <span class='ocrx_word' id='word_1_570' title='bbox 2296 4404 2441 4460; x_wconf 87' lang='lat' dir='ltr'>nihil</span> <span class='ocrx_word' id='word_1_571' title='bbox 2502 4405 2755 4472; x_wconf 87' lang='lat' dir='ltr'>territus,</span> <span class='ocrx_word' id='word_1_572' title='bbox 2789 4406 2858 4459; x_wconf 86' lang='lat' dir='ltr'>ad</span> <span class='ocrx_word' id='word_1_573' title='bbox 2908 4405 3293 4462; x_wconf 82' lang='lat' dir='ltr'>resistendum</span> <span class='ocrx_word' id='word_1_574' title='bbox 3346 4424 3409 4463; x_wconf 86' lang='lat' dir='ltr'>se</span> <span class='ocrx_word' id='word_1_575' title='bbox 3450 4408 3689 4478; x_wconf 80' lang='lat' dir='ltr'>paravit.</span> 
     </span>
    </p>
   </div>
   <div class='ocr_carea' id='block_1_82' title="bbox 2045 4492 3691 4569">
    <p class='ocr_par' dir='ltr' id='par_1_82' title="bbox 2045 4492 3691 4569">
     <span class='ocr_line' id='line_1_82' title="bbox 2045 4492 3691 4569; baseline 0.002 -18"><span class='ocrx_word' id='word_1_576' title='bbox 2045 4494 2286 4551; x_wconf 76' lang='lat' dir='ltr'>Romani</span> <span class='ocrx_word' id='word_1_577' title='bbox 2342 4511 2475 4549; x_wconf 76' lang='lat' dir='ltr'>vero</span> <span class='ocrx_word' id='word_1_578' title='bbox 2531 4493 2611 4547; x_wconf 79' lang='lat' dir='ltr'>rei</span> <span class='ocrx_word' id='word_1_579' title='bbox 2644 4492 2905 4548; x_wconf 88' lang='lat' dir='ltr'>militaris</span> <span class='ocrx_word' id='word_1_580' title='bbox 2936 4494 3125 4565; x_wconf 88' lang='lat' dir='ltr'>periti,</span> <span class='ocrx_word' id='word_1_581' title='bbox 3166 4496 3215 4551; x_wconf 90' lang='lat' dir='ltr'>si</span> <span class='ocrx_word' id='word_1_582' title='bbox 3273 4497 3374 4569; x_wconf 88' lang='lat' dir='ltr'>qui</span> <span class='ocrx_word' id='word_1_583' title='bbox 3414 4497 3561 4553; x_wconf 77' lang='lat' dir='ltr'>forte</span> <span class='ocrx_word' id='word_1_584' title='bbox 3591 4514 3691 4554; x_wconf 88' lang='lat' dir='ltr'>su-</span> 
     </span>
    </p>
   </div>
   <div class='ocr_carea' id='block_1_83' title="bbox 2045 4582 3693 4656">
    <p class='ocr_par' dir='ltr' id='par_1_83' title="bbox 2045 4582 3693 4656">
     <span class='ocr_line' id='line_1_83' title="bbox 2045 4582 3693 4656; baseline 0.003 -18"><span class='ocrx_word' id='word_1_585' title='bbox 2045 4588 2329 4656; x_wconf 88' lang='lat' dir='ltr'>pererant,</span> <span class='ocrx_word' id='word_1_586' title='bbox 2362 4588 2418 4638; x_wconf 88' lang='lat' dir='ltr'>et</span> <span class='ocrx_word' id='word_1_587' title='bbox 2466 4582 2616 4638; x_wconf 89' lang='lat' dir='ltr'>situs</span> <span class='ocrx_word' id='word_1_588' title='bbox 2648 4583 2907 4639; x_wconf 90' lang='lat' dir='ltr'>locorum</span> <span class='ocrx_word' id='word_1_589' title='bbox 2959 4599 3075 4639; x_wconf 90' lang='lat' dir='ltr'>non</span> <span class='ocrx_word' id='word_1_590' title='bbox 3124 4584 3332 4654; x_wconf 81' lang='lat' dir='ltr'>ignari,</span> <span class='ocrx_word' id='word_1_591' title='bbox 3375 4586 3693 4643; x_wconf 86' lang='lat' dir='ltr'>monebant</span> 
     </span>
    </p>
   </div>
   <div class='ocr_carea' id='block_1_84' title="bbox 2044 4671 3690 4748">
    <p class='ocr_par' dir='ltr' id='par_1_84' title="bbox 2044 4671 3690 4748">
     <span class='ocr_line' id='line_1_84' title="bbox 2044 4671 3690 4748; baseline 0.002 -19"><span class='ocrx_word' id='word_1_592' title='bbox 2044 4672 2452 4744; x_wconf 85' lang='lat' dir='ltr'>imperatorem</span> <span class='ocrx_word' id='word_1_593' title='bbox 2487 4677 2546 4727; x_wconf 91' lang='lat' dir='ltr'>ut</span> <span class='ocrx_word' id='word_1_594' title='bbox 2596 4671 2885 4740; x_wconf 67' lang='lat' dir='ltr'>prasterito</span> <span class='ocrx_word' id='word_1_595' title='bbox 2938 4677 3185 4729; x_wconf 88' lang='lat' dir='ltr'>Prosaco</span> <span class='ocrx_word' id='word_1_596' title='bbox 3218 4675 3438 4747; x_wconf 87' lang='lat' dir='ltr'>reliqua</span> <span class='ocrx_word' id='word_1_597' title='bbox 3476 4676 3690 4748; x_wconf 85' lang='lat' dir='ltr'>oppida</span> 
     </span>
    </p>
   </div>
   <div class='ocr_carea' id='block_1_85' title="bbox 2045 4761 3688 4837">
    <p class='ocr_par' dir='ltr' id='par_1_85' title="bbox 2045 4761 3688 4837">
     <span class='ocr_line' id='line_1_85' title="bbox 2045 4761 3688 4837; baseline 0.002 -18"><span class='ocrx_word' id='word_1_598' title='bbox 2045 4768 2103 4819; x_wconf 89' lang='lat' dir='ltr'>et</span> <span class='ocrx_word' id='word_1_599' title='bbox 2140 4778 2319 4835; x_wconf 68' lang='lat' dir='ltr'>pagos</span> <span class='ocrx_word' id='word_1_600' title='bbox 2361 4761 2563 4834; x_wconf 79' lang='lat' dir='ltr'>Chrysi</span> <span class='ocrx_word' id='word_1_601' title='bbox 2622 4762 2935 4831; x_wconf 84' lang='lat' dir='ltr'>invaderet,</span> <span class='ocrx_word' id='word_1_602' title='bbox 2968 4767 3025 4819; x_wconf 89' lang='lat' dir='ltr'>et</span> <span class='ocrx_word' id='word_1_603' title='bbox 3080 4763 3151 4818; x_wconf 89' lang='lat' dir='ltr'>iis</span> <span class='ocrx_word' id='word_1_604' title='bbox 3181 4766 3529 4837; x_wconf 83' lang='lat' dir='ltr'>expugnatis</span> <span class='ocrx_word' id='word_1_605' title='bbox 3585 4766 3688 4822; x_wconf 88' lang='lat' dir='ltr'>de-</span> 
     </span>
    </p>
   </div>
   <div class='ocr_carea' id='block_1_86' title="bbox 2043 4849 3690 4912">
    <p class='ocr_par' dir='ltr' id='par_1_86' title="bbox 2043 4849 3690 4912">
     <span class='ocr_line' id='line_1_86' title="bbox 2043 4849 3690 4912; baseline 0.002 -5"><span class='ocrx_word' id='word_1_606' title='bbox 2043 4868 2203 4907; x_wconf 90' lang='lat' dir='ltr'>mum</span> <span class='ocrx_word' id='word_1_607' title='bbox 2254 4851 2326 4907; x_wconf 89' lang='lat' dir='ltr'>ad</span> <span class='ocrx_word' id='word_1_608' title='bbox 2373 4849 2517 4905; x_wconf 90' lang='lat' dir='ltr'>illud</span> <span class='ocrx_word' id='word_1_609' title='bbox 2565 4850 2866 4907; x_wconf 79' lang='lat' dir='ltr'>castellum</span> <span class='ocrx_word' id='word_1_610' title='bbox 2900 4851 3212 4908; x_wconf 88' lang='lat' dir='ltr'>accederet.</span> <span class='ocrx_word' id='word_1_611' title='bbox 3272 4853 3367 4909; x_wconf 89' lang='lat' dir='ltr'>Sic</span> <span class='ocrx_word' id='word_1_612' title='bbox 3424 4861 3477 4909; x_wconf 88' lang='lat' dir='ltr'>et</span> <span class='ocrx_word' id='word_1_613' title='bbox 3528 4871 3690 4912; x_wconf 81' lang='lat' dir='ltr'>exer-</span> 
     </span>
    </p>
   </div>
   <div class='ocr_carea' id='block_1_87' title="bbox 2043 4939 3692 5013">
    <p class='ocr_par' dir='ltr' id='par_1_87' title="bbox 2043 4939 3692 5013">
     <span class='ocr_line' id='line_1_87' title="bbox 2043 4939 3692 5013; baseline 0.001 -16"><span class='ocrx_word' id='word_1_614' title='bbox 2043 4942 2224 4997; x_wconf 89' lang='lat' dir='ltr'>citum</span> <span class='ocrx_word' id='word_1_615' title='bbox 2258 4940 2377 4996; x_wconf 76' lang='lat' dir='ltr'>fore</span> <span class='ocrx_word' id='word_1_616' title='bbox 2420 4940 2775 4996; x_wconf 83' lang='lat' dir='ltr'>ﬁdentiorem</span> <span class='ocrx_word' id='word_1_617' title='bbox 2813 4939 3043 4995; x_wconf 77' lang='lat' dir='ltr'>victoria</span> <span class='ocrx_word' id='word_1_618' title='bbox 3074 4948 3127 4996; x_wconf 91' lang='lat' dir='ltr'>et</span> <span class='ocrx_word' id='word_1_619' title='bbox 3161 4943 3354 5013; x_wconf 68' lang='lat' dir='ltr'>praeda</span> <span class='ocrx_word' id='word_1_620' title='bbox 3384 4958 3453 4999; x_wconf 78' lang='lat' dir='ltr'>ex</span> <span class='ocrx_word' id='word_1_621' title='bbox 3491 4943 3692 4999; x_wconf 92' lang='lat' dir='ltr'>minus</span> 
     </span>
    </p>
   </div>
   <div class='ocr_carea' id='block_1_88' title="bbox 2042 5028 3690 5101">
    <p class='ocr_par' dir='ltr' id='par_1_88' title="bbox 2042 5028 3690 5101">
     <span class='ocr_line' id='line_1_88' title="bbox 2042 5028 3690 5101; baseline 0.001 -16"><span class='ocrx_word' id='word_1_622' title='bbox 2042 5030 2227 5086; x_wconf 78' lang='lat' dir='ltr'>firmis</span> <span class='ocrx_word' id='word_1_623' title='bbox 2287 5028 2544 5086; x_wconf 88' lang='lat' dir='ltr'>castellis</span> <span class='ocrx_word' id='word_1_624' title='bbox 2575 5038 2760 5101; x_wconf 88' lang='lat' dir='ltr'>parta,</span> <span class='ocrx_word' id='word_1_625' title='bbox 2795 5033 2854 5083; x_wconf 89' lang='lat' dir='ltr'>et</span> <span class='ocrx_word' id='word_1_626' title='bbox 2883 5030 3073 5098; x_wconf 84' lang='lat' dir='ltr'>ipsum</span> <span class='ocrx_word' id='word_1_627' title='bbox 3127 5029 3410 5101; x_wconf 84' lang='lat' dir='ltr'>Cbrysum</span> <span class='ocrx_word' id='word_1_628' title='bbox 3449 5031 3505 5085; x_wconf 90' lang='lat' dir='ltr'>vi</span> <span class='ocrx_word' id='word_1_629' title='bbox 3555 5032 3690 5087; x_wconf 90' lang='lat' dir='ltr'>belli</span> 
     </span>
    </p>
   </div>
   <div class='ocr_carea' id='block_1_89' title="bbox 2045 5117 3699 5191">
    <p class='ocr_par' dir='ltr' id='par_1_89' title="bbox 2045 5117 3699 5191">
     <span class='ocr_line' id='line_1_89' title="bbox 2045 5117 3699 5191; baseline 0 -17"><span class='ocrx_word' id='word_1_630' title='bbox 2045 5123 2285 5191; x_wconf 84' lang='lat' dir='ltr'>urgente</span> <span class='ocrx_word' id='word_1_631' title='bbox 2339 5124 2440 5174; x_wconf 80' lang='lat' dir='ltr'>aut</span> <span class='ocrx_word' id='word_1_632' title='bbox 2495 5117 2806 5174; x_wconf 86' lang='lat' dir='ltr'>consilium</span> <span class='ocrx_word' id='word_1_633' title='bbox 2853 5122 3212 5172; x_wconf 85' lang='lat' dir='ltr'>mutaturum</span> <span class='ocrx_word' id='word_1_634' title='bbox 3271 5120 3518 5175; x_wconf 89' lang='lat' dir='ltr'>remissa</span> <span class='ocrx_word' id='word_1_635' title='bbox 3572 5136 3699 5189; x_wconf 80' lang='lat' dir='ltr'>per-</span> 
     </span>
    </p>
   </div>
   <div class='ocr_carea' id='block_1_90' title="bbox 2042 5205 3691 5276">
    <p class='ocr_par' dir='ltr' id='par_1_90' title="bbox 2042 5205 3691 5276">
     <span class='ocr_line' id='line_1_90' title="bbox 2042 5205 3691 5276; baseline 0.003 -13"><span class='ocrx_word' id='word_1_636' title='bbox 2042 5207 2279 5273; x_wconf 74' lang='lat' dir='ltr'>tinacia,</span> <span class='ocrx_word' id='word_1_637' title='bbox 2315 5216 2413 5262; x_wconf 86' lang='lat' dir='ltr'>aut</span> <span class='ocrx_word' id='word_1_638' title='bbox 2446 5207 2517 5262; x_wconf 89' lang='lat' dir='ltr'>de</span> <span class='ocrx_word' id='word_1_639' title='bbox 2549 5205 2725 5261; x_wconf 85' lang='lat' dir='ltr'>rebus</span> <span class='ocrx_word' id='word_1_640' title='bbox 2756 5205 2877 5260; x_wconf 86' lang='lat' dir='ltr'>suis</span> <span class='ocrx_word' id='word_1_641' title='bbox 2906 5206 3346 5276; x_wconf 83' lang='lat' dir='ltr'>desperaturum</span> <span class='ocrx_word' id='word_1_642' title='bbox 3377 5223 3390 5262; x_wconf 93' lang='lat'><strong>:</strong></span> <span class='ocrx_word' id='word_1_643' title='bbox 3420 5213 3691 5268; x_wconf 67' lang='lat' dir='ltr'>caeterum</span> 
     </span>
    </p>
   </div>
   <div class='ocr_carea' id='block_1_91' title="bbox 2044 5293 3690 5368">
    <p class='ocr_par' dir='ltr' id='par_1_91' title="bbox 2044 5293 3690 5368">
     <span class='ocr_line' id='line_1_91' title="bbox 2044 5293 3690 5368; baseline 0.004 -17"><span class='ocrx_word' id='word_1_644' title='bbox 2044 5297 2104 5351; x_wconf 89' lang='lat' dir='ltr'>in</span> <span class='ocrx_word' id='word_1_645' title='bbox 2135 5312 2324 5351; x_wconf 80' lang='lat' dir='ltr'>arcem</span> <span class='ocrx_word' id='word_1_646' title='bbox 2348 5294 2859 5366; x_wconf 78' lang='lat' dir='ltr'>inexpugnabilem</span> <span class='ocrx_word' id='word_1_647' title='bbox 2885 5293 3167 5364; x_wconf 88' lang='lat' dir='ltr'>principio</span> <span class='ocrx_word' id='word_1_648' title='bbox 3195 5295 3381 5351; x_wconf 84' lang='lat' dir='ltr'>facere</span> <span class='ocrx_word' id='word_1_649' title='bbox 3409 5297 3690 5368; x_wconf 88' lang='lat' dir='ltr'>impetum</span> 
     </span>
    </p>
   </div>
   <div class='ocr_carea' id='block_1_92' title="bbox 2043 5382 3689 5454">
    <p class='ocr_par' dir='ltr' id='par_1_92' title="bbox 2043 5382 3689 5454">
     <span class='ocr_line' id='line_1_92' title="bbox 2043 5382 3689 5454; baseline 0.003 -14"><span class='ocrx_word' id='word_1_650' title='bbox 2043 5393 2100 5440; x_wconf 83' lang='lat' dir='ltr'>et</span> <span class='ocrx_word' id='word_1_651' title='bbox 2164 5400 2297 5440; x_wconf 92' lang='lat' dir='ltr'>cum</span> <span class='ocrx_word' id='word_1_652' title='bbox 2352 5383 2660 5454; x_wconf 72' lang='lat' dir='ltr'>praet-optis</span> <span class='ocrx_word' id='word_1_653' title='bbox 2721 5382 2897 5452; x_wconf 85' lang='lat' dir='ltr'>petris</span> <span class='ocrx_word' id='word_1_654' title='bbox 2955 5382 3231 5439; x_wconf 87' lang='lat' dir='ltr'>dimicare</span> <span class='ocrx_word' id='word_1_655' title='bbox 3286 5400 3417 5440; x_wconf 89' lang='lat' dir='ltr'>cum</span> <span class='ocrx_word' id='word_1_656' title='bbox 3476 5402 3689 5446; x_wconf 86' lang='lat' dir='ltr'>vanum</span> 
     </span>
    </p>
   </div>
   <div class='ocr_carea' id='block_1_93' title="bbox 2043 5470 3689 5542">
    <p class='ocr_par' dir='ltr' id='par_1_93' title="bbox 2043 5470 3689 5542">
     <span class='ocr_line' id='line_1_93' title="bbox 2043 5470 3689 5542; baseline 0.004 -13"><span class='ocrx_word' id='word_1_657' title='bbox 2043 5489 2190 5542; x_wconf 69' lang='lat' dir='ltr'>esse,</span> <span class='ocrx_word' id='word_1_658' title='bbox 2212 5477 2337 5528; x_wconf 83' lang='lat' dir='ltr'>tum</span> <span class='ocrx_word' id='word_1_659' title='bbox 2368 5471 2627 5527; x_wconf 84' lang='lat' dir='ltr'>cruentis</span> <span class='ocrx_word' id='word_1_660' title='bbox 2657 5470 2970 5526; x_wconf 91' lang='lat' dir='ltr'>sudoribus</span> <span class='ocrx_word' id='word_1_661' title='bbox 3000 5474 3058 5525; x_wconf 86' lang='lat' dir='ltr'>et</span> <span class='ocrx_word' id='word_1_662' title='bbox 3087 5470 3291 5529; x_wconf 85' lang='lat' dir='ltr'>multis</span> <span class='ocrx_word' id='word_1_663' title='bbox 3323 5476 3597 5533; x_wconf 68' lang='lat' dir='ltr'>aerumnis</span> <span class='ocrx_word' id='word_1_664' title='bbox 3631 5484 3689 5535; x_wconf 88' lang='lat' dir='ltr'>et</span> 
     </span>
    </p>
   </div>
   <div class='ocr_carea' id='block_1_94' title="bbox 2043 5561 3685 5635">
    <p class='ocr_par' dir='ltr' id='par_1_94' title="bbox 2043 5561 3685 5635">
     <span class='ocr_line' id='line_1_94' title="bbox 2043 5561 3685 5635; baseline 0.004 -16"><span class='ocrx_word' id='word_1_665' title='bbox 2043 5564 2296 5619; x_wconf 60' lang='lat' dir='ltr'>callibus</span> <span class='ocrx_word' id='word_1_666' title='bbox 2321 5564 2579 5632; x_wconf 87' lang='lat' dir='ltr'>plenum.</span> <span class='ocrx_word' id='word_1_667' title='bbox 2616 5561 2717 5616; x_wconf 82' lang='lat' dir='ltr'>His</span> <span class='ocrx_word' id='word_1_668' title='bbox 2741 5562 3045 5631; x_wconf 74' lang='lat' dir='ltr'>spadones,</span> <span class='ocrx_word' id='word_1_669' title='bbox 3079 5562 3358 5635; x_wconf 84' lang='lat' dir='ltr'>Georgius</span> <span class='ocrx_word' id='word_1_670' title='bbox 3390 5565 3685 5625; x_wconf 75' lang='lat' dir='ltr'>OEnteoles</span> 
     </span>
    </p>
   </div>
   <div class='ocr_carea' id='block_1_95' title="bbox 2040 5648 3679 5723">
    <p class='ocr_par' dir='ltr' id='par_1_95' title="bbox 2040 5648 3679 5723">
     <span class='ocr_line' id='line_1_95' title="bbox 2040 5648 3679 5723; baseline 0.004 -15"><span class='ocrx_word' id='word_1_671' title='bbox 2040 5654 2101 5708; x_wconf 90' lang='lat' dir='ltr'>in</span> <span class='ocrx_word' id='word_1_672' title='bbox 2156 5651 2381 5723; x_wconf 86' lang='lat' dir='ltr'>primis,</span> <span class='ocrx_word' id='word_1_673' title='bbox 2431 5654 2488 5707; x_wconf 88' lang='lat' dir='ltr'>et</span> <span class='ocrx_word' id='word_1_674' title='bbox 2537 5649 2828 5708; x_wconf 87' lang='lat' dir='ltr'>imberbes</span> <span class='ocrx_word' id='word_1_675' title='bbox 2876 5648 3290 5709; x_wconf 86' lang='lat' dir='ltr'>adolescentuli</span> <span class='ocrx_word' id='word_1_676' title='bbox 3336 5654 3547 5713; x_wconf 87' lang='lat' dir='ltr'>acriter</span> <span class='ocrx_word' id='word_1_677' title='bbox 3573 5658 3679 5715; x_wconf 85' lang='lat' dir='ltr'>ad-</span> 
     </span>
    </p>
   </div>
  </div>
