4028 6218
267 382 397 443 885

1123 385 1225 445 DE
1269 384 1553 446 ALEXIO
1600 384 1885 447 ISAACII
1932 389 2220 451 ANGELI
2269 394 2399 454 FR.
2448 397 2591 456 LlB.
2641 397 2744 458 ill.

3569 407 3690 467 886

265 512 331 569 δὲ
360 514 450 570 καὶ
504 512 558 574 ἐς
617 514 781 570 αὐτὸν
843 513 1056 594 ἐφθάκει
1110 516 1201 572 τὸν
1258 519 1566 593 Ηρόσακον,
1603 518 1790 595 βαλὼν
1826 519 1915 576 ἔχε’

2010 524 2340 599 colligatos
2386 531 2599 587 attulit.
2660 534 2805 590 Cum
2852 542 3043 593 autem
3087 539 3262 596 homo
3305 546 3689 601 exsecrandus

267 625 380 660 που
435 606 765 679 στρατήγιον
816 602 958 680 ἔγνω
1013 609 1111 660 τοῦ
1160 608 1423 683 φρουρίου
1452 607 1645 663 αὐτίκα
1672 611 1926 684 πειράσα-

267 706 419 758 σθαι.
454 693 552 750 Καὶ
607 692 675 761 ἦν
726 690 853 769 ἔργα
896 697 1034 769 πρὸς
1081 696 1372 769 Ῥωμαίων
1412 701 1703 767 τηνικαῦτα
1732 696 1924 754 τελού-

269 804 411 856 μενα
482 778 724 837 κατιδεῖν
778 778 1004 859 γέρατος
1080 784 1170 838 καὶ
1248 784 1523 858 θαύματος
1599 785 1737 855 ἄξια·
1792 787 1921 859 ὑπὲρ

260 872 375 947 γὰρ
404 868 631 933 ἐλπίδας
691 869 1103 947 διηγωνίσαντο.
1166 875 1231 930 Οἱ
1294 874 1387 946 μὲν
1446 874 1549 951 γὰρ
1592 880 1801 950 θυρεοῖς
1832 876 1922 930 καὶ

258 964 496 1036 γυμνοῖς
529 961 859 1037 φραξάμενοι
912 963 996 1035 [Ρ.
1032 963 1159 1035 327]
1199 962 1420 1039 ξίφεσιν,
1473 964 1524 1017 0't
1575 961 1632 1018 δὲ
1675 965 1805 1035 τόξα
1833 965 1922 1019 καὶ

263 1046 409 1124 βέλη
443 1046 692 1126 φέροντες
753 1047 878 1123 περὶ
915 1049 982 1103 τὰ
1030 1049 1226 1119 ἀνάντη
1281 1050 1379 1105 τοῦ
1427 1051 1689 1129 φρουρίου
1739 1051 1925 1130 ἀνῤῥι-

255 1142 451 1216 χῶντο
481 1134 764 1215 γεώλοφα,
795 1137 884 1191 καὶ
936 1142 1054 1201 τοῖς
1102 1138 1209 1193 ἀπὸ
1255 1143 1458 1214 τειχῶν
1504 1141 1593 1195 καὶ
1625 1147 1724 1209 τῆς
1757 1140 1925 1214 ἄκρας

256 1224 601 1302 μαχομένοις
676 1224 1139 1301 ἐπεγχρίπτοντες
1214 1221 1470 1284 ἔϐαλλον.
1542 1228 1766 1302 ’Λμὲλει
1831 1231 1923 1284 καὶ

255 1317 399 1391 μετᾶ
454 1320 699 1392 κάματον
752 1319 842 1373 καὶ
932 1320 1095 1395 φόνον
1176 1319 1352 1375 πολὺν
1419 1320 1734 1398 ἐξὲκρουσαν
1793 1323 1921 1387 τοὺς

253 1404 577 1485 Βαρϐἀρους
636 1412 733 1464 τοῦ
782 1411 1280 1488 προτειχίσματος,
1350 1409 1481 1484 ὅπερ
1549 1411 1923 1490 προφύλαγμα

256 1501 376 1553 τῶν
437 1497 607 1552 ἐκεῖσε
662 1495 853 1553 πυλῶν
911 1495 1315 1572 ἐπῳκοδόμητο
1374 1500 1591 1557 νεωστί.
1648 1502 1815 1557 Ἦσαν
1874 1498 1921 1555 δ’

254 1587 313 1641 οἳ
346 1586 438 1641 καὶ
466 1585 554 1642 διὰ
581 1590 688 1641 τῶν
741 1584 1087 1662 κρημνωδῶν
1121 1588 1457 1661 ἀνιμώμενοι
1503 1586 1710 1644 ἀνόδων
1749 1592 1923 1664 ἠκρο-

252 1671 458 1731 ϐάτουν
527 1676 603 1739 ὡς
676 1672 958 1752 αἶ’γαγροι,
1029 1677 1359 1751 πειρώμενοι
1446 1677 1688 1751 γενέσθαι
1786 1679 1919 1733 ε’ἰσω

250 1768 465 1840 τειχῶν
494 1763 586 1819 καὶ
616 1765 751 1839 πρὸς
781 1764 952 1835 αὐτὴν
996 1767 1095 1834 τὴν
1143 1764 1308 1840 ἄκραν
1365 1764 1718 1841 ἀναδραμεῖν.
1759 1762 1920 1823 Ἀλλ’

2034 617 2231 672 statim
2290 619 2750 690 submergendus
2809 625 3017 681 fuisset
3045 633 3145 682 aut
3203 631 3403 689 saltem
3436 635 3688 705 graviter

2035 706 2461 777 objurgandus,
2496 719 2553 766 ut
2608 712 2820 769 milites
2873 730 3087 787 pugna,
3123 718 3315 774 labore
3355 726 3411 776 et
3439 727 3579 779 aestu
3613 740 3678 781 ex

2034 796 2238 853 ardore
2295 799 2436 854 solis
2489 802 2688 857 afﬂicti
2720 805 2984 860 nonnihil
3020 815 3437 879 recrearentur,
3487 813 3667 883 impe—

2033 889 2189 941 rator
2254 904 2429 959 prope
2485 891 2663 947 invito
2722 893 2954 963 similis,
3041 913 3336 954 murmure
3397 899 3675 959 labiorum

2033 972 2314 1031 duntaxat
2366 977 2639 1036 simulata
2685 982 2987 1039 iracundia
3043 986 3270 1042 animos
3328 988 3561 1045 fortium
3602 992 3676 1047 il-

2031 1062 2216 1118 lorum
2278 1065 2534 1123 virorum
2594 1069 2820 1141 dejecit.
2882 1071 3100 1129 Deinde
3157 1076 3323 1131 scala:
3380 1078 3549 1133 etiam
3606 1082 3678 1136 ad

2033 1169 2262 1210 summa
2320 1158 2531 1212 moenia
2608 1163 3059 1218 conscendenda
3130 1164 3529 1237 ﬂagitantibus
3584 1171 3678 1225 vix

2034 1244 2267 1300 tandem
2301 1245 2450 1301 datae
2483 1252 2636 1304 sunt.
2670 1249 2871 1321 Itaque
2900 1250 3059 1306 inani
3093 1252 3287 1310 labore
3316 1271 3375 1311 se
3397 1258 3679 1315 coniicere

2034 1333 2296 1390 nolentes
2361 1353 2475 1390 non
2536 1347 2737 1408 sponte
2794 1339 2925 1396 inde
2988 1349 3369 1400 recesserunt.
3447 1347 3679 1419 Alioqui

2031 1424 2354 1495 castellum,
2389 1432 2453 1482 ut
2482 1427 2674 1484 Blachi
2733 1430 2959 1487 obsessi
3012 1435 3377 1502 postmodum
3419 1436 3678 1493 afﬁrma-

2029 1522 2186 1582 runt,
2217 1515 2363 1571 citra
2401 1518 2854 1575 controversiam
2896 1532 3285 1594 expugnatum
3336 1528 3392 1579 et
3420 1524 3675 1596 Chrysus

2028 1602 2149 1672 ipse
2201 1608 2400 1675 captus
2458 1614 2623 1674 esset,
2683 1615 2737 1661 et
2810 1609 3045 1666 Romani
3126 1627 3397 1684 magnam
3448 1614 3671 1671 laudem

2029 1690 2327 1745 consecuti
2387 1692 2589 1747 multis
2645 1694 2787 1749 671
2870 1703 3063 1764 postea
3117 1696 3408 1754 laboribus
3463 1702 3675 1759 caruis-

2028 1785 2173 1848 sent,
2207 1781 2252 1836 si
2274 1780 2664 1838 instrumenta
2705 1785 2775 1839 ad
2809 1785 3154 1843 diruendam
3201 1804 3432 1844 murum
3462 1789 3671 1847 idonea

249 1852 347 1909 ὅτε
392 1874 444 1908 τι
500 1849 746 1908 διανύσαι
800 1848 961 1930 ἔργον
1020 1855 1280 1927 ᾠήθησαν
1338 1857 1612 1931 σωτήριόν
1680 1878 1737 1911 τε
1802 1857 1915 1930 ἅμα

2024 1869 2216 1925 statim
2269 1869 2326 1924 in
2380 1874 2649 1941 promptu
2701 1871 2964 1929 fuissent.
3018 1875 3183 1931 Nunc
3218 1874 3306 1932 vel
3360 1876 3536 1934 ofﬁcii
3569 1894 3669 1934 ne-

248 1942 346 1997 καῖ
394 1939 714 2013 κάλλιστον,
770 1942 898 2005 τοὺς
958 1942 1047 1999 ἐπὶ
1102 1948 1210 1999 τῶν
1269 1950 1474 2020 τειχῶν
1533 1945 1908 2019 ἀμυνομένους

244 2034 583 2107 τρεψάμενοι
638 2031 729 2086 καὶ
796 2031 925 2087 ε’ἓσω
1010 2032 1454 2107 συγχλείσαντες,
1512 2035 1638 2091 τότε
1694 2035 1910 2099 εἰκαίως

243 2118 674 2194 διαπονούμενοι
748 2119 1007 2197 ἔγνωσαν⁶
1069 2123 1385 2195 αἷτήσαντες
1458 2125 1562 2202 γὰρ
1638 2126 1906 2188 σκαπάνας

240 2212 322 2274 εἷς
381 2213 484 2281 τὴν
533 2215 642 2266 τῶν
703 2206 1016 2285 περιϐόλων
1075 2212 1381 2287 καθαίρεσιν
1435 2210 1623 2269 οὐδένα
1663 2215 1814 2291 εἶχον
1844 2216 1907 2270 τὸ

239 2301 465 2370 αἰτηθὲν
517 2298 689 2355 ὅπλον
765 2301 1126 2376 προσάγοντα.
1204 2300 1587 2376 Ἐπιμένοντες
1689 2301 1746 2359 δὲ
1816 2304 1906 2359 καὶ

242 2389 394 2444 οὕτω
424 2394 504 2462 τῷ
566 2390 763 2468 μόχθῳ
820 2390 911 2444 καὶ
964 2390 1101 2444 κατὰ
1157 2391 1266 2445 τῶν
1324 2390 1411 2446 ἐπὶ
1460 2396 1568 2446 τῶν
1606 2392 1904 2467 βασιλικῶν

242 2478 439 2536 ὃπλων
466 2479 920 2557 ἀγανακτοῦντες,
974 2479 1131 2555 χερσί
1179 2500 1239 2534 τε
1293 2480 1384 2535 καὶ
1426 2481 1627 2555 ξίφεσιν
1657 2482 1734 2543 ὡς
1763 2482 1907 2555 ἀμά-

244 2568 377 2631 λαις
407 2570 714 2644 χρώμενοι,
766 2590 892 2635 τους
946 2567 1137 2633 λίθους
1191 2564 1447 2624 ἀπέσπων
1501 2577 1601 2638 τῆς
1652 2572 1905 2644 ἀρμογῆς

240 2659 441 2714 καὶτὰ
471 2659 715 2733 θωράκια
765 2656 1035 2733 καθῄρουν
1092 2659 1540 2733 ἂναθορνύμενοι.
1602 2657 1903 2733 Σχολαίτε-

242 2768 343 2819 ρον
375 2745 433 2801 δὲ
466 2751 564 2802 τοῦ
612 2745 775 2822 ἔργου
828 2741 1243 2822 προϐαίνοντος,
1300 2748 1391 2802 καὶ
1447 2746 1622 2802 αὐτῶν
1655 2769 1905 2824 προσπα-

240 2837 496 2911 σχόντων
554 2838 733 2899 κακῶς
798 2832 859 2890 ἐκ
913 2840 1021 2889 τῶν
1073 2833 1425 2908 ἐπικειμένων
1494 2836 1696 2900 ἄνωθεν
1753 2836 1904 2891 ἀντι-

236 2923 462 2995 πάλων,
497 2923 595 2998 ὀψὲ
624 2925 714 2979 καὶ
750 2921 993 2999 βραδέως
1039 2925 1067 2979 6
1119 2929 1238 2988 τοῖς
1275 2919 1470 2987 ὅπλοις
1503 2924 1737 3004 ἐφεστὼς
1769 2924 1901 2989 θλα-

236 3012 365 3076 δίας
424 3012 674 3089 ἀφίκετο,
733 3014 1005 3075 σκαπάνας
1064 3012 1306 3086 κομίζων
1371 3013 1448 3075 εἷς
1512 3010 1603 3068 ἕνα
1658 3014 1898 3088 ὁρμαθὸν

234 3102 334 3159 διὰ
393 3101 665 3178 μηρίνθου
723 3096 1212 3176 συμϐεϐλημένας.
1265 3101 1393 3157 Δέον
1441 3103 1535 3157 οὗν
1574 3102 1767 3157 αὐτίκα
1804 3123 1900 3157 κα-

230 3194 669 3262 ταποντισθῆναι
697 3194 787 3247 νὸν
846 3191 1168 3269 ἐπίῤῥητον,
1227 3193 1263 3264 ἢ
1319 3197 1447 3267 γοῦν
1489 3191 1774 3272 δυσφόρως
1802 3195 1890 3249 καὶ

233 3280 507 3362 χαλεπῶς
559 3281 650 3336 τὸν
708 3286 1011 3355 κρατοῦντα
1070 3282 1381 3358 ὑπενεγκεῖν
1437 3284 1498 3338 τὸ
1544 3284 1784 3361 πραχθὲν
1818 3283 1897 3347 εἷς

236 3374 510 3449 βραχεῖαν
559 3370 810 3445 ἀνάψυξιν
863 3375 972 3426 τῶν
1034 3372 1187 3447 μάχῃ
1245 3373 1332 3427 καὶ
1395 3368 1539 3445 δίψει
1587 3372 1679 3426 καὶ
1719 3372 1899 3449 πνίγει

232 3458 703 3536 κακουχουμένων
737 3457 827 3514 διὰ
855 3461 946 3515 τὸν
982 3458 1032 3530 ἒξ
1065 3459 1230 3530 ἡλίου
1283 3461 1559 3529 καύσωνα,
1592 3462 1619 3514 6
1653 3457 1710 3516 δὲ
1757 3461 1896 3536 μόνῃ

236 3549 555 3621 ἔπιπλήξει,
629 3550 720 3604 καὶ
776 3551 948 3622 ταύτῃ
998 3549 1254 3623 ἀκκισμῷ
1313 3550 1651 3628 κατεχούσῃ,
1700 3551 1789 3604 καὶ
1828 3554 1897 3624 τῇ

236 3641 607 3718 περιψοφήσει
652 3641 759 3694 τῶν
820 3637 1058 3718 χειλέων
1121 3640 1214 3693 τὸν
1282 3640 1689 3715 ἀγανακτοῦντα
1752 3639 1895 3694 ὑπο-

231 3729 567 3804 κρινάμενος
616 3722 913 3783 κατέϐαλεν
976 3724 1121 3782 οὕτω
1177 3727 1243 3781 τὰ
1295 3731 1404 3782 τῶν
1460 3726 1711 3803 γενναίων
1769 3726 1900 3784 ἐκεί·

226 3837 343 3872 νων
376 3814 582 3892 ἀνδρῶν
615 3818 957 3894 φρονήματα.
1009 3817 1133 3871 Ἐπὶ
1185 3813 1241 3871 δὲ
1292 3815 1473 3888 τούτῳ
1501 3816 1592 3871 καὶ
1619 3815 1896 3890 κλίμακας

224 3907 611 3981 αἰτησάμενοι,
670 3904 820 3968 ὅπως
879 3902 949 3960 δι’
1025 3904 1202 3960 αὐτῶν
1257 3905 1312 3968 ἐς
1366 3906 1431 3961 τὰ
1488 3904 1597 3961 ἅνω
1628 3908 1895 3982 γὲνωνται

223 4002 338 4053 νῶν
372 4001 595 4073 τειχῶν,
626 3994 752 4051 οὐδὲ
804 3997 1012 4051 τούτων
1073 3996 1267 4051 αὐτίκα
1322 3995 1695 4071 ηύμοίρησαν.
1737 3999 1890 4052 Ὀθεν

230 4086 313 4159 μὴ
347 4084 432 4139 ἐπ’
461 4084 746 4155 ἀνηνύτοις
806 4083 968 4139 εἷσὲτι
1030 4088 1216 4159 μογεῖν
1275 4083 1602 4162 ἀνεχόμενοι
1655 4080 1892 4157 μετέϐη-

227 4194 328 4230 σαν
387 4173 588 4237 ἐκεῖθεν
656 4173 765 4248 οὐχ
819 4172 1015 4228 ἐκοντί.
1075 4175 1172 4229 Ἐκ
1220 4176 1317 4227 τοῦ
1385 4170 1792 4249 ἀναμφιλέκτου
1843 4173 1890 4229 δ’

225 4264 318 4334 ἂν,
349 4262 426 4324 ὡς
458 4264 509 4316 οἳ
538 4259 1051 4337 τειχομαχούμενοι
1111 4259 1330 4335 Βλάχοι
1385 4258 1710 4316 διετείλοντο
1733 4261 1886 4317 ὕστε-

225 4370 352 4428 ρον,
395 4349 542 4407 ἑάλω
604 4351 668 4405 τὸ
734 4351 996 4428 φρούριον
1065 4348 1156 4404 καὶ
1214 4351 1242 4403 6
1301 4349 1518 4423 Χρύσος
1559 4348 1888 4420 συνείληπτο

221 4443 321 4498 καὶ
353 4440 651 4514 Ῥωμαίοις
700 4439 946 4517 εὔφημον
999 4438 1061 4494 τὸ
1119 4432 1272 4514 ἔργον
1331 4434 1459 4492 τόδε
1507 4439 1766 4521 γεγένητο
1796 4440 1885 4494 καὶ

221 4527 459 4584 πολλῶν
508 4526 754 4583 ἐσέπειτα
799 4522 1057 4600 καμάτων
1114 4524 1406 4601 ἀναίρεσις,
1453 4524 1499 4579 εἰ
1528 4520 1758 4600 τᾶ“νκρὸς
1786 4528 1888 4596 τήν

2022 1956 2244 2028 glectus
2275 1958 2361 2013 vel
2396 1959 2543 2013 Deus
2600 1959 2721 2030 ipse
2779 1960 2852 2032 (is
2913 1978 3045 2017 vero
3109 1964 3336 2020 veniam
3393 1968 3671 2023 concedat

2017 2044 2077 2099 in
2136 2061 2240 2099 sua
2290 2046 2509 2116 judicia
2542 2053 2753 2102 temere
2802 2049 3134 2121 inquirenti)
3194 2051 3265 2105 iis
3323 2052 3659 2109 horninibus
3720 2038 3726 2047 ’

2017 2134 2269 2190 offensus
2298 2134 2414 2189 illis
2466 2135 2757 2192 conatibus
2801 2138 3043 2193 obstitit.
3080 2142 3151 2194 Ac
3193 2158 3258 2196 eo
3290 2143 3383 2197 die
3414 2143 3659 2198 Romani

2016 2221 2101 2277 sic
2131 2241 2161 2277 a
2220 2239 2415 2295 pugna
2447 2225 2836 2280 discesserunt
2869 2268 2882 2293 ,
2918 2242 3033 2297 qua
3064 2230 3337 2298 postridie
3368 2239 3665 2302 renovata,

2017 2310 2290 2366 Barbaros
2341 2312 2563 2367 fortiter
2614 2317 2666 2368 et
2708 2313 3026 2371 insolenter
3080 2317 3153 2372 ob
3206 2317 3542 2375 hesternum
3573 2337 3663 2376 ca-

2015 2416 2141 2455 sum
2178 2408 2496 2473 pugnantes
2560 2409 2891 2472 repererunt
2941 2421 2955 2471 ;
2990 2421 3093 2461 nec
3126 2408 3293 2477 pauci
3351 2424 3420 2463 ex
3451 2410 3663 2465 nostris

2015 2497 2427 2546 tormentorum
2460 2491 2614 2546 saxis
2658 2491 2779 2560 icti,
2814 2508 2881 2547 ex
2924 2495 3218 2564 superiore
3278 2497 3398 2553 loco
3425 2484 3664 2555 solerter

2014 2578 2621 2645 emissis,cceiderunt.
2656 2580 2795 2636 Nam
2828 2583 2928 2652 qui
2957 2599 3049 2638 eas
3076 2583 3377 2641 machinas
3407 2586 3662 2643 instrue;

2014 2667 2133 2732 bat,
2219 2667 2627 2724 solertissimus
2701 2670 2926 2741 artifex,
3014 2673 3299 2743 principio
3385 2675 3661 2732 Romanis

2013 2755 2278 2812 mercede
2337 2757 2692 2826 inservierat,
2757 2764 2880 2814 tum
2932 2775 3063 2816 vero
3111 2763 3185 2818 ob
3235 2780 3349 2819 non
3407 2763 3654 2820 solutum

2010 2844 2362 2914 stipendium
2419 2846 2489 2900 ad
2548 2846 2833 2918 Cbrysum
2909 2850 3215 2906 defecerat.
3274 2851 3468 2923 Neque
3521 2869 3654 2910 vero

2009 2932 2191 3003 globis
2250 2934 2522 2989 duntaxat
2590 2936 3010 3006 machinarum,
3106 2941 3205 2995 sed
3276 2941 3428 2996 saxis
3478 2942 3650 2999 etiam

2009 3038 2258 3092 superne
2304 3022 2586 3079 devolutis
2615 3026 2795 3079 nostri
2843 3026 3261 3096 afﬂigebantur.
3298 3030 3375 3086 Ea
3423 3046 3653 3102 quoque

2009 3127 2147 3167 saxa
2196 3127 2320 3182 qua:
2360 3111 2543 3181 primo
2576 3113 2795 3184 impetu
2833 3130 3070 3185 corpora
3103 3132 3219 3173 non
3269 3118 3652 3190 attingebant,

1935 3241 1976 3307 Ο
2010 3216 2142 3254 cum
2174 3200 2567 3257 eminentibus
2609 3202 2851 3273 rupibus
2898 3202 3064 3259 allisa
3094 3203 3152 3258 in
3196 3205 3444 3274 plurima
3471 3205 3657 3264 frusta

2008 3286 2345 3354 dissilireut,
2378 3287 2497 3343 huc
2523 3291 2700 3358 atque
2729 3288 2871 3346 illuc
2909 3306 3111 3361 sparsa
3139 3291 3294 3348 072
3327 3292 3654 3350 letbiferum

2007 3380 2172 3431 erant
2222 3375 2466 3431 malum.
2517 3376 2581 3432 Et
2613 3376 2848 3432 Barbari
2903 3384 3074 3435 noctu
3135 3378 3282 3435 clam
3333 3396 3364 3435 θ
3420 3380 3657 3438 castello

2005 3462 2223 3534 egressi
2284 3462 2584 3520 machinas
2616 3480 2758 3535 quas
2819 3464 3059 3521 Romani
3092 3466 3149 3522 in
3180 3473 3238 3522 tu
3255 3466 3427 3523 mulis
3467 3469 3659 3539 dispo-

2007 3555 2242 3606 suerant
2271 3552 2623 3622 dejecerunt,
2656 3559 2711 3609 et
2743 3554 3012 3610 excubias
3040 3555 3272 3611 territas
3331 3556 3400 3611 ad
3462 3565 3650 3626 proto-

2002 3640 2257 3695 vestiarii
2306 3639 2547 3696 Joannis
2576 3642 2892 3698 tentorium
2953 3642 3237 3715 fugientes
3264 3644 3459 3715 adepti
3488 3647 3650 3710 sunt,

2005 3737 2061 3784 ut
2095 3731 2142 3784 is
2182 3744 2411 3800 quoque
2467 3747 2673 3786 somno
2727 3748 3004 3787 excussus
3036 3734 3228 3788 statim
3275 3731 3485 3788 electo
3516 3748 3649 3788 sur-

2003 3824 2163 3890 geret
2209 3823 2266 3873 et
2310 3819 2569 3888 trepidus
2625 3821 2863 3890 fugeret.
2920 3822 3177 3877 Praedam
3213 3821 3270 3876 in
3301 3823 3423 3893 ejus
3457 3821 3646 3877 laber-

2002 3906 2208 3963 naculo
2284 3912 2567 3977 repertam
2619 3908 2838 3977 partiti,
2914 3908 2971 3963 in
3033 3925 3143 3979 qua
3202 3910 3377 3965 etiam
3435 3910 3646 3967 virides

1999 3995 2179 4051 calcei
2236 4001 2420 4062 erant,
2476 3996 2704 4066 insigne
2762 3996 3059 4067 dignitatis
3110 3996 3287 4064 illius,
3316 4015 3417 4071 per
3469 4004 3645 4056 totam

1998 4099 2123 4139 eam
2159 4088 2387 4138 noctem
2447 4100 2540 4139 res
2585 4082 2872 4140 Romanas
2913 4085 3238 4141 deriserunt
3287 4088 3647 4156 etimhsan-

1998 4179 2228 4227 narunt.
2289 4177 2566 4227 Prmterea
2597 4188 2776 4227 vacua
2831 4171 2987 4228 dolia
3034 4174 3388 4232 demittendo
3444 4179 3638 4234 sonitu

1995 4261 2332 4329 exercitum,
2390 4261 2530 4332 quid
2586 4262 2666 4317 rei
2717 4266 2869 4318 esset
2915 4263 2970 4317 in
3044 4263 3301 4320 tenebris
3354 4266 3641 4341 ignarum,

1996 4351 2562 4422 perterrefaciebant.
2597 4349 2976 4414 Quamobrem
3010 4368 3142 4407 cum
3183 4350 3497 4423 imperator
3526 4374 3640 4414 non

1994 4439 2301 4494 succedere
2358 4438 2682 4494 institutum
2739 4454 2907 4494 suum
2956 4446 3239 4509 cerneret,
3277 4458 3379 4499 nec
3427 4446 3644 4517 alioqui

1993 4525 2212 4582 diutius
2242 4526 2538 4583 immorari
2562 4528 2980 4598 constituisset,
3013 4546 3116 4600 per
3138 4532 3434 4602 pactiones
3456 4533 3641 4609 Chry-

221 4619 541 4695 καθαίρεσιν
610 4623 710 4675 τοῦ
781 4617 1008 4694 τείχους
1083 4616 1699 4694 ὄργαναπροητοίμαστο
1797 4619 1889 4673 καὶ

2010 4633 2059 4673 s0
2105 4618 2453 4673 Strummiza
2495 4622 2551 4674 et
2584 4621 2825 4674 Prosaco
2886 4619 3258 4692 ﬁnitimisque
3306 4607 3641 4696 regionibus

218 4711 363 4765 κατά
413 4709 599 4785 καιρὸν
657 4707 1003 4781 αἰτουμένοις
1066 4707 1384 4781 παρείχετο.
1436 4710 1542 4761 Νῦν
1589 4703 1646 4762 δὲ
1694 4709 1728 4778 ἡ
1772 4713 1883 4762 τῶν

221 4799 580 4869 καθηκόντων
636 4796 867 4870 ἀμέλεια
923 4796 960 4865 ἢ
1019 4795 1112 4850 καὶ
1165 4796 1295 4859 Θεὸς
1352 4793 1513 4861 αὐτὸς
1560 4795 1711 4871 (ἀλλ’
1750 4799 1886 4869 ἡμῖν

224 4887 423 4958 ἱλήκοι
454 4886 606 4952 Θεὸς,
637 4883 688 4940 εἴ
715 4882 1053 4958 ἐμπλήκτως
1104 4887 1223 4944 τοῖς
1278 4882 1443 4938 αὐτοῦ
1504 4878 1881 4957 ἐπιϐάλλομεν

223 4976 480 5051 κρίμασι)
560 4975 637 5048 μή
692 4972 745 5029 ἐν
820 4978 937 5036 τοῖς
1011 4973 1135 5028 τότε
1186 4972 1515 5046 ’ἀνθρώποις
1575 4969 1883 5029 ἐπευδοκῶν

224 5064 502 5142 προσέστη
578 5068 698 5126 τοῖς
770 5061 1127 5138 ἂγωνίσμασι.
1199 5061 1299 5118 Καὶ
1366 5063 1482 5117 κατ’
1538 5061 1745 5133 ἐκείνην
1787 5063 1881 5136 μὲν

224 5158 329 5226 τὴν
393 5154 608 5227 ἡμέραν
677 5151 823 5205 οὕτω
879 5151 1148 5224 Ῥωμαῖοι
1208 5147 1660 5223 διημιλληθηοάν
1699 5172 1756 5206 τε
1792 5152 1882 5207 καὶ

223 5242 577 5314 διελύθησαν,
633 5241 733 5309 τὴν
785 5237 831 5295 δ’
904 5238 1163 5295 ἐπιοῦσαν
1225 5240 1379 5301 αὖθις
1436 5242 1574 5315 πρὸς
1629 5239 1881 5315 δευτὲραν

222 5335 444 5408 ἐξῃεσαν
491 5329 845 5404 συμπλοκὴν,
902 5330 1056 5402 εὗρον
1116 5324 1172 5382 δὲ
1228 5329 1363 5399 μετὰ
1411 5331 1762 5406 φρονήματος
1791 5333 1881 5385 καὶ

224 5423 447 5495 κόμπου
505 5420 568 5476 τὸ
628 5418 1016 5491 ἀνθιστάμενον
1070 5416 1462 5490 ἁμιλλώμενον
1497 5416 1586 5473 διὰ
1615 5419 1683 5474 τὰ
1729 5441 1882 5476 συνε-

224 5508 487 5590 νεχθέντα
542 5509 730 5586 χθιζά.
792 5505 972 5563 Ἀλλὰ
1015 5505 1113 5590 καὶ
1169 5506 1233 5560 τὰ
1282 5502 1592 5581 πετροϐόλοι
1627 5513 1878 5584 uexaui-

230 5589 373 5678 ματα
404 5602 491 5662 οἷς
519 5599 769 5677 ἐχρῶντο
798 5596 850 5652 οἱ
882 5589 1410 5671 Βάρόαροιςάνῂρουν
1444 5594 1571 5671 οὐχὶ
1630 5598 1879 5674 βραχεῖς,

228 5689 510 5771 ἐπιτυχῶς
560 5687 651 5744 καὶ
707 5686 798 5754 ἀφ’
828 5686 997 5763 ὕψους
1053 5684 1180 5748 τοὺς
1212 5681 1401 5748 λίθους
1435 5683 1877 5758 διακοντίζοντες.

1995 4707 2190 4771 cedit;
2264 4712 2321 4762 et
2378 4706 2643 4779 quamvis
2721 4724 2956 4765 uxorem
3025 4709 3260 4767 babenti
3321 4717 3635 4785 quamdam

1994 4811 2060 4851 ex
2112 4796 2451 4867 cognatione
2505 4814 2611 4852 sua
2654 4813 2718 4853 se
2775 4797 2827 4854 ei
2859 4799 3280 4870 desponsurum
3331 4806 3635 4873 promittit.

1994 4886 2333 4957 Byzantium
2380 4902 2639 4944 reversus
2679 4891 3109 4959 protostratoris
3163 4890 3337 4947 ﬁliam
3372 4895 3638 4951 amarito

1994 4976 2320 5045 sejunctam
2383 4976 2596 5047 Chryso
2654 4994 2754 5047 per
2828 4977 3132 5034 Sebastum
3192 4979 3636 5038 Constantinum

1993 5063 2354 5119 Rhadaanum
2403 5065 2596 5120 mittit.
2656 5066 2809 5121 078
2859 5065 3231 5137 Sponsalibus
3287 5069 3531 5137 peractis
3583 5079 3639 5133 et

1994 5153 2243 5225 nuptiali
2277 5155 2539 5209 convivio
2568 5155 2855 5226 apposito,
2877 5156 3126 5225 Chrysus
3154 5159 3384 5213 strenue
3413 5159 3645 5230 potabat

1993 5251 2047 5300 et
2099 5245 2451 5298 comedebat.
2524 5243 2674 5299 Uxor
2731 5259 2864 5298 vero
2921 5244 3041 5314 ejus
3097 5244 3393 5300 observata
3471 5264 3647 5318 spon-

1992 5348 2188 5387 sarum
2252 5331 2669 5387 consuetudine
2723 5331 2865 5385 nihil
2898 5332 3214 5401 attingebat
3246 5350 3259 5398 ;
3293 5338 3350 5388 et
3406 5351 3536 5392 cum
3568 5339 3641 5394 ab

1993 5437 2059 5478 eo
2089 5421 2242 5476 vesci
2267 5421 2438 5491 jussu
2457 5437 2571 5474 non
2606 5420 2791 5473 statim
2815 5420 3639 5495 paruisset,irainﬂammatus,

1992 5518 2043 5566 el
2080 5510 2280 5565 multis
2344 5508 2625 5564 Barbaris'
2660 5507 2848 5562 verbis
2890 5524 2993 5578 per
3046 5508 3503 5581 indignationem
3543 5516 3641 5573 ob-

1992 5601 2389 5665 murmuralis,
2450 5599 2682 5654 tandem
2734 5614 2833 5667 per
2888 5604 3283 5669 contemptum
3334 5618 3519 5676 greco
3548 5608 3635 5664 di-

1991 5691 2115 5749 xit:
2150 5712 2179 5742 «
2211 5690 2409 5763 Neque
2437 5688 2588 5746 edito
2620 5702 2805 5760 neque
2836 5686 3035 5744 bibito.
3067 5710 3096 5739 »
