4116 6206
245 333 369 398 889

1097 331 1201 391 DE
1244 330 1528 392 ALEXIO
1573 327 1865 391 ISAACII
1909 332 2193 393 ANGELl
2238 335 2366 394 FB.
2416 335 2559 396 LIB.
2594 337 2700 397 Ill.

3544 333 3662 394 890

249 471 318 526 τὸ
350 465 399 524 δ’
429 463 607 542 ὄνομα
637 465 773 522 ἑκὼν
804 461 1246 539 παραδράμοιμι,
1278 460 1507 536 πλούτῳ
1540 459 1586 517 δ’
1633 464 1701 533 ἦν
1749 464 1905 523 οὗτος

2028 468 2178 533 tem;
2234 471 2291 522 et
2350 467 2523 539 paulo
2583 474 2731 538 post,
2795 473 2858 524 ut
2913 469 3063 527 075
3134 467 3271 524 olim
3323 467 3665 535 histriones,

252 553 590 636 περιϐριθής
640 554 732 610 καὶ
788 553 1044 628 μεγίστας
1112 550 1369 627 χειρίζων
1425 552 1601 630 ἀρχὰς
1656 552 1746 607 καὶ
1796 556 1910 607 τοῖ)

251 649 385 725 περὶ
416 648 517 716 τὴν
574 644 852 719 βασίλειον
900 642 1110 721 γραφήν
1165 640 1594 720 ἐγγραφόμενος.
1647 639 1905 717 Πλεγμά-

248 759 375 794 τιον
434 733 615 790 τοίνυν
659 730 718 787 ἐκ
768 729 954 806 λύγων
1001 729 1374 805 συγκείμενον,
1406 730 1437 785 ὃ
1463 751 1623 804 φησιν
1651 732 1686 799 ἡ
1720 729 1909 803 δημώ-

251 824 362 898 δης
393 824 588 902 φράσις
638 818 758 876 ὅνον
805 820 1043 890 ξύλινον,
1093 818 1457 894 χρυσοπάστῳ
1505 817 1654 893 σάγὼ
1702 823 1909 892 ζῳωτῷ

249 916 313 979 ἐς
349 916 414 971 τὸ
471 910 769 986 διαμπερὲς
820 908 1147 981 σκεπόμενον
1208 904 1611 979 διαζωσάμενος
1667 907 1729 962 τὸ
1778 908 1907 983 σχέο

251 1003 374 1060 διον
410 1002 585 1057 ἐκεῖνο
639 1001 860 1073 θέατρον
913 994 1156 1063 εἴσεισιν,
1205 994 1294 1050 ὅτε
1340 997 1430 1051 καὶ
1478 996 1545 1066 ἦν
1600 999 1690 1051 τὸν
1746 995 1904 1052 αὐτὸν

249 1097 387 1171 ὁρᾷν
445 1093 533 1148 καὶ
604 1093 681 1153 ὡς
758 1082 1031 1158 ἀναϐάτην
1120 1083 1736 1161 μεγαλοπρεπευόμενον
1817 1086 1907 1141 καὶ

248 1183 426 1240 ἵππον
490 1179 683 1251 εύήνια
738 1174 1149 1253 προποδίζοντά
1224 1195 1284 1229 τε
1339 1175 1428 1229 καὶ
1488 1175 1904 1250 χρεμετίζοντα·

252 1275 402 1348 μετά
434 1269 614 1349 βραχὺ
648 1267 706 1324 δὲ
732 1268 821 1323 καὶ
880 1265 1008 1328 τοὺς
1056 1263 1227 1321 πάλαι
1275 1268 1383 1319 τῶν
1433 1260 1723 1339 δραμάτων
1777 1265 1909 1320 ὑπο-

253 1362 474 1438 κριτὰς,
535 1360 628 1415 τὸν
696 1352 930 1434 ἔφιππον
999 1352 1408 1427 ἀποδυσάμενος
1502 1351 1763 1430 ἔπαρχον,
1819 1354 1911 1410 τὸν

263 1451 578 1526 μαπτάριον
631 1447 999 1521 ὑποκρίνεται.
1058 1444 1229 1498 Ἦσαν
1279 1439 1336 1497 δὲ
1392 1443 1443 1497 οἱ
1500 1443 1590 1498 τὸν
1646 1444 1908 1519 γυμνικὸν

256 1537 553 1601 ὑποδύντες
605 1537 788 1612 ἀγῶνα
843 1532 906 1589 ού
961 1536 1070 1589 τῶν
1129 1531 1181 1602 ἐξ
1240 1532 1442 1606 ἀγορᾶς
1534 1531 1625 1586 καὶ
1679 1529 1912 1606 τριόδων

252 1632 427 1699 τινὲς,
484 1627 611 1684 ἀλλ’
670 1624 990 1700 εὐπατρίδαι
1066 1623 1288 1692 νεανίαι,
1370 1622 1604 1697 πρώτως
1690 1621 1914 1699 φύοντες

253 1719 486 1796 γένειον.
546 1718 768 1775 ἘΘεᾶτο
821 1718 952 1791 γοῦν
1010 1714 1077 1769 τὰ
1134 1712 1365 1783 σκηνικά
1417 1716 1586 1767 ταῦτα
1672 1712 1762 1768 καὶ
1821 1733 1911 1787 γε·

2021 553 2288 624 deposita
2314 561 2601 629 equestris
2646 560 2889 629 przet'ecti
2929 575 3173 630 persona
3224 557 3471 627 peditem
3505 557 3668 613 vide-

2021 659 2134 698 res.
2170 645 2276 710 Qui
2303 650 2605 718 gymnicus
2638 648 2807 704 ludos
2852 647 3319 719 frequentabant,
3352 664 3465 703 non
3499 654 3667 703 erant

2018 731 2284 788 homines
2314 736 2767 792 circumforanei
2801 742 2859 792 et
2888 736 3166 802 triviales,
3200 736 3301 792 sed
3334 734 3668 792 adolescen~

2017 826 2103 877 tes
2136 825 2385 895 patricii.
2420 827 2497 881 Ea
2530 827 2758 882 scenica
2792 834 2847 883 et
2880 826 3126 883 ridicula
3157 826 3380 882 ludicra
3409 826 3668 898 impera-

2018 920 2107 968 tor
2135 919 2192 968 et
2220 913 2560 985 imperatrix
2589 919 2954 986 spectabant,
2990 931 3101 972 una
3148 932 3278 971 cum
3313 916 3580 987 cognatis
3609 920 3669 971 et

2018 998 2496 1059 honoratioribus
2520 1005 2827 1074 ministris,
2844 1005 3071 1060 caeteris
3093 1006 3370 1060 omnibus
3391 1004 3666 1059 exclusis.

2018 1090 2160 1146 Cum
2196 1097 2430 1165 tempus
2461 1094 2734 1148 currendi
2782 1095 3037 1163 adesset,
3069 1094 3378 1149 eunuchus
3408 1094 3667 1149 medium

2017 1178 2207 1236 locum
2240 1186 2467 1248 tenens,
2501 1182 2775 1239 manibus
2806 1185 2886 1239 ad.
2910 1184 3136 1240 cubitos
3193 1198 3380 1253 usque
3431 1182 3667 1238 nudatis

2017 1275 2075 1325 et
2099 1276 2373 1343 argenteo
2403 1273 2656 1341 tegmine
2699 1273 2877 1343 capiti
2910 1273 3204 1343 imposito,
3238 1274 3474 1327 tertium
3524 1273 3661 1327 ado-

2017 1356 2306 1416 lescentes
2335 1362 2406 1417 ad
2435 1379 2673 1417 cursum
2708 1363 3076 1433 provocabat.
3110 1362 3357 1428 Quidam
3389 1378 3521 1418 vero
3554 1378 3665 1417 no-

2017 1448 2158 1504 bilis
2200 1458 2253 1505 et
2302 1451 2583 1522 dignitate
2637 1452 2853 1509 illustri
2905 1453 3187 1525 praeditus
3235 1451 3575 1508 adolescens
3626 1467 3659 1506 a

2018 1541 2182 1609 tergo
2210 1540 2341 1609 ejus
2371 1547 2533 1595 stans
2569 1540 2737 1595 toties
2766 1541 2897 1611 ejus
2928 1544 3091 1596 nates
3122 1546 3177 1594 et
3213 1542 3429 1595 femora
3462 1539 3666 1612 planta

2020 1627 2186 1699 pedis
2220 1618 2374 1683 clare
2410 1628 2672 1697 feriebat,
2705 1629 2929 1700 quoties
2987 1628 3085 1683 ille
3116 1627 3427 1683 considens
3478 1634 3671 1684 certa-

2024 1714 2199 1771 minis
2230 1715 2465 1787 signum
2499 1716 2695 1772 dabat.

255 1805 469 1879 λοιώδη
503 1809 531 1863 ὁ
565 1803 820 1883 βασιλεὺς
850 1803 1076 1881 παίγνια
1131 1802 1220 1857 καὶ
1270 1803 1304 1872 ἠ
1357 1800 1598 1877 βασιλὶς,
1648 1802 1736 1857 καὶ
1788 1800 1913 1856 ὅσον
1960 1800 2147 1864 αὐτοῖς
2204 1806 2301 1857 τοῦ
2359 1802 2554 1880 γὲνους
2613 1802 2907 1878 ἐπίσημον,
2966 1804 3055 1859 καὶ
3108 1805 3171 1859 τὸ
3228 1811 3327 1874 τῆς
3385 1805 3673 1879 Θεραπείας

254 1895 749 1975 εὖπαῤῥησίαστονο
806 1898 925 1955 τοῖς
984 1889 1031 1948 δ’
1085 1890 1281 1954 ἃλλοις
1335 1894 1479 1945 πᾶσα
1532 1888 1773 1965 πάροδος
1829 1887 2241 1947 ἀποκέκλειστο.
2330 1890 2590 1951 Ἐπεί,δ’
2647 1892 2951 1971 ἐφειστήκει
3021 1894 3209 1969 καιρὸς
3263 1896 3383 1958 καθ’
3439 1893 3498 1949 ὅν
3558 1893 3666 1951 ἔδει

252 1988 395 2062 πρὸς
448 1986 512 2041 τὸ
569 1986 785 2061 τρέχειν
816 1982 1063 2059 γενέσθαι
1117 1979 1248 2044 τοὺς
1302 1981 1395 2035 τὸν
1454 1980 1720 2056 γυμνικὸν
1779 1978 2154 2043 ἐκτελέσοντας
2216 1977 2468 2051 δίαυλον,
2526 1984 2554 2036 ὁ
2616 1983 2712 2056 μὲν
2779 1980 2983 2046 ὑποδὺς
3033 1982 3126 2037 τὸν
3201 1982 3501 2056 μαπτάριον
3585 1983 3671 2037 εύ-

251 2081 483 2152 νοῦχος,
524 2077 626 2144 τὴν
687 2074 855 2147 μέσην
915 2071 1164 2150 εἰληχὼς
1224 2069 1431 2145 χώραν,
1490 2068 1567 2124 είς
1629 2069 1925 2145 βραχίονας
1978 2069 2074 2132 τὰς
2133 2075 2323 2144 χεῖρας
2384 2069 2711 2146 ἀνεκάλυψε,
2768 2072 2859 2126 καὶ
2924 2072 2986 2127 τὸ
3041 2068 3445 2146 καταντυγῶδες
3505 2071 3668 2145 ἀργύ-

254 2186 375 2239 ριον
414 2162 683 2237 κάλυμμα
738 2166 807 2237 τῇ
865 2159 1081 2240 κεφαλῇ
1141 2158 1496 2233 περιθέμενος
1554 2157 1613 2214 ἐκ
1667 2158 1852 2233 τρίτου
1907 2158 1977 2228 ἦν
2035 2158 2112 2221 εἷς
2167 2159 2231 2214 τὸ
2295 2158 2431 2214 θέειν
2490 2159 2558 2214 τὰ
2618 2161 2877 2236 μειράκια
2934 2160 3436 2233 προσκαλούμενος·
3499 2159 3669 2221 ἐστὼς

256 2254 316 2311 δὲ
364 2275 448 2315 τις
505 2251 784 2325 ἐξόπισθεν
836 2249 1109 2310 νεανίσκος
1172 2248 1412 2321 εὐγενὴς,
1472 2247 1743 2322 ἀξιώματι
1791 2247 2032 2322 λαμπρῷ
2087 2242 2471 2325 περίϐλεπτος,
2549 2249 2867 2311 τοσαυτάκις
2940 2249 3101 2305 αὐτὸν
3177 2254 3275 2305 τοῦ
3348 2246 3517 2311 ποδὸς
3591 2255 3672 2322 τῷ

258 2344 468 2417 ηλατεῖ
494 2342 632 2397 κατά
676 2345 786 2397 τῶν
833 2344 1020 2414 πυγῶν
1064 2336 1155 2392 καὶ
1183 2340 1294 2401 τῶς
1344 2335 1595 2412 γλοῦτῶν
1647 2330 1866 2393 ἔτυπτεν
1918 2336 1995 2398 εἷς
2036 2336 2355 2409 ἐξάκουστον
2407 2339 2593 2400 ὁσάκις
2643 2340 2934 2412 συνιζάνων
2982 2339 3184 2402 ἐκεῖνος
3213 2340 3275 2394 τὸ
3314 2343 3412 2394 τοῦ
3460 2335 3672 2415 δρόμου

255 2432 556 2507 παρείχετο
587 2429 859 2502 σύνθημα.

332 2519 491 2579 Ἀλλ’
567 2515 722 2574 οὔπω
798 2510 1038 2593 ἀκριϐῶς
1137 2512 1472 2591 διηγώνιστο
1557 2515 1624 2569 τά
1723 2535 1911 2592 μειρα-

2096 2518 2193 2574 llis
2222 2519 2549 2592 puerilibus
2578 2518 2823 2577 ludicris
2853 2522 3118 2576 nondum
3142 2519 3450 2586 absolutis,
3483 2518 3669 2575 tristis

254 2607 437 2680 κιώδη
512 2612 681 2664 ταῦτα
755 2606 1059 2682 ἀθύρματα,
1136 2603 1225 2659 καὶ
1303 2603 1494 2679 οῗκτρά
1563 2625 1647 2667 τις
1748 2603 1915 2681 ἀγγε-

2028 2609 2265 2665 nuntiua
2297 2609 2685 2683 Philippopoli
2719 2610 2957 2666 affertur
2986 2612 3057 2667 de
3090 2610 3287 2667 Ibanci
3318 2611 3663 2667 deiectione.

257 2699 359 2757 λία
379 2700 480 2767 τὴν
522 2696 577 2753 ἒν
626 2697 842 2758 τούτοις
895 2691 1203 2770 διαδέχεται
1259 2694 1575 2773 χαρμονήν.
1625 2694 1688 2749 Ἣ
1740 2689 1796 2748 δὲ
1845 2693 1912 2763 ἦν

2028 2700 2098 2770 Is,
2150 2704 2215 2755 ut
2266 2717 2442 2773 supra
2474 2700 2757 2772 diximus,
2808 2700 3045 2757 nomine
3106 2701 3347 2757 670m
3396 2700 3667 2756 Alexium

257 2790 326 2845 τὸ
372 2788 678 2857 ἀποστῆναι
731 2786 825 2840 τὸν
882 2779 1133 2861 Ἰϐαγκὸν
1187 2783 1325 2838 κατά
1379 2783 1479 2851 τὴν
1525 2780 1917 2838 Φιλλιπούπο-

261 2879 373 2936 λιν.
435 2878 525 2940 Ὠς
586 2876 692 2952 γὰρ
752 2876 950 2929 ἄνωθεν
1009 2870 1262 2945 εἶ’πομεν,
1343 2873 1765 2947 μετονομασθεὶς
1825 2869 1916 2928 ’ὁδε

261 2967 519 3039 Ἀλέξιος
550 2965 642 3021 καὶ
672 2958 946 3040 γαμϐρὸς,
999 2962 1087 3017 ἐπὶ
1132 2957 1521 3037 θυγατρόπαιδι
1570 2965 1649 3033 τῷ
1699 2958 1919 3036 βασιλεῖ

262 3055 511 3135 γεγονὼς
586 3053 675 3109 καὶ
751 3051 927 3107 πλείω
1000 3058 1100 3121 τῆς
1176 3048 1403 3121 δεούσης
1478 3049 1637 3126 ίσχῦν
1714 3047 1915 3112 ὑποδὺς

264 3149 589 3221 στρατηγεῖν
653 3140 870 3219 εἰλήφει
927 3140 1017 3196 καὶ
1075 3144 1400 3215 προεστάναι
1454 3144 1565 3195 τῶν
1613 3140 1812 3213 τάξεων
1861 3136 1917 3194 αἵ

260 3240 384 3298 τοῖς
434 3231 749 3309 ὁμογενὲσιν
804 3231 952 3303 αὐτῷ
1010 3229 1254 3304 Βλάχοις
1294 3229 1417 3305 περὶ
1473 3231 1572 3300 τήν
1632 3229 1916 3286 Φιλίππου

262 3322 537 3399 ἐπαρχίαν
585 3320 943 3390 ἀντεκάθηντό
998 3339 1057 3374 τε
1113 3318 1201 3374 καὶ
1259 3317 1631 3396 ἀντεφέροντο.
1693 3319 1917 3392 ’Δμέλει

261 3413 357 3469 καὶ
390 3417 498 3468 τῶν
556 3410 728 3467 ἐκεῖσε
778 3414 981 3490 χωρῶν
1035 3409 1216 3486 φανεὶς
1266 3407 1454 3476 κύριος
1486 3408 1586 3483 ἦγε
1634 3410 1703 3463 τὰ
1747 3408 1921 3464 πάντα

264 3505 358 3560 καὶ
390 3506 477 3580 [Ρ.
517 3505 642 3576 330]
706 3499 912 3577 ἔφερεν,
971 3499 1346 3577 ἀγχίστροφος
1399 3496 1472 3553 ὥν
1532 3500 1623 3555 καὶ
1682 3496 1919 3576 δραστή-

270 3614 393 3671 ριος
423 3592 561 3668 πρὸς
587 3591 726 3646 ἃπαν
784 3588 1087 3664 σύνδρομον
1143 3583 1298 3664 ἔργον
1355 3594 1472 3651 τοῖς
1530 3586 1583 3643 ἐν
1637 3592 1706 3663 τῇ
1764 3590 1920 3662 ψυχῇ

268 3684 534 3755 κινήμασι
582 3680 673 3735 καὶ
737 3677 1128 3755 βουλεύμασιν.
1185 3683 1380 3733 ’Ἤσκει
1422 3697 1480 3732 τε
1542 3676 1616 3740 είς
1674 3674 1917 3747 πόλεμον

266 3774 333 3829 τὸ
408 3770 530 3846 περὶ
609 3768 768 3825 αὐτὸν
845 3766 1148 3846 ὁμόφυλον,
1224 3763 1453 3840 δωρεαῖς
1524 3765 1754 3821 πιαίνων
1830 3765 1920 3821 καὶ

267 3861 574 3935 ὁπλισμοῖς
639 3856 940 3934 κρατύνων,
994 3857 1085 3910 καὶ
1170 3855 1443 3933 φρουρίων
1503 3854 1751 3932 ἐρυμνῶν
1806 3856 1921 3911 ἀνε-

266 3951 484 4026 γέρσεσι
513 3948 580 4004 τὰ
620 3947 963 4020 ἀντικείμενα
1012 3949 1092 4018 τῷ
1147 3944 1313 4018 Αἳμῳ
1362 3944 1477 4019 ὅρει
1527 3944 1920 4021 ἀνεπιχείρητα

271 4044 477 4117 μικροῦ
516 4038 901 4114 ἀπειργάζετο.
936 4032 1202 4097 Βασιλεὺς
1237 4035 1333 4107 μὲν
1380 4035 1472 4091 οὗν
1525 4034 1712 4109 ἐπῄνει
1757 4038 1926 4089 ταῦτα

271 4129 578 4206 μανθάνων,
654 4124 746 4181 καὶ
812 4121 881 4179 δι’
958 4121 1144 4186 αῗδοῦς
1209 4120 1415 4179 ἐτίθετο
1488 4123 1579 4178 τὸν
1659 4121 1923 4196 Ἀλέξων,

264 4216 513 4278 πολλαῖς
568 4214 657 4270 καὶ
718 4212 998 4289 μεγίσταις
1058 4212 1565 4291 φιλοφρονούμενο)
1613 4212 1772 4267 αὐτὸν
1816 4208 1926 4266 δω-

266 4311 445 4380 ρεαῖς,
513 4302 690 4374 ἡδέως
759 4323 818 4358 τε
873 4301 1037 4357 αὐτοῦ
1121 4301 1314 4372 ἤκουε,
1373 4302 1461 4356 καὶ
1520 4305 1615 4362 τᾶς
1684 4298 1924 4370 αἰτήσεις

267 4397 577 4471 ἐξεπέραινε
634 4390 841 4468 ῥᾴδιον·
899 4392 968 4445 τα
1025 4387 1082 4445 δὲ
1137 4391 1283 4465 παρὰ
1335 4394 1430 4445 τοῦ
1513 4385 1708 4464 ἀνδρὸς
1768 4384 1927 4443 τοῦδε

264 4484 626 4561 πραττόμενα
678 4483 730 4536 οἱ
788 4481 911 4555 περὶ
966 4479 1060 4535 τὸν
1117 4474 1348 4553 βασιλέα
1406 4482 1734 4554 συνορῶντες
1786 4474 1927 4531 καλά

271 4574 376 4648 μὲν
408 4571 773 4645 ἀπεφαίνοντο
815 4568 955 4624 εἶναι
1001 4568 1090 4622 καὶ
1151 4565 1385 4643 ἀρίστως
1442 4562 1631 4640 ἔλεγον
1682 4562 1925 4636 δρᾶσθαι,

266 4662 338 4718 οῦ
377 4661 454 4734 μὴ
512 4657 602 4713 καὶ
661 4656 746 4713 ἐπὶ
807 4660 998 4729 σκοπῷ
1055 4655 1356 4730 Ῥωμαίοις
1416 4653 1729 4710 συνοίσοντα
1783 4653 1931 4728 παρᾶ

264 4756 374 4808 τοῦ
413 4750 750 4822 πράττοντος
803 4746 1060 4820 γίνεσθαι,
1114 4744 1238 4817 ὅθεν
1290 4747 1378 4800 καὶ
1439 4743 1774 4819 παραινέσεις
1819 4740 1926 4798 εἷ’σ-

266 4844 415 4914 ἦγον
476 4839 556 4908 τῷ
612 4835 978 4908 αὐτοκράτορι
1046 4830 1361 4907 παραλῦσαι
1420 4837 1520 4901 τῆς
1587 4830 1768 4910 ἀρχῆς
1834 4829 1927 4885 τὸν

266 4920 740 4998 Ἀλέξιεν.Μηδὲ
797 4923 902 5000 γὰρ
959 4918 1021 4976 ἄν
1088 4916 1368 4998 βάρϐαρον
1427 4917 1595 4994 ἄνδρα
1654 4923 1729 4995 μὴ
1790 4919 1931 4975 πάνυ

269 5017 475 5094 πρώην
551 5012 849 5088 Ῥωμαίοις
925 5009 1349 5085 πολεμιώτατον
1426 5010 1600 5073 οὓτως
1676 5008 1930 5087 ἐξαίφνης

270 5110 599 5183 μεταπεσεῖν
636 5103 712 5166 εἷς
771 5101 1039 5178 ἀκραιφνῆ
1103 5096 1363 5171 διάθεσιν,
1413 5100 1488 5163 ὡς
1547 5099 1784 5176 φρούρια
1839 5098 1930 5154 καὶ

264 5196 552 5270 πολίχνια
591 5192 641 5248 ἓν
700 5196 818 5253 τοῖς
874 5188 1180 5264 ἐπικαίροις
1240 5194 1518 5265 νεουργεῖν
1574 5189 1785 5259 τόποις,
1840 5186 1931 5243 καὶ

2025 2794 2252 2845 mutato
2284 2789 2697 2863 desponsaque
2729 2795 2898 2863 nepte
2938 2790 3334 2861 imperatoris,
3387 2792 3666 2862 majorem

2025 2892 2204 2950 quam
2256 2878 2452 2934 decuit
2481 2879 2886 2935 auctoritatem
2942 2883 3166 2947 nactus,
3223 2883 3281 2935 et
3326 2878 3671 2935 cohortibus

2025 2967 2333 3039 praefectus
2363 2984 2491 3039 qua}
2540 2967 2772 3024 Blachis
2817 2969 2888 3024 ad
2938 2968 3382 3040 Philippopolim
3435 2969 3673 3024 resiste-

2025 3057 2185 3128 bant,
2216 3074 2282 3113 ac
2324 3057 2518 3129 potius
2552 3058 2814 3114 locorum
2860 3058 3093 3114 illorum
3143 3058 3418 3114 dominus
3459 3059 3670 3114 factus.

2024 3163 2136 3203 suo
2156 3145 2438 3202 arbitratu
2465 3147 2699 3219 regebat
2729 3148 2960 3204 omnia:
2984 3148 3203 3219 quippe
3224 3147 3399 3202 homo
3422 3146 3671 3204 callidus

2024 3240 2082 3292 et
2113 3241 2419 3306 strenuus,
2445 3235 2611 3291 facile
2643 3234 2884 3307 quiquid
2904 3238 3103 3292 animo
3132 3235 3486 3292 destinasset
3508 3251 3671 3293 exse-

2025 3339 2237 3395 quens,
2296 3332 2350 3378 et
2408 3322 2725 3395 populares
2790 3339 2932 3379 suos
2984 3322 3319 3379 liberalibus
3377 3322 3671 3378 donativis

2026 3413 2325 3486 saginatos
2355 3418 2414 3469 et
2446 3412 2629 3468 armis
2660 3418 2966 3468 exornatos
2995 3412 3065 3468 ad
3102 3411 3322 3468 bellum
3354 3412 3672 3480 exercebat,

2026 3507 2083 3559 et
2115 3502 2242 3559 loca
2299 3502 2483 3557 monti
2539 3503 2735 3558 Haemo
2767 3501 3011 3559 ﬁnitima
3066 3502 3256 3557 firmis
3288 3501 3544 3558 castellis
3594 3503 3674 3557 ita

2028 3589 2337 3646 muniebat
2369 3596 2433 3644 ut
2457 3605 2523 3644 ea
2557 3588 2753 3644 hostes
2779 3605 2925 3659 pene
2942 3589 3213 3644 invadere
3234 3605 3349 3643 non
3369 3590 3672 3643 auderent.

2027 3677 2406 3742 Quamobrem
2441 3678 2514 3733 ab
2547 3679 2897 3749 imperatore
2919 3677 3360 3733 collaudabatur
3388 3683 3444 3732 et
3476 3677 3674 3746 magni

2028 3768 2224 3834 ﬂebat,
2262 3767 2464 3822 multis
2496 3766 2880 3837 amplissimis
2916 3766 3257 3822 muneribus
3289 3765 3672 3832 afﬁciebatur,

2031 3857 2672 3924 auitiebaturlibenter;
2696 3856 2979 3928 quidquid
3004 3855 3281 3926 petiissot,
3305 3853 3669 3925 impetrabat.

2032 3945 2220 4001 Αυιὶσί
2252 3962 2384 4001 vero
2405 3945 2564 4000 illius
2590 3945 2695 4000 viri
2720 3944 2871 4001 facta
2898 3944 3132 4017 egregia
3161 3954 3213 3999 et
3247 3944 3410 3999 utilia
3438 3942 3675 4014 quidem

2031 4049 2160 4090 esse
2208 4034 2560 4100 fatebantur,
2617 4033 2717 4088 sed
2777 4033 2847 4087 ad
2910 4037 3304 4088 Romanorum
3371 4032 3678 4086 utilitatem

2029 4122 2237 4178 referri
2296 4122 2610 4194 negabant,
2671 4126 2729 4176 et
2786 4121 3123 4192 imperatori
3192 4125 3463 4177 auctores
3521 4124 3685 4175 erant

2032 4211 2331 4267 adimendi
2365 4212 2416 4265 ei
2467 4210 2871 4281 magistratus.
2924 4209 3125 4282 Neque
3172 4210 3329 4266 enim
3382 4209 3681 4265 hominem

2032 4300 2375 4367 barbarum,
2436 4299 2609 4371 paulo
2682 4304 2815 4355 ante
2875 4300 3150 4355 Romanis
3208 4300 3682 4365 infestissimum,

2034 4406 2217 4461 usque
2247 4392 2392 4447 adeo
2430 4390 2628 4446 subito
2663 4397 2951 4447 mutatum
2984 4407 3115 4448 esse
3144 4397 3483 4462 tantamque
3513 4391 3683 4447 benc-

2034 4478 2346 4535 volcntiam
2403 4479 2762 4550 concepisse,
2796 4486 2860 4535 ut
2905 4497 3053 4536 nova
3093 4479 3329 4537 castella
3359 4487 3417 4536 et
3471 4479 3683 4552 oppida

2034 4566 2089 4623 in
2130 4568 2481 4641 Opportunis
2510 4566 2655 4623 locis
2686 4572 2970 4625 exstruat.
3008 4568 3205 4638 Neque
3236 4585 3370 4624 eum
3412 4569 3685 4625 cohortes

2028 4659 2337 4718 Blachicas
2387 4661 2726 4724 aucturum,
2759 4658 3038 4714 Romanis
3081 4658 3228 4713 677
3266 4658 3598 4714 imminutis
3627 4663 3686 4715 et

2036 4747 2356 4820 aliquando
2407 4746 2583 4804 etiam
2645 4753 2708 4801 ut
2738 4746 3049 4802 inutilibus
3104 4764 3137 4802 a
3187 4762 3382 4817 pugna
3425 4746 3685 4816 remotis,

2039 4838 2152 4896 nisi
2184 4838 2340 4908 regni
2389 4836 2769 4909 cupiditatem
2804 4835 3002 4891 aleret.
3054 4834 3249 4908 Neque
3278 4836 3432 4891 enim
3482 4852 3686 4891 omnes

2038 4945 2106 4985 ea
2135 4944 2262 5000 quas
2297 4932 2523 5001 pectore
2554 4926 2772 4981 lateant
2802 4942 2900 4982 ore
2935 4926 3210 4997 proferre,
3243 4926 3345 4981 sed
3376 4925 3506 4995 ipsa
3536 4927 3688 4980 facta

2040 5034 2442 5091 saepenumero
2491 5015 2651 5071 omni
2682 5015 2947 5069 oratione
2993 5014 3323 5071 evidentius
3356 5013 3537 5068 animi
3599 5027 3686 5067 re-

2041 5123 2244 5164 cessus
2275 5106 2586 5162 declarare.
2638 5102 2850 5156 Verum
2904 5102 3107 5168 surdo,
3140 5108 3204 5157 ut
3256 5103 3441 5168 aiunt,
3494 5100 3689 5157 fabula

2044 5196 2412 5251 narrabatur.
2448 5193 2770 5262 Imperator
2799 5190 2952 5245 enim
2996 5190 3187 5261 neptis
3218 5206 3332 5244 suae
3372 5189 3688 5245 Theodore:

268 5260 463 5356 «Siet:
516 5283 609 5357 μὲν
664 5283 729 5337 τὸ
784 5260 1072 5358 ἐμφύλιον-
1113 5278 1261 5352 αὖτῷ
1314 5260 1641 5353 στράτευμα,
1696 5277 1930 5351 σμικρύ-

2045 5280 2342 5355 sponsalia
2401 5260 2554 5337 satis
2605 5280 2805 5332 tirmos
2860 5277 3028 5349 quasi
3078 5260 3323 5333 iobsides
3382 5283 3564 5346 ratus,
3621 5279 3691 5335 de

264 5397 384 5431 νειν
421 5372 480 5429 δὲ
516 5370 579 5427 τὰ
624 5370 954 5443 Ῥωμαϊκὸν,
1016 5367 1238 5445 ἐνιαχοῦ
1298 5365 1354 5423 δὲ
1409 5367 1498 5424 καὶ
1556 5368 1633 5428 ὡς
1685 5364 1933 5440 δύσχρη-

264 5486 402 5521 στον
430 5460 633 5517 τιθέναι
693 5458 1011 5533 ἀπόμαχον,
1073 5458 1119 5512 εἰ
1172 5458 1247 5532 μή
1300 5479 1383 5520 τις
1429 5456 1579 5525 αύτῷ
1638 5452 1934 5529 ἐνέσπαρτο

266 5558 372 5611 τοῦ
422 5547 698 5626 τυραννίδι
758 5543 1041 5606 ἐπιϐαλεῖν
1100 5544 1296 5613 ἔννοια,
1354 5543 1471 5600 ἐπεὶ
1531 5541 1672 5618 μηδέ
1724 5543 1793 5598 τὰ
1850 5563 1937 5597 τι-

264 5664 387 5701 νων
418 5642 720 5715 ἐννοήματα
758 5635 939 5715 φιλεῖν
988 5656 1109 5700 πως
1164 5635 1247 5693 ἀεὶ
1305 5634 1380 5695 ὡς
1433 5629 1522 5688 διὰ
1578 5629 1769 5687 πυλῶν
1825 5634 1934 5687 τῶν

2046 5372 2373 5442 integritate
2402 5378 2455 5424 et
2503 5369 2613 5423 ﬁde
2647 5366 2827 5421 Alexii
2868 5365 3010 5421 nihil
3059 5368 3383 5438 dubitabat,
3430 5368 3692 5425 maleﬁca

2047 5459 2323 5532 quapiam
2382 5458 2435 5511 vi
2490 5456 2582 5511 hic
2627 5470 2881 5525 quoque,
2929 5455 3157 5526 opinor,
3213 5458 3425 5513 mentis
3492 5457 3694 5515 oculos

2047 5547 2493 5620 pcrstringente,
2526 5545 2693 5614 cujus
2736 5541 2993 5615 impulsu
3029 5561 3120 5600 res
3154 5545 3413 5602 Romana
3444 5547 3697 5604 subinde

2047 5635 2164 5693 ruit
2192 5635 2252 5692 in
2295 5633 2480 5709 pejus.
2516 5630 2587 5690 Ut
2630 5635 2828 5688 autem
2863 5648 2977 5688 non
3009 5632 3193 5692 multo
3234 5641 3366 5707 post
3394 5633 3455 5691 id
3504 5635 3701 5692 evenit
