4072 6218
537 332 649 393 891
1833 327 2145 389 ΝΙΟΕἹῈ
2191 328 2622 388 ΟΗΟΝΙΑΤλΕ
3722 343 3808 404 392

537 467 691 536 quod
725 465 1056 530 timebatur,
1108 480 1174 519 eo
1213 463 1514 537 inopinato
1556 465 1761 520 nuntio
1811 466 2145 520 attonitusc

2211 465 2263 529 A
2297 457 2530 534 χειλέων
2590 459 2924 539 ἐκφέρεσθαι,
2984 460 3110 517 ἀλλ’
3174 461 3221 516 έν
3277 461 3489 526 πολλοῖς
3559 469 3632 521 καὶ
3679 481 3813 546 φωνῆς

537 556 704 626 inops
719 554 945 610 consilii
962 555 1032 609 ob
1050 552 1348 608 difﬁcilem
1370 555 1658 609 exercitus
1683 555 2145 610 convocationcrr.

2293 553 2618 627 τρανότερον
2679 553 2777 608 ὅσα
2833 555 3081 618 κέκευθεν
3140 557 3171 622 ἡ
3212 557 3344 632 φρὴν
3388 557 3439 609 αἳ
3487 556 3666 630 πράξεις
3711 562 3817 639 ἐξαγ-

540 646 608 698 ad
643 643 986 698 seditiosum
1013 643 1212 697 statim
1245 643 1564 714 spadonem
1601 643 1914 714 quemdam
1952 645 2002 698 ei
2031 644 2138 698 fam

2293 640 2607 716 γέλλουσιν.
2643 642 2717 699 Οὑ
2777 644 2884 716 μὴν
2953 643 3029 704 εἷς
3089 643 3198 697 ὦτα
3251 642 3530 699 ἀκουόντων
3579 649 3656 708 τὰς
3697 655 3817 716 σοφὰς

538 732 920 786 liarissimum
957 731 1146 799 mittit,
1197 731 1291 801 qui
1329 736 1496 803 pacta
1540 737 1596 786 et
1645 738 1922 788 conventa
1955 732 2012 786 in
2065 749 2146 788 me

2294 711 2487 791 ταύτας
2546 711 2787 806 γνώμαςί
2821 733 2955 800 ἧσεν
3013 732 3394 804 εἶ’σηγοὺμενοι.
3447 733 3500 789 Ὁ
3551 736 3637 809 γὰρ

540 821 785 876 moriam
817 821 868 875 ei
907 831 1192 876 revocaret
1222 841 1235 887 ;
1272 831 1322 876 et
1355 823 1508 891 quod
1544 821 1691 876 nihil
1726 839 1985 892 unquam
2019 840 2086 877 ex
2119 839 2148 876 e

2296 819 2420 882 λεὺς
2453 819 2717 899 ἐχέγγυον
2765 821 2839 886 sic
2880 823 3059 876 πίστιν
3112 823 3201 877 τὸν
3246 829 3340 891 τῆς
3391 825 3568 878 υἱωνοῦ
3609 824 3817 901 Θεοδώρας

539 916 821 982 tempore,
855 929 968 981 quo
1002 928 1064 966 se
1115 911 1186 966 ad
1220 912 1513 966 Romanos
1546 910 1905 979 contulisset,
1953 913 2147 967 moles

2297 929 2478 984 γαμον
2503 912 2742 980 καθάπαξ
2800 906 3093 966 ὑπολαϐὼν
3138 910 3233 964 οὐκ
3287 909 3416 964 ἔστιν
3471 910 3599 973 ὅπως
3644 912 3712 967 ἐπὶ
3749 922 3815 968 πᾶ-

541 1005 642 1056 aut
676 1002 795 1070 spei
851 1018 967 1055 suae
1001 1000 1358 1054 contrarium
1415 1017 1725 1072 perpessus
1755 1009 1930 1066 esset,
1983 1003 2149 1056 admo

2296 1017 2378 1051 σιν
2437 998 2536 1053 οὑκ
2595 997 2810 1074 ἀσφαλῆ
2867 1001 2932 1053 τὰ
2988 999 3123 1073 πρὸς
3183 996 3378 1053 εὔνοιαν
3430 1000 3511 1054 καὶ
3562 1000 3821 1072 ἀπρόσκοπον

540 1096 720 1144 neret.
753 1090 948 1160 Neque
979 1090 1132 1143 enim
1167 1091 1236 1144 de
1259 1106 1323 1144 eo
1360 1090 1784 1145 reconciliando
1818 1091 2148 1161 desperabat

2297 1084 2473 1160 ἔκρινε
2566 1089 2656 1142 τὸν
2759 1088 3022 1157 Ἀλέειον,
3125 1088 3616 1162 καταγοητευοὺσης,
3699 1095 3821 1162 οἶμαι,

538 1177 684 1231 Eum
723 1194 832 1232 non
868 1177 1037 1248 longo
1081 1177 1380 1232 intervallo
1414 1179 1593 1232 secuti
1628 1187 1763 1232 sunt
1813 1178 2146 1250 imperatori

2295 1178 2565 1232 κάνταῦθα
2599 1185 2699 1246 τῆς
2745 1181 3042 1232 κακοποιοῦ
3097 1172 3367 1249 δυνάμεως
3417 1183 3508 1246 τῆς
3558 1175 3633 1232 ἒπὶ
3679 1180 3725 1232 τὸ
3761 1184 3824 1234 κά-

540 1266 736 1336 generi
771 1282 902 1320 cum
949 1267 1106 1319 omni
1142 1265 1550 1320 ministrorum
1586 1272 1640 1320 et
1688 1274 2064 1338 cognatorum
2098 1286 2148 1324 cc

2292 1287 2474 1327 ταντες
2532 1266 2613 1320 ἀεὶ
2672 1267 2940 1343 φερούσης
2996 1267 3060 1321 τὰ
3124 1267 3400 1338 Ῥωμαίων
3461 1267 3722 1342 πράγματα.
3766 1271 3821 1329 Ὡς

543 1355 772 1420 mitatu,
827 1359 884 1409 et
936 1355 1220 1410 militibus
1251 1357 1348 1426 qui
1397 1356 1454 1410 in
1489 1355 1700 1426 palatio
1731 1356 1884 1411 678
1936 1357 2151 1428 reperis

2297 1354 2342 1410 δ’
2377 1355 2438 1410 οὑ
2470 1353 2669 1427 πολλῷ
2701 1355 2919 1428 ὕστερον
2978 1353 3056 1416 εἷς
3113 1349 3269 1430 ἔργον
3324 1355 3381 1408 τὸ
3437 1352 3542 1417 δέος
3591 1350 3824 1425 ἐκϐέϐηκεν,

541 1446 771 1499 bantur.
809 1445 917 1500 Sed
980 1445 1239 1500 nefarius
1269 1445 1451 1515 spado
1483 1447 1549 1500 ad
1579 1462 1709 1500 eum
1749 1447 2036 1516 profectus
2070 1464 2141 1502 no

2296 1443 2470 1506 ἔννεὸς
2502 1444 2583 1498 ἐπὶ
2629 1448 2745 1505 τοῖς
2795 1444 3158 1516 ἠκουσμένοις
3214 1443 3382 1520 φανεὶς
3434 1444 3515 1498 καὶ
3570 1446 3634 1516 μὴ
3683 1439 3825 1518 ἔχωνό

545 1535 710 1588 modo
755 1530 901 1588 nihil
960 1536 1110 1604 quod
1145 1535 1216 1588 ad
1267 1549 1388 1588 rem
1423 1535 1740 1606 pertineret
1777 1537 2043 1600 confecit,
2082 1553 2153 1591 se:

2293 1553 2344 1587 τι
2375 1533 2465 1587 καὶ
2525 1531 2762 1588 δοάσειεν
2823 1535 2896 1595 ὡς
2953 1531 3335 1608 ἀναβραγέντος
3392 1531 3538 1587 τοῦδε
3585 1538 3664 1587 τοῦ
3710 1541 3825 1587 καις-ὖ

539 1623 706 1678 illum
732 1640 838 1678 sua
872 1623 1182 1692 presentia
1215 1629 1279 1676 ut
1309 1629 1492 1694 cepta
1517 1629 1964 1695 persequeretur
1996 1627 2147 1696 magi

2297 1623 2645 1696 ἀπροόπτως,
2705 1623 2794 1677 καὶ
2853 1624 2935 1677 ’ὁτι
2987 1627 3097 1676 τῶν
3138 1621 3530 1697 στρατευμάτων
3583 1621 3829 1695 ἐργώδηιὴ

541 1713 920 1779 conlirniavit,
980 1729 1113 1768 cum
1173 1719 1391 1768 temere
1450 1714 1760 1770 eﬁ'utiisset
1809 1715 2093 1771 Romanos

2298 1710 2571 1786 συλλογὴ,
2625 1711 2677 1766 έν
2737 1713 2832 1784 μὲν
2890 1715 2968 1783 τῷ
3027 1710 3324 1784 παραυτίκα
3387 1709 3580 1765 στέλλει
3629 1712 3734 1782 πρὸς
3768 1712 3827 1764 τὸν

539 1802 782 1873 vestigio
815 1801 981 1857 illum
1036 1802 1360 1871 invasuros,
1396 1807 1450 1857 et
1484 1803 1810 1859 monuisset
1857 1809 1919 1859 ut
1949 1821 2147 1876 camps

2222 1802 2603 1899 Βάποστάτην
2647 1797 2872 1864 θλαδίαν
2932 1802 3071 1870 τινα,
3130 1801 3196 1854 τὰ
3252 1805 3431 1874 πρῶτα
3483 1805 3577 1853 τῶν
3629 1800 3830 1872 ᾠκειωμέ-

541 1893 762 1947 stribus
794 1890 1014 1946 relictis
1045 1890 1288 1945 salutem
1327 1908 1495 1946 suam
1530 1898 1585 1945 et
1627 1893 1997 1963 popularium
2030 1912 2149 1949 mor

2221 1890 2262 1899 '
2296 1914 2399 1945 νων
2450 1891 2616 1961 αὐτῷ,
2669 1892 3060 1962 ὑπομνήσοντα
3101 1893 3294 1945 τοῦτον
3351 1893 3450 1943 τῶν
3505 1893 3734 1958 συνθηκῶν
3773 1891 3829 1942 καῖ

540 1983 692 2039 tanis
717 1984 856 2037 locis
883 1983 1295 2038 committeret.
1330 1983 1700 2053 Imperatoris
1725 2002 1856 2041 vero
1889 1989 2108 2058 generi,
2133 2005 2148 2042 ε

2295 1985 2396 2036 τοῦ
2431 1978 2599 2054 μηδέν
2631 2001 2681 2034 τι
2723 1981 2942 2034 πώποτε
2972 1981 3159 2034 παθεῖν
3203 1977 3362 2048 ἀηδὲς
3403 1979 3486 2032 καὶ
3534 1982 3625 2032 τῶν
3663 1976 3828 2032 ἐλπίδων

540 2076 922 2145 protostrator
953 2071 1180 2125 Manuel
1207 2073 1504 2143 Camyzes,
1540 2073 1838 2129 alacritate
1867 2082 1924 2129 et
1954 2076 2148 2131 aeniuls

2297 2072 2529 2140 ἀνάξιον,
2589 2068 2638 2141 ἐξ
2697 2067 2822 2123 ὅτου
2883 2089 2982 2142 περ
3052 2069 3203 2140 αὑτῷ
3275 2068 3701 2143 προσκεχώρηκεν
3752 2065 3831 2120 οὐδὲ

539 2165 696 2218 tione
731 2163 880 2217 mira
913 2161 1259 2217 seditiosum
1299 2165 1587 2233 persecuti
1629 2171 1764 2218 sunt
1797 2181 1810 2219 :
1843 2167 1942 2220 sed
1975 2183 2147 2239 oppni

2297 2163 2400 2236 γὰρ
2431 2163 2495 2228 ἦν
2552 2159 2939 2232 ἀπογινώσκων
2998 2160 3098 2228 τήν
3157 2165 3258 2227 τῆς
3312 2158 3531 2232 γνώμης
3588 2152 3835 2230 μεταϐολήν.

541 2254 787 2308 tunitate
821 2253 891 2306 ob
932 2251 1183 2322 praedam
1221 2253 1468 2322 fugatam
1505 2253 1724 2308 amissa
1754 2255 2149 2311 contentioner

2297 2253 2409 2307 Τοῦ
2443 2247 2499 2303 δὲ
2529 2249 2754 2302 κατόπιν
2786 2247 2876 2302 καὶ
2936 2249 2987 2301 oi.
3041 2247 3338 2327 νεόνυμφοι
3398 2241 3616 2323 γαμϐροὶ
3660 2250 3727 2298 τοῦ
3763 2246 3835 2317 βι-

544 2342 917 2398 remiserunt.
971 2343 1048 2394 Ac
1105 2340 1511 2396 fervidioribus
1569 2343 1651 2396 sic
1701 2343 1874 2398 etiam
1930 2343 2152 2415 placeba

2299 2337 2495 2400 σιλέως
2527 2337 2838 2412 συνεξῄεσαν
2875 2338 3010 2410 μετά
3059 2358 3120 2412 γε
3177 2337 3371 2394 παντὸς
3418 2339 3508 2390 τοῦ
3557 2331 3740 2389 οἶκιδίου
3774 2335 3835 2386 καὶ

543 2431 810 2502 persequi
837 2440 888 2485 et
915 2431 971 2484 in
1009 2431 1306 2485 montibus
1329 2448 1584 2501 querere
1613 2433 1900 2490 Alexium.
1938 2436 2151 2490 Pruder

2297 2431 2614 2506 συγγενικοῦ
2645 2427 3022 2500 πληρώματος
3079 2427 3171 2481 καὶ
3221 2432 3326 2480 τῶν
3375 2426 3491 2480 τότε
3531 2423 3576 2478 έν
3626 2428 3689 2494 τῷ
3713 2427 3834 2476 παλα-

541 2521 718 2575 tiores
751 2525 943 2573 autem
979 2518 1132 2573 haud
1166 2518 1491 2574 consultum
1530 2523 1814 2591 putabant
1860 2522 2067 2593 aquilae
2100 2541 2149 2578 νε

2295 2522 2399 2590 τίῳ
2459 2518 2857 2591 εὑρισκομένων
2919 2519 3291 2592 στρατιωτῶν.
3355 2515 3652 2589 Ἀφιγμένος
3715 2513 3836 2566 οὑνὸ

547 2609 722 2678 stigia
765 2612 988 2663 montes
1022 2613 1078 2662 et
1111 2625 1285 2678 rupes
1319 2609 1666 2678 pervolantia
1698 2612 2041 2680 consectari,
2089 2631 2155 2668 au

2300 2602 2540 2681 βέϐηλος
2573 2607 2834 2681 εὐνοῦχος
2860 2606 2995 2680 πρὸς
3024 2607 3115 2659 τὸν
3168 2605 3410 2674 Ἀλέξιον
3459 2603 3515 2658 οὑ
3568 2602 3702 2674 μόνον
3743 2597 3842 2654 οὐδὲν

547 2697 847 2753 volumina
878 2698 1167 2768 serpentis
1194 2698 1250 2751 in
1305 2715 1439 2754 saxo
1471 2699 1798 2770 quaeritare,
1831 2706 1930 2755 aut
1980 2719 2155 2772 aprur

2294 2717 2345 2750 τι
2378 2696 2514 2772 πρὸς
2546 2697 2644 2764 τὴν
2706 2696 2959 2749 ὑπόθεσιν
3018 2695 3239 2770 ἑωράθη
3300 2691 3704 2765 διαπραξάμενος,
3747 2687 3841 2742 ἀλλᾶ

552 2790 876 2852 dentatum,
927 2789 1024 2857 qui
1084 2791 1284 2859 pectus
1334 2804 1486 2858 saepe
1518 2789 1734 2860 jaculis
1774 2789 2067 2858 obtulerit,
2115 2809 2160 2846 ω

2295 2786 2388 2840 καὶ
2419 2784 2837 2860 προσεπέῤῥωσε
2883 2782 3094 2857 μᾶλλον
3151 2782 3356 2839 ἐκεῖνον
3407 2788 3472 2857 τῇ
3515 2779 3612 2852 ίδίᾳ
3652 2778 3842 2852 παρουσίᾳ

553 2893 810 2948 pugnam
844 2877 1108 2944 irritare;
1140 2877 1238 2931 sed
1272 2876 1486 2948 oppida
1517 2877 1589 2931 ab
1641 2876 1832 2932 Alexio
1864 2878 2161 2935 instaurat:

2297 2875 2372 2936 εἰς
2407 2873 2562 2951 ἔργον
2617 2875 2678 2928 τὸ
2725 2873 2778 2928 έν
2849 2874 3027 2949 χερσὶ,
3087 2875 3447 2948 προσημάνας
3499 2874 3737 2945 προπετῶς
3779 2867 3840 2931 τὴν

533 2976 584 3023 et
616 2969 848 3022 conilita
881 2966 1276 3036 recuperanda
1299 2981 1444 3020 esse.
1484 2966 1608 3030 Quo
1640 2966 1889 3022 consilio
1922 2968 2141 3038 pra'lati

2294 2965 2412 3018 κατ’
2455 2962 2617 3018 αὑτοῦ
2669 2967 2778 3018 τῶν
2836 2962 3124 3034 Ῥωμαίων
3188 2962 3314 3016 ’ὀσον
3372 2957 3571 3016 οὐδέπω
3620 2955 3839 3019 έπέλευσιν,

536 3055 836 3112 castellum
857 3055 915 3110 in
939 3054 1063 3110 loco
1087 3054 1185 3124 qui
1207 3055 1488 3110 Crizimus
1508 3055 1725 3110 dicitur
1743 3055 1813 3110 ab
1843 3055 2042 3113 Alexio
2060 3073 2144 3112 co:

2293 3054 2380 3108 καὶ
2444 3050 2659 3122 διδάξας
2718 3053 2800 3112 οἶς
2860 3049 3072 3126 εἷ’ρηκεν
3130 3050 3464 3125 ἀποσχέσθαι
3520 3049 3602 3122 μὲν
3655 3051 3738 3100 τῶν
3780 3063 3841 3096 πι-

534 3146 656 3200 ditu
669 3161 715 3198 m
735 3151 1103 3215 oppugnant;
1124 3144 1221 3198 ubi
1238 3144 1473 3198 Romani
1494 3145 1921 3215 promptissime
1936 3147 2142 3201 etlorti:

2235 3193 2261 3216 η
2294 3139 2478 3211 δινῶν,
2512 3137 2865 3205 ἐπιλαϐέσθαι
2897 3138 2954 3195 δὲ
3001 3145 3106 3195 τῶν
3164 3141 3408 3216 ὀρεινῶν,
3453 3141 3522 3202 ὼς
3563 3138 3738 3193 ἐκείνων
3771 3133 3843 3186 σώ-

536 3193 715 3200 ““’“”“
740 3193 828 3214 vl"
857 3193 1103 3215 “Ο⁷““”““’ν
1129 3193 1221 3198 “”“
1241 3193 1473 3198 “’“““⁷“”“““
1494 3193 1827 3215 ι”“’“--Γ⁷·**’
1849 3193 1918 3198 ’⁷⁷
1939 3193 2143 3201 ""'""

535 3234 1038 3290 simedimicantes
1057 3233 1268 3288 multos
1283 3233 1437 3288 viros
1451 3233 1627 3288 fortes
1647 3249 1894 3304 quorum
1913 3234 2143 3306 princep

3155 3193 3592 3284 tgircuvainoctc‘tv
3637 3224 3839 3301 ὁλόφωνον

538 3328 659 3378 erat
689 3324 842 3378 619
874 3323 1154 3393 Georgius
1189 3321 1568 3393 Palmologus,
1604 3323 1660 3377 in
1697 3323 2073 3378 admovendis
2110 3341 2142 3379 a

2291 3321 2590 3395 σύνταγμα.
2626 3320 2688 3372 Oi.
2731 3316 2787 3373 δὲ
2835 3317 2957 3392 περὶ
3008 3317 3134 3380 τοὺς
3184 3314 3470 3395 γαμϐροὺς
3515 3321 3600 3370 τοῦ
3650 3309 3841 3390 βασιλέως

539 3412 752 3466 mmnia
805 3411 974 3465 scalis
1030 3412 1374 3466 amiserunt.
1429 3412 1687 3466 Tandem
1729 3427 1795 3467 eo
1853 3418 2147 3484 expugnat

2290 3410 2381 3465 καὶ
2420 3410 2511 3464 τὸν
2540 3408 2998 3483 πρωτοστράτορα
3029 3407 3300 3477 Μανουήλ
3333 3409 3421 3462 τὸν
3453 3404 3706 3478 Καμὺτζην
3731 3397 3837 3454 ἐδίω-

537 3501 711 3556 etiam
747 3500 854 3554 alia
888 3500 1156 3570 quaedam
1183 3500 1395 3570 oppida
1426 3501 1719 3571 deinceps.
1754 3501 1863 3554 alia
1897 3502 2145 3572 sanguin

2287 3500 2375 3570 ξαν
2400 3499 2493 3572 μὲν
2527 3499 2702 3552 ὀπίσω
2750 3494 2948 3559 ἱκανῶς
2981 3501 3078 3551 τοῦ
3110 3497 3400 3570 ἀντάρτου,
3431 3494 3514 3550 καί
3543 3494 3599 3562 ἦν
3625 3488 3830 3562 θαυμαστή

538 3589 912 3661 profuso,alia
947 3589 1239 3644 deditione
1273 3595 1572 3660 ceperunt.
1609 3589 1844 3644 Alexius
1876 3607 2032 3654 vero,
2065 3591 2146 3646 cal

2287 3612 2370 3653 τις
2429 3593 2464 3660 ἡ
2525 3589 2828 3665 προθυμία,
2903 3589 2991 3643 καὶ
3071 3592 3544 3664 πρωταγωνιστεῖν
3611 3578 3836 3653 ἠϐούλοντο

536 3678 693 3734 lidus
727 3679 899 3733 homo
932 3684 987 3732 et
1034 3680 1217 3733 solers
1265 3678 1532 3746 bellator,
1588 3695 1719 3733 cum
1771 3679 1884 3734 alia
1934 3679 2144 3750 plurim

2290 3680 2612 3754 ξύμπαν-τες⁹
2675 3683 2774 3748 την
2831 3676 2887 3733 δὲ
2948 3682 3045 3733 τοῦ
3101 3683 3298 3752 καιροῦ
3357 3678 3523 3753 ῥοπὴν
3573 3671 3838 3729 ἀπολέσαντες

537 3768 858 3838 disciplinae
923 3767 1191 3821 militaris
1241 3767 1570 3838 specimina
1619 3768 1820 3832 edidit,
1880 3772 2004 3823 turn
2070 3785 2144 3822 un

2291 3768 2351 3824 ἐκ
2381 3773 2478 3824 τοῦ
2513 3763 2904 3838 διασοϐηθῆναι
2955 3767 3015 3820 τὸ
3065 3768 3291 3842 θήραμα
3333 3767 3395 3821 τὸ
3445 3766 3686 3840 πρόθυμον
3723 3755 3837 3842 ἔσχα-

537 3857 754 3929 insigni
789 3861 1198 3925 stratagemate
1228 3860 1430 3926 printer
1451 3855 1596 3911 alios
1628 3858 1820 3927 ipsum
1853 3857 2027 3912 etiam
2061 3875 2145 3928 prc

2293 3881 2406 3915 σαν.
2439 3860 2572 3918 Τοῖς
2628 3859 2722 3930 μὲν
2776 3855 2870 3911 οὖν
2920 3841 3279 3931 θερμοτέροις
3334 3853 3626 3911 ἐπιδιώκειν
3669 3847 3731 3903 καὶ
3771 3841 3837 3897 οὗ·

539 3953 902 4004 tostratorem
933 3946 1102 4018 cepit.
1143 3947 1286 4002 Nam
1325 3947 1596 4019 plurimis
1631 3949 1936 4018 pecoribus
1966 3964 2033 4003 ex
2061 3965 2147 4020 ερι

2290 3969 2400 4010 τως
2432 3942 2608 4001 ἐδόκει
2649 3944 2739 4000 καὶ
2792 3942 3064 4019 διερευνᾷν
3124 3943 3425 4024 ἐφέποντας
3481 3945 3553 4004 οἷς
3596 3943 3682 3995 τῶν
3724 3933 3840 4024 ista”

539 4037 688 4093 culis
724 4039 776 4092 in
801 4054 1035 4108 campos
1069 4040 1156 4108 agi
1179 4047 1230 4091 et
1263 4054 1293 4090 a
1318 4036 1696 4108 popularibus
1727 4037 1849 4092 suis
1877 4053 2008 4092 cum
2027 4043 2147 4109 part

2292 4033 2498 4110 ἀπέδρα
2527 4033 2789 4105 Ἀλέξιος,
2821 4038 2940 4096 τοῖς
3000 4031 3046 4089 δ’
3095 4021 3513 4108 ἀσιραλεστέροις
3568 4029 3658 4103 οὐχ
3682 4021 3842 4110 ἥνδανεν

543 4129 934 4183 Romanorum
970 4126 1328 4198 captivorum
1381 4125 1440 4179 in
1476 4126 1734 4181 Hamum
1797 4127 1866 4182 ad
1898 4126 2151 4182 Joannes

2293 4123 2440 4186 ’ὀλως
2472 4123 2629 4178 ἀετοῦ
2663 4121 2794 4199 ἴχνη
2829 4119 3088 4202 ἀναδιφᾷν
3143 4123 3554 4196 έπιποτωμένου
3604 4118 3751 4189 πάγοις
3787 4106 3844 4161 κίιῖ

536 4217 750 4287 Zagore
776 4217 1119 4288 principem,
1145 4233 1276 4271 curn
1307 4233 1422 4287 quo
1456 4217 1640 4270 fiedus
1663 4221 1863 4271 contra
1894 4219 2144 4271 Romano

2295 4211 2492 4290 ὄρεσιν,
2552 4213 2587 4282 ἤ
2649 4209 2922 4285 μεταλλᾷν
2979 4201 3256 4286 ἔρπυσμὲιν
3323 4209 3494 4286 ὄφεως
3557 4207 3632 4262 ἐπὶ
3692 4201 3845 4274 πέτραν,

538 4307 768 4373 inierat,
793 4310 1047 4362 muneris
1075 4307 1196 4362 loco
1219 4312 1276 4362 et
1298 4307 1446 4378 grati
1465 4307 1644 4360 animi
1669 4323 1806 4378 ergo
1831 4305 2146 4378 ducijussii

2294 4288 2338 4372 ﬁ.
2391 4302 2661 4374 ἰκμαίνειν
2721 4301 2797 4363 εἰς
2869 4301 3196 4373 συμπλοκὴν
3280 4297 3631 4376 χαυλιόδοντα
3699 4288 3849 4364 μονιὸνι

540 4397 816 4453 Romanis
842 4396 1087 4450 insidias
1120 4396 1441 4461 collocavit,
1480 4396 1813 4466 rapacitatis
1844 4403 1901 4452 et
1931 4396 2148 4451 avaritit

2295 4392 2572 4455 πολλάκις
2610 4393 2670 4446 τὸ
2725 4393 2925 4461 στῆθος
2979 4390 3055 4453 είς
3110 4388 3439 4446 διακόντισεν
3497 4382 3851 4464 προτεινάμενονς

545 4501 746 4540 eorum
807 4489 862 4538 et
893 4485 1193 4538 charitatis
1244 4499 1380 4554 erga
1412 4500 1552 4537 suos
1594 4501 1703 4538 non
1759 4485 2020 4556 ignarus,
2072 4502 2153 4557 pri

2243 4483 2598 4559 )περιελθεῖν
2660 4480 2716 4537 δὲ
2787 4483 2853 4537 τὰ
2924 4481 3193 4558 πολίχνια
3252 4484 3428 4538 ὁπόσα
3482 4476 3753 4535 έπεσκεῦασε
3793 4467 3851 4522 κεῖ

542 4575 756 4646 quibus
786 4572 960 4627 etiam
997 4573 1244 4627 salutem
1281 4589 1445 4626 suam
1484 4573 1798 4644 neglecturi
1833 4575 2147 4630 essent.Ne

2292 4576 2570 4650 ἀνήγειρεν
2621 4573 2649 4626 ὁ
2699 4571 2967 4643 Ἀλέξιος,
3023 4572 3113 4626 καὶ
3167 4570 3347 4627 θέσθαι
3407 4568 3609 4648 βασιλεῖ
3653 4563 3848 4630 κατήκοα·

543 4677 676 4717 eum
713 4661 915 4714 fefellit
944 4662 1161 4730 opinio.
1197 4660 1337 4714 Nam
1394 4661 1566 4732 paulo
1600 4668 1730 4733 post
1779 4667 2151 4734 protostrator

2293 4663 2392 4718 Καὶ
2425 4669 2527 4732 τῆς
2587 4660 2796 4738 βουλῆς
2850 4660 3054 4731 ταύτης
3105 4661 3178 4723 ὡς
3239 4662 3526 4734 ἀμείνονος
3575 4651 3850 4738 κυρωθείσηςι

540 4768 606 4807 eo
640 4751 844 4804 nuntio
877 4754 1132 4819 accepto,
1167 4748 1664 4818 Batrachocastro,
1715 4753 1809 4807 ubi
1847 4753 2054 4808 stativa
2089 4755 2148 4808 bs

2291 4756 2371 4824 τῷ
2421 4751 2665 4825 φρουρίῳ
2715 4745 3160 4822 προσϐάλλουσιν
3219 4751 3249 4805 ὃ
3308 4752 3429 4814 καθ’
3467 4742 3697 4804 ὑπόϐασιν
3739 4737 3852 4813 ὅρους

542 4841 732 4905 bebat,
772 4839 1114 4893 Bactunium
1168 4839 1473 4911 profectus,
1507 4842 1691 4910 specie
1726 4841 1803 4895 rei
1854 4841 2140 4913 decipitur

2294 4841 2347 4896 έν
2399 4841 2552 4912 τόπῳ
2606 4843 2890 4915 Κριτζιμῷ
2950 4837 3230 4915 λεγομένῳ
3281 4829 3855 4915 έδομήσατοὸᾌλὲξίρς·

538 4936 593 4987 et
623 4931 778 4986 680
813 4947 924 4984 non
959 4931 1359 4984 animadverso
1391 4929 1572 4985 Alexii
1607 4931 1739 4985 dolo
1772 4932 2085 4986 exercitum
2120 4947 2146 4986 e

2294 4924 2417 4984 ἔνθα
2444 4928 2535 4983 καὶ
2565 4926 2795 4983 πλεῖστα
2841 4928 3109 5002 Ῥωμαῖοι
3167 4929 3435 5001 καμόντες
3491 4927 3573 4980 καὶ
3617 4911 3858 5002 φιλοκινόὑα

539 5039 664 5094 que
695 5023 751 5076 in
787 5029 1089 5092 conspectu
1125 5025 1316 5076 essent
1348 5021 1598 5092 Ipoliare
1623 5021 1792 5090 jubet
1822 5037 1835 5090 ;
1881 5021 2003 5092 ipse
2035 5037 2144 5092 equ

2295 5040 2398 5080 νως
2433 5015 2881 5090 ἁμιλλησάμενοι
2941 5001 3042 5072 οὐκ
3101 5016 3321 5094 ὀλίγους
3371 5013 3557 5090 ἄνδρας
3599 5006 3788 5085 ἀγαθοὺς
3825 5001 3857 5055 ἓν

541 5130 653 5167 non
681 5111 884 5167 bellico
916 5111 1266 5166 circumiens
1295 5114 1674 5180 spectatorem
1707 5110 1842 5181 agit.
1875 5111 2018 5165 Tum
2053 5129 2149 5166 ver

2292 5111 2372 5179 τῷ
2402 5106 2693 5182 προσάγειν
2729 5110 2810 5177 τῷ
2865 5106 3043 5180 τεέχει
3100 5107 3195 5166 τὰς
3253 5105 3525 5180 κλίμακας
3579 5094 3856 5156 ἀπεῦἁλοντοι

539 5221 606 5258 ex
662 5201 900 5256 insidiis
951 5200 1254 5271 consurgit
1303 5199 1556 5266 Alexius,
1613 5209 1666 5252 et
1709 5204 2147 5270 protostratorer

2297 5198 2370 5250 ὧν
2429 5196 2498 5264 ἦν
2555 5196 2862 5270 πρώτιστος
2916 5196 2943 5248 ὁ
3002 5193 3388 5267 ΙΙαλαιολόγος
3468 5195 3721 5266 Γεώργιος*
3769 5182 3857 5252 Ὀψὲ

543 5292 1002 5346 circumventum
1038 5289 1390 5359 diductaque
1422 5305 1662 5342 suorum
1709 5288 1830 5343 acie
1861 5287 2032 5343 veluti
2067 5305 2151 5343 cas

2297 5283 2342 5340 δ’
2402 5283 2675 5358 ἐξελόντες
2735 5286 2797 5340 τὸ
2857 5284 3030 5358 ἔρυμα
3086 5286 3172 5339 καὶ
3227 5283 3369 5358 ’ἕτερ’
3423 5285 3546 5340 ἄττα
3621 5277 3860 5346 πολίσματι

541 5382 702 5435 sibus
736 5380 1100 5450 implicatum
1136 5378 1308 5447 capit.
1343 5381 1460 5431 Hoc
1503 5377 1822 5432 desertoris
1855 5383 2149 5432 comment

2297 5376 2382 5432 ἐπὶ
2415 5375 2556 5448 τῷδε
2590 5381 2842 5452 σνυναφῶς
2884 5377 3270 5451 ἐχειρώσαντο,
3322 5381 3400 5450 πῇ
3461 5375 3549 5447 μὶν
3606 5370 3704 5445 μεθ’
3751 5363 3863 5452 αἶρ’

546 5469 790 5522 Romani
847 5469 1130 5522 exercitus
1191 5467 1443 5537 reliquias
1493 5482 1731 5535 prorsus
1787 5473 2086 5532 enervata,
2147 5466 2154 5520 i

2295 5487 2412 5532 τος,
2444 5469 2520 5538 πῇ
2557 5462 2614 5522 δὲ
2643 5448 2749 5520 καὶ*
2779 5448 3057 5540 ὁμολογίᾳ
3100 5465 3308 5520 τούτων
3365 5448 3756 5537 περιγινόμενοι.
3777 5448 3862 5540 “Ei-

545 5572 676 5609 vero
704 5556 803 5626 qui
829 5556 1154 5610 defecerant
1185 5557 1317 5609 elati
1354 5562 1510 5609 sunt.
1544 5556 1736 5624 Neque
1779 5556 1904 5625 jam
1942 5555 2153 5611 Romam

2304 5557 2554 5634 μηχανος
2585 5553 2630 5610 δ’
2671 5553 2744 5610 ὤν
2789 5557 2817 5610 ὁ
2870 5537 3120 5625 ἈΛέξιος
3175 5553 3265 5608 καὶ
3334 5551 3611 5626 πολύχους
3665 5546 3728 5606 sic
3772 5537 3862 5634 ἔργει

547 5661 680 5699 eum
743 5644 1024 5697 lacessere
1073 5648 1171 5698 aut
1224 5643 1460 5714 aggredi
1519 5643 1835 5711 audebant,
1866 5643 1967 5699 sed
2023 5645 2155 5714 iuxta

2300 5626 2543 5720 πολέμια
2609 5642 2753 5700 ἃλλα
2808 5665 2867 5700 τε
2931 5643 3161 5700 πλεῖστα
3235 5643 3375 5698 κατὰ
3455 5637 3714 5716 Ῥωμαίων
3770 5626 3856 5702 ἶρῖί
