  <div class='ocr_page' id='page_1' title='image "/cluster/home/n/w/nwhite01/storage/ocr_20150623/139/hvd.32044023361710/452.png"; bbox 0 0 4072 6218; ppageno 0'>
   <div class='ocr_carea' id='block_1_1' title="bbox 251 377 375 442">
    <p class='ocr_par' dir='ltr' id='par_1_1' title="bbox 251 377 375 442">
     <span class='ocr_line' id='line_1_1' title="bbox 251 377 375 442; baseline 0.032 -4"><span class='ocrx_word' id='word_1_1' title='bbox 251 377 375 442; x_wconf 86' lang='grc'>893</span> 
     </span>
    </p>
   </div>
   <div class='ocr_carea' id='block_1_2' title="bbox 1100 381 2727 444">
    <p class='ocr_par' dir='ltr' id='par_1_2' title="bbox 1100 381 2727 444">
     <span class='ocr_line' id='line_1_2' title="bbox 1100 381 2727 444; baseline 0.001 -2"><span class='ocrx_word' id='word_1_2' title='bbox 1100 383 1200 442; x_wconf 88' lang='lat' dir='ltr'><strong>DE</strong></span> <span class='ocrx_word' id='word_1_3' title='bbox 1240 382 1531 443; x_wconf 85' lang='lat' dir='ltr'>ALEXIO</span> <span class='ocrx_word' id='word_1_4' title='bbox 1576 381 1863 444; x_wconf 77' lang='lat' dir='ltr'>ISAACII</span> <span class='ocrx_word' id='word_1_5' title='bbox 1912 384 2201 444; x_wconf 80' lang='lat' dir='ltr'>ANGELI</span> <span class='ocrx_word' id='word_1_6' title='bbox 2244 384 2368 443; x_wconf 79' lang='lat' dir='ltr'>FH.</span> <span class='ocrx_word' id='word_1_7' title='bbox 2415 384 2569 444; x_wconf 87' lang='lat' dir='ltr'>LIB.</span> <span class='ocrx_word' id='word_1_8' title='bbox 2617 384 2727 444; x_wconf 89' lang='lat' dir='ltr'>IlI.</span> 
     </span>
    </p>
   </div>
   <div class='ocr_carea' id='block_1_3' title="bbox 3549 384 3672 444">
    <p class='ocr_par' dir='ltr' id='par_1_3' title="bbox 3549 384 3672 444">
     <span class='ocr_line' id='line_1_3' title="bbox 3549 384 3672 444; baseline -0.008 0"><span class='ocrx_word' id='word_1_9' title='bbox 3549 384 3672 444; x_wconf 71' lang='lat'>894</span> 
     </span>
    </p>
   </div>
   <div class='ocr_carea' id='block_1_4' title="bbox 248 508 1941 591">
    <p class='ocr_par' dir='ltr' id='par_1_4' title="bbox 248 508 1920 591">
     <span class='ocr_line' id='line_1_4' title="bbox 248 508 1920 591; baseline 0.001 -25"><span class='ocrx_word' id='word_1_10' title='bbox 248 516 627 587; x_wconf 80' lang='grc' dir='ltr'>στρατηγικῆς</span> <span class='ocrx_word' id='word_1_11' title='bbox 696 508 982 587; x_wconf 75' lang='grc' dir='ltr'>ἐμπειρίας</span> <span class='ocrx_word' id='word_1_12' title='bbox 1039 510 1229 588; x_wconf 72' lang='grc' dir='ltr'>πλήρη</span> <span class='ocrx_word' id='word_1_13' title='bbox 1305 514 1625 591; x_wconf 87' lang='grc' dir='ltr'>μαχόμενος</span> <span class='ocrx_word' id='word_1_14' title='bbox 1717 509 1920 569; x_wconf 78' lang='grc' dir='ltr'>ἐπεδεί-</span> 
     </span>
    </p>
   </div>
   <div class='ocr_carea' id='block_1_5' title="bbox 2019 508 3666 591">
    <p class='ocr_par' dir='ltr' id='par_1_5' title="bbox 2030 514 3666 589">
     <span class='ocr_line' id='line_1_5' title="bbox 2030 514 3666 589; baseline 0.001 -18"><span class='ocrx_word' id='word_1_15' title='bbox 2030 514 2470 585; x_wconf 81' lang='lat' dir='ltr'><strong>PhilippOpolim</strong></span> <span class='ocrx_word' id='word_1_16' title='bbox 2513 523 2801 573; x_wconf 71' lang='lat' dir='ltr'>versantes</span> <span class='ocrx_word' id='word_1_17' title='bbox 2831 517 2975 572; x_wconf 83' lang='lat' dir='ltr'><strong>bene</strong></span> <span class='ocrx_word' id='word_1_18' title='bbox 3007 533 3200 572; x_wconf 63' lang='lat' dir='ltr'><strong>secum</strong></span> <span class='ocrx_word' id='word_1_19' title='bbox 3241 518 3329 585; x_wconf 74' lang='lat' dir='ltr'><strong>agi</strong></span> <span class='ocrx_word' id='word_1_20' title='bbox 3371 517 3666 589; x_wconf 73' lang='lat' dir='ltr'>putabant,</span> 
     </span>
    </p>
   </div>
   <div class='ocr_carea' id='block_1_6' title="bbox 250 595 1916 674">
    <p class='ocr_par' dir='ltr' id='par_1_6' title="bbox 250 595 1916 674">
     <span class='ocr_line' id='line_1_6' title="bbox 250 595 1916 674; baseline -0.001 -19"><span class='ocrx_word' id='word_1_21' title='bbox 250 600 406 670; x_wconf 78' lang='grc' dir='ltr'>ξατο,</span> <span class='ocrx_word' id='word_1_22' title='bbox 465 596 629 662; x_wconf 89' lang='grc' dir='ltr'>τέλος</span> <span class='ocrx_word' id='word_1_23' title='bbox 676 595 735 653; x_wconf 75' lang='grc' dir='ltr'>δὲ</span> <span class='ocrx_word' id='word_1_24' title='bbox 815 599 905 653; x_wconf 87' lang='grc' dir='ltr'>καὶ</span> <span class='ocrx_word' id='word_1_25' title='bbox 971 598 1187 656; x_wconf 84' lang='grc' dir='ltr'>τοιόνδε</span> <span class='ocrx_word' id='word_1_26' title='bbox 1243 622 1295 656; x_wconf 89' lang='grc' dir='ltr'>τι</span> <span class='ocrx_word' id='word_1_27' title='bbox 1346 598 1660 673; x_wconf 82' lang='grc' dir='ltr'>μεθόδευμα</span> <span class='ocrx_word' id='word_1_28' title='bbox 1719 602 1916 674; x_wconf 86' lang='grc' dir='ltr'>μετιὼν</span> 
     </span>
    </p>
   </div>
   <div class='ocr_carea' id='block_1_7' title="bbox 253 684 1915 764">
    <p class='ocr_par' dir='ltr' id='par_1_7' title="bbox 253 684 1915 764">
     <span class='ocr_line' id='line_1_7' title="bbox 253 684 1915 764; baseline 0 -21"><span class='ocrx_word' id='word_1_29' title='bbox 253 684 581 758; x_wconf 71' lang='grc' dir='ltr'>δεξιώτατον</span> <span class='ocrx_word' id='word_1_30' title='bbox 644 687 738 741; x_wconf 76' lang='grc' dir='ltr'>σὺν</span> <span class='ocrx_word' id='word_1_31' title='bbox 794 685 995 753; x_wconf 73' lang='grc' dir='ltr'>ἄλλοις</span> <span class='ocrx_word' id='word_1_32' title='bbox 1054 691 1141 744; x_wconf 86' lang='grc' dir='ltr'>καὶ</span> <span class='ocrx_word' id='word_1_33' title='bbox 1238 690 1401 745; x_wconf 78' lang='grc' dir='ltr'>αὐτὸν</span> <span class='ocrx_word' id='word_1_34' title='bbox 1474 693 1756 764; x_wconf 80' lang='grc' dir='ltr'>χειροῦται</span> <span class='ocrx_word' id='word_1_35' title='bbox 1824 690 1915 744; x_wconf 88' lang='grc' dir='ltr'>τὸν</span> 
     </span>
    </p>
   </div>
   <div class='ocr_carea' id='block_1_8' title="bbox 248 773 1918 854">
    <p class='ocr_par' dir='ltr' id='par_1_8' title="bbox 248 773 1918 854">
     <span class='ocr_line' id='line_1_8' title="bbox 248 773 1918 854; baseline 0.001 -24"><span class='ocrx_word' id='word_1_36' title='bbox 248 774 740 849; x_wconf 84' lang='grc' dir='ltr'>πρωτοστράτορα.</span> <span class='ocrx_word' id='word_1_37' title='bbox 801 774 1042 831; x_wconf 87' lang='grc' dir='ltr'>Πλεῖστα</span> <span class='ocrx_word' id='word_1_38' title='bbox 1115 777 1221 854; x_wconf 75' lang='grc' dir='ltr'>γὰρ</span> <span class='ocrx_word' id='word_1_39' title='bbox 1317 778 1416 832; x_wconf 76' lang='grc' dir='ltr'>’ὸσα</span> <span class='ocrx_word' id='word_1_40' title='bbox 1477 781 1586 832; x_wconf 89' lang='grc' dir='ltr'>τῶν</span> <span class='ocrx_word' id='word_1_41' title='bbox 1646 773 1918 851; x_wconf 84' lang='grc' dir='ltr'>ἀγελαίων</span> 
     </span>
    </p>
   </div>
   <div class='ocr_carea' id='block_1_9' title="bbox 252 864 1917 943">
    <p class='ocr_par' dir='ltr' id='par_1_9' title="bbox 252 864 1917 943">
     <span class='ocr_line' id='line_1_9' title="bbox 252 864 1917 943; baseline 0.001 -24"><span class='ocrx_word' id='word_1_42' title='bbox 252 867 414 935; x_wconf 82' lang='grc' dir='ltr'>ζώων</span> <span class='ocrx_word' id='word_1_43' title='bbox 457 864 517 920; x_wconf 79' lang='grc' dir='ltr'>ἐκ</span> <span class='ocrx_word' id='word_1_44' title='bbox 556 870 666 920; x_wconf 87' lang='grc' dir='ltr'>τῶν</span> <span class='ocrx_word' id='word_1_45' title='bbox 725 870 1021 940; x_wconf 85' lang='grc' dir='ltr'>περιωπῶν</span> <span class='ocrx_word' id='word_1_46' title='bbox 1054 866 1130 924; x_wconf 77' lang='grc' dir='ltr'>εἲς</span> <span class='ocrx_word' id='word_1_47' title='bbox 1186 868 1249 922; x_wconf 85' lang='grc' dir='ltr'>τὸ</span> <span class='ocrx_word' id='word_1_48' title='bbox 1316 865 1499 923; x_wconf 90' lang='grc' dir='ltr'>πεδίον</span> <span class='ocrx_word' id='word_1_49' title='bbox 1563 867 1917 943; x_wconf 85' lang='grc' dir='ltr'>μετενεγκὼν,</span> 
     </span>
    </p>
   </div>
   <div class='ocr_carea' id='block_1_10' title="bbox 248 952 1916 1033">
    <p class='ocr_par' dir='ltr' id='par_1_10' title="bbox 248 952 1916 1033">
     <span class='ocr_line' id='line_1_10' title="bbox 248 952 1916 1033; baseline 0.001 -23"><span class='ocrx_word' id='word_1_50' title='bbox 248 956 343 1011; x_wconf 82' lang='grc' dir='ltr'>καὶ</span> <span class='ocrx_word' id='word_1_51' title='bbox 396 959 565 1011; x_wconf 88' lang='grc' dir='ltr'>ταῦτα</span> <span class='ocrx_word' id='word_1_52' title='bbox 634 952 911 1030; x_wconf 84' lang='grc' dir='ltr'>παραδοὺς</span> <span class='ocrx_word' id='word_1_53' title='bbox 977 961 1096 1020; x_wconf 90' lang='grc' dir='ltr'>τοῖς</span> <span class='ocrx_word' id='word_1_54' title='bbox 1178 957 1315 1033; x_wconf 88' lang='grc' dir='ltr'>πρὸς</span> <span class='ocrx_word' id='word_1_55' title='bbox 1389 959 1567 1031; x_wconf 84' lang='grc' dir='ltr'>Αἷμον</span> <span class='ocrx_word' id='word_1_56' title='bbox 1626 957 1916 1027; x_wconf 80' lang='grc' dir='ltr'>ἀπάξουσιν</span> 
     </span>
    </p>
   </div>
   <div class='ocr_carea' id='block_1_11' title="bbox 249 1043 1914 1123">
    <p class='ocr_par' dir='ltr' id='par_1_11' title="bbox 249 1043 1914 1123">
     <span class='ocr_line' id='line_1_11' title="bbox 249 1043 1914 1123; baseline 0.001 -24"><span class='ocrx_word' id='word_1_57' title='bbox 249 1044 556 1122; x_wconf 78' lang='grc' dir='ltr'>ὁμοφύλων</span> <span class='ocrx_word' id='word_1_58' title='bbox 658 1044 794 1118; x_wconf 78' lang='grc' dir='ltr'>μετά</span> <span class='ocrx_word' id='word_1_59' title='bbox 862 1044 957 1100; x_wconf 86' lang='grc' dir='ltr'>καί</span> <span class='ocrx_word' id='word_1_60' title='bbox 1037 1045 1231 1123; x_wconf 80' lang='grc' dir='ltr'>μοίρας</span> <span class='ocrx_word' id='word_1_61' title='bbox 1324 1043 1703 1122; x_wconf 80' lang='grc' dir='ltr'>αἰχμαλωτων</span> <span class='ocrx_word' id='word_1_62' title='bbox 1776 1047 1914 1104; x_wconf 82' lang='grc' dir='ltr'>Ῥω·</span> 
     </span>
    </p>
   </div>
   <div class='ocr_carea' id='block_1_12' title="bbox 251 1130 1917 1214">
    <p class='ocr_par' dir='ltr' id='par_1_12' title="bbox 251 1130 1917 1214">
     <span class='ocr_line' id='line_1_12' title="bbox 251 1130 1917 1214; baseline 0.001 -27"><span class='ocrx_word' id='word_1_63' title='bbox 251 1133 433 1206; x_wconf 80' lang='grc' dir='ltr'>μαίων</span> <span class='ocrx_word' id='word_1_64' title='bbox 466 1130 649 1206; x_wconf 82' lang='grc' dir='ltr'>ὥσπερ</span> <span class='ocrx_word' id='word_1_65' title='bbox 707 1154 759 1188; x_wconf 89' lang='grc' dir='ltr'>τι</span> <span class='ocrx_word' id='word_1_66' title='bbox 836 1132 1052 1188; x_wconf 85' lang='grc' dir='ltr'>σκύλων</span> <span class='ocrx_word' id='word_1_67' title='bbox 1129 1135 1404 1214; x_wconf 86' lang='grc' dir='ltr'>ἀφαίρεμα</span> <span class='ocrx_word' id='word_1_68' title='bbox 1459 1135 1550 1190; x_wconf 84' lang='grc' dir='ltr'>καὶ</span> <span class='ocrx_word' id='word_1_69' title='bbox 1625 1131 1917 1208; x_wconf 83' lang='grc' dir='ltr'>ἂπόδασμα</span> 
     </span>
    </p>
   </div>
   <div class='ocr_carea' id='block_1_13' title="bbox 245 1222 1916 1299">
    <p class='ocr_par' dir='ltr' id='par_1_13' title="bbox 245 1222 1916 1299">
     <span class='ocr_line' id='line_1_13' title="bbox 245 1222 1916 1299; baseline 0.001 -21"><span class='ocrx_word' id='word_1_70' title='bbox 245 1226 330 1295; x_wconf 80' lang='grc' dir='ltr'>τῷ</span> <span class='ocrx_word' id='word_1_71' title='bbox 363 1222 591 1297; x_wconf 78' lang='grc' dir='ltr'>ἃρχοντι</span> <span class='ocrx_word' id='word_1_72' title='bbox 647 1228 748 1292; x_wconf 81' lang='grc' dir='ltr'>τῆς</span> <span class='ocrx_word' id='word_1_73' title='bbox 808 1227 1051 1299; x_wconf 83' lang='grc' dir='ltr'>Ζαγορᾶς</span> <span class='ocrx_word' id='word_1_74' title='bbox 1108 1225 1331 1299; x_wconf 76' lang='grc' dir='ltr'>Ἰωάννῃ</span> <span class='ocrx_word' id='word_1_75' title='bbox 1393 1224 1483 1279; x_wconf 82' lang='grc' dir='ltr'>καὶ</span> <span class='ocrx_word' id='word_1_76' title='bbox 1526 1225 1689 1299; x_wconf 85' lang='grc' dir='ltr'>χάριν</span> <span class='ocrx_word' id='word_1_77' title='bbox 1750 1225 1916 1298; x_wconf 80' lang='grc' dir='ltr'>ἀμοι-</span> 
     </span>
    </p>
   </div>
   <div class='ocr_carea' id='block_1_14' title="bbox 247 1306 1915 1386">
    <p class='ocr_par' dir='ltr' id='par_1_14' title="bbox 247 1306 1915 1386">
     <span class='ocr_line' id='line_1_14' title="bbox 247 1306 1915 1386; baseline 0.001 -21"><span class='ocrx_word' id='word_1_78' title='bbox 247 1306 354 1365; x_wconf 73' lang='grc' dir='ltr'>Εὸν</span> <span class='ocrx_word' id='word_1_79' title='bbox 395 1310 643 1384; x_wconf 76' lang='grc' dir='ltr'>ἐσόμενα,</span> <span class='ocrx_word' id='word_1_80' title='bbox 695 1309 813 1366; x_wconf 82' lang='grc' dir='ltr'>ἐπεὶ</span> <span class='ocrx_word' id='word_1_81' title='bbox 875 1312 970 1366; x_wconf 84' lang='grc' dir='ltr'>καὶ</span> <span class='ocrx_word' id='word_1_82' title='bbox 1036 1314 1396 1386; x_wconf 78' lang='grc' dir='ltr'>σπεισάμενος</span> <span class='ocrx_word' id='word_1_83' title='bbox 1430 1310 1658 1385; x_wconf 84' lang='grc' dir='ltr'>Ἀλεξίῳ</span> <span class='ocrx_word' id='word_1_84' title='bbox 1712 1313 1915 1373; x_wconf 66' lang='grc' dir='ltr'>ἐκεῖνος</span> 
     </span>
    </p>
   </div>
   <div class='ocr_carea' id='block_1_15' title="bbox 247 1395 1914 1477">
    <p class='ocr_par' dir='ltr' id='par_1_15' title="bbox 247 1395 1914 1477">
     <span class='ocr_line' id='line_1_15' title="bbox 247 1395 1914 1477; baseline 0 -22"><span class='ocrx_word' id='word_1_85' title='bbox 247 1400 396 1455; x_wconf 80' lang='grc' dir='ltr'>κατὰ</span> <span class='ocrx_word' id='word_1_86' title='bbox 459 1399 743 1471; x_wconf 82' lang='grc' dir='ltr'>Ῥωμαίων</span> <span class='ocrx_word' id='word_1_87' title='bbox 805 1397 1068 1471; x_wconf 79' lang='grc' dir='ltr'>διαθήκας</span> <span class='ocrx_word' id='word_1_88' title='bbox 1141 1397 1369 1469; x_wconf 86' lang='grc' dir='ltr'>διέθετο,</span> <span class='ocrx_word' id='word_1_89' title='bbox 1447 1400 1656 1477; x_wconf 85' lang='grc' dir='ltr'>λόχους</span> <span class='ocrx_word' id='word_1_90' title='bbox 1730 1395 1914 1456; x_wconf 77' lang='grc' dir='ltr'>ἔκτοτε</span> 
     </span>
    </p>
   </div>
   <div class='ocr_carea' id='block_1_16' title="bbox 251 1487 1914 1566">
    <p class='ocr_par' dir='ltr' id='par_1_16' title="bbox 251 1487 1914 1566">
     <span class='ocr_line' id='line_1_16' title="bbox 251 1487 1914 1566; baseline 0.001 -23"><span class='ocrx_word' id='word_1_91' title='bbox 251 1489 587 1553; x_wconf 81' lang='grc' dir='ltr'>ὑποκαθίσας</span> <span class='ocrx_word' id='word_1_92' title='bbox 658 1488 972 1562; x_wconf 78' lang='grc' dir='ltr'>Ῥωμαίους</span> <span class='ocrx_word' id='word_1_93' title='bbox 1044 1488 1326 1546; x_wconf 80' lang='grc' dir='ltr'>ἐπάλευεν·</span> <span class='ocrx_word' id='word_1_94' title='bbox 1430 1487 1550 1566; x_wconf 80' lang='grc' dir='ltr'>ᾔδει</span> <span class='ocrx_word' id='word_1_95' title='bbox 1651 1491 1752 1566; x_wconf 83' lang='grc' dir='ltr'>γὰρ</span> <span class='ocrx_word' id='word_1_96' title='bbox 1850 1490 1914 1545; x_wconf 84' lang='grc' dir='ltr'>τὸ</span> 
     </span>
    </p>
   </div>
   <div class='ocr_carea' id='block_1_17' title="bbox 244 1575 1910 1658">
    <p class='ocr_par' dir='ltr' id='par_1_17' title="bbox 244 1575 1910 1658">
     <span class='ocr_line' id='line_1_17' title="bbox 244 1575 1910 1658; baseline 0.001 -26"><span class='ocrx_word' id='word_1_97' title='bbox 244 1576 528 1653; x_wconf 78' lang='grc' dir='ltr'>ἁρπαλέον</span> <span class='ocrx_word' id='word_1_98' title='bbox 560 1578 649 1632; x_wconf 86' lang='grc' dir='ltr'>καί</span> <span class='ocrx_word' id='word_1_99' title='bbox 683 1579 822 1652; x_wconf 87' lang='grc' dir='ltr'>πρὸς</span> <span class='ocrx_word' id='word_1_100' title='bbox 861 1575 1058 1653; x_wconf 90' lang='grc' dir='ltr'>κέρδος</span> <span class='ocrx_word' id='word_1_101' title='bbox 1109 1580 1496 1658; x_wconf 76' lang='grc' dir='ltr'>έτοιμοτρεχὲς</span> <span class='ocrx_word' id='word_1_102' title='bbox 1544 1583 1653 1635; x_wconf 88' lang='grc' dir='ltr'>τῶν</span> <span class='ocrx_word' id='word_1_103' title='bbox 1686 1576 1910 1654; x_wconf 77' lang='grc' dir='ltr'>ἀνδρῶν,</span> 
     </span>
    </p>
   </div>
   <div class='ocr_carea' id='block_1_18' title="bbox 245 1664 1911 1747">
    <p class='ocr_par' dir='ltr' id='par_1_18' title="bbox 245 1664 1911 1747">
     <span class='ocr_line' id='line_1_18' title="bbox 245 1664 1911 1747; baseline 0 -25"><span class='ocrx_word' id='word_1_104' title='bbox 245 1664 367 1722; x_wconf 77' lang='grc' dir='ltr'>οὐδ’</span> <span class='ocrx_word' id='word_1_105' title='bbox 422 1668 490 1736; x_wconf 71' lang='grc' dir='ltr'>ἧι</span> <span class='ocrx_word' id='word_1_106' title='bbox 558 1666 770 1741; x_wconf 80' lang='grc' dir='ltr'>ἀγνοῶν</span> <span class='ocrx_word' id='word_1_107' title='bbox 840 1668 915 1730; x_wconf 86' lang='grc' dir='ltr'>ὡς</span> <span class='ocrx_word' id='word_1_108' title='bbox 984 1666 1185 1724; x_wconf 82' lang='grc' dir='ltr'>αὐτίκα</span> <span class='ocrx_word' id='word_1_109' title='bbox 1272 1668 1423 1743; x_wconf 88' lang='grc' dir='ltr'>μάλα</span> <span class='ocrx_word' id='word_1_110' title='bbox 1480 1674 1601 1730; x_wconf 79' lang='grc' dir='ltr'>τοῖς</span> <span class='ocrx_word' id='word_1_111' title='bbox 1667 1667 1911 1747; x_wconf 83' lang='grc' dir='ltr'>φιλικοῖς</span> 
     </span>
    </p>
   </div>
   <div class='ocr_carea' id='block_1_19' title="bbox 244 1754 1909 1834">
    <p class='ocr_par' dir='ltr' id='par_1_19' title="bbox 244 1754 1909 1834">
     <span class='ocr_line' id='line_1_19' title="bbox 244 1754 1909 1834; baseline 0.001 -23"><span class='ocrx_word' id='word_1_112' title='bbox 244 1754 574 1831; x_wconf 67' lang='grc' dir='ltr'>Ξντυχόντις</span> <span class='ocrx_word' id='word_1_113' title='bbox 621 1755 772 1834; x_wconf 83' lang='grc' dir='ltr'>σφίσι</span> <span class='ocrx_word' id='word_1_114' title='bbox 828 1756 1098 1830; x_wconf 79' lang='grc' dir='ltr'>Ῥωμαῖοι</span> <span class='ocrx_word' id='word_1_115' title='bbox 1154 1758 1250 1820; x_wconf 81' lang='grc' dir='ltr'>τὰς</span> <span class='ocrx_word' id='word_1_116' title='bbox 1310 1758 1494 1832; x_wconf 80' lang='grc' dir='ltr'>ψυχὰς</span> <span class='ocrx_word' id='word_1_117' title='bbox 1550 1756 1735 1820; x_wconf 76' lang='grc' dir='ltr'>αὐτοῖς</span> <span class='ocrx_word' id='word_1_118' title='bbox 1792 1757 1909 1812; x_wconf 74' lang='grc' dir='ltr'>ἐπι-</span> 
     </span>
    </p>
   </div>
   <div class='ocr_carea' id='block_1_20' title="bbox 2030 605 3670 678">
    <p class='ocr_par' dir='ltr' id='par_1_20' title="bbox 2030 605 3670 678">
     <span class='ocr_line' id='line_1_20' title="bbox 2030 605 3670 678; baseline 0.002 -19"><span class='ocrx_word' id='word_1_119' title='bbox 2030 606 2076 659; x_wconf 89' lang='lat' dir='ltr'>si</span> <span class='ocrx_word' id='word_1_120' title='bbox 2111 606 2310 660; x_wconf 81' lang='lat' dir='ltr'>urbem</span> <span class='ocrx_word' id='word_1_121' title='bbox 2330 605 2637 661; x_wconf 78' lang='lat' dir='ltr'>defendere</span> <span class='ocrx_word' id='word_1_122' title='bbox 2662 615 2911 675; x_wconf 79' lang='lat' dir='ltr'><strong>posse-nt.</strong></span> <span class='ocrx_word' id='word_1_123' title='bbox 2936 610 3149 660; x_wconf 84' lang='lat' dir='ltr'><strong>Verum</strong></span> <span class='ocrx_word' id='word_1_124' title='bbox 3173 606 3426 673; x_wconf 86' lang='lat' dir='ltr'><strong>Alexius,</strong></span> <span class='ocrx_word' id='word_1_125' title='bbox 3446 609 3670 678; x_wconf 84' lang='lat' dir='ltr'>oppidis</span> 
     </span>
    </p>
   </div>
   <div class='ocr_carea' id='block_1_21' title="bbox 2027 694 3668 765">
    <p class='ocr_par' dir='ltr' id='par_1_21' title="bbox 2027 694 3668 765">
     <span class='ocr_line' id='line_1_21' title="bbox 2027 694 3668 765; baseline 0.001 -15"><span class='ocrx_word' id='word_1_126' title='bbox 2027 702 2080 750; x_wconf 91' lang='lat' dir='ltr'>et</span> <span class='ocrx_word' id='word_1_127' title='bbox 2124 694 2391 760; x_wconf 71' lang='lat' dir='ltr'>castellis,</span> <span class='ocrx_word' id='word_1_128' title='bbox 2424 710 2546 765; x_wconf 67' lang='lat' dir='ltr'><strong>qua:</strong></span> <span class='ocrx_word' id='word_1_129' title='bbox 2578 695 2635 749; x_wconf 92' lang='lat' dir='ltr'>in</span> <span class='ocrx_word' id='word_1_130' title='bbox 2686 695 2983 750; x_wconf 86' lang='lat' dir='ltr'><strong>altissimis</strong></span> <span class='ocrx_word' id='word_1_131' title='bbox 3025 696 3314 750; x_wconf 87' lang='lat' dir='ltr'><strong>montibus</strong></span> <span class='ocrx_word' id='word_1_132' title='bbox 3361 711 3392 751; x_wconf 88' lang='lat' dir='ltr'>e</span> <span class='ocrx_word' id='word_1_133' title='bbox 3441 697 3668 765; x_wconf 77' lang='lat' dir='ltr'>regione</span> 
     </span>
    </p>
   </div>
   <div class='ocr_carea' id='block_1_22' title="bbox 2028 782 3665 853">
    <p class='ocr_par' dir='ltr' id='par_1_22' title="bbox 2028 782 3665 853">
     <span class='ocr_line' id='line_1_22' title="bbox 2028 782 3665 853; baseline 0.001 -15"><span class='ocrx_word' id='word_1_134' title='bbox 2028 782 2207 838; x_wconf 73' lang='lat' dir='ltr'><strong>Hiemi</strong></span> <span class='ocrx_word' id='word_1_135' title='bbox 2251 782 2359 838; x_wconf 86' lang='lat' dir='ltr'><strong>sita</strong></span> <span class='ocrx_word' id='word_1_136' title='bbox 2418 800 2520 838; x_wconf 88' lang='lat' dir='ltr'>nec</span> <span class='ocrx_word' id='word_1_137' title='bbox 2575 783 2769 839; x_wconf 88' lang='lat' dir='ltr'><strong>minus</strong></span> <span class='ocrx_word' id='word_1_138' title='bbox 2817 785 3102 853; x_wconf 88' lang='lat' dir='ltr'><strong>impeditis</strong></span> <span class='ocrx_word' id='word_1_139' title='bbox 3151 784 3451 840; x_wconf 86' lang='lat' dir='ltr'><strong>itineribus</strong></span> <span class='ocrx_word' id='word_1_140' title='bbox 3502 786 3665 840; x_wconf 79' lang='lat' dir='ltr'><strong>firma</strong></span> 
     </span>
    </p>
   </div>
   <div class='ocr_carea' id='block_1_23' title="bbox 2027 871 3665 945">
    <p class='ocr_par' dir='ltr' id='par_1_23' title="bbox 2027 871 3665 945">
     <span class='ocr_line' id='line_1_23' title="bbox 2027 871 3665 945; baseline 0.002 -19"><span class='ocrx_word' id='word_1_141' title='bbox 2027 878 2184 938; x_wconf 87' lang='lat' dir='ltr'><strong>sunt,</strong></span> <span class='ocrx_word' id='word_1_142' title='bbox 2223 887 2325 927; x_wconf 89' lang='lat' dir='ltr'>uo</span> <span class='ocrx_word' id='word_1_143' title='bbox 2367 871 2641 926; x_wconf 87' lang='lat' dir='ltr'><strong>arbitratu</strong></span> <span class='ocrx_word' id='word_1_144' title='bbox 2689 872 3036 937; x_wconf 79' lang='lat' dir='ltr'><strong>constitutis,</strong></span> <span class='ocrx_word' id='word_1_145' title='bbox 3071 889 3142 928; x_wconf 91' lang='lat' dir='ltr'>ne</span> <span class='ocrx_word' id='word_1_146' title='bbox 3186 879 3386 928; x_wconf 53' lang='lat' dir='ltr'><strong>cetera</strong></span> <span class='ocrx_word' id='word_1_147' title='bbox 3435 874 3665 945; x_wconf 81' lang='lat' dir='ltr'><strong>quidem</strong></span> 
     </span>
    </p>
   </div>
   <div class='ocr_carea' id='block_1_24' title="bbox 2025 960 3671 1034">
    <p class='ocr_par' dir='ltr' id='par_1_24' title="bbox 2025 960 3671 1034">
     <span class='ocr_line' id='line_1_24' title="bbox 2025 960 3671 1034; baseline 0.002 -19"><span class='ocrx_word' id='word_1_148' title='bbox 2025 960 2339 1029; x_wconf 86' lang='lat' dir='ltr'><strong>tranquilla</strong></span> <span class='ocrx_word' id='word_1_149' title='bbox 2376 976 2499 1015; x_wconf 85' lang='lat' dir='ltr'><strong>esse</strong></span> <span class='ocrx_word' id='word_1_150' title='bbox 2530 961 2852 1032; x_wconf 86' lang='lat' dir='ltr'><strong>patiebatur</strong></span> <span class='ocrx_word' id='word_1_151' title='bbox 2886 978 2899 1017; x_wconf 90' lang='lat'>:</span> <span class='ocrx_word' id='word_1_152' title='bbox 2935 963 3031 1016; x_wconf 90' lang='lat' dir='ltr'>sed</span> <span class='ocrx_word' id='word_1_153' title='bbox 3065 978 3193 1033; x_wconf 65' lang='lat' dir='ltr'><strong>quae</strong></span> <span class='ocrx_word' id='word_1_154' title='bbox 3223 963 3291 1016; x_wconf 90' lang='lat' dir='ltr'>ad</span> <span class='ocrx_word' id='word_1_155' title='bbox 3327 966 3671 1034; x_wconf 84' lang='lat' dir='ltr'><strong>Mosynopo—</strong></span> 
     </span>
    </p>
   </div>
   <div class='ocr_carea' id='block_1_25' title="bbox 2024 1047 3668 1123">
    <p class='ocr_par' dir='ltr' id='par_1_25' title="bbox 2024 1047 3668 1123">
     <span class='ocr_line' id='line_1_25' title="bbox 2024 1047 3668 1123; baseline 0.002 -21"><span class='ocrx_word' id='word_1_156' title='bbox 2024 1047 2124 1103; x_wconf 91' lang='lat' dir='ltr'>lim</span> <span class='ocrx_word' id='word_1_157' title='bbox 2153 1054 2418 1119; x_wconf 78' lang='lat' dir='ltr'><strong>vergunt,</strong></span> <span class='ocrx_word' id='word_1_158' title='bbox 2452 1050 2525 1105; x_wconf 86' lang='lat' dir='ltr'>ad</span> <span class='ocrx_word' id='word_1_159' title='bbox 2557 1050 2737 1120; x_wconf 88' lang='lat' dir='ltr'><strong>ipsam</strong></span> <span class='ocrx_word' id='word_1_160' title='bbox 2774 1066 2953 1120; x_wconf 89' lang='lat' dir='ltr'><strong>usque</strong></span> <span class='ocrx_word' id='word_1_161' title='bbox 2998 1050 3327 1118; x_wconf 74' lang='lat' dir='ltr'><strong>Xanthiam,</strong></span> <span class='ocrx_word' id='word_1_162' title='bbox 3362 1051 3668 1123; x_wconf 69' lang='lat' dir='ltr'><strong>Pangaaum</strong></span> 
     </span>
    </p>
   </div>
   <div class='ocr_carea' id='block_1_26' title="bbox 2022 1139 3665 1210">
    <p class='ocr_par' dir='ltr' id='par_1_26' title="bbox 2022 1139 3665 1210">
     <span class='ocr_line' id='line_1_26' title="bbox 2022 1139 3665 1210; baseline 0.001 -19"><span class='ocrx_word' id='word_1_163' title='bbox 2022 1144 2272 1193; x_wconf 83' lang='lat' dir='ltr'><strong>montem</strong></span> <span class='ocrx_word' id='word_1_164' title='bbox 2329 1147 2380 1193; x_wconf 79' lang='lat' dir='ltr'>et</span> <span class='ocrx_word' id='word_1_165' title='bbox 2415 1139 2658 1205; x_wconf 83' lang='lat' dir='ltr'>Abdera,</span> <span class='ocrx_word' id='word_1_166' title='bbox 2714 1142 2782 1193; x_wconf 89' lang='lat' dir='ltr'>ad</span> <span class='ocrx_word' id='word_1_167' title='bbox 2836 1139 3215 1195; x_wconf 82' lang='lat' dir='ltr'><strong>defectionem</strong></span> <span class='ocrx_word' id='word_1_168' title='bbox 3298 1140 3548 1210; x_wconf 85' lang='lat' dir='ltr'><strong>impulit,</strong></span> <span class='ocrx_word' id='word_1_169' title='bbox 3608 1142 3665 1195; x_wconf 89' lang='lat' dir='ltr'>et</span> 
     </span>
    </p>
   </div>
   <div class='ocr_carea' id='block_1_27' title="bbox 2018 1225 3662 1299">
    <p class='ocr_par' dir='ltr' id='par_1_27' title="bbox 2018 1225 3662 1299">
     <span class='ocr_line' id='line_1_27' title="bbox 2018 1225 3662 1299; baseline 0.001 -18"><span class='ocrx_word' id='word_1_170' title='bbox 2018 1225 2419 1282; x_wconf 78' lang='lat' dir='ltr'><strong>Smolenorum</strong></span> <span class='ocrx_word' id='word_1_171' title='bbox 2455 1227 2807 1296; x_wconf 84' lang='lat' dir='ltr'><strong>provinciam</strong></span> <span class='ocrx_word' id='word_1_172' title='bbox 2840 1229 3064 1299; x_wconf 77' lang='lat' dir='ltr'><strong>subegit</strong></span> <span class='ocrx_word' id='word_1_173' title='bbox 3097 1253 3110 1294; x_wconf 85' lang='lat'><strong>;</strong></span> <span class='ocrx_word' id='word_1_174' title='bbox 3144 1237 3195 1283; x_wconf 91' lang='lat' dir='ltr'>et</span> <span class='ocrx_word' id='word_1_175' title='bbox 3230 1229 3476 1284; x_wconf 81' lang='lat' dir='ltr'><strong>finitima</strong></span> <span class='ocrx_word' id='word_1_176' title='bbox 3507 1245 3662 1299; x_wconf 47' lang='lat' dir='ltr'><strong>qua»</strong></span> 
     </span>
    </p>
   </div>
   <div class='ocr_carea' id='block_1_28' title="bbox 2021 1315 3665 1387">
    <p class='ocr_par' dir='ltr' id='par_1_28' title="bbox 2021 1315 3665 1387">
     <span class='ocr_line' id='line_1_28' title="bbox 2021 1315 3665 1387; baseline 0.002 -18"><span class='ocrx_word' id='word_1_177' title='bbox 2021 1331 2135 1387; x_wconf 86' lang='lat' dir='ltr'>que</span> <span class='ocrx_word' id='word_1_178' title='bbox 2166 1315 2345 1371; x_wconf 87' lang='lat' dir='ltr'><strong>instar</strong></span> <span class='ocrx_word' id='word_1_179' title='bbox 2377 1316 2692 1387; x_wconf 81' lang='lat' dir='ltr'><strong>contagiosi</strong></span> <span class='ocrx_word' id='word_1_180' title='bbox 2739 1318 2921 1372; x_wconf 88' lang='lat' dir='ltr'><strong>morbi</strong></span> <span class='ocrx_word' id='word_1_181' title='bbox 2954 1318 3338 1387; x_wconf 80' lang='lat' dir='ltr'><strong>depascenda,</strong></span> <span class='ocrx_word' id='word_1_182' title='bbox 3379 1318 3665 1373; x_wconf 78' lang='lat' dir='ltr'><strong>Romanos</strong></span> 
     </span>
    </p>
   </div>
   <div class='ocr_carea' id='block_1_29' title="bbox 2022 1405 3662 1480">
    <p class='ocr_par' dir='ltr' id='par_1_29' title="bbox 2022 1405 3662 1480">
     <span class='ocr_line' id='line_1_29' title="bbox 2022 1405 3662 1480; baseline 0.002 -19"><span class='ocrx_word' id='word_1_183' title='bbox 2022 1405 2227 1477; x_wconf 78' lang='lat' dir='ltr'><strong>partim</strong></span> <span class='ocrx_word' id='word_1_184' title='bbox 2260 1408 2430 1476; x_wconf 86' lang='lat' dir='ltr'><strong>cepit,</strong></span> <span class='ocrx_word' id='word_1_185' title='bbox 2466 1408 2680 1478; x_wconf 80' lang='lat' dir='ltr'><strong>partim</strong></span> <span class='ocrx_word' id='word_1_186' title='bbox 2707 1407 2960 1477; x_wconf 85' lang='lat' dir='ltr'><strong>sustulit,</strong></span> <span class='ocrx_word' id='word_1_187' title='bbox 2986 1410 3184 1477; x_wconf 79' lang='lat' dir='ltr'><strong>partim</strong></span> <span class='ocrx_word' id='word_1_188' title='bbox 3209 1410 3391 1480; x_wconf 89' lang='lat' dir='ltr'><strong>pretio</strong></span> <span class='ocrx_word' id='word_1_189' title='bbox 3418 1407 3662 1478; x_wconf 86' lang='lat' dir='ltr'><strong>dimisit,</strong></span> 
     </span>
    </p>
   </div>
   <div class='ocr_carea' id='block_1_30' title="bbox 2018 1495 3666 1567">
    <p class='ocr_par' dir='ltr' id='par_1_30' title="bbox 2018 1495 3666 1567">
     <span class='ocr_line' id='line_1_30' title="bbox 2018 1495 3666 1567; baseline 0.001 -16"><span class='ocrx_word' id='word_1_190' title='bbox 2018 1495 2328 1567; x_wconf 84' lang='lat' dir='ltr'><strong>populares</strong></span> <span class='ocrx_word' id='word_1_191' title='bbox 2358 1511 2490 1551; x_wconf 87' lang='lat' dir='ltr'><strong>vero</strong></span> <span class='ocrx_word' id='word_1_192' title='bbox 2521 1512 2657 1551; x_wconf 88' lang='lat' dir='ltr'><strong>suos</strong></span> <span class='ocrx_word' id='word_1_193' title='bbox 2691 1497 2839 1551; x_wconf 84' lang='lat' dir='ltr'><strong>ultro</strong></span> <span class='ocrx_word' id='word_1_194' title='bbox 2873 1497 3227 1552; x_wconf 81' lang='lat' dir='ltr'><strong>deditionem</strong></span> <span class='ocrx_word' id='word_1_195' title='bbox 3260 1497 3407 1553; x_wconf 62' lang='lat'>681</span> <span class='ocrx_word' id='word_1_196' title='bbox 3450 1498 3666 1554; x_wconf 80' lang='lat' dir='ltr'><strong>facien-</strong></span> 
     </span>
    </p>
   </div>
   <div class='ocr_carea' id='block_1_31' title="bbox 2017 1585 3661 1657">
    <p class='ocr_par' dir='ltr' id='par_1_31' title="bbox 2017 1585 3661 1657">
     <span class='ocr_line' id='line_1_31' title="bbox 2017 1585 3661 1657; baseline 0.001 -16"><span class='ocrx_word' id='word_1_197' title='bbox 2017 1591 2105 1641; x_wconf 88' lang='lat' dir='ltr'>tes</span> <span class='ocrx_word' id='word_1_198' title='bbox 2137 1585 2416 1657; x_wconf 87' lang='lat' dir='ltr'><strong>pristinas</strong></span> <span class='ocrx_word' id='word_1_199' title='bbox 2450 1589 2645 1641; x_wconf 88' lang='lat' dir='ltr'><strong>tenere</strong></span> <span class='ocrx_word' id='word_1_200' title='bbox 2671 1587 2835 1641; x_wconf 82' lang='lat' dir='ltr'><strong>sedes</strong></span> <span class='ocrx_word' id='word_1_201' title='bbox 2881 1604 3090 1656; x_wconf 85' lang='lat' dir='ltr'><strong>passus</strong></span> <span class='ocrx_word' id='word_1_202' title='bbox 3121 1591 3229 1642; x_wconf 87' lang='lat' dir='ltr'><strong>est.</strong></span> <span class='ocrx_word' id='word_1_203' title='bbox 3261 1587 3405 1642; x_wconf 89' lang='lat' dir='ltr'><strong>Cum</strong></span> <span class='ocrx_word' id='word_1_204' title='bbox 3457 1588 3532 1642; x_wconf 88' lang='lat' dir='ltr'>ita</span> <span class='ocrx_word' id='word_1_205' title='bbox 3563 1604 3661 1643; x_wconf 91' lang='lat' dir='ltr'><strong>su-</strong></span> 
     </span>
    </p>
   </div>
   <div class='ocr_carea' id='block_1_32' title="bbox 2016 1675 3657 1747">
    <p class='ocr_par' dir='ltr' id='par_1_32' title="bbox 2016 1675 3657 1747">
     <span class='ocr_line' id='line_1_32' title="bbox 2016 1675 3657 1747; baseline -0.001 -16"><span class='ocrx_word' id='word_1_206' title='bbox 2016 1675 2191 1731; x_wconf 88' lang='lat' dir='ltr'><strong>binde</strong></span> <span class='ocrx_word' id='word_1_207' title='bbox 2234 1681 2535 1741; x_wconf 86' lang='lat' dir='ltr'><strong>cresceret,</strong></span> <span class='ocrx_word' id='word_1_208' title='bbox 2572 1676 2860 1747; x_wconf 83' lang='lat' dir='ltr'><strong>prioribus</strong></span> <span class='ocrx_word' id='word_1_209' title='bbox 2903 1676 3162 1731; x_wconf 81' lang='lat' dir='ltr'><strong>hostibus</strong></span> <span class='ocrx_word' id='word_1_210' title='bbox 3196 1675 3364 1747; x_wconf 86' lang='lat' dir='ltr'><strong>longe</strong></span> <span class='ocrx_word' id='word_1_211' title='bbox 3411 1676 3570 1746; x_wconf 71' lang='lat' dir='ltr'><strong>pejor</strong></span> <span class='ocrx_word' id='word_1_212' title='bbox 3599 1680 3657 1731; x_wconf 87' lang='lat' dir='ltr'>et</span> 
     </span>
    </p>
   </div>
   <div class='ocr_carea' id='block_1_33' title="bbox 2017 1763 3654 1836">
    <p class='ocr_par' dir='ltr' id='par_1_33' title="bbox 2017 1763 3654 1836">
     <span class='ocr_line' id='line_1_33' title="bbox 2017 1763 3654 1836; baseline -0.001 -16"><span class='ocrx_word' id='word_1_213' title='bbox 2017 1763 2306 1820; x_wconf 87' lang='lat' dir='ltr'><strong>crudelior</strong></span> <span class='ocrx_word' id='word_1_214' title='bbox 2326 1764 2655 1830; x_wconf 82' lang='lat' dir='ltr'><strong>exstitit,ad</strong></span> <span class='ocrx_word' id='word_1_215' title='bbox 2697 1781 2822 1819; x_wconf 88' lang='lat' dir='ltr'>eam</span> <span class='ocrx_word' id='word_1_216' title='bbox 2857 1771 3194 1836; x_wconf 70' lang='lat' dir='ltr'><strong>progressus</strong></span> <span class='ocrx_word' id='word_1_217' title='bbox 3226 1764 3654 1820; x_wconf 81' lang='lat' dir='ltr'><strong>immanitatem</strong></span> 
     </span>
    </p>
   </div>
   <div class='ocr_carea' id='block_1_34' title="bbox 245 1843 1941 1947">
    <p class='ocr_par' dir='ltr' id='par_1_34' title="bbox 245 1843 1941 1921">
     <span class='ocr_line' id='line_1_34' title="bbox 245 1843 1941 1921; baseline 0.002 -22"><span class='ocrx_word' id='word_1_218' title='bbox 245 1847 506 1916; x_wconf 82' lang='grc' dir='ltr'>θήσουσιν</span> <span class='ocrx_word' id='word_1_219' title='bbox 610 1844 1031 1920; x_wconf 79' lang='grc' dir='ltr'>έξερεθισθέντες</span> <span class='ocrx_word' id='word_1_220' title='bbox 1109 1845 1200 1902; x_wconf 78' lang='grc' dir='ltr'>καὶ</span> <span class='ocrx_word' id='word_1_221' title='bbox 1281 1843 1488 1921; x_wconf 78' lang='grc' dir='ltr'>μηδένα</span> <span class='ocrx_word' id='word_1_222' title='bbox 1563 1845 1730 1921; x_wconf 88' lang='grc' dir='ltr'>λόγον</span> <span class='ocrx_word' id='word_1_223' title='bbox 1806 1852 1941 1917; x_wconf 76' lang='grc' dir='ltr'>τῆς</span> 
     </span>
    </p>
   </div>
   <div class='ocr_carea' id='block_1_35' title="bbox 2019 1843 3654 1947">
    <p class='ocr_par' dir='ltr' id='par_1_35' title="bbox 2019 1852 3654 1925">
     <span class='ocr_line' id='line_1_35' title="bbox 2019 1852 3654 1925; baseline -0.001 -18"><span class='ocrx_word' id='word_1_224' title='bbox 2019 1869 2187 1925; x_wconf 87' lang='lat' dir='ltr'><strong>quam</strong></span> <span class='ocrx_word' id='word_1_225' title='bbox 2223 1853 2455 1907; x_wconf 83' lang='lat' dir='ltr'><strong>Barbari</strong></span> <span class='ocrx_word' id='word_1_226' title='bbox 2490 1852 2752 1925; x_wconf 82' lang='lat' dir='ltr'><strong>plerique</strong></span> <span class='ocrx_word' id='word_1_227' title='bbox 2786 1853 3183 1909; x_wconf 88' lang='lat' dir='ltr'><strong>fortitudinem</strong></span> <span class='ocrx_word' id='word_1_228' title='bbox 3236 1869 3361 1909; x_wconf 88' lang='lat' dir='ltr'><strong>esse</strong></span> <span class='ocrx_word' id='word_1_229' title='bbox 3393 1856 3654 1919; x_wconf 85' lang='lat' dir='ltr'><strong>censent,</strong></span> 
     </span>
    </p>
   </div>
   <div class='ocr_carea' id='block_1_36' title="bbox 246 1934 1908 2011">
    <p class='ocr_par' dir='ltr' id='par_1_36' title="bbox 246 1934 1908 2011">
     <span class='ocr_line' id='line_1_36' title="bbox 246 1934 1908 2011; baseline 0.001 -23"><span class='ocrx_word' id='word_1_230' title='bbox 246 1934 528 2011; x_wconf 76' lang='grc' dir='ltr'>σωτηρίας</span> <span class='ocrx_word' id='word_1_231' title='bbox 594 1934 797 1989; x_wconf 72' lang='grc' dir='ltr'>ἑαυτῶν</span> <span class='ocrx_word' id='word_1_232' title='bbox 856 1936 1243 2009; x_wconf 83' lang='grc' dir='ltr'>ποιησάμενοι.</span> <span class='ocrx_word' id='word_1_233' title='bbox 1322 1934 1545 2010; x_wconf 82' lang='grc' dir='ltr'>Ἀμέλει</span> <span class='ocrx_word' id='word_1_234' title='bbox 1620 1936 1707 1990; x_wconf 83' lang='grc' dir='ltr'>καὶ</span> <span class='ocrx_word' id='word_1_235' title='bbox 1786 1936 1908 2011; x_wconf 74' lang='grc' dir='ltr'>εἶχε</span> 
     </span>
    </p>
   </div>
   <div class='ocr_carea' id='block_1_37' title="bbox 243 2007 1907 2101">
    <p class='ocr_par' dir='ltr' id='par_1_37' title="bbox 243 2007 1907 2101">
     <span class='ocr_line' id='line_1_37' title="bbox 243 2007 1907 2101; baseline 0.003 -24"><span class='ocrx_word' id='word_1_236' title='bbox 243 2007 561 2096; x_wconf 75' lang='grc' dir='ltr'>Ῥωμαίους</span> <span class='ocrx_word' id='word_1_237' title='bbox 631 2027 766 2097; x_wconf 85' lang='grc' dir='ltr'>μετά</span> <span class='ocrx_word' id='word_1_238' title='bbox 819 2025 1015 2098; x_wconf 86' lang='grc' dir='ltr'>μικρὸν</span> <span class='ocrx_word' id='word_1_239' title='bbox 1071 2025 1209 2081; x_wconf 80' lang='grc' dir='ltr'>αὐτᾶ</span> <span class='ocrx_word' id='word_1_240' title='bbox 1261 2032 1431 2082; x_wconf 88' lang='grc' dir='ltr'>ταῦτα</span> <span class='ocrx_word' id='word_1_241' title='bbox 1506 2025 1907 2101; x_wconf 88' lang='grc' dir='ltr'>διαπραττομέ-</span> 
     </span>
    </p>
   </div>
   <div class='ocr_carea' id='block_1_38' title="bbox 242 2107 1907 2193">
    <p class='ocr_par' dir='ltr' id='par_1_38' title="bbox 242 2107 1907 2193">
     <span class='ocr_line' id='line_1_38' title="bbox 242 2107 1907 2193; baseline 0.004 -28"><span class='ocrx_word' id='word_1_242' title='bbox 242 2133 377 2175; x_wconf 89' lang='grc' dir='ltr'>νους</span> <span class='ocrx_word' id='word_1_243' title='bbox 410 2113 586 2168; x_wconf 83' lang='grc' dir='ltr'>ὁπόσα</span> <span class='ocrx_word' id='word_1_244' title='bbox 612 2114 751 2168; x_wconf 85' lang='grc' dir='ltr'>κατὰ</span> <span class='ocrx_word' id='word_1_245' title='bbox 808 2118 932 2168; x_wconf 87' lang='grc' dir='ltr'>νοῦν</span> <span class='ocrx_word' id='word_1_246' title='bbox 962 2107 1228 2193; x_wconf 77' lang='grc' dir='ltr'>ἔστρεφεν.</span> <span class='ocrx_word' id='word_1_247' title='bbox 1304 2116 1361 2169; x_wconf 85' lang='grc' dir='ltr'><strong>Ὀ</strong></span> <span class='ocrx_word' id='word_1_248' title='bbox 1433 2117 1532 2191; x_wconf 73' lang='grc' dir='ltr'>γὰρ</span> <span class='ocrx_word' id='word_1_249' title='bbox 1611 2114 1676 2186; x_wconf 83' lang='grc' dir='ltr'>δὴ</span> <span class='ocrx_word' id='word_1_250' title='bbox 1752 2136 1907 2191; x_wconf 87' lang='grc' dir='ltr'>πρω-</span> 
     </span>
    </p>
   </div>
   <div class='ocr_carea' id='block_1_39' title="bbox 239 2201 1908 2279">
    <p class='ocr_par' dir='ltr' id='par_1_39' title="bbox 239 2201 1908 2279">
     <span class='ocr_line' id='line_1_39' title="bbox 239 2201 1908 2279; baseline 0.002 -23"><span class='ocrx_word' id='word_1_251' title='bbox 239 2201 565 2277; x_wconf 85' lang='grc' dir='ltr'>τοστράτωρ</span> <span class='ocrx_word' id='word_1_252' title='bbox 596 2204 710 2276; x_wconf 71' lang='grc' dir='ltr'>ἅμα</span> <span class='ocrx_word' id='word_1_253' title='bbox 738 2206 808 2276; x_wconf 74' lang='grc' dir='ltr'>τῇ</span> <span class='ocrx_word' id='word_1_254' title='bbox 839 2203 980 2277; x_wconf 77' lang='grc' dir='ltr'>ἀκοῇ</span> <span class='ocrx_word' id='word_1_255' title='bbox 1020 2208 1131 2258; x_wconf 88' lang='grc' dir='ltr'>τῶν</span> <span class='ocrx_word' id='word_1_256' title='bbox 1190 2201 1484 2279; x_wconf 78' lang='grc' dir='ltr'>δρωμένων</span> <span class='ocrx_word' id='word_1_257' title='bbox 1544 2203 1606 2261; x_wconf 76' lang='grc' dir='ltr'>ἐκ</span> <span class='ocrx_word' id='word_1_258' title='bbox 1660 2209 1758 2262; x_wconf 88' lang='grc' dir='ltr'>τοῦ</span> <span class='ocrx_word' id='word_1_259' title='bbox 1798 2206 1908 2262; x_wconf 89' lang='grc' dir='ltr'>Βα-</span> 
     </span>
    </p>
   </div>
   <div class='ocr_carea' id='block_1_40' title="bbox 236 2287 1904 2367">
    <p class='ocr_par' dir='ltr' id='par_1_40' title="bbox 236 2287 1904 2367">
     <span class='ocr_line' id='line_1_40' title="bbox 236 2287 1904 2367; baseline 0.003 -25"><span class='ocrx_word' id='word_1_260' title='bbox 236 2289 667 2367; x_wconf 86' lang='grc' dir='ltr'>τραχοκάστρου</span> <span class='ocrx_word' id='word_1_261' title='bbox 751 2288 985 2364; x_wconf 81' lang='grc' dir='ltr'>ἀπάρας,</span> <span class='ocrx_word' id='word_1_262' title='bbox 1073 2287 1198 2345; x_wconf 83' lang='grc' dir='ltr'>ἔνθα</span> <span class='ocrx_word' id='word_1_263' title='bbox 1282 2292 1348 2360; x_wconf 75' lang='grc' dir='ltr'>ἦν</span> <span class='ocrx_word' id='word_1_264' title='bbox 1402 2292 1793 2367; x_wconf 85' lang='grc' dir='ltr'>σκηνούμενος,</span> <span class='ocrx_word' id='word_1_265' title='bbox 1850 2290 1904 2354; x_wconf 76' lang='grc' dir='ltr'>ἐς</span> 
     </span>
    </p>
   </div>
   <div class='ocr_carea' id='block_1_41' title="bbox 234 2376 1906 2456">
    <p class='ocr_par' dir='ltr' id='par_1_41' title="bbox 234 2376 1906 2456">
     <span class='ocr_line' id='line_1_41' title="bbox 234 2376 1906 2456; baseline 0.002 -25"><span class='ocrx_word' id='word_1_266' title='bbox 234 2376 303 2431; x_wconf 86' lang='grc' dir='ltr'>τὸ</span> <span class='ocrx_word' id='word_1_267' title='bbox 347 2376 673 2432; x_wconf 86' lang='grc' dir='ltr'>Βακτούνιον</span> <span class='ocrx_word' id='word_1_268' title='bbox 721 2378 1098 2453; x_wconf 86' lang='grc' dir='ltr'>παραγίνεται.</span> <span class='ocrx_word' id='word_1_269' title='bbox 1153 2380 1362 2451; x_wconf 86' lang='grc' dir='ltr'>Καὶτῷ</span> <span class='ocrx_word' id='word_1_270' title='bbox 1408 2380 1716 2456; x_wconf 74' lang='grc' dir='ltr'>φαινομένῳ</span> <span class='ocrx_word' id='word_1_271' title='bbox 1770 2400 1906 2456; x_wconf 89' lang='grc' dir='ltr'>προ-</span> 
     </span>
    </p>
   </div>
   <div class='ocr_carea' id='block_1_42' title="bbox 238 2463 1906 2544">
    <p class='ocr_par' dir='ltr' id='par_1_42' title="bbox 238 2463 1906 2544">
     <span class='ocr_line' id='line_1_42' title="bbox 238 2463 1906 2544; baseline 0.003 -24"><span class='ocrx_word' id='word_1_272' title='bbox 238 2465 425 2540; x_wconf 87' lang='grc' dir='ltr'>σχὼν,</span> <span class='ocrx_word' id='word_1_273' title='bbox 456 2466 519 2520; x_wconf 82' lang='grc' dir='ltr'>τὸ</span> <span class='ocrx_word' id='word_1_274' title='bbox 550 2463 608 2521; x_wconf 64' lang='grc' dir='ltr'>δὲ</span> <span class='ocrx_word' id='word_1_275' title='bbox 639 2467 881 2544; x_wconf 84' lang='grc' dir='ltr'>σόφισμα</span> <span class='ocrx_word' id='word_1_276' title='bbox 908 2471 1007 2522; x_wconf 88' lang='grc' dir='ltr'>τοῦ</span> <span class='ocrx_word' id='word_1_277' title='bbox 1065 2465 1315 2538; x_wconf 79' lang='grc' dir='ltr'>Ἀλεξίου</span> <span class='ocrx_word' id='word_1_278' title='bbox 1372 2466 1771 2544; x_wconf 87' lang='grc' dir='ltr'>παραδραμων,</span> <span class='ocrx_word' id='word_1_279' title='bbox 1839 2471 1906 2525; x_wconf 84' lang='grc' dir='ltr'>τὰ</span> 
     </span>
    </p>
   </div>
   <div class='ocr_carea' id='block_1_43' title="bbox 234 2552 1905 2633">
    <p class='ocr_par' dir='ltr' id='par_1_43' title="bbox 234 2552 1905 2633">
     <span class='ocr_line' id='line_1_43' title="bbox 234 2552 1905 2633; baseline 0.003 -24"><span class='ocrx_word' id='word_1_280' title='bbox 234 2554 293 2609; x_wconf 68' lang='grc' dir='ltr'>ἂν</span> <span class='ocrx_word' id='word_1_281' title='bbox 327 2552 643 2632; x_wconf 80' lang='grc' dir='ltr'>ὀφθαλμοῖς</span> <span class='ocrx_word' id='word_1_282' title='bbox 699 2553 980 2611; x_wconf 80' lang='grc' dir='ltr'>σκυλεύειν</span> <span class='ocrx_word' id='word_1_283' title='bbox 1030 2554 1262 2632; x_wconf 74' lang='grc' dir='ltr'>διαφῆκε</span> <span class='ocrx_word' id='word_1_284' title='bbox 1318 2557 1381 2611; x_wconf 91' lang='grc' dir='ltr'>τὸ</span> <span class='ocrx_word' id='word_1_285' title='bbox 1430 2557 1758 2633; x_wconf 86' lang='grc' dir='ltr'>στράτευμα,</span> <span class='ocrx_word' id='word_1_286' title='bbox 1815 2558 1905 2614; x_wconf 81' lang='grc' dir='ltr'>καὶ</span> 
     </span>
    </p>
   </div>
   <div class='ocr_carea' id='block_1_44' title="bbox 236 2641 1904 2722">
    <p class='ocr_par' dir='ltr' id='par_1_44' title="bbox 236 2641 1904 2722">
     <span class='ocr_line' id='line_1_44' title="bbox 236 2641 1904 2722; baseline 0.002 -23"><span class='ocrx_word' id='word_1_287' title='bbox 236 2644 410 2706; x_wconf 77' lang='grc' dir='ltr'>αὐτὸς</span> <span class='ocrx_word' id='word_1_288' title='bbox 443 2641 507 2699; x_wconf 72' lang='grc' dir='ltr'>δὲ</span> <span class='ocrx_word' id='word_1_289' title='bbox 540 2646 616 2718; x_wconf 82' lang='grc' dir='ltr'>μὴ</span> <span class='ocrx_word' id='word_1_290' title='bbox 647 2642 1072 2721; x_wconf 77' lang='grc' dir='ltr'>πολεμιστηρίῳ</span> <span class='ocrx_word' id='word_1_291' title='bbox 1125 2643 1287 2719; x_wconf 71' lang='grc' dir='ltr'>’ίππῳ</span> <span class='ocrx_word' id='word_1_292' title='bbox 1346 2644 1553 2722; x_wconf 80' lang='grc' dir='ltr'>ἔποχος</span> <span class='ocrx_word' id='word_1_293' title='bbox 1594 2645 1671 2702; x_wconf 84' lang='grc' dir='ltr'>ὢν</span> <span class='ocrx_word' id='word_1_294' title='bbox 1712 2647 1904 2703; x_wconf 76' lang='grc' dir='ltr'>ἐπιπα-</span> 
     </span>
    </p>
   </div>
   <div class='ocr_carea' id='block_1_45' title="bbox 240 2730 1902 2816">
    <p class='ocr_par' dir='ltr' id='par_1_45' title="bbox 240 2730 1902 2816">
     <span class='ocr_line' id='line_1_45' title="bbox 240 2730 1902 2816; baseline 0.002 -29"><span class='ocrx_word' id='word_1_295' title='bbox 240 2733 381 2809; x_wconf 86' lang='grc' dir='ltr'>ριὼν</span> <span class='ocrx_word' id='word_1_296' title='bbox 404 2731 591 2797; x_wconf 78' lang='grc' dir='ltr'>ἐθεᾶτο</span> <span class='ocrx_word' id='word_1_297' title='bbox 630 2734 697 2788; x_wconf 84' lang='grc' dir='ltr'>τά</span> <span class='ocrx_word' id='word_1_298' title='bbox 727 2730 1001 2809; x_wconf 85' lang='grc' dir='ltr'>δρώμενα.</span> <span class='ocrx_word' id='word_1_299' title='bbox 1036 2734 1134 2791; x_wconf 80' lang='grc' dir='ltr'>Ἐκ</span> <span class='ocrx_word' id='word_1_300' title='bbox 1163 2731 1221 2789; x_wconf 74' lang='grc' dir='ltr'>δὲ</span> <span class='ocrx_word' id='word_1_301' title='bbox 1278 2733 1476 2790; x_wconf 89' lang='grc' dir='ltr'>τούτου</span> <span class='ocrx_word' id='word_1_302' title='bbox 1541 2740 1652 2790; x_wconf 86' lang='grc' dir='ltr'>τῶν</span> <span class='ocrx_word' id='word_1_303' title='bbox 1713 2736 1902 2816; x_wconf 90' lang='grc' dir='ltr'>λόχων</span> 
     </span>
    </p>
   </div>
   <div class='ocr_carea' id='block_1_46' title="bbox 237 2820 1904 2898">
    <p class='ocr_par' dir='ltr' id='par_1_46' title="bbox 237 2820 1904 2898">
     <span class='ocr_line' id='line_1_46' title="bbox 237 2820 1904 2898; baseline 0.003 -22"><span class='ocrx_word' id='word_1_304' title='bbox 237 2821 525 2895; x_wconf 76' lang='grc' dir='ltr'>ἀνακύψας</span> <span class='ocrx_word' id='word_1_305' title='bbox 556 2821 800 2892; x_wconf 80' lang='grc' dir='ltr'>Ἀλέξιος</span> <span class='ocrx_word' id='word_1_306' title='bbox 858 2823 932 2883; x_wconf 85' lang='grc' dir='ltr'>ὡς</span> <span class='ocrx_word' id='word_1_307' title='bbox 990 2820 1046 2882; x_wconf 77' lang='grc' dir='ltr'>ἔς</span> <span class='ocrx_word' id='word_1_308' title='bbox 1094 2820 1365 2897; x_wconf 83' lang='grc' dir='ltr'>κύκλωμα</span> <span class='ocrx_word' id='word_1_309' title='bbox 1423 2824 1515 2879; x_wconf 86' lang='grc' dir='ltr'>τὸν</span> <span class='ocrx_word' id='word_1_310' title='bbox 1547 2824 1904 2898; x_wconf 86' lang='grc' dir='ltr'>πρωτοστρά-</span> 
     </span>
    </p>
   </div>
   <div class='ocr_carea' id='block_1_47' title="bbox 2019 1940 3659 2012">
    <p class='ocr_par' dir='ltr' id='par_1_47' title="bbox 2019 1940 3659 2012">
     <span class='ocr_line' id='line_1_47' title="bbox 2019 1940 3659 2012; baseline 0 -16"><span class='ocrx_word' id='word_1_311' title='bbox 2019 1949 2074 1996; x_wconf 90' lang='lat' dir='ltr'>ut</span> <span class='ocrx_word' id='word_1_312' title='bbox 2106 1942 2162 1996; x_wconf 90' lang='lat' dir='ltr'>in</span> <span class='ocrx_word' id='word_1_313' title='bbox 2196 1940 2718 2011; x_wconf 87' lang='lat' dir='ltr'><strong>compotationibus</strong></span> <span class='ocrx_word' id='word_1_314' title='bbox 2743 1941 3004 2012; x_wconf 79' lang='lat' dir='ltr'><strong>captivos</strong></span> <span class='ocrx_word' id='word_1_315' title='bbox 3038 1943 3332 1997; x_wconf 85' lang='lat' dir='ltr'><strong>Romanos</strong></span> <span class='ocrx_word' id='word_1_316' title='bbox 3362 1941 3659 1997; x_wconf 84' lang='lat' dir='ltr'><strong>membra-</strong></span> 
     </span>
    </p>
   </div>
   <div class='ocr_carea' id='block_1_48' title="bbox 2015 2030 3658 2102">
    <p class='ocr_par' dir='ltr' id='par_1_48' title="bbox 2015 2030 3658 2102">
     <span class='ocr_line' id='line_1_48' title="bbox 2015 2030 3658 2102; baseline -0.001 -17"><span class='ocrx_word' id='word_1_317' title='bbox 2015 2030 2116 2085; x_wconf 84' lang='lat' dir='ltr'>tim</span> <span class='ocrx_word' id='word_1_318' title='bbox 2151 2030 2485 2085; x_wconf 89' lang='lat' dir='ltr'><strong>dissecaret.</strong></span> <span class='ocrx_word' id='word_1_319' title='bbox 2524 2034 2835 2102; x_wconf 85' lang='lat' dir='ltr'><strong>Imperator</strong></span> <span class='ocrx_word' id='word_1_320' title='bbox 2864 2046 2997 2085; x_wconf 89' lang='lat' dir='ltr'><strong>vero</strong></span> <span class='ocrx_word' id='word_1_321' title='bbox 3023 2031 3183 2085; x_wconf 86' lang='lat' dir='ltr'><strong>factis</strong></span> <span class='ocrx_word' id='word_1_322' title='bbox 3204 2030 3325 2085; x_wconf 86' lang='lat' dir='ltr'><strong>suis</strong></span> <span class='ocrx_word' id='word_1_323' title='bbox 3357 2030 3658 2085; x_wconf 86' lang='lat' dir='ltr'><strong>declarans</strong></span> 
     </span>
    </p>
   </div>
   <div class='ocr_carea' id='block_1_49' title="bbox 2017 2117 3654 2189">
    <p class='ocr_par' dir='ltr' id='par_1_49' title="bbox 2017 2117 3654 2189">
     <span class='ocr_line' id='line_1_49' title="bbox 2017 2117 3654 2189; baseline -0.002 -14"><span class='ocrx_word' id='word_1_324' title='bbox 2017 2136 2079 2175; x_wconf 84' lang='lat' dir='ltr'>se</span> <span class='ocrx_word' id='word_1_325' title='bbox 2137 2118 2562 2189; x_wconf 81' lang='lat' dir='ltr'><strong>protostratoris</strong></span> <span class='ocrx_word' id='word_1_326' title='bbox 2627 2117 3008 2188; x_wconf 85' lang='lat' dir='ltr'><strong>captivitatem</strong></span> <span class='ocrx_word' id='word_1_327' title='bbox 3070 2117 3364 2189; x_wconf 84' lang='lat' dir='ltr'><strong>singulare</strong></span> <span class='ocrx_word' id='word_1_328' title='bbox 3415 2119 3654 2173; x_wconf 70' lang='lat' dir='ltr'><strong>fortunae</strong></span> 
     </span>
    </p>
   </div>
   <div class='ocr_carea' id='block_1_50' title="bbox 2016 2205 3659 2279">
    <p class='ocr_par' dir='ltr' id='par_1_50' title="bbox 2016 2205 3659 2279">
     <span class='ocr_line' id='line_1_50' title="bbox 2016 2205 3659 2279; baseline -0.001 -18"><span class='ocrx_word' id='word_1_329' title='bbox 2016 2206 2362 2263; x_wconf 83' lang='lat' dir='ltr'><strong>beneﬁcium</strong></span> <span class='ocrx_word' id='word_1_330' title='bbox 2385 2207 2675 2279; x_wconf 87' lang='lat' dir='ltr'><strong>judicare,</strong></span> <span class='ocrx_word' id='word_1_331' title='bbox 2710 2205 2976 2261; x_wconf 81' lang='lat' dir='ltr'><strong>maximis</strong></span> <span class='ocrx_word' id='word_1_332' title='bbox 3009 2208 3136 2277; x_wconf 86' lang='lat' dir='ltr'><strong>ejus</strong></span> <span class='ocrx_word' id='word_1_333' title='bbox 3162 2208 3371 2277; x_wconf 82' lang='lat' dir='ltr'><strong>Opibus</strong></span> <span class='ocrx_word' id='word_1_334' title='bbox 3402 2222 3467 2261; x_wconf 91' lang='lat' dir='ltr'>ac</span> <span class='ocrx_word' id='word_1_335' title='bbox 3492 2205 3659 2276; x_wconf 80' lang='lat' dir='ltr'><strong>plane</strong></span> 
     </span>
    </p>
   </div>
   <div class='ocr_carea' id='block_1_51' title="bbox 2015 2294 3654 2368">
    <p class='ocr_par' dir='ltr' id='par_1_51' title="bbox 2015 2294 3654 2368">
     <span class='ocr_line' id='line_1_51' title="bbox 2015 2294 3654 2368; baseline -0.002 -16"><span class='ocrx_word' id='word_1_336' title='bbox 2015 2297 2188 2366; x_wconf 74' lang='lat' dir='ltr'><strong>regiis</strong></span> <span class='ocrx_word' id='word_1_337' title='bbox 2226 2295 2493 2367; x_wconf 89' lang='lat' dir='ltr'><strong>direptis,</strong></span> <span class='ocrx_word' id='word_1_338' title='bbox 2526 2312 2632 2352; x_wconf 89' lang='lat' dir='ltr'>nec</span> <span class='ocrx_word' id='word_1_339' title='bbox 2674 2295 2791 2351; x_wconf 83' lang='lat' dir='ltr'><strong>ulla</strong></span> <span class='ocrx_word' id='word_1_340' title='bbox 2842 2312 2900 2351; x_wconf 90' lang='lat' dir='ltr'>re</span> <span class='ocrx_word' id='word_1_341' title='bbox 2932 2295 3399 2368; x_wconf 84' lang='lat' dir='ltr'><strong>impervestigata</strong></span> <span class='ocrx_word' id='word_1_342' title='bbox 3432 2294 3654 2361; x_wconf 86' lang='lat' dir='ltr'><strong>relicta,</strong></span> 
     </span>
    </p>
   </div>
   <div class='ocr_carea' id='block_1_52' title="bbox 2017 2382 3657 2456">
    <p class='ocr_par' dir='ltr' id='par_1_52' title="bbox 2017 2382 3657 2456">
     <span class='ocr_line' id='line_1_52' title="bbox 2017 2382 3657 2456; baseline -0.001 -16"><span class='ocrx_word' id='word_1_343' title='bbox 2017 2402 2192 2440; x_wconf 86' lang='lat' dir='ltr'><strong>uxore</strong></span> <span class='ocrx_word' id='word_1_344' title='bbox 2236 2401 2465 2456; x_wconf 77' lang='lat' dir='ltr'><strong>quoque</strong></span> <span class='ocrx_word' id='word_1_345' title='bbox 2497 2389 2554 2440; x_wconf 90' lang='lat' dir='ltr'>et</span> <span class='ocrx_word' id='word_1_346' title='bbox 2603 2383 2722 2441; x_wconf 84' lang='lat' dir='ltr'><strong>filio</strong></span> <span class='ocrx_word' id='word_1_347' title='bbox 2752 2384 2879 2456; x_wconf 85' lang='lat' dir='ltr'><strong>ejus</strong></span> <span class='ocrx_word' id='word_1_348' title='bbox 2925 2385 2983 2439; x_wconf 90' lang='lat' dir='ltr'>in</span> <span class='ocrx_word' id='word_1_349' title='bbox 3015 2384 3248 2440; x_wconf 86' lang='lat' dir='ltr'><strong>vincula</strong></span> <span class='ocrx_word' id='word_1_350' title='bbox 3300 2382 3490 2439; x_wconf 88' lang='lat' dir='ltr'><strong>nescio</strong></span> <span class='ocrx_word' id='word_1_351' title='bbox 3542 2400 3657 2454; x_wconf 90' lang='lat' dir='ltr'>quo</span> 
     </span>
    </p>
   </div>
   <div class='ocr_carea' id='block_1_53' title="bbox 2016 2472 3656 2546">
    <p class='ocr_par' dir='ltr' id='par_1_53' title="bbox 2016 2472 3656 2546">
     <span class='ocr_line' id='line_1_53' title="bbox 2016 2472 3656 2546; baseline -0.001 -17"><span class='ocrx_word' id='word_1_352' title='bbox 2016 2473 2255 2530; x_wconf 88' lang='lat' dir='ltr'><strong>consilio</strong></span> <span class='ocrx_word' id='word_1_353' title='bbox 2311 2474 2609 2543; x_wconf 81' lang='lat' dir='ltr'><strong>conjectis,</strong></span> <span class='ocrx_word' id='word_1_354' title='bbox 2669 2472 2931 2546; x_wconf 83' lang='lat' dir='ltr'><strong>Cypsella</strong></span> <span class='ocrx_word' id='word_1_355' title='bbox 2990 2472 3387 2543; x_wconf 81' lang='lat' dir='ltr'><strong>proficiscitur.</strong></span> <span class='ocrx_word' id='word_1_356' title='bbox 3441 2473 3656 2528; x_wconf 90' lang='lat' dir='ltr'><strong>Eodem</strong></span> 
     </span>
    </p>
   </div>
   <div class='ocr_carea' id='block_1_54' title="bbox 2015 2561 3659 2635">
    <p class='ocr_par' dir='ltr' id='par_1_54' title="bbox 2015 2561 3659 2635">
     <span class='ocr_line' id='line_1_54' title="bbox 2015 2561 3659 2635; baseline -0.002 -17"><span class='ocrx_word' id='word_1_357' title='bbox 2015 2568 2268 2635; x_wconf 84' lang='lat' dir='ltr'><strong>tempore</strong></span> <span class='ocrx_word' id='word_1_358' title='bbox 2290 2562 2495 2633; x_wconf 85' lang='lat' dir='ltr'><strong>dogma</strong></span> <span class='ocrx_word' id='word_1_359' title='bbox 2524 2562 2595 2617; x_wconf 91' lang='lat' dir='ltr'>de</span> <span class='ocrx_word' id='word_1_360' title='bbox 2625 2562 2835 2618; x_wconf 88' lang='lat' dir='ltr'><strong>divinis</strong></span> <span class='ocrx_word' id='word_1_361' title='bbox 2859 2563 3150 2632; x_wconf 82' lang='lat' dir='ltr'><strong>mysteriis</strong></span> <span class='ocrx_word' id='word_1_362' title='bbox 3176 2562 3474 2631; x_wconf 76' lang='lat' dir='ltr'><strong>vulgatum</strong></span> <span class='ocrx_word' id='word_1_363' title='bbox 3499 2561 3659 2617; x_wconf 88' lang='lat' dir='ltr'><strong>Chri-</strong></span> 
     </span>
    </p>
   </div>
   <div class='ocr_carea' id='block_1_55' title="bbox 2015 2650 3662 2709">
    <p class='ocr_par' dir='ltr' id='par_1_55' title="bbox 2015 2650 3662 2709">
     <span class='ocr_line' id='line_1_55' title="bbox 2015 2650 3662 2709; baseline -0.001 -2"><span class='ocrx_word' id='word_1_364' title='bbox 2015 2652 2239 2707; x_wconf 85' lang='lat' dir='ltr'><strong>stianos</strong></span> <span class='ocrx_word' id='word_1_365' title='bbox 2273 2652 2328 2706; x_wconf 92' lang='lat' dir='ltr'>in</span> <span class='ocrx_word' id='word_1_366' title='bbox 2364 2651 2640 2707; x_wconf 87' lang='lat' dir='ltr'><strong>factiones</strong></span> <span class='ocrx_word' id='word_1_367' title='bbox 2671 2650 2879 2706; x_wconf 82' lang='lat' dir='ltr'><strong>divisit.</strong></span> <span class='ocrx_word' id='word_1_368' title='bbox 2915 2651 3076 2709; x_wconf 82' lang='lat' dir='ltr'><strong>Unde</strong></span> <span class='ocrx_word' id='word_1_369' title='bbox 3106 2651 3164 2706; x_wconf 87' lang='lat' dir='ltr'>in</span> <span class='ocrx_word' id='word_1_370' title='bbox 3228 2651 3349 2706; x_wconf 78' lang='lat' dir='ltr'><strong>foro</strong></span> <span class='ocrx_word' id='word_1_371' title='bbox 3388 2656 3446 2706; x_wconf 90' lang='lat' dir='ltr'>et</span> <span class='ocrx_word' id='word_1_372' title='bbox 3476 2650 3662 2705; x_wconf 86' lang='lat' dir='ltr'><strong>triviis</strong></span> 
     </span>
    </p>
   </div>
   <div class='ocr_carea' id='block_1_56' title="bbox 2017 2740 3664 2813">
    <p class='ocr_par' dir='ltr' id='par_1_56' title="bbox 2017 2740 3664 2813">
     <span class='ocr_line' id='line_1_56' title="bbox 2017 2740 3664 2813; baseline -0.003 -15"><span class='ocrx_word' id='word_1_373' title='bbox 2017 2758 2108 2798; x_wconf 88' lang='lat' dir='ltr'>res</span> <span class='ocrx_word' id='word_1_374' title='bbox 2138 2740 2505 2798; x_wconf 85' lang='lat' dir='ltr'><strong>veneratione</strong></span> <span class='ocrx_word' id='word_1_375' title='bbox 2535 2748 2588 2796; x_wconf 92' lang='lat' dir='ltr'>et</span> <span class='ocrx_word' id='word_1_376' title='bbox 2632 2741 2862 2797; x_wconf 90' lang='lat' dir='ltr'><strong>silentio</strong></span> <span class='ocrx_word' id='word_1_377' title='bbox 2892 2741 3076 2811; x_wconf 71' lang='lat' dir='ltr'><strong>dignae</strong></span> <span class='ocrx_word' id='word_1_378' title='bbox 3109 2740 3299 2813; x_wconf 87' lang='lat' dir='ltr'><strong>palam</strong></span> <span class='ocrx_word' id='word_1_379' title='bbox 3336 2748 3664 2796; x_wconf 89' lang='lat' dir='ltr'><strong>contemne-</strong></span> 
     </span>
    </p>
   </div>
   <div class='ocr_carea' id='block_1_57' title="bbox 2017 2830 2248 2884">
    <p class='ocr_par' dir='ltr' id='par_1_57' title="bbox 2017 2830 2248 2884">
     <span class='ocr_line' id='line_1_57' title="bbox 2017 2830 2248 2884; baseline -0.004 -1"><span class='ocrx_word' id='word_1_380' title='bbox 2017 2830 2248 2884; x_wconf 87' lang='lat' dir='ltr'><strong>bantur.</strong></span> 
     </span>
    </p>
   </div>
   <div class='ocr_carea' id='block_1_58' title="bbox 240 2907 3712 2990">
    <p class='ocr_par' dir='ltr' id='par_1_58' title="bbox 240 2907 3712 2990">
     <span class='ocr_line' id='line_1_58' title="bbox 240 2907 3712 2990; baseline 0.002 -25"><span class='ocrx_word' id='word_1_381' title='bbox 240 2929 393 2985; x_wconf 84' lang='grc' dir='ltr'>τορα</span> <span class='ocrx_word' id='word_1_382' title='bbox 467 2910 724 2982; x_wconf 80' lang='grc' dir='ltr'>περίεισι,</span> <span class='ocrx_word' id='word_1_383' title='bbox 798 2909 890 2965; x_wconf 82' lang='grc' dir='ltr'>καὶ</span> <span class='ocrx_word' id='word_1_384' title='bbox 966 2910 1149 2985; x_wconf 78' lang='grc' dir='ltr'>ὥσπερ</span> <span class='ocrx_word' id='word_1_385' title='bbox 1226 2907 1648 2987; x_wconf 80' lang='grc' dir='ltr'>ἀμφίϐληστρον</span> <span class='ocrx_word' id='word_1_386' title='bbox 1722 2910 1761 2983; x_wconf 81' lang='grc' dir='ltr'>ἤ</span> <span class='ocrx_word' id='word_1_387' title='bbox 1832 2916 2080 2989; x_wconf 84' lang='grc' dir='ltr'>σαγήνην</span> <span class='ocrx_word' id='word_1_388' title='bbox 2155 2916 2219 2970; x_wconf 84' lang='grc' dir='ltr'>τὸ</span> <span class='ocrx_word' id='word_1_389' title='bbox 2294 2916 2415 2990; x_wconf 83' lang='grc' dir='ltr'>περὶ</span> <span class='ocrx_word' id='word_1_390' title='bbox 2494 2913 2654 2971; x_wconf 76' lang='grc' dir='ltr'>αὑτὸν</span> <span class='ocrx_word' id='word_1_391' title='bbox 2731 2915 2967 2977; x_wconf 82' lang='grc' dir='ltr'>ἐκτείνας</span> <span class='ocrx_word' id='word_1_392' title='bbox 3043 2915 3327 2972; x_wconf 81' lang='grc' dir='ltr'>ὁπλιτικὸν</span> <span class='ocrx_word' id='word_1_393' title='bbox 3381 2914 3540 2970; x_wconf 77' lang='grc' dir='ltr'>αὐτόν</span> <span class='ocrx_word' id='word_1_394' title='bbox 3600 2938 3712 2983; x_wconf 71' lang='grc' dir='ltr'>τε,</span> 
     </span>
    </p>
   </div>
   <div class='ocr_carea' id='block_1_59' title="bbox 240 3000 3657 3085">
    <p class='ocr_par' dir='ltr' id='par_1_59' title="bbox 240 3000 3657 3085">
     <span class='ocr_line' id='line_1_59' title="bbox 240 3000 3657 3085; baseline 0.001 -31"><span class='ocrx_word' id='word_1_395' title='bbox 240 3000 344 3054; x_wconf 87' lang='grc' dir='ltr'>τὸν</span> <span class='ocrx_word' id='word_1_396' title='bbox 374 3004 783 3076; x_wconf 75' lang='grc' dir='ltr'>στρατηγοῦντα</span> <span class='ocrx_word' id='word_1_397' title='bbox 814 3004 1030 3076; x_wconf 80' lang='grc' dir='ltr'>ζωγρεῖ,</span> <span class='ocrx_word' id='word_1_398' title='bbox 1069 3000 1158 3055; x_wconf 86' lang='grc' dir='ltr'>καὶ</span> <span class='ocrx_word' id='word_1_399' title='bbox 1194 3002 1255 3055; x_wconf 84' lang='grc' dir='ltr'>τὸ</span> <span class='ocrx_word' id='word_1_400' title='bbox 1285 3000 1509 3074; x_wconf 88' lang='grc' dir='ltr'>κλέμμα</span> <span class='ocrx_word' id='word_1_401' title='bbox 1537 3006 1700 3056; x_wconf 90' lang='grc' dir='ltr'>τοῦτο</span> <span class='ocrx_word' id='word_1_402' title='bbox 1722 3006 1819 3057; x_wconf 90' lang='grc' dir='ltr'>τοῦ</span> <span class='ocrx_word' id='word_1_403' title='bbox 1850 3003 2154 3059; x_wconf 70' lang='grc' dir='ltr'>ἀποπάτου</span> <span class='ocrx_word' id='word_1_404' title='bbox 2184 3004 2275 3058; x_wconf 85' lang='grc' dir='ltr'>καὶ</span> <span class='ocrx_word' id='word_1_405' title='bbox 2309 3001 2585 3077; x_wconf 88' lang='grc' dir='ltr'>διανόημα</span> <span class='ocrx_word' id='word_1_406' title='bbox 2614 3005 2712 3074; x_wconf 78' lang='grc' dir='ltr'>τὴν</span> <span class='ocrx_word' id='word_1_407' title='bbox 2749 3006 2843 3079; x_wconf 76' lang='grc' dir='ltr'>μὶν</span> <span class='ocrx_word' id='word_1_408' title='bbox 2873 3004 3308 3085; x_wconf 74' lang='grc' dir='ltr'>περιλειφθεῖσαν</span> <span class='ocrx_word' id='word_1_409' title='bbox 3340 3007 3657 3077; x_wconf 77' lang='grc' dir='ltr'>Ῥωμαϊκὴν</span> 
     </span>
    </p>
   </div>
   <div class='ocr_carea' id='block_1_60' title="bbox 252 3084 3662 3171">
    <p class='ocr_par' dir='ltr' id='par_1_60' title="bbox 252 3084 3662 3171">
     <span class='ocr_line' id='line_1_60' title="bbox 252 3084 3662 3171; baseline 0.001 -28"><span class='ocrx_word' id='word_1_410' title='bbox 252 3089 512 3162; x_wconf 81' lang='grc' dir='ltr'>στρατιὰν</span> <span class='ocrx_word' id='word_1_411' title='bbox 578 3084 869 3163; x_wconf 77' lang='grc' dir='ltr'>έξένεύρισε</span> <span class='ocrx_word' id='word_1_412' title='bbox 932 3086 1146 3159; x_wconf 88' lang='grc' dir='ltr'>τέλεον,</span> <span class='ocrx_word' id='word_1_413' title='bbox 1185 3092 1246 3145; x_wconf 86' lang='grc' dir='ltr'>τὸ</span> <span class='ocrx_word' id='word_1_414' title='bbox 1287 3086 1333 3143; x_wconf 88' lang='grc' dir='ltr'>δ’</span> <span class='ocrx_word' id='word_1_415' title='bbox 1373 3090 1730 3146; x_wconf 82' lang='grc' dir='ltr'>ἀποστατικὸν</span> <span class='ocrx_word' id='word_1_416' title='bbox 1770 3090 2040 3165; x_wconf 79' lang='grc' dir='ltr'>ἐπτέρωσε</span> <span class='ocrx_word' id='word_1_417' title='bbox 2077 3090 2382 3168; x_wconf 76' lang='grc' dir='ltr'>πλήρωμα.</span> <span class='ocrx_word' id='word_1_418' title='bbox 2424 3092 2617 3150; x_wconf 71' lang='grc' dir='ltr'>Οὐκέτι</span> <span class='ocrx_word' id='word_1_419' title='bbox 2658 3099 2787 3169; x_wconf 86' lang='grc' dir='ltr'>γοῦν</span> <span class='ocrx_word' id='word_1_420' title='bbox 2826 3099 2912 3165; x_wconf 93' lang='grc' dir='ltr'>[Ρ.</span> <span class='ocrx_word' id='word_1_421' title='bbox 2953 3097 3081 3168; x_wconf 83' lang='lat'>332]</span> <span class='ocrx_word' id='word_1_422' title='bbox 3108 3084 3475 3171; x_wconf 13' lang='grc' dir='ltr'>νηύχρήστουν</span> <span class='ocrx_word' id='word_1_423' title='bbox 3517 3095 3662 3150; x_wconf 81' lang='grc' dir='ltr'>Ῥω·-</span> 
     </span>
    </p>
   </div>
   <div class='ocr_carea' id='block_1_61' title="bbox 250 3177 3657 3259">
    <p class='ocr_par' dir='ltr' id='par_1_61' title="bbox 250 3177 3657 3259">
     <span class='ocr_line' id='line_1_61' title="bbox 250 3177 3657 3259; baseline 0.001 -26"><span class='ocrx_word' id='word_1_424' title='bbox 250 3184 413 3254; x_wconf 89' lang='grc' dir='ltr'>μαῖοι</span> <span class='ocrx_word' id='word_1_425' title='bbox 454 3179 489 3248; x_wconf 78' lang='grc' dir='ltr'><strong>ἢ</strong></span> <span class='ocrx_word' id='word_1_426' title='bbox 528 3182 655 3254; x_wconf 87' lang='grc' dir='ltr'>γοῦν</span> <span class='ocrx_word' id='word_1_427' title='bbox 697 3177 1036 3254; x_wconf 80' lang='grc' dir='ltr'>ἀπεθάῤῥουν</span> <span class='ocrx_word' id='word_1_428' title='bbox 1077 3177 1446 3251; x_wconf 84' lang='grc' dir='ltr'>ἀντιμέτωποι</span> <span class='ocrx_word' id='word_1_429' title='bbox 1486 3186 1679 3247; x_wconf 80' lang='grc' dir='ltr'>στῆναι</span> <span class='ocrx_word' id='word_1_430' title='bbox 1717 3185 1797 3252; x_wconf 82' lang='grc' dir='ltr'>τῷ</span> <span class='ocrx_word' id='word_1_431' title='bbox 1834 3179 2066 3254; x_wconf 80' lang='grc' dir='ltr'>Ἀλεξίῳ</span> <span class='ocrx_word' id='word_1_432' title='bbox 2096 3182 2234 3236; x_wconf 77' lang='grc' dir='ltr'>κατὰ</span> <span class='ocrx_word' id='word_1_433' title='bbox 2267 3182 2451 3257; x_wconf 86' lang='grc' dir='ltr'>μάχην</span> <span class='ocrx_word' id='word_1_434' title='bbox 2480 3182 2836 3259; x_wconf 79' lang='grc' dir='ltr'>ἀγχώμαλοι,</span> <span class='ocrx_word' id='word_1_435' title='bbox 2878 3182 3025 3239; x_wconf 87' lang='grc' dir='ltr'>ἀλλὰ</span> <span class='ocrx_word' id='word_1_436' title='bbox 3062 3185 3185 3257; x_wconf 84' lang='grc' dir='ltr'>περὶ</span> <span class='ocrx_word' id='word_1_437' title='bbox 3225 3185 3324 3254; x_wconf 80' lang='grc' dir='ltr'>τήν</span> <span class='ocrx_word' id='word_1_438' title='bbox 3367 3180 3657 3239; x_wconf 84' lang='grc' dir='ltr'>Φιλίππου</span> 
     </span>
    </p>
   </div>
   <div class='ocr_carea' id='block_1_62' title="bbox 239 3268 3660 3347">
    <p class='ocr_par' dir='ltr' id='par_1_62' title="bbox 239 3268 3660 3347">
     <span class='ocr_line' id='line_1_62' title="bbox 239 3268 3660 3347; baseline 0 -23"><span class='ocrx_word' id='word_1_439' title='bbox 239 3268 609 3343; x_wconf 83' lang='grc' dir='ltr'>στρεφόμενοι</span> <span class='ocrx_word' id='word_1_440' title='bbox 648 3268 880 3343; x_wconf 79' lang='grc' dir='ltr'>ἠγάπων</span> <span class='ocrx_word' id='word_1_441' title='bbox 923 3268 969 3323; x_wconf 81' lang='grc' dir='ltr'>εἶ</span> <span class='ocrx_word' id='word_1_442' title='bbox 995 3270 1090 3341; x_wconf 80' lang='grc' dir='ltr'>-μή</span> <span class='ocrx_word' id='word_1_443' title='bbox 1132 3269 1223 3323; x_wconf 85' lang='grc' dir='ltr'>καὶ</span> <span class='ocrx_word' id='word_1_444' title='bbox 1259 3268 1460 3338; x_wconf 88' lang='grc' dir='ltr'>ταύτην</span> <span class='ocrx_word' id='word_1_445' title='bbox 1500 3268 1746 3340; x_wconf 81' lang='grc' dir='ltr'>’Δλέξιος</span> <span class='ocrx_word' id='word_1_446' title='bbox 1785 3273 2210 3346; x_wconf 73' lang='grc' dir='ltr'>παραστήσεται.</span> <span class='ocrx_word' id='word_1_447' title='bbox 2252 3275 2313 3329; x_wconf 74' lang='grc' dir='ltr'>Ὀ</span> <span class='ocrx_word' id='word_1_448' title='bbox 2353 3268 2409 3327; x_wconf 77' lang='grc' dir='ltr'>δὲ</span> <span class='ocrx_word' id='word_1_449' title='bbox 2447 3274 2582 3347; x_wconf 85' lang='grc' dir='ltr'>πρὸς</span> <span class='ocrx_word' id='word_1_450' title='bbox 2621 3274 2684 3328; x_wconf 87' lang='grc' dir='ltr'>τὸ</span> <span class='ocrx_word' id='word_1_451' title='bbox 2724 3271 2916 3328; x_wconf 88' lang='grc' dir='ltr'>δοκοῦν</span> <span class='ocrx_word' id='word_1_452' title='bbox 2958 3274 3009 3326; x_wconf 78' lang='grc' dir='ltr'>οἱ</span> <span class='ocrx_word' id='word_1_453' title='bbox 3049 3274 3521 3347; x_wconf 82' lang='grc' dir='ltr'>καταστησάμενος</span> <span class='ocrx_word' id='word_1_454' title='bbox 3559 3270 3660 3326; x_wconf 82' lang='grc' dir='ltr'>ὅσα</span> 
     </span>
    </p>
   </div>
   <div class='ocr_carea' id='block_1_63' title="bbox 232 3352 3661 3435">
    <p class='ocr_par' dir='ltr' id='par_1_63' title="bbox 232 3352 3661 3435">
     <span class='ocr_line' id='line_1_63' title="bbox 232 3352 3661 3435; baseline 0.001 -24"><span class='ocrx_word' id='word_1_455' title='bbox 232 3355 583 3430; x_wconf 81' lang='grc' dir='ltr'>πολισμάτιά</span> <span class='ocrx_word' id='word_1_456' title='bbox 621 3378 682 3412; x_wconf 89' lang='grc' dir='ltr'>τε</span> <span class='ocrx_word' id='word_1_457' title='bbox 723 3358 813 3412; x_wconf 82' lang='grc' dir='ltr'>καὶ</span> <span class='ocrx_word' id='word_1_458' title='bbox 853 3357 1089 3434; x_wconf 81' lang='grc' dir='ltr'>φρούρια</span> <span class='ocrx_word' id='word_1_459' title='bbox 1127 3355 1204 3417; x_wconf 79' lang='grc' dir='ltr'>εἷς</span> <span class='ocrx_word' id='word_1_460' title='bbox 1245 3357 1389 3432; x_wconf 86' lang='grc' dir='ltr'>ὁρῶν</span> <span class='ocrx_word' id='word_1_461' title='bbox 1433 3352 1747 3432; x_wconf 76' lang='grc' dir='ltr'>ὑπερϐολὰς</span> <span class='ocrx_word' id='word_1_462' title='bbox 1786 3358 2142 3431; x_wconf 79' lang='grc' dir='ltr'>ἀνεστήκάσιν</span> <span class='ocrx_word' id='word_1_463' title='bbox 2183 3359 2670 3435; x_wconf 76' lang='grc' dir='ltr'>ἀντικαθιστάμενα</span> <span class='ocrx_word' id='word_1_464' title='bbox 2707 3362 2788 3434; x_wconf 78' lang='grc' dir='ltr'>τῷ</span> <span class='ocrx_word' id='word_1_465' title='bbox 2828 3360 2997 3434; x_wconf 67' lang='grc' dir='ltr'>Α’ίμῳ</span> <span class='ocrx_word' id='word_1_466' title='bbox 3052 3360 3141 3416; x_wconf 80' lang='grc' dir='ltr'>καὶ</span> <span class='ocrx_word' id='word_1_467' title='bbox 3184 3360 3531 3435; x_wconf 75' lang='grc' dir='ltr'>ἀνυψούμενα</span> <span class='ocrx_word' id='word_1_468' title='bbox 3570 3359 3661 3414; x_wconf 82' lang='grc' dir='ltr'>καὶ</span> 
     </span>
    </p>
   </div>
   <div class='ocr_carea' id='block_1_64' title="bbox 248 3443 3665 3526">
    <p class='ocr_par' dir='ltr' id='par_1_64' title="bbox 248 3443 3665 3526">
     <span class='ocr_line' id='line_1_64' title="bbox 248 3443 3665 3526; baseline 0 -25"><span class='ocrx_word' id='word_1_469' title='bbox 248 3451 376 3507; x_wconf 82' lang='grc' dir='ltr'>ταῖς</span> <span class='ocrx_word' id='word_1_470' title='bbox 418 3443 756 3521; x_wconf 85' lang='grc' dir='ltr'>δυσχωρίαις</span> <span class='ocrx_word' id='word_1_471' title='bbox 796 3445 904 3520; x_wconf 81' lang='grc' dir='ltr'>οὐχ</span> <span class='ocrx_word' id='word_1_472' title='bbox 942 3445 1106 3515; x_wconf 77' lang='grc' dir='ltr'>ἧττον</span> <span class='ocrx_word' id='word_1_473' title='bbox 1150 3444 1616 3520; x_wconf 83' lang='grc' dir='ltr'>φιλοτιμούμενα,</span> <span class='ocrx_word' id='word_1_474' title='bbox 1658 3445 1785 3503; x_wconf 77' lang='grc' dir='ltr'>οὐδὲ</span> <span class='ocrx_word' id='word_1_475' title='bbox 1822 3449 1889 3503; x_wconf 80' lang='grc' dir='ltr'>τὰ</span> <span class='ocrx_word' id='word_1_476' title='bbox 1929 3447 2097 3504; x_wconf 80' lang='grc' dir='ltr'>λοιπὰ</span> <span class='ocrx_word' id='word_1_477' title='bbox 2142 3449 2320 3521; x_wconf 90' lang='grc' dir='ltr'>μένειν</span> <span class='ocrx_word' id='word_1_478' title='bbox 2397 3449 2485 3505; x_wconf 72' lang='grc' dir='ltr'>ἐπὶ</span> <span class='ocrx_word' id='word_1_479' title='bbox 2560 3452 2751 3526; x_wconf 87' lang='grc' dir='ltr'>χώρας</span> <span class='ocrx_word' id='word_1_480' title='bbox 2823 3452 3135 3521; x_wconf 89' lang='grc' dir='ltr'>κατέλιπεν,</span> <span class='ocrx_word' id='word_1_481' title='bbox 3185 3448 3313 3506; x_wconf 85' lang='grc' dir='ltr'>ἀλλ’</span> <span class='ocrx_word' id='word_1_482' title='bbox 3351 3452 3416 3519; x_wconf 71' lang='grc' dir='ltr'>ἦν</span> <span class='ocrx_word' id='word_1_483' title='bbox 3457 3451 3665 3503; x_wconf 78' lang='grc' dir='ltr'>ὑπονο-</span> 
     </span>
    </p>
   </div>
   <div class='ocr_carea' id='block_1_65' title="bbox 252 3534 3664 3615">
    <p class='ocr_par' dir='ltr' id='par_1_65' title="bbox 252 3534 3664 3615">
     <span class='ocr_line' id='line_1_65' title="bbox 252 3534 3664 3615; baseline 0.001 -24"><span class='ocrx_word' id='word_1_484' title='bbox 252 3536 434 3591; x_wconf 81' lang='grc' dir='ltr'>θεύων</span> <span class='ocrx_word' id='word_1_485' title='bbox 472 3537 558 3589; x_wconf 76' lang='grc' dir='ltr'>καὶ</span> <span class='ocrx_word' id='word_1_486' title='bbox 601 3536 838 3614; x_wconf 78' lang='grc' dir='ltr'>ἀφιστῶν</span> <span class='ocrx_word' id='word_1_487' title='bbox 879 3535 1171 3607; x_wconf 84' lang='grc' dir='ltr'>Ῥωμαίων</span> <span class='ocrx_word' id='word_1_488' title='bbox 1215 3535 1389 3590; x_wconf 84' lang='grc' dir='ltr'>ὁπόσα</span> <span class='ocrx_word' id='word_1_489' title='bbox 1428 3534 1483 3599; x_wconf 72' lang='grc' dir='ltr'>ἐς</span> <span class='ocrx_word' id='word_1_490' title='bbox 1525 3537 1909 3593; x_wconf 81' lang='grc' dir='ltr'>Μοσυνόπολιν</span> <span class='ocrx_word' id='word_1_491' title='bbox 1950 3537 2275 3609; x_wconf 78' lang='grc' dir='ltr'>ἐπινένευκε,</span> <span class='ocrx_word' id='word_1_492' title='bbox 2319 3536 2486 3615; x_wconf 75' lang='grc' dir='ltr'>μέχρι</span> <span class='ocrx_word' id='word_1_493' title='bbox 2528 3540 2617 3596; x_wconf 82' lang='grc' dir='ltr'>καὶ</span> <span class='ocrx_word' id='word_1_494' title='bbox 2656 3541 2920 3606; x_wconf 82' lang='grc' dir='ltr'>Ξανθείας</span> <span class='ocrx_word' id='word_1_495' title='bbox 2976 3540 3166 3610; x_wconf 77' lang='grc' dir='ltr'>αὐτῆς,</span> <span class='ocrx_word' id='word_1_496' title='bbox 3215 3541 3305 3595; x_wconf 82' lang='grc' dir='ltr'>καὶ</span> <span class='ocrx_word' id='word_1_497' title='bbox 3362 3540 3497 3613; x_wconf 88' lang='grc' dir='ltr'>πρὸς</span> <span class='ocrx_word' id='word_1_498' title='bbox 3537 3540 3664 3615; x_wconf 80' lang='grc' dir='ltr'>ὅρος</span> 
     </span>
    </p>
   </div>
   <div class='ocr_carea' id='block_1_66' title="bbox 246 3618 3662 3703">
    <p class='ocr_par' dir='ltr' id='par_1_66' title="bbox 246 3618 3662 3703">
     <span class='ocr_line' id='line_1_66' title="bbox 246 3618 3662 3703; baseline -0.001 -22"><span class='ocrx_word' id='word_1_499' title='bbox 246 3625 324 3681; x_wconf 83' lang='grc' dir='ltr'>τὸ</span> <span class='ocrx_word' id='word_1_500' title='bbox 364 3622 637 3699; x_wconf 80' lang='grc' dir='ltr'>Πάγγαιον</span> <span class='ocrx_word' id='word_1_501' title='bbox 674 3626 766 3677; x_wconf 85' lang='grc' dir='ltr'>καί</span> <span class='ocrx_word' id='word_1_502' title='bbox 807 3622 889 3678; x_wconf 76' lang='grc' dir='ltr'>ἐπ’</span> <span class='ocrx_word' id='word_1_503' title='bbox 929 3618 1183 3698; x_wconf 74' lang='grc' dir='ltr'>Ἄϐδηρα</span> <span class='ocrx_word' id='word_1_504' title='bbox 1220 3623 1655 3700; x_wconf 77' lang='grc' dir='ltr'>παρατιίνουσιν.</span> <span class='ocrx_word' id='word_1_505' title='bbox 1700 3624 1924 3699; x_wconf 77' lang='grc' dir='ltr'>’Δμέλει</span> <span class='ocrx_word' id='word_1_506' title='bbox 1965 3629 2052 3682; x_wconf 84' lang='grc' dir='ltr'>καὶ</span> <span class='ocrx_word' id='word_1_507' title='bbox 2096 3628 2160 3682; x_wconf 89' lang='grc' dir='ltr'>τὸ</span> <span class='ocrx_word' id='word_1_508' title='bbox 2236 3627 2371 3700; x_wconf 87' lang='grc' dir='ltr'>θέμα</span> <span class='ocrx_word' id='word_1_509' title='bbox 2446 3634 2554 3683; x_wconf 86' lang='grc' dir='ltr'>τῶν</span> <span class='ocrx_word' id='word_1_510' title='bbox 2633 3629 2932 3703; x_wconf 84' lang='grc' dir='ltr'>Σμολένων</span> <span class='ocrx_word' id='word_1_511' title='bbox 3000 3630 3389 3699; x_wconf 75' lang='grc' dir='ltr'>ὑπεποιήσατο,</span> <span class='ocrx_word' id='word_1_512' title='bbox 3430 3626 3520 3681; x_wconf 82' lang='grc' dir='ltr'>καὶ</span> <span class='ocrx_word' id='word_1_513' title='bbox 3595 3624 3662 3679; x_wconf 80' lang='grc' dir='ltr'>τὰ</span> 
     </span>
    </p>
   </div>
   <div class='ocr_carea' id='block_1_67' title="bbox 246 3709 3656 3793">
    <p class='ocr_par' dir='ltr' id='par_1_67' title="bbox 246 3709 3656 3793">
     <span class='ocr_line' id='line_1_67' title="bbox 246 3709 3656 3793; baseline -0.001 -25"><span class='ocrx_word' id='word_1_514' title='bbox 246 3713 435 3786; x_wconf 73' lang='grc' dir='ltr'>ὅμορα</span> <span class='ocrx_word' id='word_1_515' title='bbox 473 3710 763 3785; x_wconf 80' lang='grc' dir='ltr'>ἐπενέμετο</span> <span class='ocrx_word' id='word_1_516' title='bbox 800 3712 937 3767; x_wconf 84' lang='grc' dir='ltr'>κατὰ</span> <span class='ocrx_word' id='word_1_517' title='bbox 977 3709 1306 3785; x_wconf 76' lang='grc' dir='ltr'>καχέκτημα</span> <span class='ocrx_word' id='word_1_518' title='bbox 1346 3709 1687 3786; x_wconf 88' lang='grc' dir='ltr'>διαδόσιμον,</span> <span class='ocrx_word' id='word_1_519' title='bbox 1728 3713 1956 3789; x_wconf 75' lang='grc' dir='ltr'>ἐξαιρῶν</span> <span class='ocrx_word' id='word_1_520' title='bbox 2034 3716 2126 3789; x_wconf 76' lang='grc' dir='ltr'>μὶν</span> <span class='ocrx_word' id='word_1_521' title='bbox 2199 3717 2504 3790; x_wconf 84' lang='grc' dir='ltr'>Ῥωμαίους</span> <span class='ocrx_word' id='word_1_522' title='bbox 2582 3718 2672 3772; x_wconf 85' lang='grc' dir='ltr'>καὶ</span> <span class='ocrx_word' id='word_1_523' title='bbox 2746 3718 3006 3793; x_wconf 81' lang='grc' dir='ltr'>ἀναιρῶν,</span> <span class='ocrx_word' id='word_1_524' title='bbox 3082 3719 3173 3772; x_wconf 87' lang='grc' dir='ltr'>ἀπ’</span> <span class='ocrx_word' id='word_1_525' title='bbox 3235 3716 3390 3770; x_wconf 82' lang='grc' dir='ltr'>ἐνίων</span> <span class='ocrx_word' id='word_1_526' title='bbox 3434 3712 3492 3768; x_wconf 75' lang='grc' dir='ltr'>δὲ</span> <span class='ocrx_word' id='word_1_527' title='bbox 3565 3713 3656 3766; x_wconf 83' lang='grc' dir='ltr'>καὶ</span> 
     </span>
    </p>
   </div>
   <div class='ocr_carea' id='block_1_68' title="bbox 242 3795 3653 3884">
    <p class='ocr_par' dir='ltr' id='par_1_68' title="bbox 242 3795 3653 3884">
     <span class='ocr_line' id='line_1_68' title="bbox 242 3795 3653 3884; baseline -0.004 -15"><span class='ocrx_word' id='word_1_528' title='bbox 242 3800 426 3874; x_wconf 72' lang='grc' dir='ltr'>λύτρα</span> <span class='ocrx_word' id='word_1_529' title='bbox 465 3795 875 3873; x_wconf 70' lang='grc' dir='ltr'>διαλαμϐάνων,</span> <span class='ocrx_word' id='word_1_530' title='bbox 949 3801 1079 3864; x_wconf 83' lang='grc' dir='ltr'>τοὺς</span> <span class='ocrx_word' id='word_1_531' title='bbox 1153 3797 1198 3854; x_wconf 88' lang='grc' dir='ltr'>δ’</span> <span class='ocrx_word' id='word_1_532' title='bbox 1277 3801 1557 3876; x_wconf 71' lang='grc' dir='ltr'>ὁμογενεῖς</span> <span class='ocrx_word' id='word_1_533' title='bbox 1629 3800 1817 3877; x_wconf 60' lang='grc' dir='ltr'>ἰκτίνῳ</span> <span class='ocrx_word' id='word_1_534' title='bbox 1890 3804 2347 3880; x_wconf 86' lang='grc' dir='ltr'>προστιθεμένους</span> <span class='ocrx_word' id='word_1_535' title='bbox 2423 3803 2646 3869; x_wconf 72' lang='grc' dir='ltr'>ἑκόντας</span> <span class='ocrx_word' id='word_1_536' title='bbox 2724 3806 2958 3863; x_wconf 77' lang='grc' dir='ltr'>ἐπὶτῶν</span> <span class='ocrx_word' id='word_1_537' title='bbox 3001 3805 3271 3884; x_wconf 84' lang='grc' dir='ltr'>σφετέρων</span> <span class='ocrx_word' id='word_1_538' title='bbox 3315 3805 3486 3878; x_wconf 85' lang='grc' dir='ltr'>μένειν</span> <span class='ocrx_word' id='word_1_539' title='bbox 3529 3800 3653 3856; x_wconf 88' lang='grc' dir='ltr'>έῶν.</span> 
     </span>
    </p>
   </div>
   <div class='ocr_carea' id='block_1_69' title="bbox 241 3888 3654 3971">
    <p class='ocr_par' dir='ltr' id='par_1_69' title="bbox 241 3888 3654 3971">
     <span class='ocr_line' id='line_1_69' title="bbox 241 3888 3654 3971; baseline 0 -27"><span class='ocrx_word' id='word_1_540' title='bbox 241 3891 350 3945; x_wconf 75' lang='grc' dir='ltr'>Καὶ</span> <span class='ocrx_word' id='word_1_541' title='bbox 393 3891 422 3945; x_wconf 84' lang='grc' dir='ltr'><strong>ὁ</strong></span> <span class='ocrx_word' id='word_1_542' title='bbox 466 3891 560 3963; x_wconf 75' lang='grc' dir='ltr'>μὶν</span> <span class='ocrx_word' id='word_1_543' title='bbox 634 3888 1112 3963; x_wconf 81' lang='grc' dir='ltr'>έμπλατυνόμενος</span> <span class='ocrx_word' id='word_1_544' title='bbox 1189 3892 1255 3960; x_wconf 72' lang='grc' dir='ltr'>ἧν</span> <span class='ocrx_word' id='word_1_545' title='bbox 1332 3892 1413 3946; x_wconf 84' lang='grc' dir='ltr'>ἀεὶ</span> <span class='ocrx_word' id='word_1_546' title='bbox 1489 3890 1580 3946; x_wconf 85' lang='grc' dir='ltr'>καὶ</span> <span class='ocrx_word' id='word_1_547' title='bbox 1654 3891 1707 3955; x_wconf 76' lang='grc' dir='ltr'>ές</span> <span class='ocrx_word' id='word_1_548' title='bbox 1783 3898 2041 3948; x_wconf 90' lang='grc' dir='ltr'>τοσοῦτον</span> <span class='ocrx_word' id='word_1_549' title='bbox 2084 3894 2377 3967; x_wconf 86' lang='grc' dir='ltr'>ὠμότητος</span> <span class='ocrx_word' id='word_1_550' title='bbox 2451 3894 2676 3965; x_wconf 71' lang='grc' dir='ltr'>ἤλασεν,</span> <span class='ocrx_word' id='word_1_551' title='bbox 2751 3892 2819 3965; x_wconf 74' lang='grc' dir='ltr'>ἤν</span> <span class='ocrx_word' id='word_1_552' title='bbox 2860 3894 3106 3971; x_wconf 85' lang='grc' dir='ltr'>ἀνδρείαν</span> <span class='ocrx_word' id='word_1_553' title='bbox 3165 3892 3504 3949; x_wconf 67' lang='grc' dir='ltr'>οἱπλεῖστοι</span> <span class='ocrx_word' id='word_1_554' title='bbox 3544 3895 3654 3945; x_wconf 89' lang='grc' dir='ltr'>τῶν</span> 
     </span>
    </p>
   </div>
   <div class='ocr_carea' id='block_1_70' title="bbox 242 3976 3657 4058">
    <p class='ocr_par' dir='ltr' id='par_1_70' title="bbox 242 3976 3657 4058">
     <span class='ocr_line' id='line_1_70' title="bbox 242 3976 3657 4058; baseline 0 -23"><span class='ocrx_word' id='word_1_555' title='bbox 242 3976 551 4057; x_wconf 80' lang='grc' dir='ltr'>Βαρϐάρων</span> <span class='ocrx_word' id='word_1_556' title='bbox 594 3978 824 4047; x_wconf 75' lang='grc' dir='ltr'>οἴονται,</span> <span class='ocrx_word' id='word_1_557' title='bbox 867 3979 941 4043; x_wconf 87' lang='grc' dir='ltr'>ὠς</span> <span class='ocrx_word' id='word_1_558' title='bbox 981 3979 1113 4042; x_wconf 77' lang='grc' dir='ltr'>τοὺς</span> <span class='ocrx_word' id='word_1_559' title='bbox 1152 3979 1204 4035; x_wconf 79' lang='grc' dir='ltr'>έν</span> <span class='ocrx_word' id='word_1_560' title='bbox 1245 3979 1478 4054; x_wconf 81' lang='grc' dir='ltr'>πολέμῳ</span> <span class='ocrx_word' id='word_1_561' title='bbox 1529 3982 1945 4058; x_wconf 86' lang='grc' dir='ltr'>ζωγρουμένους</span> <span class='ocrx_word' id='word_1_562' title='bbox 1998 3984 2309 4056; x_wconf 82' lang='grc' dir='ltr'>Ῥωμαίους</span> <span class='ocrx_word' id='word_1_563' title='bbox 2382 3988 2518 4040; x_wconf 81' lang='grc' dir='ltr'>κατὰ</span> <span class='ocrx_word' id='word_1_564' title='bbox 2592 3985 2761 4041; x_wconf 92' lang='grc' dir='ltr'>πότον</span> <span class='ocrx_word' id='word_1_565' title='bbox 2842 3985 3057 4058; x_wconf 87' lang='grc' dir='ltr'>μελιστὶ</span> <span class='ocrx_word' id='word_1_566' title='bbox 3135 3983 3381 4058; x_wconf 87' lang='grc' dir='ltr'>διαιρεῖν.</span> <span class='ocrx_word' id='word_1_567' title='bbox 3458 3984 3522 4040; x_wconf 77' lang='grc' dir='ltr'><strong>Ὀ</strong></span> <span class='ocrx_word' id='word_1_568' title='bbox 3599 3979 3657 4037; x_wconf 75' lang='grc' dir='ltr'>δὲ</span> 
     </span>
    </p>
   </div>
   <div class='ocr_carea' id='block_1_71' title="bbox 250 4066 3654 4151">
    <p class='ocr_par' dir='ltr' id='par_1_71' title="bbox 250 4066 3654 4151">
     <span class='ocr_line' id='line_1_71' title="bbox 250 4066 3654 4151; baseline 0 -26"><span class='ocrx_word' id='word_1_569' title='bbox 250 4069 517 4147; x_wconf 82' lang='grc' dir='ltr'>βασιλεὺς</span> <span class='ocrx_word' id='word_1_570' title='bbox 558 4068 633 4131; x_wconf 80' lang='grc' dir='ltr'>ὠς</span> <span class='ocrx_word' id='word_1_571' title='bbox 767 4070 841 4124; x_wconf 84' lang='grc' dir='ltr'>ὧν</span> <span class='ocrx_word' id='word_1_572' title='bbox 881 4067 1071 4146; x_wconf 72' lang='grc' dir='ltr'>ἔδρασε</span> <span class='ocrx_word' id='word_1_573' title='bbox 1108 4068 1501 4142; x_wconf 80' lang='grc' dir='ltr'>καθυπέδειξεν,</span> <span class='ocrx_word' id='word_1_574' title='bbox 1538 4066 1765 4146; x_wconf 71' lang='grc' dir='ltr'>ἕρμαιόν</span> <span class='ocrx_word' id='word_1_575' title='bbox 1806 4093 1866 4128; x_wconf 80' lang='grc' dir='ltr'>τι</span> <span class='ocrx_word' id='word_1_576' title='bbox 1901 4072 1992 4127; x_wconf 77' lang='grc' dir='ltr'>καὶ</span> <span class='ocrx_word' id='word_1_577' title='bbox 2070 4074 2260 4147; x_wconf 77' lang='grc' dir='ltr'>χάριεν</span> <span class='ocrx_word' id='word_1_578' title='bbox 2340 4075 2428 4129; x_wconf 78' lang='grc' dir='ltr'>καὶ</span> <span class='ocrx_word' id='word_1_579' title='bbox 2504 4074 2797 4131; x_wconf 87' lang='grc' dir='ltr'>κάλλιστον</span> <span class='ocrx_word' id='word_1_580' title='bbox 2837 4073 3014 4151; x_wconf 82' lang='grc' dir='ltr'>τύχης</span> <span class='ocrx_word' id='word_1_581' title='bbox 3057 4069 3341 4150; x_wconf 75' lang='grc' dir='ltr'>βράϐευμα</span> <span class='ocrx_word' id='word_1_582' title='bbox 3380 4073 3481 4140; x_wconf 78' lang='grc' dir='ltr'>τὴν</span> <span class='ocrx_word' id='word_1_583' title='bbox 3556 4075 3654 4126; x_wconf 92' lang='grc' dir='ltr'>τοῦ</span> 
     </span>
    </p>
   </div>
   <div class='ocr_carea' id='block_1_72' title="bbox 244 4157 3653 4240">
    <p class='ocr_par' dir='ltr' id='par_1_72' title="bbox 244 4157 3653 4240">
     <span class='ocr_line' id='line_1_72' title="bbox 244 4157 3653 4240; baseline -0 -24"><span class='ocrx_word' id='word_1_584' title='bbox 244 4159 746 4236; x_wconf 83' lang='grc' dir='ltr'>πρωτοστράτορος</span> <span class='ocrx_word' id='word_1_585' title='bbox 783 4158 943 4232; x_wconf 83' lang='grc' dir='ltr'>ᾠήθη</span> <span class='ocrx_word' id='word_1_586' title='bbox 982 4160 1335 4233; x_wconf 87' lang='grc' dir='ltr'>κατάσχεσιν,</span> <span class='ocrx_word' id='word_1_587' title='bbox 1377 4158 1496 4224; x_wconf 77' lang='grc' dir='ltr'>ὅθεν</span> <span class='ocrx_word' id='word_1_588' title='bbox 1534 4163 1603 4232; x_wconf 78' lang='grc' dir='ltr'>τῇ</span> <span class='ocrx_word' id='word_1_589' title='bbox 1633 4164 1730 4214; x_wconf 93' lang='grc' dir='ltr'>τοῦ</span> <span class='ocrx_word' id='word_1_590' title='bbox 1768 4157 1963 4235; x_wconf 75' lang='grc' dir='ltr'>ἀνδρὸς</span> <span class='ocrx_word' id='word_1_591' title='bbox 2000 4159 2317 4234; x_wconf 74' lang='grc' dir='ltr'>ἐπιθέμενος</span> <span class='ocrx_word' id='word_1_592' title='bbox 2356 4162 2513 4234; x_wconf 76' lang='grc' dir='ltr'>οὐσίᾳ</span> <span class='ocrx_word' id='word_1_593' title='bbox 2577 4162 2836 4240; x_wconf 80' lang='grc' dir='ltr'>ρυηφενεῖ</span> <span class='ocrx_word' id='word_1_594' title='bbox 2908 4164 2997 4219; x_wconf 83' lang='grc' dir='ltr'>καὶ</span> <span class='ocrx_word' id='word_1_595' title='bbox 3073 4165 3361 4238; x_wconf 80' lang='grc' dir='ltr'>τυραννικῇ</span> <span class='ocrx_word' id='word_1_596' title='bbox 3403 4160 3653 4234; x_wconf 77' lang='grc' dir='ltr'>ἄντικρυς</span> 
     </span>
    </p>
   </div>
   <div class='ocr_carea' id='block_1_73' title="bbox 238 4245 3648 4329">
    <p class='ocr_par' dir='ltr' id='par_1_73' title="bbox 238 4245 3648 4329">
     <span class='ocr_line' id='line_1_73' title="bbox 238 4245 3648 4329; baseline -0 -26"><span class='ocrx_word' id='word_1_597' title='bbox 238 4247 412 4319; x_wconf 77' lang='grc' dir='ltr'>οὔσῃ,</span> <span class='ocrx_word' id='word_1_598' title='bbox 451 4246 544 4302; x_wconf 79' lang='grc' dir='ltr'>καί</span> <span class='ocrx_word' id='word_1_599' title='bbox 586 4246 758 4320; x_wconf 67' lang='grc' dir='ltr'>μηδὲν</span> <span class='ocrx_word' id='word_1_600' title='bbox 800 4248 972 4316; x_wconf 80' lang='grc' dir='ltr'>αὐτῆς</span> <span class='ocrx_word' id='word_1_601' title='bbox 1047 4245 1478 4326; x_wconf 83' lang='grc' dir='ltr'>ἀναψηλάφητον</span> <span class='ocrx_word' id='word_1_602' title='bbox 1554 4245 1591 4316; x_wconf 79' lang='grc' dir='ltr'>ἤ</span> <span class='ocrx_word' id='word_1_603' title='bbox 1666 4247 2075 4324; x_wconf 79' lang='grc' dir='ltr'>ἀνεξερεύνητον</span> <span class='ocrx_word' id='word_1_604' title='bbox 2114 4249 2372 4326; x_wconf 85' lang='grc' dir='ltr'>ἀφεικὼς,</span> <span class='ocrx_word' id='word_1_605' title='bbox 2448 4249 2595 4307; x_wconf 76' lang='grc' dir='ltr'>ἀλλὰ</span> <span class='ocrx_word' id='word_1_606' title='bbox 2668 4252 2758 4306; x_wconf 84' lang='grc' dir='ltr'>καὶ</span> <span class='ocrx_word' id='word_1_607' title='bbox 2835 4254 2934 4322; x_wconf 79' lang='grc' dir='ltr'>τήν</span> <span class='ocrx_word' id='word_1_608' title='bbox 3009 4257 3234 4329; x_wconf 87' lang='grc' dir='ltr'>γυναῖκα</span> <span class='ocrx_word' id='word_1_609' title='bbox 3272 4252 3361 4306; x_wconf 83' lang='grc' dir='ltr'>καὶ</span> <span class='ocrx_word' id='word_1_610' title='bbox 3401 4250 3491 4304; x_wconf 85' lang='grc' dir='ltr'>τὸν</span> <span class='ocrx_word' id='word_1_611' title='bbox 3534 4250 3648 4303; x_wconf 72' lang='grc' dir='ltr'>υἱὸν</span> 
     </span>
    </p>
   </div>
   <div class='ocr_carea' id='block_1_74' title="bbox 236 4331 3651 4415">
    <p class='ocr_par' dir='ltr' id='par_1_74' title="bbox 236 4331 3651 4415">
     <span class='ocr_line' id='line_1_74' title="bbox 236 4331 3651 4415; baseline 0 -23"><span class='ocrx_word' id='word_1_612' title='bbox 236 4335 581 4399; x_wconf 83' lang='grc' dir='ltr'>ὑποδικάσας</span> <span class='ocrx_word' id='word_1_613' title='bbox 622 4341 854 4415; x_wconf 85' lang='grc' dir='ltr'>φρουρᾷ,</span> <span class='ocrx_word' id='word_1_614' title='bbox 896 4337 998 4392; x_wconf 82' lang='grc' dir='ltr'>οὐκ</span> <span class='ocrx_word' id='word_1_615' title='bbox 1036 4333 1142 4392; x_wconf 83' lang='grc' dir='ltr'>οἶδ’</span> <span class='ocrx_word' id='word_1_616' title='bbox 1181 4336 1211 4391; x_wconf 77' lang='grc' dir='ltr'>ὅ</span> <span class='ocrx_word' id='word_1_617' title='bbox 1248 4358 1301 4391; x_wconf 90' lang='grc' dir='ltr'>τι</span> <span class='ocrx_word' id='word_1_618' title='bbox 1341 4332 1553 4404; x_wconf 87' lang='grc' dir='ltr'>δοκοῦν,</span> <span class='ocrx_word' id='word_1_619' title='bbox 1596 4331 1754 4410; x_wconf 85' lang='grc' dir='ltr'>ἔαρος</span> <span class='ocrx_word' id='word_1_620' title='bbox 1792 4336 2179 4413; x_wconf 73' lang='grc' dir='ltr'>ὕπολήγοντος</span> <span class='ocrx_word' id='word_1_621' title='bbox 2221 4338 2382 4410; x_wconf 79' lang='grc' dir='ltr'>ἔξεισι</span> <span class='ocrx_word' id='word_1_622' title='bbox 2419 4341 2508 4396; x_wconf 78' lang='grc' dir='ltr'>καὶ</span> <span class='ocrx_word' id='word_1_623' title='bbox 2550 4339 2759 4397; x_wconf 80' lang='grc' dir='ltr'>ἄπεισιν</span> <span class='ocrx_word' id='word_1_624' title='bbox 2804 4342 2879 4405; x_wconf 81' lang='grc' dir='ltr'>εἷς</span> <span class='ocrx_word' id='word_1_625' title='bbox 2926 4342 2992 4396; x_wconf 74' lang='grc' dir='ltr'>τὰ</span> <span class='ocrx_word' id='word_1_626' title='bbox 3031 4338 3316 4414; x_wconf 83' lang='grc' dir='ltr'>Κύψελλα,</span> <span class='ocrx_word' id='word_1_627' title='bbox 3393 4341 3484 4394; x_wconf 83' lang='grc' dir='ltr'>’ὀτε</span> <span class='ocrx_word' id='word_1_628' title='bbox 3560 4337 3651 4393; x_wconf 84' lang='grc' dir='ltr'>καὶ</span> 
     </span>
    </p>
   </div>
   <div class='ocr_carea' id='block_1_75' title="bbox 229 4424 3648 4506">
    <p class='ocr_par' dir='ltr' id='par_1_75' title="bbox 229 4424 3648 4506">
     <span class='ocr_line' id='line_1_75' title="bbox 229 4424 3648 4506; baseline -0 -23"><span class='ocrx_word' id='word_1_629' title='bbox 229 4429 303 4483; x_wconf 84' lang='grc' dir='ltr'>τὸ</span> <span class='ocrx_word' id='word_1_630' title='bbox 381 4428 506 4501; x_wconf 81' lang='grc' dir='ltr'>περὶ</span> <span class='ocrx_word' id='word_1_631' title='bbox 580 4433 689 4484; x_wconf 85' lang='grc' dir='ltr'>τῶν</span> <span class='ocrx_word' id='word_1_632' title='bbox 764 4427 919 4483; x_wconf 87' lang='grc' dir='ltr'>θείων</span> <span class='ocrx_word' id='word_1_633' title='bbox 1003 4428 1318 4501; x_wconf 88' lang='grc' dir='ltr'>μυστηρίων</span> <span class='ocrx_word' id='word_1_634' title='bbox 1398 4424 1770 4504; x_wconf 77' lang='grc' dir='ltr'>ἀνακαλυφθὶν</span> <span class='ocrx_word' id='word_1_635' title='bbox 1848 4426 2031 4503; x_wconf 86' lang='grc' dir='ltr'>δόγμα</span> <span class='ocrx_word' id='word_1_636' title='bbox 2104 4430 2242 4506; x_wconf 85' lang='grc' dir='ltr'>πρὸς</span> <span class='ocrx_word' id='word_1_637' title='bbox 2320 4431 2513 4505; x_wconf 83' lang='grc' dir='ltr'>μοίρας</span> <span class='ocrx_word' id='word_1_638' title='bbox 2551 4430 2788 4493; x_wconf 81' lang='grc' dir='ltr'>ἐναντίας</span> <span class='ocrx_word' id='word_1_639' title='bbox 2828 4429 3075 4503; x_wconf 89' lang='grc' dir='ltr'>διέστησε</span> <span class='ocrx_word' id='word_1_640' title='bbox 3121 4433 3184 4486; x_wconf 84' lang='grc' dir='ltr'>τὸ</span> <span class='ocrx_word' id='word_1_641' title='bbox 3242 4431 3648 4505; x_wconf 85' lang='grc' dir='ltr'>Χριστώνυμον,</span> 
     </span>
    </p>
   </div>
   <div class='ocr_carea' id='block_1_76' title="bbox 233 4512 3648 4598">
    <p class='ocr_par' dir='ltr' id='par_1_76' title="bbox 233 4512 3648 4598">
     <span class='ocr_line' id='line_1_76' title="bbox 233 4512 3648 4598; baseline 0 -25"><span class='ocrx_word' id='word_1_642' title='bbox 233 4518 335 4573; x_wconf 80' lang='grc' dir='ltr'>καὶ</span> <span class='ocrx_word' id='word_1_643' title='bbox 379 4515 652 4593; x_wconf 85' lang='grc' dir='ltr'>λαμπρῶς</span> <span class='ocrx_word' id='word_1_644' title='bbox 690 4517 774 4572; x_wconf 70' lang='grc' dir='ltr'>ἐπ’</span> <span class='ocrx_word' id='word_1_645' title='bbox 813 4514 1014 4593; x_wconf 80' lang='grc' dir='ltr'>ἀγορᾶς</span> <span class='ocrx_word' id='word_1_646' title='bbox 1052 4515 1144 4571; x_wconf 87' lang='grc' dir='ltr'>καὶ</span> <span class='ocrx_word' id='word_1_647' title='bbox 1184 4512 1420 4590; x_wconf 87' lang='grc' dir='ltr'>τριόδων</span> <span class='ocrx_word' id='word_1_648' title='bbox 1459 4516 1606 4591; x_wconf 86' lang='grc' dir='ltr'>παρά</span> <span class='ocrx_word' id='word_1_649' title='bbox 1640 4520 1739 4571; x_wconf 88' lang='grc' dir='ltr'>τοῦ</span> <span class='ocrx_word' id='word_1_650' title='bbox 1782 4517 2127 4592; x_wconf 74' lang='grc' dir='ltr'>βουλομένου</span> <span class='ocrx_word' id='word_1_651' title='bbox 2167 4521 2367 4582; x_wconf 86' lang='grc' dir='ltr'>παντὸς</span> <span class='ocrx_word' id='word_1_652' title='bbox 2403 4520 2471 4576; x_wconf 74' lang='grc' dir='ltr'>τὰ</span> <span class='ocrx_word' id='word_1_653' title='bbox 2508 4527 2678 4595; x_wconf 82' lang='grc' dir='ltr'>τιμῆς</span> <span class='ocrx_word' id='word_1_654' title='bbox 2720 4522 2860 4595; x_wconf 85' lang='grc' dir='ltr'>ὁμοῦ</span> <span class='ocrx_word' id='word_1_655' title='bbox 2897 4522 2984 4577; x_wconf 78' lang='grc' dir='ltr'>καὶ</span> <span class='ocrx_word' id='word_1_656' title='bbox 3043 4528 3198 4596; x_wconf 84' lang='grc' dir='ltr'>σιγῆς</span> <span class='ocrx_word' id='word_1_657' title='bbox 3273 4518 3648 4598; x_wconf 83' lang='grc' dir='ltr'>ἐξεφαυλίζετο</span> 
     </span>
    </p>
   </div>
   <div class='ocr_carea' id='block_1_77' title="bbox 233 4606 387 4679">
    <p class='ocr_par' dir='ltr' id='par_1_77' title="bbox 233 4606 387 4679">
     <span class='ocr_line' id='line_1_77' title="bbox 233 4606 387 4679; baseline 0.013 -17"><span class='ocrx_word' id='word_1_658' title='bbox 233 4606 387 4679; x_wconf 78' lang='grc' dir='ltr'>ἄξια.</span> 
     </span>
    </p>
   </div>
   <div class='ocr_carea' id='block_1_78' title="bbox 312 4719 1941 4801">
    <p class='ocr_par' dir='ltr' id='par_1_78' title="bbox 312 4719 1941 4801">
     <span class='ocr_line' id='line_1_78' title="bbox 312 4719 1941 4801; baseline -0.002 -21"><span class='ocrx_word' id='word_1_659' title='bbox 312 4731 380 4798; x_wconf 89' lang='grc' dir='ltr'>γ’.</span> <span class='ocrx_word' id='word_1_660' title='bbox 414 4722 565 4780; x_wconf 80' lang='grc' dir='ltr'>Μετᾶ</span> <span class='ocrx_word' id='word_1_661' title='bbox 591 4722 697 4798; x_wconf 82' lang='grc' dir='ltr'>γὰρ</span> <span class='ocrx_word' id='word_1_662' title='bbox 770 4722 861 4777; x_wconf 80' lang='grc' dir='ltr'>τὸν</span> <span class='ocrx_word' id='word_1_663' title='bbox 890 4719 1179 4801; x_wconf 84' lang='grc' dir='ltr'>Ξιφιλῖνον</span> <span class='ocrx_word' id='word_1_664' title='bbox 1212 4721 1507 4796; x_wconf 85' lang='grc' dir='ltr'>Γεώργιον,</span> <span class='ocrx_word' id='word_1_665' title='bbox 1584 4721 1643 4782; x_wconf 76' lang='grc' dir='ltr'>ὅς</span> <span class='ocrx_word' id='word_1_666' title='bbox 1719 4719 1888 4776; x_wconf 76' lang='grc' dir='ltr'>ἔτεσιν</span> <span class='ocrx_word' id='word_1_667' title='bbox 1922 4729 1941 4795; x_wconf 85' lang='grc'><strong>(</strong></span> 
     </span>
    </p>
   </div>
   <div class='ocr_carea' id='block_1_79' title="bbox 2019 4719 3636 4801">
    <p class='ocr_par' dir='ltr' id='par_1_79' title="bbox 2065 4724 3636 4799">
     <span class='ocr_line' id='line_1_79' title="bbox 2065 4724 3636 4799; baseline 0.003 -20"><span class='ocrx_word' id='word_1_668' title='bbox 2065 4724 2124 4782; x_wconf 92' lang='lat'>3.</span> <span class='ocrx_word' id='word_1_669' title='bbox 2157 4728 2300 4782; x_wconf 88' lang='lat' dir='ltr'><strong>Nam</strong></span> <span class='ocrx_word' id='word_1_670' title='bbox 2328 4726 2565 4797; x_wconf 83' lang='lat' dir='ltr'><strong>Georgio</strong></span> <span class='ocrx_word' id='word_1_671' title='bbox 2606 4727 2903 4799; x_wconf 86' lang='lat' dir='ltr'><strong>Xipbilino</strong></span> <span class='ocrx_word' id='word_1_672' title='bbox 2935 4737 3152 4799; x_wconf 88' lang='lat' dir='ltr'><strong>septem</strong></span> <span class='ocrx_word' id='word_1_673' title='bbox 3184 4728 3356 4783; x_wconf 88' lang='lat' dir='ltr'><strong>annis</strong></span> <span class='ocrx_word' id='word_1_674' title='bbox 3389 4728 3636 4797; x_wconf 84' lang='lat' dir='ltr'><strong>patriar-</strong></span> 
     </span>
    </p>
   </div>
   <div class='ocr_carea' id='block_1_80' title="bbox 228 4808 1941 4887">
    <p class='ocr_par' dir='ltr' id='par_1_80' title="bbox 228 4808 1897 4887">
     <span class='ocr_line' id='line_1_80' title="bbox 228 4808 1897 4887; baseline -0.002 -16"><span class='ocrx_word' id='word_1_675' title='bbox 228 4815 374 4871; x_wconf 68' lang='grc' dir='ltr'>ἔπτά</span> <span class='ocrx_word' id='word_1_676' title='bbox 430 4816 531 4884; x_wconf 82' lang='grc' dir='ltr'>τήν</span> <span class='ocrx_word' id='word_1_677' title='bbox 582 4813 911 4885; x_wconf 85' lang='grc' dir='ltr'>Ἐκκλησίαν</span> <span class='ocrx_word' id='word_1_678' title='bbox 969 4808 1403 4885; x_wconf 76' lang='grc' dir='ltr'>διεκυϐέρνησεν,</span> <span class='ocrx_word' id='word_1_679' title='bbox 1481 4813 1509 4868; x_wconf 85' lang='grc' dir='ltr'>ὁ</span> <span class='ocrx_word' id='word_1_680' title='bbox 1560 4812 1897 4887; x_wconf 83' lang='grc' dir='ltr'>Καματηρὸς</span> 
     </span>
    </p>
   </div>
   <div class='ocr_carea' id='block_1_81' title="bbox 2019 4808 3645 4887">
    <p class='ocr_par' dir='ltr' id='par_1_81' title="bbox 2019 4817 3645 4887">
     <span class='ocr_line' id='line_1_81' title="bbox 2019 4817 3645 4887; baseline 0 -17"><span class='ocrx_word' id='word_1_681' title='bbox 2019 4817 2177 4871; x_wconf 67' lang='lat' dir='ltr'><strong>ahatu</strong></span> <span class='ocrx_word' id='word_1_682' title='bbox 2238 4818 2436 4874; x_wconf 89' lang='lat' dir='ltr'><strong>functo</strong></span> <span class='ocrx_word' id='word_1_683' title='bbox 2483 4819 2733 4873; x_wconf 83' lang='lat' dir='ltr'><strong>Joannes</strong></span> <span class='ocrx_word' id='word_1_684' title='bbox 2777 4823 3110 4874; x_wconf 78' lang='lat' dir='ltr'><strong>Gamaterus</strong></span> <span class='ocrx_word' id='word_1_685' title='bbox 3161 4817 3440 4873; x_wconf 89' lang='lat' dir='ltr'><strong>successit</strong></span> <span class='ocrx_word' id='word_1_686' title='bbox 3474 4817 3645 4887; x_wconf 88' lang='lat' dir='ltr'><strong>:.qui,</strong></span> 
     </span>
    </p>
   </div>
   <div class='ocr_carea' id='block_1_82' title="bbox 225 4898 1941 4980">
    <p class='ocr_par' dir='ltr' id='par_1_82' title="bbox 225 4898 1894 4979">
     <span class='ocr_line' id='line_1_82' title="bbox 225 4898 1894 4979; baseline -0.002 -20"><span class='ocrx_word' id='word_1_687' title='bbox 225 4904 494 4974; x_wconf 71' lang='grc' dir='ltr'>Ἰωάννης</span> <span class='ocrx_word' id='word_1_688' title='bbox 522 4900 617 4958; x_wconf 83' lang='grc' dir='ltr'>τὸν</span> <span class='ocrx_word' id='word_1_689' title='bbox 673 4902 1073 4977; x_wconf 84' lang='grc' dir='ltr'>πατριαρχικὸν</span> <span class='ocrx_word' id='word_1_690' title='bbox 1131 4900 1331 4979; x_wconf 81' lang='grc' dir='ltr'>ε’ίληφε</span> <span class='ocrx_word' id='word_1_691' title='bbox 1375 4902 1586 4973; x_wconf 86' lang='grc' dir='ltr'>θρόνον,</span> <span class='ocrx_word' id='word_1_692' title='bbox 1632 4902 1724 4957; x_wconf 79' lang='grc' dir='ltr'>καὶ</span> <span class='ocrx_word' id='word_1_693' title='bbox 1775 4898 1894 4957; x_wconf 76' lang='grc' dir='ltr'>δέον</span> 
     </span>
    </p>
   </div>
   <div class='ocr_carea' id='block_1_83' title="bbox 2019 4898 3641 4980">
    <p class='ocr_par' dir='ltr' id='par_1_83' title="bbox 2019 4908 3641 4980">
     <span class='ocr_line' id='line_1_83' title="bbox 2019 4908 3641 4980; baseline 0 -18"><span class='ocrx_word' id='word_1_694' title='bbox 2019 4924 2137 4962; x_wconf 79' lang='lat' dir='ltr'><strong>:um</strong></span> <span class='ocrx_word' id='word_1_695' title='bbox 2169 4909 2367 4980; x_wconf 85' lang='lat' dir='ltr'><strong>Opinio</strong></span> <span class='ocrx_word' id='word_1_696' title='bbox 2400 4926 2522 4979; x_wconf 68' lang='lat' dir='ltr'><strong>quas</strong></span> <span class='ocrx_word' id='word_1_697' title='bbox 2556 4909 2666 4965; x_wconf 89' lang='lat' dir='ltr'>sub</span> <span class='ocrx_word' id='word_1_698' title='bbox 2696 4910 2988 4980; x_wconf 86' lang='lat' dir='ltr'><strong>Xiphilino</strong></span> <span class='ocrx_word' id='word_1_699' title='bbox 3024 4908 3332 4979; x_wconf 72' lang='lat' dir='ltr'><strong>pullularet</strong></span> <span class='ocrx_word' id='word_1_700' title='bbox 3366 4908 3641 4962; x_wconf 83' lang='lat' dir='ltr'><strong>radicitus</strong></span> 
     </span>
    </p>
   </div>
   <div class='ocr_carea' id='block_1_84' title="bbox 221 4988 1941 5071">
    <p class='ocr_par' dir='ltr' id='par_1_84' title="bbox 221 4988 1897 5070">
     <span class='ocr_line' id='line_1_84' title="bbox 221 4988 1897 5070; baseline -0.003 -19"><span class='ocrx_word' id='word_1_701' title='bbox 221 4997 296 5051; x_wconf 84' lang='grc' dir='ltr'>τὸ</span> <span class='ocrx_word' id='word_1_702' title='bbox 325 4993 416 5048; x_wconf 75' lang='grc' dir='ltr'>ἐπὶ</span> <span class='ocrx_word' id='word_1_703' title='bbox 458 4996 567 5047; x_wconf 87' lang='grc' dir='ltr'>τῶν</span> <span class='ocrx_word' id='word_1_704' title='bbox 621 4994 843 5064; x_wconf 76' lang='grc' dir='ltr'>ἡμερῶν</span> <span class='ocrx_word' id='word_1_705' title='bbox 898 4994 995 5045; x_wconf 90' lang='grc' dir='ltr'>τοῦ</span> <span class='ocrx_word' id='word_1_706' title='bbox 1048 4988 1347 5070; x_wconf 90' lang='grc' dir='ltr'>Ξιφιλίνου</span> <span class='ocrx_word' id='word_1_707' title='bbox 1413 4990 1709 5065; x_wconf 79' lang='grc' dir='ltr'>ἀρξάμενον</span> <span class='ocrx_word' id='word_1_708' title='bbox 1761 4991 1897 5046; x_wconf 87' lang='grc' dir='ltr'>ὑπο-</span> 
     </span>
    </p>
   </div>
   <div class='ocr_carea' id='block_1_85' title="bbox 2019 4988 3644 5071">
    <p class='ocr_par' dir='ltr' id='par_1_85' title="bbox 2019 4996 3644 5071">
     <span class='ocr_line' id='line_1_85' title="bbox 2019 4996 3644 5071; baseline -0.001 -18"><span class='ocrx_word' id='word_1_709' title='bbox 2019 4998 2395 5071; x_wconf 67' lang='lat' dir='ltr'><strong>axstirpanda,</strong></span> <span class='ocrx_word' id='word_1_710' title='bbox 2429 5004 2485 5055; x_wconf 90' lang='lat' dir='ltr'>et</span> <span class='ocrx_word' id='word_1_711' title='bbox 2511 5000 2635 5069; x_wconf 89' lang='lat' dir='ltr'><strong>ejus</strong></span> <span class='ocrx_word' id='word_1_712' title='bbox 2675 5006 2876 5055; x_wconf 87' lang='lat' dir='ltr'><strong>auctor</strong></span> <span class='ocrx_word' id='word_1_713' title='bbox 2916 5016 3165 5070; x_wconf 88' lang='lat' dir='ltr'><strong>nequam</strong></span> <span class='ocrx_word' id='word_1_714' title='bbox 3204 4998 3521 5053; x_wconf 86' lang='lat' dir='ltr'><strong>monachus</strong></span> <span class='ocrx_word' id='word_1_715' title='bbox 3552 4996 3644 5051; x_wconf 88' lang='lat' dir='ltr'>Si-</span> 
     </span>
    </p>
   </div>
   <div class='ocr_carea' id='block_1_86' title="bbox 225 5076 1941 5158">
    <p class='ocr_par' dir='ltr' id='par_1_86' title="bbox 225 5076 1895 5158">
     <span class='ocr_line' id='line_1_86' title="bbox 225 5076 1895 5158; baseline -0.004 -20"><span class='ocrx_word' id='word_1_716' title='bbox 225 5080 668 5141; x_wconf 58' lang='grc' dir='ltr'>λαλεῖσθαιηκαὶ</span> <span class='ocrx_word' id='word_1_717' title='bbox 722 5079 944 5158; x_wconf 80' lang='grc' dir='ltr'>φύεσθαι</span> <span class='ocrx_word' id='word_1_718' title='bbox 1008 5076 1184 5155; x_wconf 85' lang='grc' dir='ltr'>δόγμα</span> <span class='ocrx_word' id='word_1_719' title='bbox 1270 5078 1564 5157; x_wconf 65' lang='grc' dir='ltr'>πρόρριζον</span> <span class='ocrx_word' id='word_1_720' title='bbox 1624 5078 1895 5151; x_wconf 73' lang='grc' dir='ltr'>ἐκτεμεῖν,</span> 
     </span>
    </p>
   </div>
   <div class='ocr_carea' id='block_1_87' title="bbox 2019 5076 3644 5158">
    <p class='ocr_par' dir='ltr' id='par_1_87' title="bbox 2019 5087 3644 5145">
     <span class='ocr_line' id='line_1_87' title="bbox 2019 5087 3644 5145; baseline -0.002 -3"><span class='ocrx_word' id='word_1_721' title='bbox 2019 5087 2209 5143; x_wconf 79' lang='lat' dir='ltr'><strong>:idites</strong></span> <span class='ocrx_word' id='word_1_722' title='bbox 2240 5092 2305 5143; x_wconf 88' lang='lat' dir='ltr'>ut</span> <span class='ocrx_word' id='word_1_723' title='bbox 2337 5088 2711 5143; x_wconf 69' lang='lat' dir='ltr'><strong>haeresiarcha</strong></span> <span class='ocrx_word' id='word_1_724' title='bbox 2744 5093 2801 5144; x_wconf 90' lang='lat' dir='ltr'>et</span> <span class='ocrx_word' id='word_1_725' title='bbox 2834 5089 3003 5145; x_wconf 89' lang='lat' dir='ltr'><strong>homo</strong></span> <span class='ocrx_word' id='word_1_726' title='bbox 3037 5087 3344 5142; x_wconf 85' lang='lat' dir='ltr'><strong>seditiosus</strong></span> <span class='ocrx_word' id='word_1_727' title='bbox 3367 5087 3644 5141; x_wconf 85' lang='lat' dir='ltr'><strong>condem-</strong></span> 
     </span>
    </p>
   </div>
   <div class='ocr_carea' id='block_1_88' title="bbox 223 5163 1941 5246">
    <p class='ocr_par' dir='ltr' id='par_1_88' title="bbox 223 5163 1893 5244">
     <span class='ocr_line' id='line_1_88' title="bbox 223 5163 1893 5244; baseline -0.003 -16"><span class='ocrx_word' id='word_1_728' title='bbox 223 5173 325 5228; x_wconf 77' lang='grc' dir='ltr'>καὶ</span> <span class='ocrx_word' id='word_1_729' title='bbox 379 5163 781 5234; x_wconf 78' lang='grc' dir='ltr'>καθυποϐαλεῖν</span> <span class='ocrx_word' id='word_1_730' title='bbox 881 5168 974 5240; x_wconf 74' lang='grc' dir='ltr'>μὲν</span> <span class='ocrx_word' id='word_1_731' title='bbox 1052 5167 1346 5240; x_wconf 79' lang='grc' dir='ltr'>ἀναθέματι</span> <span class='ocrx_word' id='word_1_732' title='bbox 1420 5168 1512 5222; x_wconf 88' lang='grc' dir='ltr'>τὸν</span> <span class='ocrx_word' id='word_1_733' title='bbox 1588 5171 1893 5244; x_wconf 75' lang='grc' dir='ltr'>γεννήτορα</span> 
     </span>
    </p>
   </div>
   <div class='ocr_carea' id='block_1_89' title="bbox 2019 5163 3648 5246">
    <p class='ocr_par' dir='ltr' id='par_1_89' title="bbox 2019 5173 3648 5246">
     <span class='ocr_line' id='line_1_89' title="bbox 2019 5173 3648 5246; baseline -0.002 -15"><span class='ocrx_word' id='word_1_734' title='bbox 2019 5177 2234 5231; x_wconf 74' lang='lat' dir='ltr'><strong>tandus</strong></span> <span class='ocrx_word' id='word_1_735' title='bbox 2266 5176 2492 5244; x_wconf 84' lang='lat' dir='ltr'><strong>fuisset,</strong></span> <span class='ocrx_word' id='word_1_736' title='bbox 2526 5184 2575 5231; x_wconf 80' lang='lat' dir='ltr'>et</span> <span class='ocrx_word' id='word_1_737' title='bbox 2609 5177 2761 5233; x_wconf 76' lang='lat'>682</span> <span class='ocrx_word' id='word_1_738' title='bbox 2795 5177 2924 5232; x_wconf 81' lang='lat' dir='ltr'><strong>aliis</strong></span> <span class='ocrx_word' id='word_1_739' title='bbox 2973 5178 3156 5246; x_wconf 89' lang='lat' dir='ltr'><strong>ipsius</strong></span> <span class='ocrx_word' id='word_1_740' title='bbox 3186 5173 3448 5244; x_wconf 87' lang='lat' dir='ltr'><strong>exemplo</strong></span> <span class='ocrx_word' id='word_1_741' title='bbox 3480 5173 3648 5228; x_wconf 89' lang='lat' dir='ltr'><strong>silen-</strong></span> 
     </span>
    </p>
   </div>
   <div class='ocr_carea' id='block_1_90' title="bbox 222 5254 1941 5336">
    <p class='ocr_par' dir='ltr' id='par_1_90' title="bbox 222 5254 1889 5336">
     <span class='ocr_line' id='line_1_90' title="bbox 222 5254 1889 5336; baseline -0.001 -23"><span class='ocrx_word' id='word_1_742' title='bbox 222 5261 437 5319; x_wconf 79' lang='grc' dir='ltr'>τούτου</span> <span class='ocrx_word' id='word_1_743' title='bbox 472 5259 564 5314; x_wconf 83' lang='grc' dir='ltr'>τὸν</span> <span class='ocrx_word' id='word_1_744' title='bbox 596 5254 1012 5332; x_wconf 79' lang='grc' dir='ltr'>ψευδομόναχον</span> <span class='ocrx_word' id='word_1_745' title='bbox 1068 5255 1345 5327; x_wconf 86' lang='grc' dir='ltr'>Σικιδίτην</span> <span class='ocrx_word' id='word_1_746' title='bbox 1379 5256 1453 5319; x_wconf 88' lang='grc' dir='ltr'>ὠς</span> <span class='ocrx_word' id='word_1_747' title='bbox 1529 5260 1889 5336; x_wconf 74' lang='grc' dir='ltr'>αἱρεσιάρχην</span> 
     </span>
    </p>
   </div>
   <div class='ocr_carea' id='block_1_91' title="bbox 2019 5254 3647 5336">
    <p class='ocr_par' dir='ltr' id='par_1_91' title="bbox 2028 5264 3647 5336">
     <span class='ocr_line' id='line_1_91' title="bbox 2028 5264 3647 5336; baseline -0.001 -19"><span class='ocrx_word' id='word_1_748' title='bbox 2028 5265 2146 5319; x_wconf 89' lang='lat' dir='ltr'>ium</span> <span class='ocrx_word' id='word_1_749' title='bbox 2213 5264 2634 5333; x_wconf 86' lang='lat' dir='ltr'><strong>imperandum,</strong></span> <span class='ocrx_word' id='word_1_750' title='bbox 2697 5274 2756 5318; x_wconf 87' lang='lat' dir='ltr'>ut</span> <span class='ocrx_word' id='word_1_751' title='bbox 2813 5264 3147 5336; x_wconf 82' lang='lat' dir='ltr'><strong>mysterium</strong></span> <span class='ocrx_word' id='word_1_752' title='bbox 3222 5280 3424 5319; x_wconf 87' lang='lat' dir='ltr'><strong>rursus</strong></span> <span class='ocrx_word' id='word_1_753' title='bbox 3502 5270 3647 5317; x_wconf 82' lang='lat' dir='ltr'><strong>esset</strong></span> 
     </span>
    </p>
   </div>
   <div class='ocr_carea' id='block_1_92' title="bbox 216 5343 1941 5424">
    <p class='ocr_par' dir='ltr' id='par_1_92' title="bbox 216 5343 1891 5424">
     <span class='ocr_line' id='line_1_92' title="bbox 216 5343 1891 5424; baseline -0.005 -15"><span class='ocrx_word' id='word_1_754' title='bbox 216 5352 320 5409; x_wconf 82' lang='grc' dir='ltr'>καὶ</span> <span class='ocrx_word' id='word_1_755' title='bbox 361 5351 456 5404; x_wconf 91' lang='grc' dir='ltr'>νέα</span> <span class='ocrx_word' id='word_1_756' title='bbox 488 5347 842 5421; x_wconf 65' lang='grc' dir='ltr'>ἔπεισα-γοντα</span> <span class='ocrx_word' id='word_1_757' title='bbox 879 5345 1145 5424; x_wconf 87' lang='grc' dir='ltr'>δόγματα,</span> <span class='ocrx_word' id='word_1_758' title='bbox 1205 5345 1333 5408; x_wconf 81' lang='grc' dir='ltr'>τοὺς</span> <span class='ocrx_word' id='word_1_759' title='bbox 1386 5343 1433 5400; x_wconf 91' lang='grc' dir='ltr'>δ’</span> <span class='ocrx_word' id='word_1_760' title='bbox 1496 5343 1705 5408; x_wconf 78' lang='grc' dir='ltr'>ἄλλους</span> <span class='ocrx_word' id='word_1_761' title='bbox 1763 5345 1891 5422; x_wconf 77' lang='grc' dir='ltr'>ἐχε-</span> 
     </span>
    </p>
   </div>
   <div class='ocr_carea' id='block_1_93' title="bbox 2019 5343 3642 5424">
    <p class='ocr_par' dir='ltr' id='par_1_93' title="bbox 2019 5351 3642 5423">
     <span class='ocr_line' id='line_1_93' title="bbox 2019 5351 3642 5423; baseline -0.001 -16"><span class='ocrx_word' id='word_1_762' title='bbox 2019 5353 2365 5423; x_wconf 81' lang='lat' dir='ltr'><strong>nysterium,</strong></span> <span class='ocrx_word' id='word_1_763' title='bbox 2393 5353 2715 5408; x_wconf 87' lang='lat' dir='ltr'><strong>disserendi</strong></span> <span class='ocrx_word' id='word_1_764' title='bbox 2773 5359 2893 5408; x_wconf 89' lang='lat' dir='ltr'><strong>arte</strong></span> <span class='ocrx_word' id='word_1_765' title='bbox 2942 5361 2996 5409; x_wconf 89' lang='lat' dir='ltr'>et</span> <span class='ocrx_word' id='word_1_766' title='bbox 3053 5351 3642 5408; x_wconf 88' lang='lat' dir='ltr'><strong>demonstratiouibus</strong></span> 
     </span>
    </p>
   </div>
   <div class='ocr_carea' id='block_1_94' title="bbox 217 5432 1941 5523">
    <p class='ocr_par' dir='ltr' id='par_1_94' title="bbox 217 5432 1889 5518">
     <span class='ocr_line' id='line_1_94' title="bbox 217 5432 1889 5518; baseline -0.004 -22"><span class='ocrx_word' id='word_1_767' title='bbox 217 5442 420 5518; x_wconf 76' lang='grc' dir='ltr'>μυθεῖν</span> <span class='ocrx_word' id='word_1_768' title='bbox 449 5442 634 5493; x_wconf 85' lang='grc' dir='ltr'>πεῖσαι</span> <span class='ocrx_word' id='word_1_769' title='bbox 660 5436 739 5508; x_wconf 82' lang='grc' dir='ltr'>τῷ</span> <span class='ocrx_word' id='word_1_770' title='bbox 788 5436 906 5490; x_wconf 87' lang='grc' dir='ltr'>καθ’</span> <span class='ocrx_word' id='word_1_771' title='bbox 965 5435 1153 5490; x_wconf 73' lang='grc' dir='ltr'>ἑαυτὸν</span> <span class='ocrx_word' id='word_1_772' title='bbox 1216 5432 1579 5512; x_wconf 85' lang='grc' dir='ltr'>ὑποδείγματι</span> <span class='ocrx_word' id='word_1_773' title='bbox 1612 5433 1689 5496; x_wconf 86' lang='grc' dir='ltr'>ὠς</span> <span class='ocrx_word' id='word_1_774' title='bbox 1751 5435 1889 5490; x_wconf 80' lang='grc' dir='ltr'>εἶναι</span> 
     </span>
    </p>
   </div>
   <div class='ocr_carea' id='block_1_95' title="bbox 2019 5432 3642 5523">
    <p class='ocr_par' dir='ltr' id='par_1_95' title="bbox 2019 5440 3642 5513">
     <span class='ocr_line' id='line_1_95' title="bbox 2019 5440 3642 5513; baseline 0 -17"><span class='ocrx_word' id='word_1_775' title='bbox 2019 5458 2127 5513; x_wconf 69' lang='lat' dir='ltr'><strong>[uae</strong></span> <span class='ocrx_word' id='word_1_776' title='bbox 2181 5440 2566 5497; x_wconf 86' lang='lat' dir='ltr'><strong>adversarium</strong></span> <span class='ocrx_word' id='word_1_777' title='bbox 2619 5443 3047 5511; x_wconf 82' lang='lat' dir='ltr'><strong>convincerent,</strong></span> <span class='ocrx_word' id='word_1_778' title='bbox 3082 5443 3140 5497; x_wconf 89' lang='lat' dir='ltr'>in</span> <span class='ocrx_word' id='word_1_779' title='bbox 3200 5440 3372 5497; x_wconf 86' lang='lat' dir='ltr'><strong>rebus</strong></span> <span class='ocrx_word' id='word_1_780' title='bbox 3422 5442 3642 5513; x_wconf 82' lang='lat' dir='ltr'><strong>ingenii</strong></span> 
     </span>
    </p>
   </div>
   <div class='ocr_carea' id='block_1_96' title="bbox 209 5522 1941 5609">
    <p class='ocr_par' dir='ltr' id='par_1_96' title="bbox 209 5522 1887 5604">
     <span class='ocr_line' id='line_1_96' title="bbox 209 5522 1887 5604; baseline -0.003 -20"><span class='ocrx_word' id='word_1_781' title='bbox 209 5532 286 5587; x_wconf 78' lang='grc' dir='ltr'>τὸ</span> <span class='ocrx_word' id='word_1_782' title='bbox 322 5528 629 5604; x_wconf 71' lang='grc' dir='ltr'>μυστήριον</span> <span class='ocrx_word' id='word_1_783' title='bbox 664 5525 817 5586; x_wconf 66' lang='grc' dir='ltr'>αὖθις</span> <span class='ocrx_word' id='word_1_784' title='bbox 856 5526 1183 5598; x_wconf 68' lang='grc' dir='ltr'>μυστήριον,</span> <span class='ocrx_word' id='word_1_785' title='bbox 1228 5524 1255 5579; x_wconf 83' lang='grc' dir='ltr'>ὃ</span> <span class='ocrx_word' id='word_1_786' title='bbox 1308 5522 1364 5579; x_wconf 63' lang='grc' dir='ltr'>δὲ</span> <span class='ocrx_word' id='word_1_787' title='bbox 1420 5522 1671 5598; x_wconf 83' lang='grc' dir='ltr'>λογικαῖς</span> <span class='ocrx_word' id='word_1_788' title='bbox 1722 5524 1887 5597; x_wconf 84' lang='grc' dir='ltr'>μεθό-</span> 
     </span>
    </p>
   </div>
   <div class='ocr_carea' id='block_1_97' title="bbox 2019 5522 3637 5609">
    <p class='ocr_par' dir='ltr' id='par_1_97' title="bbox 2019 5529 3637 5609">
     <span class='ocr_line' id='line_1_97' title="bbox 2019 5529 3637 5609; baseline 0.001 -25"><span class='ocrx_word' id='word_1_789' title='bbox 2019 5529 2240 5584; x_wconf 78' lang='lat' dir='ltr'><strong>iumani</strong></span> <span class='ocrx_word' id='word_1_790' title='bbox 2258 5538 2490 5601; x_wconf 87' lang='lat' dir='ltr'><strong>captum</strong></span> <span class='ocrx_word' id='word_1_791' title='bbox 2515 5531 2923 5586; x_wconf 84' lang='lat' dir='ltr'><strong>excedentibus</strong></span> <span class='ocrx_word' id='word_1_792' title='bbox 2944 5539 2995 5585; x_wconf 88' lang='lat' dir='ltr'>et</span> <span class='ocrx_word' id='word_1_793' title='bbox 3018 5530 3332 5586; x_wconf 81' lang='lat' dir='ltr'><strong>artificium</strong></span> <span class='ocrx_word' id='word_1_794' title='bbox 3359 5547 3637 5609; x_wconf 81' lang='lat' dir='ltr'><strong>respuen-</strong></span> 
     </span>
    </p>
   </div>
   <div class='ocr_carea' id='block_1_98' title="bbox 217 5609 1941 5694">
    <p class='ocr_par' dir='ltr' id='par_1_98' title="bbox 217 5609 1888 5694">
     <span class='ocr_line' id='line_1_98' title="bbox 217 5609 1888 5694; baseline -0.007 -17"><span class='ocrx_word' id='word_1_795' title='bbox 217 5620 348 5682; x_wconf 87' lang='grc' dir='ltr'>δοις</span> <span class='ocrx_word' id='word_1_796' title='bbox 380 5618 590 5694; x_wconf 67' lang='grc' dir='ltr'>ἐχρῆτο</span> <span class='ocrx_word' id='word_1_797' title='bbox 655 5613 748 5670; x_wconf 83' lang='grc' dir='ltr'>καὶ</span> <span class='ocrx_word' id='word_1_798' title='bbox 802 5609 1108 5685; x_wconf 81' lang='grc' dir='ltr'>ἀποδείξεσι</span> <span class='ocrx_word' id='word_1_799' title='bbox 1170 5610 1523 5690; x_wconf 72' lang='grc' dir='ltr'>βιαζομέναις</span> <span class='ocrx_word' id='word_1_800' title='bbox 1582 5612 1659 5676; x_wconf 83' lang='grc' dir='ltr'>εἷς</span> <span class='ocrx_word' id='word_1_801' title='bbox 1691 5634 1888 5689; x_wconf 84' lang='grc' dir='ltr'>συγκα-</span> 
     </span>
    </p>
   </div>
   <div class='ocr_carea' id='block_1_99' title="bbox 2019 5609 3637 5694">
    <p class='ocr_par' dir='ltr' id='par_1_99' title="bbox 2025 5617 3637 5691">
     <span class='ocr_line' id='line_1_99' title="bbox 2025 5617 3637 5691; baseline 0.002 -20"><span class='ocrx_word' id='word_1_802' title='bbox 2025 5617 2152 5672; x_wconf 88' lang='lat' dir='ltr'><strong>ibus</strong></span> <span class='ocrx_word' id='word_1_803' title='bbox 2185 5632 2325 5673; x_wconf 88' lang='lat' dir='ltr'><strong>usus</strong></span> <span class='ocrx_word' id='word_1_804' title='bbox 2355 5625 2459 5673; x_wconf 90' lang='lat' dir='ltr'><strong>est.</strong></span> <span class='ocrx_word' id='word_1_805' title='bbox 2490 5621 2832 5691; x_wconf 86' lang='lat' dir='ltr'><strong>Composuit</strong></span> <span class='ocrx_word' id='word_1_806' title='bbox 2858 5619 3030 5675; x_wconf 88' lang='lat' dir='ltr'><strong>etiam</strong></span> <span class='ocrx_word' id='word_1_807' title='bbox 3062 5620 3343 5677; x_wconf 81' lang='lat' dir='ltr'><strong>oratione.-</strong></span> <span class='ocrx_word' id='word_1_808' title='bbox 3385 5618 3637 5676; x_wconf 85' lang='lat' dir='ltr'><strong>catechi-</strong></span> 
     </span>
    </p>
   </div>
  </div>
