  <div class='ocr_page' id='page_1' title='image "/cluster/home/n/w/nwhite01/storage/ocr_20150623/139/hvd.32044023361710/454.png"; bbox 0 0 4072 6218; ppageno 0'>
   <div class='ocr_carea' id='block_1_1' title="bbox 230 333 356 394">
    <p class='ocr_par' dir='ltr' id='par_1_1' title="bbox 230 333 356 394">
     <span class='ocr_line' id='line_1_1' title="bbox 230 333 356 394; baseline -0.016 0"><span class='ocrx_word' id='word_1_1' title='bbox 230 333 356 394; x_wconf 80' lang='lat'><strong>897</strong></span> 
     </span>
    </p>
   </div>
   <div class='ocr_carea' id='block_1_2' title="bbox 216 462 1350 540">
    <p class='ocr_par' dir='ltr' id='par_1_2' title="bbox 216 462 1350 540">
     <span class='ocr_line' id='line_1_2' title="bbox 216 462 1350 540; baseline 0.004 -22"><span class='ocrx_word' id='word_1_2' title='bbox 216 465 655 540; x_wconf 76' lang='grc' dir='ltr'>παραγαγόντων</span> <span class='ocrx_word' id='word_1_3' title='bbox 695 505 708 531; x_wconf 92' lang='grc'><strong>,</strong></span> <span class='ocrx_word' id='word_1_4' title='bbox 811 470 922 519; x_wconf 90' lang='grc' dir='ltr'><strong>τῶν</strong></span> <span class='ocrx_word' id='word_1_5' title='bbox 996 462 1042 519; x_wconf 84' lang='grc' dir='ltr'>δ’</span> <span class='ocrx_word' id='word_1_6' title='bbox 1119 465 1179 521; x_wconf 67' lang='grc' dir='ltr'>ἐκ</span> <span class='ocrx_word' id='word_1_7' title='bbox 1251 475 1350 536; x_wconf 80' lang='grc' dir='ltr'>τῆς</span> 
     </span>
    </p>
   </div>
   <div class='ocr_carea' id='block_1_3' title="bbox 225 553 1882 632">
    <p class='ocr_par' dir='ltr' id='par_1_3' title="bbox 225 553 1882 632">
     <span class='ocr_line' id='line_1_3' title="bbox 225 553 1882 632; baseline 0.001 -24"><span class='ocrx_word' id='word_1_8' title='bbox 225 556 546 631; x_wconf 78' lang='grc' dir='ltr'>φασκόντων</span> <span class='ocrx_word' id='word_1_9' title='bbox 619 555 696 625; x_wconf 84' lang='grc' dir='ltr'>μὴ</span> <span class='ocrx_word' id='word_1_10' title='bbox 754 553 845 608; x_wconf 89' lang='grc' dir='ltr'><strong>καὶ</strong></span> <span class='ocrx_word' id='word_1_11' title='bbox 928 554 1266 617; x_wconf 70' lang='grc' dir='ltr'>ἀναστάσεως</span> <span class='ocrx_word' id='word_1_12' title='bbox 1349 555 1676 632; x_wconf 77' lang='grc' dir='ltr'><strong>ὁμολογίαν,</strong></span> <span class='ocrx_word' id='word_1_13' title='bbox 1735 553 1882 610; x_wconf 82' lang='grc' dir='ltr'><strong>ἀλλά</strong></span> 
     </span>
    </p>
   </div>
   <div class='ocr_carea' id='block_1_4' title="bbox 1429 468 1611 542">
    <p class='ocr_par' dir='ltr' id='par_1_4' title="bbox 1429 468 1611 542">
     <span class='ocr_line' id='line_1_4' title="bbox 1429 468 1611 542; baseline 0 -20"><span class='ocrx_word' id='word_1_14' title='bbox 1429 468 1540 542; x_wconf 41' lang='grc' dir='ltr'>ἑτέ.)</span> <span class='ocrx_word' id='word_1_15' title='bbox 1552 490 1580 522; x_wconf 83' lang='grc' dir='ltr'><strong>α</strong></span> <span class='ocrx_word' id='word_1_16' title='bbox 1591 489 1611 529; x_wconf 76' lang='grc' dir='ltr'><strong>ς</strong></span> 
     </span>
    </p>
   </div>
   <div class='ocr_carea' id='block_1_5' title="bbox 221 642 1881 724">
    <p class='ocr_par' dir='ltr' id='par_1_5' title="bbox 221 642 1881 724">
     <span class='ocr_line' id='line_1_5' title="bbox 221 642 1881 724; baseline 0 -25"><span class='ocrx_word' id='word_1_17' title='bbox 221 645 415 699; x_wconf 89' lang='grc' dir='ltr'>θυσίαν</span> <span class='ocrx_word' id='word_1_18' title='bbox 453 645 625 716; x_wconf 76' lang='grc' dir='ltr'>μόνην</span> <span class='ocrx_word' id='word_1_19' title='bbox 675 644 736 698; x_wconf 88' lang='grc' dir='ltr'>τὸ</span> <span class='ocrx_word' id='word_1_20' title='bbox 798 642 1124 718; x_wconf 76' lang='grc' dir='ltr'>τελούμενον</span> <span class='ocrx_word' id='word_1_21' title='bbox 1178 647 1332 717; x_wconf 79' lang='grc' dir='ltr'>εἶναι,</span> <span class='ocrx_word' id='word_1_22' title='bbox 1364 649 1454 701; x_wconf 87' lang='grc' dir='ltr'><strong>καὶ</strong></span> <span class='ocrx_word' id='word_1_23' title='bbox 1487 647 1720 724; x_wconf 74' lang='grc' dir='ltr'>φθαρτὸν</span> <span class='ocrx_word' id='word_1_24' title='bbox 1756 646 1881 700; x_wconf 83' lang='grc' dir='ltr'>ἀκο·</span> 
     </span>
    </p>
   </div>
   <div class='ocr_carea' id='block_1_6' title="bbox 216 731 1881 812">
    <p class='ocr_par' dir='ltr' id='par_1_6' title="bbox 216 731 1881 812">
     <span class='ocr_line' id='line_1_6' title="bbox 216 731 1881 812; baseline 0.001 -24"><span class='ocrx_word' id='word_1_25' title='bbox 216 732 443 796; x_wconf 77' lang='grc' dir='ltr'>λούθως</span> <span class='ocrx_word' id='word_1_26' title='bbox 475 733 566 787; x_wconf 87' lang='grc' dir='ltr'><strong>καὶ</strong></span> <span class='ocrx_word' id='word_1_27' title='bbox 619 731 780 788; x_wconf 72' lang='grc' dir='ltr'>ἄνουν</span> <span class='ocrx_word' id='word_1_28' title='bbox 812 735 898 788; x_wconf 78' lang='grc' dir='ltr'><strong>καὶ</strong></span> <span class='ocrx_word' id='word_1_29' title='bbox 957 733 1193 812; x_wconf 80' lang='grc' dir='ltr'>ἄψυχον,</span> <span class='ocrx_word' id='word_1_30' title='bbox 1247 733 1390 808; x_wconf 71' lang='grc' dir='ltr'>μηδὲ</span> <span class='ocrx_word' id='word_1_31' title='bbox 1439 736 1531 791; x_wconf 85' lang='grc' dir='ltr'><strong>τὸν</strong></span> <span class='ocrx_word' id='word_1_32' title='bbox 1586 740 1655 809; x_wconf 83' lang='grc' dir='ltr'><strong>τῇ</strong></span> <span class='ocrx_word' id='word_1_33' title='bbox 1711 755 1881 807; x_wconf 85' lang='grc' dir='ltr'>μετα-</span> 
     </span>
    </p>
   </div>
   <div class='ocr_carea' id='block_1_7' title="bbox 216 815 1954 901">
    <p class='ocr_par' dir='ltr' id='par_1_7' title="bbox 216 815 1954 901">
     <span class='ocr_line' id='line_1_7' title="bbox 216 815 1954 901; baseline 0 -23"><span class='ocrx_word' id='word_1_34' title='bbox 216 823 398 898; x_wconf 74' lang='grc' dir='ltr'>λήψει</span> <span class='ocrx_word' id='word_1_35' title='bbox 433 823 736 896; x_wconf 76' lang='grc' dir='ltr'><strong>προσιόντα</strong></span> <span class='ocrx_word' id='word_1_36' title='bbox 771 827 856 898; x_wconf 88' lang='grc' dir='ltr'><strong>[Ρ.</strong></span> <span class='ocrx_word' id='word_1_37' title='bbox 891 827 1015 897; x_wconf 77' lang='grc'><strong>334]</strong></span> <span class='ocrx_word' id='word_1_38' title='bbox 1047 826 1176 880; x_wconf 80' lang='grc' dir='ltr'>δλον</span> <span class='ocrx_word' id='word_1_39' title='bbox 1211 823 1463 901; x_wconf 73' lang='grc' dir='ltr'>δέχεσθαι</span> <span class='ocrx_word' id='word_1_40' title='bbox 1493 827 1585 881; x_wconf 91' lang='grc' dir='ltr'>τὸν</span> <span class='ocrx_word' id='word_1_41' title='bbox 1627 826 1884 898; x_wconf 88' lang='grc' dir='ltr'>Χριστὸν,</span> <span class='ocrx_word' id='word_1_42' title='bbox 1948 815 1954 821; x_wconf 53' lang='grc'><em>’</em></span> 
     </span>
    </p>
   </div>
   <div class='ocr_carea' id='block_1_8' title="bbox 214 910 1884 988">
    <p class='ocr_par' dir='ltr' id='par_1_8' title="bbox 214 910 1884 988">
     <span class='ocr_line' id='line_1_8' title="bbox 214 910 1884 988; baseline -0.001 -20"><span class='ocrx_word' id='word_1_43' title='bbox 214 911 370 968; x_wconf 79' lang='grc' dir='ltr'><strong>ἀλλά</strong></span> <span class='ocrx_word' id='word_1_44' title='bbox 403 913 573 987; x_wconf 73' lang='grc' dir='ltr'>μέρος</span> <span class='ocrx_word' id='word_1_45' title='bbox 606 913 680 972; x_wconf 81' lang='grc' dir='ltr'>ὡς</span> <span class='ocrx_word' id='word_1_46' title='bbox 719 915 806 967; x_wconf 85' lang='grc' dir='ltr'><strong>καὶ</strong></span> <span class='ocrx_word' id='word_1_47' title='bbox 849 912 1047 988; x_wconf 89' lang='grc' dir='ltr'>μέρους</span> <span class='ocrx_word' id='word_1_48' title='bbox 1090 910 1600 987; x_wconf 88' lang='grc' dir='ltr'>μεταλαμϐάνοντα.</span> <span class='ocrx_word' id='word_1_49' title='bbox 1662 913 1727 970; x_wconf 77' lang='lat' dir='ltr'><strong>Ei:</strong></span> <span class='ocrx_word' id='word_1_50' title='bbox 1783 914 1884 987; x_wconf 85' lang='grc' dir='ltr'><strong>γὰρ</strong></span> 
     </span>
    </p>
   </div>
   <div class='ocr_carea' id='block_1_9' title="bbox 210 997 1883 1079">
    <p class='ocr_par' dir='ltr' id='par_1_9' title="bbox 210 997 1883 1079">
     <span class='ocr_line' id='line_1_9' title="bbox 210 997 1883 1079; baseline 0.001 -24"><span class='ocrx_word' id='word_1_51' title='bbox 210 1003 310 1071; x_wconf 65' lang='grc' dir='ltr'><strong>ἦν,</strong></span> <span class='ocrx_word' id='word_1_52' title='bbox 337 1001 522 1079; x_wconf 83' lang='grc' dir='ltr'>φησὶν,</span> <span class='ocrx_word' id='word_1_53' title='bbox 555 1001 830 1079; x_wconf 75' lang='grc' dir='ltr'><strong>ἄφθαρτον</strong></span> <span class='ocrx_word' id='word_1_54' title='bbox 861 1004 950 1056; x_wconf 84' lang='grc' dir='ltr'>καὶ</span> <span class='ocrx_word' id='word_1_55' title='bbox 983 997 1162 1058; x_wconf 80' lang='grc' dir='ltr'>ἔννουν</span> <span class='ocrx_word' id='word_1_56' title='bbox 1192 1004 1282 1058; x_wconf 76' lang='grc' dir='ltr'><strong>καὶ</strong></span> <span class='ocrx_word' id='word_1_57' title='bbox 1335 999 1607 1079; x_wconf 78' lang='grc' dir='ltr'>ἔμψυχον,</span> <span class='ocrx_word' id='word_1_58' title='bbox 1676 1005 1741 1071; x_wconf 72' lang='grc' dir='ltr'><strong>ἦν</strong></span> <span class='ocrx_word' id='word_1_59' title='bbox 1795 1003 1883 1056; x_wconf 87' lang='grc' dir='ltr'><strong>καὶ</strong></span> 
     </span>
    </p>
   </div>
   <div class='ocr_carea' id='block_1_10' title="bbox 216 1090 1886 1169">
    <p class='ocr_par' dir='ltr' id='par_1_10' title="bbox 216 1090 1886 1169">
     <span class='ocr_line' id='line_1_10' title="bbox 216 1090 1886 1169; baseline 0.001 -24"><span class='ocrx_word' id='word_1_60' title='bbox 216 1094 413 1169; x_wconf 79' lang='grc' dir='ltr'>ἀναφὲς</span> <span class='ocrx_word' id='word_1_61' title='bbox 460 1093 548 1145; x_wconf 75' lang='grc' dir='ltr'><strong>καὶ</strong></span> <span class='ocrx_word' id='word_1_62' title='bbox 633 1091 873 1160; x_wconf 79' lang='grc' dir='ltr'>ἀθέατον,</span> <span class='ocrx_word' id='word_1_63' title='bbox 963 1090 1094 1164; x_wconf 87' lang='grc' dir='ltr'>μηδ’</span> <span class='ocrx_word' id='word_1_64' title='bbox 1167 1090 1354 1147; x_wconf 78' lang='grc' dir='ltr'>ὀδοῦσι</span> <span class='ocrx_word' id='word_1_65' title='bbox 1419 1094 1738 1166; x_wconf 79' lang='grc' dir='ltr'>κειρόμενον</span> <span class='ocrx_word' id='word_1_66' title='bbox 1796 1091 1886 1146; x_wconf 88' lang='grc' dir='ltr'><strong>καὶ</strong></span> 
     </span>
    </p>
   </div>
   <div class='ocr_carea' id='block_1_11' title="bbox 211 1179 1888 1256">
    <p class='ocr_par' dir='ltr' id='par_1_11' title="bbox 211 1179 1888 1256">
     <span class='ocr_line' id='line_1_11' title="bbox 211 1179 1888 1256; baseline 0.001 -21"><span class='ocrx_word' id='word_1_67' title='bbox 211 1179 592 1255; x_wconf 87' lang='grc' dir='ltr'>ἀληθόμενον,</span> <span class='ocrx_word' id='word_1_68' title='bbox 625 1179 740 1236; x_wconf 81' lang='grc' dir='ltr'>οὐδ’</span> <span class='ocrx_word' id='word_1_69' title='bbox 801 1181 853 1236; x_wconf 75' lang='grc' dir='ltr'>ἐν</span> <span class='ocrx_word' id='word_1_70' title='bbox 918 1185 999 1254; x_wconf 79' lang='grc' dir='ltr'>τῷ</span> <span class='ocrx_word' id='word_1_71' title='bbox 1055 1184 1288 1256; x_wconf 82' lang='grc' dir='ltr'>τμᾶσθαι</span> <span class='ocrx_word' id='word_1_72' title='bbox 1360 1180 1631 1256; x_wconf 80' lang='grc' dir='ltr'><strong>μηδαμῶς</strong></span> <span class='ocrx_word' id='word_1_73' title='bbox 1686 1179 1888 1256; x_wconf 83' lang='grc' dir='ltr'>δυσχε-</span> 
     </span>
    </p>
   </div>
   <div class='ocr_carea' id='block_1_12' title="bbox 213 1269 1888 1346">
    <p class='ocr_par' dir='ltr' id='par_1_12' title="bbox 213 1269 1888 1346">
     <span class='ocr_line' id='line_1_12' title="bbox 213 1269 1888 1346; baseline 0.001 -20"><span class='ocrx_word' id='word_1_74' title='bbox 213 1278 410 1346; x_wconf 86' lang='grc' dir='ltr'>ραῖνον</span> <span class='ocrx_word' id='word_1_75' title='bbox 461 1273 548 1326; x_wconf 80' lang='grc' dir='ltr'><strong>καὶ</strong></span> <span class='ocrx_word' id='word_1_76' title='bbox 581 1269 954 1345; x_wconf 78' lang='grc' dir='ltr'>ὀδυνώμενον,</span> <span class='ocrx_word' id='word_1_77' title='bbox 1015 1271 1130 1327; x_wconf 85' lang='grc' dir='ltr'>ἐπεὶ</span> <span class='ocrx_word' id='word_1_78' title='bbox 1183 1274 1273 1328; x_wconf 84' lang='grc' dir='ltr'><strong>καὶ</strong></span> <span class='ocrx_word' id='word_1_79' title='bbox 1330 1273 1404 1336; x_wconf 84' lang='grc' dir='ltr'>ὡς</span> <span class='ocrx_word' id='word_1_80' title='bbox 1454 1273 1500 1328; x_wconf 77' lang='grc' dir='ltr'><strong>εί</strong></span> <span class='ocrx_word' id='word_1_81' title='bbox 1557 1278 1665 1327; x_wconf 90' lang='grc' dir='ltr'><strong>τῶν</strong></span> <span class='ocrx_word' id='word_1_82' title='bbox 1696 1272 1888 1345; x_wconf 86' lang='grc' dir='ltr'>σωμά-</span> 
     </span>
    </p>
   </div>
   <div class='ocr_carea' id='block_1_13' title="bbox 208 1357 1889 1440">
    <p class='ocr_par' dir='ltr' id='par_1_13' title="bbox 208 1357 1889 1440">
     <span class='ocr_line' id='line_1_13' title="bbox 208 1357 1889 1440; baseline -0.001 -25"><span class='ocrx_word' id='word_1_83' title='bbox 208 1381 330 1415; x_wconf 86' lang='grc' dir='ltr'><strong>των</strong></span> <span class='ocrx_word' id='word_1_84' title='bbox 386 1362 607 1431; x_wconf 80' lang='grc' dir='ltr'>ἠθέτουν</span> <span class='ocrx_word' id='word_1_85' title='bbox 668 1361 770 1429; x_wconf 75' lang='grc' dir='ltr'>τὴν</span> <span class='ocrx_word' id='word_1_86' title='bbox 859 1357 1090 1436; x_wconf 80' lang='grc' dir='ltr'>ἔγερσιν,</span> <span class='ocrx_word' id='word_1_87' title='bbox 1148 1358 1377 1440; x_wconf 76' lang='grc' dir='ltr'>ἔφασκον</span> <span class='ocrx_word' id='word_1_88' title='bbox 1456 1358 1668 1436; x_wconf 70' lang='grc' dir='ltr'>(εἰδεῖεν</span> <span class='ocrx_word' id='word_1_89' title='bbox 1723 1358 1769 1414; x_wconf 88' lang='grc' dir='ltr'>δ’</span> <span class='ocrx_word' id='word_1_90' title='bbox 1829 1357 1889 1414; x_wconf 75' lang='grc' dir='ltr'>ἄν</span> 
     </span>
    </p>
   </div>
   <div class='ocr_carea' id='block_1_14' title="bbox 213 1449 1886 1525">
    <p class='ocr_par' dir='ltr' id='par_1_14' title="bbox 213 1449 1886 1525">
     <span class='ocr_line' id='line_1_14' title="bbox 213 1449 1886 1525; baseline 0 -21"><span class='ocrx_word' id='word_1_91' title='bbox 213 1452 402 1525; x_wconf 78' lang='grc' dir='ltr'>ὅπως)</span> <span class='ocrx_word' id='word_1_92' title='bbox 459 1449 651 1505; x_wconf 75' lang='grc' dir='ltr'>ἐκεῖνοι</span> <span class='ocrx_word' id='word_1_93' title='bbox 725 1449 959 1514; x_wconf 73' lang='grc' dir='ltr'>ἐσεῖσθαι</span> <span class='ocrx_word' id='word_1_94' title='bbox 1049 1453 1199 1524; x_wconf 81' lang='grc' dir='ltr'>ἡμᾶς</span> <span class='ocrx_word' id='word_1_95' title='bbox 1252 1453 1385 1525; x_wconf 90' lang='grc' dir='ltr'><strong>μετά</strong></span> <span class='ocrx_word' id='word_1_96' title='bbox 1439 1452 1539 1520; x_wconf 79' lang='grc' dir='ltr'>τὴν</span> <span class='ocrx_word' id='word_1_97' title='bbox 1597 1451 1886 1506; x_wconf 84' lang='grc' dir='ltr'>ἀνάστασιν</span> 
     </span>
    </p>
   </div>
   <div class='ocr_carea' id='block_1_15' title="bbox 220 1537 1889 1618">
    <p class='ocr_par' dir='ltr' id='par_1_15' title="bbox 220 1537 1889 1618">
     <span class='ocr_line' id='line_1_15' title="bbox 220 1537 1889 1618; baseline 0.002 -26"><span class='ocrx_word' id='word_1_98' title='bbox 220 1541 342 1618; x_wconf 81' lang='grc' dir='ltr'><strong>ἀφῇ</strong></span> <span class='ocrx_word' id='word_1_99' title='bbox 384 1561 441 1595; x_wconf 78' lang='grc' dir='ltr'>τι</span> <span class='ocrx_word' id='word_1_100' title='bbox 488 1542 573 1594; x_wconf 72' lang='grc' dir='ltr'>καὶ</span> <span class='ocrx_word' id='word_1_101' title='bbox 605 1540 791 1614; x_wconf 79' lang='grc' dir='ltr'>ὁράσει</span> <span class='ocrx_word' id='word_1_102' title='bbox 837 1539 927 1595; x_wconf 79' lang='grc' dir='ltr'><strong>καὶ</strong></span> <span class='ocrx_word' id='word_1_103' title='bbox 967 1543 1220 1615; x_wconf 76' lang='grc' dir='ltr'>σχήματι</span> <span class='ocrx_word' id='word_1_104' title='bbox 1251 1541 1576 1615; x_wconf 84' lang='grc' dir='ltr'><strong>ἀνθρωπείῳ</strong></span> <span class='ocrx_word' id='word_1_105' title='bbox 1611 1537 1889 1613; x_wconf 81' lang='grc' dir='ltr'>μηδαμῶς</span> 
     </span>
    </p>
   </div>
   <div class='ocr_carea' id='block_1_16' title="bbox 223 1630 1890 1706">
    <p class='ocr_par' dir='ltr' id='par_1_16' title="bbox 223 1630 1890 1706">
     <span class='ocr_line' id='line_1_16' title="bbox 223 1630 1890 1706; baseline 0 -20"><span class='ocrx_word' id='word_1_106' title='bbox 223 1631 665 1700; x_wconf 77' lang='grc' dir='ltr'>ὑποπίπτοντας,</span> <span class='ocrx_word' id='word_1_107' title='bbox 727 1630 874 1687; x_wconf 87' lang='grc' dir='ltr'><strong>ἀλλά</strong></span> <span class='ocrx_word' id='word_1_108' title='bbox 929 1634 1068 1687; x_wconf 88' lang='grc' dir='ltr'><strong>κατά</strong></span> <span class='ocrx_word' id='word_1_109' title='bbox 1156 1634 1252 1695; x_wconf 78' lang='grc' dir='ltr'><strong>τὰς</strong></span> <span class='ocrx_word' id='word_1_110' title='bbox 1340 1633 1666 1706; x_wconf 84' lang='grc' dir='ltr'>ἀσωμάτους</span> <span class='ocrx_word' id='word_1_111' title='bbox 1736 1633 1890 1695; x_wconf 83' lang='grc' dir='ltr'>σκιὰς</span> 
     </span>
    </p>
   </div>
   <div class='ocr_carea' id='block_1_17' title="bbox 219 1720 1894 1796">
    <p class='ocr_par' dir='ltr' id='par_1_17' title="bbox 219 1720 1894 1796">
     <span class='ocr_line' id='line_1_17' title="bbox 219 1720 1894 1796; baseline -0.001 -18"><span class='ocrx_word' id='word_1_112' title='bbox 219 1721 536 1789; x_wconf 71' lang='grc' dir='ltr'>ἀίσσοντας,</span> <span class='ocrx_word' id='word_1_113' title='bbox 597 1723 690 1776; x_wconf 85' lang='grc' dir='ltr'><strong>καὶ</strong></span> <span class='ocrx_word' id='word_1_114' title='bbox 745 1720 834 1777; x_wconf 87' lang='grc' dir='ltr'><strong>διά</strong></span> <span class='ocrx_word' id='word_1_115' title='bbox 881 1727 988 1778; x_wconf 90' lang='grc' dir='ltr'><strong>τῶν</strong></span> <span class='ocrx_word' id='word_1_116' title='bbox 1049 1722 1452 1796; x_wconf 72' lang='grc' dir='ltr'>κεκλεισμένων</span> <span class='ocrx_word' id='word_1_117' title='bbox 1506 1726 1683 1796; x_wconf 88' lang='grc' dir='ltr'>θυρῶν</span> <span class='ocrx_word' id='word_1_118' title='bbox 1754 1723 1894 1777; x_wconf 80' lang='grc' dir='ltr'>εἰσέ-</span> 
     </span>
    </p>
   </div>
   <div class='ocr_carea' id='block_1_18' title="bbox 1089 333 2692 400">
    <p class='ocr_par' dir='ltr' id='par_1_18' title="bbox 1089 333 2692 400">
     <span class='ocr_line' id='line_1_18' title="bbox 1089 333 2692 400; baseline 0.001 -6"><span class='ocrx_word' id='word_1_119' title='bbox 1089 335 1189 395; x_wconf 89' lang='lat' dir='ltr'><strong>DE</strong></span> <span class='ocrx_word' id='word_1_120' title='bbox 1231 336 1514 400; x_wconf 83' lang='lat' dir='ltr'><strong>ALEXIO</strong></span> <span class='ocrx_word' id='word_1_121' title='bbox 1557 334 1840 398; x_wconf 79' lang='lat' dir='ltr'><strong>ISAACII</strong></span> <span class='ocrx_word' id='word_1_122' title='bbox 1883 333 2167 396; x_wconf 86' lang='lat' dir='ltr'><strong>ANGELI</strong></span> <span class='ocrx_word' id='word_1_123' title='bbox 2216 336 2340 397; x_wconf 81' lang='lat' dir='ltr'><strong>FB.</strong></span> <span class='ocrx_word' id='word_1_124' title='bbox 2388 334 2536 397; x_wconf 91' lang='lat' dir='ltr'><strong>LIB.</strong></span> <span class='ocrx_word' id='word_1_125' title='bbox 2583 336 2692 398; x_wconf 91' lang='lat' dir='ltr'><strong>III.</strong></span> 
     </span>
    </p>
   </div>
   <div class='ocr_carea' id='block_1_19' title="bbox 1691 466 3665 541">
    <p class='ocr_par' dir='ltr' id='par_1_19' title="bbox 1691 466 3665 541">
     <span class='ocr_line' id='line_1_19' title="bbox 1691 466 3665 541; baseline 0.008 -21"><span class='ocrx_word' id='word_1_126' title='bbox 1691 466 1883 541; x_wconf 76' lang='grc' dir='ltr'>μοίρας</span> <span class='ocrx_word' id='word_1_127' title='bbox 1921 476 1964 536; x_wconf 67' lang='grc' dir='ltr'><strong>Α</strong></span> <span class='ocrx_word' id='word_1_128' title='bbox 2004 469 2343 536; x_wconf 71' lang='lat' dir='ltr'><strong>Spectat-ile,</strong></span> <span class='ocrx_word' id='word_1_129' title='bbox 2374 485 2563 540; x_wconf 73' lang='lat' dir='ltr'><strong>neque</strong></span> <span class='ocrx_word' id='word_1_130' title='bbox 2593 469 2866 525; x_wconf 80' lang='lat' dir='ltr'><strong>dentibus</strong></span> <span class='ocrx_word' id='word_1_131' title='bbox 2917 471 3276 528; x_wconf 75' lang='lat' dir='ltr'><strong>scinderetur</strong></span> <span class='ocrx_word' id='word_1_132' title='bbox 3305 480 3360 529; x_wconf 77' lang='grc' dir='ltr'><strong>(ἱ</strong></span> <span class='ocrx_word' id='word_1_133' title='bbox 3418 478 3665 535; x_wconf 87' lang='lat' dir='ltr'><strong>molere—</strong></span> 
     </span>
    </p>
   </div>
   <div class='ocr_carea' id='block_1_20' title="bbox 3537 346 3656 407">
    <p class='ocr_par' dir='ltr' id='par_1_20' title="bbox 3537 346 3656 407">
     <span class='ocr_line' id='line_1_20' title="bbox 3537 346 3656 407; baseline -0.008 0"><span class='ocrx_word' id='word_1_134' title='bbox 3537 346 3656 407; x_wconf 88' lang='lat'><strong>898</strong></span> 
     </span>
    </p>
   </div>
   <div class='ocr_carea' id='block_1_21' title="bbox 1996 561 3666 627">
    <p class='ocr_par' dir='ltr' id='par_1_21' title="bbox 1996 561 3666 627">
     <span class='ocr_line' id='line_1_21' title="bbox 1996 561 3666 627; baseline 0.009 -15"><span class='ocrx_word' id='word_1_135' title='bbox 1996 565 2108 623; x_wconf 88' lang='lat' dir='ltr'><strong>tcr,</strong></span> <span class='ocrx_word' id='word_1_136' title='bbox 2142 561 2277 615; x_wconf 86' lang='lat' dir='ltr'><strong>etin</strong></span> <span class='ocrx_word' id='word_1_137' title='bbox 2306 562 2636 616; x_wconf 83' lang='lat' dir='ltr'><strong>scindendo</strong></span> <span class='ocrx_word' id='word_1_138' title='bbox 2669 561 2885 615; x_wconf 87' lang='lat' dir='ltr'><strong>nullam</strong></span> <span class='ocrx_word' id='word_1_139' title='bbox 2927 565 3168 617; x_wconf 80' lang='lat' dir='ltr'><strong>(mnino</strong></span> <span class='ocrx_word' id='word_1_140' title='bbox 3211 566 3532 623; x_wconf 72' lang='lat' dir='ltr'><strong>n=olestium</strong></span> <span class='ocrx_word' id='word_1_141' title='bbox 3567 575 3666 627; x_wconf 87' lang='lat' dir='ltr'><strong>aut</strong></span> 
     </span>
    </p>
   </div>
   <div class='ocr_carea' id='block_1_22' title="bbox 1995 646 3660 719">
    <p class='ocr_par' dir='ltr' id='par_1_22' title="bbox 1995 646 3660 719">
     <span class='ocr_line' id='line_1_22' title="bbox 1995 646 3660 719; baseline 0.008 -20"><span class='ocrx_word' id='word_1_142' title='bbox 1995 646 2251 701; x_wconf 86' lang='lat' dir='ltr'><strong>dolorem</strong></span> <span class='ocrx_word' id='word_1_143' title='bbox 2286 649 2574 714; x_wconf 82' lang='lat' dir='ltr'><strong>sentiret;</strong></span> <span class='ocrx_word' id='word_1_144' title='bbox 2611 650 2946 719; x_wconf 56' lang='lat' dir='ltr'><strong>pressertim</strong></span> <span class='ocrx_word' id='word_1_145' title='bbox 2985 666 3116 704; x_wconf 63' lang='lat' dir='ltr'><strong>eam</strong></span> <span class='ocrx_word' id='word_1_146' title='bbox 3158 654 3660 713; x_wconf 68' lang='lat' dir='ltr'><strong>saerifi0tsdicnt:</strong></span> 
     </span>
    </p>
   </div>
   <div class='ocr_carea' id='block_1_23' title="bbox 1997 737 3662 803">
    <p class='ocr_par' dir='ltr' id='par_1_23' title="bbox 1997 737 3662 803">
     <span class='ocr_line' id='line_1_23' title="bbox 1997 737 3662 803; baseline 0.007 -13"><span class='ocrx_word' id='word_1_147' title='bbox 1997 757 2024 783; x_wconf 86' lang='lat'><strong>«</strong></span> <span class='ocrx_word' id='word_1_148' title='bbox 2058 737 2180 800; x_wconf 87' lang='lat' dir='ltr'><strong>Qui</strong></span> <span class='ocrx_word' id='word_1_149' title='bbox 2205 737 2453 792; x_wconf 89' lang='lat' dir='ltr'><strong>comedit</strong></span> <span class='ocrx_word' id='word_1_150' title='bbox 2489 754 2599 803; x_wconf 91' lang='lat' dir='ltr'><strong>me,</strong></span> <span class='ocrx_word' id='word_1_151' title='bbox 2634 738 2805 792; x_wconf 91' lang='lat' dir='ltr'><strong>vivet.</strong></span> <span class='ocrx_word' id='word_1_152' title='bbox 2829 739 3328 802; x_wconf 80' lang='lat' dir='ltr'><strong>Quemadmodum</strong></span> <span class='ocrx_word' id='word_1_153' title='bbox 3383 743 3542 800; x_wconf 81' lang='lat' dir='ltr'><strong>misit</strong></span> <span class='ocrx_word' id='word_1_154' title='bbox 3573 763 3662 802; x_wconf 89' lang='lat' dir='ltr'><strong>me</strong></span> 
     </span>
    </p>
   </div>
   <div class='ocr_carea' id='block_1_24' title="bbox 2009 827 3660 900">
    <p class='ocr_par' dir='ltr' id='par_1_24' title="bbox 2009 827 3660 900">
     <span class='ocr_line' id='line_1_24' title="bbox 2009 827 3660 900; baseline 0.007 -20"><span class='ocrx_word' id='word_1_155' title='bbox 2009 827 2203 893; x_wconf 88' lang='lat' dir='ltr'><strong>Pater,</strong></span> <span class='ocrx_word' id='word_1_156' title='bbox 2237 834 2295 882; x_wconf 89' lang='lat' dir='ltr'><strong>et</strong></span> <span class='ocrx_word' id='word_1_157' title='bbox 2329 845 2432 898; x_wconf 71' lang='lat' dir='ltr'><strong>ego</strong></span> <span class='ocrx_word' id='word_1_158' title='bbox 2483 831 2607 884; x_wconf 86' lang='lat' dir='ltr'><strong>vivo</strong></span> <span class='ocrx_word' id='word_1_159' title='bbox 2650 837 2882 900; x_wconf 80' lang='lat' dir='ltr'><strong>propter</strong></span> <span class='ocrx_word' id='word_1_160' title='bbox 2951 829 3196 884; x_wconf 80' lang='lat' dir='ltr'><strong>Patrem.</strong></span> <span class='ocrx_word' id='word_1_161' title='bbox 3232 853 3259 880; x_wconf 81' lang='lat'>»</span> <span class='ocrx_word' id='word_1_162' title='bbox 3312 835 3482 898; x_wconf 79' lang='lat' dir='ltr'><strong>Quasi</strong></span> <span class='ocrx_word' id='word_1_163' title='bbox 3529 853 3660 892; x_wconf 91' lang='lat' dir='ltr'><strong>cum</strong></span> 
     </span>
    </p>
   </div>
   <div class='ocr_carea' id='block_1_25' title="bbox 1998 914 3660 991">
    <p class='ocr_par' dir='ltr' id='par_1_25' title="bbox 1998 914 3660 991">
     <span class='ocr_line' id='line_1_25' title="bbox 1998 914 3660 991; baseline 0.007 -22"><span class='ocrx_word' id='word_1_164' title='bbox 1998 914 2152 971; x_wconf 87' lang='lat' dir='ltr'><strong>malo</strong></span> <span class='ocrx_word' id='word_1_165' title='bbox 2185 916 2380 972; x_wconf 86' lang='lat' dir='ltr'><strong>animo</strong></span> <span class='ocrx_word' id='word_1_166' title='bbox 2421 924 2478 974; x_wconf 86' lang='lat' dir='ltr'><strong>et</strong></span> <span class='ocrx_word' id='word_1_167' title='bbox 2535 918 2830 976; x_wconf 77' lang='lat' dir='ltr'><strong>voluntate</strong></span> <span class='ocrx_word' id='word_1_168' title='bbox 2877 926 3093 976; x_wconf 87' lang='lat' dir='ltr'><strong>tantam</strong></span> <span class='ocrx_word' id='word_1_169' title='bbox 3156 921 3543 991; x_wconf 77' lang='lat' dir='ltr'><strong>ignorantiam</strong></span> <span class='ocrx_word' id='word_1_170' title='bbox 3605 931 3660 982; x_wconf 78' lang='lat' dir='ltr'><strong>et</strong></span> 
     </span>
    </p>
   </div>
   <div class='ocr_carea' id='block_1_26' title="bbox 1999 1005 3661 1080">
    <p class='ocr_par' dir='ltr' id='par_1_26' title="bbox 1999 1005 3661 1080">
     <span class='ocr_line' id='line_1_26' title="bbox 1999 1005 3661 1080; baseline 0.005 -21"><span class='ocrx_word' id='word_1_171' title='bbox 1999 1005 2148 1061; x_wconf 77' lang='lat'><strong>685</strong></span> <span class='ocrx_word' id='word_1_172' title='bbox 2206 1009 2534 1061; x_wconf 86' lang='lat' dir='ltr'><strong>vecordiam</strong></span> <span class='ocrx_word' id='word_1_173' title='bbox 2602 1025 2662 1062; x_wconf 89' lang='lat' dir='ltr'><strong>se</strong></span> <span class='ocrx_word' id='word_1_174' title='bbox 2697 1014 3098 1080; x_wconf 77' lang='lat' dir='ltr'><strong>.ccnjunxissa</strong></span> <span class='ocrx_word' id='word_1_175' title='bbox 3139 1017 3467 1068; x_wconf 72' lang='lat' dir='ltr'><strong>faterentur.</strong></span> <span class='ocrx_word' id='word_1_176' title='bbox 3518 1014 3661 1068; x_wconf 77' lang='lat' dir='ltr'><strong>Nam</strong></span> 
     </span>
    </p>
   </div>
   <div class='ocr_carea' id='block_1_27' title="bbox 2007 1093 3662 1172">
    <p class='ocr_par' dir='ltr' id='par_1_27' title="bbox 2007 1093 3662 1172">
     <span class='ocr_line' id='line_1_27' title="bbox 2007 1093 3662 1172; baseline 0.007 -26"><span class='ocrx_word' id='word_1_177' title='bbox 2007 1093 2293 1162; x_wconf 84' lang='lat' dir='ltr'><strong>baptisma</strong></span> <span class='ocrx_word' id='word_1_178' title='bbox 2333 1111 2435 1164; x_wconf 90' lang='lat' dir='ltr'><strong>pro</strong></span> <span class='ocrx_word' id='word_1_179' title='bbox 2467 1095 2846 1154; x_wconf 71' lang='lat' dir='ltr'><strong>similitudine</strong></span> <span class='ocrx_word' id='word_1_180' title='bbox 2877 1101 3078 1157; x_wconf 91' lang='lat' dir='ltr'><strong>mortis</strong></span> <span class='ocrx_word' id='word_1_181' title='bbox 3109 1101 3320 1157; x_wconf 79' lang='lat' dir='ltr'><strong>Christi</strong></span> <span class='ocrx_word' id='word_1_182' title='bbox 3365 1102 3662 1172; x_wconf 77' lang='lat' dir='ltr'><strong>sepultura</strong></span> 
     </span>
    </p>
   </div>
   <div class='ocr_carea' id='block_1_28' title="bbox 2018 1183 3659 1259">
    <p class='ocr_par' dir='ltr' id='par_1_28' title="bbox 2018 1183 3659 1259">
     <span class='ocr_line' id='line_1_28' title="bbox 2018 1183 3659 1259; baseline 0.007 -25"><span class='ocrx_word' id='word_1_183' title='bbox 2018 1191 2101 1236; x_wconf 82' lang='lat' dir='ltr'><strong>est</strong></span> <span class='ocrx_word' id='word_1_184' title='bbox 2139 1187 2195 1238; x_wconf 87' lang='lat' dir='ltr'><strong>et</strong></span> <span class='ocrx_word' id='word_1_185' title='bbox 2253 1183 2512 1238; x_wconf 76' lang='lat' dir='ltr'><strong>emersio.</strong></span> <span class='ocrx_word' id='word_1_186' title='bbox 2554 1207 2580 1233; x_wconf 87' lang='lat'><strong>«</strong></span> <span class='ocrx_word' id='word_1_187' title='bbox 2641 1188 2987 1259; x_wconf 73' lang='lat' dir='ltr'><strong>Quicunque</strong></span> <span class='ocrx_word' id='word_1_188' title='bbox 3037 1192 3187 1246; x_wconf 87' lang='lat' dir='ltr'><strong>enim</strong></span> <span class='ocrx_word' id='word_1_189' title='bbox 3250 1191 3307 1245; x_wconf 91' lang='lat' dir='ltr'><strong>in</strong></span> <span class='ocrx_word' id='word_1_190' title='bbox 3346 1191 3659 1254; x_wconf 78' lang='lat' dir='ltr'><strong>Christum</strong></span> 
     </span>
    </p>
   </div>
   <div class='ocr_carea' id='block_1_29' title="bbox 2001 1272 3658 1347">
    <p class='ocr_par' dir='ltr' id='par_1_29' title="bbox 2001 1272 3658 1347">
     <span class='ocr_line' id='line_1_29' title="bbox 2001 1272 3658 1347; baseline 0.008 -23"><span class='ocrx_word' id='word_1_191' title='bbox 2001 1272 2279 1340; x_wconf 83' lang='lat' dir='ltr'><strong>bnptizati</strong></span> <span class='ocrx_word' id='word_1_192' title='bbox 2307 1289 2536 1338; x_wconf 90' lang='lat' dir='ltr'><strong>sumus,</strong></span> <span class='ocrx_word' id='word_1_193' title='bbox 2563 1275 2858 1332; x_wconf 80' lang='lat' dir='ltr'><strong>Christum</strong></span> <span class='ocrx_word' id='word_1_194' title='bbox 2900 1281 3222 1347; x_wconf 80' lang='lat' dir='ltr'><strong>induimus,</strong></span> <span class='ocrx_word' id='word_1_195' title='bbox 3257 1286 3312 1334; x_wconf 88' lang='lat' dir='ltr'><strong>et</strong></span> <span class='ocrx_word' id='word_1_196' title='bbox 3337 1282 3392 1334; x_wconf 88' lang='lat' dir='ltr'><strong>in</strong></span> <span class='ocrx_word' id='word_1_197' title='bbox 3414 1288 3658 1336; x_wconf 85' lang='lat' dir='ltr'><strong>mortem</strong></span> 
     </span>
    </p>
   </div>
   <div class='ocr_carea' id='block_1_30' title="bbox 1999 1361 3657 1440">
    <p class='ocr_par' dir='ltr' id='par_1_30' title="bbox 1999 1361 3657 1440">
     <span class='ocr_line' id='line_1_30' title="bbox 1999 1361 3657 1440; baseline 0.006 -26"><span class='ocrx_word' id='word_1_198' title='bbox 1999 1361 2126 1430; x_wconf 86' lang='lat' dir='ltr'><strong>ejus</strong></span> <span class='ocrx_word' id='word_1_199' title='bbox 2160 1361 2427 1432; x_wconf 77' lang='lat' dir='ltr'><strong>baptizati</strong></span> <span class='ocrx_word' id='word_1_200' title='bbox 2462 1381 2692 1431; x_wconf 83' lang='lat' dir='ltr'><strong>sumus,</strong></span> <span class='ocrx_word' id='word_1_201' title='bbox 2737 1389 2764 1416; x_wconf 84' lang='lat'>»</span> <span class='ocrx_word' id='word_1_202' title='bbox 2796 1377 2845 1422; x_wconf 89' lang='lat' dir='ltr'><strong>et</strong></span> <span class='ocrx_word' id='word_1_203' title='bbox 2877 1370 3204 1425; x_wconf 84' lang='lat' dir='ltr'><strong>divinorum</strong></span> <span class='ocrx_word' id='word_1_204' title='bbox 3233 1370 3657 1440; x_wconf 79' lang='lat' dir='ltr'><strong>mysteriorum</strong></span> 
     </span>
    </p>
   </div>
   <div class='ocr_carea' id='block_1_31' title="bbox 1999 1451 3662 1522">
    <p class='ocr_par' dir='ltr' id='par_1_31' title="bbox 1999 1451 3662 1522">
     <span class='ocr_line' id='line_1_31' title="bbox 1999 1451 3662 1522; baseline 0.005 -18"><span class='ocrx_word' id='word_1_205' title='bbox 1999 1451 2253 1506; x_wconf 84' lang='lat' dir='ltr'><strong>efficacia</strong></span> <span class='ocrx_word' id='word_1_206' title='bbox 2284 1468 2386 1522; x_wconf 89' lang='lat' dir='ltr'><strong>per</strong></span> <span class='ocrx_word' id='word_1_207' title='bbox 2414 1455 2504 1506; x_wconf 76' lang='lat' dir='ltr'><strong>Dei</strong></span> <span class='ocrx_word' id='word_1_208' title='bbox 2557 1453 2957 1514; x_wconf 83' lang='lat' dir='ltr'><strong>adorationem</strong></span> <span class='ocrx_word' id='word_1_209' title='bbox 3021 1465 3077 1513; x_wconf 85' lang='lat' dir='ltr'><strong>et</strong></span> <span class='ocrx_word' id='word_1_210' title='bbox 3134 1459 3551 1513; x_wconf 81' lang='lat' dir='ltr'><strong>invocationem</strong></span> <span class='ocrx_word' id='word_1_211' title='bbox 3605 1462 3662 1512; x_wconf 81' lang='lat' dir='ltr'><strong>et</strong></span> 
     </span>
    </p>
   </div>
   <div class='ocr_carea' id='block_1_32' title="bbox 2000 1540 3660 1616">
    <p class='ocr_par' dir='ltr' id='par_1_32' title="bbox 2000 1540 3660 1616">
     <span class='ocr_line' id='line_1_32' title="bbox 2000 1540 3660 1616; baseline 0.005 -23"><span class='ocrx_word' id='word_1_212' title='bbox 2000 1541 2198 1610; x_wconf 71' lang='lat' dir='ltr'><strong>gratia:</strong></span> <span class='ocrx_word' id='word_1_213' title='bbox 2242 1540 2494 1597; x_wconf 85' lang='lat' dir='ltr'><strong>ccelestis</strong></span> <span class='ocrx_word' id='word_1_214' title='bbox 2545 1544 2883 1600; x_wconf 85' lang='lat' dir='ltr'><strong>descensum</strong></span> <span class='ocrx_word' id='word_1_215' title='bbox 2949 1547 3272 1616; x_wconf 87' lang='lat' dir='ltr'><strong>perﬁcitur.</strong></span> <span class='ocrx_word' id='word_1_216' title='bbox 3333 1547 3470 1611; x_wconf 65' lang='lat' dir='ltr'><strong>Quae</strong></span> <span class='ocrx_word' id='word_1_217' title='bbox 3518 1551 3575 1600; x_wconf 88' lang='lat' dir='ltr'><strong>et</strong></span> <span class='ocrx_word' id='word_1_218' title='bbox 3605 1547 3660 1601; x_wconf 92' lang='lat' dir='ltr'><strong>id</strong></span> 
     </span>
    </p>
   </div>
   <div class='ocr_carea' id='block_1_33' title="bbox 2001 1629 3660 1706">
    <p class='ocr_par' dir='ltr' id='par_1_33' title="bbox 2001 1629 3660 1706">
     <span class='ocr_line' id='line_1_33' title="bbox 2001 1629 3660 1706; baseline 0.004 -23"><span class='ocrx_word' id='word_1_219' title='bbox 2001 1645 2183 1696; x_wconf 79' lang='lat' dir='ltr'><strong>genus</strong></span> <span class='ocrx_word' id='word_1_220' title='bbox 2201 1629 2307 1684; x_wconf 87' lang='lat' dir='ltr'><strong>alia</strong></span> <span class='ocrx_word' id='word_1_221' title='bbox 2337 1630 2736 1702; x_wconf 88' lang='lat' dir='ltr'><strong>improborum</strong></span> <span class='ocrx_word' id='word_1_222' title='bbox 2767 1634 3002 1690; x_wconf 89' lang='lat' dir='ltr'><strong>bominu</strong></span> <span class='ocrx_word' id='word_1_223' title='bbox 3026 1653 3079 1690; x_wconf 92' lang='lat' dir='ltr'><strong>m</strong></span> <span class='ocrx_word' id='word_1_224' title='bbox 3113 1637 3288 1691; x_wconf 88' lang='lat' dir='ltr'><strong>verba</strong></span> <span class='ocrx_word' id='word_1_225' title='bbox 3321 1637 3581 1706; x_wconf 90' lang='lat' dir='ltr'><strong>utimpia</strong></span> <span class='ocrx_word' id='word_1_226' title='bbox 3603 1640 3660 1690; x_wconf 88' lang='lat' dir='ltr'><strong>et</strong></span> 
     </span>
    </p>
   </div>
   <div class='ocr_carea' id='block_1_34' title="bbox 2003 1718 3656 1794">
    <p class='ocr_par' dir='ltr' id='par_1_34' title="bbox 2003 1718 3656 1794">
     <span class='ocr_line' id='line_1_34' title="bbox 2003 1718 3656 1794; baseline 0.004 -23"><span class='ocrx_word' id='word_1_227' title='bbox 2003 1718 2235 1773; x_wconf 89' lang='lat' dir='ltr'><strong>inutilia</strong></span> <span class='ocrx_word' id='word_1_228' title='bbox 2269 1720 2763 1786; x_wconf 63' lang='lat' dir='ltr'><strong>praetermisimus.</strong></span> <span class='ocrx_word' id='word_1_229' title='bbox 2795 1723 2940 1779; x_wconf 83' lang='lat' dir='ltr'><strong>Nam</strong></span> <span class='ocrx_word' id='word_1_230' title='bbox 2966 1724 3314 1790; x_wconf 73' lang='lat' dir='ltr'><strong>quasietiam</strong></span> <span class='ocrx_word' id='word_1_231' title='bbox 3349 1739 3656 1794; x_wconf 83' lang='lat' dir='ltr'><strong>corporum</strong></span> 
     </span>
    </p>
   </div>
   <div class='ocr_carea' id='block_1_35' title="bbox 209 1807 1889 1908">
    <p class='ocr_par' dir='ltr' id='par_1_35' title="bbox 209 1812 1889 1888">
     <span class='ocr_line' id='line_1_35' title="bbox 209 1812 1889 1888; baseline -0.001 -21"><span class='ocrx_word' id='word_1_232' title='bbox 209 1812 398 1867; x_wconf 88' lang='grc' dir='ltr'>λευσιν</span> <span class='ocrx_word' id='word_1_233' title='bbox 459 1817 556 1868; x_wconf 79' lang='grc' dir='ltr'><strong>τοῦ</strong></span> <span class='ocrx_word' id='word_1_234' title='bbox 623 1814 834 1887; x_wconf 79' lang='grc' dir='ltr'>Κυρίου</span> <span class='ocrx_word' id='word_1_235' title='bbox 901 1814 976 1885; x_wconf 84' lang='grc' dir='ltr'>μὴ</span> <span class='ocrx_word' id='word_1_236' title='bbox 1053 1817 1237 1886; x_wconf 80' lang='grc' dir='ltr'>θαῦμα</span> <span class='ocrx_word' id='word_1_237' title='bbox 1296 1813 1674 1888; x_wconf 74' lang='grc' dir='ltr'>ἱσχυρίζοντες</span> <span class='ocrx_word' id='word_1_238' title='bbox 1735 1812 1889 1885; x_wconf 80' lang='grc' dir='ltr'>εἶναι,</span> 
     </span>
    </p>
   </div>
   <div class='ocr_carea' id='block_1_36' title="bbox 1988 1807 3653 1908">
    <p class='ocr_par' dir='ltr' id='par_1_36' title="bbox 2006 1807 3653 1882">
     <span class='ocr_line' id='line_1_36' title="bbox 2006 1807 3653 1882; baseline 0.003 -21"><span class='ocrx_word' id='word_1_239' title='bbox 2006 1807 2498 1864; x_wconf 84' lang='lat' dir='ltr'><strong>resuscitationem</strong></span> <span class='ocrx_word' id='word_1_240' title='bbox 2525 1809 3254 1882; x_wconf 87' lang='lat' dir='ltr'><strong>improbarent,dicebant:</strong></span> <span class='ocrx_word' id='word_1_241' title='bbox 3295 1813 3410 1882; x_wconf 84' lang='lat' dir='ltr'><strong>Ipsi</strong></span> <span class='ocrx_word' id='word_1_242' title='bbox 3440 1829 3544 1882; x_wconf 88' lang='lat' dir='ltr'><strong>qua</strong></span> <span class='ocrx_word' id='word_1_243' title='bbox 3560 1830 3653 1866; x_wconf 88' lang='lat' dir='ltr'><strong>ra-</strong></span> 
     </span>
    </p>
   </div>
   <div class='ocr_carea' id='block_1_37' title="bbox 205 1900 1900 1978">
    <p class='ocr_par' dir='ltr' id='par_1_37' title="bbox 205 1900 1900 1978">
     <span class='ocr_line' id='line_1_37' title="bbox 205 1900 1900 1978; baseline 0.001 -24"><span class='ocrx_word' id='word_1_244' title='bbox 205 1901 358 1956; x_wconf 80' lang='grc' dir='ltr'>ἀλλά</span> <span class='ocrx_word' id='word_1_245' title='bbox 411 1923 463 1956; x_wconf 88' lang='grc' dir='ltr'><strong>τι</strong></span> <span class='ocrx_word' id='word_1_246' title='bbox 524 1903 799 1978; x_wconf 74' lang='grc' dir='ltr'>προσφυὶς</span> <span class='ocrx_word' id='word_1_247' title='bbox 857 1901 949 1956; x_wconf 82' lang='grc' dir='ltr'><strong>καὶ</strong></span> <span class='ocrx_word' id='word_1_248' title='bbox 1033 1902 1380 1978; x_wconf 80' lang='grc' dir='ltr'>ἐφάρμοστον</span> <span class='ocrx_word' id='word_1_249' title='bbox 1445 1907 1562 1964; x_wconf 89' lang='grc' dir='ltr'>τοῖς</span> <span class='ocrx_word' id='word_1_250' title='bbox 1614 1900 1900 1973; x_wconf 79' lang='grc' dir='ltr'>ἀνισταμέ-</span> 
     </span>
    </p>
   </div>
   <div class='ocr_carea' id='block_1_38' title="bbox 208 1990 1896 2066">
    <p class='ocr_par' dir='ltr' id='par_1_38' title="bbox 208 1990 1896 2066">
     <span class='ocr_line' id='line_1_38' title="bbox 208 1990 1896 2066; baseline 0 -22"><span class='ocrx_word' id='word_1_251' title='bbox 208 2011 333 2051; x_wconf 90' lang='grc' dir='ltr'>νοις</span> <span class='ocrx_word' id='word_1_252' title='bbox 363 1990 422 2044; x_wconf 82' lang='grc' dir='ltr'><strong>έκ</strong></span> <span class='ocrx_word' id='word_1_253' title='bbox 459 1996 570 2045; x_wconf 87' lang='grc' dir='ltr'><strong>τῶν</strong></span> <span class='ocrx_word' id='word_1_254' title='bbox 627 1995 852 2066; x_wconf 77' lang='grc' dir='ltr'>νεκρῶν.</span> <span class='ocrx_word' id='word_1_255' title='bbox 913 1993 1192 2048; x_wconf 80' lang='grc' dir='ltr'>Τοιοῦτον</span> <span class='ocrx_word' id='word_1_256' title='bbox 1279 1992 1373 2064; x_wconf 77' lang='grc' dir='ltr'>μὶν</span> <span class='ocrx_word' id='word_1_257' title='bbox 1450 1990 1502 2045; x_wconf 85' lang='grc' dir='ltr'>ὲν</span> <span class='ocrx_word' id='word_1_258' title='bbox 1573 1996 1690 2052; x_wconf 88' lang='grc' dir='ltr'>τοῖς</span> <span class='ocrx_word' id='word_1_259' title='bbox 1761 2010 1896 2065; x_wconf 87' lang='grc' dir='ltr'>γρα-</span> 
     </span>
    </p>
   </div>
   <div class='ocr_carea' id='block_1_39' title="bbox 209 2076 1894 2154">
    <p class='ocr_par' dir='ltr' id='par_1_39' title="bbox 209 2076 1894 2154">
     <span class='ocr_line' id='line_1_39' title="bbox 209 2076 1894 2154; baseline -0.001 -21"><span class='ocrx_word' id='word_1_260' title='bbox 209 2084 389 2152; x_wconf 77' lang='grc' dir='ltr'>φεῖσιν</span> <span class='ocrx_word' id='word_1_261' title='bbox 425 2080 524 2135; x_wconf 80' lang='grc' dir='ltr'>οὐκ</span> <span class='ocrx_word' id='word_1_262' title='bbox 571 2080 712 2136; x_wconf 85' lang='grc' dir='ltr'>ἔστιν</span> <span class='ocrx_word' id='word_1_263' title='bbox 750 2081 897 2142; x_wconf 78' lang='grc' dir='ltr'>ὅλως</span> <span class='ocrx_word' id='word_1_264' title='bbox 957 2081 1132 2154; x_wconf 81' lang='grc' dir='ltr'>εὑρεῖν</span> <span class='ocrx_word' id='word_1_265' title='bbox 1194 2077 1372 2149; x_wconf 76' lang='grc' dir='ltr'>οὖδὶν,</span> <span class='ocrx_word' id='word_1_266' title='bbox 1429 2077 1777 2153; x_wconf 77' lang='grc' dir='ltr'>καταδρομὴν</span> <span class='ocrx_word' id='word_1_267' title='bbox 1838 2076 1894 2133; x_wconf 81' lang='grc' dir='ltr'><strong>δέ</strong></span> 
     </span>
    </p>
   </div>
   <div class='ocr_carea' id='block_1_40' title="bbox 216 2168 1888 2246">
    <p class='ocr_par' dir='ltr' id='par_1_40' title="bbox 216 2168 1888 2246">
     <span class='ocr_line' id='line_1_40' title="bbox 216 2168 1888 2246; baseline -0.001 -22"><span class='ocrx_word' id='word_1_268' title='bbox 216 2191 344 2224; x_wconf 89' lang='grc' dir='ltr'>τινα</span> <span class='ocrx_word' id='word_1_269' title='bbox 371 2168 566 2237; x_wconf 80' lang='grc' dir='ltr'>ἀναιδῆ</span> <span class='ocrx_word' id='word_1_270' title='bbox 611 2170 701 2226; x_wconf 78' lang='grc' dir='ltr'><strong>καὶ</strong></span> <span class='ocrx_word' id='word_1_271' title='bbox 759 2171 1094 2246; x_wconf 79' lang='grc' dir='ltr'>ἀμάρτυρον,</span> <span class='ocrx_word' id='word_1_272' title='bbox 1172 2172 1246 2233; x_wconf 85' lang='grc' dir='ltr'>ὡς</span> <span class='ocrx_word' id='word_1_273' title='bbox 1324 2172 1417 2225; x_wconf 81' lang='grc' dir='ltr'><strong>οἷα</strong></span> <span class='ocrx_word' id='word_1_274' title='bbox 1494 2169 1764 2246; x_wconf 74' lang='grc' dir='ltr'>λεγόντων</span> <span class='ocrx_word' id='word_1_275' title='bbox 1840 2169 1888 2238; x_wconf 75' lang='grc' dir='ltr'>ἐξ</span> 
     </span>
    </p>
   </div>
   <div class='ocr_carea' id='block_1_41' title="bbox 221 2257 1892 2336">
    <p class='ocr_par' dir='ltr' id='par_1_41' title="bbox 221 2257 1892 2336">
     <span class='ocr_line' id='line_1_41' title="bbox 221 2257 1892 2336; baseline -0.001 -25"><span class='ocrx_word' id='word_1_276' title='bbox 221 2258 400 2328; x_wconf 71' lang='grc' dir='ltr'>αὐτῆς</span> <span class='ocrx_word' id='word_1_277' title='bbox 434 2260 674 2323; x_wconf 78' lang='grc' dir='ltr'>ένώσεως</span> <span class='ocrx_word' id='word_1_278' title='bbox 727 2259 815 2314; x_wconf 76' lang='grc' dir='ltr'><strong>καὶ</strong></span> <span class='ocrx_word' id='word_1_279' title='bbox 875 2258 1164 2320; x_wconf 86' lang='grc' dir='ltr'>κοινωνίας</span> <span class='ocrx_word' id='word_1_280' title='bbox 1225 2259 1587 2336; x_wconf 80' lang='grc' dir='ltr'>ἀφθαρτίσθαι</span> <span class='ocrx_word' id='word_1_281' title='bbox 1645 2257 1734 2311; x_wconf 87' lang='grc' dir='ltr'>τὸν</span> <span class='ocrx_word' id='word_1_282' title='bbox 1793 2277 1892 2310; x_wconf 89' lang='grc' dir='ltr'>κυ-</span> 
     </span>
    </p>
   </div>
   <div class='ocr_carea' id='block_1_42' title="bbox 221 2342 1886 2423">
    <p class='ocr_par' dir='ltr' id='par_1_42' title="bbox 221 2342 1886 2423">
     <span class='ocr_line' id='line_1_42' title="bbox 221 2342 1886 2423; baseline -0.001 -22"><span class='ocrx_word' id='word_1_283' title='bbox 221 2349 414 2418; x_wconf 81' lang='grc' dir='ltr'>ριακὸν</span> <span class='ocrx_word' id='word_1_284' title='bbox 443 2345 728 2423; x_wconf 72' lang='grc' dir='ltr'>ἄνθρωπον</span> <span class='ocrx_word' id='word_1_285' title='bbox 761 2349 850 2402; x_wconf 82' lang='grc' dir='ltr'><strong>καὶ</strong></span> <span class='ocrx_word' id='word_1_286' title='bbox 881 2346 1221 2416; x_wconf 78' lang='grc' dir='ltr'>ἀναλυθῆναι</span> <span class='ocrx_word' id='word_1_287' title='bbox 1252 2346 1326 2408; x_wconf 63' lang='grc' dir='ltr'>εἷς</span> <span class='ocrx_word' id='word_1_288' title='bbox 1364 2347 1615 2417; x_wconf 88' lang='grc' dir='ltr'>θεότητα,</span> <span class='ocrx_word' id='word_1_289' title='bbox 1646 2346 1737 2400; x_wconf 82' lang='grc' dir='ltr'><strong>καὶ</strong></span> <span class='ocrx_word' id='word_1_290' title='bbox 1796 2342 1886 2399; x_wconf 82' lang='grc' dir='ltr'><strong>διά</strong></span> 
     </span>
    </p>
   </div>
   <div class='ocr_carea' id='block_1_43' title="bbox 223 2432 1880 2513">
    <p class='ocr_par' dir='ltr' id='par_1_43' title="bbox 223 2432 1880 2513">
     <span class='ocr_line' id='line_1_43' title="bbox 223 2432 1880 2513; baseline -0.002 -21"><span class='ocrx_word' id='word_1_291' title='bbox 223 2443 394 2494; x_wconf 77' lang='grc' dir='ltr'>τοῦτο</span> <span class='ocrx_word' id='word_1_292' title='bbox 427 2442 749 2512; x_wconf 77' lang='grc' dir='ltr'>φρονοῦντες</span> <span class='ocrx_word' id='word_1_293' title='bbox 778 2437 868 2492; x_wconf 77' lang='grc' dir='ltr'><strong>καὶ</strong></span> <span class='ocrx_word' id='word_1_294' title='bbox 899 2440 962 2492; x_wconf 85' lang='grc' dir='ltr'>τὸ</span> <span class='ocrx_word' id='word_1_295' title='bbox 1011 2432 1568 2510; x_wconf 88' lang='grc' dir='ltr'>μεταλαμϐανόμενον</span> <span class='ocrx_word' id='word_1_296' title='bbox 1608 2435 1880 2513; x_wconf 75' lang='grc' dir='ltr'>ἄφθαρτον</span> 
     </span>
    </p>
   </div>
   <div class='ocr_carea' id='block_1_44' title="bbox 2012 1897 3654 1974">
    <p class='ocr_par' dir='ltr' id='par_1_44' title="bbox 2012 1897 3654 1974">
     <span class='ocr_line' id='line_1_44' title="bbox 2012 1897 3654 1974; baseline 0.004 -24"><span class='ocrx_word' id='word_1_297' title='bbox 2012 1897 2166 1952; x_wconf 86' lang='lat' dir='ltr'><strong>tione</strong></span> <span class='ocrx_word' id='word_1_298' title='bbox 2188 1897 2447 1952; x_wconf 85' lang='lat' dir='ltr'><strong>nitantur</strong></span> <span class='ocrx_word' id='word_1_299' title='bbox 2478 1899 2723 1953; x_wconf 58' lang='lat' dir='ltr'><strong>viderint</strong></span> <span class='ocrx_word' id='word_1_300' title='bbox 2749 1904 3042 1971; x_wconf 88' lang='lat' dir='ltr'><strong>quomodo</strong></span> <span class='ocrx_word' id='word_1_301' title='bbox 3085 1918 3190 1957; x_wconf 89' lang='lat' dir='ltr'><strong>nos</strong></span> <span class='ocrx_word' id='word_1_302' title='bbox 3216 1907 3344 1974; x_wconf 85' lang='lat' dir='ltr'><strong>post</strong></span> <span class='ocrx_word' id='word_1_303' title='bbox 3402 1916 3654 1957; x_wconf 87' lang='lat' dir='ltr'><strong>resurre-</strong></span> 
     </span>
    </p>
   </div>
   <div class='ocr_carea' id='block_1_45' title="bbox 2004 1991 3651 2065">
    <p class='ocr_par' dir='ltr' id='par_1_45' title="bbox 2004 1991 3651 2065">
     <span class='ocr_line' id='line_1_45' title="bbox 2004 1991 3651 2065; baseline 0.002 -21"><span class='ocrx_word' id='word_1_304' title='bbox 2004 1991 2250 2045; x_wconf 90' lang='lat' dir='ltr'><strong>ctionem</strong></span> <span class='ocrx_word' id='word_1_305' title='bbox 2269 1991 2425 2046; x_wconf 89' lang='lat' dir='ltr'><strong>nullo</strong></span> <span class='ocrx_word' id='word_1_306' title='bbox 2445 1993 2616 2046; x_wconf 88' lang='lat' dir='ltr'><strong>modo</strong></span> <span class='ocrx_word' id='word_1_307' title='bbox 2635 1993 2742 2046; x_wconf 84' lang='lat' dir='ltr'><strong>sub</strong></span> <span class='ocrx_word' id='word_1_308' title='bbox 2763 2003 2998 2062; x_wconf 77' lang='lat' dir='ltr'><strong>tactum,</strong></span> <span class='ocrx_word' id='word_1_309' title='bbox 3025 2003 3317 2065; x_wconf 86' lang='lat' dir='ltr'><strong>aspectum</strong></span> <span class='ocrx_word' id='word_1_310' title='bbox 3339 2000 3392 2050; x_wconf 88' lang='lat' dir='ltr'><strong>et</strong></span> <span class='ocrx_word' id='word_1_311' title='bbox 3409 1995 3651 2064; x_wconf 87' lang='lat' dir='ltr'><strong>ﬁguram</strong></span> 
     </span>
    </p>
   </div>
   <div class='ocr_carea' id='block_1_46' title="bbox 2004 2078 3654 2153">
    <p class='ocr_par' dir='ltr' id='par_1_46' title="bbox 2004 2078 3654 2153">
     <span class='ocr_line' id='line_1_46' title="bbox 2004 2078 3654 2153; baseline 0.002 -19"><span class='ocrx_word' id='word_1_312' title='bbox 2004 2078 2316 2134; x_wconf 89' lang='lat' dir='ltr'><strong>humanam</strong></span> <span class='ocrx_word' id='word_1_313' title='bbox 2352 2096 2586 2136; x_wconf 76' lang='lat' dir='ltr'><strong>casuros</strong></span> <span class='ocrx_word' id='word_1_314' title='bbox 2635 2083 2950 2151; x_wconf 77' lang='lat' dir='ltr'><strong>afﬁrmant,</strong></span> <span class='ocrx_word' id='word_1_315' title='bbox 3005 2083 3106 2138; x_wconf 87' lang='lat' dir='ltr'><strong>sed</strong></span> <span class='ocrx_word' id='word_1_316' title='bbox 3167 2088 3232 2138; x_wconf 88' lang='lat' dir='ltr'><strong>ut</strong></span> <span class='ocrx_word' id='word_1_317' title='bbox 3287 2083 3654 2153; x_wconf 80' lang='lat' dir='ltr'><strong>incorporeas</strong></span> 
     </span>
    </p>
   </div>
   <div class='ocr_carea' id='block_1_47' title="bbox 2003 2167 3651 2243">
    <p class='ocr_par' dir='ltr' id='par_1_47' title="bbox 2003 2167 3651 2243">
     <span class='ocr_line' id='line_1_47' title="bbox 2003 2167 3651 2243; baseline 0.003 -21"><span class='ocrx_word' id='word_1_318' title='bbox 2003 2169 2239 2224; x_wconf 89' lang='lat' dir='ltr'><strong>umbras</strong></span> <span class='ocrx_word' id='word_1_319' title='bbox 2272 2167 2578 2236; x_wconf 84' lang='lat' dir='ltr'><strong>volaturos,</strong></span> <span class='ocrx_word' id='word_1_320' title='bbox 2612 2179 2662 2225; x_wconf 88' lang='lat' dir='ltr'><strong>et</strong></span> <span class='ocrx_word' id='word_1_321' title='bbox 2695 2171 2904 2227; x_wconf 82' lang='lat' dir='ltr'><strong>Christi</strong></span> <span class='ocrx_word' id='word_1_322' title='bbox 2946 2189 3044 2243; x_wconf 91' lang='lat' dir='ltr'><strong>per</strong></span> <span class='ocrx_word' id='word_1_323' title='bbox 3091 2172 3352 2228; x_wconf 88' lang='lat' dir='ltr'><strong>clausam</strong></span> <span class='ocrx_word' id='word_1_324' title='bbox 3407 2173 3651 2242; x_wconf 82' lang='lat' dir='ltr'><strong>januam</strong></span> 
     </span>
    </p>
   </div>
   <div class='ocr_carea' id='block_1_48' title="bbox 2001 2257 3643 2330">
    <p class='ocr_par' dir='ltr' id='par_1_48' title="bbox 2001 2257 3643 2330">
     <span class='ocr_line' id='line_1_48' title="bbox 2001 2257 3643 2330; baseline 0.002 -18"><span class='ocrx_word' id='word_1_325' title='bbox 2001 2257 2317 2328; x_wconf 84' lang='lat' dir='ltr'><strong>ingressum</strong></span> <span class='ocrx_word' id='word_1_326' title='bbox 2353 2274 2467 2315; x_wconf 85' lang='lat' dir='ltr'><strong>non</strong></span> <span class='ocrx_word' id='word_1_327' title='bbox 2506 2258 2874 2325; x_wconf 82' lang='lat' dir='ltr'><strong>miraculum,</strong></span> <span class='ocrx_word' id='word_1_328' title='bbox 2919 2261 3010 2315; x_wconf 89' lang='lat' dir='ltr'><strong>sed</strong></span> <span class='ocrx_word' id='word_1_329' title='bbox 3064 2259 3285 2330; x_wconf 82' lang='lat' dir='ltr'><strong>aliquid</strong></span> <span class='ocrx_word' id='word_1_330' title='bbox 3335 2265 3643 2330; x_wconf 77' lang='lat' dir='ltr'><strong>cognatum</strong></span> 
     </span>
    </p>
   </div>
   <div class='ocr_carea' id='block_1_49' title="bbox 1998 2347 3643 2417">
    <p class='ocr_par' dir='ltr' id='par_1_49' title="bbox 1998 2347 3643 2417">
     <span class='ocr_line' id='line_1_49' title="bbox 1998 2347 3643 2417; baseline 0.002 -15"><span class='ocrx_word' id='word_1_331' title='bbox 1998 2351 2054 2402; x_wconf 89' lang='lat' dir='ltr'><strong>et</strong></span> <span class='ocrx_word' id='word_1_332' title='bbox 2079 2351 2278 2417; x_wconf 82' lang='lat' dir='ltr'><strong>aptum</strong></span> <span class='ocrx_word' id='word_1_333' title='bbox 2312 2347 2740 2416; x_wconf 55' lang='lat' dir='ltr'><strong>resurgen‘ihus</strong></span> <span class='ocrx_word' id='word_1_334' title='bbox 2771 2365 2838 2403; x_wconf 78' lang='lat' dir='ltr'><strong>ex</strong></span> <span class='ocrx_word' id='word_1_335' title='bbox 2900 2350 3144 2404; x_wconf 87' lang='lat' dir='ltr'><strong>mortuis</strong></span> <span class='ocrx_word' id='word_1_336' title='bbox 3183 2365 3308 2404; x_wconf 89' lang='lat' dir='ltr'><strong>esse</strong></span> <span class='ocrx_word' id='word_1_337' title='bbox 3365 2352 3643 2406; x_wconf 85' lang='lat' dir='ltr'><strong>asserant.</strong></span> 
     </span>
    </p>
   </div>
   <div class='ocr_carea' id='block_1_50' title="bbox 1996 2435 3647 2510">
    <p class='ocr_par' dir='ltr' id='par_1_50' title="bbox 1996 2435 3647 2510">
     <span class='ocr_line' id='line_1_50' title="bbox 1996 2435 3647 2510; baseline 0.002 -19"><span class='ocrx_word' id='word_1_338' title='bbox 1996 2439 2076 2492; x_wconf 89' lang='lat' dir='ltr'><strong>Ac</strong></span> <span class='ocrx_word' id='word_1_339' title='bbox 2111 2435 2226 2492; x_wconf 87' lang='lat' dir='ltr'><strong>tale</strong></span> <span class='ocrx_word' id='word_1_340' title='bbox 2255 2435 2398 2491; x_wconf 90' lang='lat' dir='ltr'><strong>nihil</strong></span> <span class='ocrx_word' id='word_1_341' title='bbox 2436 2453 2669 2509; x_wconf 80' lang='lat' dir='ltr'><strong>prorsus</strong></span> <span class='ocrx_word' id='word_1_342' title='bbox 2702 2438 2758 2492; x_wconf 91' lang='lat' dir='ltr'><strong>in</strong></span> <span class='ocrx_word' id='word_1_343' title='bbox 2794 2438 3022 2510; x_wconf 78' lang='lat' dir='ltr'><strong>scriptis</strong></span> <span class='ocrx_word' id='word_1_344' title='bbox 3053 2440 3359 2509; x_wconf 83' lang='lat' dir='ltr'><strong>reperitur,</strong></span> <span class='ocrx_word' id='word_1_345' title='bbox 3381 2439 3481 2494; x_wconf 84' lang='lat' dir='ltr'><strong>sed</strong></span> <span class='ocrx_word' id='word_1_346' title='bbox 3515 2454 3647 2494; x_wconf 86' lang='lat' dir='ltr'><strong>exa-</strong></span> 
     </span>
    </p>
   </div>
   <div class='ocr_carea' id='block_1_51' title="bbox 210 2527 3633 2601">
    <p class='ocr_par' dir='ltr' id='par_1_51' title="bbox 210 2527 3633 2601">
     <span class='ocr_line' id='line_1_51' title="bbox 210 2527 3633 2601; baseline 0 -18"><span class='ocrx_word' id='word_1_347' title='bbox 210 2529 422 2601; x_wconf 82' lang='lat' dir='ltr'><strong>gitatio</strong></span> <span class='ocrx_word' id='word_1_348' title='bbox 454 2530 766 2601; x_wconf 84' lang='lat' dir='ltr'><strong>impudens</strong></span> <span class='ocrx_word' id='word_1_349' title='bbox 795 2534 850 2585; x_wconf 89' lang='lat' dir='ltr'><strong>et</strong></span> <span class='ocrx_word' id='word_1_350' title='bbox 882 2528 1058 2584; x_wconf 88' lang='lat' dir='ltr'><strong>nullis</strong></span> <span class='ocrx_word' id='word_1_351' title='bbox 1084 2528 1244 2583; x_wconf 82' lang='lat' dir='ltr'><strong>nixta</strong></span> <span class='ocrx_word' id='word_1_352' title='bbox 1265 2529 1490 2596; x_wconf 86' lang='lat' dir='ltr'><strong>titibus,</strong></span> <span class='ocrx_word' id='word_1_353' title='bbox 1516 2528 1684 2600; x_wconf 87' lang='lat' dir='ltr'><strong>quasi</strong></span> <span class='ocrx_word' id='word_1_354' title='bbox 1715 2528 2058 2582; x_wconf 86' lang='lat' dir='ltr'><strong>dicerentex</strong></span> <span class='ocrx_word' id='word_1_355' title='bbox 2080 2527 2206 2597; x_wconf 87' lang='lat' dir='ltr'><strong>ipsa</strong></span> <span class='ocrx_word' id='word_1_356' title='bbox 2221 2527 2494 2582; x_wconf 83' lang='lat' dir='ltr'><strong>unioneet</strong></span> <span class='ocrx_word' id='word_1_357' title='bbox 2516 2529 2926 2583; x_wconf 90' lang='lat' dir='ltr'><strong>communione</strong></span> <span class='ocrx_word' id='word_1_358' title='bbox 2951 2529 3309 2584; x_wconf 86' lang='lat' dir='ltr'><strong>Uominicum</strong></span> <span class='ocrx_word' id='word_1_359' title='bbox 3335 2528 3633 2584; x_wconf 87' lang='lat' dir='ltr'><strong>hominem</strong></span> 
     </span>
    </p>
   </div>
   <div class='ocr_carea' id='block_1_52' title="bbox 210 2615 3472 2690">
    <p class='ocr_par' dir='ltr' id='par_1_52' title="bbox 210 2615 3472 2690">
     <span class='ocr_line' id='line_1_52' title="bbox 210 2615 3472 2690; baseline 0 -19"><span class='ocrx_word' id='word_1_360' title='bbox 210 2617 725 2690; x_wconf 75' lang='lat' dir='ltr'><strong>incorruptibilem</strong></span> <span class='ocrx_word' id='word_1_361' title='bbox 753 2635 880 2675; x_wconf 87' lang='lat' dir='ltr'><strong>esse</strong></span> <span class='ocrx_word' id='word_1_362' title='bbox 912 2619 1150 2683; x_wconf 87' lang='lat' dir='ltr'><strong>factum,</strong></span> <span class='ocrx_word' id='word_1_363' title='bbox 1184 2625 1600 2689; x_wconf 87' lang='lat' dir='ltr'><strong>proptereaque</strong></span> <span class='ocrx_word' id='word_1_364' title='bbox 1629 2615 1916 2671; x_wconf 87' lang='lat' dir='ltr'><strong>sentirent</strong></span> <span class='ocrx_word' id='word_1_365' title='bbox 1943 2615 2000 2668; x_wconf 90' lang='lat' dir='ltr'><strong>id</strong></span> <span class='ocrx_word' id='word_1_366' title='bbox 2033 2615 2206 2668; x_wconf 88' lang='lat' dir='ltr'><strong>etiam</strong></span> <span class='ocrx_word' id='word_1_367' title='bbox 2241 2616 2392 2686; x_wconf 87' lang='lat' dir='ltr'><strong>quod</strong></span> <span class='ocrx_word' id='word_1_368' title='bbox 2430 2616 2818 2686; x_wconf 86' lang='lat' dir='ltr'><strong>perciperetur</strong></span> <span class='ocrx_word' id='word_1_369' title='bbox 2848 2633 2973 2673; x_wconf 82' lang='lat' dir='ltr'><strong>esse</strong></span> <span class='ocrx_word' id='word_1_370' title='bbox 3014 2617 3472 2688; x_wconf 74' lang='lat' dir='ltr'><strong>incorruptibile.</strong></span> 
     </span>
    </p>
   </div>
   <div class='ocr_carea' id='block_1_53' title="bbox 282 2702 1870 2780">
    <p class='ocr_par' dir='ltr' id='par_1_53' title="bbox 282 2702 1870 2780">
     <span class='ocr_line' id='line_1_53' title="bbox 282 2702 1870 2780; baseline -0.002 -22"><span class='ocrx_word' id='word_1_371' title='bbox 282 2702 354 2760; x_wconf 82' lang='grc' dir='ltr'><strong>δ’.</strong></span> <span class='ocrx_word' id='word_1_372' title='bbox 395 2708 465 2761; x_wconf 87' lang='grc' dir='ltr'><strong>’Ὀ</strong></span> <span class='ocrx_word' id='word_1_373' title='bbox 513 2726 574 2780; x_wconf 84' lang='grc' dir='ltr'><strong>γε</strong></span> <span class='ocrx_word' id='word_1_374' title='bbox 635 2707 743 2779; x_wconf 72' lang='grc' dir='ltr'>μὴν</span> <span class='ocrx_word' id='word_1_375' title='bbox 810 2702 1185 2780; x_wconf 79' lang='grc' dir='ltr'>βασιλεὺς</span> <span class='ocrx_word' id='word_1_376' title='bbox 1250 2704 1515 2778; x_wconf 85' lang='grc' dir='ltr'>κρείττονι</span> <span class='ocrx_word' id='word_1_377' title='bbox 1555 2702 1870 2777; x_wconf 77' lang='grc' dir='ltr'>προστεθεὶς</span> 
     </span>
    </p>
   </div>
   <div class='ocr_carea' id='block_1_54' title="bbox 214 2790 1870 2873">
    <p class='ocr_par' dir='ltr' id='par_1_54' title="bbox 214 2790 1870 2873">
     <span class='ocr_line' id='line_1_54' title="bbox 214 2790 1870 2873; baseline -0.001 -26"><span class='ocrx_word' id='word_1_378' title='bbox 214 2791 352 2865; x_wconf 81' lang='grc' dir='ltr'>δόξῃ</span> <span class='ocrx_word' id='word_1_379' title='bbox 409 2793 797 2867; x_wconf 67' lang='grc' dir='ltr'>παραγέγονεν,</span> <span class='ocrx_word' id='word_1_380' title='bbox 857 2793 932 2855; x_wconf 84' lang='grc' dir='ltr'><strong>ὡς</strong></span> <span class='ocrx_word' id='word_1_381' title='bbox 991 2790 1149 2873; x_wconf 81' lang='grc' dir='ltr'>ἔφην,</span> <span class='ocrx_word' id='word_1_382' title='bbox 1207 2791 1260 2854; x_wconf 82' lang='grc' dir='ltr'>ἐς</span> <span class='ocrx_word' id='word_1_383' title='bbox 1314 2793 1380 2846; x_wconf 80' lang='grc' dir='ltr'><strong>τὰ</strong></span> <span class='ocrx_word' id='word_1_384' title='bbox 1439 2791 1718 2866; x_wconf 78' lang='grc' dir='ltr'>Κύψελλα,</span> <span class='ocrx_word' id='word_1_385' title='bbox 1781 2791 1870 2846; x_wconf 86' lang='grc' dir='ltr'><strong>καὶ</strong></span> 
     </span>
    </p>
   </div>
   <div class='ocr_carea' id='block_1_55' title="bbox 205 2879 1870 2959">
    <p class='ocr_par' dir='ltr' id='par_1_55' title="bbox 205 2879 1870 2959">
     <span class='ocr_line' id='line_1_55' title="bbox 205 2879 1870 2959; baseline -0.001 -23"><span class='ocrx_word' id='word_1_386' title='bbox 205 2884 274 2936; x_wconf 86' lang='grc' dir='ltr'>τὸ</span> <span class='ocrx_word' id='word_1_387' title='bbox 329 2883 709 2956; x_wconf 74' lang='grc' dir='ltr'>συναθροισθὲν</span> <span class='ocrx_word' id='word_1_388' title='bbox 763 2882 934 2938; x_wconf 76' lang='grc' dir='ltr'>ἐκεῖσε</span> <span class='ocrx_word' id='word_1_389' title='bbox 989 2881 1346 2959; x_wconf 83' lang='grc' dir='ltr'>παρειληφὼς</span> <span class='ocrx_word' id='word_1_390' title='bbox 1382 2879 1686 2957; x_wconf 69' lang='grc' dir='ltr'>στράτευμα</span> <span class='ocrx_word' id='word_1_391' title='bbox 1717 2880 1870 2936; x_wconf 80' lang='grc' dir='ltr'>ἄνει-</span> 
     </span>
    </p>
   </div>
   <div class='ocr_carea' id='block_1_56' title="bbox 213 2969 1869 3047">
    <p class='ocr_par' dir='ltr' id='par_1_56' title="bbox 213 2969 1869 3047">
     <span class='ocr_line' id='line_1_56' title="bbox 213 2969 1869 3047; baseline 0 -22"><span class='ocrx_word' id='word_1_392' title='bbox 213 2993 298 3026; x_wconf 90' lang='grc' dir='ltr'><strong>σιν</strong></span> <span class='ocrx_word' id='word_1_393' title='bbox 363 2973 438 3032; x_wconf 91' lang='grc' dir='ltr'><strong>εἰς</strong></span> <span class='ocrx_word' id='word_1_394' title='bbox 498 2969 836 3047; x_wconf 85' lang='grc' dir='ltr'>Ὀρεστιάδα·</span> <span class='ocrx_word' id='word_1_395' title='bbox 898 2969 1023 3026; x_wconf 73' lang='grc' dir='ltr'>ἔνθα</span> <span class='ocrx_word' id='word_1_396' title='bbox 1079 2971 1169 3026; x_wconf 81' lang='grc' dir='ltr'><strong>καὶ</strong></span> <span class='ocrx_word' id='word_1_397' title='bbox 1228 2971 1456 3032; x_wconf 91' lang='grc' dir='ltr'>πλείους</span> <span class='ocrx_word' id='word_1_398' title='bbox 1507 2971 1719 3046; x_wconf 78' lang='grc' dir='ltr'>ἡμέρας</span> <span class='ocrx_word' id='word_1_399' title='bbox 1787 2970 1869 3024; x_wconf 74' lang='grc' dir='ltr'><strong>ἔνο</strong></span> 
     </span>
    </p>
   </div>
   <div class='ocr_carea' id='block_1_57' title="bbox 211 3059 1872 3137">
    <p class='ocr_par' dir='ltr' id='par_1_57' title="bbox 211 3059 1872 3137">
     <span class='ocr_line' id='line_1_57' title="bbox 211 3059 1872 3137; baseline -0.001 -22"><span class='ocrx_word' id='word_1_400' title='bbox 211 3059 511 3135; x_wconf 77' lang='grc' dir='ltr'>διατρίψας</span> <span class='ocrx_word' id='word_1_401' title='bbox 562 3062 842 3137; x_wconf 79' lang='grc' dir='ltr'>ἀμηχανίᾳ</span> <span class='ocrx_word' id='word_1_402' title='bbox 901 3059 1252 3131; x_wconf 88' lang='grc' dir='ltr'>συνείληπτο,</span> <span class='ocrx_word' id='word_1_403' title='bbox 1329 3062 1421 3116; x_wconf 88' lang='grc' dir='ltr'>τὸν</span> <span class='ocrx_word' id='word_1_404' title='bbox 1488 3062 1580 3134; x_wconf 76' lang='grc' dir='ltr'><strong>μὶν</strong></span> <span class='ocrx_word' id='word_1_405' title='bbox 1637 3059 1872 3116; x_wconf 86' lang='grc' dir='ltr'>ἀποστά-</span> 
     </span>
    </p>
   </div>
   <div class='ocr_carea' id='block_1_58' title="bbox 208 3147 1874 3226">
    <p class='ocr_par' dir='ltr' id='par_1_58' title="bbox 208 3147 1874 3226">
     <span class='ocr_line' id='line_1_58' title="bbox 208 3147 1874 3226; baseline -0.002 -21"><span class='ocrx_word' id='word_1_406' title='bbox 208 3172 316 3220; x_wconf 84' lang='grc' dir='ltr'><strong>την</strong></span> <span class='ocrx_word' id='word_1_407' title='bbox 350 3153 491 3226; x_wconf 88' lang='grc' dir='ltr'>ὁρῶν</span> <span class='ocrx_word' id='word_1_408' title='bbox 537 3149 994 3226; x_wconf 88' lang='grc' dir='ltr'>δυσμαχώτατον,</span> <span class='ocrx_word' id='word_1_409' title='bbox 1063 3151 1126 3206; x_wconf 84' lang='grc' dir='ltr'>τὸ</span> <span class='ocrx_word' id='word_1_410' title='bbox 1195 3147 1251 3206; x_wconf 77' lang='grc' dir='ltr'>δὲ</span> <span class='ocrx_word' id='word_1_411' title='bbox 1301 3152 1456 3205; x_wconf 81' lang='grc' dir='ltr'>συνὸν</span> <span class='ocrx_word' id='word_1_412' title='bbox 1506 3150 1652 3222; x_wconf 81' lang='grc' dir='ltr'><strong>αὐτῷ</strong></span> <span class='ocrx_word' id='word_1_413' title='bbox 1711 3147 1874 3225; x_wconf 88' lang='grc' dir='ltr'>στρά-</span> 
     </span>
    </p>
   </div>
   <div class='ocr_carea' id='block_1_59' title="bbox 206 3239 1874 3316">
    <p class='ocr_par' dir='ltr' id='par_1_59' title="bbox 206 3239 1874 3316">
     <span class='ocr_line' id='line_1_59' title="bbox 206 3239 1874 3316; baseline -0.001 -22"><span class='ocrx_word' id='word_1_414' title='bbox 206 3261 386 3312; x_wconf 90' lang='grc' dir='ltr'>τευμα</span> <span class='ocrx_word' id='word_1_415' title='bbox 443 3240 734 3304; x_wconf 76' lang='grc' dir='ltr'>ἀντιθέτως</span> <span class='ocrx_word' id='word_1_416' title='bbox 788 3239 918 3316; x_wconf 80' lang='grc' dir='ltr'>ἔχον</span> <span class='ocrx_word' id='word_1_417' title='bbox 993 3243 1079 3295; x_wconf 84' lang='grc' dir='ltr'><strong>καὶ</strong></span> <span class='ocrx_word' id='word_1_418' title='bbox 1143 3240 1278 3316; x_wconf 77' lang='grc' dir='ltr'>πρὸς</span> <span class='ocrx_word' id='word_1_419' title='bbox 1335 3240 1503 3313; x_wconf 79' lang='grc' dir='ltr'>μόνην</span> <span class='ocrx_word' id='word_1_420' title='bbox 1582 3239 1874 3308; x_wconf 77' lang='grc' dir='ltr'>ἑκθνῆσκον</span> 
     </span>
    </p>
   </div>
   <div class='ocr_carea' id='block_1_60' title="bbox 208 3327 1874 3408">
    <p class='ocr_par' dir='ltr' id='par_1_60' title="bbox 208 3327 1874 3408">
     <span class='ocr_line' id='line_1_60' title="bbox 208 3327 1874 3408; baseline -0.002 -23"><span class='ocrx_word' id='word_1_421' title='bbox 208 3331 318 3398; x_wconf 76' lang='grc' dir='ltr'>τὴν</span> <span class='ocrx_word' id='word_1_422' title='bbox 358 3334 466 3385; x_wconf 88' lang='grc' dir='ltr'><strong>τῶν</strong></span> <span class='ocrx_word' id='word_1_423' title='bbox 522 3329 806 3402; x_wconf 74' lang='grc' dir='ltr'>πολεμίων</span> <span class='ocrx_word' id='word_1_424' title='bbox 860 3329 1144 3408; x_wconf 72' lang='grc' dir='ltr'>ἐνήχησιν.</span> <span class='ocrx_word' id='word_1_425' title='bbox 1194 3335 1320 3390; x_wconf 87' lang='grc' dir='ltr'>Τοῖς</span> <span class='ocrx_word' id='word_1_426' title='bbox 1376 3327 1433 3384; x_wconf 71' lang='grc' dir='ltr'>δὲ</span> <span class='ocrx_word' id='word_1_427' title='bbox 1488 3327 1726 3390; x_wconf 84' lang='grc' dir='ltr'>πολλοῖς</span> <span class='ocrx_word' id='word_1_428' title='bbox 1783 3329 1874 3382; x_wconf 85' lang='grc' dir='ltr'><strong>καὶ</strong></span> 
     </span>
    </p>
   </div>
   <div class='ocr_carea' id='block_1_61' title="bbox 210 3416 1872 3494">
    <p class='ocr_par' dir='ltr' id='par_1_61' title="bbox 210 3416 1872 3494">
     <span class='ocr_line' id='line_1_61' title="bbox 210 3416 1872 3494; baseline 0.001 -22"><span class='ocrx_word' id='word_1_429' title='bbox 210 3416 393 3492; x_wconf 69' lang='grc' dir='ltr'>ὄνομα</span> <span class='ocrx_word' id='word_1_430' title='bbox 424 3418 830 3494; x_wconf 79' lang='grc' dir='ltr'>χλευαζόμενον</span> <span class='ocrx_word' id='word_1_431' title='bbox 859 3421 894 3489; x_wconf 78' lang='grc' dir='ltr'>ἡ</span> <span class='ocrx_word' id='word_1_432' title='bbox 924 3418 1202 3492; x_wconf 79' lang='grc' dir='ltr'>βασίλειος</span> <span class='ocrx_word' id='word_1_433' title='bbox 1245 3419 1445 3474; x_wconf 82' lang='grc' dir='ltr'>ἐκεῖθεν</span> <span class='ocrx_word' id='word_1_434' title='bbox 1506 3416 1872 3492; x_wconf 83' lang='grc' dir='ltr'>ἀνελογίζετο.</span> 
     </span>
    </p>
   </div>
   <div class='ocr_carea' id='block_1_62' title="bbox 211 3505 1872 3585">
    <p class='ocr_par' dir='ltr' id='par_1_62' title="bbox 211 3505 1872 3585">
     <span class='ocr_line' id='line_1_62' title="bbox 211 3505 1872 3585; baseline -0.001 -23"><span class='ocrx_word' id='word_1_435' title='bbox 211 3505 421 3585; x_wconf 76' lang='grc' dir='ltr'>ἄφιξις,</span> <span class='ocrx_word' id='word_1_436' title='bbox 469 3508 558 3563; x_wconf 85' lang='grc' dir='ltr'><strong>καὶ</strong></span> <span class='ocrx_word' id='word_1_437' title='bbox 595 3506 763 3581; x_wconf 70' lang='grc' dir='ltr'>μηδὲν</span> <span class='ocrx_word' id='word_1_438' title='bbox 796 3531 847 3564; x_wconf 91' lang='grc' dir='ltr'><strong>τι</strong></span> <span class='ocrx_word' id='word_1_439' title='bbox 910 3505 1184 3582; x_wconf 82' lang='grc' dir='ltr'>μηδαμῶς</span> <span class='ocrx_word' id='word_1_440' title='bbox 1247 3509 1486 3582; x_wconf 82' lang='grc' dir='ltr'>χρηστὸν</span> <span class='ocrx_word' id='word_1_441' title='bbox 1555 3508 1872 3582; x_wconf 74' lang='grc' dir='ltr'>κατορθοῦν,</span> 
     </span>
    </p>
   </div>
   <div class='ocr_carea' id='block_1_63' title="bbox 201 3593 1872 3672">
    <p class='ocr_par' dir='ltr' id='par_1_63' title="bbox 201 3593 1872 3672">
     <span class='ocr_line' id='line_1_63' title="bbox 201 3593 1872 3672; baseline -0.001 -20"><span class='ocrx_word' id='word_1_442' title='bbox 201 3598 306 3652; x_wconf 76' lang='grc' dir='ltr'>καὶ</span> <span class='ocrx_word' id='word_1_443' title='bbox 366 3598 452 3651; x_wconf 85' lang='grc' dir='ltr'>τὸν</span> <span class='ocrx_word' id='word_1_444' title='bbox 519 3593 800 3672; x_wconf 82' lang='grc' dir='ltr'>Βάρϐαρον</span> <span class='ocrx_word' id='word_1_445' title='bbox 867 3597 1081 3672; x_wconf 79' lang='grc' dir='ltr'>μᾶλλον</span> <span class='ocrx_word' id='word_1_446' title='bbox 1158 3598 1211 3652; x_wconf 80' lang='grc' dir='ltr'>ἐν</span> <span class='ocrx_word' id='word_1_447' title='bbox 1276 3602 1356 3667; x_wconf 82' lang='grc' dir='ltr'><strong>τῷ</strong></span> <span class='ocrx_word' id='word_1_448' title='bbox 1445 3596 1872 3660; x_wconf 78' lang='grc' dir='ltr'>ὑποστέλλεσθαι</span> 
     </span>
    </p>
   </div>
   <div class='ocr_carea' id='block_1_64' title="bbox 201 3683 1870 3762">
    <p class='ocr_par' dir='ltr' id='par_1_64' title="bbox 201 3683 1870 3762">
     <span class='ocr_line' id='line_1_64' title="bbox 201 3683 1870 3762; baseline 0 -22"><span class='ocrx_word' id='word_1_449' title='bbox 201 3686 662 3762; x_wconf 86' lang='grc' dir='ltr'>προσεπαίρεσθαι</span> <span class='ocrx_word' id='word_1_450' title='bbox 713 3687 790 3749; x_wconf 76' lang='grc' dir='ltr'>εἷς</span> <span class='ocrx_word' id='word_1_451' title='bbox 851 3688 1178 3761; x_wconf 81' lang='grc' dir='ltr'>θρασύτητα.</span> <span class='ocrx_word' id='word_1_452' title='bbox 1251 3687 1311 3744; x_wconf 86' lang='grc' dir='ltr'><strong>Ὀ</strong></span> <span class='ocrx_word' id='word_1_453' title='bbox 1343 3683 1400 3741; x_wconf 67' lang='grc' dir='ltr'><strong>δέ</strong></span> <span class='ocrx_word' id='word_1_454' title='bbox 1447 3687 1510 3741; x_wconf 86' lang='grc' dir='ltr'><strong>τὸ</strong></span> <span class='ocrx_word' id='word_1_455' title='bbox 1541 3690 1648 3741; x_wconf 90' lang='grc' dir='ltr'><strong>τῶν</strong></span> <span class='ocrx_word' id='word_1_456' title='bbox 1690 3705 1870 3760; x_wconf 85' lang='grc' dir='ltr'>πραγ-</span> 
     </span>
    </p>
   </div>
   <div class='ocr_carea' id='block_1_65' title="bbox 207 3769 1870 3849">
    <p class='ocr_par' dir='ltr' id='par_1_65' title="bbox 207 3769 1870 3849">
     <span class='ocr_line' id='line_1_65' title="bbox 207 3769 1870 3849; baseline -0.001 -21"><span class='ocrx_word' id='word_1_457' title='bbox 207 3774 399 3846; x_wconf 81' lang='grc' dir='ltr'>μάτων</span> <span class='ocrx_word' id='word_1_458' title='bbox 452 3773 636 3848; x_wconf 76' lang='grc' dir='ltr'>ἀγριον</span> <span class='ocrx_word' id='word_1_459' title='bbox 695 3774 786 3829; x_wconf 84' lang='grc' dir='ltr'><strong>καὶ</strong></span> <span class='ocrx_word' id='word_1_460' title='bbox 820 3771 1202 3849; x_wconf 84' lang='grc' dir='ltr'>δυσπρόσιτον,</span> <span class='ocrx_word' id='word_1_461' title='bbox 1247 3777 1321 3835; x_wconf 83' lang='grc' dir='ltr'>ὡς</span> <span class='ocrx_word' id='word_1_462' title='bbox 1387 3775 1414 3828; x_wconf 90' lang='grc' dir='ltr'><strong>ὁ</strong></span> <span class='ocrx_word' id='word_1_463' title='bbox 1447 3774 1634 3849; x_wconf 82' lang='grc' dir='ltr'>καιρὸς</span> <span class='ocrx_word' id='word_1_464' title='bbox 1667 3769 1870 3835; x_wconf 82' lang='grc' dir='ltr'>ἐδίδου,</span> 
     </span>
    </p>
   </div>
   <div class='ocr_carea' id='block_1_66' title="bbox 204 3861 1848 3937">
    <p class='ocr_par' dir='ltr' id='par_1_66' title="bbox 204 3861 1848 3937">
     <span class='ocr_line' id='line_1_66' title="bbox 204 3861 1848 3937; baseline -0.001 -20"><span class='ocrx_word' id='word_1_465' title='bbox 204 3863 642 3937; x_wconf 79' lang='grc' dir='ltr'>περιποππύζων</span> <span class='ocrx_word' id='word_1_466' title='bbox 702 3863 792 3918; x_wconf 84' lang='grc' dir='ltr'><strong>καὶ</strong></span> <span class='ocrx_word' id='word_1_467' title='bbox 835 3861 1123 3918; x_wconf 82' lang='grc' dir='ltr'>διασαίνων</span> <span class='ocrx_word' id='word_1_468' title='bbox 1178 3868 1432 3925; x_wconf 87' lang='grc' dir='ltr'>παντοῖος</span> <span class='ocrx_word' id='word_1_469' title='bbox 1488 3861 1713 3937; x_wconf 76' lang='grc' dir='ltr'>ἐγίνετο,</span> <span class='ocrx_word' id='word_1_470' title='bbox 1779 3882 1848 3916; x_wconf 92' lang='grc' dir='ltr'><strong>κα</strong></span> 
     </span>
    </p>
   </div>
   <div class='ocr_carea' id='block_1_67' title="bbox 202 3946 1868 4030">
    <p class='ocr_par' dir='ltr' id='par_1_67' title="bbox 202 3946 1868 4030">
     <span class='ocr_line' id='line_1_67' title="bbox 202 3946 1868 4030; baseline -0.002 -22"><span class='ocrx_word' id='word_1_471' title='bbox 202 3955 338 4014; x_wconf 78' lang='grc' dir='ltr'>τοὺς</span> <span class='ocrx_word' id='word_1_472' title='bbox 398 3951 544 4025; x_wconf 80' lang='grc' dir='ltr'><strong>αὖτῷ</strong></span> <span class='ocrx_word' id='word_1_473' title='bbox 615 3952 985 4016; x_wconf 77' lang='grc' dir='ltr'>οῗκειοτάτους</span> <span class='ocrx_word' id='word_1_474' title='bbox 1047 3948 1442 4030; x_wconf 82' lang='grc' dir='ltr'>βιϐλιοφόρους</span> <span class='ocrx_word' id='word_1_475' title='bbox 1474 3946 1683 4025; x_wconf 76' lang='grc' dir='ltr'>ἔπεμπε</span> <span class='ocrx_word' id='word_1_476' title='bbox 1730 3950 1868 4025; x_wconf 86' lang='grc' dir='ltr'>πρὸς</span> 
     </span>
    </p>
   </div>
   <div class='ocr_carea' id='block_1_68' title="bbox 208 4038 1869 4116">
    <p class='ocr_par' dir='ltr' id='par_1_68' title="bbox 208 4038 1869 4116">
     <span class='ocr_line' id='line_1_68' title="bbox 208 4038 1869 4116; baseline 0.001 -21"><span class='ocrx_word' id='word_1_477' title='bbox 208 4040 486 4114; x_wconf 76' lang='grc' dir='ltr'>Ἀλέξιον,</span> <span class='ocrx_word' id='word_1_478' title='bbox 545 4041 596 4104; x_wconf 79' lang='grc' dir='ltr'>ἐς</span> <span class='ocrx_word' id='word_1_479' title='bbox 698 4038 993 4116; x_wconf 84' lang='grc' dir='ltr'>συμϐάσεις</span> <span class='ocrx_word' id='word_1_480' title='bbox 1095 4041 1254 4097; x_wconf 81' lang='grc' dir='ltr'>αὐτὸν</span> <span class='ocrx_word' id='word_1_481' title='bbox 1358 4040 1869 4114; x_wconf 74' lang='grc' dir='ltr'>προσκαλούμενος.</span> 
     </span>
    </p>
   </div>
   <div class='ocr_carea' id='block_1_69' title="bbox 202 4127 1871 4209">
    <p class='ocr_par' dir='ltr' id='par_1_69' title="bbox 202 4127 1871 4209">
     <span class='ocr_line' id='line_1_69' title="bbox 202 4127 1871 4209; baseline -0.004 -21"><span class='ocrx_word' id='word_1_482' title='bbox 202 4134 368 4188; x_wconf 82' lang='grc' dir='ltr'>’Ἐστι</span> <span class='ocrx_word' id='word_1_483' title='bbox 405 4130 450 4185; x_wconf 84' lang='grc' dir='ltr'>δ’</span> <span class='ocrx_word' id='word_1_484' title='bbox 508 4133 617 4202; x_wconf 74' lang='grc' dir='ltr'><strong>ὅπη</strong></span> <span class='ocrx_word' id='word_1_485' title='bbox 667 4133 758 4186; x_wconf 84' lang='grc' dir='ltr'><strong>καὶ</strong></span> <span class='ocrx_word' id='word_1_486' title='bbox 826 4130 1158 4209; x_wconf 80' lang='grc' dir='ltr'>δολοφονίας</span> <span class='ocrx_word' id='word_1_487' title='bbox 1211 4130 1508 4208; x_wconf 77' lang='grc' dir='ltr'>ἐφρόντιζε,</span> <span class='ocrx_word' id='word_1_488' title='bbox 1571 4127 1713 4203; x_wconf 75' lang='grc' dir='ltr'>μηδὲ</span> <span class='ocrx_word' id='word_1_489' title='bbox 1775 4132 1871 4183; x_wconf 78' lang='grc' dir='ltr'><strong>τοῦ</strong></span> 
     </span>
    </p>
   </div>
   <div class='ocr_carea' id='block_1_70' title="bbox 202 4219 1869 4295">
    <p class='ocr_par' dir='ltr' id='par_1_70' title="bbox 202 4219 1869 4295">
     <span class='ocr_line' id='line_1_70' title="bbox 202 4219 1869 4295; baseline -0.004 -17"><span class='ocrx_word' id='word_1_490' title='bbox 202 4221 464 4295; x_wconf 72' lang='grc' dir='ltr'>πολέμου</span> <span class='ocrx_word' id='word_1_491' title='bbox 495 4223 800 4278; x_wconf 84' lang='grc' dir='ltr'>παντάπασι</span> <span class='ocrx_word' id='word_1_492' title='bbox 863 4223 1278 4295; x_wconf 89' lang='grc' dir='ltr'>μεθιστάμενος.</span> <span class='ocrx_word' id='word_1_493' title='bbox 1337 4225 1429 4292; x_wconf 82' lang='grc' dir='ltr'><strong>Τῷ</strong></span> <span class='ocrx_word' id='word_1_494' title='bbox 1484 4241 1568 4275; x_wconf 92' lang='grc' dir='ltr'><strong>τοι</strong></span> <span class='ocrx_word' id='word_1_495' title='bbox 1625 4220 1710 4274; x_wconf 87' lang='grc' dir='ltr'><strong>καὶ</strong></span> <span class='ocrx_word' id='word_1_496' title='bbox 1768 4219 1869 4288; x_wconf 78' lang='grc' dir='ltr'><strong>τήν</strong></span> 
     </span>
    </p>
   </div>
   <div class='ocr_carea' id='block_1_71' title="bbox 197 4306 1868 4386">
    <p class='ocr_par' dir='ltr' id='par_1_71' title="bbox 197 4306 1868 4386">
     <span class='ocr_line' id='line_1_71' title="bbox 197 4306 1868 4386; baseline -0.004 -18"><span class='ocrx_word' id='word_1_497' title='bbox 197 4313 465 4386; x_wconf 85' lang='grc' dir='ltr'>στρατιάν</span> <span class='ocrx_word' id='word_1_498' title='bbox 540 4306 824 4367; x_wconf 82' lang='grc' dir='ltr'>ἀναλαϐὼν</span> <span class='ocrx_word' id='word_1_499' title='bbox 874 4311 964 4366; x_wconf 76' lang='grc' dir='ltr'><strong>καὶ</strong></span> <span class='ocrx_word' id='word_1_500' title='bbox 1057 4312 1156 4378; x_wconf 81' lang='grc' dir='ltr'>τὴν</span> <span class='ocrx_word' id='word_1_501' title='bbox 1262 4308 1549 4365; x_wconf 78' lang='grc' dir='ltr'>Φιλίππου</span> <span class='ocrx_word' id='word_1_502' title='bbox 1600 4307 1868 4382; x_wconf 80' lang='grc' dir='ltr'>ἐπαρχίαν</span> 
     </span>
    </p>
   </div>
   <div class='ocr_carea' id='block_1_72' title="bbox 190 4396 1866 4476">
    <p class='ocr_par' dir='ltr' id='par_1_72' title="bbox 190 4396 1866 4476">
     <span class='ocr_line' id='line_1_72' title="bbox 190 4396 1866 4476; baseline -0.004 -20"><span class='ocrx_word' id='word_1_503' title='bbox 190 4396 530 4457; x_wconf 87' lang='grc' dir='ltr'>καταλαϐὼν</span> <span class='ocrx_word' id='word_1_504' title='bbox 580 4402 703 4476; x_wconf 82' lang='grc' dir='ltr'>περὶ</span> <span class='ocrx_word' id='word_1_505' title='bbox 781 4401 845 4456; x_wconf 89' lang='grc' dir='ltr'>τὸ</span> <span class='ocrx_word' id='word_1_506' title='bbox 900 4403 1160 4475; x_wconf 79' lang='grc' dir='ltr'>φρούριον</span> <span class='ocrx_word' id='word_1_507' title='bbox 1235 4396 1717 4474; x_wconf 72' lang='grc' dir='ltr'>στρατοπεδεύεται</span> <span class='ocrx_word' id='word_1_508' title='bbox 1775 4397 1866 4451; x_wconf 86' lang='grc' dir='ltr'><strong>τὸν</strong></span> 
     </span>
    </p>
   </div>
   <div class='ocr_carea' id='block_1_73' title="bbox 2055 2703 3628 2777">
    <p class='ocr_par' dir='ltr' id='par_1_73' title="bbox 2055 2703 3628 2777">
     <span class='ocr_line' id='line_1_73' title="bbox 2055 2703 3628 2777; baseline 0.004 -22"><span class='ocrx_word' id='word_1_509' title='bbox 2055 2704 2108 2759; x_wconf 76' lang='grc'><strong>4.</strong></span> <span class='ocrx_word' id='word_1_510' title='bbox 2142 2703 2422 2758; x_wconf 74' lang='lat' dir='ltr'><strong>Caeterum</strong></span> <span class='ocrx_word' id='word_1_511' title='bbox 2482 2704 2798 2774; x_wconf 86' lang='lat' dir='ltr'><strong>imperator</strong></span> <span class='ocrx_word' id='word_1_512' title='bbox 2863 2706 3088 2762; x_wconf 88' lang='lat' dir='ltr'><strong>meliori</strong></span> <span class='ocrx_word' id='word_1_513' title='bbox 3137 2723 3412 2762; x_wconf 85' lang='lat' dir='ltr'><strong>assensus</strong></span> <span class='ocrx_word' id='word_1_514' title='bbox 3457 2707 3628 2777; x_wconf 87' lang='lat' dir='ltr'><strong>parti,</strong></span> 
     </span>
    </p>
   </div>
   <div class='ocr_carea' id='block_1_74' title="bbox 1983 2791 3639 2868">
    <p class='ocr_par' dir='ltr' id='par_1_74' title="bbox 1983 2791 3639 2868">
     <span class='ocr_line' id='line_1_74' title="bbox 1983 2791 3639 2868; baseline 0.002 -22"><span class='ocrx_word' id='word_1_515' title='bbox 1983 2791 2263 2864; x_wconf 83' lang='lat' dir='ltr'><strong>Cypsella,</strong></span> <span class='ocrx_word' id='word_1_516' title='bbox 2325 2797 2389 2847; x_wconf 93' lang='lat' dir='ltr'><strong>ut</strong></span> <span class='ocrx_word' id='word_1_517' title='bbox 2435 2793 2574 2864; x_wconf 81' lang='lat' dir='ltr'><strong>dixi,</strong></span> <span class='ocrx_word' id='word_1_518' title='bbox 2658 2796 2973 2864; x_wconf 81' lang='lat' dir='ltr'><strong>profectus,</strong></span> <span class='ocrx_word' id='word_1_519' title='bbox 3040 2801 3093 2852; x_wconf 90' lang='lat' dir='ltr'><strong>et</strong></span> <span class='ocrx_word' id='word_1_520' title='bbox 3160 2801 3510 2868; x_wconf 81' lang='lat' dir='ltr'><strong>congregato</strong></span> <span class='ocrx_word' id='word_1_521' title='bbox 3558 2795 3639 2850; x_wconf 88' lang='lat' dir='ltr'><strong>ibi</strong></span> 
     </span>
    </p>
   </div>
   <div class='ocr_carea' id='block_1_75' title="bbox 1983 2883 3633 2956">
    <p class='ocr_par' dir='ltr' id='par_1_75' title="bbox 1983 2883 3633 2956">
     <span class='ocr_line' id='line_1_75' title="bbox 1983 2883 3633 2956; baseline 0.001 -20"><span class='ocrx_word' id='word_1_522' title='bbox 1983 2883 2232 2936; x_wconf 81' lang='lat' dir='ltr'><strong>exercitu</strong></span> <span class='ocrx_word' id='word_1_523' title='bbox 2267 2895 2587 2953; x_wconf 88' lang='lat' dir='ltr'><strong>assumpto,</strong></span> <span class='ocrx_word' id='word_1_524' title='bbox 2625 2883 2988 2940; x_wconf 88' lang='lat' dir='ltr'><strong>Orestiadem</strong></span> <span class='ocrx_word' id='word_1_525' title='bbox 3045 2886 3384 2941; x_wconf 80' lang='lat' dir='ltr'><strong>contendit:</strong></span> <span class='ocrx_word' id='word_1_526' title='bbox 3435 2884 3633 2956; x_wconf 86' lang='lat' dir='ltr'><strong>ibique</strong></span> 
     </span>
    </p>
   </div>
   <div class='ocr_carea' id='block_1_76' title="bbox 1983 2969 3636 3044">
    <p class='ocr_par' dir='ltr' id='par_1_76' title="bbox 1983 2969 3636 3044">
     <span class='ocr_line' id='line_1_76' title="bbox 1983 2969 3636 3044; baseline 0.002 -19"><span class='ocrx_word' id='word_1_527' title='bbox 1983 2969 2312 3040; x_wconf 80' lang='lat' dir='ltr'><strong>complures</strong></span> <span class='ocrx_word' id='word_1_528' title='bbox 2339 2971 2464 3026; x_wconf 89' lang='lat' dir='ltr'><strong>dies</strong></span> <span class='ocrx_word' id='word_1_529' title='bbox 2487 2977 2883 3027; x_wconf 86' lang='lat' dir='ltr'><strong>commoratus</strong></span> <span class='ocrx_word' id='word_1_530' title='bbox 2911 2973 3080 3044; x_wconf 91' lang='lat' dir='ltr'><strong>inops</strong></span> <span class='ocrx_word' id='word_1_531' title='bbox 3103 2973 3335 3029; x_wconf 89' lang='lat' dir='ltr'><strong>consilii</strong></span> <span class='ocrx_word' id='word_1_532' title='bbox 3361 2972 3636 3028; x_wconf 79' lang='lat' dir='ltr'><strong>erat.Non</strong></span> 
     </span>
    </p>
   </div>
   <div class='ocr_carea' id='block_1_77' title="bbox 1985 3059 3635 3132">
    <p class='ocr_par' dir='ltr' id='par_1_77' title="bbox 1985 3059 3635 3132">
     <span class='ocr_line' id='line_1_77' title="bbox 1985 3059 3635 3132; baseline 0.002 -18"><span class='ocrx_word' id='word_1_533' title='bbox 1985 3059 2342 3115; x_wconf 84' lang='lat' dir='ltr'><strong>desertorem</strong></span> <span class='ocrx_word' id='word_1_534' title='bbox 2375 3066 2722 3132; x_wconf 77' lang='lat' dir='ltr'><strong>oppugnata</strong></span> <span class='ocrx_word' id='word_1_535' title='bbox 2759 3062 3172 3117; x_wconf 87' lang='lat' dir='ltr'><strong>difﬁcillimum</strong></span> <span class='ocrx_word' id='word_1_536' title='bbox 3215 3079 3341 3119; x_wconf 87' lang='lat' dir='ltr'><strong>esse</strong></span> <span class='ocrx_word' id='word_1_537' title='bbox 3371 3080 3385 3128; x_wconf 90' lang='lat'><strong>;</strong></span> <span class='ocrx_word' id='word_1_538' title='bbox 3413 3062 3635 3118; x_wconf 83' lang='lat' dir='ltr'><strong>exerci-</strong></span> 
     </span>
    </p>
   </div>
   <div class='ocr_carea' id='block_1_78' title="bbox 1986 3150 3636 3218">
    <p class='ocr_par' dir='ltr' id='par_1_78' title="bbox 1986 3150 3636 3218">
     <span class='ocr_line' id='line_1_78' title="bbox 1986 3150 3636 3218; baseline 0.002 -16"><span class='ocrx_word' id='word_1_539' title='bbox 1986 3154 2110 3203; x_wconf 88' lang='lat' dir='ltr'><strong>tum</strong></span> <span class='ocrx_word' id='word_1_540' title='bbox 2144 3165 2316 3204; x_wconf 88' lang='lat' dir='ltr'><strong>suum</strong></span> <span class='ocrx_word' id='word_1_541' title='bbox 2355 3150 2561 3203; x_wconf 86' lang='lat' dir='ltr'><strong>timore</strong></span> <span class='ocrx_word' id='word_1_542' title='bbox 2604 3150 2923 3218; x_wconf 85' lang='lat' dir='ltr'><strong>perculsum</strong></span> <span class='ocrx_word' id='word_1_543' title='bbox 2955 3153 3152 3207; x_wconf 88' lang='lat' dir='ltr'><strong>audita</strong></span> <span class='ocrx_word' id='word_1_544' title='bbox 3173 3152 3452 3207; x_wconf 84' lang='lat' dir='ltr'><strong>duntaxat</strong></span> <span class='ocrx_word' id='word_1_545' title='bbox 3494 3166 3636 3206; x_wconf 86' lang='lat' dir='ltr'><strong>voce</strong></span> 
     </span>
    </p>
   </div>
   <div class='ocr_carea' id='block_1_79' title="bbox 1981 3238 3632 3312">
    <p class='ocr_par' dir='ltr' id='par_1_79' title="bbox 1981 3238 3632 3312">
     <span class='ocr_line' id='line_1_79' title="bbox 1981 3238 3632 3312; baseline 0.002 -20"><span class='ocrx_word' id='word_1_546' title='bbox 1981 3238 2234 3292; x_wconf 80' lang='lat' dir='ltr'><strong>hostium</strong></span> <span class='ocrx_word' id='word_1_547' title='bbox 2259 3238 2462 3306; x_wconf 88' lang='lat' dir='ltr'><strong>emori,</strong></span> <span class='ocrx_word' id='word_1_548' title='bbox 2495 3238 2865 3308; x_wconf 86' lang='lat' dir='ltr'><strong>imperatoris</strong></span> <span class='ocrx_word' id='word_1_549' title='bbox 2898 3240 3219 3295; x_wconf 85' lang='lat' dir='ltr'><strong>adventum</strong></span> <span class='ocrx_word' id='word_1_550' title='bbox 3281 3242 3451 3312; x_wconf 84' lang='lat' dir='ltr'><strong>vulgo</strong></span> <span class='ocrx_word' id='word_1_551' title='bbox 3492 3241 3632 3296; x_wconf 90' lang='lat' dir='ltr'><strong>ridi-</strong></span> 
     </span>
    </p>
   </div>
   <div class='ocr_carea' id='block_1_80' title="bbox 1979 3325 3632 3394">
    <p class='ocr_par' dir='ltr' id='par_1_80' title="bbox 1979 3325 3632 3394">
     <span class='ocr_line' id='line_1_80' title="bbox 1979 3325 3632 3394; baseline 0.002 -14"><span class='ocrx_word' id='word_1_552' title='bbox 1979 3325 2174 3380; x_wconf 89' lang='lat' dir='ltr'><strong>culum</strong></span> <span class='ocrx_word' id='word_1_553' title='bbox 2207 3326 2422 3393; x_wconf 80' lang='lat' dir='ltr'><strong>haberi,</strong></span> <span class='ocrx_word' id='word_1_554' title='bbox 2458 3343 2662 3383; x_wconf 89' lang='lat' dir='ltr'><strong>nomen</strong></span> <span class='ocrx_word' id='word_1_555' title='bbox 2697 3327 2818 3383; x_wconf 88' lang='lat' dir='ltr'><strong>sine</strong></span> <span class='ocrx_word' id='word_1_556' title='bbox 2837 3328 2971 3382; x_wconf 89' lang='lat' dir='ltr'><strong>ullis</strong></span> <span class='ocrx_word' id='word_1_557' title='bbox 3001 3329 3389 3394; x_wconf 84' lang='lat' dir='ltr'><strong>successibus,</strong></span> <span class='ocrx_word' id='word_1_558' title='bbox 3420 3335 3477 3384; x_wconf 90' lang='lat' dir='ltr'><strong>ct</strong></span> <span class='ocrx_word' id='word_1_559' title='bbox 3496 3331 3632 3384; x_wconf 83' lang='lat' dir='ltr'><strong>Bar-</strong></span> 
     </span>
    </p>
   </div>
   <div class='ocr_carea' id='block_1_81' title="bbox 1987 3415 3633 3487">
    <p class='ocr_par' dir='ltr' id='par_1_81' title="bbox 1987 3415 3633 3487">
     <span class='ocr_line' id='line_1_81' title="bbox 1987 3415 3633 3487; baseline 0.004 -18"><span class='ocrx_word' id='word_1_560' title='bbox 1987 3415 2286 3471; x_wconf 75' lang='lat' dir='ltr'><strong>bari686</strong></span> <span class='ocrx_word' id='word_1_561' title='bbox 2319 3417 2622 3472; x_wconf 84' lang='lat' dir='ltr'><strong>audaciam</strong></span> <span class='ocrx_word' id='word_1_562' title='bbox 2659 3422 2809 3472; x_wconf 89' lang='lat' dir='ltr'><strong>retro</strong></span> <span class='ocrx_word' id='word_1_563' title='bbox 2849 3419 3106 3473; x_wconf 88' lang='lat' dir='ltr'><strong>cedendo</strong></span> <span class='ocrx_word' id='word_1_564' title='bbox 3139 3419 3321 3487; x_wconf 82' lang='lat' dir='ltr'><strong>magis</strong></span> <span class='ocrx_word' id='word_1_565' title='bbox 3382 3419 3633 3475; x_wconf 87' lang='lat' dir='ltr'><strong>invales-</strong></span> 
     </span>
    </p>
   </div>
   <div class='ocr_carea' id='block_1_82' title="bbox 1979 3504 3631 3577">
    <p class='ocr_par' dir='ltr' id='par_1_82' title="bbox 1979 3504 3631 3577">
     <span class='ocr_line' id='line_1_82' title="bbox 1979 3504 3631 3577; baseline 0.002 -19"><span class='ocrx_word' id='word_1_566' title='bbox 1979 3519 2106 3559; x_wconf 87' lang='lat' dir='ltr'><strong>cere</strong></span> <span class='ocrx_word' id='word_1_567' title='bbox 2141 3504 2390 3561; x_wconf 85' lang='lat' dir='ltr'><strong>videbat.</strong></span> <span class='ocrx_word' id='word_1_568' title='bbox 2413 3506 2626 3561; x_wconf 89' lang='lat' dir='ltr'><strong>Tamen</strong></span> <span class='ocrx_word' id='word_1_569' title='bbox 2656 3511 2987 3577; x_wconf 87' lang='lat' dir='ltr'><strong>temporum</strong></span> <span class='ocrx_word' id='word_1_570' title='bbox 3019 3508 3391 3564; x_wconf 89' lang='lat' dir='ltr'><strong>difﬁcultates</strong></span> <span class='ocrx_word' id='word_1_571' title='bbox 3422 3513 3631 3563; x_wconf 88' lang='lat' dir='ltr'><strong>utcun-</strong></span> 
     </span>
    </p>
   </div>
   <div class='ocr_carea' id='block_1_83' title="bbox 1987 3593 3632 3665">
    <p class='ocr_par' dir='ltr' id='par_1_83' title="bbox 1987 3593 3632 3665">
     <span class='ocr_line' id='line_1_83' title="bbox 1987 3593 3632 3665; baseline 0.001 -17"><span class='ocrx_word' id='word_1_572' title='bbox 1987 3609 2096 3663; x_wconf 88' lang='lat' dir='ltr'><strong>que</strong></span> <span class='ocrx_word' id='word_1_573' title='bbox 2130 3593 2420 3662; x_wconf 90' lang='lat' dir='ltr'><strong>leniendo,</strong></span> <span class='ocrx_word' id='word_1_574' title='bbox 2446 3594 2708 3650; x_wconf 84' lang='lat' dir='ltr'><strong>Alexium</strong></span> <span class='ocrx_word' id='word_1_575' title='bbox 2744 3612 2842 3665; x_wconf 92' lang='lat' dir='ltr'><strong>per</strong></span> <span class='ocrx_word' id='word_1_576' title='bbox 2874 3597 3252 3653; x_wconf 87' lang='lat' dir='ltr'><strong>ﬁdelissimos</strong></span> <span class='ocrx_word' id='word_1_577' title='bbox 3280 3613 3415 3652; x_wconf 91' lang='lat' dir='ltr'><strong>suos</strong></span> <span class='ocrx_word' id='word_1_578' title='bbox 3448 3597 3632 3651; x_wconf 85' lang='lat' dir='ltr'><strong>tabel-</strong></span> 
     </span>
    </p>
   </div>
   <div class='ocr_carea' id='block_1_84' title="bbox 1979 3682 3633 3757">
    <p class='ocr_par' dir='ltr' id='par_1_84' title="bbox 1979 3682 3633 3757">
     <span class='ocr_line' id='line_1_84' title="bbox 1979 3682 3633 3757; baseline 0.002 -21"><span class='ocrx_word' id='word_1_579' title='bbox 1979 3682 2154 3738; x_wconf 90' lang='lat' dir='ltr'><strong>larios</strong></span> <span class='ocrx_word' id='word_1_580' title='bbox 2190 3684 2260 3738; x_wconf 83' lang='lat' dir='ltr'><strong>ad</strong></span> <span class='ocrx_word' id='word_1_581' title='bbox 2297 3685 2593 3753; x_wconf 84' lang='lat' dir='ltr'><strong>pactiones</strong></span> <span class='ocrx_word' id='word_1_582' title='bbox 2661 3685 2907 3754; x_wconf 86' lang='lat' dir='ltr'><strong>invitat;</strong></span> <span class='ocrx_word' id='word_1_583' title='bbox 2960 3685 3272 3757; x_wconf 86' lang='lat' dir='ltr'><strong>aliquando</strong></span> <span class='ocrx_word' id='word_1_584' title='bbox 3321 3686 3492 3740; x_wconf 88' lang='lat' dir='ltr'><strong>etiam</strong></span> <span class='ocrx_word' id='word_1_585' title='bbox 3529 3701 3633 3756; x_wconf 88' lang='lat' dir='ltr'><strong>per</strong></span> 
     </span>
    </p>
   </div>
   <div class='ocr_carea' id='block_1_85' title="bbox 1977 3773 3630 3845">
    <p class='ocr_par' dir='ltr' id='par_1_85' title="bbox 1977 3773 3630 3845">
     <span class='ocr_line' id='line_1_85' title="bbox 1977 3773 3630 3845; baseline 0.001 -19"><span class='ocrx_word' id='word_1_586' title='bbox 1977 3773 2174 3826; x_wconf 91' lang='lat' dir='ltr'><strong>dolum</strong></span> <span class='ocrx_word' id='word_1_587' title='bbox 2213 3789 2407 3828; x_wconf 91' lang='lat' dir='ltr'><strong>necem</strong></span> <span class='ocrx_word' id='word_1_588' title='bbox 2444 3773 2492 3827; x_wconf 90' lang='lat' dir='ltr'><strong>ei</strong></span> <span class='ocrx_word' id='word_1_589' title='bbox 2528 3773 2913 3842; x_wconf 85' lang='lat' dir='ltr'><strong>machinatur,</strong></span> <span class='ocrx_word' id='word_1_590' title='bbox 2947 3791 3133 3845; x_wconf 89' lang='lat' dir='ltr'><strong>neque</strong></span> <span class='ocrx_word' id='word_1_591' title='bbox 3165 3773 3366 3830; x_wconf 86' lang='lat' dir='ltr'><strong>abello</strong></span> <span class='ocrx_word' id='word_1_592' title='bbox 3400 3773 3630 3844; x_wconf 89' lang='lat' dir='ltr'><strong>penitus</strong></span> 
     </span>
    </p>
   </div>
   <div class='ocr_carea' id='block_1_86' title="bbox 1976 3861 3628 3934">
    <p class='ocr_par' dir='ltr' id='par_1_86' title="bbox 1976 3861 3628 3934">
     <span class='ocr_line' id='line_1_86' title="bbox 1976 3861 3628 3934; baseline 0.001 -18"><span class='ocrx_word' id='word_1_593' title='bbox 1976 3863 2213 3917; x_wconf 87' lang='lat' dir='ltr'><strong>recedit.</strong></span> <span class='ocrx_word' id='word_1_594' title='bbox 2245 3863 2454 3932; x_wconf 70' lang='lat' dir='ltr'><strong>Itaque</strong></span> <span class='ocrx_word' id='word_1_595' title='bbox 2488 3878 2619 3916; x_wconf 92' lang='lat' dir='ltr'><strong>cum</strong></span> <span class='ocrx_word' id='word_1_596' title='bbox 2653 3864 2906 3917; x_wconf 86' lang='lat' dir='ltr'><strong>exercitu</strong></span> <span class='ocrx_word' id='word_1_597' title='bbox 2941 3864 3000 3917; x_wconf 93' lang='lat' dir='ltr'><strong>in</strong></span> <span class='ocrx_word' id='word_1_598' title='bbox 3038 3861 3628 3934; x_wconf 85' lang='lat' dir='ltr'><strong>Philippopolitanam</strong></span> 
     </span>
    </p>
   </div>
   <div class='ocr_carea' id='block_1_87' title="bbox 1978 3951 3630 4022">
    <p class='ocr_par' dir='ltr' id='par_1_87' title="bbox 1978 3951 3630 4022">
     <span class='ocr_line' id='line_1_87' title="bbox 1978 3951 3630 4022; baseline 0.002 -18"><span class='ocrx_word' id='word_1_599' title='bbox 1978 3951 2335 4022; x_wconf 88' lang='lat' dir='ltr'><strong>provinciam</strong></span> <span class='ocrx_word' id='word_1_600' title='bbox 2357 3952 2565 4021; x_wconf 84' lang='lat' dir='ltr'><strong>profect</strong></span> <span class='ocrx_word' id='word_1_601' title='bbox 2581 3968 2671 4016; x_wconf 93' lang='lat' dir='ltr'><strong>us,</strong></span> <span class='ocrx_word' id='word_1_602' title='bbox 2698 3955 2848 4007; x_wconf 90' lang='lat' dir='ltr'><strong>circa</strong></span> <span class='ocrx_word' id='word_1_603' title='bbox 2869 3953 3293 4009; x_wconf 78' lang='lat' dir='ltr'><strong>Stenimacbu&#39;u</strong></span> <span class='ocrx_word' id='word_1_604' title='bbox 3310 3955 3630 4021; x_wconf 84' lang='lat' dir='ltr'><strong>castellum,</strong></span> 
     </span>
    </p>
   </div>
   <div class='ocr_carea' id='block_1_88' title="bbox 1975 4040 3626 4111">
    <p class='ocr_par' dir='ltr' id='par_1_88' title="bbox 1975 4040 3626 4111">
     <span class='ocr_line' id='line_1_88' title="bbox 1975 4040 3626 4111; baseline 0.001 -15"><span class='ocrx_word' id='word_1_605' title='bbox 1975 4058 2088 4111; x_wconf 91' lang='lat' dir='ltr'><strong>quo</strong></span> <span class='ocrx_word' id='word_1_606' title='bbox 2148 4040 2316 4096; x_wconf 90' lang='lat' dir='ltr'><strong>multi</strong></span> <span class='ocrx_word' id='word_1_607' title='bbox 2375 4041 2605 4095; x_wconf 87' lang='lat' dir='ltr'><strong>Barbari</strong></span> <span class='ocrx_word' id='word_1_608' title='bbox 2681 4043 3083 4111; x_wconf 79' lang='lat' dir='ltr'><strong>confugerant,</strong></span> <span class='ocrx_word' id='word_1_609' title='bbox 3164 4047 3626 4098; x_wconf 81' lang='lat' dir='ltr'><strong>castrametatur.</strong></span> 
     </span>
    </p>
   </div>
   <div class='ocr_carea' id='block_1_89' title="bbox 1976 4130 3626 4203">
    <p class='ocr_par' dir='ltr' id='par_1_89' title="bbox 1976 4130 3626 4203">
     <span class='ocr_line' id='line_1_89' title="bbox 1976 4130 3626 4203; baseline 0.001 -19"><span class='ocrx_word' id='word_1_610' title='bbox 1976 4130 2437 4198; x_wconf 74' lang='lat' dir='ltr'><strong>Ouulegionibus</strong></span> <span class='ocrx_word' id='word_1_611' title='bbox 2469 4130 2830 4186; x_wconf 84' lang='lat' dir='ltr'><strong>circumdato</strong></span> <span class='ocrx_word' id='word_1_612' title='bbox 2871 4135 2926 4185; x_wconf 85' lang='lat' dir='ltr'><strong>et</strong></span> <span class='ocrx_word' id='word_1_613' title='bbox 2958 4131 3010 4184; x_wconf 88' lang='lat' dir='ltr'><strong>vi</strong></span> <span class='ocrx_word' id='word_1_614' title='bbox 3047 4137 3399 4203; x_wconf 85' lang='lat' dir='ltr'><strong>expugnato,</strong></span> <span class='ocrx_word' id='word_1_615' title='bbox 3444 4132 3626 4202; x_wconf 87' lang='lat' dir='ltr'><strong>capti-</strong></span> 
     </span>
    </p>
   </div>
   <div class='ocr_carea' id='block_1_90' title="bbox 1973 4219 3629 4293">
    <p class='ocr_par' dir='ltr' id='par_1_90' title="bbox 1973 4219 3629 4293">
     <span class='ocr_line' id='line_1_90' title="bbox 1973 4219 3629 4293; baseline 0.003 -20"><span class='ocrx_word' id='word_1_616' title='bbox 1973 4237 2075 4275; x_wconf 88' lang='lat' dir='ltr'><strong>vos</strong></span> <span class='ocrx_word' id='word_1_617' title='bbox 2104 4219 2162 4274; x_wconf 88' lang='lat' dir='ltr'><strong>in</strong></span> <span class='ocrx_word' id='word_1_618' title='bbox 2187 4220 2518 4274; x_wconf 85' lang='lat' dir='ltr'><strong>servitutem</strong></span> <span class='ocrx_word' id='word_1_619' title='bbox 2554 4219 2790 4290; x_wconf 83' lang='lat' dir='ltr'><strong>redegit.</strong></span> <span class='ocrx_word' id='word_1_620' title='bbox 2820 4225 3086 4274; x_wconf 87' lang='lat' dir='ltr'><strong>Desertor</strong></span> <span class='ocrx_word' id='word_1_621' title='bbox 3155 4238 3288 4276; x_wconf 86' lang='lat' dir='ltr'><strong>vero</strong></span> <span class='ocrx_word' id='word_1_622' title='bbox 3349 4239 3454 4278; x_wconf 88' lang='lat' dir='ltr'><strong>nec</strong></span> <span class='ocrx_word' id='word_1_623' title='bbox 3501 4223 3629 4293; x_wconf 85' lang='lat' dir='ltr'><strong>ipse</strong></span> 
     </span>
    </p>
   </div>
   <div class='ocr_carea' id='block_1_91' title="bbox 1975 4309 3625 4382">
    <p class='ocr_par' dir='ltr' id='par_1_91' title="bbox 1975 4309 3625 4382">
     <span class='ocr_line' id='line_1_91' title="bbox 1975 4309 3625 4382; baseline 0.001 -18"><span class='ocrx_word' id='word_1_624' title='bbox 1975 4311 2047 4364; x_wconf 89' lang='lat' dir='ltr'><strong>ad</strong></span> <span class='ocrx_word' id='word_1_625' title='bbox 2079 4310 2485 4380; x_wconf 90' lang='lat' dir='ltr'><strong>imperatorem</strong></span> <span class='ocrx_word' id='word_1_626' title='bbox 2518 4309 2733 4375; x_wconf 90' lang='lat' dir='ltr'><strong>venire,</strong></span> <span class='ocrx_word' id='word_1_627' title='bbox 2799 4327 2903 4364; x_wconf 88' lang='lat' dir='ltr'><strong>nec</strong></span> <span class='ocrx_word' id='word_1_628' title='bbox 2941 4309 3108 4364; x_wconf 81' lang='lat' dir='ltr'><strong>aliter</strong></span> <span class='ocrx_word' id='word_1_629' title='bbox 3165 4311 3235 4365; x_wconf 87' lang='lat' dir='ltr'><strong>dc</strong></span> <span class='ocrx_word' id='word_1_630' title='bbox 3277 4328 3416 4382; x_wconf 79' lang='lat' dir='ltr'><strong>pace</strong></span> <span class='ocrx_word' id='word_1_631' title='bbox 3461 4313 3625 4382; x_wconf 89' lang='lat' dir='ltr'><strong>quid-</strong></span> 
     </span>
    </p>
   </div>
   <div class='ocr_carea' id='block_1_92' title="bbox 1977 4397 3630 4471">
    <p class='ocr_par' dir='ltr' id='par_1_92' title="bbox 1977 4397 3630 4471">
     <span class='ocr_line' id='line_1_92' title="bbox 1977 4397 3630 4471; baseline 0.002 -18"><span class='ocrx_word' id='word_1_632' title='bbox 1977 4415 2154 4470; x_wconf 89' lang='lat' dir='ltr'><strong>quam</strong></span> <span class='ocrx_word' id='word_1_633' title='bbox 2180 4398 2380 4452; x_wconf 89' lang='lat' dir='ltr'><strong>audire</strong></span> <span class='ocrx_word' id='word_1_634' title='bbox 2411 4397 2612 4466; x_wconf 88' lang='lat' dir='ltr'><strong>voluit,</strong></span> <span class='ocrx_word' id='word_1_635' title='bbox 2649 4399 2760 4453; x_wconf 91' lang='lat' dir='ltr'><strong>nisi</strong></span> <span class='ocrx_word' id='word_1_636' title='bbox 2785 4398 3104 4470; x_wconf 83' lang='lat' dir='ltr'><strong>imperator</strong></span> <span class='ocrx_word' id='word_1_637' title='bbox 3133 4401 3264 4454; x_wconf 80' lang='lat' dir='ltr'><strong>dato</strong></span> <span class='ocrx_word' id='word_1_638' title='bbox 3314 4400 3630 4471; x_wconf 79' lang='lat' dir='ltr'><strong>diplomate</strong></span> 
     </span>
    </p>
   </div>
   <div class='ocr_carea' id='block_1_93' title="bbox 195 4458 1889 4566">
    <p class='ocr_par' dir='ltr' id='par_1_93' title="bbox 195 4458 1868 4566">
     <span class='ocr_line' id='line_1_93' title="bbox 195 4458 1868 4566; baseline -0.005 -20"><span class='ocrx_word' id='word_1_639' title='bbox 195 4491 570 4566; x_wconf 86' lang='grc' dir='ltr'>Στενίμαχον,</span> <span class='ocrx_word' id='word_1_640' title='bbox 603 4458 678 4553; x_wconf 66' lang='grc' dir='ltr'><strong>εἰς</strong></span> <span class='ocrx_word' id='word_1_641' title='bbox 711 4489 741 4544; x_wconf 74' lang='grc' dir='ltr'><strong>δ</strong></span> <span class='ocrx_word' id='word_1_642' title='bbox 787 4458 994 4545; x_wconf 69' lang='grc' dir='ltr'>πολλοὶ</span> <span class='ocrx_word' id='word_1_643' title='bbox 1025 4458 1131 4543; x_wconf 73' lang='grc' dir='ltr'><strong>τῶν</strong></span> <span class='ocrx_word' id='word_1_644' title='bbox 1194 4458 1482 4565; x_wconf 81' lang='grc' dir='ltr'>βαρϐάρων</span> <span class='ocrx_word' id='word_1_645' title='bbox 1550 4485 1868 4564; x_wconf 72' lang='grc' dir='ltr'>συνέφυγον,</span> 
     </span>
    </p>
   </div>
   <div class='ocr_carea' id='block_1_94' title="bbox 1988 4458 3628 4566">
    <p class='ocr_par' dir='ltr' id='par_1_94' title="bbox 1988 4458 3628 4562">
     <span class='ocr_line' id='line_1_94' title="bbox 1988 4458 3628 4562; baseline 0.001 -20"><span class='ocrx_word' id='word_1_646' title='bbox 1988 4458 2225 4542; x_wconf 70' lang='lat' dir='ltr'><strong>urbibus</strong></span> <span class='ocrx_word' id='word_1_647' title='bbox 2256 4495 2308 4542; x_wconf 90' lang='lat' dir='ltr'><strong>et</strong></span> <span class='ocrx_word' id='word_1_648' title='bbox 2337 4487 2492 4558; x_wconf 83' lang='lat' dir='ltr'><strong>agris</strong></span> <span class='ocrx_word' id='word_1_649' title='bbox 2514 4487 2565 4542; x_wconf 90' lang='lat' dir='ltr'><strong>ei</strong></span> <span class='ocrx_word' id='word_1_650' title='bbox 2599 4458 2830 4542; x_wconf 80' lang='lat' dir='ltr'><strong>cederet</strong></span> <span class='ocrx_word' id='word_1_651' title='bbox 2872 4458 3030 4559; x_wconf 68' lang='lat' dir='ltr'><strong>quas</strong></span> <span class='ocrx_word' id='word_1_652' title='bbox 3083 4497 3215 4544; x_wconf 90' lang='lat' dir='ltr'><strong>ante</strong></span> <span class='ocrx_word' id='word_1_653' title='bbox 3267 4458 3628 4562; x_wconf 73' lang='lat' dir='ltr'><strong>occupasset,</strong></span> 
     </span>
    </p>
   </div>
   <div class='ocr_carea' id='block_1_95' title="bbox 187 4573 1865 4657">
    <p class='ocr_par' dir='ltr' id='par_1_95' title="bbox 187 4573 1865 4657">
     <span class='ocr_line' id='line_1_95' title="bbox 187 4573 1865 4657; baseline -0.006 -19"><span class='ocrx_word' id='word_1_654' title='bbox 187 4581 292 4638; x_wconf 84' lang='grc' dir='ltr'><strong>καὶ</strong></span> <span class='ocrx_word' id='word_1_655' title='bbox 389 4579 692 4657; x_wconf 84' lang='grc' dir='ltr'>διειληφὼς</span> <span class='ocrx_word' id='word_1_656' title='bbox 751 4583 831 4653; x_wconf 86' lang='grc' dir='ltr'><strong>[Ρ.</strong></span> <span class='ocrx_word' id='word_1_657' title='bbox 897 4581 1023 4652; x_wconf 80' lang='lat'><strong>335]</strong></span> <span class='ocrx_word' id='word_1_658' title='bbox 1081 4577 1211 4633; x_wconf 79' lang='grc' dir='ltr'>αὐτὸ</span> <span class='ocrx_word' id='word_1_659' title='bbox 1289 4582 1406 4638; x_wconf 88' lang='grc' dir='ltr'>τοῖς</span> <span class='ocrx_word' id='word_1_660' title='bbox 1472 4573 1865 4649; x_wconf 80' lang='grc' dir='ltr'>στρατεύμασιν</span> 
     </span>
    </p>
   </div>
   <div class='ocr_carea' id='block_1_96' title="bbox 189 4660 1864 4744">
    <p class='ocr_par' dir='ltr' id='par_1_96' title="bbox 189 4660 1864 4744">
     <span class='ocr_line' id='line_1_96' title="bbox 189 4660 1864 4744; baseline -0.005 -19"><span class='ocrx_word' id='word_1_661' title='bbox 189 4668 374 4744; x_wconf 62' lang='lat' dir='ltr'><strong>essm</strong></span> <span class='ocrx_word' id='word_1_662' title='bbox 423 4670 648 4724; x_wconf 85' lang='grc' dir='ltr'>τεκατά</span> <span class='ocrx_word' id='word_1_663' title='bbox 691 4669 887 4744; x_wconf 85' lang='grc' dir='ltr'>κράτος</span> <span class='ocrx_word' id='word_1_664' title='bbox 944 4667 1033 4724; x_wconf 83' lang='grc' dir='ltr'><strong>καὶ</strong></span> <span class='ocrx_word' id='word_1_665' title='bbox 1071 4667 1198 4729; x_wconf 81' lang='grc' dir='ltr'>τοὺς</span> <span class='ocrx_word' id='word_1_666' title='bbox 1255 4665 1468 4726; x_wconf 82' lang='grc' dir='ltr'>ἐνόντας</span> <span class='ocrx_word' id='word_1_667' title='bbox 1525 4660 1864 4738; x_wconf 73' lang='grc' dir='ltr'>ἠνδραποδί-</span> 
     </span>
    </p>
   </div>
   <div class='ocr_carea' id='block_1_97' title="bbox 190 4751 1864 4828">
    <p class='ocr_par' dir='ltr' id='par_1_97' title="bbox 190 4751 1864 4828">
     <span class='ocr_line' id='line_1_97' title="bbox 190 4751 1864 4828; baseline -0.005 -13"><span class='ocrx_word' id='word_1_668' title='bbox 190 4781 355 4818; x_wconf 84' lang='grc' dir='ltr'>σατο.</span> <span class='ocrx_word' id='word_1_669' title='bbox 411 4760 474 4816; x_wconf 85' lang='grc' dir='ltr'>Ὀ</span> <span class='ocrx_word' id='word_1_670' title='bbox 533 4757 580 4813; x_wconf 86' lang='grc' dir='ltr'>δ’</span> <span class='ocrx_word' id='word_1_671' title='bbox 640 4758 953 4827; x_wconf 83' lang='grc' dir='ltr'>ἀποστάτης</span> <span class='ocrx_word' id='word_1_672' title='bbox 1011 4755 1296 4823; x_wconf 79' lang='grc' dir='ltr'>ἀφικέσθαι</span> <span class='ocrx_word' id='word_1_673' title='bbox 1377 4756 1472 4828; x_wconf 73' lang='grc' dir='ltr'>μὶν</span> <span class='ocrx_word' id='word_1_674' title='bbox 1533 4752 1586 4815; x_wconf 79' lang='grc' dir='ltr'>ἐς</span> <span class='ocrx_word' id='word_1_675' title='bbox 1638 4751 1864 4828; x_wconf 82' lang='grc' dir='ltr'>βασιλέα</span> 
     </span>
    </p>
   </div>
   <div class='ocr_carea' id='block_1_98' title="bbox 187 4840 1864 4922">
    <p class='ocr_par' dir='ltr' id='par_1_98' title="bbox 187 4840 1864 4922">
     <span class='ocr_line' id='line_1_98' title="bbox 187 4840 1864 4922; baseline -0.005 -18"><span class='ocrx_word' id='word_1_676' title='bbox 187 4847 460 4922; x_wconf 75' lang='grc' dir='ltr'>οὐδαμῶς</span> <span class='ocrx_word' id='word_1_677' title='bbox 493 4848 822 4917; x_wconf 84' lang='grc' dir='ltr'>συνετίθετο,</span> <span class='ocrx_word' id='word_1_678' title='bbox 879 4845 1027 4901; x_wconf 88' lang='grc' dir='ltr'><strong>ἀλλά</strong></span> <span class='ocrx_word' id='word_1_679' title='bbox 1079 4843 1209 4918; x_wconf 77' lang='grc' dir='ltr'>μηδ’</span> <span class='ocrx_word' id='word_1_680' title='bbox 1267 4843 1328 4900; x_wconf 71' lang='grc' dir='ltr'>ἄν</span> <span class='ocrx_word' id='word_1_681' title='bbox 1385 4841 1582 4918; x_wconf 70' lang='grc' dir='ltr'>ἑτέρως</span> <span class='ocrx_word' id='word_1_682' title='bbox 1642 4840 1864 4896; x_wconf 86' lang='grc' dir='ltr'>σπείσα-</span> 
     </span>
    </p>
   </div>
   <div class='ocr_carea' id='block_1_99' title="bbox 188 4932 1865 5012">
    <p class='ocr_par' dir='ltr' id='par_1_99' title="bbox 188 4932 1865 5012">
     <span class='ocr_line' id='line_1_99' title="bbox 188 4932 1865 5012; baseline -0.005 -18"><span class='ocrx_word' id='word_1_683' title='bbox 188 4942 321 4994; x_wconf 85' lang='grc' dir='ltr'>σθαι</span> <span class='ocrx_word' id='word_1_684' title='bbox 354 4937 664 5006; x_wconf 85' lang='grc' dir='ltr'>διετείνετο,</span> <span class='ocrx_word' id='word_1_685' title='bbox 698 4937 743 4992; x_wconf 84' lang='grc' dir='ltr'><strong>εἰ</strong></span> <span class='ocrx_word' id='word_1_686' title='bbox 808 4939 882 5006; x_wconf 83' lang='grc' dir='ltr'>μή</span> <span class='ocrx_word' id='word_1_687' title='bbox 943 4937 1143 5012; x_wconf 77' lang='grc' dir='ltr'>χωρῶν</span> <span class='ocrx_word' id='word_1_688' title='bbox 1174 4936 1260 4990; x_wconf 87' lang='grc' dir='ltr'>καὶ</span> <span class='ocrx_word' id='word_1_689' title='bbox 1296 4933 1513 4988; x_wconf 90' lang='grc' dir='ltr'>πόλεων</span> <span class='ocrx_word' id='word_1_690' title='bbox 1575 4932 1865 5008; x_wconf 79' lang='grc' dir='ltr'>ἐγγράφως</span> 
     </span>
    </p>
   </div>
   <div class='ocr_carea' id='block_1_100' title="bbox 185 5021 1861 5103">
    <p class='ocr_par' dir='ltr' id='par_1_100' title="bbox 185 5021 1861 5103">
     <span class='ocr_line' id='line_1_100' title="bbox 185 5021 1861 5103; baseline -0.005 -20"><span class='ocrx_word' id='word_1_691' title='bbox 185 5027 350 5100; x_wconf 75' lang='grc' dir='ltr'><strong>αὗτῷ</strong></span> <span class='ocrx_word' id='word_1_692' title='bbox 386 5027 644 5103; x_wconf 80' lang='grc' dir='ltr'>βασιλεὺς</span> <span class='ocrx_word' id='word_1_693' title='bbox 680 5025 970 5096; x_wconf 85' lang='grc' dir='ltr'>ὑπεκσταίη</span> <span class='ocrx_word' id='word_1_694' title='bbox 1019 5024 1224 5086; x_wconf 81' lang='grc' dir='ltr'>ὁπόσας</span> <span class='ocrx_word' id='word_1_695' title='bbox 1281 5023 1441 5086; x_wconf 78' lang='grc' dir='ltr'>αὐτὸς</span> <span class='ocrx_word' id='word_1_696' title='bbox 1499 5021 1861 5100; x_wconf 84' lang='grc' dir='ltr'>ἐχειρώσατο,</span> 
     </span>
    </p>
   </div>
   <div class='ocr_carea' id='block_1_101' title="bbox 183 5109 1860 5194">
    <p class='ocr_par' dir='ltr' id='par_1_101' title="bbox 183 5109 1860 5194">
     <span class='ocr_line' id='line_1_101' title="bbox 183 5109 1860 5194; baseline -0.005 -22"><span class='ocrx_word' id='word_1_697' title='bbox 183 5117 291 5172; x_wconf 73' lang='grc' dir='ltr'><strong>καὶ</strong></span> <span class='ocrx_word' id='word_1_698' title='bbox 323 5119 422 5187; x_wconf 67' lang='grc' dir='ltr'>τὴν</span> <span class='ocrx_word' id='word_1_699' title='bbox 483 5113 942 5194; x_wconf 79' lang='grc' dir='ltr'>κατηγγυημένην</span> <span class='ocrx_word' id='word_1_700' title='bbox 1003 5113 1151 5186; x_wconf 73' lang='grc' dir='ltr'>αὐτῷ</span> <span class='ocrx_word' id='word_1_701' title='bbox 1209 5109 1490 5187; x_wconf 87' lang='grc' dir='ltr'>Θεοδώραν</span> <span class='ocrx_word' id='word_1_702' title='bbox 1563 5111 1698 5184; x_wconf 81' lang='grc' dir='ltr'><strong>μετά</strong></span> <span class='ocrx_word' id='word_1_703' title='bbox 1751 5113 1860 5164; x_wconf 90' lang='grc' dir='ltr'><strong>τῶν</strong></span> 
     </span>
    </p>
   </div>
   <div class='ocr_carea' id='block_1_102' title="bbox 181 5198 1860 5284">
    <p class='ocr_par' dir='ltr' id='par_1_102' title="bbox 181 5198 1860 5284">
     <span class='ocr_line' id='line_1_102' title="bbox 181 5198 1860 5284; baseline -0.005 -23"><span class='ocrx_word' id='word_1_704' title='bbox 181 5208 446 5284; x_wconf 80' lang='grc' dir='ltr'>ἀρχικῶν</span> <span class='ocrx_word' id='word_1_705' title='bbox 500 5205 796 5280; x_wconf 72' lang='grc' dir='ltr'>ἐκπέμψειε</span> <span class='ocrx_word' id='word_1_706' title='bbox 853 5206 1219 5278; x_wconf 79' lang='grc' dir='ltr'>παρασήμων.</span> <span class='ocrx_word' id='word_1_707' title='bbox 1276 5205 1394 5258; x_wconf 84' lang='grc' dir='ltr'>Τῶν</span> <span class='ocrx_word' id='word_1_708' title='bbox 1463 5198 1520 5255; x_wconf 73' lang='grc' dir='ltr'>δὲ</span> <span class='ocrx_word' id='word_1_709' title='bbox 1578 5201 1860 5269; x_wconf 85' lang='grc' dir='ltr'>συνθηκῶν</span> 
     </span>
    </p>
   </div>
   <div class='ocr_carea' id='block_1_103' title="bbox 192 5290 1860 5371">
    <p class='ocr_par' dir='ltr' id='par_1_103' title="bbox 192 5290 1860 5371">
     <span class='ocr_line' id='line_1_103' title="bbox 192 5290 1860 5371; baseline -0.004 -21"><span class='ocrx_word' id='word_1_710' title='bbox 192 5297 309 5369; x_wconf 69' lang='grc' dir='ltr'>ὀψέ</span> <span class='ocrx_word' id='word_1_711' title='bbox 356 5318 490 5352; x_wconf 87' lang='grc' dir='ltr'>ποτε</span> <span class='ocrx_word' id='word_1_712' title='bbox 541 5299 633 5352; x_wconf 86' lang='grc' dir='ltr'><strong>καὶ</strong></span> <span class='ocrx_word' id='word_1_713' title='bbox 688 5300 798 5351; x_wconf 92' lang='grc' dir='ltr'><strong>τῶν</strong></span> <span class='ocrx_word' id='word_1_714' title='bbox 848 5294 1023 5371; x_wconf 82' lang='grc' dir='ltr'>ὅρκων</span> <span class='ocrx_word' id='word_1_715' title='bbox 1083 5291 1482 5365; x_wconf 79' lang='grc' dir='ltr'>τετελεσμένων</span> <span class='ocrx_word' id='word_1_716' title='bbox 1545 5292 1619 5354; x_wconf 87' lang='grc' dir='ltr'><strong>ὡς</strong></span> <span class='ocrx_word' id='word_1_717' title='bbox 1674 5290 1860 5364; x_wconf 71' lang='grc' dir='ltr'>ᾐτεῖτο</span> 
     </span>
    </p>
   </div>
   <div class='ocr_carea' id='block_1_104' title="bbox 179 5378 1864 5462">
    <p class='ocr_par' dir='ltr' id='par_1_104' title="bbox 179 5378 1864 5462">
     <span class='ocr_line' id='line_1_104' title="bbox 179 5378 1864 5462; baseline -0.006 -19"><span class='ocrx_word' id='word_1_718' title='bbox 179 5384 467 5459; x_wconf 81' lang='grc' dir='ltr'>Ἀλέξιος,</span> <span class='ocrx_word' id='word_1_719' title='bbox 575 5385 895 5462; x_wconf 80' lang='grc' dir='ltr'>βουλεύεταί</span> <span class='ocrx_word' id='word_1_720' title='bbox 945 5404 996 5438; x_wconf 90' lang='grc' dir='ltr'><strong>τι</strong></span> <span class='ocrx_word' id='word_1_721' title='bbox 1106 5381 1392 5453; x_wconf 88' lang='grc' dir='ltr'>μετέπειτα</span> <span class='ocrx_word' id='word_1_722' title='bbox 1449 5379 1707 5454; x_wconf 81' lang='grc' dir='ltr'>βασιλεὺς</span> <span class='ocrx_word' id='word_1_723' title='bbox 1765 5378 1864 5434; x_wconf 80' lang='grc' dir='ltr'>οὐκ</span> 
     </span>
    </p>
   </div>
   <div class='ocr_carea' id='block_1_105' title="bbox 174 5465 1860 5550">
    <p class='ocr_par' dir='ltr' id='par_1_105' title="bbox 174 5465 1860 5550">
     <span class='ocr_line' id='line_1_105' title="bbox 174 5465 1860 5550; baseline -0.006 -20"><span class='ocrx_word' id='word_1_724' title='bbox 174 5472 320 5530; x_wconf 77' lang='grc' dir='ltr'>οῖδα</span> <span class='ocrx_word' id='word_1_725' title='bbox 379 5476 426 5530; x_wconf 78' lang='grc' dir='ltr'><strong>εἰ</strong></span> <span class='ocrx_word' id='word_1_726' title='bbox 485 5479 815 5550; x_wconf 75' lang='grc' dir='ltr'>στρατηγοῖς</span> <span class='ocrx_word' id='word_1_727' title='bbox 883 5473 974 5528; x_wconf 85' lang='grc' dir='ltr'><strong>καὶ</strong></span> <span class='ocrx_word' id='word_1_728' title='bbox 1047 5472 1360 5548; x_wconf 79' lang='grc' dir='ltr'>βασιλεῦσιν</span> <span class='ocrx_word' id='word_1_729' title='bbox 1414 5465 1706 5543; x_wconf 88' lang='grc' dir='ltr'>ἀρμόδιον,</span> <span class='ocrx_word' id='word_1_730' title='bbox 1767 5466 1860 5529; x_wconf 75' lang='grc' dir='ltr'><strong>οὕς</strong></span> 
     </span>
    </p>
   </div>
   <div class='ocr_carea' id='block_1_106' title="bbox 177 5555 1860 5639">
    <p class='ocr_par' dir='ltr' id='par_1_106' title="bbox 177 5555 1860 5639">
     <span class='ocr_line' id='line_1_106' title="bbox 177 5555 1860 5639; baseline -0.005 -20"><span class='ocrx_word' id='word_1_731' title='bbox 177 5566 341 5639; x_wconf 80' lang='grc' dir='ltr'><strong>παρά</strong></span> <span class='ocrx_word' id='word_1_732' title='bbox 389 5569 492 5620; x_wconf 83' lang='grc' dir='ltr'><strong>πᾶν</strong></span> <span class='ocrx_word' id='word_1_733' title='bbox 546 5564 732 5638; x_wconf 80' lang='grc' dir='ltr'>ἓτερον</span> <span class='ocrx_word' id='word_1_734' title='bbox 780 5564 844 5619; x_wconf 84' lang='grc' dir='ltr'>τὸ</span> <span class='ocrx_word' id='word_1_735' title='bbox 904 5564 1147 5637; x_wconf 77' lang='grc' dir='ltr'>εὐορκεῖν</span> <span class='ocrx_word' id='word_1_736' title='bbox 1191 5559 1391 5617; x_wconf 78' lang='grc' dir='ltr'>τιθέναι</span> <span class='ocrx_word' id='word_1_737' title='bbox 1441 5557 1566 5634; x_wconf 80' lang='grc' dir='ltr'>περὶ</span> <span class='ocrx_word' id='word_1_738' title='bbox 1597 5555 1860 5612; x_wconf 85' lang='grc' dir='ltr'>πλείστου</span> 
     </span>
    </p>
   </div>
   <div class='ocr_carea' id='block_1_107' title="bbox 175 5645 1864 5735">
    <p class='ocr_par' dir='ltr' id='par_1_107' title="bbox 175 5645 1864 5735">
     <span class='ocr_line' id='line_1_107' title="bbox 175 5645 1864 5735; baseline -0.007 -24"><span class='ocrx_word' id='word_1_739' title='bbox 175 5655 398 5735; x_wconf 59' lang='grc' dir='ltr'>χρεών</span> <span class='ocrx_word' id='word_1_740' title='bbox 450 5655 541 5710; x_wconf 86' lang='grc' dir='ltr'><strong>τὸν</strong></span> <span class='ocrx_word' id='word_1_741' title='bbox 602 5653 708 5729; x_wconf 82' lang='grc' dir='ltr'><strong>γὰρ</strong></span> <span class='ocrx_word' id='word_1_742' title='bbox 764 5651 1016 5724; x_wconf 77' lang='grc' dir='ltr'>Ἀλέξιον</span> <span class='ocrx_word' id='word_1_743' title='bbox 1082 5652 1239 5716; x_wconf 87' lang='grc' dir='ltr'>θείων</span> <span class='ocrx_word' id='word_1_744' title='bbox 1336 5647 1658 5722; x_wconf 83' lang='grc' dir='ltr'>κουσμάτων</span> <span class='ocrx_word' id='word_1_745' title='bbox 1721 5645 1864 5702; x_wconf 81' lang='grc' dir='ltr'>ἀπο-</span> 
     </span>
    </p>
   </div>
   <div class='ocr_carea' id='block_1_108' title="bbox 1979 4575 3630 4648">
    <p class='ocr_par' dir='ltr' id='par_1_108' title="bbox 1979 4575 3630 4648">
     <span class='ocr_line' id='line_1_108' title="bbox 1979 4575 3630 4648; baseline 0.002 -16"><span class='ocrx_word' id='word_1_746' title='bbox 1979 4580 2036 4632; x_wconf 86' lang='lat' dir='ltr'><strong>et</strong></span> <span class='ocrx_word' id='word_1_747' title='bbox 2064 4577 2409 4646; x_wconf 86' lang='lat' dir='ltr'><strong>desponsam</strong></span> <span class='ocrx_word' id='word_1_748' title='bbox 2432 4575 2798 4632; x_wconf 85' lang='lat' dir='ltr'><strong>Theodoram</strong></span> <span class='ocrx_word' id='word_1_749' title='bbox 2830 4593 2961 4632; x_wconf 90' lang='lat' dir='ltr'><strong>cum</strong></span> <span class='ocrx_word' id='word_1_750' title='bbox 2992 4578 3630 4648; x_wconf 79' lang='lat' dir='ltr'><strong>imperatoriisinsigni-</strong></span> 
     </span>
    </p>
   </div>
   <div class='ocr_carea' id='block_1_109' title="bbox 1974 4664 3628 4737">
    <p class='ocr_par' dir='ltr' id='par_1_109' title="bbox 1974 4664 3628 4737">
     <span class='ocr_line' id='line_1_109' title="bbox 1974 4664 3628 4737; baseline 0.001 -17"><span class='ocrx_word' id='word_1_751' title='bbox 1974 4666 2082 4720; x_wconf 88' lang='lat' dir='ltr'><strong>bus</strong></span> <span class='ocrx_word' id='word_1_752' title='bbox 2117 4664 2393 4720; x_wconf 85' lang='lat' dir='ltr'><strong>mitteret.</strong></span> <span class='ocrx_word' id='word_1_753' title='bbox 2454 4665 2824 4721; x_wconf 85' lang='lat' dir='ltr'><strong>Pactionibus</strong></span> <span class='ocrx_word' id='word_1_754' title='bbox 2855 4670 2912 4722; x_wconf 90' lang='lat' dir='ltr'><strong>et</strong></span> <span class='ocrx_word' id='word_1_755' title='bbox 2945 4667 3332 4737; x_wconf 86' lang='lat' dir='ltr'><strong>jurejurando</strong></span> <span class='ocrx_word' id='word_1_756' title='bbox 3371 4667 3462 4721; x_wconf 83' lang='lat' dir='ltr'><strong>vix</strong></span> <span class='ocrx_word' id='word_1_757' title='bbox 3499 4675 3628 4723; x_wconf 85' lang='lat' dir='ltr'><strong>tan-</strong></span> 
     </span>
    </p>
   </div>
   <div class='ocr_carea' id='block_1_110' title="bbox 1972 4752 3624 4826">
    <p class='ocr_par' dir='ltr' id='par_1_110' title="bbox 1972 4752 3624 4826">
     <span class='ocr_line' id='line_1_110' title="bbox 1972 4752 3624 4826; baseline 0.004 -19"><span class='ocrx_word' id='word_1_758' title='bbox 1972 4754 2102 4810; x_wconf 88' lang='lat' dir='ltr'><strong>dem</strong></span> <span class='ocrx_word' id='word_1_759' title='bbox 2135 4754 2204 4809; x_wconf 92' lang='lat' dir='ltr'><strong>de</strong></span> <span class='ocrx_word' id='word_1_760' title='bbox 2235 4752 2416 4810; x_wconf 81' lang='lat' dir='ltr'><strong>Alexii</strong></span> <span class='ocrx_word' id='word_1_761' title='bbox 2445 4755 2730 4809; x_wconf 84' lang='lat' dir='ltr'><strong>sententia</strong></span> <span class='ocrx_word' id='word_1_762' title='bbox 2763 4771 2869 4811; x_wconf 91' lang='lat' dir='ltr'><strong>con</strong></span> <span class='ocrx_word' id='word_1_763' title='bbox 2894 4756 3076 4819; x_wconf 83' lang='lat' dir='ltr'><strong>fectis,</strong></span> <span class='ocrx_word' id='word_1_764' title='bbox 3102 4757 3624 4826; x_wconf 88' lang='lat' dir='ltr'><strong>imperatorconsi-</strong></span> 
     </span>
    </p>
   </div>
   <div class='ocr_carea' id='block_1_111' title="bbox 1976 4843 3626 4916">
    <p class='ocr_par' dir='ltr' id='par_1_111' title="bbox 1976 4843 3626 4916">
     <span class='ocr_line' id='line_1_111' title="bbox 1976 4843 3626 4916; baseline 0.002 -19"><span class='ocrx_word' id='word_1_765' title='bbox 1976 4844 2114 4898; x_wconf 88' lang='lat' dir='ltr'><strong>lium</strong></span> <span class='ocrx_word' id='word_1_766' title='bbox 2168 4843 2270 4897; x_wconf 91' lang='lat' dir='ltr'><strong>init</strong></span> <span class='ocrx_word' id='word_1_767' title='bbox 2302 4843 2454 4898; x_wconf 90' lang='lat' dir='ltr'><strong>haud</strong></span> <span class='ocrx_word' id='word_1_768' title='bbox 2489 4844 2606 4900; x_wconf 90' lang='lat' dir='ltr'><strong>scio</strong></span> <span class='ocrx_word' id='word_1_769' title='bbox 2640 4861 2712 4899; x_wconf 89' lang='lat' dir='ltr'><strong>an</strong></span> <span class='ocrx_word' id='word_1_770' title='bbox 2763 4844 3016 4900; x_wconf 87' lang='lat' dir='ltr'><strong>ducibus</strong></span> <span class='ocrx_word' id='word_1_771' title='bbox 3065 4853 3120 4900; x_wconf 90' lang='lat' dir='ltr'><strong>et</strong></span> <span class='ocrx_word' id='word_1_772' title='bbox 3176 4846 3626 4916; x_wconf 79' lang='lat' dir='ltr'><strong>imperatoribus</strong></span> 
     </span>
    </p>
   </div>
   <div class='ocr_carea' id='block_1_112' title="bbox 1974 4932 3623 5004">
    <p class='ocr_par' dir='ltr' id='par_1_112' title="bbox 1974 4932 3623 5004">
     <span class='ocr_line' id='line_1_112' title="bbox 1974 4932 3623 5004; baseline 0.002 -18"><span class='ocrx_word' id='word_1_773' title='bbox 1974 4932 2238 5001; x_wconf 75' lang='lat' dir='ltr'><strong>dignum,</strong></span> <span class='ocrx_word' id='word_1_774' title='bbox 2298 4932 2507 5003; x_wconf 83' lang='lat' dir='ltr'><strong>quibus</strong></span> <span class='ocrx_word' id='word_1_775' title='bbox 2550 4933 2936 5003; x_wconf 86' lang='lat' dir='ltr'><strong>jurisjurandi</strong></span> <span class='ocrx_word' id='word_1_776' title='bbox 3006 4934 3341 5004; x_wconf 87' lang='lat' dir='ltr'><strong>religionem</strong></span> <span class='ocrx_word' id='word_1_777' title='bbox 3397 4933 3623 4989; x_wconf 66' lang='lat' dir='ltr'><strong>C’RiCl‘iB</strong></span> 
     </span>
    </p>
   </div>
   <div class='ocr_carea' id='block_1_113' title="bbox 1974 5020 3621 5092">
    <p class='ocr_par' dir='ltr' id='par_1_113' title="bbox 1974 5020 3621 5092">
     <span class='ocr_line' id='line_1_113' title="bbox 1974 5020 3621 5092; baseline -0.001 -16"><span class='ocrx_word' id='word_1_778' title='bbox 1974 5022 2146 5078; x_wconf 84' lang='lat' dir='ltr'><strong>rebus</strong></span> <span class='ocrx_word' id='word_1_779' title='bbox 2180 5022 2455 5078; x_wconf 88' lang='lat' dir='ltr'><strong>omnibus</strong></span> <span class='ocrx_word' id='word_1_780' title='bbox 2495 5023 2881 5092; x_wconf 88' lang='lat' dir='ltr'><strong>antiquiorem</strong></span> <span class='ocrx_word' id='word_1_781' title='bbox 2915 5039 3040 5078; x_wconf 90' lang='lat' dir='ltr'><strong>esse</strong></span> <span class='ocrx_word' id='word_1_782' title='bbox 3075 5025 3252 5078; x_wconf 88' lang='lat' dir='ltr'><strong>decet.</strong></span> <span class='ocrx_word' id='word_1_783' title='bbox 3295 5027 3438 5074; x_wconf 73' lang='lat' dir='ltr'><strong>Nam</strong></span> <span class='ocrx_word' id='word_1_784' title='bbox 3491 5020 3621 5075; x_wconf 84' lang='lat' dir='ltr'><strong>Ale-</strong></span> 
     </span>
    </p>
   </div>
   <div class='ocr_carea' id='block_1_114' title="bbox 1971 5112 3619 5182">
    <p class='ocr_par' dir='ltr' id='par_1_114' title="bbox 1971 5112 3619 5182">
     <span class='ocr_line' id='line_1_114' title="bbox 1971 5112 3619 5182; baseline -0.001 -17"><span class='ocrx_word' id='word_1_785' title='bbox 1971 5112 2132 5166; x_wconf 85' lang='lat' dir='ltr'><strong>xium</strong></span> <span class='ocrx_word' id='word_1_786' title='bbox 2155 5116 2526 5168; x_wconf 88' lang='lat' dir='ltr'><strong>sacrosancto</strong></span> <span class='ocrx_word' id='word_1_787' title='bbox 2587 5112 2894 5181; x_wconf 84' lang='lat' dir='ltr'><strong>Evangelio</strong></span> <span class='ocrx_word' id='word_1_788' title='bbox 2949 5112 3126 5166; x_wconf 88' lang='lat' dir='ltr'><strong>misso</strong></span> <span class='ocrx_word' id='word_1_789' title='bbox 3189 5128 3292 5182; x_wconf 84' lang='lat' dir='ltr'><strong>per</strong></span> <span class='ocrx_word' id='word_1_790' title='bbox 3341 5125 3619 5179; x_wconf 74' lang='lat' dir='ltr'><strong>generum</strong></span> 
     </span>
    </p>
   </div>
   <div class='ocr_carea' id='block_1_115' title="bbox 1975 5199 3622 5270">
    <p class='ocr_par' dir='ltr' id='par_1_115' title="bbox 1975 5199 3622 5270">
     <span class='ocr_line' id='line_1_115' title="bbox 1975 5199 3622 5270; baseline -0.001 -15"><span class='ocrx_word' id='word_1_791' title='bbox 1975 5205 2110 5256; x_wconf 88' lang='lat' dir='ltr'><strong>natu</strong></span> <span class='ocrx_word' id='word_1_792' title='bbox 2137 5201 2415 5270; x_wconf 86' lang='lat' dir='ltr'><strong>majorem</strong></span> <span class='ocrx_word' id='word_1_793' title='bbox 2458 5199 2712 5254; x_wconf 84' lang='lat' dir='ltr'><strong>Alexium</strong></span> <span class='ocrx_word' id='word_1_794' title='bbox 2752 5199 2821 5252; x_wconf 89' lang='lat' dir='ltr'><strong>ad</strong></span> <span class='ocrx_word' id='word_1_795' title='bbox 2855 5215 2915 5254; x_wconf 88' lang='lat' dir='ltr'><strong>se</strong></span> <span class='ocrx_word' id='word_1_796' title='bbox 2939 5199 3268 5269; x_wconf 85' lang='lat' dir='ltr'><strong>pellectum,</strong></span> <span class='ocrx_word' id='word_1_797' title='bbox 3290 5199 3436 5254; x_wconf 77' lang='lat'><strong>681</strong></span> <span class='ocrx_word' id='word_1_798' title='bbox 3466 5199 3622 5266; x_wconf 86' lang='lat' dir='ltr'><strong>dato,</strong></span> 
     </span>
    </p>
   </div>
   <div class='ocr_carea' id='block_1_116' title="bbox 1975 5287 3623 5359">
    <p class='ocr_par' dir='ltr' id='par_1_116' title="bbox 1975 5287 3623 5359">
     <span class='ocr_line' id='line_1_116' title="bbox 1975 5287 3623 5359; baseline -0.001 -16"><span class='ocrx_word' id='word_1_799' title='bbox 1975 5297 2034 5344; x_wconf 88' lang='lat' dir='ltr'><strong>ut</strong></span> <span class='ocrx_word' id='word_1_800' title='bbox 2065 5288 2202 5352; x_wconf 76' lang='lat' dir='ltr'><strong>dixi,</strong></span> <span class='ocrx_word' id='word_1_801' title='bbox 2236 5288 2936 5359; x_wconf 85' lang='lat' dir='ltr'><strong>utrinquejurejurando,</strong></span> <span class='ocrx_word' id='word_1_802' title='bbox 2974 5287 3033 5342; x_wconf 90' lang='lat' dir='ltr'><strong>in</strong></span> <span class='ocrx_word' id='word_1_803' title='bbox 3073 5287 3306 5342; x_wconf 89' lang='lat' dir='ltr'><strong>vincula</strong></span> <span class='ocrx_word' id='word_1_804' title='bbox 3359 5288 3623 5357; x_wconf 89' lang='lat' dir='ltr'><strong>conjicit,</strong></span> 
     </span>
    </p>
   </div>
   <div class='ocr_carea' id='block_1_117' title="bbox 1971 5376 3622 5441">
    <p class='ocr_par' dir='ltr' id='par_1_117' title="bbox 1971 5376 3622 5441">
     <span class='ocr_line' id='line_1_117' title="bbox 1971 5376 3622 5441; baseline -0.001 -8"><span class='ocrx_word' id='word_1_805' title='bbox 1971 5377 2247 5434; x_wconf 89' lang='lat' dir='ltr'><strong>Davidica</strong></span> <span class='ocrx_word' id='word_1_806' title='bbox 2279 5376 2378 5431; x_wconf 90' lang='lat' dir='ltr'><strong>illa</strong></span> <span class='ocrx_word' id='word_1_807' title='bbox 2417 5376 2738 5431; x_wconf 88' lang='lat' dir='ltr'><strong>sententia:</strong></span> <span class='ocrx_word' id='word_1_808' title='bbox 2775 5398 2803 5425; x_wconf 94' lang='grc'><strong>‹‹</strong></span> <span class='ocrx_word' id='word_1_809' title='bbox 2837 5380 2979 5432; x_wconf 90' lang='lat' dir='ltr'><strong>Cum</strong></span> <span class='ocrx_word' id='word_1_810' title='bbox 3025 5381 3226 5431; x_wconf 89' lang='lat' dir='ltr'><strong>sancto</strong></span> <span class='ocrx_word' id='word_1_811' title='bbox 3265 5381 3518 5441; x_wconf 78' lang='lat' dir='ltr'><strong>anctus,</strong></span> <span class='ocrx_word' id='word_1_812' title='bbox 3564 5381 3622 5432; x_wconf 86' lang='lat' dir='ltr'><strong>et</strong></span> 
     </span>
    </p>
   </div>
   <div class='ocr_carea' id='block_1_118' title="bbox 1971 5465 3610 5537">
    <p class='ocr_par' dir='ltr' id='par_1_118' title="bbox 1971 5465 3610 5537">
     <span class='ocr_line' id='line_1_118' title="bbox 1971 5465 3610 5537; baseline -0.001 -15"><span class='ocrx_word' id='word_1_813' title='bbox 1971 5483 2104 5523; x_wconf 87' lang='lat' dir='ltr'><strong>cum</strong></span> <span class='ocrx_word' id='word_1_814' title='bbox 2141 5481 2408 5537; x_wconf 90' lang='lat' dir='ltr'><strong>perverso</strong></span> <span class='ocrx_word' id='word_1_815' title='bbox 2441 5479 2745 5536; x_wconf 80' lang='lat' dir='ltr'><strong>pervereus</strong></span> <span class='ocrx_word' id='word_1_816' title='bbox 2763 5465 2901 5530; x_wconf 89' lang='lat' dir='ltr'><strong>eris,</strong></span> <span class='ocrx_word' id='word_1_817' title='bbox 2931 5487 2959 5515; x_wconf 90' lang='grc'>››</span> <span class='ocrx_word' id='word_1_818' title='bbox 2992 5465 3231 5523; x_wconf 90' lang='lat' dir='ltr'><strong>abusus.</strong></span> <span class='ocrx_word' id='word_1_819' title='bbox 3285 5467 3421 5521; x_wconf 86' lang='lat' dir='ltr'><strong>Inde</strong></span> <span class='ocrx_word' id='word_1_820' title='bbox 3454 5465 3610 5520; x_wconf 89' lang='lat' dir='ltr'><strong>urbi-</strong></span> 
     </span>
    </p>
   </div>
   <div class='ocr_carea' id='block_1_119' title="bbox 1971 5553 3616 5627">
    <p class='ocr_par' dir='ltr' id='par_1_119' title="bbox 1971 5553 3616 5627">
     <span class='ocr_line' id='line_1_119' title="bbox 1971 5553 3616 5627; baseline 0.001 -16"><span class='ocrx_word' id='word_1_821' title='bbox 1971 5557 2083 5612; x_wconf 89' lang='lat' dir='ltr'><strong>bus</strong></span> <span class='ocrx_word' id='word_1_822' title='bbox 2115 5559 2171 5610; x_wconf 92' lang='lat' dir='ltr'><strong>et</strong></span> <span class='ocrx_word' id='word_1_823' title='bbox 2201 5554 2458 5609; x_wconf 85' lang='lat' dir='ltr'><strong>castellis</strong></span> <span class='ocrx_word' id='word_1_824' title='bbox 2489 5553 2637 5608; x_wconf 90' lang='lat' dir='ltr'><strong>citra</strong></span> <span class='ocrx_word' id='word_1_825' title='bbox 2667 5554 2920 5611; x_wconf 89' lang='lat' dir='ltr'><strong>laborem</strong></span> <span class='ocrx_word' id='word_1_826' title='bbox 2948 5555 3185 5626; x_wconf 89' lang='lat' dir='ltr'><strong>potitus,</strong></span> <span class='ocrx_word' id='word_1_827' title='bbox 3221 5556 3457 5612; x_wconf 85' lang='lat' dir='ltr'><strong>fratrem</strong></span> <span class='ocrx_word' id='word_1_828' title='bbox 3491 5556 3616 5627; x_wconf 88' lang='lat' dir='ltr'><strong>ejus</strong></span> 
     </span>
    </p>
   </div>
   <div class='ocr_carea' id='block_1_120' title="bbox 1974 5641 2798 5701">
    <p class='ocr_par' dir='ltr' id='par_1_120' title="bbox 1974 5641 2798 5701">
     <span class='ocr_line' id='line_1_120' title="bbox 1974 5641 2798 5701; baseline -0.002 0"><span class='ocrx_word' id='word_1_829' title='bbox 1974 5644 2182 5701; x_wconf 89' lang='lat' dir='ltr'><strong>Mitum</strong></span> <span class='ocrx_word' id='word_1_830' title='bbox 2208 5644 2265 5699; x_wconf 92' lang='lat' dir='ltr'><strong>in</strong></span> <span class='ocrx_word' id='word_1_831' title='bbox 2291 5641 2560 5698; x_wconf 81' lang='lat' dir='ltr'><strong>exsilium</strong></span> <span class='ocrx_word' id='word_1_832' title='bbox 2596 5643 2798 5700; x_wconf 89' lang='lat' dir='ltr'><strong>mittit.</strong></span> 
     </span>
    </p>
   </div>
  </div>
