4072 6218
525 336 642 396 899

1830 323 2142 386 NICETAE
2181 319 2618 385 CHONIATE
3745 327 3838 388 900

531 469 757 531 στολαῖς
801 465 888 522 διὰ
927 467 1023 520 τοῦ
1064 453 1430 536 πρεσϐυτέρου
1468 463 1573 513 τῶν
1611 452 1875 531 γαμϐρῶν
1915 456 2164 527 Ἀλεξίου
2203 458 2340 531 πρὸς
2413 457 2601 510 ἑαυτὸν
2658 451 3094 531 ἐφελκυσάμενος
3154 450 3284 524 μετά
3322 452 3416 521 τὴν
3453 457 3552 507 τῶν
3589 455 3756 525 ὅρκων,
3785 459 3840 521 ὡς

530 556 682 630 ἔφην,
725 556 1147 629 συμπλήρωσιν,
1192 549 1533 626 συνειληφὼς
1575 548 1719 620 εἶχεν
1762 545 1813 600 ἐν
1853 545 2096 620 δεσμοῖς,
2127 546 2224 614 τὴν
2273 570 2294 595 ι
2340 547 2488 602 Μετὰ
2530 543 2682 599 ὁσίου
2724 542 2872 605 ὅσιος
2915 540 3009 616 ἔστι
3051 540 3140 595 καὶ
3184 541 3316 613 μετὰ
3370 536 3614 614 στριϐλοῦ
3651 541 3841 620 διειστρὲ-

527 623 640 722 ψῇς
685 670 712 697 ››
753 641 1044 709 Δαϐιδικήν
1088 640 1272 714 φωνὴν
1317 638 1424 711 οὐχ
1464 637 1537 698 ὠς
1570 635 1762 710 ἐρρέθη
1805 633 2124 708 ἐπενεγκών.
2170 633 2281 691 Κάκ
2317 631 2478 688 τοῦδε
2516 637 2622 687 τῶν
2664 653 2721 686 τε
2759 631 2976 688 πόλεων
3018 629 3108 684 καὶ
3191 629 3460 708 φρουρίων
3500 630 3702 700 ἀπονητὶ
3733 655 3844 708 περι.

530 706 724 809 γίνεται
767 734 838 786 ὧν
881 731 1052 806 ἦρχεν
1096 726 1359 798 ’Λλέξιος,
1400 725 1489 780 καὶ
1528 725 1620 779 τὸν
1663 722 1895 800 ἀδελφὸν
1940 725 2105 779 αὐτοῦ
2148 727 2315 779 Μῖτον
2359 719 2568 801 φυγάδα
2606 720 2809 792 τίθησι.
2853 720 2954 777 Καὶ
3001 722 3230 773 τοιαῦτα
3285 715 3472 792 δράσας
3523 717 3751 774 ἐπάνεισιν
3805 723 3842 783 ἐς

532 827 596 880 τὸ
637 825 953 894 Βυζάντιον.

609 917 708 972 llis
736 913 981 986 peractis
1011 911 1351 984 Byzantium
1402 925 1684 973 reversus,
1729 909 2035 978 conjugem
2065 907 2165 959 Eu-

2357 901 2604 975 Εὑρίσκει
2663 899 2720 955 δὲ
2773 899 2863 954 καὶ
2931 901 3033 969 τήν
3112 898 3357 953 σύνευνον
3433 897 3743 976 Εὐφροσύνην
3790 906 3840 973 μὴ

533 1009 885 1078 prhosynem
919 1019 1030 1057 non
1064 1002 1310 1055 otiosam
1371 998 1670 1053 desedisse
1718 996 1875 1051 domi
1937 996 2172 1066 reperit,

521 1097 622 1152 sed
650 1095 918 1149 homines
955 1091 1222 1145 factiosos
1246 1093 1302 1144 et
1325 1087 1685 1157 peculatores
1713 1083 1955 1140 viriliter
1991 1083 2170 1138 ultam

523 1185 832 1255 cujusdam
867 1178 1318 1248 Contostephani
1355 1180 1607 1231 conatus
1644 1174 2028 1245 oppressisse,
2057 1190 2170 1228 non

516 1271 1007 1330 contemnendum
1031 1283 1168 1322 sane
1203 1266 1450 1332 facinus,
1485 1265 1581 1318 sed
1616 1264 1706 1334 (ut
1733 1263 2015 1332 mulieris)
2069 1279 2171 1332 po-

514 1365 630 1419 tius
663 1359 1048 1417 admiratione
1077 1357 1342 1428 dignum,
1366 1354 1410 1408 si
1443 1354 1492 1408 is
1525 1369 1699 1408 sexus
1775 1352 1925 1406 intra
1983 1355 2170 1407 certos

516 1452 682 1524 quasi
705 1449 880 1506 ofﬁcii
902 1448 1114 1502 limites
1137 1461 1198 1500 se
1230 1444 1498 1499 cohibere
1521 1443 1710 1498 sciret.
1747 1442 1913 1496 Nunc
1961 1441 2172 1495 immo-

515 1542 640 1597 dica
696 1538 965 1610 superbia
998 1544 1053 1591 et
1107 1534 1412 1589 curiositas
1472 1548 1723 1603 praeceps
1767 1537 1823 1585 et
1871 1531 1952 1586 rei
2019 1531 2162 1586 bene

516 1637 686 1702 gestae
718 1627 914 1698 Opinio
947 1631 1098 1681 recte
1132 1624 1281 1678 facta
1312 1628 1374 1677 ut
1409 1622 1590 1677 solem
1647 1622 1831 1676 nubes
1885 1621 2166 1676 obscura-

513 1725 669 1776 runt.
705 1719 850 1776 Nam
876 1733 1010 1772 cum
1036 1717 1229 1770 futura
1261 1727 1612 1782 cognoscere
1646 1711 1836 1777 vellet,
1890 1710 1943 1763 in
2001 1709 2164 1764 nefa-

517 1807 631 1863 rias
661 1805 1045 1862 divinationes
1076 1802 1454 1859 incumbebat
1484 1809 1536 1855 et
1573 1801 1752 1856 multa
1774 1799 1979 1855 illicita
2011 1815 2166 1870 pera-

515 1897 706 1968 gebat.
741 1896 943 1965 Itaque
976 1892 1261 1963 teneiapri
1293 1890 1589 1962 Calydonii
1613 1895 1862 1944 rostrum
1883 1889 2162 1959 praecidit,

516 1984 614 2055 qui
647 1984 789 2038 setis
824 1982 1193 2037 horrentibus
1251 1985 1307 2034 et
1343 1979 1586 2034 exsertis
1637 1978 1908 2032 dentibus
1941 1976 2165 2032 leonem

513 2071 574 2127 in
606 2070 848 2141 Hippico
877 2069 1097 2123 invadit
1124 2085 1138 2127 :
1170 2067 1519 2137 etinclytum
1540 2067 1871 2127 Herculem,
1891 2064 2161 2135 pulcher-

518 2159 728 2216 rimum
766 2157 1087 2227 Lysimachi
1113 2173 1278 2228 Opus,
1313 2155 1408 2225 qui
1441 2154 1707 2210 leonimas
1767 2153 1900 2224 pelli
1938 2154 2160 2209 incum-

515 2250 661 2304 bens
693 2247 879 2318 capite
910 2247 967 2301 in
1005 2244 1536 2300 manuminclinato
1591 2261 1727 2298 suas
1761 2243 2019 2298 fortunas
2063 2243 2162 2297 de-

515 2337 724 2407 plorat,
757 2335 910 2391 688
948 2335 1142 2390 multis
1201 2333 1538 2388 verberibus
1601 2333 1834 2386 afﬁcere
1884 2331 2158 2386 instituit.

517 2425 559 2479 Ο
594 2441 714 2480 rem
744 2425 1060 2480 absurdam
1091 2421 1104 2478 l
1132 2440 1163 2478 ο
1199 2422 1444 2486 facinus,
1479 2421 1646 2475 heros
1677 2419 1917 2475 illustris
1947 2423 2004 2474 et
2038 2435 2159 2474 ma-

515 2513 809 2582 gnanime,
837 2522 1036 2569 contra
1060 2515 1114 2566 te
1142 2515 1476 2581 susceptum
1511 2509 1668 2578 lquis
1693 2525 1949 2580 unquam
1979 2510 2160 2581 Eury.

513 2601 717 2656 stheus
752 2601 860 2656 tale
893 2606 1179 2656 certamen
1213 2601 1316 2654 tibi
1339 2599 1636 2654 mandavit
1667 2599 1838 2670 ‘Iqute
1859 2599 2160 2669 Omphale,

511 2691 819 2746 exercitata
871 2691 1141 2746 meretrix
1193 2699 1244 2744 et
1298 2689 1561 2743 malefica
1624 2689 1983 2757 muliercula,
2043 2695 2160 2744 tam

513 2780 764 2849 superbe
798 2787 985 2834 tecum
1013 2779 1127 2850 egit
1155 2779 1183 2833 Ἰ
1211 2777 1408 2849 Neque
1449 2777 1558 2832 hac
1619 2778 1980 2846 impudentia
2025 2796 2158 2836 con-

512 2874 696 2933 tenta,
732 2868 974 2924 aliarum
1020 2885 1250 2939 quoque
1300 2872 1622 2922 statuarum
1672 2873 1864 2937 partes
1917 2869 2163 2940 Taliquas

516 2957 844 3021 mutilabat,
889 2957 1189 3012 nonnullis
1229 2956 1416 3026 capita
1466 2955 1689 3011 malleis
1747 2960 2159 3016 contundebat.

515 3045 747 3101 Urbana
802 3062 934 3102 vero
1001 3046 1337 3112 multitudo,
1401 3045 1619 3117 quibus
1669 3045 1934 3103 obscenis
1973 3049 2162 3105 verbis

508 3135 811 3205 abstinuit,
846 3136 1062 3206 quibus
1096 3135 1373 3191 conviciis
1397 3152 1519 3194 eam
1551 3155 1665 3194 non
1689 3139 2017 3211 proscidit?
2041 3139 2162 3209 qui-

508 3222 640 3276 dam
685 3223 859 3278 etiam
906 3240 974 3278 ex
1034 3226 1512 3285 circumforaneis
1571 3245 1706 3284 aves
1769 3228 2160 3283 humanarum

508 3325 716 3366 vocum
747 3312 1088 3368 imitatrices
1122 3315 1326 3369 sedulo
1359 3317 1741 3384 edocuerunt,
1777 3325 1839 3371 ut
1886 3316 1947 3370 in
1981 3316 2166 3371 triviis

510 3407 565 3453 et
598 3399 918 3470 angiportis
971 3402 1191 3472 vulgari
1251 3420 1387 3459 voce
1432 3416 1754 3461 canerent:
1817 3428 1844 3455 ‹‹
1923 3406 2165 3462 Politica

505 3487 757 3558 justitia.
820 3510 846 3537 »
907 3490 1117 3546 Eadem
1168 3497 1372 3548 aurata
1422 3494 1763 3550 chirotheca
1819 3495 2163 3567 accipitrem

513 3578 866 3644 sustinebat,
907 3579 1052 3634 etin
1077 3589 1286 3635 venatu
1352 3599 1526 3638 canes
1587 3583 1960 3654 inclamabat,
2030 3601 2158 3642 cum

516 3683 733 3737 magno
759 3672 1098 3724 venatorum
1123 3677 1175 3724 et
1207 3687 1494 3740 aucupum
1527 3674 1826 3728 comitatu.

2283 991 2458 1060 πάντη
2503 993 2603 1060 τὴν
2645 989 2923 1063 οἷ’κουρίαν
2978 986 3386 1060 ἀσπασαμένην,
3419 985 3556 1042 ἀλλά
3603 989 3718 1042 κατὰ
3753 1011 3844 1046 στα.

2285 1082 2516 1132 σιαστῶν
2553 1077 2644 1132 καὶ
2711 1074 3046 1149 δημοκόπων
3105 1073 3357 1144 κάκείνην
3412 1071 3842 1147 ἀνδρισαμένηνκαὶ

2283 1168 2358 1229 ὡς
2416 1168 2570 1240 μίτον
2641 1164 3010 1236 Πηνελόπειον
3073 1162 3406 1218 ἀναλύσασαν
3457 1163 3521 1217 τὰ
3580 1164 3703 1237 παρά
3744 1185 3843 1228 τινος

2282 1255 2719 1328 Κοντοστεφᾶνου
2793 1251 3152 1329 ἐξυφανθὲντα
3229 1251 3622 1324 συστρεμματα.
3680 1257 3756 1306 Ἦν
3815 1252 3844 1308 δ’

2280 1344 2338 1398 ἄν
2392 1345 2495 1399 οὐκ
2551 1341 2900 1398 ἀσπούδαστα
2964 1338 3133 1396 ταῦτα
3208 1337 3332 1394 οὐδὲ
3381 1344 3474 1394 τοῦ
3526 1338 3844 1414 ἂγασθαιτιόρ-

2279 1432 2445 1510 ῥωθεν
2474 1477 2490 1504 ,
2580 1433 2654 1494 ὡς
2733 1431 2835 1486 ὑπὸ
2911 1429 3168 1507 γυναικὸς
3245 1427 3681 1504 κατορθούμενα,
3741 1429 3845 1503 εἴπερ

2277 1523 2476 1599 ᾔδεσαν
2512 1525 2681 1601 μέτρα
2710 1526 2799 1580 καὶ
2831 1519 2984 1598 ὅροις
3049 1524 3354 1596 ὑπήγοντο.
3415 1526 3513 1576 Νῦν
3569 1519 3620 1576 δὲ
3666 1522 3717 1576 τὸ
3757 1522 3845 1595 ἄγειν

2274 1616 2577 1690 τυφομανὶς
2637 1615 2728 1670 καὶ
2785 1611 3168 1690 πολυσπερχὶς
3224 1619 3327 1680 τῆς
3382 1608 3650 1680 δεσποίνης
3697 1611 3766 1666 καὶ
3804 1614 3846 1665 ti

2277 1703 2468 1760 δοκοῦν
2521 1703 2654 1766 ἴσως
2705 1701 2930 1758 δεόντως
3015 1697 3392 1775 ἀκριϐωθῆναι
3448 1701 3661 1778 ἠχρείου
3709 1720 3754 1754 τε
3786 1702 3847 1754 καὶ

2276 1793 2592 1873 διέφθειρεν,
2649 1794 2725 1855 ὡς
2797 1793 3006 1871 νέφεσιν
3086 1790 3275 1861 ἣλιος,
3335 1795 3452 1852 τοῖς
3533 1790 3848 1865 ἐπιγινομένοις

2277 1884 2623 1939 ἀπευκταίοις
2723 1881 3110 1961 ἀφαυρούμενα
3144 1925 3157 1937 .
3263 1879 3580 1956 Τραπομένη
3669 1880 3750 1954 γὰρ
3813 1877 3848 1939 ίς

2274 1974 2616 2048 προγνώσεις
2644 1975 2751 2027 τῶν
2815 1969 3124 2047 γινομένων
3173 1968 3594 2046 ἂρρητουργίαις
3635 1969 3708 2023 καὶ
3755 1990 3846 2041 μιν·

2275 2063 2441 2124 τείαις
2502 2059 2824 2135 προσέκειτο
2878 2060 2971 2113 καὶ
3029 2057 3219 2113 πολλά
3256 2063 3366 2113 τῶν
3415 2057 3660 2128 ἀθεμίτων
3715 2056 3843 2129 εἰργά-

2278 2157 2417 2221 ζετο,
2448 2147 2587 2204 ὥστε
2632 2149 2724 2203 καὶ
2797 2152 2896 2204 τοῦ
2973 2145 3339 2203 Καλυδωνίου
3417 2147 3542 2207 συὸς
3583 2147 3638 2202 τὸ
3699 2144 3842 2221 ῥύγχος

2273 2240 2581 2312 ἀπέτεμεν,
2635 2239 2694 2302 ’ὸς
2770 2237 2820 2292 ἐν
2895 2243 2975 2310 τῷ
3049 2238 3285 2308 Ἱππιγῷ
3344 2235 3581 2311 χαλκοῦς
3634 2236 3843 2305 ἱστάμενος

2274 2330 2487 2406 φρίσσει
2544 2329 2644 2397 τὴν
2703 2327 2897 2406 λοφιάν
2957 2327 3046 2381 καὶ
3125 2332 3307 2400 χωρεῖ
3391 2321 3694 2403 χαυλιόδους
3751 2324 3845 2395 πρὸς

2273 2416 2490 2486 λέοντα,
2524 2417 2614 2472 καὶ
2671 2417 2762 2472 τὸν
2815 2414 3142 2470 καλλίνικον
3202 2413 3494 2490 Ἠρακλῆν
3539 2418 3625 2468 τοῦ
3673 2413 3848 2483 Λυσιμά-

2272 2527 2379 2582 χου
2423 2501 2596 2583 ἔργων
2646 2505 2708 2560 τὸ
2756 2503 3056 2559 κάλλιστον
3117 2499 3271 2575 ὄντα,
3328 2503 3480 2578 χειρὶ
3522 2499 3737 2576 ,βαλόντα
3783 2501 3849 2567 τὴν

2269 2581 2512 2672 κεφαλὴν
2587 2601 2685 2662 τῆς
2764 2593 2990 2662 λεοντῆς
3080 2592 3504 2666 ὑπεστρωμένης
3581 2590 3749 2666 κοφίνῳ
3788 2581 3847 2642 ιισῖ

2271 2686 2367 2746 τὰς
2436 2681 2573 2746 ἰδίας
2632 2684 2808 2762 τύχας
2861 2683 3303 2760 ὀλοφυρόμενον,
3371 2679 3597 2740 πολλαῖς
3638 2680 3747 2734 κατὰ
3780 2679 3847 2731 νώ-

2269 2795 2366 2829 του
2443 2776 2588 2846 εᾶναι
2665 2769 2944 2830 διενοεῖτο.
3001 2770 3303 2845 Ἠράκλεις
3368 2775 3463 2825 τοῦ
3552 2769 3845 2840 ἀτοπήματος,

2271 2863 2360 2918 καὶ
2391 2862 2563 2918 παπαὶ
2618 2865 2729 2916 τῶν
2773 2861 2861 2916 ἐπὶ
2925 2861 3010 2915 σοὶ
3055 2859 3472 2934 τολμωμένων,
3527 2860 3659 2934 ἥρως
3705 2857 3847 2928 ἄλκιμι

2271 2957 2361 3012 καὶ
2396 2955 2764 3030 μεγαλόθυμε.
2792 2955 2888 3015 Τίς
2941 2974 3026 3007 σοι
3081 2954 3396 3028 Εὐρυσθεὺς
3436 2956 3662 3008 τοιοῦτον
3687 2951 3848 3005 πώποτε

2271 3042 2577 3119 προῦθηκεν
2667 3040 2911 3110 ἅεθλονς
2989 3044 3023 3112 ἢ
3099 3042 3185 3104 τίς
3275 3039 3553 3116 Ὀμφάλη,
3619 3040 3848 3114 ὲπίτριμμα

2273 3136 2490 3211 ἐρώτων
2557 3133 2647 3187 καὶ
2703 3132 3034 3207 κακότεχνον
3086 3127 3335 3206 γύναιον,
3399 3131 3541 3188 οὕτω
3587 3153 3657 3187 σοι
3706 3130 3850 3203 ὁπερη·

2273 3225 2450 3301 φάνως
2483 3223 2947 3296 προσενήνεκται;
3006 3220 3081 3278 Οὐ
3141 3225 3315 3276 ταῦτα
3376 3219 3433 3276 δὲ
3487 3221 3636 3294 μόνον
3680 3215 3846 3274 ἀναιδῶς

2274 3311 2648 3387 διεπράττετο,
2706 3309 2856 3364 ἀλλὰ
2907 3311 2998 3364 καὶ
3058 3307 3252 3364 ἄλλων
3327 3307 3661 3385 ἀνδρεικέλων
3707 3305 3847 3383 ἀφῄρει

2279 3402 2443 3476 μόρια
2476 3445 2489 3471 ,
2538 3401 2627 3455 καὶ
2689 3403 2906 3478 σφυρῶν
2965 3406 3316 3473 καρατομαῖς
3380 3399 3674 3474 ἐκαρατόμει
3719 3395 3843 3467 ἕτερα.

2275 3495 2352 3551 Τὸ
2385 3491 2441 3548 δὲ
2471 3499 2571 3562 τῆς
2602 3489 2821 3553 πόλεως
2853 3490 3068 3560 πλῆθος
3102 3491 3190 3545 ἐπὶ
3233 3491 3454 3553 τούτοις
3481 3490 3532 3546 τί
3579 3489 3659 3562 μὶν
3703 3485 3844 3564 δυσχε-

2276 3589 2457 3659 ραῖνον
2507 3581 2742 3657 ἀπρεπὲς
2808 3581 2907 3635 οὐκ
2962 3578 3278 3658 ἰφθὲγγετο,
3330 3580 3512 3642 ποίαις
3566 3577 3606 3633 δ’
3650 3577 3728 3632 οὐκ
3765 3573 3844 3628 ἐπί-

2267 3674 2436 3730 πλυνε
2467 3675 2566 3743 τήν
2595 3675 2764 3726 ταῦτα
2818 3670 3161 3745 πράσσουσαν
3226 3666 3446 3745 ὕϐρεσιν
3483 3691 3496 3739 ;
3543 3671 3670 3728 Ενιοι
3695 3664 3738 3723 ei
3770 3669 3843 3718 τῶν

514 3757 783 3834 ἀγοραίων
822 3757 912 3809 καί
953 3756 1018 3810 τὰ
1061 3755 1284 3830 μιμηλὰ
1321 3760 1426 3812 τῶν
1470 3764 1708 3833 πτηνῶν³
1751 3762 1840 3815 καὶ
1883 3761 1979 3816 ὅσα
2019 3765 2053 3832 ἡ
2097 3765 2254 3841 φύσις
2295 3763 2573 3836 ἐστόμωσε
2610 3763 2746 3835 πρὸς
2791 3759 3176 3835 μουσουργίαν,
3220 3760 3307 3814 ἀεὶ
3353 3761 3480 3834 μίαν
3524 3754 3840 3815 ὑποϐάλλοντες

520 3851 775 3923 μάθησιν,
816 3845 905 3899 καὶ
947 3845 1145 3916 ταύτην
1191 3849 1275 3920 [Ρ.
1320 3851 1443 3922 336]
1486 3849 1860 3923 κοινόλεκτον,
1894 3849 2041 3921 ᾄδειν
2083 3840 2170 3908 ἐπὶ
2203 3857 2488 3908 στενωπῶν
2530 3851 2622 3906 καὶ
2684 3847 2942 3926 τριόδων,
2986 3874 3014 3901 ‹‹
3060 3848 3338 3919 Ηολιτική
3380 3850 3442 3905 τὸ
3483 3847 3676 3914 δίκαιον,
3710 3869 3728 3895 ιι
3757 3840 3837 3910 ἒξε-

517 3935 832 3993 παίδευσαν.
874 3935 938 3991 Ἠ
979 3932 1026 3988 δ’
1065 3935 1200 4005 αὐτὴ
1241 3938 1329 3992 καὶ
1371 3935 1532 4014 δορὰν
1573 3940 1956 4012 χρυσόπαστον
2001 3941 2278 4017 ἐγχείριον
2323 3941 2528 4020 ἔχουσα
2569 3937 2959 4014 διεσχισμὲνην
3002 3937 3058 4000 ἐς
3099 3936 3374 3995 δάκτυλον
3436 3940 3684 4008 κυνητίναν
3737 3932 3840 4005 εἶχεν

515 4026 724 4099 ὄρνιθα,
766 4023 854 4078 κκῖ
895 4023 1109 4096 ἐξιοῧσα
1149 4026 1283 4100 πρὸς
1325 4029 1492 4100 θήραν
1533 4027 1808 4099 ἐπέκλωζὲ
1847 4050 1903 4084 τε
1943 4030 2032 4084 καὶ
2071 4017 2490 4102 ἐπεθώϋζεξκαὶ
2532 4027 2658 4090 τοὺς
2701 4025 2822 4102 περὶ
2865 4027 2962 4096 τὴν
3002 4028 3294 4100 θεραπείαν
3323 4027 3530 4083 τούτων
3560 4027 3638 4081 καὶ
3671 4017 3845 4094 κομιδὴν

517 4107 733 4173 ἱκανοὺς
775 4112 921 4187 εἶχεν
964 4112 1130 4190 ἐφεπο
1140 4113 1356 4187 μένους.

591 4203 713 4258 Non
750 4203 930 4259 multo
975 4214 1100 4274 post
1132 4207 1506 4264 Caichosroes
1559 4210 1738 4265 Icouii
1767 4217 2027 4283 satrapes
2059 4212 2166 4266 im-

517 4297 836 4364 peratorem
871 4294 991 4348 adit
1022 4294 1175 4350 689
1227 4297 1435 4352 tiaram
1502 4298 1688 4370 capite
1721 4305 1976 4371 gestans,
2011 4305 2167 4356 veste

517 4397 654 4438 auro
682 4382 1045 4452 interpuncta
1074 4385 1344 4441 amictus.
1403 4385 1617 4444 Verum
1683 4390 1780 4444 ubi
1838 4405 2023 4460 pauca
2094 4391 2167 4445 de

519 4471 702 4525 Persae
754 4470 932 4540 hujus
992 4472 1211 4528 familia
1259 4475 1608 4539 disseruero.
1660 4477 1911 4533 historiae
1960 4480 2165 4536 seriem

523 4575 863 4629 prosequar.
895 4559 1278 4631 Clyzasthlani
1305 4564 1612 4631 Iconiensi,
1642 4567 1742 4636 qui
1765 4569 2169 4638 superioribus
2204 4550 2246 4616 Β

526 4647 890 4715 temporibus
921 4649 1362 4718 potentissimus
1395 4653 1500 4706 fuit
1525 4656 1580 4708 et
1628 4653 1812 4710 multa
1857 4671 1989 4712 cum
2049 4657 2173 4714 Ma-

533 4733 700 4789 nuele
759 4735 1106 4805 imperatore
1160 4738 1308 4793 bella
1367 4740 1568 4812 gessit.
1625 4743 1840 4799 multas
1899 4745 2171 4803 victorias

538 4823 779 4894 adeptus
806 4829 915 4890 est,
939 4825 1040 4879 ﬁlii
1078 4826 1273 4897 plures
1335 4830 1592 4896 fuerunt,
1629 4834 1952 4897 Amasiam,
1991 4841 2171 4907 Ancy-

539 4929 686 4980 ram,
730 4913 1046 4986 Dorylzeum
1072 4920 1126 4970 et
1156 4917 1301 4972 alias
1326 4919 1524 4973 beatas
1566 4923 1734 4976 urbes
1757 4924 2025 4979 Ponticas
2049 4924 2175 4979 Ma-

538 5009 671 5059 suto
701 5003 1037 5075 assignavit.
1074 5007 1754 5080 Melitenem,Czesaream
1789 5019 1846 5068 et
1877 5013 2172 5072 Caloniam

532 5109 656 5164 qua:
681 5111 836 5150 nunc
856 5095 1077 5151 Taxara
1108 5096 1342 5167 dicitur,
1403 5102 1757 5171 Coppatinus
1786 5104 2171 5167 gubernabat.

527 5184 787 5250 Aminso,
824 5191 1026 5250 Docea,
1063 5192 1119 5241 et
1145 5185 1276 5242 aliis
1337 5189 1647 5244 maritimis
1681 5191 1926 5247 urbibus
1957 5196 2172 5248 Rucra-

530 5272 690 5328 tinus
725 5273 1075 5344 potiebatur.
1121 5276 1228 5330 Hic
1291 5293 1422 5332 vero
1475 5279 1858 5334 Caichosroes
1914 5281 2171 5339 Iconium

533 5363 784 5431 tenebat,
819 5363 953 5419 item
1003 5364 1344 5437 Lycaoniam
1379 5371 1436 5422 et
1487 5367 1912 5440 Pamphyliam,
1958 5376 2014 5426 et
2044 5388 2170 5444 quas

531 5449 601 5502 ad
625 5449 961 5532 Cottyanum
997 5469 1178 5522 usque
1211 5455 1522 5526 pertinent.
1569 5456 1888 5528 COppinato
1921 5465 2170 5527 mortuo,

535 5535 605 5588 de
633 5535 760 5604 ejus
789 5540 1038 5610 satrapia
1069 5541 1265 5598 Docere
1290 5544 1560 5616 princeps
1591 5545 1944 5604 Rucratinus
1967 5554 2025 5604 et
2047 5548 2170 5604 Ma-

531 5625 702 5680 sutus
727 5625 1068 5697 Ancyranus
1092 5634 1331 5688 certant.
1355 5635 1463 5690 Sed
1488 5634 1838 5694 Rucratinus
1860 5637 2094 5710 ingenio
2113 5644 2172 5696 et

2347 4208 2422 4264 Οὐ
2447 4205 2622 4268 πολὺς
2654 4203 2700 4260 δ’
2741 4206 2768 4260 ὁ
2792 4204 2842 4260 ἐν
2875 4205 3024 4279 μέσῳ
3076 4207 3292 4280 καιρὸς,
3351 4209 3440 4262 καὶ
3501 4203 3790 4279 Καϊχοσρόῃς
3830 4196 3847 4249 δ

2274 4301 2372 4352 τοῖ’)
2423 4294 2649 4354 Ἰκονίου
2707 4294 2984 4367 σατράπης
3041 4294 3252 4366 ἀπαντᾷ
3315 4297 3452 4372 πρὸς
3501 4292 3716 4370 βασιλέα,
3760 4305 3850 4359 κυρ-

2277 4381 2465 4441 ϐασίαν
2499 4383 2586 4439 ἐπὶ
2634 4383 2879 4462 κεφαλῆς
2929 4381 3075 4458 ἔχων
3125 4385 3215 4439 καὶ
3280 4383 3486 4454 στολὴν
3545 4376 3848 4452 διηνθισμένην

2277 4478 2469 4550 χρυσῷ
2489 4473 2904 4548 ἀμπεχόμενος.
2956 4471 3132 4527 Ἀλλά
3166 4474 3364 4548 μικρόν
3415 4495 3467 4530 τι
3522 4471 3636 4547 περὶ
3681 4472 3756 4524 τοῦ
3789 4463 3852 4537 γέ-

2278 4585 2403 4627 νους
2433 4568 2530 4619 τοῦ
2561 4565 2767 4637 Περσου
2796 4559 2958 4618 τοῦδε
2994 4562 3056 4616 τὸ
3115 4560 3300 4638 λέγειν
3359 4558 3611 4620 διαλαϐὸν
3658 4565 3739 4626 τῆς
3778 4555 3850 4607 τῶν

2284 4653 2406 4727 ἑξῆς
2463 4652 2704 4729 ἱστορίας
2761 4652 2914 4716 αὖθις
2972 4652 3185 4726 ἅψοιτο.
3245 4655 3343 4724 Τῷ
3403 4655 3606 4710 Ἰκονιεῖ
3653 4647 3851 4712 K111313-

2285 4742 2439 4812 θλὰν,
2472 4742 2531 4806 ὅς
2564 4741 2616 4797 ἒν
2661 4747 2778 4804 τοῖς
2835 4740 2947 4796 ἄνω
3004 4741 3230 4816 χρόνοις
3287 4740 3532 4813 ἠδυνήθη
3580 4741 3637 4794 τὰ
3686 4737 3852 4810 μέγιστα

2279 4834 2411 4889 κάπὶ
2441 4831 2678 4896 πολλοῖς
2732 4832 3049 4901 ἀντετάξατο
3105 4838 3184 4905 τῷ
3246 4834 3464 4907 βασιλεὶ
3519 4826 3748 4896 Μανουήλ
3793 4818 3853 4875 καὶ

2282 4922 2456 4984 νίκαις
2515 4919 2866 4992 διαπολεμῶν
2925 4919 3307 5000 ἐστεφάνωται,
3374 4923 3595 4982 πλείους
3639 4917 3850 4992 γεγόνασιν

2281 5013 2439 5074 υἱεῖς.
2501 5011 2792 5082 Ἀμάσειαν
2854 5010 2948 5083 μὲν
2995 5009 3084 5064 οὖν
3143 5010 3233 5066 καὶ
3291 5013 3561 5089 ”Αγκυραν
3616 5007 3692 5064 καὶ
3739 4998 3854 5073 Δορύ-

2282 5103 2437 5160 λαιον
2492 5101 2582 5156 καὶ
2641 5099 2832 5162 πόλεις
2893 5098 3069 5162 ἄλλας
3135 5105 3402 5164 Ποντικάς
3457 5100 3744 5172 εὐδαίμονας
3802 5091 3853 5157 τῷ

2280 5191 2499 5247 Μασοὺτ
2530 5189 2910 5262 ἀπεκλήρωσε,
2974 5190 3294 5263 Μελιτηνὴν
3358 5190 3413 5247 δὲ
3452 5193 3538 5246 καὶ
3585 5191 3666 5245 σὺν
3713 5186 3854 5242 Καισα-

2282 5282 2397 5358 ρείᾳ
2453 5279 2780 5346 Κολώνειαν,
2838 5277 2874 5348 ἤ
2932 5284 3020 5334 νῦν
3075 5282 3282 5356 Τάξαρα
3332 5283 3562 5356 λέγεται,
3615 5280 3640 5333 ὁ
3685 5278 3851 5358 Koma-

2277 5375 2420 5430 τίνος
2461 5365 2683 5422 διεῖπεν
2737 5366 2995 5438 Ἀμινσὸν
3052 5364 3110 5422 δὲ
3163 5370 3250 5423 καί
3293 5371 3514 5423 Δόκειαν
3584 5364 3666 5421 καὶ
3728 5354 3852 5430 πιρᾶ-

2280 5457 2411 5520 λους
2441 5454 2635 5519 πόλεις
2691 5453 2872 5529 ἑτέρας
2925 5456 2952 5510 ὁ
3007 5457 3397 5532 Ῥουκρατῖνος
3453 5454 3751 5531 παρείληφεν
3795 5442 3846 5500 εἷς

2278 5547 2483 5626 ἀρχήν·
2524 5544 2876 5620 Καϊχοσρόης
2933 5541 3011 5613 δὲ,
3071 5546 3133 5600 οὗ
3194 5547 3295 5621 πρὸ
3360 5545 3588 5622 βραχέος
3640 5535 3850 5614 ἐμνήσθη·

2287 5658 2404 5714 μεν,
2464 5633 2787 5712 ἡγεμόνευεν
2849 5635 3078 5691 Ἰκονίου
3133 5635 3432 5698 Λυκαονίας
3488 5655 3544 5690 τε
3595 5632 3673 5687 καὶ
3739 5631 3848 5690 Πιμ-
