4072 6218
234 367 345 428 901

988 368 995 376 ’
1074 367 1182 427 DE
1222 364 1513 427 ALEXIO
1556 364 1834 427 ISAACII
1878 365 2162 427 ANGELI
2205 363 2329 427 FH.
2374 367 2526 426 LIB.
2573 365 2676 427 III.

3528 367 3648 427 902

224 497 429 576 φυλίας
504 497 825 572 προῗστατο,
902 497 990 552 καὶ
1086 499 1184 553 ὅσα
1257 496 1564 573 παρατείνει
1627 496 1678 559 ἐς
1754 496 1920 563 αὐτὸ,

2015 498 2085 555 rei
2115 498 2332 555 bellicas
2381 500 2584 570 peritia
2616 498 2897 568 snperior,
2932 498 3118 554 auctis
3169 514 3235 555 ea
3266 498 3499 555 victoria
3524 501 3649 572 opi-

226 587 553 645 Κοτυάειον.
602 585 693 645 Ὠς
753 585 846 639 οὗν
908 585 937 639 6
999 591 1345 646 Κοππατῖνος
1387 590 1486 640 106
1519 588 1615 658 ζῇν
1644 582 1884 660 παρελέ·

224 672 389 744 λυτο,
424 674 543 749 περὶ
598 681 701 744 τῆς
750 675 1075 749 σατραπείας
1122 671 1285 730 τοῦδε
1334 671 1739 748 διαμιλλῶνται
1771 673 1801 728 6'
1829 695 1891 729 τε

225 771 332 834 τῆς
392 763 611 824 Δοκείας
679 767 891 838 κρατῶν
949 764 1331 839 Ῥοτκρατῖνος
1362 764 1454 818 καὶ
1507 765 1535 818 6
1591 764 1887 838 κατάρχων

227 861 337 924 τῆς
406 854 677 931 Ἀγκύρας
765 852 1012 911 Μασούτ.
1089 855 1317 928 Ἀτερος
1372 853 1553 908 τοίνυν
1625 851 1799 907 αύτῶν
1859 853 1887 906 6

228 945 611 1019 Ῥουκρατῖνος
666 943 756 998 τὸν
815 939 1206 1021 ἀντιτρὲχοντα
1261 941 1573 1022 ὓποφθάσας
1629 940 1891 1016 κασίγνη-

232 1053 326 1087 τον
393 1032 456 1087 τὸ
511 1037 666 1094 νῖκος
723 1028 920 1106 ἤρατο,
981 1028 1295 1105 δεξιωτέραν
1354 1030 1511 1106 φύσιν
1571 1030 1762 1105 λαχὼν
1802 1029 1892 1084 καὶ

235 1121 641 1200 πολεμοχαρὴς
697 1117 1062 1197 διαφερόντως
1122 1117 1464 1193 δεικνύμενος
1513 1118 1743 1194 Ἀμέλει
1802 1118 1892 1173 καὶ

243 1211 494 1285 μείζονος
554 1210 891 1283 εὑμοιρήσας
963 1210 992 1264 6
1066 1210 1450 1285 Ῥουκρατῖνος
1505 1207 1739 1273 ἐντεῦθεν
1800 1204 1895 1263 δυ-

233 1301 453 1373 νάμεως
478 1298 570 1356 τὸν
609 1299 706 1372 μὲν
740 1297 963 1356 Μασοὺτ
1018 1295 1313 1354 ὑπενδόντα
1355 1298 1407 1353 οἳ
1456 1298 1545 1353 καὶ
1593 1295 1728 1372 φίλα
1758 1318 1896 1377 φρο-

232 1395 349 1445 νεῖν
380 1387 722 1462 συνθὲμενον,
784 1388 950 1462 μέρος
1008 1391 1107 1453 τῆς
1165 1385 1472 1466 τοπαρχίας
1533 1386 1893 1463 ἀφελόμενος,

233 1485 344 1549 τῆς
373 1477 570 1548 λοιπῆς
618 1477 808 1556 χώρας
867 1476 941 1538 ὡς
999 1474 1190 1552 πρώην
1238 1473 1473 1549 διαφῆκε
1510 1477 1893 1549 προίστασθαι,

231 1572 321 1640 τῷ
382 1564 440 1624 δέ
492 1588 550 1643 γε
589 1565 906 1642 Καϊχοσρόῃ
972 1563 1121 1639 μάλα
1185 1564 1444 1639 ἐμμανῶς
1503 1564 1734 1642 ἐπεφύη,
1788 1582 1895 1619 παι

236 1653 401 1711 λαιὸν
432 1653 719 1735 ύποτύφων
752 1653 977 1712 Ἰκονίου
1024 1651 1199 1731 ἔρωτα
1243 1653 1317 1715 ὡς
1350 1653 1589 1731 ἀρχαίου
1615 1654 1897 1728 πατρῴου,

232 1748 327 1801 καὶ
364 1748 559 1801 τοῦτον
620 1744 695 1807 ὡς
756 1744 1024 1819 μητρόθεν
1086 1744 1413 1818 Χριστιανὸν
1470 1743 1897 1818 μυσαττόμενος.

236 1834 479 1909 Πέμπων
539 1832 630 1889 οὖν
692 1832 1023 1904 ὑπεκστῆναί
1100 1834 1153 1888 οἱ
1236 1833 1469 1907 παρῄνει
1520 1832 1618 1887 106
1675 1831 1901 1888 Ἰκονίου

360 1932 462 1995 τῆς
513 1924 650 1994 ὅλης
706 1893 933 1998 ἀπαρεῖν
991 1893 1329 1992 δυναστείας,
1359 1893 1498 1998 νεῖγε
1542 1919 1805 1997 βούλοιτο
1840 1917 1896 1974 εὖ
1934 1893 1976 1958 Β

242 2015 398 2088 μάλα
426 2015 646 2089 πράξειν
708 2012 891 2081 αύτὸς,
939 2013 1034 2074 τὰς
1089 2009 1146 2066 δὲ
1202 2009 1393 2074 πόλεις
1449 2013 1564 2066 κατ’
1614 2008 1779 2086 ἄνδρα
1806 2007 1897 2065 καί

238 2105 359 2158 κατ’
416 2100 567 2167 ἔθνος
621 2102 946 2178 ἀπειράτους
1008 2105 1184 2174 μεῖναι
1245 2104 1354 2157 τῶν
1402 2100 1462 2156 ἐκ
1510 2104 1608 2155 106
1646 2098 1896 2173 πολέμου

244 2192 462 2261 δεινῶ-ι’
518 2191 662 2247 οὕτω
719 2190 1172 2265 κεκομπασμὲνος
1226 2191 1293 2260 ἧν
1352 2191 1442 2245 καὶ
1485 2184 1896 2262 ἀνυπέρϐλητος

234 2287 335 2338 τὸν
366 2286 533 2361 τῦφον
585 2282 613 2336 6
672 2276 968 2356 βάρϐαρος,
1030 2279 1121 2335 καὶ
1177 2280 1275 2348 τὴν
1314 2279 1481 2356 ὀφρὺν
1516 2277 1895 2357 ὑπερνὲφελος,

238 2372 337 2427 καὶ
368 2371 442 2432 ὡς
486 2369 571 2432 ἰὸς
600 2367 952 2447 πολύφθορος
1009 2368 1145 2424 κατὰ
1201 2367 1458 2424 πλεῖστον
1513 2365 1901 2442 διασκιδνᾶμε-

235 2460 334 2522 νός
356 2481 415 2515 τε
444 2459 535 2514 καὶ
568 2455 952 2534 διαχεόμενος.
1012 2457 1264 2532 [ἱρόσιισι
1322 2455 1508 2511 τοίνυν
1552 2456 1899 2531 Καϊχοσρόης

233 2555 323 2622 τῷ
356 2547 573 2625 βασιλεῖ
628 2545 933 2622 ἐκεχειρίας
989 2547 1316 2620 γενομένης,
1371 2544 1464 2599 τὸν
1511 2542 1702 2599 ἑαυτοῦ
1738 2543 1901 2599 τοκέα

238 2638 385 2695 κατὰ
434 2641 594 2692 τοῦτο
654 2634 977 2706 ἐζηλωκὼς,
1034 2633 1152 2690 ἐπεὶ
1204 2634 1452 2695 κάκεῖνος
1502 2633 1629 2694 τοὺς
1687 2632 1776 2711 ἀφ’
1816 2631 1900 2686 αἳ-

244 2748 423 2802 ματος
455 2724 656 2782 ἀδικῶν
711 2724 800 2780 καὶ
860 2724 950 2780 ὑπ’
1004 2723 1175 2778 αὐτῶν
1231 2720 1592 2796 ἀδικούμενος
1639 2723 1776 2796 μετὰ
1802 2722 1901 2791 τὴν

239 2822 348 2873 106
405 2817 670 2891 φύσαντος
727 2814 928 2869 ἐκεῖνον
1005 2811 1231 2871 Μασοὺτ
1306 2807 1630 2880 ἀποϐίωσιν,
1690 2811 1764 2873 ὡς
1825 2809 1901 2875 εἷς

243 2906 493 2984 ἄγκυραν
546 2904 692 2979 ἱεράν
736 2905 825 2959 καὶ
882 2902 1102 2979 στερεὰν
1173 2905 1335 2977 χεῖρα
1408 2897 1710 2974 δυναμένην
1769 2900 1901 2955 ὑπο·

244 2993 464 3067 λαϐεῖν,
530 2996 621 3051 τὸν
706 2993 1078 3067 αὐτοκράτορα
1178 2985 1519 3066 προσὲϐλεψε
1623 2987 1900 3060 Μανουήλ.

244 3085 414 3144 Ἀλλ’
446 3085 648 3147 ἐκεῖνος
682 3083 776 3158 μὶν
821 3081 884 3137 ού
935 3079 1161 3137 κατόπιν
1194 3077 1432 3150 ἐλήλυθε
1476 3082 1584 3134 τῶν
1640 3074 1903 3150 ἐλπίδων,

245 3175 471 3250 μᾶλλον
537 3175 631 3249 μὶν
682 3173 774 3229 οὗν
841 3173 931 3227 καὶ
992 3171 1124 3244 ὑπὲρ
1183 3167 1405 3240 δόκησιν
1473 3164 1667 3244 ἁϐραῖς
1720 3167 1905 3231 αὐταῖς

1994 588 2129 653 bus,
2187 588 2417 643 Masuto
2468 588 2693 644 cedenti
2753 596 2807 642 et
2855 587 3169 642 amicitiam
3227 588 3513 655 offerenti,
3564 598 3652 643 to-

1998 676 2246 749 parchirs
2308 687 2468 748 parte
2523 678 2812 749 adempta,
2849 677 3073 747 reliqua
3111 684 3171 731 ut
3221 679 3380 748 prius
3414 678 3658 734 tenenda

1996 766 2298 821 concessit.
2330 766 2439 821 Sed
2491 767 2548 821 in
2601 766 2984 822 Caichosroen
3026 783 3238 837 magno
3300 783 3431 821 cum
3466 768 3657 822 furore

2000 855 2279 926 impetum
2311 855 2468 921 fecit,
2494 856 2852 927 jampridem
2888 856 3042 910 690
3076 856 3275 922 Iconil,
3311 861 3373 911 ut
3406 862 3659 926 paternae

1999 943 2174 1008 sedis,
2231 945 2494 1013 potiundi
2551 945 2818 1015 cupidus,
2877 954 2929 1000 et
2990 944 3151 1000 illum
3187 950 3249 999 ut
3281 950 3464 999 matre
3492 944 3659 999 Chri-

1999 1034 2188 1089 stiana
2235 1035 2493 1104 genitum
2526 1033 2657 1090 odio
2689 1050 3065 1105 prosequens.
3098 1033 3205 1089 Per
3238 1035 3450 1103 legatos
3483 1033 3658 1104 igitur

2000 1123 2236 1178 fratrem
2274 1130 2469 1179 monet
2502 1128 2566 1178 ut
2597 1123 2709 1178 sibi
2747 1123 2938 1179 Iconio
2985 1125 3150 1177 cedat
3197 1128 3253 1178 et
3302 1128 3416 1178 toto
3445 1120 3661 1191 princi-

2002 1218 2137 1281 patu
2197 1212 2454 1278 excedat.
2487 1212 2535 1268 si
2584 1217 2641 1268 et
2676 1210 2849 1267 saluti
2891 1228 3004 1266 sum
3036 1219 3091 1267 et
3139 1211 3531 1283 subjectarum
3579 1212 3658 1266 ci-

2001 1301 2245 1356 vitatum
2304 1301 2691 1358 incolumitati
2722 1300 3059 1358 consultum
3112 1301 3265 1355 velit.
3298 1301 3516 1356 Tantus
3542 1307 3665 1355 erat

2004 1390 2197 1455 fastus,
2236 1399 2349 1445 tam
2383 1392 2656 1447 immanis
2709 1391 3041 1461 arrogantia
3079 1389 3332 1457 Barbari,
3378 1396 3435 1445 et
3458 1405 3659 1461 super-

2003 1478 2204 1534 cilium
2232 1495 2407 1550 supra
2466 1481 2651 1535 nubes
2707 1485 3045 1548 arrectum;
3097 1481 3178 1535 ita
3209 1480 3435 1534 exitiale
3495 1495 3663 1535 vene-

2004 1586 2147 1625 num
2202 1571 2311 1625 late
2360 1571 2820 1626 diffundebatur.
2854 1570 3040 1634 Quare
3099 1570 3467 1627 Caichosroes
3500 1571 3666 1627 factis

2005 1658 2276 1724 induciis,
2310 1664 2531 1729 patrem
2564 1675 2727 1715 suum
2761 1660 3046 1724 imitatus,
3074 1660 3484 1730 imperatorem
3516 1660 3654 1714 adit.

2007 1748 2151 1807 Nam
2183 1749 2230 1804 is
2259 1764 2490 1821 quoque
2536 1749 2752 1805 mutuis
2798 1750 3026 1819 injuriis
3076 1765 3204 1806 cum
3242 1750 3513 1805 fratribus
3543 1751 3665 1806 suis

2006 1843 2232 1893 certans
2258 1842 2387 1909 post
2426 1839 2628 1893 Masuli
2680 1839 2861 1909 patris
2892 1840 3117 1894 obitum
3147 1839 3215 1893 ad
3251 1840 3663 1911 imperatorem

2012 1928 2337 1984 Manualem
2371 1936 2663 1984 utsacram
2679 1944 2949 1984 ancoram
2977 1928 3296 1984 etsalutare
3330 1929 3665 2000 praesidium

2009 2017 2291 2087 confugit.
2345 2020 2561 2073 Verum
2614 2017 2777 2072 illum
2837 2034 2965 2088 spes
3023 2034 3129 2072 sua
3179 2018 3321 2072 adeo
3374 2034 3487 2073 non
3538 2020 3665 2074 fru-

2011 2114 2191 2162 strata
2245 2111 2357 2171 est,
2406 2111 2470 2162 ut
2518 2105 2691 2162 etiam
2745 2122 2846 2176 spe
2891 2106 3176 2177 ampliora
3236 2106 3407 2161 fuerit
3464 2121 3666 2161 conse-

2011 2203 2225 2252 cutus:
2266 2195 2636 2252 Caichosroes
2693 2211 2822 2250 vero
2876 2211 3107 2266 parvam
3167 2194 3576 2265 benignitatem
3609 2198 3668 2251 et

2010 2284 2238 2340 inﬁnito
2287 2283 2592 2340 intervallo
2651 2284 3083 2355 exspectatione
3114 2299 3216 2339 sua
3258 2284 3539 2340 minorem
3572 2299 3668 2339 ex-

2015 2381 2231 2444 pertus,
2289 2388 2396 2429 nec
2451 2373 2773 2444 impetratis
2846 2377 3047 2429 contra
3125 2373 3352 2428 fratrem
3410 2372 3664 2443 auxiliis,

2012 2463 2248 2519 domum
2279 2462 2468 2518 rediit.
2529 2461 2642 2517 Sed
2692 2462 2921 2518 vixdum
2982 2461 3241 2518 Iconium
3303 2462 3667 2532 ingressusa

2016 2551 2333 2608 Rucranito
2388 2550 2787 2621 opprimitur;
2829 2556 2881 2606 et
2934 2551 3121 2623 patria
3177 2550 3379 2621 pulsus
3426 2552 3498 2607 ad
3564 2552 3665 2608 Le-

2018 2641 2233 2697 buncm
2273 2639 2332 2695 in
2387 2638 2721 2695 Armeniam
2784 2640 3064 2711 confugit,
3096 2640 3193 2695 ubi
3257 2641 3581 2697 humaniter
3611 2644 3669 2697 et

2016 2728 2317 2800 splendide
2369 2736 2451 2784 est
2502 2731 2834 2800 susceptus.
2885 2729 3032 2784 691
3106 2729 3222 2784 Etsi
3287 2730 3443 2785 enim
3487 2728 3669 2785 multa

2016 2817 2171 2873 bella
2221 2817 2373 2873 inter
2426 2834 2489 2874 se
2538 2823 2859 2887 gesserant,
2910 2826 3100 2873 tamen
3160 2819 3352 2874 solent
3400 2818 3667 2874 homines

2021 2922 2134 2963 non
2189 2911 2415 2962 tantum
2463 2910 2752 2979 cognatos
2802 2911 2860 2962 et
2914 2905 3221 2979 populares
3271 2906 3537 2974 alﬂictos,
3567 2908 3670 2964 sed

2022 2995 2212 3051 hostes
2270 2997 2441 3050 etiam
2476 2995 2773 3068 supplices
2822 2994 3068 3067 benigne
3098 3003 3358 3052 tractare.
3389 2995 3668 3052 Caeterum

2020 3098 2153 3138 eum
2183 3082 2242 3138 in
2275 3085 2568 3159 integrum
2592 3087 2895 3141 restituere
2915 3101 3149 3157 prorsus
3182 3084 3360 3140 noluit
3386 3084 3670 3151 Lebunes,

2023 3174 2173 3246 quod
2205 3173 2313 3228 sibi
2365 3175 2548 3229 foedus
2578 3190 2707 3230 cum
2759 3175 3070 3231 Rucratino
3100 3176 3453 3231 intercedere
3509 3174 3673 3228 afﬁr-

239 3263 606 3340 ἐντετύχηκε·
670 3262 1016 3337 Καϊχοσρόης
1064 3257 1121 3314 δὲ
1181 3257 1392 3334 βραχέα
1453 3256 1587 3314 ἅττα
1643 3255 1910 3336 φιλοφρο·

2025 3262 2242 3331 mabat,
2305 3279 2408 3318 nec
2453 3262 2833 3336 incruentum.
2884 3263 3005 3321 fore
3053 3264 3332 3320 auxilium
3395 3268 3671 3320 cerneret.

239 3354 433 3425 νηθεῖς
483 3353 573 3408 καὶ
620 3356 727 3407 τῶν
778 3350 831 3406 ἐν
885 3354 963 3422 νῷ
1019 3346 1138 3405 οὐδ’
1190 3345 1314 3403 ὅσον
1368 3347 1535 3402 εἰπεῖν
1580 3344 1911 3422 ἐνδεέστερα,

246 3446 397 3519 μήτε
447 3441 700 3517 σύναρσιν
757 3439 1002 3514 εὑρηκὼς
1077 3444 1181 3507 τῆς
1238 3437 1376 3512 πρὸς
1435 3435 1526 3490 τὸν
1585 3435 1909 3511 κασίγνητον

241 3533 572 3605 ἆντιτάξεως
628 3528 1006 3604 ἓπανὲκαμψεν
1061 3523 1266 3582 οἷ’καδε·
1325 3528 1415 3601 [Ρ.
1450 3527 1579 3599 337]
1630 3522 1759 3580 ἀλλ’
1812 3525 1912 3581 οὐκ

250 3621 398 3701 ἔφθη
455 3620 700 3694 καθαρῶς
759 3618 940 3673 εἰσιὼν
1005 3615 1067 3671 τὸ
1139 3613 1385 3684 Ἰκόνιον,
1442 3614 1531 3669 καὶ
1590 3618 1687 3669 τοῦ
1748 3614 1910 3671 Ῥου-

2024 3353 2383 3423 QuaprOpter
2445 3351 2824 3408 Caichosroes
2889 3352 3076 3408 denuo
3135 3353 3205 3407 ad
3267 3353 3674 3423 imperatorem

2023 3441 2162 3505 abit,
2222 3456 2325 3510 spe
2375 3441 2731 3512 principatus
2777 3442 2904 3512 ejus
2959 3458 3066 3513 ope
3123 3440 3502 3512 recuperandi
3535 3456 3677 3496 cou-

2025 3537 2211 3601 cepta.
2245 3529 2355 3586 Sed
2413 3530 2621 3586 iterum
2655 3532 2967 3587 frustratus
3031 3531 3184 3602 apud
3217 3531 3507 3587 Romanos
3537 3529 3678 3585 vixit

2025 3618 2233 3673 minori
2258 3618 2566 3691 splendore
2597 3636 2769 3691 quam
2810 3636 2912 3691 pro
2945 3620 3241 3676 nobilitate
3271 3620 3539 3691 generis.-

247 3699 519 3785 κρατίνου
576 3709 692 3763 κατ’
751 3707 918 3762 αύτοῦ
976 3702 1225 3766 ἐπιόντος
1281 3710 1382 3773 τῆς
1442 3723 1499 3757 τε
1556 3702 1738 3777 ἀρχῆς
1798 3701 2193 3778 ἐκσφαιρίζεται
2246 3704 2336 3760 καὶ
2396 3706 2566 3783 φυγὰς
2628 3705 2704 3770 είς
2762 3707 3055 3780 Ἀρμενίαν
3109 3707 3255 3780 παρὰ
3307 3699 3554 3778 Λεϐούνῃ
3588 3702 3680 3777 γί-

254 3822 430 3857 νεται.
491 3799 574 3857 Τὰ
628 3795 673 3853 δ’
722 3795 810 3851 ἐπὶ
866 3796 1085 3857 τούτοις
1141 3792 1243 3848 ούκ
1306 3789 1525 3865 ἀμυδρά
1588 3792 1682 3865 μὲν
1742 3791 1809 3847 τὶ
1864 3799 1963 3861 τῆς
2024 3792 2136 3848 ἐκεῖ
2193 3791 2517 3870 παραδοχῆς
2567 3799 2665 3850 τοῦ
2723 3794 3033 3871 ἀνθρώπου,
3087 3793 3348 3871 ἐπαγωγὰ
3376 3790 3432 3847 δὲ
3466 3791 3680 3866 μᾶλλον

250 3891 352 3946 καὶ
408 3885 597 3951 ἄλλως
656 3884 939 3965 χαρίεντα,
999 3882 1044 3939 εἰ
1098 3882 1188 3937 καὶ
1252 3876 1445 3955 ξυνέϐη
1502 3885 1636 3958 σφᾶς
1692 3878 1964 3943 πολλάκις
2015 3883 2133 3937 κατ’
2191 3881 2458 3954 ἀλλήλων
2515 3882 2809 3961 ἐξενεγκεῖν
2864 3881 3133 3956 πόλεμον,
3182 3880 3297 3936 ἐπεὶ
3352 3881 3442 3935 καὶ
3477 3880 3680 3945 φιλοῦ-

259 4001 348 4036 σιν
410 3976 689 4053 ἄνθρωποι
747 3976 822 4049 μή
885 3974 1052 4048 μόνον
1111 3972 1172 4027 τὸ
1229 3971 1473 4046 συγγενὲς
1526 3969 1617 4024 καὶ
1676 3970 1959 4047 ὁμόφυλον
2016 3969 2231 4051 πάσχον
2286 3976 2491 4037 κακῶς,
2531 3971 2676 4027 ἀλλὰ
2733 3994 2852 4034 πως
2909 3972 2998 4027 καὶ
3054 3972 3115 4027 τὸ
3173 3967 3571 4046 ἀλλόγλωττον
3612 3967 3678 4023 ού

255 4070 426 4146 φανὲν
482 4066 758 4128 πολλάκις
816 4062 1088 4136 πολὲμιον
1146 4060 1373 4137 προσιὸν
1428 4059 1516 4115 καὶ
1571 4065 1913 4134 προσπῖπτον
1970 4059 2381 4137 φιλανθρωπίας
2439 4063 2744 4131 καταξιοῦνο
2804 4062 2873 4116 τὰ
2933 4059 2990 4115 δὲ
3045 4081 3104 4135 γε
3159 4065 3261 4128 τῆς
3311 4058 3525 4132 ἀμύνης
3590 4057 3679 4112 καὶ

250 4145 363 4231 τῆς
416 4162 742 4233 καταγωγῆς
796 4152 849 4215 ἒς
908 4154 1009 4223 τὴν
1066 4150 1331 4228 προτέραν
1392 4149 1690 4225 ἡγεμονίαν
1766 4148 2167 4224 ὁλοσχερῶςηὸ
2217 4145 2490 4222 Λεϐούνης
2568 4150 2860 4221 ἀπείπατο,
2932 4147 3299 4224 Ῥουκρατίνφ
3366 4147 3683 4211 σπείσασθαι

254 4250 509 4326 φάσκων,
557 4247 649 4301 καὶ
718 4241 859 4319 μηδὲ
929 4243 1030 4312 τήν
1108 4240 1359 4315 σύναρσιν
1415 4234 1562 4313 ἔχειν
1622 4239 1751 4311 ὁρᾷν
1827 4236 2178 4326 ἀναίμακτον,
2240 4238 2337 4293 Διὰ
2408 4243 2580 4295 ταῦτα
2632 4240 2818 4294 τοίνυν
2894 4237 2948 4301 ἐς
2991 4235 3255 4326 ,βασιλέα
3329 4234 3683 4326 Καίχοσρόης

253 4323 700 4413 μετακεχωρηκε
750 4329 940 4402 πάλιν,
997 4327 1372 4401 συλλήψεσθαί
1451 4326 1502 4381 οἱ
1580 4326 1716 4398 πρὸς
1807 4327 1907 4395 τὴν
2010 4324 2296 4403 ἀνάρῥυσῖν
2364 4333 2464 4396 τῆς
2532 4328 2712 4403 ἀρχῆς
2827 4323 3195 4397 ὁπωσδήποτε
3251 4325 3675 4404 φανταζόμενος.

251 4403 383 4482 ίΐῶν
446 4403 515 4480 δῖ
561 4403 698 4478 κατά
756 4419 956 4476 σκοπὸν
1009 4415 1161 4483 αὖθις
1216 4413 1529 4489 διαμαρτὼν
1584 4413 1882 4486 Ῥωμαίοις
1942 4420 2125 4487 συνῆν,
2182 4416 2260 4489 μὴ
2325 4415 2460 4471 πάνυ
2521 4414 2955 4491 μεταλαγχάνων
3028 4403 3313 4490 θεραπειας
3376 4414 3455 4485 τῷ
3533 4410 3678 4489 γένει

256 4515 601 4576 ἒπεοικυίας.

337 4608 395 4663 ε’.
454 4606 548 4676 Τῷ
622 4599 668 4657 δ’
743 4598 933 4672 ἔφεξῆς
1000 4591 1106 4652 ἔτει
1174 4595 1308 4667 μετά
1396 4590 1661 4665 Κομάνων
1745 4590 1910 4647 πάλιν

2089 4596 2143 4650 5.
2178 4595 2448 4668 Sequenti
2489 4613 2643 4655 anno
2692 4597 2890 4653 Blachi
2937 4614 3072 4653 cum
3123 4595 3397 4652 Comauis
3428 4595 3675 4666 impres-

253 4694 562 4764 ἐπεξιόντες
613 4692 667 4748 οἱ
712 4689 954 4766 Βλάχοι,
1018 4684 1107 4741 καὶ
1150 4685 1217 4740 τὰ
1264 4682 1526 4758 κράτιστα
1576 4687 1675 4751 τῆς
1729 4682 1917 4757 χώρας

249 4784 560 4859 κείραντες,
608 4780 805 4842 ἀσινεῖς
853 4772 1205 4833 ἐπανέλυσαν.
1256 4773 1416 4847 Τάχα
1464 4768 1513 4826 δ’
1568 4768 1628 4825 ἂν
1677 4771 1767 4825 καὶ
1796 4775 1917 4832 ταῖς

247 4858 549 4951 ’χερσαίαις
606 4868 807 4931 πύλαις
856 4873 957 4938 τῆς
1034 4859 1320 4941 βασιλίδος
1378 4861 1776 4951 προσήγγισαν,
1837 4858 1920 4951 ἐπί

245 4946 432 5028 αὐτὴν
506 4957 864 5035 τραπόμενοι,
910 4953 956 5009 εἰ
1018 4953 1095 5027 μὴ
1153 4952 1216 5007 τὸ
1282 4946 1809 5025 χριστιανικώτατον
1869 4949 1921 5003 οῖ

243 5049 399 5111 Ῥὼς
430 5034 584 5123 γένος
641 5045 730 5102 καὶ
789 5045 844 5099 οἱ
900 5041 1109 5099 τούτῶν
1174 5040 1421 5115 ἀρχικῶς
1473 5034 1920 5112 προεδρεύοντες,

246 5143 428 5196 τοῦτο
463 5139 556 5213 μὶν
607 5142 720 5193 κατ’
780 5134 1095 5209 αὐθαίρετον
1154 5132 1334 5205 ὁρμὴν
1399 5126 1726 5199 κινηθέντες,
1756 5131 1920 5183 τοῦτο

252 5228 326 5286 δὲ
373 5233 492 5290 ταῖς
541 5231 639 5282 106
686 5225 1085 5303 ἀρχιποίμενος
1134 5221 1311 5277 αὐτῶν
1354 5218 1540 5279 λιταῖς
1576 5213 1923 5303 ὑπενδόντες,

251 5319 585 5392 ἁξιάγαστον
642 5319 757 5372 οἷον
813 5315 876 5370 τὸ
960 5312 1240 5391 πρόθυμον
1314 5308 1401 5365 ἐπὶ
1457 5312 1572 5369 τοῖς
1628 5305 1920 5379 Ῥωμαίων

250 5404 608 5481 ἐπεδείξαντο
659 5404 962 5482 πράγμασι,
1035 5402 1127 5458 καὶ
1205 5398 1294 5456 διὰ
1344 5398 1437 5453 τὸν
1516 5398 1615 5452 106
1685 5398 1925 5470 Χριστοῦ

250 5496 402 5554 λαὸν
447 5496 539 5551 τὸν
587 5498 767 5558 κακῶς
815 5494 919 5550 ὑπὸ
966 5493 1074 5549 τῶν
1129 5484 1432 5565 Βαρϐάρων
1484 5486 1767 5560 πάσχοντα
1804 5490 1923 5549 ταῖς

245 5592 360 5643 τοῦ
402 5584 553 5649 ἔτους
608 5582 885 5646 πολλάκις
941 5583 1258 5658 ἂπαγωγαῖς
1316 5577 1408 5635 καὶ
1454 5579 1572 5636 ταῖς
1631 5571 1923 5631 ἀποδόσεσι

247 5676 478 5734 τούτων
517 5674 594 5740 εἷς
641 5672 769 5746 ἔθνη
817 5674 883 5730 τὰ
931 5674 1009 5749 μὴ
1059 5669 1420 5749 χριστώνυμα
1471 5662 1921 5743 δυσχεράναντες.

2030 4684 2191 4742 sione
2246 4685 2305 4741 in
2356 4686 2661 4743 Thraciam
2715 4687 2880 4754 facta,
2939 4690 2995 4741 et
3050 4684 3290 4758 Optimis
3355 4684 3683 4757 quibusque

2030 4774 2338 4846 provincia:
2374 4774 2630 4846 partibus
2660 4774 3256 4845 vastatis,iucolumes
3286 4779 3682 4840 recesserunt;

2031 4880 2096 4918 ac
2194 4863 2432 4919 forsitan
2509 4864 2581 4919 ad
2642 4869 2972 4921 terrestrem
3052 4864 3437 4936 imperalricis
3524 4860 3687 4915 urbis

2029 4956 2254 5025 portam
2315 4952 2715 5021 accessissent,
2793 4951 2907 5008 nisi
2959 4954 3119 5008 Bossi
3186 4949 3684 5006 Christianissima

2029 5056 2173 5114 gens
2204 5057 2520 5113 eorumque
2553 5041 2864 5114 principes,
2902 5042 3109 5111 partim
3143 5056 3245 5095 sua
3294 5045 3523 5110 sponte,
3556 5051 3683 5105 pur-

2031 5133 2131 5187 tim
2150 5133 2439 5204 pontiﬁcis
2456 5134 2727 5205 precibus
2747 5132 3007 5200 adducti,
3022 5128 3351 5187 admirabili
3368 5126 3557 5181 studio
3582 5139 3685 5196 pro

2032 5222 2310 5277 Romanis
2356 5225 2811 5293 Oppuguassent,
2845 5219 3156 5274 Christiani
3210 5215 3403 5287 papuli
3436 5211 3681 5280 miserti,

2030 5310 2124 5381 qui
2157 5326 2190 5363 a
2226 5309 2493 5366 Barbaris
2524 5309 2676 5366 male
2731 5310 3102 5375 tractabatur,
3135 5316 3192 5363 et
3231 5303 3519 5376 indignati
3550 5317 3683 5358 eum

2031 5399 2238 5472 saepius
2266 5401 2467 5457 eodem
2503 5415 2656 5457 anno
2683 5399 2890 5457 abduci
2916 5403 2973 5455 et
3002 5398 3275 5471 gentibus
3306 5414 3339 5452 a
3370 5393 3692 5450 Christiana

2031 5486 2310 5560 religione
2367 5487 2572 5545 alienis
2623 5487 2966 5546 venundari.
3048 5486 3211 5544 Unde
3266 5485 3467 5543 Galizm
3524 5483 3678 5540 692

2030 5577 2302 5650 princeps
2348 5577 2658 5646 Romanus,
2690 5593 2904 5649 magno
2961 5580 3017 5633 et
3047 5576 3175 5633 forti
3208 5574 3461 5633 exercitu
3493 5572 3686 5630 subito

2030 5673 2250 5737 coacto,
2282 5666 2341 5724 in
2377 5666 2761 5726 Comanorum
2818 5682 3023 5740 agrum
3052 5666 3283 5739 irrupit,
3306 5672 3360 5723 et
3391 5665 3520 5723 sine
3560 5661 3673 5721 ullo
