4028 6218
399 364 518 428 903

1715 356 2022 421 ΝΙΟΕΤΑΞ
2063 355 2482 420 (ΙΗΟΝΙΑΤΛΕ

3686 357 3820 419 901

393 497 626 570 negotio
659 494 896 567 diripuit
928 500 979 549 et
1009 493 1250 550 vastavit
1283 494 1473 550 omnia
1503 511 1518 562 ;
1555 507 1739 565 eoque
1757 491 2036 562 saepiusin

2157 490 2314 553 Ὃθεν
2378 487 2469 544 καὶ
2538 485 2628 543 διὰ
2692 481 2908 563 ταχέων
2995 487 3546 562 παρκσκευάσάμενος
3614 489 3642 543 δ
3714 494 3825 557 τῆς

390 585 635 661 gloriam
663 589 720 640 et
778 584 1298 655 amplificationem
1355 582 1669 653 inculpata:
1708 580 2053 638 Christianas

391 676 542 738 fidei,
577 676 746 746 cujus
782 674 1022 729 minima
1041 690 1173 744 pars
1204 680 1261 728 et
1295 689 1475 745 grano
1509 672 1730 742 sinapis
1763 688 1866 741 par
1888 685 2048 725 mon-

387 770 473 820 tes
502 765 831 835 transponit
859 769 914 819 et
943 763 1220 818 sublimia
1248 761 1542 826 transfert,
1581 761 1826 830 benigne
1874 760 2044 824 facto,

355 851 776 910 ‘Comanorum
817 851 1184 907 incursiones
1237 851 1532 922 repressit,
1566 854 1624 905 et
1683 849 1958 904 Romanis
1987 848 2046 902 in

385 942 594 1000 excidii
645 940 897 1012 periculo
948 939 1283 997 constitutis
1341 939 1622 994 auxilium
1679 937 1811 993 tulit
1854 936 2044 1008 inopi-

382 1039 582 1088 natum
627 1046 868 1102 prorsus
912 1039 965 1086 et
996 1031 1398 1101 improvisum,
1457 1027 1737 1082 divinitus
1805 1027 2044 1082 omnino

385 1126 757 1196 procuratum
821 1138 922 1192 per
957 1121 1219 1191 ejusdem
1255 1117 1553 1191 religionis
1587 1116 1892 1189 populum.
1927 1115 2042 1170 ϐω-

384 1223 575 1273 terum
605 1230 672 1270 eo
720 1229 870 1268 anno
906 1212 963 1267 lii
1023 1209 1432 1282 Tauroscytha
1487 1224 1722 1280 quoque
1758 1207 2042 1263 seditione

381 1303 690 1360 conflictati
735 1305 890 1370 sant,
925 1308 978 1356 el
1008 1300 1306 1354 Romanus
1337 1298 1431 1354 hic
1465 1302 1524 1352 et
1545 1297 1731 1352 Ciaba:
1769 1295 2042 1368 princeps

388 1393 632 1450 Rnricas
655 1392 810 1447 ctede
828 1389 1200 1462 popularium
1225 1402 1466 1444 suorum
1493 1401 1656 1441 enses
1673 1385 2039 1442 imbuerunt.

387 1483 494 1538 Sed
526 1482 826 1537 Romanus
857 1477 1028 1534 homo
1061 1477 1334 1532 robustus
1357 1483 1415 1530 et
1455 1483 1722 1530 strenuus
1755 1477 1877 1528 tum
1901 1488 2042 1544 quo-

386 1587 504 1642 que
527 1569 740 1628 multos
769 1569 1056 1624 Cumanos
1087 1564 1319 1631 cecidit,
1353 1562 1447 1636 qui
1493 1563 1712 1634 optima
1757 1567 1814 1618 et
1845 1562 2039 1618 fortis-

387 1661 533 1714 sima
559 1657 846 1728 phalange
878 1655 1100 1710 Ruricie
1130 1669 1298 1722 opem
1341 1651 1608 1708 tulerant.

2165 577 2445 649 Καλίτζης
2483 578 2710 656 ἡγεμὼν
2757 577 3054 651 Ῥωμσνὸς,
3094 576 3307 652 ἀγαθήν
3359 598 3418 632 τε
3472 576 3561 633 καὶ
3589 575 3828 646 πολλὴν

2157 668 2436 740 ἡθροικὼς
2493 667 2768 743 στρατιάν,
2829 665 2967 722 κατά
3040 665 3305 740 Κομάνων
3355 667 3660 741 ἐξώρμησε,
3727 666 3826 721 καί

2156 759 2256 825 τήν
2332 763 2438 832 γῆν
2513 755 2689 812 αὐτῶν
2765 757 2906 812 κατά
2987 753 3210 826 πολλῆν
3288 756 3562 812 εὐπέτειαν
3641 754 3824 811 ἐπιὼν

2155 843 2369 922 ἔφθειρε
2422 845 2514 900 καὶ
2587 847 2840 926 ἠφάνισε.
2917 846 3024 902 Καὶ
3097 847 3261 900 τοῦτο
3337 845 3663 925 φιλοφρόνω
3745 845 3826 908 εἰς

2153 934 2424 1010 καύχημα
2495 935 2584 992 καὶ
2666 933 3057 1012 μεγαλωσύνην
3121 936 3220 1006 τῆς
3293 939 3401 990 τῶν
3468 937 3824 1010 Χριστιανῶν

2155 1025 2472 1098 ἀμωμήτου
2544 1022 2780 1087 πίστεως
2854 1023 3128 1086 πολλάκις
3213 1020 3678 1099 διαπραξάμενος,
3757 1025 3830 1093 ἦς

2152 1113 2242 1168 καὶ
2301 1113 2365 1168 τὸ
2424 1113 2767 1189 βραχύτατον
2806 1113 2892 1168 καὶ
2958 1113 3084 1168 ὅσον
3141 1113 3342 1176 κόκκος
3396 1113 3674 1175 σινάπεως
3725 1131 3827 1186 με-

2153 1202 2394 1275 θίστησιν
2453 1199 2555 1280 ὅρη
2609 1202 2703 1258 καὶ
2772 1202 3092 1276 μετατίθησι
3147 1203 3213 1258 τᾶ
3269 1203 3534 1278 μετέωρα,
3563 1205 3669 1267 τὰς
3707 1208 3822 1258 τῶν

2153 1293 2425 1367 Κομάνιυν
2523 1290 2750 1374 ἐφόδους
2853 1288 3044 1364 ἔστησε
3156 1293 3248 1349 καὶ
3349 1300 3466 1358 τοῖς
3542 1295 3825 1362 ἀνήκεστα

2151 1381 2428 1457 πάσχουσι
2457 1381 2757 1456 Ῥωμαίοις
2784 1384 3079 1460 ἀνακωχὴν
3123 1379 3419 1460 ἐϐράϐευσε
3463 1388 3563 1440 τοῦ
3615 1388 3828 1454 κακοῦ,

2149 1470 2518 1542 ἀνυπονόητος
2567 1471 2760 1550 ἀρωγὴ
2817 1473 2908 1529 καὶ
2967 1472 3368 1551 ἀσυλλόγιστος
3430 1476 3824 1549 συνασπισμὸς

2149 1560 2239 1614 καὶ
2271 1558 2508 1638 φάλαγξ,
2539 1561 2613 1623 ὡς
2665 1561 2856 1630 εἰπεῖν,
2911 1561 3308 1627 θεοσύλλεκτος
3338 1561 3478 1629 ἔθνει
3510 1565 3820 1639 ὁμοπίστῳ

2149 1649 2347 1729 φανείς.
2426 1649 2576 1720 [Ιλήν
2663 1648 2789 1706 οὐδὲ
2862 1651 2932 1708 τὸ.
3003 1653 3140 1708 κατά
3211 1654 3340 1715 τοὺς
3414 1652 3827 1729 Ταυροσκύθας

387 1743 616 1806 τούτους
650 1743 830 1797 ὁτότε
861 1742 1061 1816 χρόνος
1113 1738 1456 1815 παρέδραμεν
1511 1737 1857 1808 ἀστασίαστα,
1914 1737 2050 1794 κατᾶ
2107 1735 2156 1792 δ’
2212 1737 2502 1818 ὁμοφύλου
2559 1745 2770 1818 σφαγῆς
2823 1741 2886 1796 τὸ
2940 1740 3090 1820 ξίφος
3142 1735 3336 1816 ἔϐαψεν
3373 1742 3823 1816 ὅτεῬωμανός

389 1835 548 1896 οὗτος
578 1833 668 1888 καὶ
701 1833 730 1886 ὁ
762 1831 961 1888 διέπων
995 1831 1054 1886 τὸ
1086 1825 1259 1884 Κίαϐα
1285 1827 1590 1902 Ῥούρικας·
1639 1827 1797 1898 νίκην
1857 1825 1904 1882 δ’
1960 1828 1988 1882 ὁ
2044 1828 2324 1901 Ῥωμανὸς
2382 1828 2838 1904 ἀπενεγκάμενος,
2882 1828 3171 1906 ῥωμαλέος
3204 1827 3278 1886 ὢν
3305 1832 3368 1887 τὸ
3398 1836 3560 1906 σῶμα
3590 1833 3692 1886 καὶ
3723 1833 3823 1894 τὰς

392 1927 586 2002 χεῖρας
617 1919 966 1996 δραστήριος,
997 1917 1243 1980 πολλοὺς
1270 1918 1359 1972 καὶ
1391 1917 1514 1972 τότε
1543 1920 1652 1972 τῶν
1685 1915 1951 1990 Κομάνων
1979 1917 2340 1993 κατέτρωσεν,
2372 1917 2425 1972 οἳ
2473 1921 2846 1993 συνεφήψαντο
2887 1927 2988 1990 τῆς
3038 1920 3228 1996 μάχης
3255 1925 3336 1994 τῷ
3365 1919 3650 1998 Ῥούρικᾳ,
3679 1941 3827 1996 κρα-

388 2012 548 2082 τίστη
588 2013 678 2066 καί
708 2010 1060 2088 γενναιοτάτη
1093 2006 1301 2086 φάλαγξ
1334 2007 1456 2082 περὶ
1487 2005 1649 2062 αὐτὸν
1682 2007 1975 2081 ὁρώμενοι.

459 2103 564 2159 Sed
618 2117 727 2158 nec
784 2101 891 2158 hoc
938 2100 1164 2156 silentio
1230 2100 1690 2168 praetereundum
1741 2102 1846 2154 est.
1919 2097 2036 2152 Fuit

2222 2094 2404 2154 Ἀλλὰ
2458 2097 2639 2174 χρεὼν
2697 2095 2840 2172 μηδὲ
2895 2103 3058 2156 τοῦτο
3113 2098 3363 2176 παριδεῖν
3423 2101 3818 2177 ἀνιστόρητον.

387 2189 816 2248 nummularius
881 2189 1120 2260 quidam
1184 2187 1562 2244 Calomodius
1625 2187 1878 2254 nomine,
1936 2187 2036 2258 qui

381 2279 720 2353 longinquis
756 2284 813 2334 et
843 2277 1182 2333 difficilibus
1215 2275 1704 2346 negotiationibus
1729 2275 2036 2331 maximam

381 2370 690 2444 pecuniam
745 2367 1119 2441 acquisierint,
1176 2365 1348 2422 homo
1379 2381 1586 2422 avarus
1643 2369 1700 2421 et
1741 2365 2037 2432 sordidus,

383 2467 611 2518 tantum
649 2477 763 2516 non
796 2459 1162 2514 indormiens
1187 2455 1480 2527 marsupio
1513 2462 1571 2512 et
1601 2455 1857 2526 pecuniis
1883 2459 2039 2528 post-

385 2567 606 2623 ponens
634 2548 852 2604 omnia.
887 2549 994 2614 Qui
1051 2547 1204 2603 698
1247 2563 1380 2601 cum
1435 2562 1536 2616 pro
1569 2545 1856 2601 ditissima
1884 2543 2035 2600 cele-

387 2643 674 2709 braretur,
723 2648 778 2696 et
819 2655 934 2696 non
985 2643 1051 2694 ut
1101 2639 1307 2693 hortus
1350 2636 1573 2692 Alcinoi
1628 2637 1802 2691 ficum
1863 2651 2038 2708 super

387 2732 557 2785 ficum
591 2734 648 2786 et
679 2729 869 2800 pirum
896 2743 1074 2800 super
1117 2725 1335 2799 pirum,
1363 2725 1464 2781 sed
1497 2742 1705 2781 aurum
1737 2741 1904 2792 auro,
1951 2741 2038 2780 aro

381 2829 614 2892 genlum
692 2825 924 2890 argento
1009 2815 1360 2871 cumulatum
1431 2814 1666 2887 gignere
1732 2815 2034 2882 diceretur,

379 2923 675 2965 avarorum
727 2907 1054 2978 principum
1123 2905 1350 2960 insidiis
1379 2912 1462 2959 est
1533 2903 1818 2974 appetitus
1867 2919 2036 2974 sepe.

378 3001 634 3056 Sederat
692 2999 840 3053 idem
891 2996 1128 3052 omnino
1181 2993 1350 3051 arbor
1381 2995 1747 3063 cognitionis,
1801 2993 1860 3048 in
1917 2994 2036 3050 foro

379 3101 432 3149 et
464 3091 618 3146 urbis
675 3089 989 3160 angiportis
1020 3095 1290 3158 tanquam
1331 3087 1390 3142 in
1447 3086 1617 3142 Edem
1653 3085 1925 3156 plantata.
1973 3087 2037 3144 Ut

382 3181 552 3251 igitur
595 3180 748 3249 pomi
795 3176 1036 3248 eleganti
1084 3192 1118 3230 a
1165 3176 1452 3247 quondam
1489 3175 1724 3245 ‘primos
1777 3182 2038 3246 parentes

382 3277 606 3344 nostros
655 3267 714 3322 in
770 3266 1093 3322 servitutem
1135 3264 1366 3335 redegit,
1419 3265 1502 3320 sic
1551 3271 1668 3320 tum
1722 3264 1846 3320 auri
1889 3264 2038 3320 nitor

351 3355 596 3412 aulicos
627 3356 699 3411 ad
734 3355 988 3426 rapinam
1018 3353 1298 3409 invitavit.
1331 3353 1435 3408 Sed
1470 3352 1641 3408 simul
1691 3361 1745 3408 et
1774 3352 2035 3409 Calomo-

377 3445 474 3500 dio
533 3459 734 3500 manus
764 3443 1104 3514 injecerunt,
1164 3441 1504 3497 seditionem
1546 3441 1605 3496 in
1667 3443 1806 3498 urbe
1853 3441 2031 3498 exita-

2151 2187 2249 2242 Ἠν
2277 2207 2359 2249 τις
2388 2182 2782 2259 κὸλλυϐιστής,
2843 2185 3197 2262 Καλομόδιος
3247 2191 3348 2259 τήν
3407 2190 3818 2266 προσηγορίαν,

2151 2275 2321 2338 Οὗτος
2389 2278 2672 2352 χρήμασιν
2728 2272 2993 2354 ἐϐεϐρίθει
3057 2277 3318 2349 πολλοῖς,
3380 2279 3659 2355 ἀργαλὲας
3722 2279 3818 2334 καὶ

2150 2361 2384 2440 δολιχᾶς
2431 2362 2698 2440 ἐκδημίας
2748 2369 2867 2422 κατ’
2909 2367 3180 2442 ἐμπορίαν
3227 2369 3314 2442 [Ρ·
3365 2369 3494 2442 338]
3537 2367 3817 2443 πολλαχῆ

2149 2453 2519 2528 στειλάμενος,
2594 2452 3022 2532 κερδαλεόφρων
3093 2457 3400 2533 ἅνθρωπος·
3458 2456 3654 2530 ἀμέλει
3727 2456 3821 2512 καὶ

2149 2541 2526 2618 συγκαθεύδων
2579 2548 2659 2616 τῷ
2716 2543 3016 2622 φασκωλίῳ
3067 2545 3156 2602 καὶ
3213 2546 3422 2623 πρίθων
3472 2547 3538 2602 τὸ
3575 2547 3818 2621 κύμινον

2146 2631 2238 2686 κκί
2267 2632 2442 2686 πάντα
2470 2633 2640 2696 τιθεὶς
2688 2637 2785 2689 τοῦ
2851 2635 3288 2713 χρηματίζεσθαι
3347 2633 3570 2711 δεύτερα
3603 2633 3819 2692 δέδωκε

2145 2721 2266 2784 καθ’
2350 2720 2540 2776 ἑαυτοῦ
2623 2719 2894 2785 πολλάκις
2977 2717 3151 2787 λαϐὰς
3239 2730 3362 2788 τοῖς
3427 2727 3818 2806 χρυσοθήραις

2146 2805 2432 2884 ἄρχουσιν,
2492 2810 2790 2885 ἀνθρώπων
2865 2812 3003 2867 εἶναι
3063 2805 3491 2888 ῥυηφενὲστατος
3567 2815 3662 2870 καί
3741 2815 3818 2878 ὡς

2143 2903 2320 2968 κῆπος
2379 2897 2720 2964 Ἀλκινόειος
2779 2901 2869 2956 καὶ
2927 2904 3028 2972 τῆς
3087 2900 3232 2978 ὥρας
3289 2905 3353 2960 τὸ
3414 2903 3636 2980 ἀκαρὲς,
3704 2903 3816 2962 οῦκ

2147 2985 2322 3062 ὃχνην
2349 2988 2554 3066 τρίφων
2587 2989 2674 3044 ἐπ’
2716 2985 2859 3065 ὄχνῃ
2910 2991 3070 3046 σῦκόν
3115 2993 3164 3046 τ’
3213 2989 3302 3047 ἐπὶ
3337 2993 3484 3066 σύκῳ
3514 2993 3814 3073 παρέχειν,

2145 3077 2349 3152 χρύσὸν
2379 3074 2436 3132 δὶ
2467 3079 2646 3157 φέρειν
2704 3077 2791 3134 ἐπὶ
2849 3085 3059 3156 χρυσῷ,
3117 3079 3206 3136 ἐπὶ
3265 3079 3316 3136 δ’
3367 3081 3621 3158 ἀργυρίῳ
3651 3082 3817 3162 φύειν

2145 3165 2428 3244 ἀργύριον.
2485 3167 2547 3224 Ὁ
2603 3165 2662 3222 δὲ
2717 3169 2882 3246 φυτὸν
2953 3168 3206 3246 ἄντικρυς
3263 3170 3518 3246 γνώσεως
3573 3171 3668 3242 ἦν,
3736 3173 3815 3236 ὡς

2144 3253 2197 3310 ἐν
2227 3253 2395 3330 Ἐδὶμ
2449 3255 2849 3334 πεφυτευμένον
2905 3263 2977 3334 τῇ
3037 3259 3208 3336 ἀγορᾷ
3259 3261 3350 3316 καὶ
3406 3265 3525 3324 τοῖς
3567 3266 3672 3331 τῆς
3706 3263 3816 3316 πὸ-

2145 3343 2286 3401 λεως
2328 3350 2612 3402 στενωποῖ.
2645 3345 2854 3405 Οὐκοῦν
2903 3348 2980 3410 ὡς
3030 3351 3065 3418 ἡ
3119 3348 3254 3421 ἄνθη
3299 3357 3402 3420 τῆς
3442 3351 3668 3426 ὀπώρας
3699 3352 3814 3406 πά-

2143 3430 2236 3488 λαι
2266 3433 2394 3496 τοὺς
2422 3435 2690 3512 γενάρχας
2743 3433 3218 3513 ἐδουλαγώγησεν,
3271 3436 3414 3494 οὕτω
3471 3435 3538 3509 δὴ
3585 3440 3809 3494 καὶτοῦ

379 3540 530 3603 runt,
587 3533 864 3603 majorem
913 3546 1080 3602 quam
1141 3530 1384 3601 majores
1416 3531 1597 3586 nostri
1652 3531 2030 3588 calamitatem

2148 3523 2380 3598 χρυσίου
2409 3525 2533 3579 τότε
2585 3525 2648 3580 τὸ
2703 3525 2966 3600 πυρωπὸν
3021 3526 3150 3589 τοὺς
3203 3525 3290 3582 ἰπὶ
3349 3531 3457 3583 τῶν
3505 3526 3808 3603 βασιλείων

379 3620 653 3692 perpessi.
717 3619 858 3675 Nam
910 3619 996 3674 illi
1030 3633 1143 3673 non
1177 3617 1299 3673 solo
1337 3622 1568 3688 aspectu
1629 3618 1910 3684 contenti,
1941 3619 2036 3675 sed

382 3713 648 3780 decerpto
679 3713 737 3766 et
792 3712 1020 3781 gustato
1054 3707 1258 3776 fructu,
1311 3707 1440 3776 jure
1468 3723 1664 3778 pcnnas
1715 3708 1990 3762 dederunt
2025 3723 2038 3762 :

390 3799 448 3854 hi
491 3814 622 3855 vero
667 3799 927 3855 nondum
981 3797 1099 3852 viso
1149 3811 1286 3851 auro
1342 3795 1546 3851 frustra
1597 3795 1894 3852 inhiarunt
1929 3813 1944 3865 ;
1985 3800 2043 3853 et

387 3887 716 3943 Tantaleam
749 3885 904 3942 sitim
965 3885 1240 3956 perpessi,
1289 3899 1419 3941 cum
1477 3883 1690 3941 fontem
1744 3884 2038 3954 haberent,

395 3975 583 4032 bibere
613 3991 724 4032 non
760 3980 1086 4046 potuerunt,
1113 3975 1204 4029 sed
1239 3972 1440 4030 crebro
1475 3972 1698 4029 haurire
1728 3973 1911 4029 conati
1938 3988 2038 4028 au-

389 4081 516 4121 rum
555 4083 620 4120 ex
669 4063 935 4120 manibus
982 4064 1316 4118 amiserunt.
1373 4062 1516 4120 Nam
1572 4062 2036 4130 circumforanei,

381 4152 696 4212 Calomodii
748 4153 1068 4223 captivitate
1124 4151 1362 4208 οιϐθιί
1401 4167 1569 4207 causa
1635 4152 1757 4222 ejus
1812 4151 2040 4222 cognita

385 4243 623 4314 vesperi,
685 4257 854 4298 mane
887 4241 1140 4298 tributim
1188 4243 1605 4306 convenerunt,
1655 4248 1707 4295 et
1747 4241 1844 4295 Dei
1901 4247 2038 4296 tem-

384 4333 539 4404 plum
596 4331 841 4402 ingressi
896 4328 1286 4402 patriarcham
1338 4329 1698 4386 Camaierum
1755 4328 2037 4384 Joannem

383 4423 904 4485 circumsteterunt,
936 4422 1154 4474 tantum
1190 4433 1304 4474 non
1337 4418 1722 4486 diseerpturos
1766 4433 1898 4472 eum
1942 4422 2037 4474 aut

381 4509 454 4564 de
501 4509 748 4562 fenestra
779 4503 1232 4575 praecipitaturos
1259 4503 1622 4572 comminuti,
1677 4504 1785 4559 nisi
1830 4504 2036 4560 litteris

377 4598 448 4653 ad
507 4597 905 4666 imperatorem
938 4593 1086 4649 datis
1117 4593 1512 4649 Calomodium
1563 4599 1624 4649 ut
1651 4609 1814 4650 ovem
1845 4595 2034 4666 perdi-

381 4693 494 4740 tam
525 4691 620 4739 aut
678 4682 1036 4740 aberrantem
1070 4700 1098 4736 a
1147 4697 1318 4753 grege
1353 4690 1666 4738 revocaret.
1727 4685 1804 4750 is,
1837 4685 2033 4757 populi

387 4773 634 4829 tumultu
670 4787 816 4842 aegre
863 4771 1068 4842 sepito,
1121 4770 1386 4826 facundia
1425 4787 1528 4826 sua
1560 4775 1618 4826 et
1674 4773 2038 4830 commisera-

2146 3614 2442 3687 χρυσώνων
2472 3611 2548 3674 εἷς
2605 3613 2709 3681 τήν
2765 3613 2973 3670 ἐκείνου
3027 3615 3236 3690 τρύγην
3277 3613 3614 3695 ἐφείλκυσεν.
3646 3615 3809 3674 Ἀλλ’

2147 3697 2262 3776 ἅμα
2306 3705 2387 3774 τῷ
2430 3699 2766 3776 Καλομοδίφ
2810 3703 2906 3766 τὰς
2953 3708 3144 3780 χεῖρας
3193 3700 3524 3775 ἐπέὖαλλον,
3563 3705 3654 3762 καὶ
3685 3709 3803 3780 ἅμα

2143 3791 2243 3860 τήν
2272 3789 2432 3846 πόλιν
2462 3789 2540 3854 εἷς
2574 3793 2756 3848 στάσιν
2804 3791 3096 3864 ἀνέσεισαν,
3155 3789 3342 3867 μεῖζόν
3395 3816 3450 3851 τι
3499 3800 3601 3852 τῶν
3653 3814 3794 3868 προ-

2142 3877 2312 3954 τὲρων
2361 3879 2690 3944 πεπονθότες
2749 3878 3098 3958 δυστύχημα’
3162 3881 3213 3936 οἰ
3280 3883 3377 3957 μὲν
3409 3884 3513 3961 γὰρ
3539 3887 3635 3939 τοῦ
3656 3902 3798 3960 καρο

2143 3971 2249 4022 ποῦ
2275 3965 2603 4044 δρεψάμενοι
2633 3970 2725 4026 καὶ
2770 3966 3194 4044 μεταλαϐόντες,
3228 3969 3370 4046 μηδὲ
3399 3973 3500 4042 τήν
3546 3971 3799 4049 λιχνείαν

2143 4055 2198 4121 ἐς
2229 4056 2400 4130 μόνην
2444 4059 2544 4127 τὴν
2591 4057 2776 4132 ὅρασιν
2831 4062 3276 4136 περιστήσαντες,
3306 4063 3376 4136 τῇ
3417 4058 3540 4136 δίκῃ
3571 4058 3800 4124 δικαίως

2147 4144 2432 4216 ὑπέπεσον,
2487 4147 2540 4202 οἷ
2598 4145 2656 4202 δὲ
2713 4145 2844 4222 μηδ’
2897 4144 3170 4224 ἐμϐλέψαι
3223 4155 3339 4212 τοῖς
3380 4153 3636 4226 χρήμασι
3665 4151 3800 4230 φθά-

2143 4257 2328 4299 σαντες
2381 4240 2558 4312 μάτην
2590 4238 2951 4318 ἠλέγχθησαν
3000 4237 3320 4316 ἐγχανόντες
3351 4241 3440 4296 καὶ
3473 4238 3635 4316 δίψος
3663 4247 3804 4297 Ταν-

2139 4325 2356 4383 τάλειον
2385 4323 2647 4404 ἔπασχον.
2681 4330 2946 4404 Ἔχοντες
2997 4329 3102 4405 γὰρ
3152 4331 3252 4399 τήν
3293 4331 3476 4407 πηγὴν
3507 4331 3612 4387 οὐκ
3642 4331 3798 4406 εἶχον

2139 4421 2229 4476 καὶ
2286 4425 2429 4476 πιεῖν
2459 4419 2508 4491 ἐξ
2540 4420 2732 4494 αὐτῆς,
2785 4419 2934 4477 ἀλλά
2984 4421 3250 4498 συχνάκις
3307 4423 3636 4496 ὡρμηκότες
3668 4422 3803 4500 ἀρύ-

2141 4519 2330 4573 σασθαι
2390 4509 2634 4584 εὕρισκον
2691 4511 2754 4566 τὸ
2813 4529 3042 4586 χρυσιον
3113 4514 3224 4566 τῶν
3310 4510 3528 4567 οἰκείων
3591 4515 3798 4588 χειρῶν

2139 4597 2560 4676 ἀφαντούμενον.
2615 4599 2684 4656 Οἱ
2741 4597 2845 4676 γάρ
2921 4599 3169 4676 ἀγοραῖοι
3227 4598 3455 4676 ἑσπέρας
3535 4613 3802 4675 μαθοντες

2139 4689 2240 4758 τήν
2270 4691 2368 4744 τοῦ
2401 4684 2752 4762 Καλομοδίου
2785 4686 3112 4764 κατάσχεσιν
3164 4689 3255 4744 καὶ
3301 4688 3365 4744 τὸ
3417 4687 3594 4746 αἴτιον
3624 4691 3800 4762 αὐτῆς

2141 4775 2472 4852 ἐπιγνόντες,
2527 4777 2664 4832 κατὰ
2703 4776 2926 4856 φατρίας
2981 4775 3180 4854 ὃρθρου
3247 4777 3647 4854 ἠθροίσθησαν,
3703 4781 3797 4835 irai

381 4863 539 4921 tione
567 4879 701 4920 cum
747 4878 914 4934 quem
947 4862 1270 4932 quaerebant
1298 4868 1358 4916 ut
1389 4878 1602 4933 agnum
1637 4863 1880 4930 reduxit,
1915 4881 2029 4922 non

2148 4867 2228 4921 τὸν
2283 4869 2378 4922 τοῦ
2437 4865 2570 4922 Θεοῦ
2627 4867 2762 4921 νεὼν
2804 4863 3062 4930 εἰσιόντες
3119 4867 3210 4924 καὶ
3267 4871 3347 4940 τῷ
3401 4868 3610 4944 πρώτῳ
3665 4868 3800 4926 ἑπο-

389 4969 532 5010 auro
582 4969 685 5026 pro
719 4951 867 5024 pelle
897 4949 1129 5021 abrepto
1159 4967 1190 5005 a
1221 4950 1390 5020 lupis,
1421 4967 1602 5021 neque
1634 4949 1764 5007 lana
1794 4953 2030 5024 direpta.

2143 4953 2359 5031 φθὲντες
2389 4955 2638 5031 ἀρχιερεῖ
2695 4958 2781 5030 (ἦν
2829 4953 2889 5011 δὲ
2945 4957 3106 5021 οὗτος
3161 4957 3190 5011 ὁ
3244 4957 3796 5032 ΚαματηρὸςἸωάν-

385 5046 506 5117 νης)
536 5041 885 5118 περιστάντες
921 5041 1119 5114 μικροῦ
1148 5058 1239 5093 και
1271 5034 1496 5108 διασπᾷν
1528 5037 1792 5108 ἠπείλουν
1827 5040 1917 5096 καὶ
1946 5038 2242 5123 κύμϐαχον
2287 5042 2348 5100 ἐκ
2373 5047 2474 5114 τῆς
2503 5043 2680 5108 ἑστίας
2709 5045 2856 5100 κάτω
2891 5045 3103 5121 βαλεῖν,
3137 5045 3187 5101 εἶ’
3220 5047 3296 5119 μή
3327 5046 3428 5102 ’ὸσα
3454 5047 3546 5102 καὶ
3580 5067 3796 5125 συριγγι

379 5139 497 5196 τοῖς
528 5134 664 5208 πρὸς
700 5127 931 5206 βασιλέα
963 5131 1316 5205 χρησάμενος
1371 5126 1686 5202 γράμμασιν
1745 5129 1819 5192 ὡς
1876 5125 2154 5202 πρόϐατον
2219 5131 2517 5196 ἀπολωλὸς
2573 5135 2607 5206 ἢ
2662 5134 2752 5190 καὶ
2783 5133 3064 5208 ἀπόνομον
3097 5135 3188 5190 τὸν
3221 5133 3582 5210 Καλομόδιον
3613 5136 3800 5199 αὐτοῖς

381 5220 854 5280 ἐπανακαλὲσεται.
895 5220 958 5276 Ὀ
990 5216 1046 5274 δὲ
1081 5215 1243 5292 μόλις
1275 5217 1628 5280 καταστείλας
1669 5223 1768 5273 τοῦ
1818 5217 1928 5276 λεὼ
1971 5222 2063 5276 τὸν
2111 5217 2340 5297 θόρυϐον
2371 5227 2440 5298 τῇ
2471 5228 2578 5278 τῶν
2629 5225 2864 5298 χειλέων
2894 5226 3256 5304 περιψοφήσει
3287 5224 3378 5280 καὶ
3410 5229 3490 5298 τῷ
3521 5224 3795 5300 λαμπρῶς

381 5312 470 5368 ἐπὶ
499 5311 680 5385 τούτῳ
711 5307 1056 5366 παθαίνεσθαι
1089 5305 1424 5383 ἐπανήγαγεν
1459 5305 1644 5368 αὐτοῖς
1676 5308 1750 5370 ὡς
1782 5307 1951 5381 ἀμνὸν
1981 5311 2073 5366 τὸν
2105 5312 2461 5386 ζητούμενον,
2497 5312 2574 5386 μὴ
2605 5313 2696 5368 τὸν
2737 5314 2942 5390 χρυσὸν
2973 5313 3050 5374 ὡς
3082 5309 3244 5388 δορὰν
3287 5313 3626 5391 ἀποσυρέντα
3655 5313 3794 5391 ραρὰ

380 5405 487 5456 τῶν
517 5400 834 5476 συσχόντων
863 5398 1024 5454 αὐτὸν
1053 5392 1315 5465 λυκιδῶν,
1347 5392 1489 5469 μηδέ
1519 5392 1858 5469 λυμανθέντα
1883 5400 1984 5469 τὴν
2011 5399 2302 5476 τρίχωσιν.

453 5495 636 5562 Atque
676 5493 768 5548 hic
823 5498 1010 5547 motus
1060 5490 1196 5546 citra
1231 5488 1569 5561 sanguinem
1621 5489 1808 5562 desiit,
1859 5499 1914 5548 et
1961 5508 2029 5550 ex

382 5579 667 5652 principio
697 5580 851 5635 tristi
887 5583 945 5635 et
975 5578 1192 5651 tragico
1248 5578 1309 5634 in
1339 5578 1624 5636 comicum
1685 5579 1884 5636 ludum
1939 5582 2030 5639 fe-

377 5667 699 5740 stivamque
729 5666 980 5723 fabulam
1011 5676 1094 5722 est
1125 5671 1403 5738 mutatus,
1429 5667 1565 5725 ﬂetu
1598 5668 1662 5727 in
1691 5670 1875 5728 risum
1897 5687 2029 5732 con-

2210 5493 2314 5550 Καὶ
2373 5492 2435 5549 τὸ
2469 5491 2562 5566 μὲν
2611 5488 2786 5555 οὕτως
2839 5492 3112 5566 ἀναιμωτὶ
3164 5492 3564 5567 πονελήλυθεν,
3619 5493 3674 5566 ἐξ
3703 5493 3792 5548 al-

2135 5583 2258 5638 τίου
2285 5579 2548 5660 τραγικοῦ
2593 5604 2652 5640 τε
2706 5582 2798 5638 καὶ
2857 5585 3185 5659 σκυθρωποῦ
3230 5582 3284 5647 ἐς
3331 5583 3582 5660 κωμικὸν
3629 5580 3788 5640 κατέ-

2138 5670 2297 5746 ληξεν
2345 5671 2521 5736 ἀκοὰςο
2569 5669 2792 5748 διαχὲον
2867 5670 3084 5748 ἄθυρμα
3148 5671 3238 5730 καὶ
3296 5672 3646 5750 σχηματίζον
3697 5673 3784 5729 τὸν
