4028 6218
202 385 318 448 905

1084 388 1185 448 DE
1231 389 1519 449 ALEXIO
1565 391 1837 457 iSAAClI
1888 396 2170 458 ANGELI
2214 398 2331 457 Fit.
2386 400 2530 461 LIB.
2580 400 2688 462 IIl.

3493 411 3608 473 906

196 520 642 598 κλαυσιγέλωτω
695 521 760 576 οὗ
814 518 1054 585 πολλαῖς
1100 518 1147 575 δ’
1185 522 1417 596 ἡμέραις
1478 523 1696 598 ὕστερον
1738 524 1904 596 ἔκιε-ί

1968 547 2152 586 verso.
2177 532 2300 589 Non
2328 535 2529 589 multis
2559 535 2770 590 diebus
2788 536 2939 607 post,
2958 536 3122 593 aliud
3145 541 3364 599 malum
3394 545 3608 617 erupit,

200 634 296 689 ρον
353 610 627 688 ἀνερράγη
679 609 868 681 κακὸν,
910 608 941 665 6'
989 631 1041 664 τι
1099 610 1191 666 καὶ
1249 611 1325 675 εἷς
1382 612 1628 685 αἱμάτων
1680 615 1854 687 προῦ-

195 704 364 776 κοψεν
396 695 644 780 ἔκχυσιν.
678 701 938 771 Ἰωάννης
992 700 1096 777 γάρ
1140 721 1246 769 τις,
1294 702 1484 776 Λαγὼς
1533 703 1595 757 τὸ
1646 701 1850 757 ἐπώνυ-

203 811 332 864 μον,
399 788 461 845 ἐκ
527 787 802 864 βασιλέως
868 787 1115 863 εἰληφὼς
1171 795 1528 864 προῖστασθαι
1589 796 1688 856 τῆς
1754 796 1850 847 τοῦ

200 878 542 951 πραιτωρίου
574 884 837 957 φρουρᾶς,
867 875 1063 947 ἤθελεν
1097 877 1273 950 ἑαυτῷ
1310 899 1367 934 τε
1405 881 1495 934 καὶ
1527 886 1647 942 τοῖς
1679 901 1848 955 προσ-

202 970 520 1044 ισταμένοις
553 966 761 1034 ἐνθένδε
800 969 1042 1043 πορίζειν
1104 971 1386 1044 χρήματα·
1449 975 1548 1045 φεῦ
1603 978 1702 1040 τῆς
1751 970 1847 1045 ῥυ-

198 1061 515 1134 παρότητος
582 1066 682 1129 τῆς
737 1058 1015 1135 γνώμηςί
1058 1058 1119 1113 ού
1174 1062 1277 1135 γαρ
1332 1081 1385 1115 τι
1444 1058 1611 1115 πλέον
1681 1060 1708 1114 6
1746 1067 1846 1129 τῆς

195 1150 444 1223 ἱστορίας
484 1148 656 1223 νόμος
705 1148 875 1203 εἰπεῖν
915 1148 1192 1222 ἐπιτρέπει
1233 1171 1349 1222 μοι.
1399 1151 1556 1207 Ὅθεν
1606 1152 1699 1211 τὰς
1754 1153 1850 1223 ψυ-

200 1241 367 1316 χικὰς
406 1244 517 1296 τῶν
556 1238 829 1311 φιλοθέων
888 1239 1261 1312 οἰκειούμενος
1313 1237 1602 1310 διαδόσεις,
1651 1241 1845 1303 νυκτὸς

194 1330 340 1386 ἀνίει
373 1335 609 1406 φρουρᾶς
639 1330 726 1385 καὶ
762 1324 974 1403 δεσμῶν
1014 1329 1143 1391 τοὺς
1192 1327 1278 1385 ἐπὶ
1326 1328 1664 1404 κλεπτοσύνῃ
1724 1328 1843 1385 δια-

193 1415 461 1492 ϐοήτους·
494 1419 545 1473 οἱ
578 1416 635 1474 δὲ
666 1416 844 1494 λάθρα
868 1420 963 1480 τὰς
1023 1418 1196 1479 οἰκίας
1250 1416 1622 1494 διερευνῶντες
1672 1440 1845 1495 προσ·

1959 623 2111 694 quod
2137 624 2207 678 ad
2234 626 2541 693 sanguinis
2562 627 2907 684 eti‘usionem
2930 633 3019 684 est
3042 647 3439 703 progressum.
3464 636 3611 693 Nam

1954 712 2230 779 Joannes,
2266 715 2364 784 qui
2412 715 2650 787 quidem
2681 723 3067 787 cognomento
3107 720 3317 791 Lagus,
3358 723 3613 793 prastorii

1955 802 2236 857 custodiae
2269 804 2341 859 ab
2374 803 2723 875 imperatore
2770 810 3098 878 praefectus,
3135 811 3265 865 inde
3313 814 3368 865 et
3400 811 3510 865 sibi
3543 816 3600 866 et

1953 890 2080 945 suis
2114 892 2417 962 pecuniam
2442 910 2782 965 comparare
2804 896 3087 953 instituit.
3113 897 3156 952 Ο
3189 896 3492 955 sordidum
3515 900 3601 956 in-

1952 979 2231 1049 genium!
2286 996 2391 1038 nec
2435 982 2593 1037 enim
2648 984 2902 1039 historiaa
2937 984 3029 1040 lex
3068 1002 3161 1041 me
3196 986 3366 1057 plura
3413 987 3603 1045 dicere

1952 1067 2114 1123 sinit.
2140 1069 2201 1124 Et
2234 1072 2593 1141 stipe,quam
2614 1072 2883 1129 homines
2914 1074 2992 1145 pii
3019 1074 3165 1131 ultro
3198 1078 3596 1147 conferebant,

1951 1156 2009 1211 in
2042 1173 2208 1211 suam
2263 1175 2382 1213 rem
2415 1178 2719 1227 conversa,
2753 1167 2926 1217 noctu
2979 1163 3237 1220 celebres
3280 1165 3436 1222 iures
3465 1167 3595 1222 vin-

1950 1245 2101 1301 culis
2135 1247 2412 1304 liberatns
2443 1266 2668 1305 carcere
2699 1252 3013 1320 educebat;
3058 1253 3153 1323 qui
3187 1255 3411 1311 aedibus
3442 1255 3592 1312 clam

1950 1335 2318 1406 perlustratis
2350 1340 2498 1396 695
2526 1341 2679 1395 furta
2704 1340 2778 1395 ad
2810 1341 2976 1396 illum
3010 1344 3403 1401 conferebant.
3429 1344 3591 1401 Unde

1950 1424 2188 1495 praemio
2222 1426 2448 1482 furibus
2498 1428 2837 1495 distributo,
2875 1429 3103 1501 reliqua
3148 1431 3325 1487 homo
3375 1433 3594 1490 facino-

189 1515 339 1583 ῆγον
372 1506 560 1581 ἐκείνῳ
591 1509 659 1564 τὰ
704 1506 906 1585 φώρια,
961 1507 1050 1562 καὶ
1107 1506 1282 1572 ἆθλον
1332 1505 1579 1572 ἀσεϐείας
1627 1508 1687 1565 ἐκ
1737 1514 1843 1564 τῶν

186 1596 378 1654 σύλων
408 1604 523 1661 τοῖς
549 1596 903 1672 νυκτιλοχοις
935 1594 1209 1659 διαδιδοὺς
1239 1599 1306 1653 τά
1335 1596 1503 1654 λοιπά
1536 1600 1619 1662 οἶς
1641 1599 1702 1654 ού
1726 1597 1843 1654 δέον

186 1690 515 1767 προσέφερε,
547 1688 638 1743 τὸν
680 1688 870 1743 πιστὸν
919 1687 1194 1760 ὑπηρέτην
1226 1689 1253 1741 6
1287 1692 1401 1759 Θεῷ
1449 1688 1510 1742 τὸ
1555 1693 1659 1743 πᾶν
1714 1689 1840 1743 ἃπι-

1959 1690 2168 1762 Lagum
2203 1692 2371 1748 multi
2403 1695 2557 1765 apud
2590 1694 3003 1767 imperatorem
3049 1697 3337 1771 sacrilegii
3367 1698 3594 1755 detule-

187 1798 322 1841 στος
358 1778 413 1831 ἐν
450 1783 570 1840 τοῖς
618 1775 960 1851 ἀτολμήτοις
1017 1780 1098 1850 [Ρ.
1150 1779 1275 1850 339]
1334 1779 1839 1853 σχηματιζόμενος.

1959 1784 2101 1835 runt.
2136 1779 2243 1845 Qui
2273 1782 2631 1840 correctione
2674 1784 2957 1856 promissa
2990 1802 3109 1841 rem
3146 1788 3396 1844 subinde
3427 1787 3595 1844 diffe-

187 1866 407 1926 Τούτου
444 1864 511 1937 δὴ
542 1872 639 1924 τοῦ
670 1868 837 1941 Λαγὼ
866 1864 1071 1922 πολλοὶ
1099 1872 1354 1922 κατεῖπον
1393 1865 1446 1929 ἐς
1504 1867 1732 1943 βασιλέα
1763 1869 1837 1930 ὡς
1868 1900 1904 1965 Ε

1959 1869 2139 1937 rebat,
2200 1871 2365 1940 quasi
2414 1872 2639 1928 viribus
2687 1875 3125 1931 destitueretur.
3182 1876 3347 1933 Unde
3400 1879 3593 1950 Lagus

185 1955 430 2033 δρῶντος
488 1957 696 2011 ἀνόσια·
732 1957 759 2011 6
793 1953 850 2011 δὲ
886 1958 983 2024 τὴν
1036 1953 1320 2030 διόρθωσιν
1370 1955 1835 2033 ἐπαγγειλάμενος
1868 1953 1904 1965 ﬂ

1959 1957 2021 2012 )b
2069 1957 2286 2014 scelera
2317 1959 2559 2015 minime
2588 1962 2913 2033 trepidans,
2948 1964 3051 2018 sed
3084 1967 3363 2034 tanquam
3410 1965 3592 2023 libero

183 2045 374 2123 ὥσπερ
406 2045 468 2102 ού
519 2044 812 2120 δυνάμενος
863 2040 1216 2100 ἀνεϐάλλετο·
1270 2045 1389 2100 ὅθεν
1441 2044 1698 2121 οὐδαμῶς
1748 2046 1835 2102 ἐπὶ

1959 2046 2293 2117 magistratu
2345 2050 2625 2120 fungens,
2676 2056 2872 2123 aperte
2930 2051 3187 2109 facinora
3233 2052 3349 2108 Deo
3400 2053 3590 2109 invisa

183 2141 309 2199 τοῖς
336 2135 728 2209 τολμωμένοις
770 2137 1135 2204 ὑποπτήσσων
1166 2137 1232 2204 ἦν
1281 2136 1308 2190 6
1339 2137 1557 2211 Λαγὼς,
1603 2136 1732 2193 ἀλλ’
1761 2138 1835 2198 ὡς

1959 2137 2332 2206 perpetrabat.
2385 2137 2646 2201 Quodam
2680 2156 2813 2195 vero
2858 2144 3135 2212 tempore,
3168 2158 3304 2197 cum
3353 2142 3587 2197 foraneo

184 2225 479 2281 ἀνεύθυνον
521 2226 782 2304 χειρίζων
825 2226 1008 2303 ἀρχήν
1045 2222 1267 2294 ἁναίδην
1321 2226 1386 2281 τὰ
1444 2228 1672 2299 θεομισῆ
1725 2225 1832 2283 διε-

1959 2226 2196 2294 ]υοάειω
2227 2226 2426 2284 multis
2458 2228 2797 2284 verberibus
2829 2229 3031 2285 affecto
3053 2235 3110 2285 et
3130 2246 3283 2301 raso,
3314 2230 3587 2286 audacio-

186 2317 483 2392 πράττετο.
516 2314 721 2372 Ἑνίοτε
752 2311 809 2369 δὲ
837 2320 944 2369 τῶν
999 2313 1272 2390 ἀγοραίων
1322 2316 1416 2370 ἓνα
1465 2315 1830 2394 συνειληφὼς,

1959 2332 2062 2372 rem
2090 2316 2285 2389 pepuli
2305 2320 2537 2374 turbam
2560 2319 2888 2389 etejusdem
2905 2319 3119 2392 opiﬁcii
3144 2323 3211 2377 ad
3238 2322 3587 2378 seditionem

190 2405 331 2479 μετά
364 2406 430 2460 τὸ
468 2403 674 2475 πλῆξαι
714 2402 929 2466 πολλὰς
968 2404 1103 2459 κατά
1139 2404 1315 2459 νώτου
1373 2411 1585 2481 τριχῶν
1640 2405 1833 2462 ὑποδι-

1966 2406 2216 2461 ncitavit.
2241 2407 2450 2463 Statim
2468 2408 2645 2480 igitur
2662 2414 2786 2465 orto
2806 2410 3059 2466 tumultu
3074 2456 3087 2477 ,
3102 2427 3219 2467 non
3235 2427 3408 2482 parva
3427 2412 3589 2482 opifi-

179 2496 356 2559 κάσας
383 2499 574 2569 κουρᾷ,
604 2495 667 2549 τὸ
716 2492 1043 2570 θερμότερον
1070 2500 1170 2563 τῆς
1208 2492 1423 2555 πόλεως
1469 2495 1558 2549 καὶ
1602 2500 1681 2568 τῷ
1719 2517 1832 2552 πα-

1959 2511 2072 2549 :um
2092 2512 2221 2565 pars
2242 2498 2372 2568 Lagi
2388 2497 2647 2569 capiendi
2668 2514 2842 2555 causa
2860 2499 2929 2553 ad
2956 2500 3285 2571 praetorium
3301 2499 3587 2556 convolat.

182 2584 340 2640 θόντι
371 2585 677 2658 ὁμότεχνον
708 2583 845 2659 πρὸς
877 2583 1207 2657 στασιασμὸν
1238 2583 1565 2660 ἀνερῥίπισε.
1620 2585 1831 2661 Σύγχυ-

1959 2584 2050 2639 Sed
2068 2586 2260 2640 cumis
2275 2585 2963 2657 quovislepore,velocius
2978 2589 3589 2660 evanuisset,populus

182 2691 269 2733 σις
300 2671 398 2725 οὖν
455 2671 557 2740 τὴν
602 2667 764 2725 πόλιν
815 2668 1135 2746 κατείληφε,
1169 2669 1254 2723 καὶ
1298 2666 1514 2738 πλῆθος
1568 2691 1832 2748 χειρωνα-

1959 2673 2325 2730 1ἱὴὶιοωὶηυε
2348 2675 2939 2748 conﬂuensmagnum
2960 2676 3241 2749 templum
3267 2678 3589 2748 bipennife-

181 2760 373 2816 κτικὸν
406 2759 506 2815 οὐκ
535 2758 721 2835 ὀλίγον
756 2758 808 2821 ἐς
838 2759 900 2813 τὸ
930 2759 1265 2833 πραιτώριον
1324 2756 1585 2833 συλλεγὲν
1637 2761 1835 2834 θηρεύ-

1959 2763 1986 2816 -ἰ
2006 2763 2255 2833 praesidii
2270 2780 2437 2819 causa
2450 2780 2516 2820 eo
2536 2764 2831 2836 missijam
2857 2771 3225 2837 occuparant,
3242 2784 3357 2823 non
3373 2766 3580 2839 digres-

184 2870 298 2904 σειν
356 2842 692 2904 ἐπεϐάλλετο
751 2847 841 2902 τὸν
900 2847 1115 2922 Λαγών.
1155 2847 1216 2903 Ὁ
1264 2843 1322 2902 δὲ
1380 2848 1514 2922 ὑπὲρ
1557 2845 1833 2903 δασύποδα

1959 2852 1987 2908 si
2008 2870 2040 2907 a
2063 2854 2325 2924 praetorio
2347 2854 2534 2909 verbis
2560 2853 2852 2910 indecoris
2886 2854 3291 2927 imperatorem
3320 2855 3586 2912 insectati

183 2938 446 3009 συντονίᾳ
497 2934 706 3013 δρόμου
749 2936 1097 3015 χρησάμενος
1154 2936 1351 2992 ἐκεῖθεν
1421 2938 1728 3014 ἠφάνισται.
1770 2939 1830 2995 Ὀ

1959 2944 2096 2995 sunt.
2135 2941 2243 3005 Qui
2275 2941 2616 3013 Chrysopoli
2650 2946 2775 2997 tum
2806 2959 2985 3014 agens
3016 2947 3234 3016 partem
3267 2943 3583 2999 satellitum

188 3026 374 3101 μέντοι
442 3026 583 3089 λεὼς
644 3027 737 3081 καὶ
794 3024 968 3088 οὕτως
1029 3026 1436 3102 ἐπισυρῥέοντες
1486 3025 1688 3101 ὥρμων
1743 3028 1833 3082 τὸν

1959 3031 2007 3085 id
2044 3029 2372 3101 pratorium
2406 3032 2809 3102 occupandum
2843 3032 3060 3098 mittit;
3083 3034 3400 3104 eodemque
3430 3033 3584 3088 696

186 3119 357 3194 μέγαν
417 3115 636 3172 εἰσιέναι
694 3116 829 3171 νεὼν
888 3116 982 3171 καὶ
1043 3115 1272 3190 βασιλέα
1328 3113 1511 3191 ἕτερον
1570 3118 1827 3172 ἀνειπεῖνο

1959 3120 2244 3174 )rchectus
2275 3119 2437 3174 urbis
2485 3120 2905 3177 Constantinus
2937 3121 3242 3178 Tornicius
3274 3124 3451 3178 venit.
3500 3121 3583 3176 Ad

180 3204 740 3282 προκαταληφθέντος
799 3203 858 3261 δέ
911 3209 1009 3260 τοῦ
1072 3204 1328 3278 τεμένους
1388 3206 1532 3281 παρά
1587 3210 1697 3261 τῶν
1750 3204 1829 3267 εἲς
1862 3259 1899 3283 n

1959 3209 2106 3278 :ujus
2152 3209 2341 3264 solum
2386 3213 2767 3281 conspectum
2818 3210 3106 3281 exsperati
3138 3209 3428 3283 lapidibus
3477 3210 3588 3266 bo-

182 3297 354 3352 αύτοῦ
386 3295 623 3373 φρουρὰν
656 3293 1081 3368 ἀπεσταλμένων
1131 3292 1544 3372 πελεκοφόρων,
1598 3296 1673 3369 μὴ
1732 3316 1826 3369 με·
1859 3292 1900 3325 υ

1959 3299 2160 3352 niuem
2194 3301 2418 3369 petunt,
2450 3303 2507 3354 et
2537 3298 2816 3356 satellites
2848 3299 3193 3371 proﬂigant;
3224 3303 3303 3356 'et
3334 3298 3588 3372 pratorii

189 3385 507 3459 θιστάμενοι
572 3388 670 3439 τοῦ
759 3384 1098 3458 πραιτωρίου
1138 3385 1293 3448 ,κατά
1345 3388 1442 3439 τοῦ
1507 3388 1832 3454 κρατοῦντος

1959 3388 2161 3442 oribus
2208 3388 2464 3443 eflractis
2519 3394 2577 3444 et
2625 3389 2869 3461 captivis
2915 3390 3152 3446 emissis
3198 3389 3589 3447 Christianam

183 3473 505 3551 ἐρεσχελίας
572 3474 800 3554 ἠφίεσαν
849 3473 1132 3553 ἀπρεπεῖς.
1191 3475 1249 3530 Ὀ
1309 3470 1366 3528 δὲ
1407 3474 1482 3546 μὴ
1525 3472 1711 3549 παρὼν
1762 3478 1831 3548 τῇ

1960 3476 2094 3532 llius
2123 3476 2228 3533 loci
2268 3478 2451 3534 aedem
2484 3477 2760 3550 spoliant,
2808 3478 3228 3536 Saracenorum
3274 3495 3405 3535 vero
3451 3496 3593 3535 con-

180 3550 371 3632 πόλει,
412 3559 558 3616 ἀλλὰ
621 3550 746 3634 περί
811 3550 911 3630 τὴν
972 3558 1327 3635 Χρυσόπολιν
1385 3559 1831 3635 έναυλιζόμενος,

1959 3564 2301 3621 ιεοιξουιυιη
2335 3584 2367 3622 a
2399 3567 2795 3623 fundamentis
2827 3575 3110 3624 evertunt.
3135 3569 3267 3633 Qua)
3297 3584 3432 3624 cum
3467 3569 3593 3624 sine

180 3653 391 3727 πέμπει
417 3656 613 3727 μοῖραν
642 3652 750 3707 τῶν
796 3649 921 3725 περὶ
970 3651 1069 3719 τήν
1128 3648 1375 3728 φυλακὴν
1433 3650 1529 3705 τοῦ
1579 3652 1833 3724 σώματος

1959 3654 2056 3711 illa
2089 3656 2309 3712 ratione
2342 3657 2635 3727 fecissent,
2668 3657 2737 3712 ad
2771 3657 3073 3713 castellum
3108 3673 3231 3727 qua:
3260 3658 3468 3713 Cbalce
3499 3656 3592 3711 di-

181 3741 649 3815 καταληψομένην
681 3741 744 3797 τὸ
783 3742 1143 3816 πραιτώριον.
1189 3741 1363 3795 Ἵκετο
1417 3736 1465 3793 δ’
1522 3739 1694 3795 ἐκεῖσε
1742 3741 1834 3796 καὶ

1959 3746 2091 3800 :itur
2138 3748 2341 3802 eodem
2394 3747 2567 3801 modo
2615 3746 2864 3817 grassari
2912 3746 3250 3802 voluerunt.
3302 3746 3409 3801 Sed
3453 3761 3586 3801 cum

183 3834 210 3887 6
238 3838 342 3901 τῆς
399 3830 615 3892 πόλεως
660 3823 901 3906 ἔπαρχος
943 3833 1345 3890 Κωνσταντῖνος
1394 3830 1421 3884 6
1454 3829 1744 3905 Τορνίκης·
1797 3833 1832 3901 ἡ

1959 3833 2311 3905 ωρεινυῐοιεὶς
2342 3850 2517 3903 gsner
2546 3832 2778 3888 Alexius
2802 3832 3157 3905 Paiasologus
3185 3834 3499 3889 exercitum
3524 3832 3584 3888 in

182 3919 241 3976 δὲ
274 3920 493 3991 πληθὺς
522 3917 611 3975 καί
639 3920 776 3992 πρὸς
809 3918 982 3994 μόνην
1014 3921 1114 3989 τήν
1162 3918 1326 3974 αὐτοῦ
1371 3916 1489 3974 θέαν
1540 3918 1835 3995 ἐκτραχυν-

1959 3923 2141 3977 erem
2178 3923 2525 3988 reduxisset,
2561 3923 2755 3977 furore
2793 3921 3057 3977 nonnihil
3091 3938 3341 3991 represso
3374 3924 3583 3993 emptis

182 4010 364 4073 θέντες
422 4009 516 4065 τόν
576 4030 637 4064 τε
687 4003 927 4085 ἔπαρχον
969 4003 1287 4070 λαίϐολίαις
1348 4007 1692 4083 ἐκτρέπονται
1743 4010 1835 4065 καὶ

1959 4027 2073 4066 non
2108 4010 2276 4081 plane
2298 4010 2678 4066 destiterunt:
2739 4010 2836 4065 sed
2870 4010 3153 4080 principio
3174 4010 3346 4067 nudis
3386 4026 3586 4081 corpo-

182 4099 318 4161 τοὺς
381 4096 860 4176 σωματοφύλακας
916 4096 1357 4170 ἀποπέμπονται.
1420 4098 1570 4155 Ἐπεὶ
1627 4096 1685 4153 δὲ
1738 4099 1835 4161 τὰς

1959 4100 2126 4165 ribus,
2159 4099 2369 4155 deinde
2400 4099 2600 4169 paucis
2639 4098 2875 4153 armatis
2903 4099 3123 4168 ascitis,
3157 4115 3287 4155 cum
3338 4098 3589 4171 legioni~

176 4194 282 4247 τοῦ
326 4186 667 4263 πραιτωρίου
718 4187 1102 4262 ἀνατρέψαντες
1138 4184 1318 4249 πύλας
1365 4187 1537 4242 ἄνεσιν
1585 4192 1702 4249 τοῖς
1749 4182 1837 4242 ἕν-

1959 4207 2054 4246 )υε
2084 4191 2231 4244 ferro
2255 4189 2513 4259 undique
2542 4186 2903 4260 fulgentibus
2925 4190 3402 4259 congrediuntur,
3427 4188 3589 4244 nullo

181 4278 281 4336 δον
314 4274 551 4348 διδόασι,
612 4275 935 4332 σκυλεύουσί
994 4296 1053 4331 τε
1100 4276 1192 4330 τὸν
1236 4275 1407 4330 ἐκεῖσε
1455 4277 1837 4350 Χριστιανικὸν

1959 4296 2078 4334 :um
2130 4278 2317 4334 fructu
2374 4282 2431 4332 et
2460 4276 2644 4349 gloria
2696 4276 2980 4333 morituri.
3031 4280 3206 4334 Erant
3254 4277 3430 4334 etiam
3488 4277 3593 4349 qui

178 4367 435 4436 ναὸν,τὸ
484 4364 541 4422 δὲ
590 4370 698 4422 τῶν
757 4369 1089 4442 Σαρακηνῶν
1142 4365 1477 4441 συναγώγιον
1533 4364 1840 4421 ἀνασπῶσιν

1959 4368 2109 4424 Lectis
2131 4364 2706 4437 conscensistegulas
2736 4365 3063 4437 dijicerent.
3085 4365 3377 4437 etlapides
3408 4382 3596 4439 quan-

182 4459 249 4514 ἐκ
282 4459 502 4533 βάθρων
551 4457 754 4514 αὐτῶν.
797 4457 896 4510 Καὶ
941 4459 1110 4511 ταῦτα
1165 4454 1256 4510 σὺν
1316 4451 1495 4509 οὐδενὶ
1545 4450 1839 4530 διαπραξά-

1959 4467 2038 4514 tos
2069 4456 2194 4513 vola
2218 4457 2371 4526 capit
2392 4455 2813 4525 jacularentur.
2854 4455 2967 4514 Alii
2990 4455 3235 4528 sagittas
3266 4457 3325 4512 in
3348 4456 3600 4528 impera-

190 4567 353 4622 μενοι
384 4545 536 4622 λόγῳ
567 4543 875 4624 ἐφίστανται
904 4548 974 4619 τῇ
1016 4543 1225 4621 φρόυρᾷ
1271 4546 1340 4608 τῇ
1391 4541 1660 4618 λεγομένῃ
1696 4543 1840 4618 χαλ.

1959 4548 2160 4603 ;orium
2195 4544 2510 4603 exercitum
2544 4545 2918 4616 torquebant.
2962 4547 3037 4603 Ac
3069 4549 3191 4602 toto
3223 4560 3290 4601 eo
3332 4544 3426 4602 die
3455 4544 3602 4602 nihil

182 4642 287 4713 κῇ,
319 4635 535 4692 κάκεῖσε
572 4636 639 4692 τὰ
669 4637 840 4709 ὅμοια
885 4632 1192 4709 δράσοντες.
1255 4638 1520 4709 Στρατιᾶς
1574 4632 1621 4689 δ’
1678 4635 1838 4713 ἀφιγ-
1873 4629 1904 4693 Ῑ

1959 4638 2200 4694 remissa
2222 4634 2548 4704 iracundia,
2582 4636 2690 4691 sub
2720 4651 3011 4707 vesperam
3046 4635 3281 4692 demum
3312 4636 3600 4693 abierunt.

196 4700 368 4797 μένης
399 4700 716 4799 βασιλικῆς·
745 4724 860 4797 μεθ’
911 4700 1028 4784 ἐνὸς
1075 4726 1183 4776 τῶν
1232 4700 1343 4776 τοῦ·
1382 4719 1651 4795 βασιλέως

1959 4726 2241 4783 Postridie
2272 4740 2378 4781 nec
2408 4700 2928 4781 obmurmurarunt
2958 4726 3280 4796 quidquam
3315 4742 3420 4783 nec
3451 4742 3606 4799 pug-

191 4810 346 4890 6ρῶν
379 4815 467 4887 (ἦν
496 4811 542 4867 δ’
576 4812 734 4876 οὗτος
764 4813 792 4868 6
820 4809 1204 4886 Παλαιολόγος
1257 4808 1525 4883 Ἀλέξιος)
1558 4811 1847 4887 ἀνασειρά-

1959 4831 2093 4871 nam
2128 4816 2426 4871 iterarunt.

198 4908 383 4973 ζονται
415 4904 515 4968 τῆς
547 4903 847 4977 ὁρμῆς,ού
883 4902 989 4976 μὴν
1041 4900 1359 4978 ἀφίστανται
1411 4899 1621 4971 τέλεον,
1677 4899 1822 4957 ἀλλά
1879 4904 2094 4977 σώμασι
2151 4907 2405 4978 γυμνοῖς,
2467 4903 2582 4958 εἶτα
2639 4901 2727 4957 καὶ
2780 4902 3009 4979 βραχεῖς
3064 4904 3190 4964 τοὺς
3244 4905 3360 4977 μεθ’
3417 4902 3605 4959 ὅπλων

194 4991 596 5070 ἐφισταμένους
656 4988 878 5066 ἔχοντες
931 4990 1087 5051 ὅλαις
1143 4988 1539 5068 καταφράκτοις
1607 4986 2015 5063 συμπλέκονται
2078 4997 2377 5067 στρατιαῖς,
2449 4991 2589 5065 πρὸς
2665 4987 2818 5045 οὐδὲν
2887 4989 3144 5064 ἀνύσιμον
3193 4988 3229 5059 ἤ
3288 4992 3610 5061 παρεκτικὸν

195 5082 361 5157 ἔργον
408 5078 654 5142 εὐκλείας
709 5079 963 5149 τελευτᾷν
1015 5075 1295 5149 ἑλόμενοι.
1344 5082 1514 5132 Ἦσαν
1564 5075 1611 5132 δ’
1661 5076 1713 5132 οῖ
1768 5079 1858 5134 καὶ
1914 5084 2020 5134 τῶν
2080 5084 2250 5156 τεγῶν
2321 5079 2747 5156 ὑπερφερόμενοι
2815 5078 3085 5153 κεράμους
3147 5077 3461 5155 κατέφερον,
3518 5078 3609 5133 καὶ

196 5170 390 5233 λίθους
422 5166 557 5225 ἔνιοι
607 5166 1001 5245 χειροπληθεῖς
1061 5166 1457 5240 ἐπιπέμποντες
1520 5167 1609 5221 καὶ
1669 5167 2003 5233 ὸῖστεύοντες
2057 5168 2234 5243 ’ἑτεροι
2272 5172 2340 5242 τῇ
2397 5167 2662 5243 βασιλείῳ
2714 5166 3085 5241 ἀντεμάχοντο
3135 5165 3389 5244 φάλαγγι.
3437 5165 3611 5237 Ὅλην

194 5261 293 5317 οὗν
326 5263 426 5324 τῆς
456 5259 667 5334 ἡμέρας
696 5257 905 5329 ἐκείνης
941 5253 1108 5330 μηδέν
1158 5277 1210 5310 τι
1258 5255 1663 5331 παραλύσαντες
1710 5264 1810 5326 τῆς
1856 5259 2029 5333 ὀργῆς
2082 5257 2442 5327 ὓπενόστησαν
2489 5258 2624 5331 πρὸς
2672 5254 2916 5329 ἑσπέραν.
2961 5257 3043 5329 Τῇ
3094 5253 3141 5310 δ’
3192 5255 3439 5330 ὑστεραίᾳ
3487 5253 3611 5312 οὔτε

192 5374 247 5408 τι
280 5343 635 5424 ἐόαττάρισαν
669 5348 839 5420 ὅλως,
880 5346 1004 5402 οὔτε
1032 5347 1168 5422 πρὸς
1198 5346 1382 5423 ἀγῶνα
1413 5343 1747 5421 συνέδραμον
1781 5343 2052 5421 δεύτερον.

1948 1528 2118 1568 rosus
2166 1513 2315 1570 male
2362 1515 2705 1582 collocabat,
2751 1516 2907 1574 ﬁdeli
2961 1519 3226 1575 ministro
3278 1518 3590 1586 simulato,

1947 1616 2080 1656 cum
2125 1603 2399 1659 omnibus
2431 1606 2487 1660 in
2535 1605 2709 1661 rebus
2739 1612 2853 1662 Deo
2900 1607 3159 1679 perfidus
3206 1613 3385 1666 esset.
3433 1610 3594 1665 Hunc

1859 3259 1900 3325 C

2036 5491 2185 5546 897
2240 5491 2294 5546 6.
2343 5489 2459 5543 Hoc
2499 5502 2727 5559 quoque
2775 5488 2928 5544 malo
2976 5488 3194 5560 elapso,
3249 5491 3487 5563 quidam
3542 5507 3613 5548 ex

1968 5579 2289 5638 Comnenia
2339 5577 2556 5633 familia
2615 5581 2813 5633 contra
2862 5579 3274 5651 imperatorem
3334 5580 3612 5653 insurgit,

1970 5670 2208 5727 nomine
2236 5668 2535 5734 Joannes;
2566 5665 2819 5736 quicum
2856 5666 3029 5724 homo
3062 5675 3359 5728 ventrosus
3388 5678 3443 5727 et
3474 5670 3614 5726 dolii

274 5495 344 5564 ζ’.
394 5492 573 5551 Ἀλλὰ
626 5493 714 5549 καὶ
771 5487 932 5547 τοῦδε
986 5493 1083 5544 τοῦ
1136 5492 1305 5544 κακοῦ
1355 5486 1744 5562 παρελθόντος,
1795 5487 1856 5544 ἐκ

178 5572 300 5643 Ϋτοῦ
334 5587 443 5639 τῶν
479 5584 779 5657 Κομνηνῶν
813 5602 895 5645 τις
936 5581 1124 5657 γένους
1166 5583 1248 5651 τῷ
1301 5576 1520 5652 βασιλεῖ
1568 5576 1856 5635 ἐπανίστα-

196 5693 313 5746 ται,
346 5672 603 5741 Ἰωάννης
640 5669 898 5744 τοῦνομα·
958 5667 1284 5746 προκοίλιος
1331 5666 1377 5722 δ’
1431 5664 1504 5722 ὣν
1546 5667 1636 5723 καὶ
1683 5669 1857 5723 πιθώ-

523 5804 791 5866 PATROL.
840 5803 949 5863 GR.
997 5802 1320 5865 CXXXIX.

3219 5801 3296 5861 29
