4072 6218
530 311 648 374 907

1827 269 2172 361 ’ΝΙΟΕΊῈ
2214 297 2635 360 CllONlAT/E

3845 295 3966 358 908

525 441 738 498 similis
761 441 937 510 esset,
962 435 1150 494 Crassi
1170 436 1624 508 cognomentum
1647 431 1878 488 tulerat.
1899 431 1952 485 Is
1977 429 2170 484 subito

2287 424 2384 498 δης
2413 429 2511 498 τὴν
2545 426 2744 484 πλάσιν
2775 449 2871 484 του
2913 428 3170 502 σώματος
3222 426 3318 484 τὸν
3374 425 3558 503 παχὺν
3613 427 3696 489 εἷς
3739 424 3966 482 ἐπώνυ-

525 535 587 590 in
619 531 941 588 maximum
971 527 1258 599 templum
1301 523 1604 596 confugit;
1657 526 1714 578 et
1744 521 1962 578 corolla
2005 537 2072 576 ex
2103 519 2176 575 iis

528 639 655 694 quin
687 621 906 676 circum
941 632 1168 673 sacram
1199 630 1460 671 mensam
1495 611 1753 685 pendent
1777 609 1953 682 capiti
1984 609 2177 682 impo-

527 715 659 776 sita,
706 723 904 764 rursus
934 705 1255 779 egreditur,
1288 709 1345 760 et
1369 722 1402 760 a
1433 701 1756 774 conjuratis
1788 700 1908 773 (qui
1939 696 2178 771 plurimi

527 802 712 866 erant,
765 801 824 853 et
881 794 1146 868 plerique
1194 792 1497 849 nobilitate
1527 789 1809 862 insignes)
1858 792 1914 845 et
1954 802 2177 859 magnae

529 889 714 945 turbae
761 900 1040 942 concursu
1101 883 1269 940 facile
1298 882 1356 938 in
1406 881 1678 953 Magnum
1712 877 1995 935 Palatium
2047 893 2178 950 per-

529 981 744 1036 ductus
776 978 836 1034 in
867 979 1068 1034 aurato
1099 974 1244 1030 solio
1275 971 1560 1040 consedit,
1593 974 1652 1026 et
1679 969 2030 1042 quibusdam
2063 983 2182 1022 ma-

531 1069 688 1126 xima
705 1067 894 1124 ofﬁcia
921 1063 1261 1128 committit,
1293 1061 1522 1117 interim
1556 1059 1728 1132 vulgo
1757 1063 1816 1114 et
1845 1063 2001 1129 parte
2032 1056 2180 1113 sedi-

527 1159 812 1215 tiosorum
835 1169 932 1227 per
962 1153 1106 1220 fora,
1131 1151 1289 1208 vicos
1319 1155 1377 1207 et
1402 1150 1594 1206 littora
1615 1164 1746 1204 eum
1779 1152 2178 1203 Romanorum

525 1246 936 1318 imperatorem
985 1241 1382 1314 proclamante
1424 1244 1480 1296 et
1530 1237 1870 1310 magniﬁcas
1901 1235 2057 1290 aedes
2088 1232 2177 1289 di-

526 1339 746 1392 ruente.
780 1333 959 1390 Nocte
1009 1333 1264 1388 instante
1292 1332 1548 1386 Joannes
1597 1343 1702 1383 nec
1737 1325 1932 1398 palatii
1984 1327 2180 1380 custo-

531 1425 690 1481 diam
723 1423 965 1489 curavit,
1001 1425 1067 1476 ut
1097 1419 1376 1493 oportuit,
1423 1433 1526 1474 nec
1557 1432 1788 1472 eversas
1820 1415 1970 1470 fores
2015 1412 2179 1468 resti-

529 1513 648 1570 tuit
671 1529 686 1568 :
711 1512 810 1568 sed
839 1509 998 1567 velut
1022 1506 1372 1564 adversariis
1403 1504 1676 1561 omnibus
1695 1501 1950 1560 sublatis
1970 1501 2030 1556 in
2053 1505 2180 1556 tuto

532 1602 868 1670 collocatus,
900 1604 1177 1670 tanquam
1227 1595 1470 1667 delphin
1501 1593 1786 1650 anhelans
1833 1599 1888 1648 et
1917 1591 1990 1647 ob
2019 1589 2178 1646 sitim

532 1686 1112 1745 vehementissimam
1127 1687 1280 1740 totas
1302 1681 1616 1755 amphoras
1631 1697 1794 1753 aquae
1808 1677 2177 1740 exhauriens,

535 1777 808 1834 sudorem
843 1773 947 1830 rivi
977 1773 1167 1829 instar
1197 1787 1265 1827 ex
1293 1776 1458 1827 vasto
1506 1785 1744 1842 corpore
1773 1769 2180 1824 decurrentem

539 1871 597 1924 et
652 1865 978 1921 fumantem
1041 1860 1427 1933 abstergebat.
1477 1860 1614 1931 Ejus
1661 1874 1792 1915 vero
1841 1855 2060 1912 milites
2111 1853 2182 1910 ad

539 1952 757 2008 circum
814 1952 1138 2022 equestrem
1209 1953 1424 2004 temere
1481 1943 1956 2002 deambulabant.
2034 1945 2184 1998 Nam

2217 1816 2264 1882 B

2288 537 2390 590 μον
2425 515 2674 593 εἴληχεν.
2707 518 2877 581 Οὗτος
2916 517 3096 574 τοίνυν
3151 521 3232 590 τῷ
3288 517 3526 594 μεγίστῳ
3572 515 3688 588 νεῷ
3741 515 3963 586 ἐξάπινα

2288 606 2539 682 εἰσρυεὶς,
2569 606 2660 662 καὶ
2690 613 2800 664 τῶν
2845 607 3206 685 στεφανίσκων
3271 603 3364 662 ἓνα
3409 610 3479 681 τῇ
3521 603 3757 684 κεφαλῇ
3804 626 3964 677 περι-

2286 695 2396 760 θεὶς
2429 693 2484 751 οτί
2516 698 2614 766 τὴν
2647 697 2794 774 ἱερὰν
2851 697 3412 774 ἀμφιπεριῃώρηνται
3457 696 3772 772 τράπεζαν,
3834 691 3964 766 ἔξει·

2287 806 2368 840 σιν
2445 783 2666 842 ἐκεῖθεν·
2745 787 2838 842 καὶ
2911 785 3290 866 προσληφθεὶς
3365 785 3472 842 ὑπὸ
3542 789 3662 840 τῶν
3740 787 3962 858 ὁμοτῶν

2287 872 2558 948 (πλεῖστοι
2592 872 2649 930 δὲ
2677 875 2814 944 ἦσαν
2881 873 3060 942 οὗτοι,
3108 875 3201 931 καὶ
3247 872 3443 950 σχεδὸν
3504 879 3609 930 τοῦ
3679 873 3966 947 ἐπισήμου

2285 966 2476 1026 πάντες
2507 962 2793 1039 α’ίματος),
2827 961 3250 1040 συνδραμόντων
3286 963 3376 1018 καὶ
3429 959 3626 1040 ὄχλων
3684 963 3797 1018 οὐκ
3845 963 3963 1019 ὀλί-

2286 1073 2398 1128 γων
2431 1055 2566 1129 πρὸς
2596 1056 2695 1122 τὴν
2727 1056 2922 1132 φήμην
2948 1059 3056 1110 τῶν
3098 1056 3185 1127 [Ρ.
3233 1055 3358 1129 340]
3405 1053 3851 1130 πραττομένων,
3903 1055 3963 1108 τὸ

2291 1143 2427 1218 μέγα
2447 1142 2715 1200 παλάτιον
2757 1145 2976 1200 εἲσεισιν
3031 1143 3310 1219 εὐμαρῶς,
3355 1145 3445 1199 καὶ
3495 1143 3670 1206 αὐτὸς
3725 1144 3830 1216 μὲν
3881 1143 3964 1199 ἐπὶ

2289 1231 2484 1306 θρόνου
2548 1230 2852 1308 διαχρύσου
2901 1233 3123 1295 καθίσας
3175 1233 3330 1294 τινὰς
3368 1231 3459 1288 ἐπὶ
3503 1237 3621 1289 τῶν
3683 1235 3964 1308 μεγίστων

2288 1320 2555 1398 όφφικίων
2605 1317 3010 1398 προϐάλλεται,
3041 1323 3069 1378 ὁ
3098 1319 3144 1376 δ’
3199 1317 3376 1398 ὄχλος
3426 1321 3515 1378 καὶ
3567 1326 3676 1377 τοῦ
3729 1343 3967 1376 cmm-

2289 1410 2512 1472 στάντος
2544 1420 2744 1488 μὲρους
2769 1411 2935 1482 τινες,
2983 1410 3079 1473 τὰς
3136 1411 3334 1486 ἀγορὰς
3381 1412 3470 1466 καὶ
3517 1411 3738 1488 ἀγυιὰς
3788 1408 3967 1466 διιόν-

2286 1520 2372 1562 τες
2417 1500 2631 1564 καὶτὰς
2697 1501 2885 1571 ἠϊόνας
2935 1496 3469 1574 καταλαμϐάνοντες,
3523 1501 3785 1577 βασιλέα
3833 1503 3969 1558 Ῥω-

2293 1588 2464 1664 μαίων
2504 1589 2668 1645 αὐτὸν
2726 1591 3054 1666 ἀνηγόρευον
3109 1587 3204 1644 καί
3249 1589 3453 1650 οἰκείας
3509 1590 3822 1646 κατέσπων
3873 1611 3970 1645 πε-

2290 1684 2550 1758 ριφανεῖς.
2583 1679 2796 1741 Νυκτὸς
2827 1675 2874 1732 δ’
2909 1678 3171 1749 ἐπιούσης
3227 1678 3351 1734 οὕτε
3397 1686 3502 1749 τῆς
3557 1683 3852 1758 φρουρᾶς,
3901 1680 3972 1743 ὡς

2293 1761 2423 1838 ἔδει,
2451 1771 2559 1823 τῶν
2611 1768 2853 1844 ἀρχείων
2913 1770 2942 1824 ὁ
2997 1769 3250 1838 Ἰωάννης
3315 1767 3633 1843 ἑφρόντ.σεν
3699 1766 3836 1825 οὔτε
3881 1770 3972 1831 τὰς

2295 1855 2688 1932 ἀνατραπείσας
2715 1857 2892 1920 πύλας
2919 1854 3227 1930 ἀνέστησενο
3257 1855 3385 1914 ἀλλ’
3421 1858 3500 1920 ὡς
3554 1855 3611 1912 ἐν
3662 1862 3756 1930 τῷ
3799 1859 3976 1938 ἀσφα-

2292 1943 2382 2001 λεέἱ
2407 1945 2802 2020 καθιστάμενος
2833 1947 2920 2002 καὶ
2959 1945 3166 2021 μηδένα
3196 1945 3339 2022 ἔχων
3387 1943 3501 2016 ἤδη
3554 1947 3654 2002 τὸν
3711 1947 3974 2002 ἀνθιστά-

537 2042 706 2114 plebs
737 2043 871 2112 post
901 2038 1045 2094 solis
1072 2053 1345 2094 occasum
1377 2039 1443 2091 ut
1491 2051 1630 2107 grex
1657 2034 1847 2090 avium
1881 2031 2183 2105 dissipata,

536 2129 689 2188 098
737 2133 800 2185 ut
830 2143 1035 2184 aurora
1082 2126 1326 2182 celerius
1375 2127 1619 2181 oriretur
1666 2123 1922 2195 optabat,
1954 2137 2071 2193 quo
2099 2121 2185 2178 lo-

535 2219 833 2292 cupletum
865 2217 1017 2273 edes
1047 2215 1344 2288 diriperet.
1379 2215 1692 2286 Imperator
1721 2228 1854 2268 vero
1889 2215 2183 2282 cognatos,

538 2315 598 2368 et
627 2307 908 2381 quidquid
935 2305 1337 2362 bellicosorum
1355 2303 1661 2359 hominum
1685 2316 1884 2358 secum
1909 2301 2184 2367 habebat,

541 2399 724 2467 misit,
758 2400 822 2452 ut
851 2395 911 2452 in
957 2394 1214 2452 tenebris
1254 2398 1536 2450 Joannem
1590 2391 2006 2464 opprimerent.
2040 2389 2186 2446 Nam

543 2489 594 2545 si
627 2487 949 2552 diluxisset,
971 2485 1252 2540 urbanam
1283 2483 1510 2538 turbam
1537 2497 1652 2537 non
1685 2497 1811 2538 esse
1828 2479 2185 2552 quieturam,

547 2575 647 2634 sed
677 2573 849 2646 longe
889 2573 1083 2648 plures
1112 2578 1170 2630 et
1217 2572 1664 2644 importuniores
1703 2585 2090 2627 concursuros
2117 2569 2187 2626 ad

549 2668 866 2738 tyrannum
895 2663 1277 2735 adjutandum
1325 2667 1384 2719 et
1412 2661 1864 2718 defendendum.
1897 2663 2079 2727 Quare
2125 2657 2188 2715 hi

543 2753 830 2812 naviculis
877 2754 950 2808 ad
1011 2753 1326 2823 llodegium
1389 2751 1806 2808 monasterium
1867 2749 2183 2820 trajiciunt,

539 2850 718 2918 atque
739 2842 874 2900 inde
893 2857 1024 2898 cum
1045 2841 1424 2914 hipenniferis
1448 2839 1817 2913 imperatoris
1839 2839 2188 2897 satellitibus

539 2953 603 2993 se
660 2935 1027 3006 conjungunt
1072 2932 1286 3004 (neque
1343 2932 1498 2986 enim
1561 2930 1799 2986 armatis
1844 2947 1944 3002 per
1993 2930 2185 2986 forum

539 3023 793 3082 transire
822 3020 1148 3094 licebat),et
1178 3021 1332 3076 circa
1362 3021 1651 3076 theatrum
1687 3019 1998 3076 factionem
2012 3019 2186 3076 Joan-

2297 2055 2482 2108 μενον,
2513 2038 2650 2092 κατά
2679 2033 2939 2114 δελφῖνας
2990 2035 3273 2116 ἀναφυυῶν
3325 2036 3416 2090 καὶ
3466 2032 3672 2099 ὕδατος
3732 2035 3850 2091 ὅλα
3893 2057 3978 2090 u-

2297 2125 2468 2200 ράμια
2497 2125 2746 2194 ἐκκενῶν,
2779 2122 2927 2200 δίψει
2966 2124 3176 2201 ἀμάχῳ
3224 2123 3494 2200 ἐχόμενος
3545 2125 3642 2180 οἶα
3687 2121 3976 2201 κρεωόμ-

2295 2215 2418 2284 θὴς,
2467 2213 2648 2290 ἀπὲψα
2706 2216 2834 2278 τοὺς
2891 2211 3128 2290 ἲδρῶτας
3175 2211 3480 2290 κρουνηδὸν
3541 2215 3976 2284 ἀποστάζοντας

2298 2569 2610 2644 διέστησαν,
2640 2572 2836 2647 τάχιον
2866 2569 3185 2647 διαγελάσαι
3218 2573 3316 2640 τήν
3353 2569 3428 2627 ’έω
3471 2571 3856 2647 γλιχόμενοι,
3905 2575 3976 2636 ὡς

2297 2661 2449 2726 αὗθις
2507 2657 2900 2736 συνδραμόντες
2956 2666 3076 2724 τοῖς
3136 2660 3499 2738 ὑπερηφάνοις
3557 2661 3974 2718 ἔπεια-πέσωσιν

2331 2750 2356 2774 ν
2574 2753 2588 2771 ε
2669 2753 2681 2774 ι
3386 2751 3396 2767 ι
3823 2756 3836 2771 ιι
3937 2752 3977 2780 κ,

2298 2773 2472 2815 omet;
2501 2773 2590 2807 και
2619 2773 2687 2809 τα
2726 2773 2914 2829 σφισιν
2966 2751 3151 2808 ἐνόντα
3198 2749 3534 2827 διαρπασωσι
3588 2753 3887 2815 Bas-altu;
3933 2769 3960 2809 ο

2295 2841 2496 2896 ὁπόσον
2527 2843 2775 2918 συγγενὲς
2823 2840 3176 2916 συναθροίσας
3216 2840 3304 2896 καὶ
3349 2842 3410 2896 τὸ
3456 2842 3586 2916 περὶ
3638 2841 3822 2898 αὺτὸν
3871 2843 3973 2898 οὐκ

2296 2929 2575 3005 ἀπόλεμον
2631 2931 2835 3005 πέμπει
2891 2931 3160 3010 κνεφαίως
3219 2929 3491 2995 ἐπιθέσθαι
3549 2936 3634 3003 τῷ
3711 2933 3968 3007 Ἰωάννῃ·

2294 3017 2418 3074 οὐδὲ
2449 3019 2553 3094 γὰρ
2585 3018 2644 3074 ἄν
2687 3018 2897 3094 ἡμέρας
2941 3015 3311 3096 διαφαόσάσης
3354 3017 3597 3096 ἡσυχίαν
3649 3021 3970 3096 ἀγαπήσειν

2294 2301 2385 2357 καὶ
2426 2285 2626 2377 θερμόν
2659 2285 3090 2376 ἀπατμίζοντας.
3119 2285 3294 2360 Τὸγδὶ
3340 2304 3468 2378 περὶ
3511 2303 3675 2359 αὐτὸν
3725 2303 3976 2359 61:15::-

2295 2393 2390 2448 κὸν
2417 2394 2521 2462 τὴν
2551 2390 2925 2468 ἱπποδρομίαν
2979 2394 3190 2469 περιιὸν
3233 2390 3371 2462 ἤλυε
3414 2392 3725 2464 τηνάλλως
3769 2393 3974 2450 ἐκεῖσε
4070 2401 4072 2469 ξ

2297 2483 2349 2538 οἱ
2379 2482 2484 2558 γὰρ
2536 2479 2706 2561 ὄχλοι
2761 2480 3019 2546 δόναντος
3076 2480 3243 2552 ἡλίου
3291 2483 3409 2538 κατ’
3467 2482 3680 2557 ἀγέλας
3739 2485 3976 2557 ὀρνίθων

531 3113 626 3169 nis
675 3111 865 3168 subito
897 3110 1086 3166 adorti
1136 3115 1292 3166 sunt.
1335 3109 1457 3174 Qua
1505 3107 1670 3165 facile
1700 3109 2030 3182 proﬂigata,
2081 3125 2172 3181 per

2292 3108 2384 3163 τὸν
2415 3114 2515 3178 τῆς
2570 3105 2790 3170 πόλεως
2849 3103 3069 3182 ὅμιλον,
3128 3107 3276 3164 ἀλλὰ
3325 3107 3552 3164 πλείονα
3613 3108 3845 3183 πολλῷ
3885 3113 3971 3166 καί
4070 3103 4072 3158 Ι

531 3217 832 3258 summum
882 3200 1067 3256 otium
1117 3201 1187 3255 ad
1239 3199 1430 3270 ipsum
1480 3199 1768 3255 Joannem
1820 3199 2172 3270 irrumpunt,

2293 3195 2650 3254 δυσκάθεκτον
2713 3196 2840 3271 περῖ
2894 3197 2987 3253 τὸν
3044 3197 3304 3274 τύραννον
3361 3197 3640 3262 συνελθεῖν
3711 3201 3970 3274 ὀρθριαίο

527 3305 782 3361 eumque
801 3292 1082 3360 tanquam
1113 3287 1391 3360 pecudem
1417 3286 1556 3342 totis
1585 3286 1921 3358 corporibus
1947 3285 2172 3342 connixi

2291 3307 2468 3363 τερον,
2502 3283 2928 3360 συλληψόμενον
2960 3283 3149 3360 ἐκείνῳ
3183 3291 3278 3341 τοῦ
3329 3285 3492 3362 ἔργου
3540 3287 3636 3342 καὶ
3693 3295 3964 3363 πολυμε-

525 3380 778 3446 caedunt,
810 3381 868 3433 et
913 3381 1090 3450 caput
1135 3378 1263 3448 ejus
1314 3376 1654 3449 imperatori
1697 3376 1970 3432 olI'erunt.
2004 3376 2064 3431 Id
2115 3376 2172 3431 in

2293 3381 2404 3450 ρῶς
2459 3373 2647 3437 αὐτοῖς
2705 3374 3250 3450 ἀντιμαχησόμενον.
3299 3376 3362 3430 Οἱ
3413 3376 3510 3448 μὶν
3563 3377 3661 3432 οὖν
3743 3377 3962 3434 πλοίων

529 3467 748 3524 fornice
803 3465 912 3523 fori
967 3482 1068 3538 pro
1117 3465 1354 3537 publico
1403 3465 1733 3536 spectaculo
1789 3469 1878 3520 est
1929 3480 2172 3536 suspen-

2284 3461 2573 3538 ἐπέϐησαν,
2603 3465 2696 3520 καὶ
2725 3468 2796 3540 τῇ
2851 3465 2989 3540 ἀκτῇ
3044 3465 3412 3542 προσίσχουσι
3457 3471 3562 3536 τῆς
3609 3475 3804 3539 μονῆς
3851 3474 3957 3524 τῶν

2282 3553 2558 3630 Ὁδηγῶν,
2605 3554 2850 3610 κάκεῖθεν
2901 3559 3020 3616 τοῖς
3075 3553 3472 3634 πελεκοφόροις
3531 3558 3958 3631 συμμξ-ίνυντσι

2281 3644 2378 3700 τοῦ
2413 3641 2685 3720 βασιλέως
2727 3643 3108 3706 ὑπασπισταῖς
3141 3641 3418 3720 οὐδὲνγὰρ
3468 3646 3533 3713 ἦν
3584 3643 3958 3724 ὁπλοφόρους

2281 3729 2370 3787 διὰ
2405 3730 2574 3807 μέσης
2619 3738 2721 3802 τῆς
2771 3729 2988 3795 πόλεως
3033 3729 3345 3808 παρελθεῖν.
3389 3732 3491 3791 Καὶ
3542 3734 3650 3806 μὴν
3717 3734 3956 3805 ἐξαπινα

2279 3820 2628 3899 συρραγέντες
2694 3826 2814 3884 τοῖς
2870 3821 2994 3897 περὶ
3048 3821 3112 3877 τὸ
3169 3818 3394 3898 θέατρον
3454 3822 3782 3886 στασιώταις
3851 3830 3956 3880 τοῦ

2278 3911 2526 3967 Ἰωάννου
2557 3909 2752 3974 αὐτοὺς
2809 3929 2869 3966 τε
2918 3908 3121 3984 ῥᾳδίως
3172 3907 3597 3981 διασκεδάζουσι,
3639 3912 3750 3966 καὶ
3805 3915 3954 3968 mi

2277 4000 2553 4074 ῥᾳστώνην
2590 4005 2764 4055 πᾶσαν
2794 4003 2872 4073 τῷ
2903 4001 3132 4076 Ἰωάννῃ
3160 3996 3598 4076 προσϐάλλουσι,
3651 4003 3949 4059 κτείνουσί

519 4095 683 4146 tanto
715 4105 987 4147 successu
1021 4105 1154 4145 cum
1189 4087 1496 4144 insolentia
1517 4087 1844 4144 laetabatur.
1878 4087 2166 4144 Cadavere

2284 4110 2332 4144 re
2406 4090 2481 4150 ὡς
2560 4088 2780 4166 βόκημα
2853 4089 3185 4163 πανσώμους
3255 4090 3601 4166 ὶπενεγκότες
3678 4090 3946 4169 πληγεὶς,

513 4179 649 4236 inde
705 4177 933 4236 sublato
987 4183 1044 4234 et
1091 4177 1331 4233 canibus
1389 4193 1454 4232 ac
1497 4175 1830 4233 volucribus
1889 4179 2164 4248 projecto,

2284 4177 2363 4233 καὶ
2391 4179 2490 4248 τήν
2523 4175 2766 4254 κεφαλὴν
2795 4175 3122 4258 ἀφελόμενοι
3160 4183 3240 4252 τῷ
3299 4178 3517 4255 βασιλεῖ
3563 4184 3944 4257 προσάγουσι.

511 4270 666 4342 quod
698 4269 973 4326 omnibus
1003 4269 1118 4324 fere
1141 4269 1398 4323 immane
1430 4272 1486 4323 et
1507 4266 1903 4322 inhumanum
1939 4266 2166 4324 facinus

2284 4267 2377 4324 Καὶ
2407 4268 2442 4338 ἡ
2481 4267 2573 4340 μὲν
2603 4271 2672 4342 τῇ
2721 4267 2856 4323 κατᾶ
2911 4269 3012 4338 τὴν
3074 4267 3270 4344 ἀγορὰν
3331 4265 3488 4343 ἁψῖδι
3539 4273 3946 4345 μετεωρίζεται

507 4359 702 4416 visum
736 4363 846 4428 est,
879 4357 1164 4437 conjurati
1194 4359 1323 4429 ejus
1354 4357 1765 4430 comprehensi
1798 4365 1854 4412 et
1882 4357 2161 4430 quaestio-

2284 4357 2409 4432 πρὸς
2440 4355 2559 4412 θὲον
2604 4353 2921 4431 πάνδημον,
2953 4351 3033 4412 ἔτι
3085 4361 3185 4413 τοῦ
3226 4358 3461 4430 αἳματος
3509 4353 3946 4431 ἆποϐλῦζουσα,

506 4449 679 4504 nibus
709 4447 982 4517 adhibiti,
1017 4451 1077 4504 ut
1105 4447 1370 4503 conscios
1400 4446 1797 4514 nominarent,
1833 4445 1891 4502 in
1925 4445 2160 4503 vincula

2284 4446 2531 4522 τεσηρυῖά
2555 4466 2613 4502 τε
2662 4442 2837 4501 δεινὸν
2879 4445 2973 4500 καὶ
3029 4452 3304 4522 μεμυκυῖα
3348 4446 3429 4504 τὼ
3479 4447 3794 4524 ὀφθαλμοῖν
3833 4453 3864 4506 ὁ
3892 4449 3948 4506 δὲ

503 4540 562 4593 et
591 4552 850 4593 carceres
880 4535 1293 4606 conjiciuntur.

2284 4535 2468 4598 λοιπὸς
2503 4535 2762 4607 Ἰωάννης
2794 4535 2976 4610 ἀρθεὶς
3005 4535 3092 4592 ἐπὶ
3125 4535 3322 4608 κλίνης
3351 4534 3574 4612 α’ίθριος
3608 4540 3942 4613 προτίθεται

499 4622 636 4678 κατᾶ
691 4624 788 4692 τὴν
853 4618 1234 4697 μεσημϐρινὴν
1293 4622 1473 4692 πύλην
1541 4626 1649 4678 τῶν
1708 4621 1759 4677 ἐν
1813 4621 2152 4699 Βλαχὲρναις
2210 4623 2471 4700 ἀρχείων.
2531 4623 2634 4681 Καὶ
2693 4623 2950 4699 βασιλεὺς
3025 4625 3122 4687 τὰς
3180 4625 3381 4690 ἀνωθεν
3449 4627 3626 4696 αὐτῆς
3679 4628 3943 4703 ἀρχικὲς

501 4709 708 4772 διαίτας
736 4711 916 4766 εἰσιὼν
947 4709 1128 4766 ἐθεᾶτο
1158 4711 1420 4782 κάτωθεν,
1475 4712 1618 4782 ὁμοῦ
1671 4711 1766 4786 μὲν
1797 4713 1892 4775 τὰς
1937 4713 2089 4787 δψέις
2137 4711 2322 4777 διδοὺς
2369 4717 2449 4787 τῷ
2505 4733 2760 4787 πτωματι
2828 4714 2961 4788 ὑπὲρ
2993 4715 3123 4790 βοῦν
3182 4710 3482 4788 διῳδηκότι
3535 4713 3936 4790 μεγαλόπλευ-

503 4820 623 4876 ρον,
655 4801 797 4872 ὁμοῦ
829 4797 886 4855 δὲ
927 4797 1286 4876 διαχεόμενος
1343 4805 1422 4872 τῷ
1473 4801 1700 4875 ῥεύματι
1756 4801 1847 4856 καὶ
1904 4801 2473 4878 καταλαζονευόμενος
2520 4803 2583 4858 τὸ
2637 4814 2990 4877 κατορθωμα.
3049 4803 3197 4859 Μετὰ
3255 4801 3312 4859 δὲ
3372 4803 3436 4860 τὸ
3498 4808 3659 4878 σῶμα
3717 4804 3936 4861 ἐκεῖθεν

499 4889 665 4964 ἀρθὲν
721 4889 846 4945 κυσὶ
913 4890 1002 4945 καὶ
1061 4885 1236 4964 ὅρνισι
1299 4891 1438 4966 βορὰ
1504 4891 1877 4964 παρατίθεται,
1930 4893 1960 4946 ὅ
2023 4891 2114 4948 καὶ
2155 4889 2424 4970 θηριῶδες
2499 4896 2697 4967 μικροῦ
2761 4892 2853 4946 καὶ
2913 4893 3265 4968 ἀπάνθρωπον
3324 4898 3446 4956 τοῖς
3505 4914 3665 4948 πασιν
3753 4894 3940 4970 ιἔδοξεν

503 4981 556 5036 οἱ
587 4977 634 5035 δ’
666 4978 725 5035 ἐκ
753 4987 852 5050 τῆς
882 4976 1261 5052 συνωμότιδος
1297 4977 1519 5054 μερίδος
1548 4984 1644 5034 τοῦ
1678 4977 1924 5038 Ἰωάννου
1959 4980 2330 5058 συαχεθέντες,
2385 4980 2476 5037 καὶ
2523 4981 2774 5058 βασάνοις
2823 4977 3225 5053 ὑποϐληθέντες
3271 4978 3424 5046 ὅπως
3469 4980 3760 5060 ἐκφήνωσι
3811 4986 3938 5048 τοὺς

493 5069 833 5146 συνίστορας,
857 5067 1080 5143 δεσμοῖς
1104 5069 1193 5124 καὶ
1225 5075 1488 5145 φρουραῖς
1519 5071 2004 5142 παραπέμπονται.

563 5162 721 5218 Fecit
751 5167 808 5216 et
840 5160 996 5217 aliud
1030 5161 1363 5231 imperator,
1405 5161 1598 5216 nescio
1631 5159 1820 5232 quale.
1851 5164 2137 5218 Conslan-

484 5251 677 5308 tinum
709 5252 1022 5323 quemdam
1053 5249 1479 5322 Francopulum
1511 5266 1643 5305 cum
1674 5266 1770 5306 sex
1790 5250 2129 5308 triremibus

485 5341 546 5396 in
577 5344 827 5396 Pontum
849 5339 1133 5396 Euxinum
1156 5339 1314 5394 misit
1341 5356 1440 5411 per
1457 5339 1712 5411 speciem
1743 5339 1812 5396 de
1836 5341 2129 5398 mercibus

482 5428 650 5485 navis
680 5430 1015 5500 cujusdam,
1047 5445 1172 5501 quae
1207 5445 1274 5485 ex
1304 5428 1548 5484 Phaside
1596 5428 1937 5502 Byzantium
1971 5429 2127 5486 navi-

485 5532 631 5588 gans
671 5520 839 5590 juxta
885 5517 1265 5577 Ccrasuntem
1315 5519 1497 5575 fracta
1544 5524 1714 5588 esset,
1766 5519 2126 5592 inquirendi,

487 5621 684 5665 revera
731 5617 922 5666 autem
955 5615 1018 5666 ut
1047 5610 1306 5668 oneraria
1355 5609 1608 5684 navigia,
1643 5626 1767 5682 quae
1821 5612 2126 5670 Aminsum

527 3569 682 3624 sum,
739 3570 946 3612 cruore
1007 3553 1199 3610 adhuc
1253 3552 1604 3621 destillante,
1659 3569 1793 3610 cum
1843 3554 1992 3609 foedo
2055 3553 2174 3610 oris

520 3645 682 3701 hiatu
717 3649 777 3702 et
825 3643 1038 3700 clausis
1068 3642 1270 3700 oculis.
1309 3643 1618 3716 Reliquum
1663 3643 1786 3714 ejus
1843 3644 2082 3699 cadaver
2111 3643 2171 3700 in

519 3732 670 3792 lecto
716 3733 1064 3789 collocatum
1113 3731 1172 3788 in
1221 3731 1584 3788 meridionali
1639 3737 1800 3804 porta
1844 3731 2170 3788 Blachernii

521 3821 721 3895 palatii
753 3823 860 3878 sub
917 3821 1012 3878 dio
1073 3821 1401 3893 exponitur.
1436 3821 1754 3892 Imperator
1805 3837 1936 3876 vero
1995 3837 2025 3876 e
2070 3837 2167 3877 su-

520 3911 730 3984 periori
761 3910 1018 3968 conclavi
1053 3909 1230 3966 simul
1262 3914 1318 3966 et
1346 3910 1673 3980 spectaculo
1707 3910 1858 3965 699
1890 3909 1989 3965 illo
2021 3909 2168 3965 frue-

522 4002 689 4058 batur
711 4001 1008 4056 cadaveris
1031 3999 1215 4056 instar
1241 3998 1388 4055 vasti
1412 3999 1560 4055 tauri
1593 3999 1890 4068 tumentis,
1915 3998 2091 4055 simul
2109 4003 2166 4054 et

2319 5158 2478 5218 Ἀλλ’
2512 5163 2628 5216 οἷον
2658 5161 2748 5216 καὶ
2776 5157 2891 5216 τόδ’
2921 5155 3131 5238 ἕῤῥεξεν
3166 5161 3324 5224 οὗτος
3350 5162 3380 5216 ὁ
3432 5159 3726 5237 βασιλεόςο
3772 5161 3930 5240 ἀνδρέ

2244 5270 2355 5305 τινι
2384 5247 2660 5325 παραδοὺς
2689 5253 2939 5327 τριήρεις
2986 5249 3063 5322 ἓξ,
3095 5251 3142 5324 ᾦ
3171 5252 3208 5320 ἡ
3245 5251 3339 5326 μὲν
3379 5249 3581 5321 κλῆσις
3631 5251 3703 5319 ἦν
3761 5255 3928 5310 Κων-

2244 5344 2546 5409 σταντῖνος,
2579 5341 2614 5408 ἡ
2648 5337 2696 5394 δ’
2742 5339 3032 5411 ἐπίκλησις
3081 5339 3544 5416 Φραγγόπουλος,
3579 5339 3632 5401 ἐς
3660 5340 3764 5395 τὸν
3818 5341 3930 5399 E3-

2238 5433 2408 5504 ξεινον
2459 5428 2659 5485 Πάντον
2718 5427 3005 5504 ἐξέπεμψε,
3062 5434 3144 5502 τῷ
3199 5429 3294 5502 μὲν
3354 5425 3534 5484 δοκεῖν
3580 5430 3713 5504 περὶ
3767 5452 3918 5508 φορ-

2235 5520 2354 5576 τίου
2383 5518 2584 5576 πλοίου
2611 5519 2761 5582 τινὸς
2795 5519 3130 5594 ἐξετάσοντα,
3163 5519 3224 5576 ἐκ
3253 5517 3494 5582 Φάσιδος
3537 5519 3910 5596 καταίροντος

2237 5609 2314 5674 είς
2381 5607 2690 5682 Βυζάντιον,
2751 5609 2876 5687 περὶ
2926 5608 2985 5665 οὲ
3045 5612 3386 5688 Κερασοῦντα
3493 5611 3934 5686 ναυαγήςαντο,
