4072 6218
200 353 308 418 909

1071 349 1173 410 DE
1209 346 1507 412 ALEXIO
1550 344 1840 410 ISAACII
1883 346 2171 412 ANGELI
2215 350 2340 413 FR.
2388 355 2541 415 LIB.
2592 353 2700 417 ΙΙΙ.

3478 359 3600 423 910

188 489 268 561 τῷ
297 483 355 542 δὲ
383 483 500 540 ὄντι
532 486 650 545 ταῖς
708 481 760 545 ές
817 479 982 537 πὸλιν
1037 482 1136 550 τὴν
1195 484 1460 555 ’Ἂμινσον
1505 478 1841 535 καταπλεού-

1962 484 2335 554 appellerent,
2394 488 2686 558 spoliaret.
2749 488 2828 558 Is,
2885 491 2947 544 ut
2998 490 3170 561 jussa
3224 490 3600 564 imperatoris

194 598 307 641 σαις
340 579 421 651 [Ρ.
453 577 578 648 341]
624 571 851 629 ὁλκάσιν
911 572 1311 645 ἐπιθησόμενον
1370 572 1462 627 καὶ
1523 568 1730 625 τούτων
1786 571 1852 624 τὰ

193 668 447 743 ἀγώγιμα
477 663 939 739 προνομεύσοντα.
982 663 1045 719 Ὁ
1087 660 1148 717 δὲ
1176 664 1292 717 κατ’
1325 660 1603 737 ἐπίταγμα
1634 660 1696 715 τὸ
1754 660 1848 735 βα-

196 753 408 811 σιλικὸν
452 752 504 815 ἐς
535 753 628 807 τὸν
659 748 907 824 Εὔξεινον
962 748 1300 811 ἀναπλεύσας
1356 746 1618 819 οὐδεμιᾶς
1676 743 1849 823 φείδε-

191 865 278 899 ται
301 843 453 914 νηὸς,
495 840 644 898 ἀλλὰ
673 839 849 902 πάσας
897 838 1221 907 σκυλεύσας,
1278 837 1401 893 ὅσαι
1455 858 1514 893 τε
1545 836 1596 897 ές
1654 833 1852 904 Βυζάν-

193 954 309 989 τιον
367 931 804 1006 έμπορευμάτων
870 928 1104 999 πλήρεις
1173 929 1493 1000 κατήγοντο,
1577 924 1666 980 καὶ
1728 923 1849 1009 ὅσαξ

193 1022 344 1083 αὖθις
400 1020 668 1093 ἀνήγοντο
726 1015 1125 1090 ἀποδιδόμεναι
1185 1017 1252 1070 τὰ
1308 1017 1510 1070 ἑαυτῶν
1578 1012 1665 1068 καὶ
1722 1009 1829 1066 ἄλλ

193 1108 322 1166 ἅττα
378 1108 677 1182 ἐνθέμεναι,
742 1106 876 1181 μετά
933 1102 1030 1161 δύο
1094 1112 1267 1179 μῆνας
1334 1105 1650 1179 ὑπέστρεψε,
1708 1101 1853 1162 τινὰς

191 1204 302 1255 τῶν
360 1194 620 1274 ἐμπόρων
682 1195 928 1272 μαχαίρᾳ
980 1192 1315 1257 ὑποδικάσας
1391 1194 1482 1249 καὶ
1554 1196 1635 1263 τῷ
1704 1191 1854 1264 βυθῷ

191 1289 581 1365 παραπέμψας,
620 1284 697 1341 ὦν
750 1286 818 1341 τὰ
849 1287 1115 1361 χρήματα
1167 1282 1328 1345 αὐτὸς
1390 1280 1668 1351 ἱδιώσατο,
1724 1277 1851 1339 τοὺς

193 1376 245 1433 δ’
293 1376 498 1439 ἄλλους
557 1375 760 1450 ὑπέρου
810 1373 1184 1450 γυμνοτέρους
1239 1370 1721 1445 ἀποπεμψάμενος.
1783 1368 1851 1438 Οι

197 1465 258 1523 δὲ
285 1468 386 1535 τήν
412 1466 569 1521 πόλιν
604 1463 863 1526 εἰσιόντες
894 1462 1169 1525 πολλάκις
1231 1463 1325 1535 μὲν
1389 1462 1659 1515 ἱκέτευσαν
1717 1457 1848 1530 ὑπὲρ

198 1560 273 1613 ὢν
307 1557 450 1633 παρὰ
489 1554 643 1626 δίκην
705 1556 1062 1623 πεπόνθασιν,
1120 1552 1367 1628 ἀρχείοις
1414 1550 1732 1626 προσιόντες
1761 1545 1852 1602 καὶ

199 1648 365 1715 θείοις
392 1648 526 1720 μετά
556 1647 753 1722 φώτων
807 1643 1055 1718 τεμένεσι
1113 1637 1582 1717 παραϐάλλοντες,
1642 1639 1743 1692 οὐκ
1772 1637 1850 1691 εῖ-

190 1758 296 1814 χον
324 1735 382 1792 δὲ
407 1737 502 1792 τὸν
528 1734 755 1811 βασιλέα
784 1736 919 1809 πρὸς
950 1735 1139 1788 οἶκτον
1172 1729 1466 1807 ἒπιρῥεπῆ,
1524 1730 1619 1789 τὰς
1672 1725 1846 1781 αὐτῶν

1959 581 2389 644 exsequeretur,
2424 575 2569 631 nulli
2603 576 2730 630 navi
2773 577 2996 648 parcit:
3045 579 3149 634 sed
3178 580 3442 652 spoliatis
3476 599 3601 640 om-

1961 662 2134 716 nibus
2167 680 2294 735 quze
2336 675 2383 720 et
2422 665 2755 737 Byzantium
2791 666 2974 739 plenae
3003 669 3294 725 mercibus
3332 670 3516 741 ibant,
3549 678 3605 731 et

1960 751 2080 805 suis
2103 753 2272 807 rebus
2294 754 2607 810 venditiset
2625 755 3062 828 aliisimpositis
3081 757 3216 812 inde
3235 760 3606 834 recedebant,

1962 843 2094 910 post
2143 841 2420 897 bimestre
2450 845 2509 897 in
2546 844 2748 900 urbem
2795 845 2988 912 rediit,
3019 845 3377 915 quibusdam
3426 865 3607 921 nego-

1960 928 2265 985 tiatoribus
2295 930 2502 987 occisis
2532 935 2590 987 et
2618 933 2677 988 in
2726 933 2866 989 mari
2900 933 3181 990 demersis
3224 951 3471 1007 quorum
3506 955 3604 1010 pe-

1961 1018 2197 1073 cuniam
2235 1018 2346 1075 sibi
2378 1020 2722 1090 vendicavit,
2758 1027 2990 1078 caeteros
3022 1023 3297 1080 Leberide
3330 1026 3606 1083 nudiores

1962 1106 2268 1164 dimisil.Ii
2300 1111 2501 1166 urbem
2536 1110 3156 1185 etpalatiumingressi
3189 1130 3338 1186 saepe
3368 1116 3611 1172 suasin-

1954 1190 2141 1266 ju'rias
2200 1200 2500 1270 conquesti
2558 1205 2714 1269 sunt,
2759 1205 2983 1257 etcum
3037 1201 3359 1261 luminibus
3411 1222 3607 1263 sacras

1961 1286 2110 1341 aedes
2167 1288 2319 1342 700
2369 1289 2826 1359 frequentarunt.
2888 1291 2995 1346 Sed
3054 1290 3202 1347 nihil
3253 1291 3607 1365 abimpera-

1958 1379 2085 1430 tore
2116 1374 2526 1446 impetrarunt,
2559 1379 2656 1449 qui
2688 1378 2854 1435 bonis
2899 1379 3016 1435 illis
3062 1381 3185 1450 jam
3216 1382 3465 1439 venditis
3508 1399 3604 1455 pe-

1961 1465 2190 1520 cuniam
2227 1466 2284 1520 in
2311 1466 2512 1522 fiscum
2546 1468 3054 1538 redegerat.Quare
3078 1470 3407 1528 Iconienses
3429 1488 3605 1545 nego-

1963 1552 2196 1611 tiatores
2248 1555 2626 1611 Rucratinum
2678 1558 2914 1626 adeunt,
2950 1557 3049 1628 qui
3091 1574 3194 1629 per
3245 1557 3468 1631 legatos
3517 1576 3607 1618 res

1961 1658 2159 1699 eorum
2189 1644 2259 1699 ab
2294 1644 2642 1716 imperatore
2670 1646 2987 1717 repetebat,
3009 1647 3167 1719 pacis
3199 1665 3428 1720 quoque
3450 1665 3612 1705 men-

1961 1733 2117 1788 tione
2150 1733 2320 1789 facta.
2357 1734 2678 1804 Imperator
2697 1751 2830 1791 vero
2862 1736 3290 1808 Francopulum
3322 1738 3607 1795 defecisse

191 1824 458 1902 έμπορίας
515 1823 758 1894 καθάπαξ
812 1821 1263 1899 ἐξαργυρώσαντα
1339 1819 1430 1873 καὶ
1674 1814 1850 1921 ἀὐτοῦ

1962 1827 2231 1877 causatus
2283 1822 2504 1878 nefaria
2552 1822 2711 1879 illius
2760 1824 3012 1880 facinora
3053 1843 3085 1881 a
3138 1842 3201 1883 se
3248 1827 3603 1893 removebat,

1801 1904 1814 1925 Ι

188 1918 423 1992 ταμιείῳ
460 1915 909 1993 ἐγκαταθέμενον.
942 1913 1006 1966 Οἱ
1183 1909 1410 1969 Ἰκονίου
1458 1906 1632 1962 τοίνυν
1666 1906 1847 1982 ὁρμώ-

197 2028 351 2081 μενοι
394 2000 628 2081 ἔμποροι
679 2006 761 2075 τῷ
814 2000 1182 2075 Ῥουκρατίνῳ
1239 1996 1515 2073 προσίασι,
1577 1996 1668 2050 καὶ
1702 1996 1845 2068 πέμ-

195 2102 302 2172 ψας
329 2095 485 2159 οὗτος
534 2094 587 2159 ές
651 2091 880 2169 βασιλέα
933 2091 1003 2147 τὰ
1057 2090 1266 2145 τούτων
1313 2087 1511 2163 ἀπῄτει
1559 2088 1843 2165 χρήματα·

190 2188 262 2257 ἦν
296 2183 353 2241 δὲ
382 2185 473 2240 καὶ
504 2183 668 2257 λόγος
695 2182 819 2238 τότε
847 2181 972 2255 περὶ
1021 2176 1289 2236 σπονδῶν.
1321 2175 1588 2239 Βασιλεὺς
1627 2173 1685 2229 δὲ
1710 2175 1845 2228 ἀπο-

194 2276 397 2346 στάτην
429 2275 716 2348 ὀνομάζων
750 2272 943 2326 ἑαυτοῦ
973 2269 1063 2324 τὸν
1125 2264 1579 2344 Φραγγόπουλον,
1612 2271 1714 2333 τῆς
1763 2264 1847 2318 oi-

189 2366 340 2426 κείας
379 2364 606 2440 γνώμης
674 2362 881 2435 ἀπῆγεν
916 2359 1015 2413 ὅσα
1069 2359 1227 2418 οὗτος
1286 2354 1727 2430 ἀνοσιούργησεν,
1759 2353 1845 2409 ἐπὶ

195 2450 381 2530 ψεύδει
423 2454 524 2521 τὴν
575 2447 772 2507 ἐλπίδα
817 2448 1097 2521 τιθέμενος
1154 2449 1244 2501 καί
1321 2450 1390 2520 τῇ
1447 2443 1693 2518 ἐναργείᾳ
1739 2447 1847 2497 τῶν

187 2544 532 2620 πραγμάτων
565 2538 1023 2614 ἀντιμαχόμενος.
1081 2535 1446 2605 Τελεσθείσης
1481 2530 1538 2587 δὲ
1574 2540 1677 2601 τῆς
1709 2533 1844 2607 ἀγά-

187 2654 301 2705 πης
361 2634 390 2688 ὁ
448 2632 942 2705 μὲνῬουκρατῖνος
998 2626 1113 2699 μεθ’
1172 2625 1369 2700 ἑτέρων
1429 2622 1695 2692 αἰτήσεως
1754 2620 1849 2698 φό-

183 2744 300 2799 ρων
333 2722 424 2776 καὶ
460 2725 600 2794 μνᾶς
646 2716 914 2794 ἀργυρίου
966 2712 1329 2791 προσειλήφει
1373 2713 1730 2799 πεντήκονταΔ
1771 2709 1850 2799 εἷς

180 2796 444 2883 ἀπόδομα
474 2808 548 2863 ὦν
608 2808 661 2863 οἱ
717 2803 954 2880 ἔμποροι
1004 2802 1376 2882 ἀφῃρέθησαν,
1408 2801 1436 2854 ὁ
1493 2797 1549 2854 δὲ
1592 2796 1848 2874 βασιλεὺς

192 2903 446 2980 φωρᾶται
479 2898 597 2971 μεθ’
635 2896 850 2969 ἡμέρας
894 2898 964 2968 τῇ
1014 2890 1224 2980 ἐκείνου
1281 2884 1654 2980 ἐπιϐουλεύων

188 2974 494 3066 ΠΙεγίσταις
535 2986 639 3061 γὰρ
677 2982 1008 3059 ὑποσχέσεσι
1057 2979 1319 3038 Χασίσιόν
1355 2999 1476 3033 τινα
1532 2974 1846 3066 ἐλαφρίσας,

182 3063 493 3149 καὶ-τούτῳ
519 3075 768 3148 ἀμαθῶς,
813 3073 888 3133 ὡς
936 3069 990 3134 ἐς
1023 3069 1210 3144 φιλίαν
1237 3067 1610 3140 ἀστάθμητος,
1659 3063 1850 3140 ἐγχει-

190 3168 348 3245 ρίσας
416 3166 768 3242 γραμμάτιον
867 3159 1310 3236 ἐρυθρόγραφον,
1393 3155 1657 3245 ἐκπέμπει
1758 3154 1850 3209 τὸν

186 3230 586 3332 ΣΡουκρατιῖνονΙ
649 3230 1037 3329 ἀναιρήσοντα.
1078 3230 1532 3324 ΠΣυλληφθέντος
1614 3242 1672 3299 δὲ
1753 3230 1924 3299 τοῦθ

188 3345 457 3405 Χασισίου
504 3344 595 3398 καὶ
642 3343 706 3398 τὸ
758 3342 992 3418 γράμμα
1046 3338 1135 3394 καὶ
1195 3338 1259 3392 τὸ
1292 3332 1472 3411 δρᾶμα
1501 3332 1853 3413 ἐκφήναντος,

187 3432 579 3513 παρεῦἀθησαν
616 3436 710 3508 μὲν
752 3434 807 3487 αἱ
842 3427 1093 3499 σπονδαὶ,
1144 3425 1351 3483 πολλαὶ
1384 3423 1429 3480 δ’
1462 3426 1522 3480 ἐκ
1549 3429 1656 3480 τῶν
1681 3423 1856 3513 Τούρ-

189 3512 313 3584 κων
369 3522 661 3599 ἐπιδρομαὶ
723 3518 813 3575 διὰ
854 3520 957 3588 τήν
985 3517 1248 3586 τοιαύτην
1286 3513 1462 3569 αἰτίαν
1517 3517 1637 3575 ταῖς
1694 3512 1856 3584 ἒῴαις

191 3614 530 3692 ἰπανέφυσαν
560 3610 780 3667 πόλεσι,
833 3608 932 3692 Καρὶ
989 3607 1221 3681 Μιχαὴλ
1286 3601 1344 3658 δέ
1389 3622 1472 3663 τις
1529 3600 1602 3692 ἐκ,
1643 3602 1856 3692 νοθείας

189 3706 320 3769 υἱὸς
365 3690 612 3759 Ἰωάννου
671 3703 769 3755 τοῦ
828 3691 1346 3770 σεϐαστοκράτορος,
1406 3697 1505 3761 τῆς
1589 3690 1859 3769 ἐπαρχίας

188 3794 503 3865 Μυλάσσης
553 3788 865 3869 φορολόγος
924 3784 1275 3856 ἀποσταλεὶς,
1312 3784 1432 3844 νέος
1465 3777 1539 3836 ὤν
1572 3782 1660 3836 καὶ
1693 3780 1857 3835 αὐθά-

189 3886 302 3958 δης
345 3889 444 3941 τοῦ
506 3880 780 3961 βασιλέως
831 3879 1141 3955 ἀφίσταται.
1194 3875 1437 3947 Πολέμῳ
1495 3870 1552 3928 δὲ
1603 3872 1859 3942 ἡττηθεὶς

191 3976 291 4032 καὶ
352 3976 539 4054 φυγὼν
587 3977 671 4045 τῷ
741 3967 1113 4042 Ῥουκρατίνῳ
1178 3964 1528 4041 προσρύεται,
1604 3962 1696 4016 καὶ
1780 3964 1859 4032 τῷ

189 4069 298 4122 τοῦ
323 4053 601 4140 βασιλέως
657 4060 801 4135 μίσει
850 4054 1211 4134 προσδεχθεὶς
1269 4053 1657 4128 ἀσμενέστατα,
1691 4070 1859 4140 στρα-

189 4155 349 4213 τείαν
383 4153 433 4224 ἐξ
466 4152 672 4209 ἐκείνου
726 4147 1049 4225 δεχόμενος,
1107 4145 1207 4207 τὰς
1259 4140 1631 4215 Μαιανδρικάς
1669 4139 1861 4202 πόλεις

1961 1926 2064 1983 spe
2094 1911 2154 1966 in
2213 1912 2513 1968 mendacio
2563 1911 2839 1969 collocata
2882 1918 2938 1969 et
2977 1930 3170 1970 rerum
3200 1916 3436 1972 veritate
3485 1917 3607 1972 dis-

1958 2000 2254 2057 simulata.
2287 2001 2434 2057 Pace
2469 2002 2620 2057 facta
2650 2002 2998 2059 Rucratinus
3029 2008 3237 2075 praeter
3267 2004 3448 2060 annui
3499 2005 3607 2061 tri-

1957 2090 2077 2145 buti
2111 2090 2434 2161 pactionem
2468 2092 2644 2147 etiam
2694 2091 3124 2164 quinquaginta
3157 2092 3349 2148 minas
3379 2094 3606 2166 argenti

1956 2178 2199 2249 accepit,
2250 2196 2391 2250 quas
2436 2181 2704 2252 spoliatis
2764 2183 3185 2238 mercatoribus
3255 2182 3601 2239 restitueret.

1955 2272 2278 2338 Imperator
2330 2286 2463 2326 vero
2514 2275 2644 2340 post
2693 2271 2820 2327 dies
2879 2272 3102 2342 aliquot
3134 2272 3434 2329 Rucratini
3465 2271 3598 2328 vitas

1954 2357 2212 2413 insidiari
2242 2359 2636 2428 deprehensus
2661 2366 2768 2417 est.
2786 2360 2929 2416 Nam
2942 2361 3265 2417 Chasisium
3286 2363 3599 2434 quemdam

1954 2448 2227 2503 maximis
2260 2449 2776 2519 pollicitationibus
2806 2450 3127 2522 impulsum
3154 2450 3299 2507 levis
3329 2452 3598 2507 amicitiis

1955 2536 2143 2592 cultor
2186 2553 2319 2592 cum
2377 2538 2681 2594 rubricatis
2729 2538 2936 2595 litteris
2965 2540 3037 2594 ad
3092 2556 3225 2595 eum
3277 2539 3599 2595 tollendum

1957 2625 2204 2695 ablegat.
2226 2625 2439 2681 Verum
2465 2634 2631 2698 capto
2664 2627 2949 2694 Chasisio,
2982 2627 3192 2683 litteris
3224 2628 3606 2701 deprehensis

1958 2719 2014 2770 et
2038 2715 2199 2771 omni
2225 2715 2419 2770 fabula
2449 2715 2755 2787 explicata,
2790 2723 3027 2788 ruptum
3052 2723 3142 2774 est
3171 2717 3360 2774 fuadus
3384 2733 3397 2785 ;
3421 2734 3607 2790 eaque

1958 2804 2029 2859 de
2081 2820 2253 2860 causa
2284 2805 2486 2861 Turcis
2539 2805 2755 2861 multas
2798 2806 3106 2863 orientales
3147 2807 3317 2864 urbes
3370 2808 3610 2864 infesta-

1958 2896 2116 2949 runt.
2154 2894 2236 2948 Ad
2255 2893 2379 2949 haec
2410 2894 2653 2950 Michael
2686 2894 2948 2966 quidam,
2975 2895 3222 2952 Joannis
3242 2895 3605 2953 sebastocra—

1958 2982 2102 3038 toris
2142 2981 2363 3041 nothus
2418 2982 2595 3053 ﬁlius,
2629 2984 2699 3039 ad
2761 2984 3044 3056 exigenda
3077 2984 3418 3055 Mylassenaa
3466 3002 3603 3057 pro-

1958 3070 2162 3127 vincia:
2213 3072 2433 3127 tributa
2480 3072 2719 3144 missus,
2769 3073 2940 3130 homo
2981 3073 3318 3131 adolescens
3365 3078 3424 3129 et
3467 3090 3606 3132 con-

1961 3168 2184 3229 tumax,
2217 3161 2451 3216 deficit:
2489 3162 2633 3217 σοι
2672 3163 2773 3219 sed
2814 3162 3010 3234 praelia
3040 3162 3231 3219 victus
3283 3166 3339 3218 et
3370 3163 3604 3234 fugatus

1964 3251 2033 3305 ad
2070 3250 2452 3306 Rucratinum
2486 3267 2547 3306 se
2578 3251 2818 3307 confert.
2853 3254 2903 3307 A
2927 3269 3040 3324 quo
3073 3251 3441 3324 imperatoris
3473 3252 3608 3309 odio

1965 3338 2336 3411 cupidissime
2367 3345 2693 3412 susceptus,
2720 3349 3068 3413 acceptoque
3097 3342 3373 3407 exercitu,
3406 3346 3609 3398 Maean-

1964 3428 2156 3484 dricas
2205 3429 2380 3484 urbes
2426 3428 2602 3485 variis
2642 3429 2853 3502 affligit
2901 3430 3110 3501 modis,
3143 3431 3415 3487 Barbaris
3465 3431 3612 3502 ipsis

1965 3518 2271 3574 crudelior.
2313 3519 2529 3583 Quodsi
2560 3517 2681 3575 ulla
2711 3519 3061 3592 gravissima
3108 3536 3287 3576 causa
3318 3520 3451 3591 fuit,
3508 3536 3613 3577 cur

1965 3606 2297 3663 Romanum
2355 3608 2670 3680 imperium
2720 3609 3130 3666 labefactatum
3206 3609 3380 3665 urbes
3437 3613 3614 3681 atque

1967 3697 2291 3769 provincias
2345 3699 2606 3755 amiserit
2634 3703 2692 3755 et
2748 3700 2937 3771 ipsum
2998 3699 3251 3771 denique
3308 3699 3609 3766 corruerit,

1967 3788 2290 3844 Commenii
2348 3788 2509 3861 regni
2560 3789 2878 3859 cupiditate
2927 3789 2997 3844 ad
3047 3789 3246 3844 hostes
3290 3786 3614 3845 deiicienda

1968 3892 2095 3932 eam
2127 3878 2591 3947 suppeditarunt.
2642 3877 2785 3934 Nam
2819 3895 2952 3933 cum
2984 3879 3055 3933 ad
3088 3882 3293 3948 gentes
3342 3878 3614 3932 Romanis

1967 3965 2236 4021 inimicas
2312 3966 2714 4036 confugerent,
2796 3966 2995 4037 patriae
3063 3966 3357 4036 pernicies
3424 3968 3613 4031 erant,

1969 4070 2306 4125 quanquam
2352 4055 2505 4126 apud
2542 4070 2645 4109 nos
2710 4054 2885 4110 rebus
2933 4053 3205 4126 gerendis
3253 4058 3310 4110 et
3355 4054 3615 4110 admini-

1970 4144 2206 4198 strando
2238 4144 2479 4215 imperio
2510 4143 2857 4215 ineptissimi
2889 4147 2947 4199 et
2974 4143 3336 4199 sol‘dissizni.

191 4243 580 4321 πολυτρόπως
604 4238 831 4304 ἐσίνετο,
888 4238 1095 4315 χείρων
1152 4238 1261 4288 τῶν
1318 4230 1652 4310 ἀλλοφύλων
1711 4230 1802 4285 καὶ
1848 4229 2200 4303 νηλεέστερος
2255 4227 2586 4306 ἀνδροφόνος
2641 4228 3001 4304 δεικνύμενος.
3036 4230 3103 4287 Εἲ
3154 4252 3205 4286 τι
3232 4236 3361 4307 γοῦν
3420 4228 3615 4286 αἰτιώ-

184 4356 361 4393 τατον
391 4316 493 4388 ἑοῦ
520 4332 619 4401 τὴν
649 4326 938 4401 Ῥωμαίων
968 4324 1147 4398 ἀρχὴν
1181 4321 1234 4383 ές
1292 4320 1422 4398 γόνυ
1451 4322 1768 4375 καταπεσεῖν
1822 4320 1913 4373 καὶ
1971 4324 2170 4393 χωρῶν
2228 4319 2316 4374 καὶ
2374 4316 2593 4374 πόλεων
2654 4321 2947 4399 χειρώσεις
3012 4325 3223 4392 παθεῖν,
3299 4319 3504 4375 ὕστατα
3552 4316 3614 4375 δὲ
3662 4378 3669 4387 ,

183 4426 293 4482 καὶ
353 4423 521 4491 αύτήν
580 4413 1003 4493 ἐξαπολωλέναι,
1060 4416 1223 4468 τοῦτο
1283 4411 1335 4465 οἱ
1402 4408 1462 4464 ἐκ
1524 4412 1817 4481 Κομνηνῶν
1902 4408 2181 4484 γεγόνασιν
2266 4408 2623 4487 ἀφιστάμενοι
2692 4409 2781 4464 καὶ
2843 4408 3247 4484 βασιλειῶντες.
3304 4411 3457 4485 Παρά
3513 4408 3616 4485 γὰρ

183 4513 379 4581 ἔθνεσι
438 4509 794 4568 καταλύοντες
846 4506 922 4580 μή
985 4502 1143 4582 φίλια
1196 4498 1490 4572 Ῥωμαίοις
1534 4501 1720 4553 νοοῦσι
1772 4504 1871 4567 τῆς
1924 4495 2188 4572 πατρίδος
2242 4498 2377 4569 ἦσαν
2432 4498 2735 4568 πανώλεια,
2783 4500 2978 4575 καίπερ
3030 4498 3082 4555 ἐν
3150 4504 3230 4572 τῷ
3288 4500 3413 4576 παρ’
3472 4500 3610 4573 ἡμῖν

188 4606 385 4681 μένειν
416 4602 724 4677 πράγμασιν
757 4594 1104 4671 ἐγχειρήσειν
1136 4590 1277 4645 ἑλεῖν
1310 4609 1367 4644 τε
1418 4582 1516 4642 καὶ
1575 4588 1862 4661 κρατήσειν
1923 4586 2428 4659 ἀνεπιτηδειότατοι
2487 4583 2636 4650 ὄντες
2692 4588 2787 4643 καὶ
2845 4589 3061 4643 πάντων
3107 4587 3460 4667 ἀχρειότατοι
3518 4587 3615 4644 καὶ

185 4691 546 4749 σκαιότατοι.
831 4721 834 4725 η

271 4783 376 4837 Διά
406 4778 465 4836 δὶ
492 4780 592 4849 τήν
622 4780 723 4832 τοῦ
753 4772 988 4850 Μιχαὴλ
1044 4768 1350 4844 νεωτέρισιν
1408 4767 1532 4842 περὶ
1586 4772 1732 4840 μῆνα
1759 4766 1852 4821 τὸν

2035 4769 2319 4826 Caeterum
2341 4769 2576 4827 Alexius
2599 4767 2904 4827 Novembri
2931 4784 3129 4826 mense
3142 4773 3345 4826 contra
3370 4768 3623 4826 Michae-

185 4870 529 4953 φυλλοχόον
560 4866 756 4953 ἔξεισιν
815 4863 892 4953 εἰς
941 4858 1018 4953 ἕω
1075 4856 1338 4953 Ἀλᾼέξιος
1395 4853 1854 4953 ίιποστρὲφιθνᾳδν

184 4944 803 5035 ἐκεῖθεννπαρενέϐαλεν
834 4952 910 5014 εἷς
965 4951 1034 5006 τὰ
1084 4949 1278 5013 Πύθια,
1330 4950 1449 5008 τοῖς
1509 4947 1734 5019 θερμοῖς
1773 4944 1857 5000 ἐν-

187 5052 517 5126 νηζόμενος
548 5045 759 5102 ὕδασιν.
792 5043 881 5103 Ὠς
914 5038 959 5096 δ’
991 5039 1116 5099 ὃιλις
1144 5037 1262 5093 εἶχε
1292 5035 1578 5108 λουτήρων
1611 5036 1701 5126 καὶ
1731 5055 1862 5110 κρα-

186 5122 415 5218 τήρων,
440 5139 534 5214 ἐρᾷ
562 5136 654 5193 καὶ
689 5130 1026 5218 μακροτέρου
1061 5131 1145 5201 [Ρ.
1173 5127 1331 5218 “342]
1388 5123 1582 5218 uledq:
1630 5122 1864 5218 διημφι-

183 5210 596 5304 σϐήτουνγᾶρ
650 5222 798 5299 παρά
861 5217 1004 5292 τῷδε
1041 5222 1119 5289 τῷ
1166 5210 1354 5270 ἀνακτι
1403 5213 1491 5268 καὶ
1558 5212 1654 5268 ἀνὰ
1703 5214 1862 5289 μέρος

181 5322 472 5396 ἐκράτουν
503 5303 558 5373 ἀι
590 5313 822 5389 ἐπίγειοι
874 5310 964 5365 καὶ
1013 5306 1221 5362 ἐνάλιοι
1281 5305 1527 5383 χάριτες,
1586 5303 1675 5358 καὶ
1719 5303 1863 5376 λαμ-

177 5391 345 5487 πρὰν
382 5403 672 5464 ἂνεδοῦντο
700 5402 800 5470 τήν
854 5399 1030 5469 νίκην.
1084 5402 1204 5466 Νῆα
1259 5395 1438 5448 τοίνυν
1471 5391 1652 5447 εἲσιὼν
1700 5411 1860 5465 στρα-

172 5480 403 5577 τῆγίδα
432 5496 559 5554 εὐθὺ
601 5498 711 5548 τῶν
769 5486 1032 5561 νησιδίων
1089 5482 1483 5552 διαπλω“ίζεται
1550 5481 1584 5534 ὁὶ
1631 5480 1865 5556 ἆγχιστα

390 5581 797 5647 Κωνσταντίνου
887 5575 1309 5657 ἀμφιρρέονται,
1387 5573 1456 5665 τὸ
1498 5661 1511 5665 Δ
1541 5573 1863 5665 Ἀστακηνὸν

1969 4857 2082 4915 lem
2128 4861 2187 4915 in
2246 4860 2539 4916 Orientem
2597 4860 2889 4933 profectus
2938 4859 2994 4915 in
3053 4858 3240 4915 reditu
3293 4860 3363 4914 ad
3412 4857 3617 4930 Pythia

1970 4952 2413 5006 castrametatus
2441 4954 2554 5017 est,
2588 4954 2653 5005 ut
2691 4947 2898 5005 calidis
2930 4951 3100 5021 aquis
3132 4947 3443 5004 lnnatarel.
3477 4946 3610 5001 Bal-

1971 5040 2097 5095 neis
2127 5043 2183 5095 et
2205 5041 2526 5096 crateribus
2555 5040 2802 5095 satiatus
2831 5037 3152 5108 longiorem
3184 5034 3618 5106 navigationem

1972 5126 2340 5182 desideravit.
2367 5125 2513 5181 Nam
2547 5126 2604 5180 in
2635 5125 2760 5195 ejus
2791 5123 2989 5179 animo
3021 5121 3381 5178 terrestrium
3413 5124 3470 5177 et
3500 5136 3620 5174 ma-

1973 5216 2236 5270 rinarum
2267 5214 2626 5284 voluptatum
2672 5213 2965 5284 cupiditas
2998 5228 3066 5267 ex
3097 5227 3261 5281 sequo
3292 5210 3617 5276 certabant,

1974 5321 2130 5360 nunc
2162 5305 2253 5359 his
2287 5321 2441 5359 nunc
2494 5303 2610 5358 illis
2645 5302 3031 5358 vincentibus.
3085 5299 3416 5356 Conscensa
3467 5297 3623 5355 τοι

1974 5395 2155 5467 igitur
2169 5412 2198 5448 n
2210 5394 2295 5449 avi
2313 5394 2390 5447 im
2404 5393 2685 5463 peratoria
2699 5396 2855 5448 recta
2869 5391 2943 5446 ad
2959 5406 3162 5463 parvas
3174 5388 3398 5444 insulas
3413 5389 3629 5460 passim

1968 5484 2137 5555 juxta
2157 5484 2356 5539 urbem
2389 5482 2534 5537 sitas
2565 5479 2893 5547 contendit,
2915 5482 3265 5536 Astacenum
3290 5478 3487 5535 sinum
3518 5478 3634 5533 cir-

1976 5578 2339 5629 cumvectus.
2388 5570 2528 5626 Orto
2562 5580 2752 5626 autem
2799 5568 2994 5625 subito
3031 5567 3285 5638 turbine,
3336 5571 3515 5625 ﬂuctu
3567 5566 3633 5623 in

158 5656 420 5761 ,κόλπον
460 5675 614 5758 ἀφεὶς
669 5656 989 5750 περιπλεῖν(
1047 5665 1324 5727 λαίλαπος
1384 5659 1432 5718 δ’
1488 5661 1869 5737 ἀνεγερθείσης

1977 5662 2163 5720 altum
2217 5667 2428 5732 erecto,
2483 5659 2654 5717 navis
2705 5673 2943 5732 aprora
2999 5658 3060 5714 in
3110 5656 3356 5734 puppim
3407 5656 3637 5715 sublata
