4028 6218
133 424 253 486 913

1019 417 1120 479 DE
1161 416 1463 479 ALEXIO
1507 417 1798 480 ISAACII
1841 417 2140 481 ANGELI
2188 420 2310 480 FB.
2359 421 2509 481 LIB.
2559 420 2663 482 III.

3430 426 3551 485 914

131 553 420 613 σκέπτεταί
456 573 511 608 τι
573 540 994 628 βαρϐαρώτερον
1050 546 1213 627 ἔργον
1266 551 1295 606 ὁ
1355 550 1650 625 Στέφανος,
1703 552 1792 606 καὶ

1910 553 2177 621 crimine,
2209 555 2522 612 Eudociam
2548 555 2709 612 omni
2757 556 2971 615 vestitu
3010 556 3283 614 muliebri
3308 560 3544 632 spoliat,

132 647 269 702 αὐτὸ
333 644 561 719 μέτεισι·
623 641 970 715 πλασάμενος
1027 641 1149 718 γὰρ,
1207 640 1333 711 ἢτοι
1407 641 1497 696 καὶ
1555 641 1795 714 φάμενος

132 735 385 806 ἀληθῶς,
418 732 826 807 μοιχευομένην
877 729 1088 786 ἁλῶναι
1144 732 1242 800 τήν
1295 727 1558 787 Εύδοκίαν
1594 733 1793 795 παντὸς

129 825 448 900 ἀπογυμνοῖ
512 818 934 897 περιϐλήματος
1013 819 1340 895 γυναικείου,
1398 822 1491 875 τὸν
1557 815 1791 896 ἔσχατον

132 915 277 990 αὐτῇ
325 914 413 969 καὶ
468 911 768 969 λεπταλέον
819 916 1029 990 χιτῶνα
1081 912 1247 984 μόνον
1306 908 1646 981 καταλιπὼν,
1701 913 1789 966 καὶ

128 1011 324 1060 τοῦτον
364 1002 555 1075 κύκλῳ
595 1001 951 1076 περικοπέντα
999 1000 1073 1063 ὡς
1125 999 1287 1073 μόλις
1320 999 1693 1073 περιστέλλειν
1724 1002 1789 1056 τὰ

127 1099 242 1149 τῶν
279 1091 462 1167 μελῶν
493 1094 812 1167 ἀσχήμονα,
864 1089 953 1144 καὶ
1014 1086 1292 1165 διαφίησιν
1332 1085 1503 1151 οὕτως
1554 1089 1786 1161 ἀτίμως,

128 1177 257 1237 ἔνθα
301 1180 393 1236 καὶ
450 1178 697 1257 διοργῲη
743 1179 1083 1254 πορεύεσθαι.
1139 1179 1281 1252 Πρὸς
1330 1175 1388 1232 δὲ
1430 1179 1656 1249 ταυτηνί
1686 1180 1785 1248 τὴν

125 1270 324 1346 πρᾶξιν
375 1270 473 1339 τὴν
525 1264 697 1329 ὅντως
746 1265 973 1341 ἄσεμνον
1024 1266 1114 1322 καὶ
1163 1265 1443 1339 ἀπότομον
1476 1266 1567 1323 καὶ
1596 1269 1696 1337 τήν
1728 1268 1785 1322 ὑ-

122 1359 405 1435 πέρογκον
451 1356 786 1431 ἀμυντηρίάν
833 1357 862 1412 6
906 1354 1141 1431 ἁδελφὸς
1187 1356 1442 1419 ἀντιστὰς
1490 1352 1703 1419 Βόλκος
1732 1353 1787 1418 ἔς

121 1468 186 1504 τε
245 1450 310 1502 τὸ
368 1447 726 1523 ἀπάνθρωπον
782 1446 917 1516 ἦθος
991 1441 1234 1500 ὠνείδισε
1275 1444 1370 1499 τὸν
1433 1443 1783 1519 κασίγνητον,

129 1535 582 1610 μεθαρμοσθῆναί
633 1556 692 1590 τε
742 1538 844 1601 τῆς
894 1535 1068 1610 ὀργῆς
1113 1533 1205 1589 καὶ
1252 1532 1567 1612 καθυφεῖναί
1605 1556 1657 1589 τι
1694 1555 1784 1608 μι-

123 1626 260 1700 κρὸν
306 1626 698 1693 καθικέτευσεν,
734 1622 996 1680 ἂπιδόντα
1050 1624 1187 1700 πρὸς
1242 1623 1306 1678 τὸ
1365 1620 1656 1701 μεγαλεῖον
1686 1627 1785 1678 τοῦ

126 1714 318 1791 γένους
375 1721 477 1784 τῆς
535 1711 803 1776 Σύδοκίας
862 1713 952 1768 καὶ
1010 1712 1196 1769 ἑαυτὸν
1248 1709 1307 1768 δὲ
1344 1711 1779 1787 οἶκτειρήσαντα,

121 1805 490 1882 γενησόμενον
532 1804 707 1867 οὓτως
756 1801 840 1858 ἐπ’
894 1802 1209 1878 ἀσχήμοσιν
1266 1798 1450 1878 ἔργοις
1498 1799 1778 1876 ἀοίδιμον.

125 1894 248 1951 Ούκ
276 1889 421 1972 ἔχων
455 1890 513 1947 δὲ
554 1890 645 1947 καί
692 1891 890 1947 πείθειν
920 1892 994 1954 ὡς
1015 1893 1123 1984 τὴν
1156 1892 1386 1969 γνώμην
1418 1891 1645 1965 ἀκαμπῆ
1689 1893 1777 1947 καὶ
1809 1920 1855 1984 Β

123 1981 537 2057 δυσμείλικτον,
570 1981 732 2044 αύτὸς
778 1983 878 2051 τὴν
928 1978 1196 2037 Εύδοκίαν
1243 1981 1636 2057 προσηκούσης
1683 2002 1776 2037 κο-

125 2071 295 2149 μιδῆς
353 2071 589 2142 ἀξιώσας
641 2068 981 2146 παραδίδωσι
1053 2075 1171 2133 τοῖς
1223 2071 1484 2141 ἀπάξουσι
1543 2068 1773 2133 δεόντως

122 2163 200 2223 εἷς
252 2161 318 2217 τὸ
372 2160 704 2238 Δυρῥάχιον.
765 2161 964 2217 Μαθὼν
1021 2157 1078 2215 δὲ
1133 2160 1197 2215 τὸ
1253 2160 1478 2237 γεγονὸς
1511 2161 1538 2216 6
1570 2162 1773 2236 πατὴρ,

121 2254 345 2326 πέμψας
405 2248 783 2329 ἀμφικέφαλον
855 2246 1116 2325 καθέδραν
1177 2249 1266 2304 καὶ
1324 2250 1569 2325 κόσμους
1622 2270 1776 2327 περι-

124 2340 410 2419 δερῥαίους
442 2338 617 2402 ἄλλας
645 2360 704 2395 τε
757 2337 1200 2415 λαμπρειμονίας
1233 2339 1519 2416 βασιλικὰς
1553 2338 1777 2395 εἰσοικίο

122 2437 271 2502 ζεται
320 2432 420 2501 τήν
475 2425 760 2504 θυγατέρα.
825 2427 976 2498 Πλὴν
1038 2426 1163 2484 οὐδὲ
1218 2433 1318 2484 τοῦ
1366 2428 1573 2503 Νεεμὰν
1630 2431 1778 2485 οῦτοι

120 2521 236 2576 υἱοί
286 2516 497 2596 ἀδελφὰ
544 2521 867 2596 φρονοῦντες
920 2516 995 2578 εἰς
1059 2516 1216 2579 τέλος
1265 2517 1575 2593 διήρκεσαν,
1619 2516 1780 2573 ἐκπο-

121 2608 469 2682 λεμωθέντες
502 2606 560 2662 δὲ
590 2609 707 2663 κατ’
734 2603 1003 2678 ἀλλήλων
1033 2612 1112 2679 τῷ
1148 2611 1303 2682 χορῷ
1329 2611 1439 2663 τῶν
1469 2606 1655 2662 ἄλλων
1688 2607 1780 2662 καὶ

119 2696 242 2754 οἶδε
305 2697 678 2774 συνήφθησαν,
754 2694 846 2758 οίίς
924 2699 1104 2771 μικρῷ
1176 2694 1405 2771 πρόσθεν
1469 2695 1780 2771 εἰρήκειμεν

117 2786 460 2866 ἠγνοηκέναι
497 2787 598 2856 τήν
650 2784 809 2861 φύσιν
859 2782 949 2840 διά
992 2806 1052 2841 τε
1104 2784 1402 2861 φιλαρχίαν
1454 2785 1545 2840 καὶ
1574 2787 1781 2861 τρόπου

1901 644 2024 699 sola
2053 646 2213 699 tenui
2246 644 2499 699 interula
2532 644 2752 712 relicta,
2775 661 2958 717 eaque
2986 646 3245 719 undique
3278 649 3541 720 praecisa,

1902 739 1961 788 ut
1994 733 2083 788 vix
2115 734 2419 805 pudendas
2460 741 2651 807 partes
2695 738 2935 805 tegeret,
2964 738 3137 804 atque
3179 736 3257 791 ita
3287 737 3540 808 ignomi-

1901 822 2062 877 niose
2094 839 2209 893 quo
2262 822 2493 877 libitum
2544 828 2697 879 esset
2755 823 2913 879 abire
2972 824 3127 880 sinit.
3162 825 3305 880 Huic
3358 843 3541 897 poenae

1897 915 2017 967 tam
2051 912 2394 975 inhonestae,
2414 913 2558 969 105
2587 911 2762 967 atroci
2788 916 2844 968 et
2877 913 3205 968 immodicae
3229 916 3538 984 frater-ejus

1904 1000 2107 1056 Volcus
2137 1001 2484 1068 intercedit;
2518 1008 2574 1057 et
2592 1002 2890 1072 objurgata
2919 1003 3048 1072 ejus
3082 1002 3537 1074 inhumanitate,

1895 1093 2020 1145 orat
2048 1093 2109 1144 ut
2160 1089 2423 1160 deposita
2454 1091 2753 1146 iracundia
2802 1090 2971 1163 paulo
3003 1091 3351 1149 clementius
3382 1099 3536 1165 agat,

1892 1177 2093 1233 habita
2124 1177 2344 1233 ratione
2376 1177 2622 1234 illustris
2654 1181 2884 1251 generis
2942 1180 3230 1247 Eudociae,
3275 1186 3332 1235 et
3367 1183 3533 1237 famae

1891 1282 2006 1323 sum
2039 1267 2327 1335 consulat,
2361 1284 2426 1323 ac
2459 1272 2685 1324 tantam
2718 1268 3053 1341 ignominiae
3087 1269 3276 1325 labem
3309 1277 3531 1329 caveat.

1889 1356 1999 1413 Sed
2032 1372 2165 1412 cum
2214 1357 2479 1428 pertinax
2524 1361 2581 1413 et
2638 1356 3007 1429 implacabile
3045 1358 3174 1429 ejus
3232 1359 3533 1430 ingenium

1890 1462 2119 1502 movere
2150 1462 2265 1502 non
2299 1450 2517 1517 posset,
2551 1446 2673 1519 ipse
2731 1447 3045 1502 Eudociam
3080 1448 3164 1502 ita
3196 1457 3531 1520 susceptam

1888 1538 1952 1590 ut
1972 1534 2232 1608 dignitas
2264 1536 2391 1604 ejus
2415 1534 2770 1607 postulabat,
2798 1535 3179 1608 Dyrrachium
3206 1538 3528 1608 perducen-

1885 1623 2019 1680 dam
2052 1631 2228 1680 curat.
2263 1624 2385 1687 Quo
2415 1639 2557 1680 casu
2579 1624 2812 1696 cognito
2844 1630 3013 1695 pater
3038 1624 3220 1680 ﬁliam
3247 1624 3449 1680 lectica
3481 1634 3535 1681 et

1884 1713 2245 1771 ornamentis
2276 1712 2665 1771 muliebribus
2724 1713 2947 1779 missis,
2971 1714 3031 1768 in
3092 1715 3240 1771 tedes
3272 1731 3409 1771 suas
3440 1732 3531 1771 re-

1885 1803 2044 1876 cipit.
2076 1802 2359 1860 Czeterum
2392 1820 2462 1859 ne
2485 1803 2546 1858 hi
2580 1803 2819 1876 quidem
2860 1803 3173 1860 Neemanis
3206 1802 3308 1859 ﬁlii
3357 1804 3532 1877 longo

1884 1901 2143 1966 tempore
2182 1895 2500 1951 concordes
2533 1898 3007 1966 permanserunt,
3040 1895 3139 1950 sed
3202 1894 3531 1952 inimicitiis

1884 1982 2168 2055 susceptis
2200 1982 2260 2038 in
2308 1987 2644 2039 caeterorum
2705 1986 2911 2039 coetum
2970 1984 3345 2053 transierunt,
3382 2001 3530 2057 quos

1883 2092 2063 2148 supra
2084 2075 2341 2132 diximus
2374 2092 2475 2147 per
2528 2076 2911 2132 ambitionem
2966 2079 3024 2131 et
3052 2077 3380 2132 vecordiam
3424 2095 3529 2133 na-

1883 2170 2024 2222 tura
2055 2164 2269 2222 oblitos
2292 2181 2459 2231 esse;
2493 2171 2548 2220 et
2580 2164 2790 2220 Volcus
2837 2165 3022 2221 victor
3079 2165 3441 2237 Stephanum
3476 2173 3535 2224 et

1890 2255 2211 2328 principatu
2269 2262 2324 2310 et
2381 2255 2563 2326 patria
2623 2254 2833 2325 exegit.
2886 2256 3027 2309 Nam
3077 2270 3207 2310 cum
3266 2256 3530 2312 fraternae

1887 2344 2060 2401 caedis
2089 2343 2416 2415 exemplum
2457 2360 2524 2398 ex
2565 2343 2708 2399 urbe
2730 2344 3090 2413 imperalrice
3120 2350 3531 2416 promanasset

1887 2441 1945 2492 et
1969 2442 2258 2492 extremos
2278 2435 2436 2491 orbis
2460 2438 2748 2490 terrarum
2777 2436 2918 2490 ﬁnes
2949 2441 3327 2508 pervagatum
3357 2442 3533 2505 esset,

1889 2543 2005 2583 non
2036 2526 2223 2581 Persze
2257 2529 2484 2581 tantum
2513 2528 2571 2580 et
2618 2525 3024 2597 Tauroscythaa
3064 2530 3121 2581 et
3166 2525 3221 2580 hi
3254 2525 3535 2582 Dalmatas

1890 2619 1948 2670 et
1976 2619 2180 2686 postea
2225 2614 2534 2682 Pannonii,
2566 2614 2665 2669 sed
2698 2622 2750 2668 et
2808 2613 2908 2668 alii
2954 2612 3535 2684 plures-ceterarum

1890 2700 2151 2773 gentium
2182 2699 2480 2772 principes
2502 2699 2743 2755 ensibus
2765 2698 2822 2753 in
2854 2705 3133 2771 cognatos
3151 2716 3287 2756 suos
3315 2701 3536 2757 strictis

1894 2788 2240 2845 seditionem
2273 2793 2331 2845 et
2359 2787 2604 2844 caedium
2641 2788 2856 2859 patrias
2885 2804 3024 2843 suas
3078 2788 3534 2860 compleverunt

116 2878 447 2948 σκαιότητα⁶
482 2876 571 2931 καὶ
604 2876 790 2953 φανεὶς
816 2875 1074 2951 κρείττων
1110 2876 1138 2931 6
1178 2873 1389 2938 Βόλκος
1437 2880 1539 2945 τῆς
1585 2874 1766 2951 ἀρχῆς
1815 2877 1928 2949 ἅμα
1984 2876 2075 2932 ααὶ
2120 2881 2221 2946 τῆς
2280 2873 2539 2949 πατρίδος
2597 2872 2866 2944 έκτοπίζει
2919 2875 3010 2929 τὸν
3079 2873 3368 2955 Στέφανον.
3431 2877 3532 2933 Ἐκ

107 2968 221 3044 γὰρ
293 2972 395 3035 τῆς
429 2969 536 3019 τῶν
605 2963 821 3020 πόλεων
895 2961 1180 3041 βασιλίδος
1233 2964 1413 3039 ὥσπερ
1478 2964 1626 3027 τινὸς
1693 2965 2060 3041 ὑπογραμμοῦ
2125 2966 2218 3021 καὶ
2282 2965 2455 3020 τύπου
2522 2961 2612 3018 καὶ
2686 2966 2875 3017 κοινοῦ
2938 2962 3367 3036 θεμιστεύματος
3433 2971 3536 3035 τῆς

112 3056 555 3135 ἀδελφοκτονίας
611 3055 862 3126 ἐξιούσης
914 3055 1006 3110 καὶ
1064 3052 1472 3130 διαδραμούσης
1521 3061 1622 3125 τῆς
1686 3062 1793 3130 γῆς
1848 3057 1916 3111 τὰ
1967 3054 2194 3131 πέρατα,
2254 3054 2315 3110 ού
2382 3053 2581 3128 Πέρσαι
2645 3052 2812 3125 μόνον
2869 3053 2960 3107 καὶ
3016 3052 3389 3129 Τουροσκύθαι
3446 3052 3538 3109 καὶ

113 3146 241 3204 οἶδε
272 3148 326 3201 οἱ
358 3145 643 3219 Δαλμάται
671 3146 759 3200 καὶ
798 3144 1085 3219 μετέπειτα
1116 3145 1403 3213 Πάννονες,
1437 3143 1583 3200 ἀλλὰ
1608 3146 1701 3201 καὶ
1731 3144 1920 3201 λοιποὶ
1947 3142 2124 3220 ἕτεροι
2155 3145 2281 3221 παρ’
2313 3143 2483 3200 ἔθνεσι
2519 3141 2931 3207 δυναστεύοντες
2972 3145 3206 3198 στάσεων
3238 3143 3328 3199 καὶ
3354 3142 3534 3224 φόνων

107 3240 218 3300 τὰς
249 3238 456 3292 ἑαυτῶν
489 3232 755 3310 πατρίδας
782 3232 1112 3306 ἐνέπλησαν,
1144 3234 1266 3289 καθ’
1295 3234 1579 3310 ὁμογενῶν
1609 3234 1675 3289 τὰ
1707 3233 1830 3310 ξίφη
1865 3234 2224 3307 σπασάμενοι.

196 3327 353 3382 Κατᾶ
402 3322 458 3380 δὲ
503 3324 635 3386 τοὺς
681 3322 916 3399 χρόνους
958 3322 1186 3386 τούτους
1234 3320 1397 3397 ἔξεισι
1445 3329 1545 3392 τῆς
1579 3322 1786 3385 Μυσίας

1969 3324 2119 3380 106
2149 3324 2266 3379 Sub
2297 3322 2407 3380 hoc
2437 3326 2664 3395 tempus
2691 3322 2949 3379 Joannes
2981 3338 3111 3378 cum
3171 3324 3425 3380 maxime
3482 3327 3539 3380 et

115 3419 148 3473 ὀ
207 3415 464 3486 Ἰωάννης
521 3415 756 3488 μεγίστῳ
811 3433 870 3468 τε
921 3414 1012 3468 καὶ
1060 3412 1371 3489 παγχάλκῳ
1403 3410 1788 3488 στρατεύματι,

119 3506 223 3561 καὶ
292 3501 596 3580 διειληφὼς
655 3503 753 3571 τὴν
808 3499 1182 3559 Κωνστάντιαν
1248 3506 1530 3577 χειροῦται
1587 3500 1789 3572 ταύτην

120 3596 273 3651 κατὰ
332 3600 503 3649 πᾶσαν
565 3592 860 3665 εὐπέτειαν,
917 3594 1002 3666 [Ρ.
1057 3594 1184 3665 344]
1246 3589 1515 3664 διάσημον
1549 3591 1710 3647 οὖσαν
1740 3590 1792 3647 έν

122 3690 257 3745 τοῖς
309 3685 408 3747 τῆς
467 3679 742 3752 Ῥοδόπης
802 3682 1180 3760 σχοινίσμασι.
1243 3680 1343 3735 Καὶ
1399 3678 1644 3745 καθελὼν
1698 3681 1789 3737 τὸν

123 3773 340 3843 ταύτης
389 3766 683 3847 περίϐολον
741 3770 942 3835 ἐκεῖθεν
1000 3769 1354 3825 ἀπανίσταται
1401 3770 1492 3824 καὶ
1538 3772 1673 3846 περῖ
1691 3772 1789 3840 τὴν

128 3864 348 3938 Βάρναν
402 3858 904 3936 στρατοπεδεύεται,
952 3861 1043 3915 καὶ
1092 3858 1382 3935 πολιορκεῖ
1416 3858 1670 3933 γενναίως
1700 3862 1789 3916 καὶ

122 3954 340 4024 ταύτην
392 3952 533 4008 κατὰ
586 3952 686 4020 τὴν
746 3945 907 4022 ἕκτην
959 3954 1070 4005 τῶν
1126 3954 1224 4005 τοῦ
1264 3952 1502 4026 Χριστοῦ
1533 3952 1794 4023 παθημά-

119 4064 241 4099 των
300 4041 533 4117 ἡμέραν.
598 4039 857 4095 Παντοίαν
942 4037 989 4094 δ’
1060 4032 1303 4094 ἔνστασιν
1373 4037 1790 4113 ἐνδεικνυμένων

119 4137 244 4190 τῶν
275 4128 478 4202 ἔνδοθι,
508 4128 809 4206 κρατίστων
871 4128 1042 4185 ὄντων
1098 4133 1206 4184 τῶν
1264 4129 1534 4185 πλείστων
1564 4131 1670 4185 κάκ
1696 4133 1793 4184 τοῦ

122 4223 432 4277 Λατινικοῦ
491 4217 712 4297 στίφους
792 4214 1337 4292 συγκεκροτημένων,
1394 4214 1791 4291 τετράπλευρον

125 4311 423 4381 συντίθησι
485 4311 745 4386 μηχανὴν
809 4310 1306 4383 συμμηκιζομένην
1357 4313 1438 4381 τῷ
1496 4304 1638 4384 εὔρει
1694 4310 1795 4377 τῆς

126 4405 349 4482 τάφρου
387 4401 479 4457 καὶ
528 4401 727 4476 ἴσοϋψῆ
782 4405 862 4474 τῷ
905 4400 1083 4476 τείχεί
1127 4407 1229 4469 τῆς
1276 4399 1513 4467 πόλεως,
1544 4399 1633 4454 καὶ
1664 4399 1796 4453 ταύ-

122 4513 239 4563 την
275 4490 590 4568 ὑπότροχον
649 4489 809 4546 οὖσαν
867 4496 970 4560 τῆς
1020 4489 1229 4565 τάφρου
1288 4486 1523 4563 ἄγχιστα
1571 4490 1794 4558 στήσας,

129 4582 255 4637 εἶτα
311 4579 614 4655 ἀνατρέψας
662 4578 987 4656 ἀμφοτέρων
1034 4582 1144 4633 τῶν
1193 4576 1438 4651 περάτων
1485 4571 1793 4648 ἐπιλαμϐά-

1893 3413 2077 3469 armis
2106 3412 2558 3468 instructissimo
2582 3410 2833 3467 exercitu
2867 3411 3056 3484 Mysia
3085 3426 3360 3484 egressus
3392 3414 3537 3468 Con-

1891 3505 2167 3563 stantiam
2200 3505 2490 3576 insignem
2526 3504 2729 3559 urbem
2764 3503 3078 3576 Rhodopaei
3103 3502 3381 3560 territorii
3413 3503 3543 3559 sine

1896 3593 2017 3650 ulla
2046 3593 2395 3649 difﬁcultate
2426 3594 2604 3666 capit,
2639 3597 2696 3648 et
2727 3593 3019 3648 moenibus
3046 3592 3259 3647 dirutis
3290 3592 3539 3647 Varnam

1893 3687 2054 3739 sexto
2103 3684 2196 3738 die
2238 3681 2533 3739 Passionis
2590 3681 2899 3736 dominicas
2950 3681 3176 3737 fortiter
3223 3687 3538 3750 Oppugnat.

1894 3776 2003 3832 Sed
2038 3791 2169 3830 cum
2203 3775 2243 3829 ii
2299 3773 2398 3846 qui
2430 3775 2632 3829 urbem
2687 3773 2990 3841 tcnebart,
3026 3771 3289 3844 plerique
3334 3769 3533 3824 fortis-

1895 3865 2030 3922 simi
2062 3865 2171 3920 viri
2201 3868 2258 3920 et
2290 3862 2475 3918 Latini
2500 3861 3002 3933 generis,summa
3032 3876 3140 3933 ope
3174 3858 3535 3930 resisterent,

1896 3952 2343 4025 quadrilateram
2377 3950 2711 4006 machinam
2741 3948 3150 4019 fabricatiquaa
3175 3946 3542 4018 longitudine

1898 4040 2194 4099 latitudini
2220 4041 2386 4095 fossae
2410 4044 2466 4095 et
2517 4038 2830 4093 altitudine
2863 4036 3094 4107 fastigio
3138 4035 3416 4093 moenium
3446 4053 3540 4092 re-

1896 4131 2208 4204 sponderet
2239 4145 2252 4196 ;
2287 4132 2343 4183 et
2372 4144 2441 4184 ea
2483 4126 2621 4183 rotis
2680 4123 2965 4196 subjectis
3018 4123 3277 4197 proxime
3324 4125 3545 4182 fossam

1897 4218 2242 4275 collocataet
2274 4217 2483 4271 deinde
2515 4231 2712 4271 eversa
2738 4217 3013 4284 utrosque
3042 4213 3186 4267 tines
3213 4213 3542 4285 apprehen-

1898 4307 1983 4363 dit
2003 4327 2018 4377 ;
2035 4308 2352 4377 eademque
2369 4302 2634 4359 machina
2646 4307 2702 4357 et
2717 4302 2784 4356 ad
2804 4301 3147 4373 explendam
3166 4301 3381 4357 fossam
3405 4305 3461 4356 et
3474 4301 3548 4358 ad

1898 4395 2338 4455 conscendenda
2360 4392 2575 4449 moenia
2607 4408 2709 4464 pro
2740 4390 2918 4446 scalis
2952 4407 3094 4446 usus
3120 4390 3311 4446 triduo
3344 4391 3544 4447 Barnaa

1901 4486 2139 4558 potitur.
2174 4484 2374 4554 Neque
2413 4481 2527 4538 diei
2587 4479 3021 4537 solemnitatem
3079 4482 3220 4549 (erat
3276 4479 3433 4535 enim
3486 4480 3544 4535 id

1900 4574 2340 4631 sanctissimum
2373 4571 2715 4638 Sabbatum,
2748 4584 2861 4640 quo
2889 4567 3170 4623 Dominus
3202 4567 3260 4622 in
3283 4566 3548 4640 sepulcro

126 4692 311 4740 νεται,
360 4668 451 4725 καὶ
508 4673 591 4741 τῷ
638 4669 793 4740 αὐτῷ
847 4666 939 4722 καὶ
998 4666 1075 4721 ἑνὶ
1140 4667 1499 4742 μηχανήματι
1541 4663 1794 4740 ζεύγματί

1905 4662 2198 4734 dormivit)
2234 4677 2415 4731 neque
2444 4659 2847 4715 Christianum
2904 4674 3115 4714 nomen
3174 4658 3396 4714 veritus
3424 4658 3553 4714 bar-

126 4786 191 4821 τε
250 4768 354 4830 τῆς
411 4760 618 4836 τάφρου
696 4758 1051 4836 χρησάμενος
1124 4756 1214 4811 καὶ
1270 4755 1504 4829 κλίμακι
1561 4754 1797 4825 ἐξικνου-

135 4855 281 4928 μένῃ
334 4848 431 4904 τοῦ
490 4848 660 4922 ὓψους
717 4854 820 4916 τῆς
894 4845 1111 4907 πόλεως
1174 4844 1352 4919 τρισὶν
1409 4845 1643 4918 ἡμέραις
1698 4850 1801 4914 τῆς

132 4942 353 5017 Βάρνας
383 4943 591 5013 κρατεῖ.
642 4933 780 4995 Οὔτε
840 4932 899 4990 δὲ
952 4941 1055 5004 τῆς
1113 4933 1324 5009 ἡμέρας
1377 4934 1477 5003 τὴν
1511 4930 1738 5006 δύναμιν
1773 4933 1801 4988 ὁ

139 5025 424 5107 βάρϐαρος
469 5027 730 5097 πτοηθεὶς
774 5025 860 5096 (ἦν
908 5021 963 5079 δὲ
1016 5025 1079 5079 τὸ
1121 5020 1628 5099 ὗπερευλογημένον
1657 5017 1801 5076 Σάϐ-

135 5116 170 5176 6
467 5123 481 5141 ν
556 5114 567 5134 I
625 5115 652 5134 οι
1449 5112 1462 5129 ε
1588 5110 1613 5130 η
1670 5110 1681 5131 ι
1745 5111 1761 5130 ι

176 5139 312 5175 ατον
366 5119 464 5173 καθ
536 5117 566 5171 6
624 5134 896 5170 υπνωττεν
959 5110 1013 5167 έν
1065 5112 1220 5189 τάφῳ
1268 5114 1522 5187 Χριστος)
1553 5131 1679 5167 ουτε
1708 5130 1802 5166 τον

136 5206 471 5284 Χριστιανὸν
523 5204 812 5275 αἲδεσθείς,
873 5203 932 5259 ’ὸν
994 5201 1180 5275 μόνοις
1221 5202 1504 5279 περιέφερε
1534 5200 1801 5277 χείλεσιν,

136 5301 294 5359 ἀλλὰ
348 5297 704 5377 φιλαιμάτοις
781 5291 1035 5365 δαίμοσιν
1114 5289 1543 5365 ἐλαστρούμενος
1601 5290 1803 5351 πάντας

140 5389 240 5452 οῦς
302 5386 595 5465 συνείληφε
654 5387 859 5453 ζῶντας
913 5380 1051 5436 κατὰ
1107 5385 1211 5449 τῆς
1263 5378 1475 5453 τάφρου
1527 5377 1681 5465 ὠθεῖ,
1711 5377 1803 5432 καὶ

1910 4752 2110 4815 barus,
2134 4750 2283 4819 quod
2318 4749 2461 4804 solis
2496 4748 2666 4804 labiis
2715 4748 2997 4818 jactabat,
3034 4746 3134 4802 sed
3185 4746 3551 4819 intemperiis

1911 4839 2272 4912 sanguinarii
2304 4838 2553 4907 alicujus
2613 4835 2895 4893 daemonis
2944 4839 3133 4901 actus,
3166 4852 3371 4891 omnes
3403 4853 3554 4909 quos

1911 4929 2072 4985 vivos
2131 4932 2359 4998 ceperat
2410 4925 2467 4981 in
2524 4927 2736 4982 fossam
2789 4925 3190 4997 praecipitavit,
3224 4926 3552 4996 injectaque

1909 5018 2090 5075 humo
2121 5021 2178 5073 et
2207 5015 2435 5087 expleta
2480 5014 2872 5086 sepulcretum
2931 5012 3125 5067 locum
3176 5011 3344 5068 illum
3375 5012 3508 5066 facit
3537 5028 3552 5079 ;

1909 5124 2012 5165 nec
2045 5106 2227 5162 multo
2262 5109 2411 5177 post,
2443 5104 2621 5159 etiam
2658 5102 2949 5157 moenibus
2982 5101 3200 5155 eversis
3225 5100 3286 5155 in
3309 5100 3553 5172 Mysiam

1912 5196 2240 5263 revertitur,
2275 5192 2608 5264 hujusmodi
2634 5191 2884 5246 victimis
2905 5193 2963 5244 et
3006 5189 3150 5243 707
3211 5186 3554 5244 abominan-

1911 5289 2003 5345 dis
2031 5286 2255 5343 inferiis
2287 5285 2511 5342 celebre
2537 5283 2680 5339 illud
2705 5283 3023 5337 Sabbatum
3049 5284 3346 5336 veneratus
3372 5283 3556 5352 Atque

1914 5377 2035 5433 haec
2059 5376 2143 5431 sic
2173 5382 2333 5448 gesta
2365 5379 2522 5430 sunt.

142 5485 286 5556 χοῦν
318 5477 374 5540 ἐς
403 5456 658 5532 ῗσόπέδον
691 5474 914 5547 έπιχεας
943 5465 1316 5543 πολυάνδριον
1345 5468 1436 5523 τὸν
1468 5465 1634 5521 τόπον
1667 5464 1957 5522 δείκνυσιν.
1989 5465 2221 5521 ’Ἔπειτα
2267 5463 2356 5517 καὶ
2399 5461 2466 5516 τὰ
2501 5461 2663 5535 τείχη
2697 5457 3209 5532 καταστρεψάμενος
3239 5456 3314 5520 εἷς
3344 5458 3552 5516 Μυσίαν

146 5543 445 5636 indutam,
478 5543 1105 5642 Eva-ftapaaii'rmoﬁtmc
1152 5558 1240 5612 καὶ
1289 5554 1536 5612 τελεταῖς
1589 5554 2006 5628 μυσαρωτάταις
2061 5553 2160 5622 τήν
2224 5551 2350 5624 μίαν
2381 5555 2489 5605 τῶν
2533 5543 2817 5603 σαϐϐάτων
2847 5546 3074 5601 καὶτῶν
3106 5547 3330 5621 ἡμερῶν
3361 5548 3552 5623 κυρίαν

140 5681 259 5717 τετι
269 5659 486 5733 μηκώς.

215 5748 325 5809 Καὶ
356 5744 490 5825 τῇδε
524 5747 619 5821 μὶν
648 5744 739 5801 καὶ
765 5745 933 5800 ταῦτα
962 5737 1245 5817 ὶφέρετοἿΒ
1276 5735 1334 5794 δέ
1360 5758 1421 5815 γε
1442 5737 1789 5813 πρωτοστρὰ-

1968 5733 2194 5795 Manuel
2243 5748 2376 5791 vero
2408 5734 2681 5805 Camyses
2734 5732 3143 5804 protostrator,
3172 5731 3348 5807 longo
3392 5737 3557 5795 tem-
