4072 6218
411 363 530 424 916

1737 365 2046 430 NICETAE
2087 364 2506 428 CHONIATJ

3711 378 3845 440 916

414 515 554 570 pore
607 497 669 554 in
725 497 912 572 Mysia
965 504 1191 572 captus,
1253 500 1666 575 imperatorem
1741 508 1799 559 et
1854 518 2056 558 conso-

2169 518 2279 588 τωρ
2312 499 2578 588 Μανουηλ
2611 502 2639 557 ὁ
2661 500 2979 576 Καμύτζης,
3027 505 3256 580 χρόνιος
3304 505 3358 562 ἐν
3401 509 3582 582 Μυσίᾳ
3607 523 3850 588 καθειρ-

417 589 654 644 brinum
684 598 809 644 orat
833 591 896 642 ut
927 589 997 644 de
1022 606 1126 646 sua
1148 606 1208 646 re
1237 591 1508 648 familiari
1535 593 1855 649 redimatur
1873 607 2059 664 neque

2169 586 2448 662 γνύμενος,
2507 585 2678 644 δεῖται
2748 596 2844 646 τοῦ
2930 589 3225 674 ἐξαδέλφου
3278 597 3370 652 καὶ
3429 598 3713 673 βασιλέως
3774 585 3844 658 ἐκ

418 682 485 734 ut
525 676 828 733 maleﬁcus
857 676 1032 750 longo
1062 684 1322 752 tempore
1353 682 1412 738 in
1473 683 1867 739 Barbarorum
1900 686 2058 754 pote-

418 770 539 822 tate
570 763 956 837 relinquatur.
989 768 1099 824 Sed
1149 769 1222 826 iis
1251 769 1462 827 litteris
1515 772 1660 828 nihil
1707 771 2060 844 impetravit.

417 858 739 927 Desperata
766 855 946 926 igitur
977 859 1206 930 cognati
1235 876 1342 932 ope
1386 861 1457 916 ad
1491 861 1775 934 Chrysum
1830 877 1892 916 se
1921 877 2062 916 con-

415 943 602 1012 vertit,
634 947 694 1000 et
723 944 1012 1002 solutione
1041 947 1114 1002 ab
1143 962 1210 1003 eo
1241 947 1550 1019 impetrata
1571 952 1888 1007 Prosacum
1919 948 2060 1004 abit.

421 1037 501 1089 Ac
533 1047 605 1088 ne
635 1031 714 1088 ibi
745 1033 980 1105 quidem
1006 1035 1415 1106 imperatorem
1447 1039 1722 1095 obtestari
1753 1037 1968 1094 desinit
1999 1039 2064 1092 ut

417 1123 632 1196 Chryse
654 1123 805 1179 duos
835 1123 962 1180 auri
995 1126 1358 1182 centenarios
1407 1143 1512 1198 pro
1544 1128 1636 1184 sui
1666 1127 2063 1198 redemptione

417 1211 622 1280 solvat,
655 1228 787 1268 cum
842 1211 1014 1286 longe
1073 1214 1206 1286 plus
1238 1231 1308 1272 ex
1340 1215 1468 1272 suis
1526 1217 1738 1288 opibus
1783 1216 2061 1288 rapuerit,

415 1305 624 1374 praeter
653 1317 831 1357 aurea
859 1306 916 1358 et
944 1309 1218 1376 argentea
1250 1321 1385 1361 vasa
1417 1312 1476 1362 et
1507 1307 1677 1363 telam
1713 1307 1958 1363 sericam
2005 1309 2064 1362 et

416 1393 607 1446 vestes
637 1390 940 1462 pretiosas,
973 1407 1218 1462 quarum
1253 1409 1445 1449 rerum
1507 1395 1676 1466 cepia
1726 1394 2062 1451 mortalium

415 1477 911 1550 locupletissimus
942 1479 1116 1536 fuerit
1146 1481 1413 1538 habitus.
1438 1482 1543 1538 Ille
1572 1500 1708 1541 vero
1743 1487 2062 1555 protostra-

419 1567 566 1625 toris
597 1570 940 1641 cognatione
969 1569 1028 1625 in
1062 1587 1179 1626 una
1217 1572 1383 1628 lance
1415 1573 1596 1629 animi
1646 1575 1742 1630 sui
1797 1579 2062 1646 pensata,

421 1657 672 1730 pecunia
699 1674 832 1714 vero
873 1659 1003 1729 ejus
1033 1659 1091 1715 in
1125 1659 1366 1717 alteram
1399 1662 1698 1729 collocata,
1731 1671 1787 1720 et
1818 1669 2065 1736 utraque

421 1767 728 1825 perpensa,
763 1753 1139 1821 posteriorem
1176 1753 1425 1810 multum
1485 1755 1926 1826 praeponderare
1973 1757 2066 1810 de-

2163 683 2262 746 τῆς
2311 679 2514 744 οἱκείας
2565 679 2749 744 οὐσίας
2799 679 3031 752 λυθῆναι
3084 683 3216 757 μηδ’
3267 687 3343 750 ὡς
3393 695 3708 767 κακοῦργος
3747 691 3845 748 ἐπὶ

2165 764 2699 853 πολὺᾼπαροφθῆναι
2759 771 2905 846 παρᾶ
2964 767 3266 849 βαρϐάροις
3319 764 3686 853 δορύκτητος.
3720 781 3845 839 Ούκ

2167 854 2288 933 εἶχε
2319 851 2376 910 δὲ
2419 858 2506 912 καὶ
2559 857 2760 923 πείθειν
2818 857 2888 915 δι’
2944 861 3020 916 ὧν
3073 851 3417 924 ἐπέστελλεν.
3471 870 3842 944 ’Δπειρηκὼς

2167 941 2258 998 οὖν
2313 945 2404 1000 τὸν
2461 944 2729 1017 κηδεστὴν
2792 949 2996 1024 μέτεισι
3053 953 3288 1028 Χρύσαν,
3337 957 3428 1011 καὶ
3481 959 3612 1032 παρ’
3660 959 3844 1016 αὐτοῦ

2167 1029 2338 1088 δεῖται
2398 1032 2651 1107 λυθῆναι,
2704 1038 2794 1092 καὶ
2855 1039 2930 1101 ὡς
2987 1039 3109 1116 εἶχε
3162 1043 3230 1098 τὰ
3284 1029 3840 1126 ᾗτημέναπεπερα-

2167 1124 2360 1196 σμὲνα,
2419 1123 2478 1180 ἐκ
2531 1125 2742 1189 Μυσίας
2797 1127 2851 1190 ἐς
2898 1131 3176 1206 Πρόσακον
3235 1130 3464 1192 ἄπεισιν.
3514 1135 3683 1194 Ἀλλ’
3715 1123 3845 1195 οὐδ’

2165 1210 2337 1302 ἐκεῖσε
2387 1216 2677 1290 γενόμενος
2733 1225 3013 1296 καθυφῆκε
3065 1225 3164 1276 τοῦ
3220 1221 3490 1298 βασιλέως
3543 1225 3847 1302 δεόμενος,

2167 1301 2217 1356 εἲ
2268 1323 2386 1364 πως
2437 1308 2515 1376 τῷ
2575 1305 2772 1381 Χρύσῳ
2819 1307 2888 1363 τὰ
2933 1305 3105 1384 λύτρα
3133 1313 3445 1382 κατάθοιτο,
3480 1316 3559 1379 εἰς
3593 1301 3698 1372 δύο
3732 1340 3840 1374 πο-

2168 1390 2408 1465 σούμένα
2457 1397 2668 1468 χρυσοῦ
2713 1398 3060 1472 κεντηνάρια,
3109 1399 3576 1460 πολλαπλασίονα
3621 1406 3845 1465 τούτων

2166 1481 2520 1573 ἀφαιρεθῆναι
2571 1485 2788 1560 φάσκων
2847 1485 2995 1557 πλὴν
3050 1493 3158 1544 τῶν
3211 1491 3489 1568 ἀργυρέων
3537 1494 3635 1550 καὶ
3693 1517 3845 1573 χρυ-

2169 1567 2302 1624 σέων
2337 1575 2540 1627 σκευῶν
2595 1578 2702 1628 τῶν
2758 1580 3014 1650 Σηρικῶν
3059 1597 3118 1633 τε
3162 1581 3420 1652 νημάτων
3469 1584 3567 1639 καὶ
3597 1591 3716 1641 τῶν
3747 1608 3852 1644 πε-

2170 1664 2408 1736 ριφανῶν
2467 1659 2810 1736 ἐσθημάτων,
2872 1665 2959 1728 οἷς
3023 1667 3331 1744 ὑπερεκόμα
3390 1671 3848 1751 ῥυηφενέστατος

2168 1747 2472 1824 ἀνθρώπων
2505 1751 2708 1824 φανείς.
2760 1754 2820 1810 ’0
2873 1751 2932 1810 δὲ
2973 1755 3072 1824 τὴν
3120 1757 3305 1832 σχέσιν
3336 1765 3434 1816 τοῦ
3466 1747 3849 1841 πρωτοστράο

419 1837 744 1909 prehendit.
779 1837 927 1894 708
978 1837 1176 1908 Itaque
1234 1839 1618 1912 ﬂagitationes
1649 1844 1777 1912 ejus
1837 1858 1941 1898 nec
1975 1860 2059 1899 ex-

2169 1856 2329 1906 τορος
2361 1837 2415 1893 ἐν
2441 1839 2737 1918 πλάστιγγι
2790 1848 2890 1916 μιᾷ
2937 1849 3033 1900 τοῦ
3082 1853 3184 1916 τῆς
3239 1850 3433 1924 φρενὸς
3465 1856 3640 1930 ζυγοῦ
3674 1837 3857 1912 κατα-

419 1929 622 1984 tremis
670 1927 908 1983 auribus
966 1928 1227 1984 admisit.
1261 1928 1424 1986 Unda
1465 1934 1738 2004 Camyzes
1788 1931 2063 2004 despera-

419 2017 576 2072 tione
606 2022 841 2072 coactus
872 2015 1070 2072 statuit
1097 2033 1233 2074 cum
1265 2017 1486 2091 Chryse
1507 2019 1788 2076 ﬁnitimos
1817 2025 2062 2078 Prosaco

427 2107 830 2163 Romanorum
855 2123 1026 2178 agros
1057 2112 1378 2179 vastare,ac
1399 2109 1772 2182 Pelagoniam
1804 2111 2064 2169 celeriter

421 2195 741 2268 subigunt;
775 2199 832 2252 et
871 2195 1101 2269 Prilapo
1131 2197 1257 2254 sine
1287 2198 1632 2256 difﬁcultate
1664 2200 1828 2272 politi
1859 2201 2064 2258 ordine

421 2290 626 2342 caetera
655 2285 960 2356 invadunt,
993 2292 1219 2344 remota
1247 2289 1318 2343 ad
1351 2289 1704 2346 deditionem
1730 2290 2062 2363 impellunt,

425 2391 526 2446 per
545 2375 760 2444 Tempe
791 2373 1125 2432 Thessalica
1155 2380 1484 2448 penetrant,
1515 2381 1870 2451 campestria
1899 2396 2065 2436 occu-

423 2468 584 2536 pant,
618 2463 897 2520 Graeciam
929 2470 1320 2536 commovent,
1370 2466 1842 2540 PeIOponnesum
1872 2471 1942 2525 ad
1979 2486 2061 2525 re-

421 2551 734 2608 bellionem
767 2552 1070 2624 instigant.
1101 2559 1258 2610 Tunc
1290 2560 1349 2611 et
1379 2557 1530 2612 alius
1561 2557 2063 2627 seditiosus,velut

421 2641 560 2698 olim
591 2646 756 2698 terrae
786 2640 914 2711 filii,
945 2643 1188 2714 exstitit,
1215 2649 1472 2702 Joannes
1501 2647 1918 2720 Spyridonaces
1949 2647 2059 2721 Cy-

419 2731 605 2804 prius,
633 2731 808 2788 homo
839 2732 1084 2788 deformi
1111 2735 1294 2798 vultu,
1319 2741 1544 2791 statura
1569 2737 1826 2806 fcediore,
1847 2738 2060 2794 strabis

419 2820 627 2888 oculis,
657 2821 935 2878 sordidus
955 2821 1170 2893 opifex,
1205 2823 1438 2878 fortuna
1472 2824 1698 2880 inﬁma.
1757 2827 1870 2882 Sed
1919 2827 2059 2882 dum

417 2910 755 2982 imperatori
778 2909 1418 2977 inservit,mirabilibus
1449 2913 1823 2970 successibus
1844 2920 1900 2970 et
1927 2933 2059 2988 pro-

418 2999 778 3056 motionibus
833 2999 1130 3056 interioris
1188 3001 1314 3056 ﬁsci
1389 3001 1668 3057 custodias
1725 3005 2058 3076 praeﬁcitur.

421 3087 638 3144 Deinde
667 3087 964 3144 Smolanis
997 3091 1342 3160 praepositus
1398 3107 1533 3146 eum
1585 3109 1618 3147 a
1665 3109 1781 3164 quo
1840 3095 2060 3152 missus

419 3182 546 3233 erat
567 3181 914 3247 aspernatur
942 3182 1007 3233 ut
1031 3177 1126 3232 vili
1157 3184 1213 3233 et
1242 3179 1496 3252 simplici
1554 3181 1788 3252 ingenio
1851 3183 2056 3255 praedi-

420 3269 590 3330 tum,-
643 3269 701 3320 et
729 3265 953 3322 difﬁcili
1009 3266 1323 3338 provincias
1380 3269 1544 3326 aditu
1579 3271 1763 3326 fretus
1794 3271 2060 3328 bifariam

423 3354 513 3412 illi
544 3355 786 3424 resistit,
819 3356 1187 3429 inopinatum
1217 3363 1275 3414 et
1296 3359 1620 3431 pessimum
1653 3363 2060 3419 infortunium.

425 3449 501 3502 At
530 3444 846 3517 imperator
875 3445 1044 3502 tertio
1103 3451 1230 3502 tum
1285 3449 1438 3504 malo
1497 3451 1857 3519 conﬂictans,
1893 3453 2062 3509 fami-

426 3533 555 3590 liari
611 3533 724 3590 sibi
781 3534 1077 3591 articulari
1138 3537 1362 3605 morbo,
1429 3539 1645 3610 duplici
1722 3541 2064 3613 paenitentia

418 3639 597 3696 supra
625 3625 869 3680 modum
911 3625 1252 3697 angebatur,
1285 3627 1438 3698 quod
1480 3645 1584 3684 nec
1642 3631 2060 3687 consobrinum

415 3711 830 3768 redemissetet
860 3728 1110 3783 nequam
1134 3713 1432 3771 hominem
1449 3716 1898 3788 Spyridonacem
1925 3736 2060 3775 cum

413 3816 522 3858 suo
553 3801 834 3858 dedecore
857 3806 942 3858 tot
977 3803 1127 3859 709
1156 3804 1574 3862 munitissimis
1593 3807 1835 3864 urbibus
1865 3809 2063 3880 prefe-

411 3890 624 3960 cisset;
653 3894 711 3946 et
740 3891 925 3962 copiis
947 3908 1092 3963 quas
1123 3899 1412 3966 coegerat,
1441 3894 1502 3950 in
1533 3895 1680 3955 duas
1712 3901 1907 3968 partes
1935 3897 2059 3954 dis-

409 3979 673 4048 tributis,
700 3979 945 4036 alteram
978 3979 1180 4037 Alexia
1211 3982 1528 4056 Ρειιωοιοεο
1559 4001 1772 4057 genero
1804 4003 1911 4042 suo
1943 3992 2060 4044 tra-

413 4069 496 4126 dit
520 4073 584 4125 ut
615 4068 1075 4128 homuncionem
1101 4071 1560 4144 Spyridouacem
1601 4075 1944 4146 ulciscatur,
1977 4077 2060 4133 al-

411 4161 592 4214 teram
623 4158 692 4214 ad
741 4159 1142 4232 OEuopolitam
1182 4162 1486 4233 Joannem,
1538 4165 1636 4236 qui
1663 4169 2058 4236 protostralori

412 4247 745 4316 resistebat,
780 4248 981 4306 mittit.
1017 4251 1090 4306 Ac
1121 4251 1496 4322 imperatoris
1556 4269 1766 4325 genero
1824 4255 2060 4313 Alexius

413 4335 725 4407 prudentia
739 4340 795 4391 et
819 4337 1064 4393 audacia
1085 4338 1346 4394 adhibita
1369 4340 1825 4412 Spyridonacem
1851 4345 2059 4416 exiguo

412 4441 544 4480 cum
575 4423 774 4481 labore
805 4425 1063 4482 devincit
1093 4433 1150 4483 et
1199 4445 1420 4485 nanum
1475 4430 1642 4487 illum
1702 4432 1760 4488 in
1811 4433 2056 4502 Mysiam

411 4515 592 4585 fugat.
628 4515 1074 4572 Protostratoris
1099 4533 1230 4573 vero
1279 4517 1515 4576 rebellio
1547 4537 1680 4576 cum
1715 4520 1888 4594 longo
1918 4539 2059 4580 sane

2171 4526 2416 4602 δωνᾶκην
2478 4533 2553 4595 είς
2602 4529 2810 4601 ὄνειδος
2855 4537 3060 4595 οἰκεῖον

409 4606 673 4672 tempore
714 4603 1009 4670 durasset,
1043 4621 1316 4676 prospero
1375 4609 1532 4664 exitu
1581 4619 1666 4666 est
1720 4612 2056 4670 terminata.

2169 4618 2451 4693 μνοτάτων
2491 4623 2814 4696 κατέστησεν

410 4689 558 4746 Nam
589 4689 917 4763 imperator
945 4709 1078 4748 cum
1109 4693 1240 4751 aliis
1267 4697 1561 4753 artibuset
1590 4699 1741 4755 dolis
1768 4700 2054 4774 Chrysum

410 4779 810 4849 circumvenit,
873 4784 999 4836 tum
1077 4787 1303 4854 neptem
1375 4785 1762 4856 Theodoram,
1830 4790 2054 4862 pridem

413 4870 624 4927 Ibanco
643 4869 1015 4942 deeponsam,
1042 4872 1311 4946 Byzantio
1333 4877 1672 4933 accersitam
1706 4879 1789 4935 illi
1820 4897 2056 4940 uxorem

413 4959 594 5016 dedit.
631 4960 698 5016 Et
727 4960 837 5017 hac
860 4961 1086 5018 ratione
1115 4964 1422 5036 Pelagonia
1463 4971 1521 5020 et
1551 4967 1779 5042 Prilapo
1813 4987 2056 5044 recupe-

413 5051 554 5107 ratis
611 5050 918 5108 Thessalia
964 5067 1196 5124 quoque
1255 5052 1540 5124 Camyzen
1600 5057 1858 5129 expellit,
1914 5059 2057 5118 alias

412 5139 611 5212 przslio
627 5141 872 5211 victum,
903 5141 1049 5197 alias
1083 5141 1232 5198 ultro
1265 5145 1607 5216 fugientem.
1636 5147 1896 5205 Tandem
1928 5151 2056 5222 ipso

409 5233 584 5288 etiam
606 5237 782 5290 Stano
813 5233 992 5304 ejicit,
1026 5249 1140 5306 quo
1170 5239 1233 5290 ut
1261 5233 1318 5290 in
1351 5235 1578 5309 asylum
1609 5237 2054 5312 inexpugnabile

409 5335 468 5374 se
519 5325 852 5392 receperat.-
885 5322 1237 5391 Hujusmodi
1298 5324 1589 5394 praeclaris
1614 5327 1890 5398 operibus
1923 5334 2056 5400 post

409 5407 746 5464 diuturnam
781 5408 1068 5465 desidiam
1102 5416 1160 5464 et
1193 5410 1483 5483 ignaviam
1508 5415 1682 5470 editis
1709 5415 2049 5488 Byzantium

413 5496 682 5549 recurrit.
717 5496 880 5552 Tunc
913 5499 1262 5555 Strommiza
1316 5516 1546 5574 quoque
1580 5505 1802 5576 potitus
1831 5512 1939 5571 est,
1973 5507 2048 5562 ibi

412 5583 589 5635 etiam
615 5582 830 5651 Chryso
871 5585 1292 5653 circumvento,
1323 5596 1380 5645 et
1409 5607 1611 5662 pacem
1661 5609 1791 5648 cum
1823 5593 2049 5650 Joanne

413 5666 570 5724 fecit.

2174 1928 2302 2000 θεὶς,
2335 1931 2387 1986 ἐν
2421 1928 2476 1986 δὲ
2505 1935 2702 2008 θατέρᾳ
2756 1934 2952 1992 τούτου
3007 1939 3296 2012 χρήματα,
3345 1943 3438 1997 καὶ
3483 1928 3850 2006 ταλαντεύων

2172 2018 2476 2098 ἀμφότερα,
2536 2021 2725 2097 πολλῇ
2781 2027 2850 2098 τῇ
2909 2023 3054 2100 ῥοπῇ
3117 2029 3414 2104 βαρυτέραν
3444 2035 3547 2104 τήν
3584 2033 3853 2112 δευτέραν

2171 2115 2436 2192 εὕρισκεν,
2482 2120 2600 2175 ὅθεν
2651 2118 2766 2176 οὐδ’
2815 2121 3004 2198 ἄκροις
3061 2125 3194 2180 ὠσὶν
3253 2128 3573 2203 εἶσφκίζετο
3620 2135 3692 2190 τὰ
3757 2129 3860 2193 ὑπ’

2173 2204 2378 2262 ἐκείνου
2424 2209 2760 2286 γραφόμενα.
2813 2212 3090 2268 Ἀπειπὼν
3141 2213 3234 2270 οὗν
3289 2218 3316 2272 ὁ
3368 2221 3668 2294 Καμύτζης
3709 2223 3861 2302 ἔγνω

2174 2297 2266 2386 σὺν
2309 2297 2514 2386 ,Χρύσῳ
2549 2304 2678 2386 τοῖς
2728 2301 3126 2376 ἀγχιτέρμοσιν
3181 2307 3452 2382 Προσάκῳ
3499 2297 3858 2386 Ῥωμείιῐιίοῖς

2173 2384 2450 2450 ἐπιθέσθαι
2504 2385 2783 2480 τέρμασιν.
2844 2389 3114 2467 Εὐμαρῶς
3177 2391 3269 2450 οὖν
3323 2384 3671 2474 Ῑῐελαγονίαν
3725 2422 3864 2480 χει-

2174 2480 2416 2549 ροῦνται,
2474 2475 2564 2530 καὶ
2619 2473 2818 2551 ῥᾳδίως
2861 2479 3162 2555 ὑπάγονται
3217 2473 3524 2560 Πρίλαπον,
3586 2473 3861 2570 ἐπιφύον-

2172 2585 2260 2618 ται
2313 2565 2380 2618 τὰ
2435 2562 2580 2634 έξῖς,
2640 2565 2908 2642 ἀφιστῶσι
2967 2569 3033 2625 τὰ
3089 2571 3398 2650 πόῤῥωθεν,
3452 2562 3858 2638 διεκπίπτουσι

2173 2656 2411 2725 Τεμπῶν
2441 2659 2550 2708 τῶν
2585 2653 2954 2730 Θετταλικῶν,
3011 2663 3116 2714 τῶν
3179 2659 3457 2720 πεδιάδων
3519 2665 3857 2743 ἐπιλαμϐά-

2171 2762 2377 2813 νονται,
2431 2748 2788 2816 παρακινοῦσι
2844 2748 2944 2817 τὴν
3016 2747 3278 2823 Ἐλλάδα,
3338 2751 3710 2829 παλίμϐολον
3771 2783 3864 2817 τι-

2173 2828 2321 2894 θέασι
2351 2831 2448 2900 τὴν
2479 2835 2576 2886 τοῦ
2637 2832 2908 2898 Πέλοπος.
2969 2837 3108 2894 Τότε
3165 2837 3223 2894 δὲ
3277 2841 3368 2896 καὶ
3408 2828 3673 2920 δεύτερος
3707 2851 3860 2907 ἀποο

2170 2922 2371 3015 ρτάτης
2432 2922 2572 2977 κατὰ
2625 2923 2758 2986 τοὺς
2832 2927 3106 3002 σπαρτοὺς
3179 2929 3494 2990 ἐπανέτειλε
3550 2939 3856 3014 γίγανσας.

2187 3011 2426 3081 Ιωάννης
2467 3012 2574 3086 γὰρ
2624 3034 2708 3076 τις
2757 3014 2820 3069 τὸ
2865 3013 3022 3090 γένος
3067 3017 3358 3095 Κύπριοις,
3395 3011 3860 3102 Σπυριδωνάκης

2168 3099 2550 3173 τοὺπώνυμον,
2608 3102 2671 3156 τὸ
2724 3099 2903 3196 δῖ’όοςΔ
2937 3103 3172 3196 φαῦλος,
3214 3111 3318 3196 ,τὴν
3371 3113 3596 3182 ἡλικίαν
3623 3099 3858 3196 φαυλιζ-

2167 3209 2346 3281 τερος,
2409 3192 2507 3281 [Ρτ
2549 3192 2674 3281 345]
2735 3187 2982 3281 στράϐων
3037 3195 3132 3259 τὰς
3190 3195 3366 3274 ὄψεις,
3408 3187 3687 3281 χειρῶναξ
3745 3210 3857 3278 τήν

2171 3279 2397 3366 τέχνην,
2453 3279 2552 3348 τὴν
2606 3279 2802 3366 τύχην,
2838 3278 3084 3357 χθόνιος,
3142 3293 3223 3360 τῷ
3285 3278 3684 3366 βασιλεῖντῷδε
3744 3299 3860 3354 ὓπ-

2173 3363 2573 3452 ηρετούμενος,
2618 3372 2736 3430 ταῖς
2787 3365 2844 3424 δὲ
2897 3371 3234 3450 παραλόγοις
3287 3363 3552 3452 προόδοις
3580 3363 3676 3437 καὶ
3711 3386 3856 3442 ἁνα-

2171 3447 2354 3506 6άσεσι
2387 3457 2494 3508 τῶν
2549 3449 2654 3509 ἔσω
2695 3453 3012 3532 λεγομένων
3070 3447 3339 3535 ταμιείων,
3385 3466 3559 3540 φύλαξ
3585 3475 3858 3548 ταχθεὶς,

2173 3542 2292 3596 εἶτα
2338 3543 2438 3612 τὴν
2482 3543 2664 3619 ἀρχὴν
2690 3549 2799 3600 τῶν
2831 3547 3130 3620 Σμολένων
3185 3554 3442 3630 χειρίζειν
3481 3542 3710 3636 λαχὼν,
3747 3542 3854 3619 καέ

2169 3633 2495 3708 ταγινώσκει
2549 3637 2646 3688 τοῦ
2690 3638 3047 3716 πεπομφότος
3093 3640 3365 3699 εὐτέλειαν
3411 3633 3669 3711 νοὸςκαί
3705 3650 3856 3730 ἀφέ-

2173 3719 2347 3811 λειαν,
2377 3720 2467 3776 καί
2515 3727 2604 3811 ⁸τῷ
2664 3720 3020 3802 δυσπροσόδῳ
3067 3737 3168 3800 τῆς
3224 3733 3415 3809 χώρας
3463 3736 3722 3811 ἐπαρθεὲς
3757 3719 3854 3806 εἰς

2171 3808 2428 3864 ἀπόνοιαν
2509 3808 2864 3886 δισσούμενον
2939 3815 3128 3892 ἐκείνῳ
3197 3808 3398 3894 γίνεται
3453 3808 3846 3904 ἀντιστάτημα

2170 3897 2260 3951 rati
2293 3898 2468 3952 Σατᾶν
2522 3899 2612 3954 καὶ
2673 3901 2916 3978 σκώλωψ
2975 3907 3065 3960 καὶ
3123 3908 3470 3984 ἀπρόσκοπον
3495 3897 3854 3992 συγκύρημα

2171 3993 2474 4096 χείρὶστον.
2533 3995 2707 4096 Ὀᾓδέ
2768 4001 3024 4096 βασιλεὺς
3078 4005 3168 4060 καὶ
3214 4008 3384 4084 τρίτῳ
3423 4011 3544 4066 τότε
3571 4020 3742 4089 κακῷ
3771 4026 3854 4096 τῇ

2171 4085 2422 4184 fundes:-
2447 4085 2680 4184 καχεξὶᾳ
2712 4090 3082 4184 τρυχόμενος,
3139 4094 3263 4184 ἥτις
3321 4097 3606 4175 ἐπενέμετο
3636 4085 3723 4160 τά
3751 4085 3862 4184 ἄρ’.

2171 4173 2270 4246 θρα
2328 4177 2426 4228 τοῦ
2485 4176 2763 4248 σώματος,
2820 4179 2912 4234 τὸν
2970 4181 3280 4256 Ἐπιμηθέα
3332 4173 3862 4277 εἷχεὴκατ’ἄμᾴω

2175 4259 2198 4277 ἢ
2288 4267 2315 4277 ιιι·
2419 4261 2433 4277 Ἰ
2574 4263 2584 4277 ⁵
2887 4267 2899 4277 ⁸
2990 4270 3005 4277 ⁵
3175 4272 3186 4277 “

2171 4259 2359 4324 δεινῶς
2417 4261 2754 4337 ἐπικείμενον
2813 4267 2904 4322 καὶ
2963 4270 3040 4332 εἰς
3089 4272 3300 4350 πνίγμα
3355 4259 3552 4353 μικροῦ
3597 4259 3864 4342 ἒναλίό-

2173 4351 2328 4450 μενόν
2377 4372 2438 4406 τε
2493 4351 3064 4450 καῖ’-ἐπεμϐαίνοντα,
3119 4360 3203 4417 ὅτι
3256 4365 3350 4420 τὸν
3407 4351 3713 4450 έξνάδελφον
3749 4375 3864 4433 οὐκ

2167 4436 2400 4495 ἐλύσατο
2450 4441 2540 4496 καὶ
2599 4443 2683 4498 ὃτι
2739 4445 2830 4500 τὸν
2889 4446 3179 4506 οὖτιδανὸν
3207 4451 3259 4507 ἐν
3293 4436 3867 4542 ἀνθρώποιςθΣπυρι-

3108 4542 3323 4600 πόλεων
3368 4547 3644 4606 τοσούτων
3715 4555 3864 4630 ἐρυ-

2865 4625 3128 4704 ἃρχοντα,
3162 4640 3304 4709 Διχῆ
3355 4635 3449 4690 οῦν
3489 4625 3764 4716 διαιρῶν-
3787 4649 3858 4703 τὸ

2167 4707 2529 4812 συγαγὸμενον
2591 4714 2918 4812 στράτευμα,
2967 4717 3044 4812 ,τό
3097 4721 3191 4792 μὶν
3372 4707 3618 4801 γαμόρῷ-
3650 4751 3856 4812 παρε-

2167 4791 2318 4894 δίδου
2353 4796 2576 4894 Ἀλεξίιρ
2621 4805 2700 4894 τῶ
2750 4802 3120 4894 Παλαιολόγῳ
3151 4809 3243 4865 τὸν
3279 4791 3652 4887 ἀνθρωπίσκον
3697 4791 3856 4894 μξτ-

2170 4884 2302 4940 ιόντι
2364 4885 2820 4964 Σπυριδωνάκην,
2881 4884 3046 4950 τόδ’
3101 4884 3392 4976 ἐξέπεμψεν
3449 4904 3526 4970 εἰς
3581 4884 3860 4970 τὸννοὶ-

2165 4973 2505 5048 νουπολίτην
2564 4979 2815 5051 Ἰωάννην
2891 4987 2972 5056 τῷ
3051 4991 3498 5067 πρωτοστράτορι
3553 4997 3862 5056 ἀντικαθι-

2166 5063 2449 5161 στάμενον.
2481 5067 2538 5161 :0
2572 5067 2668 5161 μέν
2699 5067 2790 5123 οῦν
2830 5074 2929 5161 τοῦ
2982 5072 3252 5145 βασιλέως
3295 5063 3539 5154 γαμϐρὸς
3572 5083 3857 5161 Ἀλέξιος

2164 5151 2358 5225 ἀρετὴν
2407 5154 2497 5210 καὶ
2547 5154 2760 5230 τόλμαν
2819 5155 3190 5235 ἐνδειξάμενος
3221 5151 3465 5242 ἔμφρονα
3493 5172 3586 5228 τὸν
3621 5151 3860 5255 Σκύρι-

2170 5237 2193 5255 n
2293 5241 2303 5255 ι
2731 5246 2772 5255 ὐ
2987 5249 2996 5255 ·
3158 5248 3175 5255 ³

2165 5237 2410 5314 δωνάκην
2467 5246 2893 5323 καταγωνίζεται
2951 5249 3045 5305 σὺν
3103 5237 3263 5328 πὸνφή
3304 5237 3526 5334 βραχεῖ,
3587 5263 3680 5318 καὶ
3740 5237 3852 5346 qia-

2219 5327 2266 5346 ολ
2396 5332 2432 5346 ι-
2635 5334 2650 5346 ι
2715 5339 2758 5346 --
2916 5342 2939 5346 —-
2980 5338 2992 5346 -
3103 5339 3118 5346 ·
3162 5339 3181 5346 “
3245 5345 3252 5346 ί

2164 5327 2302 5428 γιάδα
2353 5332 2535 5404 τίθησι
2595 5334 2658 5390 τὸ
2713 5338 3032 5428 Πυγμαῖκῦν
3091 5327 3380 5420 ἀνδράριοῖν
3511 5327 3775 5410 ⁷Μυσίετνῖ
3811 5361 3853 5428 ἡ

2163 5415 2376 5521 ξὲιτοῦ
2436 5425 2921 5521 πρωτοστράτορος
2945 5415 3288 5521 *ἀντιστασία
3354 5433 3434 5514 ἐφ’
3497 5437 3683 5498 ἰκανὸν

2161 5503 2414 5605 διήρκεσε
2448 5511 2672 5605 χρόνον,
2705 5511 2884 5605 α’ίσ-ιον
2941 5515 3002 5572 δὲ
3055 5519 3146 5574 καὶ
3208 5521 3344 5594 αὕτη
3389 5503 3558 5601 πέρας
3589 5503 3854 5605 ἐδέξατο.

2159 5599 2218 5696 :0
2251 5599 2360 5696 γὰρ.
2402 5601 2661 5696 βασιλευς
2718 5603 2914 5696 ἄλλαις
2969 5627 3028 5662 τε
3088 5609 3340 5682 μεθόδοις
3374 5599 3659 5691 ἐχρήσατο
3693 5599 3844 5696 μεθ-

2159 5685 2425 5753 ὐπουΛίας
2481 5691 2683 5766 μετιὼν
2741 5693 2835 5750 τὸν
2885 5695 3123 5773 Χρύσον,
3171 5700 3264 5757 καὶ
3293 5697 3360 5776 δή
3393 5685 3648 5783 καί-τὴν
3685 5685 3840 5792 θογιι
