4028 6218
123 445 240 508 917
1021 443 1121 505 DE
1163 442 1455 505 ALEXIO
1499 441 1785 503 ISAACII
1829 441 2124 505 ANGELI
2165 445 2293 507 FB.
2340 445 2485 506 LIB.
2537 448 2651 508 III.
3430 440 3548 503 918

121 575 404 653 τρόπαιδα
435 573 747 651 Θεοδώραν,
787 576 854 647 ἢν
886 580 967 649 τῷ
1024 571 1259 651 ’Ῑϐαγκῷ
1314 572 1712 652 κατηγγύησεν,
1772 573 2128 648 ἐμνήστευσεν
2184 575 2331 649 αύτῷ
2390 578 2467 639 εἰς
2516 575 2740 649 εύνέτιν,
2800 574 2860 632 ἐκ
2911 572 3204 646 Βυζαντίου
3266 596 3545 649 μεταπεμ-

121 668 395 742 ψάμενος.
453 665 555 722 Καὶ
606 665 823 727 τούτοις
876 670 996 728 τοῖς
1058 662 1455 738 μεθοδεύμασιν
1513 662 1838 733 ἀνασώζεται
1930 662 2261 739 Πελαγονίαν
2346 666 2436 720 καὶ
2508 663 2813 741 Πρίλαπον,
2870 666 2958 720 καὶ
3050 663 3341 726 Θετταλίας
3434 664 3543 719 άπ-

122 756 380 825 ανίστησι
409 754 500 808 τὸν
542 754 867 827 Καμύτζην,
920 761 997 824 πῆ
1059 755 1154 827 μὲν
1214 752 1449 826 πολέμῳ
1505 750 2033 827 κατατροπούμενον,
2103 760 2179 823 πῆ
2240 752 2297 810 δὲ
2355 761 2533 833 φυγῆς
2617 753 2859 810 ἐθελοντὶ
2911 752 3242 827 ἁπτόμενον.
3301 756 3543 810 Ὕστατα

125 842 309 899 δὲκαὶ
340 842 507 897 αὐτοῦ
538 846 636 897 τοῦ
669 846 873 898 Στανοῦ
898 844 1202 917 μετανάστη
1239 841 1533 909 δείκνυσιν,
1593 840 1669 903 εἴς
1727 842 1785 896 ὅν
1845 842 1920 905 ὡς
1963 841 2041 904 εἰς
2094 842 2374 898 ἀνάλωτον
2431 842 2637 920 ἀπέδρα
2656 846 3048 923 κρησφύγετον.
3109 843 3213 900 Καὶ
3259 843 3539 907 τοιούτοις

127 928 311 1009 ἔργοις
342 932 532 986 ἑαυτὸν
564 934 935 1007 περιανθίσας,
993 931 1081 987 ἐπὶ
1135 934 1339 1006 μακρὸν
1401 932 1630 1007 ὀφθέντα
1678 930 1929 1005 οἰκουρὸν
1977 933 2069 986 καὶ
2099 932 2402 1006 ἀπόλεμον,
2436 934 2513 998 εἰς
2564 934 2852 1003 Βυζάντιον
2886 931 3240 1006 ἐπανέδραμε.
3283 933 3422 989 Τότε
3481 930 3541 989 δὲ

123 1021 353 1090 καὶτῆς
385 1019 767 1094 Στρουμίτζης
798 1019 1109 1095 ἐκράτησεν,
1163 1021 1344 1095 ἀπάτῃ
1414 1021 1686 1084 κάνταῦθα
1740 1018 1832 1074 τὸν
1889 1020 2107 1096 Χρύσον
2166 1022 2494 1097 περιελθὼν,
2548 1024 2636 1078 καὶ
2695 1023 2791 1087 τὰς
2822 1022 2957 1096 πρὸς
2992 1022 3249 1090 Ἰωάννην
3303 1018 3535 1084 σπονδὰς

123 1109 434 1184 ἐξεπέρανεν
445 1152 458 1167 .

190 1210 266 1269 η’.
302 1197 480 1255 Ἀλλᾶ
505 1197 669 1275 μέχρι
715 1200 808 1275 μὲν
866 1196 933 1269 δὴ
989 1198 1200 1255 τούτων
1262 1196 1529 1274 εὕδρομος
1554 1201 1690 1273 ἡμῖν
1749 1199 1771 1252 ὁ

1970 1202 2121 1257 710
2149 1202 2203 1259 8.
2228 1201 2521 1260 Hactenus
2542 1204 2847 1275 expeditus
2880 1204 2990 1259 fuit
3020 1206 3230 1260 nostrae
3249 1201 3533 1259 orationis

118 1286 294 1366 λόγος
318 1289 410 1343 καὶ
437 1287 528 1343 διὰ
557 1287 704 1351 λείας
733 1290 912 1367 φέρων
974 1285 1127 1357 ὁδοῦ,
1183 1289 1246 1344 τὸ
1277 1286 1324 1343 δ’
1382 1287 1620 1343 ἐντεῦθεν
1685 1286 1784 1343 οὐκ

120 1375 237 1432 οἷδ’
272 1376 423 1440 ὅπως
453 1382 530 1450 τῷ
562 1377 712 1454 λόγῳ
741 1380 1052 1453 χρήσομαι.
1087 1377 1226 1436 Τίνα
1252 1377 1353 1454 γὰρ
1383 1376 1612 1453 γνώμην
1638 1372 1786 1452 ἔχειν

116 1467 278 1529 εἲκὸς
335 1468 426 1522 τὸν
476 1467 568 1528 τὰς
604 1468 791 1529 κοινὰς
852 1464 1102 1540 διεξιέναι
1159 1464 1433 1540 μέλλοντα
1478 1468 1783 1546 συμφορὰς,

121 1556 196 1610 ὧν
238 1560 272 1626 ἡ
300 1561 410 1611 τῶν
437 1555 650 1611 πόλεων
680 1555 819 1628 αὕτη
861 1556 1183 1631 πεπείραται
1242 1554 1464 1631 βασιλὶς
1512 1560 1621 1612 τῶν
1654 1555 1785 1630 γηΐ-

120 1667 230 1700 νων
261 1645 511 1722 ἀγγέλων
540 1644 981 1719 βασιλευόντωνς
1042 1640 1359 1719 ἐϐουλόμην
1413 1646 1507 1719 μὲν
1552 1644 1668 1707 οἶός
1724 1662 1784 1699 τε

118 1734 257 1789 εἶναι
294 1731 585 1804 διεξελθεῖν
614 1734 780 1805 άξίως
833 1739 912 1807 τῷ
946 1733 1101 1810 λόγῳ
1154 1735 1221 1789 τὰ
1271 1735 1489 1790 πάντων
1518 1739 1626 1790 τῶν
1684 1754 1782 1789 κα-

118 1828 230 1877 κῶν
263 1821 622 1897 ἀχθεινότατά
657 1843 716 1877 τε
773 1823 863 1877 καὶ
917 1822 1305 1902 χαλεπώτατα·
1366 1821 1480 1878 ἐπεὶ
1538 1820 1594 1878 δὶ
1616 1826 1779 1878 τοῦτο

115 1908 407 1979 ἀδύνατον,
441 1910 493 1967 ἐν
526 1910 775 1984 ἐπιτόμῳ
821 1910 886 1982 δὴ
947 1911 1035 1967 καὶ
1096 1913 1404 1985 ποιήσομαι
1432 1913 1530 1980 τήν
1574 1909 1777 1988 διήγη-

116 2020 223 2071 σιν,
267 1997 708 2074 κερδαλεωτέραν
761 1996 1029 2073 ἒσομένην
1085 1996 1263 2070 δήπου
1318 2004 1435 2062 τοῖς
1492 2000 1776 2075 ὀψιγόνοις

115 2087 207 2144 διὰ
236 2091 340 2159 τήν
379 2092 487 2144 τιῖυν
516 2088 778 2166 ἀλγεινῶν
838 2091 1196 2164 ἀκουσμάτων
1229 2090 1505 2166 μετρίασιν
1554 2089 1645 2145 καὶ
1674 2091 1773 2159 τὴν

111 2178 355 2243 ἐντεῦθεν
384 2187 486 2249 τῆς
517 2182 778 2243 πλείονος
808 2181 987 2252 λύπης
1019 2181 1319 2259 ὑφαίρεσιν.

186 2269 326 2345 Εἶχε
389 2270 486 2341 μὲν
547 2269 641 2325 οὖν
693 2270 721 2324 ὁ
783 2269 1040 2346 βασιλεὺς
1098 2270 1341 2341 Ἀλέξιος
1396 2271 1491 2326 τὸν
1539 2267 1774 2349 ἀδελφὸν

113 2360 386 2414 Ἰσαακιον
432 2359 766 2433 καθῃρηκὼς
825 2366 924 2429 τῆς
985 2361 1185 2435 ἀρχῆς
1224 2357 1345 2415 δέον
1390 2357 1449 2415 δὲ
1484 2361 1559 2434 μὴ
1597 2360 1769 2431 πάντη

105 2447 392 2521 ἀμελῆσαι
422 2454 522 2517 τῆς
584 2446 836 2521 φυλακῆς
896 2448 1084 2517 αὐτοῦ,
1142 2449 1170 2503 ὁ
1226 2446 1283 2503 δὲ
1333 2446 1639 2522 λαθόμενος
1697 2449 1771 2511 ὡς

105 2535 424 2613 ἕγκαίονται
480 2541 598 2599 τοῖς
657 2537 942 2598 πλείστοις
1017 2538 1071 2592 αἱ
1130 2537 1407 2617 συμφοραὶ
1483 2536 1571 2592 καί
1631 2538 1842 2642 εἰσινΒ

113 2623 127 2642 9
275 2624 286 2639 .
568 2620 594 2641 υ
746 2625 760 2641 ς
842 2626 856 2642 .
940 2621 986 2642 Μ
1101 2621 1168 2642 ιι.
1227 2621 1282 2642 ,εκ
1399 2626 1463 2642 τη
1519 2626 1644 2642 ...ηπ
1724 2624 1735 2642 .

103 2623 497 2689 ἀναπόνιπτοι,
533 2620 658 2679 οὔτε
692 2625 799 2699 μην
832 2626 867 2694 ἡ
937 2621 1062 2695 δίκη
1098 2621 1168 2679 δι’
1227 2621 1364 2679 ’ὀλου
1398 2626 1484 2697 [Ρ.
1518 2626 1644 2697 346]
1682 2624 1765 2686 τίς

108 2712 262 2769 ἔστιν
295 2710 646 2775 άδιύπνιστος
678 2714 766 2768 καὶ
818 2719 938 2776 ταῖς
996 2712 1243 2792 χρονίαις
1275 2710 1584 2791 φιληδοῦσα
1607 2734 1773 2787 μετα-

103 2798 338 2871 ϐολαῖς,
373 2800 500 2856 ἀλλ’
550 2801 721 2858 ἔπεισι
778 2802 868 2857 καὶ
924 2803 1207 2881 ταχύπους
1247 2804 1339 2858 καὶ
1371 2803 1595 2882 ἀψόφως
1650 2801 1773 2859 ἐπι-

100 2894 331 2949 πίπτειν
361 2893 515 2973 φιλεῖ
542 2900 658 2957 τοῖς
686 2891 819 2970 ἔργα
850 2894 1094 2970 ῥέζουσιν
1153 2892 1332 2963 ἄδικα,
1386 2892 1638 2949 ἐνδίδωσι
1692 2900 1772 2968 τῷ

98 2986 430 3060 κασιγνήτῳ
473 2982 714 3061 διάγοντι
743 2984 879 3039 κατᾶ
940 2985 1064 3045 τοὺς
1122 2983 1326 3057 κίονας,
1385 2983 1439 3039 ο⁹ί
1498 2985 1622 3061 περὶ
1677 2985 1769 3040 τὸν

101 3073 364 3149 πορθμὸν
425 3073 637 3128 ἆκταῖοι
711 3073 801 3128 καὶ
888 3070 1168 3143 δυάξοντες
1249 3073 1512 3145 ἳστανται,
1582 3075 1770 3149 βίοτον

97 3158 258 3238 ἔχειν
290 3160 501 3234 ἄνετον,
530 3162 623 3217 καὶ
669 3166 829 3217 πᾶσιν
890 3160 1291 3237 ἀνεπέγκλητον
1347 3164 1483 3218 εἶναι
1534 3164 1634 3231 τήν
1694 3163 1771 3225 εἷς

100 3253 275 3307 αύτὸν
308 3248 660 3307 διαπλώϊσιν.
723 3255 820 3307 Ἦν
881 3252 974 3305 οὗν
1006 3256 1104 3306 τοῦ
1148 3250 1489 3327 βουλομένου
1547 3253 1771 3325 παντὸς,

110 3342 211 3397 καὶ
248 3339 304 3395 o'i
337 3339 396 3396 ἐκ
433 3339 620 3417 γένους
654 3338 892 3413 μάλιστα
946 3344 1053 3395 τῶν
1101 3342 1371 3411 Λατίνων,
1404 3340 1481 3404 είς
1504 3342 1770 3398 Ἰσαάκιον

108 3428 404 3487 ἀναπλεῖν·
453 3431 548 3495 ,οἷς
595 3430 687 3484 καὶ
717 3430 958 3507 κρυφίων
1012 3430 1274 3493 κοινωνὸς
1321 3427 1591 3485 ἐδείκνυτο
1653 3432 1777 3506 βου-

107 3518 429 3592 λευμάτων,
503 3517 679 3573 ὁπόσα
731 3520 832 3589 τήν
912 3518 1260 3583 ἀντιπάθειαν
1336 3514 1770 3594 ἒϐυσσοδόμευον

108 3609 206 3663 καὶ
241 3608 344 3675 τὴν
374 3606 622 3678 Ἀλεξίου
687 3608 999 3683 καθαίρεσιν
1064 3604 1406 3680 ἐμεθόδευον,
1456 3610 1776 3685 γραμμάτια

103 3696 526 3773 πρὸςΕἰρηνην
567 3695 802 3769 πέμπων
855 3699 957 3767 τὴν
1015 3698 1303 3773 θυγατέρα,
1357 3699 1623 3753 κοινωνὸν
1681 3697 1772 3754 λέ-

100 3806 249 3861 χους
277 3783 545 3857 Φιλίππῳ
602 3790 680 3857 τῷ
722 3789 1012 3860 κρατοῦντι
1086 3784 1209 3841 τότε
1262 3791 1371 3841 τῶν
1413 3785 1770 3861 Ἀλαμανῶν,

98 3875 244 3950 πρὸς
272 3875 374 3943 τήν
432 3875 689 3948 πατρῴαν
748 3872 1023 3944 ἐκδίκησιν
1086 3874 1477 3955 ὑπαλείφοντα,
1522 3879 1768 3932 κακεῖθεν

96 3944 495 4036 δίαποτώμενα
544 3944 692 4036 ἔχων
761 3963 1064 4041 ἀντίγραφα
1142 3963 1206 4017 τὸ
1281 3944 1540 4034 ποιητέον
1616 3966 1769 4038 αύτῷ
1807 3944 1850 4011 C

94 4050 492 4127 εἶσηγούμενα.
528 4050 657 4107 Εἶτα
711 4051 803 4105 καὶ
832 4052 925 4105 τὸν
981 4052 1099 4105 υἱέα
1125 4051 1321 4108 τούτου
1364 4051 1609 4122 Ἀλέξιον
1664 4063 1766 4124 τῆς

95 4145 331 4221 εἱρκτῆς
392 4143 619 4206 ἀνεικὼς
679 4140 963 4217 ἐλεύθερον
1038 4145 1213 4220 ἀφῆκε
1294 4146 1629 4222 στρέφεσθαι.
1676 4150 1766 4203 Ἐν

93 4232 156 4289 δὲ
188 4238 270 4305 τῷ
308 4230 533 4306 μέλλειν
561 4233 698 4287 κατὰ
754 4237 850 4288 τοῦ
905 4230 1390 4309 πρωτοστράτορος
1441 4233 1765 4305 ἐξιέναικα-

88 4321 343 4384 ταλύσας
396 4322 473 4383 εἰς
533 4320 936 4395 Δαμοκράνειαν
998 4318 1334 4395 συνέκδημον
1398 4323 1489 4378 καὶ
1570 4327 1763 4383 τοῦτον

91 4414 368 4489 ἐπήγετο.
403 4412 462 4468 '0
510 4408 567 4466 δὲ
623 4413 762 4467 κατᾶ
816 4412 1044 4487 γνώμην
1098 4408 1367 4480 δήπουθεν
1412 4416 1507 4467 τοῦ
1563 4415 1767 4489 πατρὸς

90 4502 351 4573 Πισσαίῳ
434 4500 542 4555 τινὶ
659 4500 786 4576 περὶ
871 4496 1120 4574 δρασμοῦ
1205 4500 1769 4576 κοινολογησάμενος,

90 4589 455 4665 στρογγύλης
506 4594 809 4665 προεστῶτι
871 4588 1132 4666 μεγίστης
1186 4588 1347 4661 νεὼς,
1405 4590 1767 4667 ἐκαιροφυλά·

89 4703 183 4736 κει
216 4679 403 4735 θέσθαι
435 4679 487 4734 ὲν
547 4678 794 4755 θαλάσσῃ
852 4680 914 4734 τὸ
967 4678 1202 4753 ὅρμημα
1255 4680 1343 4734 καὶ
1394 4679 1457 4734 τὸ
1507 4679 1672 4755 ἲχνος
1710 4679 1764 4735 ἐν

89 4769 339 4831 πολλοῖς
397 4766 606 4825 ὕδασιν.
666 4770 758 4832 Ὧς
845 4766 890 4824 δ’
951 4767 1146 4839 ἐπέστη
1218 4769 1406 4843 καιρὸς
1459 4770 1599 4844 πρὸς
1664 4770 1762 4839 τήν

91 4858 336 4935 ἄπαρσιν
369 4859 470 4913 ούκ
499 4858 836 4933 άνάρσιος,ὴ
874 4858 968 4931 μὲν
1030 4862 1158 4919 ναῦς
1215 4858 1412 4919 ἱστίοις
1471 4862 1761 4933 πτεροῦται

87 4948 188 5025 καὶ
241 4949 360 5003 κατ’
419 4947 581 5024 οὖρον
652 4948 868 5025 φέρεται
930 4948 1020 5002 καὶ
1072 4944 1438 5023 προσωκείλει
1516 4953 1584 5023 τῇ
1643 4934 1763 5004 καθε

86 5023 511 5107 Ἑλλήσποντον
542 5023 827 5108 Αύλ-ωνίᾳ,
853 5037 916 5092 τὸ
950 5033 1007 5091 δὲ
1063 5036 1263 5106 ταύτης
1314 5034 1569 5115 ἐφόλκιον
1595 5042 1760 5094 κατᾶ-

89 5146 194 5200 ραν
256 5126 311 5190 ἐς
366 5129 457 5182 τὸν
515 5127 748 5203 ’Δθύραν
804 5124 893 5181 ἐπὶ
948 5130 1029 5195 τῷ
1094 5122 1341 5197 δέξασθαι
1369 5126 1460 5181 τὸν
1492 5124 1760 5201 Ἀλέξιον,

86 5217 244 5271 τιθὲν
280 5218 380 5285 τήν
417 5213 600 5292 σκέψιν
658 5216 968 5296 ἆφώρατον,
1036 5213 1277 5291 ἐνεφόρει
1333 5216 1587 5289 ψάμαθον
1626 5216 1759 5294 φόρ·

1896 1300 2126 1359 cursus,
2151 1297 2208 1346 et
2237 1291 2397 1347 molli
2446 1293 2727 1365 processit
2766 1292 2877 1349 via.
2912 1293 3195 1364 Deinceps
3225 1308 3357 1347 vero
3393 1291 3534 1363 quid

1895 1380 2086 1437 dicam
2121 1384 2345 1439 nescio:
2382 1402 2495 1456 quo
2537 1384 2694 1441 enim
2729 1384 2921 1440 animo
2961 1400 3093 1440 eum
3126 1399 3257 1439 esse
3289 1399 3392 1455 par
3420 1385 3531 1449 est,

1893 1471 1991 1541 qui
2014 1471 2275 1544 publicas
2306 1473 2520 1542 clades,
2554 1474 2762 1545 quibus
2794 1474 2994 1544 regina
3016 1473 3251 1529 urbium
3285 1471 3534 1528 terrenis

1892 1557 2019 1615 istis
2042 1560 2267 1633 angelis
2313 1561 2746 1633 imperantibus
2777 1562 2994 1617 afﬂicta
3032 1565 3141 1626 est,
3174 1575 3534 1617 commemo-

1892 1648 2085 1705 rabit?
2115 1649 2334 1707 Vellem
2384 1652 2655 1723 equidem
2682 1667 2775 1708 me
2803 1651 3069 1707 omnium
3100 1649 3445 1721 gravissima
3475 1652 3534 1704 et

1887 1738 2233 1796 tristissima
2257 1740 2412 1797 mala
2434 1758 2536 1812 pro
2569 1741 2853 1814 dignitate
2884 1757 3056 1813 posse
3086 1754 3390 1811 exponere.
3422 1738 3529 1795 Sed

1889 1828 2027 1900 quia
2081 1828 2138 1885 id
2190 1828 2316 1885 ﬁeri
2375 1847 2490 1886 non
2541 1834 2753 1902 potest,
2823 1829 3128 1886 historiam
3188 1826 3531 1898 compendio

1887 1931 2192 1990 exsequar,
2226 1919 2518 1975 utiliorem
2534 1919 2790 1975 futuram
2821 1918 3068 1991 posteris
3081 1918 3153 1973 ob
3169 1917 3528 1973 moderatam

1886 2006 2147 2063 tristium
2201 2024 2395 2064 rerum
2443 2008 3059 2065 commemorationem
3107 2011 3163 2063 et
3192 2005 3410 2063 doloris
3441 2003 3527 2059 di-

1887 2096 2300 2154 minutionem.

1951 2259 2187 2315 Alexius
2219 2259 2453 2315 fratrem
2497 2258 2782 2315 lsaacium
2815 2258 3063 2331 imperio
3095 2257 3387 2329 dejectum
3422 2271 3529 2312 ex—

1881 2356 2161 2405 caecarat:
2204 2349 2308 2404 sed
2351 2365 2482 2405 cum
2530 2350 2658 2420 ejus
2709 2348 2977 2404 custodia
3008 2364 3122 2403 non
3163 2362 3403 2418 prorsus
3437 2360 3531 2402 ne-

1879 2437 2153 2509 gligenda
2183 2442 2357 2504 esset,
2391 2439 2609 2494 oblitus
2653 2437 2945 2509 plerisque
2988 2437 3142 2492 inuri
3166 2436 3528 2492 calamitates

1879 2543 1983 2581 nec
2015 2525 2193 2582 deleri
2239 2543 2432 2597 posse,
2460 2532 2516 2583 et
2562 2527 2884 2583 vindictam
2928 2542 3045 2581 non
3078 2529 3356 2598 perpetuo
3380 2527 3526 2580 ster-

1877 2619 2018 2681 tere,
2052 2616 2152 2671 sed
2186 2616 2335 2672 seris
2380 2617 2633 2686 gaudere
2667 2615 3114 2680 mutationibus,
3173 2618 3231 2669 et
3256 2612 3529 2669 celeriter

1877 2705 2248 2776 ingruentem
2280 2705 2456 2760 tacito
2495 2720 2594 2761 eos
2631 2704 2773 2775 pede
2804 2702 3128 2759 consectari
3170 2704 3269 2774 qui
3301 2701 3525 2758 nefaria

1878 2796 2128 2850 facinora
2159 2800 2513 2867 perpetrant,
2566 2795 2804 2850 fratrem
2831 2794 3003 2864 juxta
3028 2793 3180 2848 duas
3217 2791 3526 2848 columnas

1877 2900 2004 2956 qua:
2036 2884 2095 2939 in
2129 2885 2259 2940 freti
2296 2884 2502 2940 littore
2522 2887 2661 2940 sunt
2705 2883 2884 2939 libere
2930 2882 3119 2937 vivere
3168 2897 3379 2952 passus
3410 2885 3523 2949 est,

1879 2989 2068 3045 neque
2109 2989 2465 3044 quemquam
2526 2972 2600 3027 ad
2638 2987 2771 3027 eum
2826 2970 3095 3040 trajicere
3136 2970 3339 3026 vetuit.
3386 2968 3523 3024 Erat

1876 3062 2058 3136 igitur
2071 3062 2332 3133 cujusvis
2356 3061 2641 3117 Ieaacium
2669 3061 2852 3129 adire,
2871 3064 2997 3116 tum
3015 3076 3149 3115 vero
3167 3060 3524 3125 Latinorum,

1877 3169 2007 3208 cum
2042 3152 2256 3223 quibus
2286 3169 2501 3207 arcana
2529 3150 2775 3207 consilia
2806 3150 2876 3205 de
2907 3148 3258 3205 ulciscendis
3290 3145 3526 3218 injuriis

1880 3251 1914 3304 7
1934 3251 2021 3303 71
2064 3257 2116 3304 et
2146 3248 2452 3305 evertendo
2487 3249 2660 3304 fratre
2688 3246 2886 3302 Alexio
2925 3244 3279 3313 conferebat,
3312 3241 3527 3300 litteris

1878 3341 1949 3396 ad
1986 3341 2207 3396 lrenem
2267 3339 2448 3395 ﬁliam
2488 3338 2708 3406 missis,
2763 3336 3018 3409 Philippi
3059 3337 3520 3392 Alemannorum

1878 3429 2033 3501 regis
2059 3430 2393 3500 conjugem,
2444 3428 2662 3499 quibus
2693 3443 2820 3482 eam
2865 3427 2936 3482 ad
2986 3441 3154 3498 opem
3187 3424 3297 3481 sibi
3329 3425 3519 3479 feren-

1878 3518 2012 3573 dam
2046 3516 2387 3589 instigabat,
2422 3524 2596 3588 alque
2626 3516 2763 3572 inde
2796 3517 3018 3572 litteras
3044 3514 3358 3587 recipiebat
3389 3512 3525 3583 qui-

1880 3608 1991 3663 bus
2030 3607 2168 3678 quid
2197 3606 2487 3678 agendum
2521 3611 2677 3662 esset
2709 3607 3074 3662 monebatur.
3112 3602 3326 3659 Deinde
3356 3600 3516 3657 filius

1880 3713 2112 3769 quoque
2141 3697 2269 3766 ejus
2314 3695 2548 3751 Alexius
2603 3695 2869 3751 custodia
2909 3694 3157 3749 eductus
3189 3691 3368 3746 libere
3397 3704 3514 3759 quo

1878 3786 2049 3841 libuit
2093 3783 2438 3848 ambulavit,
2476 3788 2534 3840 et
2578 3784 2649 3839 ab
2696 3784 3047 3855 imperatore
3080 3783 3286 3835 contra
3321 3785 3518 3848 proto-

1880 3879 2185 3929 stratorem
2218 3872 2443 3928 exituro
2474 3873 2697 3928 itineris
2718 3886 2912 3926 comes
2943 3874 3033 3925 est
3061 3872 3427 3937 assumptus.
3463 3865 3520 3922 Is

1878 3980 2011 4019 vero
2037 3964 2108 4019 de
2131 3964 2419 4018 sententia
2437 3962 2643 4033 patris,
2667 3977 2798 4015 cum
2823 3961 3032 4015 Pisano
3056 3957 3308 4029 quodam
3343 3955 3523 4010 maxi-

1879 4068 1986 4107 mae
2019 4051 2279 4107 rotundae
2310 4052 2473 4105 navis
2503 4051 2738 4105 domino
2769 4048 3012 4105 consilio
3045 4048 3193 4117 fugae
3227 4044 3392 4112 inito,
3418 4062 3520 4100 na-

1878 4140 2111 4211 vigandi
2144 4139 2638 4211 opportunitatem
2672 4138 2957 4208 captabat.
2992 4139 3125 4203 Quae
3158 4150 3292 4190 cum
3324 4131 3519 4188 conti-

1878 4231 2080 4300 gisset,
2115 4228 2309 4297 majus
2341 4226 2639 4299 navigium
2663 4224 2849 4296 plenis
2880 4223 3024 4281 velis
3056 4224 3127 4278 ad
3159 4219 3520 4293 Hellesponti

1875 4317 2187 4374 Antoniam
2218 4316 2422 4385 fertur,
2473 4316 2670 4371 minus
2694 4330 2822 4369 vero
2874 4313 3105 4385 Athyras
3152 4310 3338 4367 Alexii
3370 4309 3519 4366 reci-

1879 4408 2073 4481 piendi
2105 4424 2282 4462 causa
2312 4406 2541 4477 appulit
2568 4426 2582 4473 ;
2619 4410 2675 4460 et
2701 4420 2812 4475 quo
2842 4403 2899 4458 id
2946 4402 3255 4459 consilium
3293 4402 3515 4470 lateret,

1877 4498 2068 4550 nauta:
2089 4509 2322 4548 arenam
2356 4492 2682 4548 intulerunt
2729 4488 3076 4545 saburrandi
3100 4488 3324 4545 scilicet
3351 4489 3518 4546 vacui

1878 4582 2086 4653 navigii
2135 4581 2339 4649 gratia.
2381 4581 2503 4644 Quo
2556 4579 2814 4648 Alexius,
2856 4577 3240 4634 Damoerania
3271 4595 3337 4634 eo
3387 4596 3518 4650 pro-

1877 4675 2081 4741 fectus,
2122 4687 2442 4728 conscenso
2492 4671 2562 4725 ad
2597 4685 2865 4741 magnam
2901 4685 3110 4725 navem
3158 4668 3516 4740 pervehitur.

1874 4768 2034 4833 Fuga
2065 4762 2193 4832 ejus
2222 4760 2453 4831 cognita
2485 4761 2798 4815 mittuntur
2818 4758 2889 4814 ab
2912 4759 3262 4830 imperatore
3284 4757 3385 4830 qui
3417 4776 3519 4816 na-

1874 4868 2000 4907 vem
2036 4854 2492 4921 perscrutentur,
2527 4865 2631 4904 nec
2662 4852 2856 4904 tamen
2892 4847 3157 4905 Alexium
3188 4847 3519 4919 deprehen-

1874 4939 2009 4996 dere
2040 4943 2388 5012 potuerunt;
2426 4955 2557 4993 nam
2611 4938 2761 4994 ’112
2802 4954 2970 4994 coma
2996 4937 3060 4992 in
3083 4938 3282 4992 orbem
3318 4942 3516 4991 rasael

1877 5038 2078 5094 Latina
2105 5044 2261 5094 veste
2295 5038 2521 5102 induta,
2554 5041 2618 5091 ut
2645 5035 2703 5090 in
2736 5036 2911 5091 turba
2941 5050 3152 5105 magna
3179 5034 3517 5101 obversans,

1874 5127 2254 5199 inquisitores
2303 5124 2498 5182 latuit.
2559 5125 2880 5180 Perductus
2917 5124 2976 5178 in
3025 5121 3285 5178 Siciliam
3327 5119 3514 5175 sorori

1872 5217 2195 5285 indicatur;
2227 5232 2357 5288 quae
2387 5215 2553 5287 justo
2596 5212 2864 5287 praesidio
2894 5214 3072 5268 misso
3120 5212 3353 5265 fratrem
3387 5226 3516 5266 am-

83 5325 184 5360 τον
228 5302 496 5379 ἐσομένην
547 5309 618 5378 τῇ
668 5303 762 5378 νηί
821 5301 1163 5379 κεκενωμένῃ
1207 5300 1368 5374 δῆθεν
1398 5309 1505 5360 τῶν
1539 5304 1755 5381 ἀγωγί-

1881 5306 2057 5377 plexa,
2100 5306 2373 5361 maritum
2430 5303 2763 5375 Philippum
2804 5305 2932 5357 orat
2954 5304 3018 5354 ut
3065 5298 3214 5371 patri
3262 5314 3367 5355 suo
3409 5316 3511 5371 pro

93 5416 218 5467 μων
297 5396 361 5452 Ὃ
422 5392 470 5451 δ’
528 5393 775 5466 Ἀλέξιος
831 5391 891 5449 ἐκ
921 5393 1327 5469 Δαμοκρανείας
1378 5392 1550 5448 ἐκεῖσε
1580 5413 1754 5468 παρα-

88 5483 394 5558 γενόμενος
442 5486 543 5555 τήν
601 5480 812 5541 ὁλκάδα
858 5482 1047 5539 εἲσεισι
1104 5483 1196 5538 καὶ
1252 5483 1389 5557 πρὸς
1475 5488 1579 5551 νῆα
1663 5503 1756 5556 με·

88 5574 470 5646 τακομίζεται.
506 5572 847 5644 Γνωσθείσης
881 5570 939 5628 δὲ
990 5575 1091 5638 τῆς
1143 5570 1344 5628 τούτου
1403 5578 1582 5651 φυγῆς
1615 5572 1757 5645 πέμ-

92 5684 294 5719 πονται
331 5665 426 5739 μὶν
456 5665 601 5740 παρὰ
629 5668 728 5720 τοῦ
799 5663 1070 5738 βασιλέως
1120 5664 1171 5718 οἱ
1218 5664 1281 5718 τὸ
1328 5663 1526 5718 πλοῖον
1556 5662 1763 5738 ἐξερευ-

1869 5394 2023 5450 virili
2054 5411 2221 5466 opem
2259 5394 2405 5449 ferat
2434 5390 2608 5449 simul
2640 5389 2883 5462 imperio
2926 5394 2982 5443 et
3013 5388 3236 5444 lumine
3267 5388 3512 5459 privato,

1869 5488 1926 5539 et
1969 5483 2207 5537 fratrem
2259 5497 2486 5553 quoque
2524 5481 2684 5551 iuvet
2714 5478 2974 5534 exsulem
3018 5481 3074 5532 et
3121 5481 3408 5533 extorrem
3452 5484 3512 5535 et

1869 5572 2191 5626 errantium
2223 5568 2525 5626 stellarum
2557 5569 2748 5623 instar
2774 5574 3106 5639 vagantem,
3130 5582 3318 5639 neque
3339 5568 3510 5639 quid-

1870 5676 2042 5733 quam
2078 5661 2357 5715 terentem
2390 5674 2587 5714 secum
2620 5662 2831 5729 prazter
2861 5672 3095 5729 corpus.

92 5755 383 5827 νήσοντες,
434 5756 503 5811 ού
566 5755 673 5831 μὴν
732 5751 958 5831 ἴσχυσαν
1018 5747 1313 5810 συλλαϐεῖν
1351 5754 1445 5810 τὸν
1477 5752 1741 5826 Ἀλέξιον·
1801 5750 1959 5814 οὗτος
2012 5750 2113 5826 γὰρ
2179 5748 2277 5818 τὴν
2338 5747 2519 5821 κόμην
2583 5745 2900 5823 κειράμενος
2964 5744 3344 5822 περιτρόχαλα
3415 5749 3509 5807 καὶ
