4028 6218
236 387 353 452 921

238 614 496 688 εὐγενεῖς,
554 608 748 670 οἳτινες
803 607 940 682 πρὸς
1019 603 1382 675 Παλαιστίνην
1434 602 1639 677 ὥρμων
1693 602 1893 678 τραπέο

244 707 391 773 σθαι,
449 700 586 757 κατὰ
660 695 1052 771 κοινοπραγίαν
1139 693 1361 756 τούτοις
1448 691 1748 768 συγγίνεται
1803 690 1895 747 καὶ

238 790 562 864 συνωμότας
620 786 913 842 ἐπισπᾶται
964 788 1060 841 τοῦ
1118 784 1253 839 κατὰ
1309 782 1599 855 Ῥωμαίων
1660 781 1898 853 κινήμα-

238 901 360 943 τος.
419 883 589 934 Ἦσαν
648 873 707 931 δὲ
753 876 908 931 οὗτοι
938 875 966 929 6
999 874 1219 943 Μόντης
1267 872 1552 946 Φεράντης
1604 869 1894 946 μαρκέσιος

243 969 586 1045 Βονιφάτιος,
620 967 649 1020 6
692 964 875 1036 κόμης
925 963 1213 1039 Φλάντρας
1264 958 1627 1025 Βαλδουῖνος,
1661 960 1689 1014 6
1718 959 1898 1032 κόμης

238 1063 337 1115 τοῦ
387 1055 552 1134 ἁγίου
606 1052 824 1110 Παύλου
874 1052 1090 1125 Ἐρίκος
1138 1050 1231 1107 καὶ
1279 1052 1308 1106 6
1357 1049 1537 1123 κόμης
1585 1046 1768 1118 Πλέης
1797 1055 1897 1102 Δο-

243 1147 434 1208 λόῖκος
483 1145 570 1199 καὶ
623 1143 817 1218 συχνοὶ
869 1138 1042 1215 ἕτεροι
1092 1137 1395 1214 τολμητίαι
1444 1136 1775 1212 πολεμισταὶ
1805 1136 1898 1192 καὶ

240 1232 733 1309 συμμηκιζομένην
791 1231 911 1286 οἷον
957 1234 1036 1302 τῷ
1096 1226 1315 1304 δολιχῷ
1359 1232 1467 1284 τῶν
1518 1225 1765 1303 δοράτων
1795 1228 1895 1297 τὴν

238 1324 465 1396 ⁴ἡλικίαν
511 1320 926 1399 προφαίνοντες.
996 1317 1465 1393 Ναυπηγηθέντων
1519 1320 1609 1372 ούν
1657 1317 1736 1379 είς
1795 1319 1897 1375 Βε-

234 1413 419 1470 νετίαν
476 1408 544 1467 δι’
601 1409 747 1467 ὅλων
808 1414 974 1485 τριῶν
1033 1404 1386 1464 λυκαϐάντων
1457 1404 1755 1481 δρομώνων
1801 1406 1894 1480 μὶν

244 1505 590 1577 ἱππαγωγῶν
640 1497 828 1554 ἑκατὸν
885 1495 1035 1566 δέκα,
1064 1501 1210 1568 νηῶν
1255 1494 1313 1552 δὲ
1360 1499 1584 1571 μακρῶο
1615 1496 1897 1569 ἐξήκοντα,

240 1588 325 1651 ἔτι
359 1591 418 1648 δὲ
446 1590 657 1648 πλοίων
689 1579 1181 1665 συναθροισθέντων
1235 1586 1589 1664 στρογγύλων
1631 1586 1896 1663 μεγίστων

242 1683 382 1758 ὑπὲρ
432 1682 503 1737 τὰ
560 1674 961 1754 ἐϐδομήκοντα,
1022 1679 1097 1733 ὧν
1156 1671 1208 1733 ἔα
1260 1678 1480 1750 Κόσμος
1534 1678 1662 1751 παρ’
1710 1676 1897 1741 αὐτοῖς

240 1769 561 1843 ὠνομάζετο
610 1767 686 1832 ὠς
740 1765 885 1823 πολὺ
939 1771 1046 1823 τῶν
1099 1764 1286 1822 ἄλλων
1320 1764 1616 1843 ὑπερφέρον
1650 1763 1701 1827 ές
1736 1764 1897 1841 μέγε-

1135 379 1237 441 DE
1280 380 1572 442 ALEXIO
1614 380 1903 444 ISAACII
1947 383 2233 447 ANGELI
2277 387 2403 449 FB.
2451 388 2602 453 LIB.
2646 391 2756 455 lIl.

240 520 302 578 δὲ
331 522 525 595 καιροῦ
574 514 1003 593 χορηγήσαντας
1060 512 1388 587 αὐτομάτως
1433 513 1719 589 τοπάρχας
1748 512 1899 575 τινὰς

2017 532 2210 575 comes
2232 523 2417 578 sancti
2452 524 2614 580 Pauli
2637 526 2864 592 Ericus,
2887 526 3029 582 Ples:
3048 544 3242 584 eomes
3264 526 3561 598 Doloicus,
3596 544 3627 584 e

3535 395 3661 533 922t

2005 609 2104 665 alii
2135 612 2467 683 complures
2499 615 2747 671 audaces
2778 615 3089 673 bellatores
3136 623 3194 673 et
3243 620 3474 674 statura
3530 620 3655 676 suis

2006 695 2191 752 hastis
2249 702 2668 770 propemodum
2733 719 2919 774 pares.
2975 704 3157 775 lgitur
3222 710 3343 760 toto
3400 706 3654 762 triennio

2008 787 2269 842 Vcnetiis
2326 789 2614 845 fabricatae
2673 803 2807 847 sunt
2866 791 3082 849 celeres
3130 811 3304 850 naves
3360 806 3658 867 equestres

2007 882 2241 931 centum
2270 879 2565 946 etdecem,
2607 897 2781 936 naves
2806 880 2991 952 longa:
3026 882 3349 953 sexaginta,
3401 886 3657 940 rotundis

2009 963 2161 1019 ultra
2219 968 2593 1037 septuaginta
2647 974 2784 1024 sunt
2832 976 3064 1036 coactae,
3117 988 3357 1042 quarum
3418 989 3531 1028 una
3583 973 3656 1028 ob

2009 1053 2303 1126 insignem
2340 1057 2801 1129 magnitudinem
2838 1059 3091 1116 Mundus
3123 1062 3195 1116 ab
3228 1060 3312 1115 eis
3330 1062 3659 1133 appellaba-

2012 1147 2122 1200 tur.
2155 1148 2262 1200 Eas
2308 1162 2484 1202 naves
2527 1149 2844 1205 constituto
2878 1153 3138 1221 tempore
3190 1151 3657 1206 conscenderunt

2007 1231 2235 1303 equites
2267 1234 2625 1307 cataphracti
2658 1236 2840 1303 mille,
2899 1239 3112 1293 scutati
3160 1238 3402 1310 triginta
3448 1239 3665 1306 millia,

2008 1320 2282 1394 plurimis
2313 1341 2610 1382 armorum
2641 1328 2955 1397 generibus
3014 1327 3305 1395 instructi,
3351 1329 3453 1384 scd
3488 1329 3655 1399 pleri-

2008 1426 2122 1483 que
2150 1417 2551 1484 zagrotoxota.
2587 1414 2783 1471 Classe
2813 1418 2882 1471 ad
2916 1434 3075 1472 oram
3109 1416 3448 1473 solvendam
3496 1435 3658 1490 para-

2007 1507 2088 1572 ta,
2141 1504 2357 1560 malum
2418 1505 2572 1562 malo
2630 1507 2967 1564 cumulatur
3016 1516 3071 1564 et
3147 1514 3357 1565 ﬂuctus
3415 1507 3659 1565 ﬂuctum

2009 1598 2195 1665 urget,
2230 1594 2377 1652 715
2404 1599 2467 1650 ut
2496 1596 2727 1652 dicitur.
2765 1602 2909 1651 Nam
2944 1597 3174 1652 Alexius
3208 1596 3412 1653 Isaacii
3455 1597 3660 1668 Augeli

2007 1681 2187 1751 ﬁlius,
2240 1684 2453 1741 litteris
2499 1683 2711 1741 veteris
2784 1686 2980 1742 Romae
3044 1687 3342 1743 Pontiﬁcis
3394 1692 3452 1743 et
3498 1688 3652 1759 regis

2006 1772 2366 1830 Alemannis:
2399 1773 2649 1847 Philippi
2682 1775 3028 1841 instructus,
3074 1776 3168 1847 qui
3221 1775 3487 1847 piraticis
3533 1776 3662 1832 istis

241 1875 359 1933 θος,
391 1862 610 1917 ε’ἰσεισιν
666 1857 725 1914 ἐκ
775 1857 1146 1934 παραγγελίας
1200 1858 1339 1914 αὐτὰ
1390 1856 1565 1919 ’ίππος
1607 1856 1702 1932 μὶν
1733 1854 1899 1937 χιλία

2017 1861 2275 1934 collegiis
2332 1862 2655 1933 plurimum
2713 1880 2776 1920 se
2834 1864 3135 1921 debituros
3213 1864 3655 1936 proﬁtebantur,

237 1950 456 2025 σιδήρῳ
486 1950 890 2027 κατάφρακτος,
926 1951 1012 2023 [Ρ.
1041 1948 1191 2021 348],
1223 1944 1380 2009 ἀσπίς
1410 1944 1469 2002 δὲ
1496 1946 1791 2022 τρισμυοία
1821 1945 1898 2010 είς

243 2038 478 2103 ὁπλίτας
508 2037 801 2098 πλείστους
832 2033 1159 2111 διῃρημένη,
1196 2034 1432 2109 μάλιστα
1464 2032 1522 2089 δὶ
1551 2034 1628 2097 εἷς
1652 2035 1781 2097 τοὺς
1808 2055 1899 2091 κα-

234 2129 549 2204 λουμένους
568 2124 1016 2204 τζαγροτοξότας.
1041 2126 1130 2186 Ὦς
1153 2121 1200 2179 δ’
1230 2123 1300 2194 ἦν
1331 2124 1359 2180 6
1392 2124 1589 2187 στόλος
1610 2125 1748 2201 πρὸς
1768 2124 1902 2179 ἀνα-

235 2220 433 2298 γωῇν
454 2216 707 2292 ἕτοιμος,
738 2215 902 2270 κακὸν
936 2213 1023 2270 έπὶ
1054 2217 1207 2285 κακῷ
1234 2210 1576 2288 προσϐάλλει
1607 2214 1698 2269 καὶ
1728 2217 1900 2287 κῦμα,

236 2311 460 2387 ὅφασιν,
491 2306 582 2362 ἐπὶ
610 2306 818 2381 κύματι
847 2302 1146 2377 Ῥωμαίοις
1194 2300 1614 2359 έπικυλίνδεται.
1653 2301 1900 2376 Ἀλέξιος

236 2401 349 2474 γὰρ
399 2398 428 2453 6
482 2403 608 2460 παῖς
657 2393 926 2452 Ἰσαακίου
974 2397 1073 2448 τοῦ
1122 2389 1392 2469 Ἀγγέλου
1422 2393 1738 2469 γράμμασιν
1768 2390 1901 2472 ἔφο-

241 2485 485 2550 διασθεῖς
543 2489 641 2541 τοῦ
693 2484 887 2540 πάππα
943 2483 1168 2555 Ῥώμης
1224 2487 1326 2551 τῆς
1387 2476 1754 2557 πρεσϐυτέρας
1812 2482 1901 2537 καὶ

238 2581 345 2632 τοῦ
395 2576 569 2653 ῥηγὸς
617 2570 952 2648 Ἀλαμανίας
1001 2569 1307 2644 Φιλίππου,
1359 2571 1587 2646 χάριτας
1645 2571 1903 2648 μεγίστας

246 2665 677 2741 ὁμολογούντων
725 2668 842 2724 τοῖς
889 2666 1228 2736 πειρατικοῖς
1275 2661 1493 2723 τούτοις
1521 2660 1904 2737 ἐργαστηρίοις

247 2755 302 2812 εἶ
356 2756 448 2812 τὸν
495 2752 740 2824 Ἀλέξιον
787 2749 1109 2822 εἰσδέξονται
1161 2751 1251 2806 καὶ
1308 2749 1446 2825 πρὸς
1491 2750 1594 2819 τὴν
1645 2751 1900 2827 πατρῴαν

242 2846 634 2922 ἐπαναγάγωσι
710 2840 1021 2911 Βασιλείαν,
1106 2842 1468 2915 τρισάσμενος
1531 2838 1668 2913 μετὰ
1716 2841 1904 2916 καιρὸν

235 2939 326 3007 τῷ
356 2932 538 3007 στόλῳ
584 2931 884 3009 ἐφίσταται,
945 2928 1035 2985 καὶ
1091 2924 1496 3005 προσϐλέπεται
1527 2927 1603 2991 ὡς
1638 2927 1702 2984 οὔ
1738 2925 1901 3003 μόνον

240 3023 343 3081 τόν
401 3022 538 3078 κατὰ
619 3020 911 3095 Ῥωμαίων
965 3018 1259 3096 λῃστρικὸν
1315 3012 1551 3073 ἔκπλουν
1614 3038 1904 3094 μετασχη-

248 3114 491 3188 ματίσων
546 3110 683 3187 πρὸς
739 3111 802 3166 τὸ
862 3108 1169 3189 εύαφορμον
1218 3107 1310 3164 καὶ
1351 3104 1739 3188 διαμορφάσων
1768 3110 1905 3185 πρὸς

235 3204 307 3260 τὸ
338 3199 718 3277 εὐπρόσωπον,
773 3196 920 3255 ἀλλᾶ
976 3197 1067 3254 καὶ
1117 3198 1426 3273 χρημάτων
1452 3198 1907 3273 ἀποθεραπεύσων

249 3290 506 3367 σωρείαις
571 3289 635 3346 τὸ
689 3286 981 3365 κερδαλέον
1036 3285 1252 3343 ἐκείνων
1333 3288 1425 3342 καὶ
1481 3286 1909 3363 φιλοχρήματον

2011 1950 2059 2006 si
2080 1948 2510 2008 adolescentem
2547 1952 2607 2008 in
2636 1952 3221 2025 patriumimperium
3257 1953 3659 2022 restituerent,

2009 2039 2309 2111 aliquanto
2349 2046 2480 2113 post
2507 2042 2889 2112 cupidissime
2918 2046 2983 2096 ad
3002 2041 3249 2098 classem
3284 2047 3341 2096 et
3400 2044 3663 2113 pervenit

2009 2133 2067 2184 et
2089 2129 2392 2201 excipitur,
2427 2136 2489 2186 ut
2517 2131 2619 2201 qui
2650 2147 2766 2187 non
2792 2135 3016 2187 tantum
3063 2130 3435 2186 latrocinium
3508 2130 3650 2186 illud

2009 2223 2214 2275 contra
2244 2220 2539 2276 Romanos
2568 2219 2906 2275 institutum
2925 2236 3260 2291 promovere
3303 2229 3360 2275 et
3409 2220 3655 2275 honesta

2012 2309 2203 2379 specie
2231 2310 2444 2377 fucare,
2481 2310 2581 2365 sed
2616 2318 2667 2364 et
2691 2310 3070 2382 pecuniarum
3121 2311 3343 2365 acervis
3387 2308 3652 2382 ipsorum

2010 2398 2311 2455 avaritiam
2344 2398 2568 2471 explere
2608 2404 2820 2470 posset.
2852 2400 2906 2454 Is
2938 2417 3051 2454 non
3076 2405 3241 2455 aetate
3262 2400 3449 2471 magis
3475 2415 3652 2470 quam

2011 2488 2209 2544 animo
2234 2503 2394 2560 puer,
2424 2506 2459 2544 a
2490 2489 2630 2544 viris
2659 2487 2889 2544 callidis
2919 2493 2975 2545 et
3023 2491 3271 2544 versutis
3328 2494 3654 2560 susceptus,

2014 2577 2235 2651 pepigit
2262 2582 2319 2634 et
2346 2582 2713 2636 sacramento
2744 2577 2995 2633 ﬁrmavit
3023 2595 3087 2633 ea
3134 2595 3197 2634 se
3270 2578 3651 2650 praebiturum

2013 2683 2139 2740 quae
2197 2667 2436 2738 perduci
2487 2667 2559 2722 ad
2608 2667 2827 2722 exitum
2884 2666 3126 2723 minime
3191 2670 3477 2739 poterant.
3536 2667 3653 2723 Nec

2012 2756 2168 2812 enim
2199 2755 2385 2811 maria
2416 2756 2793 2827 pecuniarum
2827 2755 3108 2811 duntaxat
3148 2755 3266 2811 illis
3299 2756 3651 2828 postulanti-

2013 2846 2121 2901 bus
2150 2844 2446 2919 promisit,
2481 2845 2581 2901 sed
2615 2849 2673 2901 et
2718 2843 2999 2900 auxilium
3059 2850 3259 2902 contra
3293 2851 3655 2902 Sarracenos

2016 2950 2146 2991 cum
2167 2935 2440 2990 Romanis
2461 2934 2748 2991 militibus
2767 2939 2822 2989 et
2841 2935 3272 3007 quinquaginta
3296 2934 3651 2992 triremibus.

2016 3024 2084 3080 Et
2113 3024 2264 3096 quod
2290 3024 2478 3094 majus
2507 3029 2595 3079 est
2626 3039 2692 3079 ac
2721 3022 2893 3095 longe
2936 3023 3271 3091 absurdius,
3319 3024 3657 3080 Latinorum

2017 3112 2396 3184 depravatum
2425 3111 2762 3184 religionem
2806 3110 3197 3184 amplectitur,
3234 3117 3290 3169 et
3329 3112 3654 3185 privilegio-

2020 3218 2152 3257 rum
2176 3200 2471 3273 papalium
2511 3201 2940 3257 innovationem
2997 3206 3054 3257 et
3082 3207 3334 3258 veterem
3367 3206 3658 3258 Romano-

2022 3309 2150 3349 rum
2172 3290 2575 3347 institutorum
2598 3292 2979 3347 mutationem
3014 3292 3339 3362 pollicetur.

250 3381 515 3462 φρόνημα
553 3379 658 3438 Τὸν
683 3378 859 3434 τοίνυν
891 3377 1136 3449 Ἀλέξιον
1184 3376 1246 3432 ού
1308 3375 1522 3462 μᾷλλον
1575 3379 1676 3445 τήν
1731 3376 1952 3448 ἡλικίαν
1997 3382 2034 3451 ἢ
2091 3379 2185 3442 τὰς
2240 3380 2436 3459 φρένας
2488 3381 2743 3448 νεάζοντα
2794 3383 3096 3457 πανοῦργοι
3136 3380 3330 3443 πάντες
3361 3380 3452 3436 καὶ
3483 3379 3665 3458 πράγ-

255 3491 419 3544 μασιν
486 3467 790 3531 έντακέντες
856 3463 1046 3541 ἄνδρες
1110 3461 1521 3541 παραλαϐόντες
1589 3464 1817 3530 ἐκείνοις
1886 3466 1939 3524 ἐν
2009 3470 2193 3543 ὅρκοις
2260 3468 2540 3532 συνθέσθαι
2607 3466 2933 3544 παρέπεισαν
2994 3468 3028 3523 ἃ
3087 3467 3360 3544 μηδαμῶς
3410 3468 3664 3541 ἐπεφύκει

249 3556 419 3630 πέρας
489 3552 701 3613 λαϐεῖν.
767 3555 845 3613 Οὐ
911 3558 1014 3632 γὰρ
1084 3555 1249 3629 μόνον
1317 3553 1590 3634 θαλάσσας
1657 3556 1968 3634 χρημάτων
2045 3557 2436 3630 αἰτησαμένοις
2516 3557 2796 3612 κατένευσε
2866 3558 2928 3612 τὸ
2999 3559 3298 3633 μειράκιον,
3364 3555 3511 3612 ἀλλὰ
3572 3559 3664 3613 καὶ

257 3645 511 3720 σύναρσιν
581 3644 715 3700 κατὰ
786 3643 1150 3721 Σαῤῥακηνῶν
1223 3644 1339 3717 μετ’
1414 3632 1760 3724 ὁπλομάχων
1824 3647 2115 3720 Ῥωμαίων
2180 3646 2273 3702 καὶ
2339 3647 2639 3723 τρικρότων
2706 3651 2851 3715 νηῶν
2920 3649 3282 3716 πεντήκοντα.
3343 3646 3421 3702 Τὸ
3475 3642 3532 3698 δὲ
3592 3642 3659 3714 δὴ

260 3740 448 3808 μεῖζον
489 3734 578 3789 καὶ
608 3732 981 3803 ἀτοπώτατον,
1012 3734 1397 3809 παρεκτροπὴν
1428 3732 1685 3802 πίστεως,
1720 3734 1883 3789 ὁποία
1924 3741 2041 3798 τοῖς
2094 3736 2344 3799 Λατίνοις
2389 3735 2703 3806 ἀσπάζεται,
2732 3736 2824 3791 καὶ
2853 3742 2959 3790 τῶν
2990 3733 3089 3790 τοῦ
3118 3736 3313 3790 πάππα
3343 3732 3660 3807 προνομίων

251 3823 564 3896 καινισμὸν,
604 3820 884 3894 μετάθεσίν
908 3843 969 3877 τε
991 3823 1082 3878 καὶ
1115 3821 1472 3896 μεταποίησιν
1501 3828 1613 3878 τῶν
1645 3821 1898 3878 παλαιῶν
1929 3824 2227 3899 Ῥωμαίοις
2257 3823 2393 3889 ἐθῶν
2426 3823 2804 3900 συγκατέθετο.

328 3908 533 3981 Καὶδή
584 3911 613 3965 6
668 3911 763 3984 μὲν
822 3909 1021 3976 στόλος
1072 3911 1140 3968 τὰ
1194 3915 1512 3988 πρυμνήσια
1547 3911 1716 3975 λύσας
1745 3913 1911 3968 κατά-

256 4022 411 4079 γεται
443 4000 579 4076 πρὸς
631 3997 872 4075 Ἰάδαρα,
927 4001 1017 4056 καὶ
1067 4001 1134 4070 ἦν
1167 4001 1302 4057 αὐτὰ
1357 4000 1691 4076 πολιορκῶν,
1754 3998 1909 4071 δόξαν

256 4091 403 4147 οὕτω
453 4095 533 4163 τῷ
588 4096 688 4161 τῆς
750 4088 995 4153 Βενετίας
1031 4088 1325 4164 Δανδούλῳ
1383 4087 1559 4160 δουκι,
1619 4091 1693 4153 ὡς
1751 4087 1911 4161 δῆθεν

254 4181 499 4245 παλαιὰς
547 4183 817 4253 συνθήκας
875 4181 1012 4256 πρὸς
1069 4180 1196 4243 τοὺς
1255 4181 1316 4237 έκ
1370 4182 1566 4258 γένους
1594 4179 1781 4254 ἐκείνῳ
1808 4202 1913 4236 πα-

258 4266 666 4347 ραϐλεψάμενα.
725 4271 786 4327 Ὀ
834 4268 893 4326 δέ
933 4292 996 4347 γε
1058 4276 1272 4341 κρατῶν
1321 4270 1608 4343 Ῥωμαίων
1667 4266 1912 4342 Ἀλέξιος

258 4362 320 4418 έκ
347 4359 567 4417 πολλοῦ
620 4362 721 4431 τήν
779 4365 889 4415 τῶν
944 4360 1192 4416 Λατίνων
1248 4358 1640 4433 ἐνωτιζόμενος
1698 4357 1910 4431 κίνησιν

257 4455 401 4530 πρὸς
431 4449 584 4508 οὐδέν
613 4472 669 4506 τι
698 4451 918 4525 ἄμεινον
977 4451 1151 4522 ἑαυτῷ
1204 4470 1264 4506 τε
1311 4447 1404 4505 καὶ
1459 4449 1760 4522 Ῥωμαίοις
1792 4446 1912 4504 διέ-

2094 3915 2292 3972 Classe
2316 3917 2516 3971 Iadara
2540 3920 2811 3987 provecta
2826 3915 2993 3985 jussu
3027 3913 3280 3969 Danduli
3307 3916 3661 3969 Venetorum

2024 4004 2188 4060 ducis
2246 4004 2389 4060 urbs
2438 4004 2743 4059 obsidetur
2786 4004 2858 4058 ob
2912 4012 3071 4058 vetus
3116 4001 3410 4074 quoddam
3473 4001 3660 4057 lendus

2024 4092 2325 4160 violatum,
2355 4097 2421 4148 ut
2444 4092 2653 4148 aiebat.
2683 4094 2757 4147 At
2787 4091 3184 4147 Romanorum
3218 4092 3368 4146 716
3398 4090 3661 4162 impera-

2022 4188 2115 4240 tor
2143 4182 2381 4238 Alexius
2404 4183 2530 4253 jam
2562 4181 2789 4254 pridem
2813 4180 3147 4237 Latinorum
3174 4185 3334 4238 metu
3358 4180 3555 4237 audito
3570 4179 3660 4235 ni-

2024 4272 2109 4329 hil
2124 4270 2491 4344 preeparavit,
2509 4272 2661 4342 quod
2687 4287 2717 4327 e
2733 4288 2791 4326 re
2807 4269 2895 4325 vel
2913 4287 3018 4326 sua
3034 4269 3302 4341 privatim
3325 4279 3415 4326 vet
3428 4268 3662 4341 publice

2021 4363 2284 4418 omnium
2342 4364 2532 4419 esset:
2593 4376 2727 4416 nam
2775 4360 3090 4416 immodica
3149 4358 3428 4415 mollities
3491 4358 3663 4415 rebus

2022 4449 2298 4524 gerendis
2355 4448 2540 4505 nihilo
2590 4450 2779 4520 aptior
2844 4456 2928 4504 est
2985 4464 3164 4520 quam
3223 4447 3544 4504 dementia.
3594 4447 3671 4503 Et

256 4559 429 4600 κειτο⁶
488 4542 552 4598 τὸ
606 4540 709 4617 γὰρ
766 4540 1015 4616 περιττὸν
1070 4537 1122 4595 έν
1185 4537 1455 4614 μαλακίαν
1488 4535 1612 4609 ἴσην
1654 4536 1772 4613 ἔχει
1799 4559 1919 4603 πως

2029 4542 2318 4615 spadones
2349 4539 2695 4597 silvosorum
2731 4538 3015 4595 montium
3049 4539 3341 4606 custodes,
3401 4538 3503 4611 qui
3561 4539 3669 4595 im-

257 4634 355 4688 καί
384 4633 483 4702 τὴν
539 4602 796 4706 βλακείαν
839 4602 976 4704 πρὸς
1031 4627 1099 4685 τὰ
1150 4602 1462 4707 κοινωφελῆ
1493 4602 1582 4682 καί
1612 4602 1913 4685 τόίδέονται

2026 4602 2391 4704 peratoribus
2426 4632 2701 4700 tanquam
2734 4629 2886 4684 sacri
2918 4626 3037 4685 luci
3060 4634 3162 4684 aut
3192 4602 3376 4684 divini
3411 4602 3667 4701 paradisi

262 4724 335 4781 Οἱ
365 4719 425 4776 δὲ
453 4724 562 4776 τῶν
615 4718 926 4795 περιφύτων
958 4719 1103 4795 ὀρῶν
1158 4716 1395 4798 φύλακες
1434 4715 1707 4789 ἐκτομίαι,
1738 4717 1772 4771 ἃ
1798 4723 1917 4779 τοῖς

262 4809 578 4888 βασιλεῦσιν
636 4808 842 4865 ἀνεῖται
899 4809 1037 4881 πρὸς
1089 4807 1405 4882 κυνηγέσια,
1465 4805 1708 4882 καθάπερ
1756 4807 1918 4883 ἱερῶν

260 4899 494 4974 ἄλσεων,
579 4900 748 4956 εἰπεῖν
836 4896 897 4955 δὲ
982 4899 1071 4955 καὶ
1132 4897 1499 4974 θεοφυτεύτων
1554 4895 1917 4973 παραδείσων,

263 4989 542 5070 ἐφείδοντο
593 4988 849 5058 τουτωνὶ,
902 4987 995 5043 καὶ
1077 4984 1466 5057 διηπειλοῦντο
1528 4987 1619 5042 τὸν
1684 4982 1918 5064 ἔσχατον

262 5080 511 5137 κίνδυνον
565 5083 683 5140 τοῖς
766 5075 1009 5150 ἐκτεμεῖν
1085 5074 1444 5152 προθεμένοις
1524 5072 1726 5141 έκεῖθεν
1785 5075 1919 5149 ξύλα

265 5170 400 5227 ἅττα
429 5169 842 5243 ναυπηγήσιμα.
895 5165 1000 5222 Ναί
1064 5167 1172 5239 μὴν
1204 5166 1295 5221 καὶ
1343 5165 1372 5219 6
1417 5168 1516 5221 τοῦ
1560 5164 1761 5221 στόλου
1792 5162 1918 5237 δοὺξ

265 5256 505 5334 Μιχαὴλ
542 5257 571 5310 6
600 5255 903 5333 Στρυφνὸς,
951 5255 1254 5329 κασιγνήτῃ
1298 5260 1402 5323 τῆς
1450 5250 1740 5324 δεσποίνης
1767 5274 1919 5308 συνε-

268 5345 581 5424 ζευγμένος,
642 5340 949 5404 δεινότατος
1005 5337 1081 5396 ὢν
1162 5344 1236 5415 μὴ
1301 5340 1463 5414 μόνον
1518 5340 1771 5418 γόμφους
1827 5342 1918 5397 καὶ

264 5436 500 5513 ἀγκύρας
567 5431 802 5512 χρυσίου
885 5429 1243 5503 ἀλλάξασθαι,
1319 5429 1463 5487 ἀλλὰ
1519 5431 1611 5485 καὶ
1672 5428 1917 5508 λαίφεσιν

266 5525 542 5592 ἒπιθέσθαι
626 5522 719 5578 καὶ
804 5521 1145 5598 ἐξαργυρίσαι
1225 5521 1488 5597 πρότονα,
1544 5519 1920 5591 ἀπαξάπαντος

264 5614 468 5672 πλοίου
529 5614 740 5689 μακροῦ
796 5612 865 5667 τὰ
927 5611 1128 5686 νεώρια
1183 5609 1472 5685 Ῥωμαίων
1513 5608 1758 5668 έκένωσε.
1815 5611 1918 5667 Καὶ

269 5703 528 5785 βασιλεὺς
585 5703 674 5767 οῖς
724 5699 826 5758 ούκ
873 5699 1105 5779 ἐπετίμα
1158 5704 1275 5767 τοῖς
1334 5695 1653 5778 ἀϐελτέρως
1699 5697 1767 5756 τὰ
1806 5704 1917 5758 τῶν

2023 4721 2277 4777 venandi
2309 4719 2497 4792 gratia
2548 4720 2873 4776 consecrati
2893 4724 3052 4785 sunt,
3086 4721 3405 4793 parcebant
3430 4719 3662 4775 arbori-

2026 4811 2156 4878 bus,
2187 4815 2244 4865 et
2274 4816 2600 4865 extremum
2636 4809 2956 4881 periculum
2986 4808 3059 4866 iis
3103 4808 3530 4865 minitabantur
3561 4807 3664 4879 qui

2023 4901 2096 4957 ad
2130 4899 2500 4956 fabricandas
2533 4915 2707 4955 naves
2756 4897 2918 4971 ligna
2948 4898 3085 4953 inde
3116 4902 3396 4970 peterent.
3459 4896 3665 4952 Adhuc

2025 4988 2233 5046 classis
2263 4988 2381 5043 dux
2410 4986 2650 5043 Michael
2692 4987 3041 5058 Stryphnus,
3074 4985 3165 5040 cui
3198 4985 3452 5041 dominae
3500 5000 3668 5040 soror

2027 5082 2206 5149 nupta
2234 5085 2374 5143 erat,
2434 5093 2547 5132 non
2598 5079 2829 5131 tantum
2879 5075 3071 5131 clavos
3104 5078 3163 5130 et
3222 5089 3467 5130 ancorae
3525 5088 3667 5128 auro

2028 5170 2376 5238 permutare,
2411 5168 2507 5222 sed
2540 5164 2665 5219 vela
2686 5164 2857 5219 etiam
2880 5169 2937 5219 et
2961 5163 3237 5219 rudentes
3256 5161 3507 5218 vendere
3537 5159 3671 5216 soli-

2025 5261 2143 5324 tus,
2161 5255 2348 5328 longis
2368 5255 2614 5311 navibus
2630 5270 2865 5325 prorsus
2878 5253 3151 5309 omnibus
3165 5252 3390 5309 navalia
3405 5256 3667 5308 Romana

2028 5343 2327 5418 spoliarat.
2364 5347 2682 5417 Imperator
2703 5358 2835 5398 vero
2864 5342 3135 5398 vecordes
3171 5341 3437 5397 homines
3478 5340 3669 5412 pessi-

2026 5451 2125 5491 ma
2154 5434 2411 5490 facinora
2433 5437 2834 5506 perpetrantes
2873 5432 3017 5488 adeo
3076 5448 3192 5487 non
3231 5431 3573 5502 castigabat,
3608 5433 3669 5486 ut

2027 5524 2100 5581 iis
2131 5538 2259 5580 eum
2293 5523 2500 5595 primis
2532 5522 2817 5594 propitius
2856 5536 2981 5577 esse
3016 5522 3328 5577 videretur.
3374 5522 3500 5577 lam
3532 5519 3671 5592 quia

2024 5613 2275 5670 libenter
2302 5611 2459 5667 domi
2508 5612 2832 5679 desidebat,
2894 5627 3050 5667 nunc
3102 5611 3281 5668 colles
3312 5611 3581 5684 aequabat
3617 5618 3672 5668 et

2023 5701 2199 5763 valles
2227 5699 2638 5774 complanabat
2661 5704 2717 5759 et
2747 5716 2913 5759 arcas
2940 5699 3226 5775 faciebat;
3259 5717 3418 5763 nunc
3452 5699 3671 5761 Latinae
