4072 6218
243 388 363 449 925

1156 383 1258 445 DE
1300 383 1595 447 ALEXIO
1637 381 1930 445 ISAACII
1973 384 2254 446 ANGELI
2302 383 2431 446 FR.
2476 385 2626 446 LIB.
2671 385 2780 446 III.

3542 377 3659 439 926

246 524 383 578 Εἶτα
411 519 500 574 καὶ
536 519 710 588 αὐτῆς
760 516 1149 594 διαρῤαγείσης
1207 515 1334 572 ε⁹ίσω
1393 517 1604 589 ξύμπας
1648 517 1676 571 6
1733 515 1903 572 πολέ-

2019 535 2218 575 mense
2249 519 2428 584 Julio,
2477 535 2630 574 anno
2669 520 2833 574 6711.
2884 520 3023 575 Inde
3055 515 3235 573 Latini
3273 532 3404 572 cum
3434 520 3656 570 tantum

248 634 378 687 μιος
410 610 607 672 στόλος
667 609 957 684 εἷσρύεται.
1017 609 1138 664 Τῶν
1199 605 1246 662 δ’
1303 605 1601 680 ἡμεδαπῶν
1659 610 1725 681 [Ρ
1781 609 1904 681 350]

244 699 522 776 τριηρέων
553 701 605 753 αἱ
663 700 758 772 μὲν
818 697 1009 752 αὐτίκα
1062 702 1398 776 χειροῦνται,
1456 695 1512 750 αἲ
1570 695 1627 750 δὲ
1681 701 1762 768 τῷ
1807 702 1907 764 τῆς

244 786 470 850 πόλεως
527 787 768 862 αῗγιαλῷ
829 787 1310 861 προσεγχρίψασαι
1390 787 1680 861 τιτρῶνται
1771 785 1904 858 μετὰ

242 883 349 950 την
382 884 490 932 τῶν
520 875 878 949 ἐμπλεόντων
927 877 1173 933 κένωσιν.
1235 876 1339 931 Καὶ
1388 876 1455 944 ἦν
1501 872 1787 936 πολυειδὲς
1842 874 1906 928 τὸ

244 968 438 1036 κακὸν,
477 964 608 1040 μηδ’
641 965 727 1021 ἐπὶ
760 962 984 1040 καρδίαν
1019 963 1167 1026 ὅλως
1197 965 1347 1026 τινὸς
1392 964 1564 1021 ἀνιόν.
1625 963 1904 1022 Ἐνίστατο

252 1055 313 1113 δὶ
343 1058 467 1111 τότε
500 1057 608 1128 μὴν
652 1054 910 1126 Ἰούλιος,
968 1058 1066 1109 τοῦ
1127 1051 1606 1128 έξακισχιλιοστοῦ
1673 1054 1905 1108 ἑπτακο-

246 1151 473 1203 σιοστοῦ
507 1143 792 1200 ἑνδεκάτου
821 1142 998 1206 ἔτους.
1035 1145 1493 1223 ’Λνοχευσάμενοι
1516 1142 1560 1198 δ’
1594 1143 1652 1198 ἐκ
1706 1145 1903 1199 τούτου

248 1237 449 1311 μικρὸν
487 1237 537 1290 οἱ
572 1239 818 1303 Λατῖνοι,
869 1233 961 1288 γαὶ
991 1233 1115 1288 ὅσον
1147 1235 1210 1288 τὸ
1265 1233 1526 1304 ποιητέον
1587 1235 1902 1307 σκέψασθαι,

247 1328 306 1381 οἱ
351 1328 443 1398 μὶν
482 1325 613 1397 μετὰ
640 1329 749 1377 τῶν
795 1327 969 1392 νηῶν,
1028 1325 1063 1391 ἡ
1105 1320 1151 1376 δ’
1206 1322 1376 1384 ’ἱππος
1435 1323 1571 1394 μετὰ
1625 1325 1726 1395 τῇς
1765 1343 1904 1396 προ-

251 1410 609 1486 ϐεϐλημένης
667 1415 837 1482 πεζής
867 1415 1122 1487 στρατιᾶς
1178 1416 1256 1484 τῷ
1314 1409 1597 1485 Κοσμιδίῳ
1655 1409 1901 1488 ἐφίστανο

245 1523 370 1572 ται,
433 1503 624 1575 μικρὰν
688 1501 1046 1580 ἐφευρηκότες
1115 1501 1175 1556 ἐκ
1243 1506 1350 1555 τῶν
1409 1499 1701 1574 Ῥωμαίων
1758 1501 1905 1556 ἀντί-

249 1612 440 1646 στασιν
469 1592 591 1665 περί
630 1591 730 1658 τὴν
763 1589 872 1644 ἐκεῖ
900 1611 1006 1644 που
1033 1589 1266 1668 γέφυραν
1314 1589 1403 1644 καὶ
1452 1591 1546 1644 τὸν
1605 1589 1903 1664 λεγόμενον

241 1681 535 1754 Τρυπητὸν
570 1679 750 1738 λίθον.
794 1681 991 1734 Καὶτά
1033 1681 1126 1753 μὲν
1159 1685 1330 1735 πλοῖα
1374 1682 1464 1734 καὶ
1523 1681 1578 1734 αἱ
1627 1687 1754 1749 νῆες
1810 1678 1902 1734 καὶ

243 1771 302 1824 οἱ
337 1768 617 1845 δρόμωνες
651 1767 763 1823 ἐκεῖ
791 1789 896 1824 που
919 1769 1332 1844 προσίσχουσιν,
1394 1771 1422 1824 ὁ
1481 1767 1538 1824 δὲ
1593 1769 1901 1844 στρατηγὸς

245 1862 583 1934 στρατήγιον
613 1861 854 1932 πήγνυσι
887 1856 1281 1933 διειλημμένον
1329 1859 1385 1914 έν
1447 1859 1599 1933 μέρει
1649 1859 1902 1932 ὀρυκτοῖς

238 1949 624 2026 χαφακώμασι
681 1948 772 2002 καὶ
827 1947 1065 2017 ξυλίνοις
1121 1947 1602 2022 περισταυρώμασι
1660 1947 1784 2022 περὶ
1841 1947 1903 2002 τὸ

239 2037 566 2114 γεώλοφον,
608 2037 698 2116 ἀφ’
730 2037 896 2111 οὗπερ
953 2037 1118 2112 ὁρατᾶ
1179 2039 1274 2110 μὲν
1326 2037 1394 2092 τὰ
1443 2037 1494 2092 ἐν
1563 2036 1903 2112 Βλαχέρναις

244 2127 542 2199 ἀνάκτορα,
578 2126 752 2200 ρπόσα
787 2125 996 2180 νένευκε
1037 2126 1174 2199 πρὸς
1235 2125 1482 2199 ἑσπέρανο
1545 2128 1666 2202 περὶ
1729 2123 1786 2179 δὲ
1842 2145 1905 2200 γε

236 2217 349 2284 τήν
408 2215 604 2269 τούτου
669 2209 936 2269 ὑπόϐασιν
1001 2213 1242 2284 ὑπτιάζει
1327 2236 1409 2276 τις
1467 2212 1708 2283 αὔλειος,
1767 2213 1902 2289 πρὸς

246 2299 602 2377 μεσημϐρίαν
665 2303 761 2377 μὲν
814 2303 866 2365 ἐς
924 2304 985 2358 τὸ
1043 2309 1230 2382 τεῖχος
1289 2303 1540 2381 λήγουσα
1570 2303 1700 2378 ὅπερ
1732 2297 1905 2378 ἔρυμα

238 2401 358 2451 τῶν
413 2395 656 2469 ἀρχείων
711 2395 739 2447 6
811 2393 1070 2467 βασιλεὺς
1132 2394 1384 2470 ἀνήγειρε
1432 2391 1718 2464 Μανουήλ,
1769 2392 1905 2448 κατᾶ

244 2480 308 2536 δὲ
345 2481 550 2557 βορρᾶν
585 2480 785 2553 ἄνεμόν
818 2485 888 2553 τῇ
923 2478 1169 2552 θαλάσσῇ
1207 2480 1516 2556 ἒγγίζουσα.
1579 2479 1791 2550 Σκηνὰς
1847 2501 1904 2535 τε

243 2572 346 2625 οῦν
401 2571 564 2643 ὀρθὰς
624 2571 810 2644 ἑώρων
872 2569 923 2622 οἱ
982 2567 1034 2623 έν
1091 2574 1208 2630 τοῖς
1266 2571 1498 2648 τείχεσι,
1557 2570 1648 2624 καὶ
1707 2573 1903 2644 μικροῦ

241 2658 625 2734 διομιλεῖσθαι
656 2658 804 2734 εἶχον
837 2662 956 2719 τοῖς
988 2657 1040 2712 έν
1074 2657 1284 2727 αὐταῖς,
1335 2659 1458 2732 περὶ
1516 2660 1615 2726 τήν
1675 2657 1903 2733 Γυρολί-

243 2771 393 2822 μνην
454 2747 859 2822 στρεφομένοις.
927 2746 1032 2801 Καὶ
1093 2747 1145 2801 οἱ
1206 2747 1302 2818 μὲν
1344 2746 1406 2801 οὐ
1466 2749 1666 2823 χάρακι
1709 2748 1903 2803 ἐπίπαν

242 2839 346 2894 καὶ
410 2836 626 2905 δπλοις,
684 2840 762 2908 τῷ
803 2833 860 2890 δὲ
916 2831 1200 2910 περιϐόλῳ
1261 2839 1360 2901 τῆς
1436 2836 1652 2898 πόλεως
1744 2841 1903 2910 ἡμῶν

250 2925 585 3001 διείργοντα·
620 2927 647 2979 6
706 2922 763 2978 δὲ
822 2923 1080 2998 βασιλεὺς
1130 2924 1372 2997 Ἀλέξιος
1425 2924 1597 2980 πάλαι
1647 2929 1901 2998 τεθησαυ-

248 3019 432 3094 ρικὼς
494 3016 546 3071 έν
597 3019 664 3088 τῇ
715 3019 870 3093 ψυχῇ
927 3016 1027 3084 τήν
1084 3017 1262 3092 φυγὴν
1317 3015 1409 3070 καὶ
1493 3014 1630 3079 ἄπας
1731 3017 1900 3087 αὐτῆς

244 3107 546 3185 γενόμενος
571 3104 970 3179 ὡπλοφόρησεν
1031 3102 1295 3178 οὐδαμοῦ,
1365 3103 1475 3160 οὐδ’
1526 3106 1904 3179 ἀντιμέτωπος

239 3196 409 3276 ὣφθη
451 3201 586 3263 ,τοῖς
643 3192 856 3267 ἔξωθεν,
940 3193 1086 3250 ἀλλὰ
1145 3197 1338 3264 θεατὴς
1415 3200 1521 3250 τῶν
1608 3194 1901 3272 δρωμένων

2017 609 2378 681 quievissent
2409 616 2689 682 quantum
2727 611 2795 664 ad
2830 610 3266 664 deliberandum
3304 609 3446 662 satis
3479 612 3654 673 esset,

2015 699 2112 753 alii
2145 715 2275 754 cum
2323 702 2579 764 navibus,
2626 699 2849 770 equites
2900 715 3029 752 vero
3071 715 3196 752 cum
3249 697 3520 766 adjuncto
3570 712 3660 764 pe-

2016 788 2196 843 ditatu
2248 789 2317 842 ad
2368 787 2722 843 Cosmidium
2785 788 3086 850 accedunt,
3141 802 3336 857 parum
3385 783 3656 838 Romanis

2016 877 2192 933 armis
2239 878 2307 930 ad
2372 884 2602 946 pontem
2659 886 2706 931 et
2768 877 2954 930 locum
3015 877 3109 945 qui
3146 877 3468 930 Perforatus
3513 873 3658 944 lapis

2015 966 2228 1021 dicitur
2294 967 2578 1037 impediti,
2640 983 2704 1022 ac
2730 982 2905 1021 naves
2954 967 3143 1020 omnis
3175 966 3404 1036 generis
3453 963 3527 1018 ibi
3563 981 3659 1034 ap-

2015 1056 2256 1128 pellunt.
2305 1063 2429 1111 Dux
2485 1060 2926 1111 castrametatur
2983 1057 3190 1127 partim
3254 1057 3411 1110 fossa
3442 1054 3654 1125 partim

2015 1145 2368 1216 vallisjuxta
2410 1145 2615 1200 collem
2649 1144 3026 1209 circumdata,
3075 1161 3141 1200 ex
3177 1160 3287 1215 quo
3320 1143 3657 1198 Blachernia

2014 1234 2194 1305 regia,
2240 1250 2352 1306 qua
2393 1239 2460 1290 ad
2507 1250 2774 1290 occasum
2822 1235 3026 1304 vergit,
3079 1233 3449 1304 conspicitur.
3492 1231 3656 1288 Circa

2013 1324 2355 1380 descensum
2396 1323 2553 1380 illius
2584 1324 2931 1379 vestibulum
2967 1324 3262 1394 quoddam
3312 1339 3510 1378 versus
3536 1337 3658 1376 me-

2014 1412 2215 1469 ridiem
2273 1413 2548 1484 aperitur,
2615 1413 2672 1466 in
2706 1428 2833 1467 eum
2883 1428 3110 1467 murum
3157 1412 3430 1468 desinens
3484 1425 3654 1482 quem

2013 1501 2240 1557 Manuel
2303 1501 2600 1556 muniendi
2649 1501 2871 1556 castelli
2935 1517 3112 1556 causa
3165 1502 3657 1569 struxit;versus

2011 1591 2469 1663 Septentrionem
2501 1605 2636 1646 vero
2691 1607 2868 1662 prope
2926 1606 3080 1645 mare
3135 1591 3468 1661 porrigitur.
3506 1595 3652 1664 Ergo

2013 1684 2106 1754 qui
2166 1683 2238 1753 εἰη
2324 1683 2465 1737 urbe
2541 1687 2728 1747 erant,
2810 1686 3000 1736 erecta
3059 1682 3209 1737 720
3280 1683 3656 1740 tabernacula

2014 1773 2350 1840 cernebant,
2401 1776 2457 1825 et
2500 1787 2645 1841 pene
2697 1769 2946 1840 colloqui
2994 1775 3263 1841 poterant
3293 1786 3421 1826 cum
3455 1771 3526 1827 iis
3559 1773 3655 1844 qui

1935 1893 1980 1956 Β
2014 1863 2085 1918 ad
2143 1861 2549 1956 Gyrolimnam-
2611 1861 3033 1926 versabantur;
3095 1877 3201 1915 nec
3246 1860 3330 1916 illi
3395 1861 3544 1917 vallo
3601 1868 3660 1918 et

2015 1952 2211 2020 armis,
2245 1951 2344 2005 sed
2377 1949 2668 2004 moenibus
2701 1950 2862 2004 urbis
2895 1951 2966 2004 ab
3015 1949 3181 2005 nobis
3212 1949 3656 2021 distingueban-

2013 2047 2126 2098 tur.
2152 2044 2432 2097 Caeterum
2492 2040 2812 2112 imperator
2867 2039 3122 2107 Alexius,
3159 2041 3259 2111 qui
3312 2041 3533 2110 pridem
3570 2043 3657 2098 fu-

2014 2147 2146 2202 gam
2225 2130 2418 2185 animo
2519 2130 2843 2185 destinarat
2900 2129 2958 2183 in
3047 2145 3229 2200 eaque
3290 2134 3442 2185 totus
3509 2136 3655 2201 erat,

2015 2236 2303 2292 nusquam
2354 2235 2514 2275 arma
2544 2219 2673 2275 tulit
2732 2235 2915 2287 neque
2961 2219 3021 2274 in
3070 2221 3250 2274 aciem
3310 2223 3510 2275 contra
3545 2221 3651 2276 ho-

2015 2314 2135 2366 stes
2192 2310 2423 2381 prodiit,
2507 2311 2607 2364 sed
2664 2313 2961 2381 spectator
3043 2308 3260 2363 assedit
3317 2309 3654 2364 conscensis

2014 2397 2322 2454 altissimis
2367 2395 2606 2462 aedibus,
2641 2411 2762 2466 quae
2821 2397 2892 2450 ab
2925 2387 3373 2450 Alemannorum
3421 2396 3658 2451 domina

2016 2502 2226 2542 nomen
2293 2485 2528 2540 habent.
2594 2485 2732 2554 Ejus
2783 2501 2915 2539 vero
2974 2483 3287 2540 familiares
3336 2490 3394 2540 et
3426 2486 3663 2556 cognati

2017 2591 2151 2630 cum
2201 2578 2654 2646 quantocunque
2710 2575 2968 2646 equitatu
3037 2579 3092 2629 et
3149 2576 3355 2645 exiguo
3401 2576 3658 2644 peditatu

2017 2684 2120 2740 per
2177 2664 2484 2721 intervalla
2527 2666 2786 2736 exibant,
2847 2671 3068 2720 tantum
3130 2683 3242 2720 non
3289 2670 3352 2720 ut
3390 2667 3657 2722 ostende-

2015 2759 2145 2811 rent
2165 2756 2368 2811 urbem
2420 2753 2762 2810 hominihus
2800 2771 2914 2809 non
2946 2753 3186 2810 omnino
3238 2771 3366 2809 esse
3391 2770 3653 2809 vacuam.

2015 2849 2176 2916 Saepe
2206 2843 2385 2916 igitur
2426 2845 2626 2898 eodem
2680 2844 2772 2898 die
2803 2843 3076 2907 utrinque
3125 2842 3392 2898 cohortes
3431 2843 3658 2914 aliquot

2015 2933 2163 2988 levia
2191 2934 2484 3004 equestria
2535 2933 2856 2988 certamina
2907 2932 3270 2987 aemulatione
3303 2926 3658 2988 fortitudinis

2015 3023 2337 3091 faciebant;
2405 3038 2519 3094 qua
2568 3023 2624 3078 in
2703 3039 2760 3078 re
2819 3023 3000 3078 nostri
3063 3022 3219 3076 haud
3281 3023 3539 3093 segniter
3597 3037 3659 3077 se

2013 3114 2312 3186 gerebant,
2414 3113 2732 3184 praesertim
2817 3128 2944 3167 cum
3032 3111 3398 3179 imperatoris
3484 3127 3660 3174 gener

2014 3205 2355 3260 Theodorus
2403 3203 2666 3258 Lascaris
2700 3202 2898 3273 copias
2945 3201 3209 3256 ducebat.
3267 3201 3318 3254 ls
3359 3199 3511 3255 enim
3540 3217 3662 3256 ma-

242 3283 660 3356 ἱκάθητο,τοῦς
703 3282 1091 3356 ὑπερυψήλους
1124 3282 1329 3356 δόμους
1368 3285 1529 3340 ἀνιὼν
1585 3285 1642 3339 οἳ
1691 3293 1790 3356 τῆς
1848 3285 1897 3357 ἐξ

2020 3310 2134 3366 guo
2167 3294 2386 3364 impetu
2411 3291 2602 3348 invehi
2658 3263 2864 3345 solitus
2906 3306 2965 3344 re
2998 3290 3123 3360 ipsa
3162 3289 3404 3344 docebat
3437 3289 3664 3344 Latinos

247 3375 586 3447 Ἀλαμανῶν
622 3370 913 3442 δεσποίνης
958 3371 1370 3443 κικλήσκονται.
1433 3376 1500 3432 Οἱ
1553 3372 1610 3430 δὲ
1665 3397 1724 3450 γε
1781 3377 1906 3452 περὶ

251 3467 351 3520 τὸν
405 3461 636 3538 βασιλέα
713 3461 975 3516 οἷκειακοί
1054 3483 1112 3515 τε
1171 3464 1258 3516 καὶ
1338 3470 1630 3538 συγγενεῖς,
1681 3467 1905 3520 ὀσονοῦν

252 3554 575 3631 ἀγηοχότες
647 3553 957 3627 στράτευμα
1011 3551 1240 3606 ἱππικὸν
1294 3554 1382 3607 καὶ
1445 3559 1642 3629 μοῖραν
1693 3554 1909 3629 εύάριθ-

261 3665 365 3717 μον
417 3643 665 3711 πεζικὴν,
725 3641 784 3695 ἐκ
852 3637 1268 3713 διαλειμμάτων
1325 3641 1563 3716 ἐξῄεσαν,

251 3732 584 3806 προθέμενοι
616 3727 876 3784 δεικνύειν
914 3730 992 3801 μὴ
1025 3727 1232 3804 ἔρημον
1265 3729 1563 3806 ἀνθρώπων
1595 3742 1692 3801 τήν
1742 3729 1904 3789 πόλιν

251 3823 396 3875 εἶναι
453 3821 812 3874 παντάπασιν.
878 3819 1193 3882 Ἐπελάσεις
1239 3822 1422 3875 τοίνυν
1482 3820 1531 3891 ἒξ
1599 3821 1906 3899 ἐπιδρομῆς

255 3910 477 3983 μερικαὶ
510 3909 599 3964 καὶ
652 3907 1009 3971 διακοντίσεις
1061 3910 1308 3966 ἱπποτῶν
1364 3913 1500 3988 πρὸς
1557 3910 1751 3976 ἱππέας
1817 3917 1906 3970 καὶ

254 4001 546 4076 ἐρεθισμὸν
576 4001 666 4054 καὶ
700 3999 869 4069 ζῆλον
898 3996 1148 4075 ἀνδρείας
1197 4000 1470 4065 πολλάκις
1526 4011 1627 4072 τῆς
1695 4008 1908 4078 ἡμέρας

256 4086 573 4145 συνέϐαινον
633 4087 984 4163 ἑκατέρωθεν·
1048 4089 1138 4144 καὶ
1190 4091 1325 4159 ἦσαν
1386 4090 1471 4146 ἐπὶ
1544 4093 1758 4156 τούτοις
1809 4095 1908 4151 οὐκ

245 4183 443 4257 ἀγεννῆ
481 4181 549 4235 τὰ
599 4179 860 4254 ἡμέτερα,
893 4181 977 4234 καὶ
1017 4179 1256 4253 μάλιστα
1303 4183 1465 4250 ἡνίκα
1530 4179 1904 4260 διεστρατήγει

245 4274 344 4328 τὸν
391 4272 640 4344 πόλεμον
703 4271 731 4323 6
787 4275 882 4324 τοῦ
936 4269 1209 4344 βασιλέως
1267 4267 1513 4347 γαμϐρὸς
1565 4273 1844 4349 Θεόδωρος
1876 4279 1904 4332 ὁ

247 4365 551 4438 Λάσκαρις·
642 4361 800 4421 οὗτος
884 4361 985 4436 γὰρ
1067 4358 1454 4438 ῥαγδαιότερον
1523 4364 1905 4439 συμπλεκόμε-

241 4473 337 4514 νος
371 4453 503 4506 εἶναι
535 4451 624 4504 καὶ
656 4449 802 4524 παρά
849 4450 1148 4523 Ῥωμαίοις
1214 4451 1466 4525 ἂρεϊκοὺς
1530 4451 1725 4526 ἄνδρας
1783 4461 1904 4517 τοῖς

245 4542 504 4603 Λατίνοις
537 4539 595 4594 ἐκ
618 4545 726 4595 τῶν
787 4534 954 4614 ἔργων
1018 4539 1304 4614 ἐξέφαινεν,
1356 4541 1536 4600 Ἀλλᾶ
1582 4544 1671 4598 xxi
1727 4552 1904 4616 πεζῶν

1627 3645 1793 3718 μόνον
1845 3645 1906 3700 οὐ

2017 3383 2170 3456 apud
2230 3383 2519 3437 Romanos
2573 3395 2800 3451 quoque
2830 3378 2989 3433 viros
3031 3379 3206 3433 fortes
3259 3377 3518 3449 reperiri.
3555 3379 3663 3433 Sed

2017 3477 2074 3527 et
2141 3471 2400 3542 peditum
2460 3469 2722 3525 cohortes
2763 3467 2819 3522 in
2875 3468 2935 3522 id
2993 3467 3145 3539 quod
3191 3467 3444 3521 diximus
3485 3467 3664 3521 vesti-

2018 3561 2218 3617 bulum
2273 3575 2519 3631 egressa-
2568 3559 2766 3614 hostes
2826 3557 3215 3612 lacessebant.
3281 3555 3497 3610 Palatia
3544 3572 3663 3610 ma-

2018 3651 2379 3706 chinis12l
2439 3649 2859 3714 diruebantur;
2911 3646 3128 3701 alicubi
3188 3646 3366 3700 etiam
3409 3660 3476 3699 ex
3523 3661 3670 3698 mm-

2019 3741 2191 3795 nibus
2253 3739 2575 3810 ingentium
2619 3751 2888 3791 saxorum
2944 3735 3198 3804 jactibus
3229 3733 3426 3788 hostes
3483 3738 3666 3788 terre-

2017 3831 2246 3884 bantur.
2283 3829 2584 3882 Enimvero
2641 3826 2867 3880 decima
2907 3825 3156 3894 septima
3201 3823 3293 3877 die
3340 3822 3478 3876 Julii
3511 3827 3664 3877 terra

2020 3918 2277 3988 marique
2336 3916 2509 3970 simul
2544 3915 2752 3968 fortius
2808 3914 3084 3967 dimicare
3137 3911 3531 3976 instituerunt,
3600 3914 3663 3967 ut

2017 4011 2115 4061 aut
2169 4013 2433 4061 votorum
2490 4010 2783 4074 compotes
2834 4001 3029 4065 futuri,
3066 4005 3164 4054 aut
3204 3999 3254 4052 si
3311 3998 3384 4052 iis
3419 4001 3660 4054 trustra-

2018 4101 2236 4162 rentur,
2279 4096 2349 4149 ad
2412 4094 2709 4165 pactiones
2749 4091 3104 4146 descensuri.
3165 4089 3310 4144 Nam
3358 4087 3664 4159 utriusque

2017 4188 2094 4242 rei
2134 4187 2287 4242 fama
2335 4186 2488 4242 haud
2523 4186 2773 4240 obscura
2830 4181 3167 4254 vagabatur.
3224 4186 3306 4236 Ac
3353 4180 3451 4235 alii
3487 4195 3664 4234 naves

2017 4279 2190 4333 boum
2220 4276 2546 4348 tergoribus
2570 4281 2772 4330 contra
2798 4273 2989 4342 ignem
3024 4269 3278 4328 munitas
3301 4271 3371 4324 ad
3406 4269 3661 4324 Petrium

2016 4369 2399 4430 adduxerunt,
2435 4364 2610 4420 scalis
2659 4364 2716 4418 in
2775 4362 3049 4417 antennis
3089 4378 3157 4415 ex
3190 4360 3427 4415 funibus
3465 4358 3655 4426 factis,

2013 4473 2134 4528 quas
2170 4456 2512 4510 rudentibus
2563 4455 2633 4507 ad
2670 4453 2850 4507 malos
2891 4450 3146 4522 alligatis
3205 4448 3663 4503 demittebantur

2015 4547 2156 4602 etin
2217 4545 2394 4601 altum
2455 4544 2890 4600 attollebantur.
2954 4540 3062 4596 Alii
3105 4540 3284 4595 ariete
3343 4539 3412 4593 ad
3447 4537 3661 4593 moenia

240 4629 566 4702 ἐκπηδῶσαι
621 4627 879 4702 δυνάμεις
938 4629 992 4692 ἐς
1049 4632 1152 4699 τήν
1210 4629 1430 4686 αὔλειον
1515 4633 1752 4705 μάλιστα
1831 4636 1896 4706 ἣν

2014 4638 2280 4704 adducto,
2326 4641 2385 4691 et
2433 4634 2822 4707 zagrotoxotis
2884 4632 3103 4703 passim
3151 4629 3474 4700 dispositis,
3526 4636 3661 4682 tan-

238 4723 558 4794 ιῖρήκειμεν
590 4725 708 4779 τοῖς
763 4717 1028 4780 ἐναντίοις
1083 4716 1486 4795 προσέϐαλλον.
1541 4727 1639 4780 Ἠν
1696 4722 1753 4780 δὲ
1809 4727 1898 4781 καὶ

243 4811 354 4865 άπὸ
388 4815 497 4864 τῶν
531 4802 885 4881 πετροϐόλὼν
939 4810 1362 4882 μηχανημάτων
1414 4811 1782 4887 ἀχρειούμενα
1837 4815 1904 4870 τὰ

249 4899 533 4976 βασίλεια,
566 4896 792 4975 ἐνεαχοῦ
826 4893 882 4950 δὲ
929 4897 1034 4950 κάκ
1087 4902 1194 4952 τῶν
1245 4901 1477 4975 τειχέων
1534 4905 1632 4971 τῆς
1686 4903 1903 4970 πόλεως

251 4992 398 5065 βάρη
441 4988 612 5052 λίθων
660 4983 1202 5064 ἀποσφενδονούμενα
1257 4989 1384 5051 τοὺς
1443 4991 1714 5056 ἐναντίους
1774 5016 1900 5050 κατ-

243 5090 546 5154 έπληττον.
591 5076 878 5145 Ἐνστάσης
939 5072 996 5129 δὲ
1080 5083 1179 5146 τῆς
1264 5079 1722 5154 ἑπτακαιδεκάτης
1804 5090 1901 5140 τοῦ

242 5153 495 5225 Ἰουλίου
566 5167 734 5239 μηνὸς
792 5165 1048 5242 χερσαῖοί
1080 5187 1137 5220 τε
1177 5170 1266 5222 καί
1329 5166 1541 5244 ὑδραῖοι
1573 5153 1902 5247 ἄνδρικώτε-

242 5278 339 5331 ρον
371 5250 609 5331 ἔγνωσαν
642 5251 1061 5328 διαγωνίσασθαι
1093 5257 1146 5309 οἱ
1186 5254 1503 5333 ἂντίμαχοι,
1562 5261 1636 5323 ὡς
1692 5264 1726 5332 ἢ
1794 5269 1901 5318 τῶν

235 5347 388 5404 κατὰ
451 5345 652 5400 σκοπὸν
712 5343 1118 5415 ἐπιτευξόμενοι
1193 5344 1230 5415 ἥ
1286 5348 1492 5403 τούτων
1554 5346 1899 5414 διαπεσόντες

243 5437 297 5499 ἐς
370 5430 670 5507 συμϐάσεις
733 5430 1053 5506 βλέψοντες·
1113 5435 1394 5511 ἀμφότερα
1462 5440 1565 5513 γὰρ
1646 5441 1680 5510 ἠ
1735 5443 1892 5514 φήμη

243 5525 586 5597 διιπταμένη
641 5525 911 5596 γαμπρῶς
970 5522 1289 5580 ἐκώτιλλεν·
1347 5527 1414 5583 Οἱ
1475 5528 1570 5599 μὲν
1627 5528 1900 5586 τοίνυντὰ

240 5614 417 5669 πλοῖα
498 5613 744 5690 φέροντες
818 5610 1046 5682 ἔστησαν
1101 5617 1379 5671 κατέναντι
1443 5622 1563 5683 ¹τῶν
1633 5621 1714 5692 [Ρ.
1772 5623 1898 5694 351]

244 5703 519 5780 Πετρίων,
581 5701 783 5777 βοείαις
863 5698 1050 5778 δοραῖς
1110 5704 1442 5783 φραξάμενοι
1543 5711 1732 5780 ταῦτα,
1820 5711 1897 5774 ὡς

2015 4743 2186 4798 quam
2249 4742 2361 4781 uno
2418 4725 2588 4796 signo
2636 4725 2767 4778 dato
2848 4720 3332 4792 congrediuntur,
3387 4722 3444 4773 et
3494 4723 3655 4772 atrox

2015 4819 2276 4891 praelium
2308 4814 2708 4872 committitur.
2760 4813 2903 4868 Nam
2944 4812 3131 4868 Latini
3189 4811 3441 4883 quicum
3477 4808 3658 4863 ariete

2013 4913 2198 4971 erant,
2260 4908 2542 4979 perfracto
2617 4919 2780 4958 muro
2846 4903 2939 4973 qui
2997 4903 3066 4956 ad
3141 4916 3299 4954 mare
3360 4898 3658 4968 pertinens

2013 4995 2180 5052 Scala
2211 4995 2578 5067 imperatoris
2635 4993 2867 5060 dicitur,
2903 4992 3055 5045 intro
3100 4991 3510 5060 penetrarunt:
3555 4983 3654 5038 sed

2013 5091 2085 5145 ab
2127 5088 2499 5145 auxiliaribus
2557 5085 2786 5141 Pisanis
2843 5089 2898 5138 et
2947 5079 3329 5152 bipenniferis
3393 5072 3655 5128 barbaris

2013 5178 2235 5234 fortiter
2268 5176 2586 5249 pr0pulsati
2645 5179 2704 5229 et
2761 5172 3018 5242 plerique
3072 5165 3352 5222 vulnerati
3397 5176 3654 5218 recesse-

2012 5273 2164 5323 runt.
2199 5267 2304 5330 Qui
2344 5281 2475 5320 vero
2543 5263 2790 5317 navibus
2849 5260 3102 5313 Patrium
3145 5256 3517 5324 occuparant,
3551 5265 3654 5321 ag-

2011 5355 2191 5429 gressi
2249 5355 2480 5419 mmnia,
2535 5351 2763 5406 anceris
2829 5346 3060 5403 navium
3123 5361 3224 5416 per
3284 5342 3523 5413 cymbas
3584 5356 3653 5394 ex

2009 5445 2180 5501 scalis
2207 5443 2365 5499 humi
2409 5441 2700 5512 projectis,
2763 5441 3052 5493 Romanos
3079 5451 3145 5490 ex
3177 5431 3432 5487 turribus
3487 5429 3653 5484 facile

2011 5536 2160 5592 722
2221 5533 2624 5595 deturbarunt,
2657 5529 2867 5598 quippe
2899 5542 3029 5580 cum
3081 5541 3148 5579 ex
3197 5521 3493 5592 superiore
3527 5518 3651 5573 loco

2008 5629 2354 5697 pugnarent,
2405 5637 2470 5675 ac
2503 5624 2728 5674 tantum
2779 5633 2890 5673 non
2936 5631 3113 5687 supra
3151 5611 3396 5666 vertices
3441 5623 3647 5664 eorum

2006 5717 2264 5772 astantes
2312 5711 2426 5770 tela
2456 5709 2857 5782 conjicerent:
2907 5721 3038 5763 nam
3081 5702 3248 5761 scalas
3291 5699 3521 5757 navium
3548 5714 3648 5752 ru-
