4028 6218
315 334 431 398 927

1630 328 1935 391 NICETE
1974 328 2403 393 ΟΗΟΝΙΑΤΑΞ

3604 333 3736 396 928

316 468 593 526 dentibus
667 467 727 524 in
785 464 961 523 altum
1020 464 1236 522 educta:
1296 463 1464 535 longe
1513 479 1684 536 supra
1739 464 1953 520 mmnia

2082 460 2177 517 εἶεν
2242 460 2377 538 πυρὶ
2443 458 2689 538 ἀδῄωτα,
2765 462 2862 520 κάν
2925 468 3045 529 ταῖς
3083 463 3301 541 κεραίας
3331 464 3731 541 τεκτηνάμενοι

320 559 674 616 eminebant.
708 556 926 622 Quibus
973 555 1161 611 hostes
1192 555 1483 626 occupatis
1513 556 1661 611 sedes
1692 554 1808 610 illis
1828 570 1965 612 con-

326 651 510 721 tiguas
556 647 874 705 incendunt
933 648 1144 718 passim
1195 653 1484 719 vagantes.
1537 646 1732 702 Editur
1777 662 1843 702 eo
1875 645 1969 702 die

321 738 646 795 miserabile
674 736 1084 808 spectaculum,
1118 737 1265 808 quod
1326 735 1559 791 flumina
1589 735 1968 804 lacrymarum

321 836 474 885 tanto
534 827 806 883 incendio
865 825 1023 897 paria
1072 824 1337 896 postulet.
1396 824 1538 880 Nam
1602 824 1884 897 quidquid
1935 841 1969 880 a

316 917 463 975 colle
493 916 834 974 Blachernio
885 932 1063 988 usque
1110 917 1182 972 ad
1229 916 1514 986 Evergelae
1557 912 1966 970 monasterium

321 1010 584 1080 pertinet,
628 1012 862 1063 ﬂamma
886 1014 969 1061 est
1021 1007 1412 1077 absumptum,
1470 1005 1715 1059 flammae
1749 1003 1965 1076 impetu

322 1099 475 1154 ultra
536 1102 836 1154 Deuterum
889 1097 1058 1152 elato.
1136 1097 1448 1167 Imperator
1489 1101 1599 1149 tam
1653 1092 1966 1148 miserabili

326 1187 645 1242 infortunio
694 1186 834 1253 viso,
902 1186 1205 1241 anxietatis
1288 1182 1481 1255 pepuli
1539 1183 1805 1238 misertus
1876 1183 1966 1238 vix

324 1281 515 1333 tamen
565 1292 727 1331 arma
779 1275 1006 1342 induit;
1041 1275 1214 1346 idque
1260 1289 1388 1328 cum
1421 1291 1452 1327 a
1489 1272 1777 1344 plerisque
1808 1272 1968 1327 iratis

324 1373 644 1437 urgeretur,
702 1365 803 1437 qui
861 1364 1184 1422 maledictis
1240 1372 1291 1421 et
1332 1362 1605 1420 conviciis
1636 1378 1751 1419 non
1790 1361 1964 1417 absti-

323 1456 556 1520 nebant,
591 1455 741 1526 quod
791 1454 1013 1511 desidia
1045 1471 1149 1509 sua
1205 1453 1457 1509 hostium
1487 1451 1711 1509 animos
1740 1457 1969 1523 augeret

323 1562 429 1601 nec
485 1545 661 1601 ullam
721 1543 847 1599 urbi
880 1542 1108 1599 afﬂictae
1156 1558 1319 1614 cpem
1372 1543 1563 1611 ferret,
1622 1542 1723 1598 sed
1751 1541 1966 1597 bellum

325 1636 395 1689 ad
454 1633 666 1689 mcenia
741 1634 1010 1689 accedere
1081 1636 1392 1703 pateretur,
1469 1632 1618 1703 quod
1687 1631 1969 1688 hactenus

329 1738 623 1794 nunquam
683 1721 1024 1790 accidisset;
1066 1720 1230 1792 quasi
1275 1737 1406 1779 vero
1468 1737 1633 1778 nemo
1677 1728 1824 1776 esset
1866 1722 1970 1791 qui

332 1826 591 1883 pugnare
649 1809 839 1877 sciret,
926 1825 1112 1882 neque
1169 1814 1461 1882 praestaret
1527 1808 1749 1865 hostem
1803 1812 1969 1864 ante-

330 1906 545 1956 vertere
604 1915 774 1971 quam
836 1899 1137 1969 anteverti,
1215 1907 1274 1954 ut
1330 1914 1539 1971 corpus
1599 1899 1748 1954 728
1803 1897 1966 1970 gravi

330 1989 662 2045 valetudine
680 1993 737 2044 et
765 2004 996 2045 omnem
1016 1988 1365 2045 medicinam
1400 1992 1701 2061 reSpuente
1731 2004 1967 2060 oppres-

329 2094 482 2135 sum.
542 2078 721 2151 Igitur
811 2078 1023 2150 palatio
1097 2094 1357 2145 egressus
1425 2078 1702 2149 plurimos
1750 2076 1972 2149 equites

327 2167 570 2237 ascivit;
630 2171 688 2224 et
754 2165 1029 2239 pedestris
1080 2168 1333 2240 phalanx
1384 2183 1497 2223 non
1539 2167 1972 2224 contemnenda

324 2274 393 2314 ex
424 2258 562 2314 ﬂore
614 2256 863 2313 civitatis
921 2262 1009 2314 est
1048 2262 1368 2328 contracta,
1428 2261 1493 2313 ut
1536 2256 1733 2313 hostes
1777 2256 1872 2328 qui
1903 2256 1963 2311 in

328 2350 479 2404 terra
531 2352 717 2412 erant,
759 2347 1008 2404 maximo
1062 2347 1313 2404 exercitu
1363 2365 1431 2403 ex
1480 2347 1792 2417 improviso
1837 2360 1968 2402 con-

329 2442 544 2510 specto,
603 2437 836 2494 horrore
892 2438 1280 2495 afficerentur.
1313 2445 1395 2493 Ac
1436 2437 1677 2494 forsitan
1710 2453 1804 2495 res
1827 2436 1972 2493 bene

328 2532 485 2596 gesta
525 2536 692 2593 esset,
752 2528 800 2583 si
846 2529 934 2584 vel
984 2529 1110 2600 ipse
1167 2543 1418 2601 pugnam
1462 2527 1844 2583 commisisset
1882 2526 1972 2583 vel

330 2618 388 2672 id
443 2615 671 2672 Lascari
716 2632 923 2687 genero
963 2617 1341 2688 permisisset,
1380 2618 1439 2672 in
1481 2617 1715 2674 Latinos
1755 2616 1973 2672 irruere

329 2706 604 2776 cupienti.
665 2709 828 2762 Nunc
910 2713 1190 2778 perpetua
1248 2707 1390 2777 fugae
1446 2705 1725 2779 cogitatio
1777 2711 1833 2762 et
1896 2706 1977 2761 fa-

328 2796 640 2853 miliarium
710 2797 834 2867 ejus
891 2796 1196 2868 trepidatio
1248 2812 1381 2853 eum
1439 2796 1665 2853 consilii
1740 2796 1974 2866 inopem

327 2887 483 2959 fecit,
548 2892 609 2942 ut
664 2889 891 2942 tantum
961 2886 1084 2943 acie
1171 2888 1474 2953 instructa,
1534 2903 1645 2958 qua
1701 2887 1975 2943 Romanis

331 2976 535 3032 cbarus
566 2979 624 3032 et
675 2983 872 3047 gratus
902 2980 964 3031 ut
1018 2976 1249 3033 Latinos
1297 2992 1676 3049 aggressurus
1733 2977 1970 3047 exierat,

331 3066 529 3121 eadem
588 3064 923 3136 turpissime
969 3069 1029 3120 et
1088 3080 1316 3121 summo
1370 3081 1505 3121 cum
1550 3066 1824 3123 dedecore
1880 3082 1966 3123 re-

333 3154 498 3221 diret,
556 3158 727 3209 aucta
782 3158 836 3208 et
894 3154 1238 3211 conﬁrmata
1295 3155 1545 3211 hostium
1605 3156 1836 3226 ferocia,
1872 3157 1969 3228 qui

328 3242 725 3299 Itomanorum
793 3242 1214 3301 discedentium
1273 3244 1444 3316 tergis
1500 3244 1859 3302 inhaerebant
1915 3256 1974 3303 et

328 3332 522 3388 hastas
579 3332 636 3388 in
686 3348 784 3390 eos
862 3333 1177 3390 vibrabant.
1241 3335 1305 3390 ln
1384 3335 1655 3403 palatium
1712 3351 1971 3393 reversus

333 3423 403 3477 ad
439 3422 629 3493 fugam
681 3439 741 3478 se
773 3428 958 3496 parat,
1018 3424 1182 3494 quasi
1212 3425 1283 3480 de
1325 3424 1611 3480 industria
1652 3425 1848 3481 urbem
1882 3426 1970 3481 af-

338 3513 557 3570 flictam
617 3518 675 3570 et
730 3518 931 3569 contra
990 3514 1167 3570 fatum
1245 3514 1530 3585 perditam
1589 3521 1648 3571 et
1701 3515 1974 3572 remotius

333 3603 462 3673 ejus
519 3602 756 3658 exitium
810 3602 1191 3658 acceleraturn
1244 3601 1435 3658 vellet.
1498 3606 1691 3675 quue
1730 3602 1974 3660 consilio

333 3707 463 3748 cum
498 3692 694 3764 paucis
737 3690 1093 3749 mulierculis
1123 3697 1180 3747 et
1226 3693 1486 3764 cognatis
1524 3692 1977 3765 communicato,

334 3786 385 3838 et
446 3783 609 3837 Irene
667 3781 787 3837 filia
861 3786 915 3837 et
994 3782 1192 3838 decem
1252 3781 1374 3837 auri
1448 3781 1795 3838 centenariis
1843 3798 1974 3838 cum

338 3871 453 3927 alio
494 3875 699 3927 ornatu
758 3871 1134 3942 imperatorio
1182 3888 1251 3928 ex
1308 3871 1577 3944 pretiosis
1634 3872 1877 3943 gemmis
1923 3876 1980 3928 et

340 3960 661 4031 perspicuis
716 3960 1046 4033 margaritis
1107 3960 1167 4016 in
1218 3977 1422 4017 navem
1508 3960 1818 4034 impositis,
1872 3962 1977 4017 sub

339 4049 583 4119 primam
638 4050 823 4105 noctis
881 4047 1128 4121 vigiliam
1182 4049 1484 4106 Debeltum
1534 4049 1849 4118 contendit,
1882 4048 1979 4106 ubi

339 4155 505 4195 suum
532 4142 839 4195 adventum
899 4145 1271 4212 praspararat,
1337 4139 1509 4196 homo
1548 4138 1978 4207 timidissimus,

342 4231 440 4301 qui
473 4246 586 4286 non
638 4228 920 4285 charitate
979 4230 1292 4286 liberorum
1341 4229 1639 4286 emollitus
1673 4230 1826 4286 724
1866 4246 1980 4286 non

338 4335 536 4375 amore
592 4318 859 4391 conjugis
888 4318 1182 4385 subactus,
1234 4335 1349 4376 non
1398 4324 1576 4375 tantae
1605 4320 1766 4376 urbis
1806 4320 1981 4376 mise-

340 4409 565 4464 ratione
622 4408 860 4474 fractus,
939 4410 1212 4481 degeneri
1296 4409 1424 4467 vita:
1483 4409 1816 4479 cupiditate,
1895 4427 1982 4465 sa-

340 4495 519 4552 lutem
579 4512 766 4562 suam,
826 4513 1071 4571 eamque
1163 4498 1522 4567 ambiguam,
1580 4502 1663 4554 tot
1719 4498 1980 4567 urbibus,

340 4589 423 4641 tot
482 4585 794 4657 provinciis
845 4547 1073 4658 totaque
1139 4602 1243 4642 sua
1301 4587 1523 4642 familia
1579 4547 2061 4644 commutavit.D

342 4674 655 4744 Imperavit
686 4690 870 4729 annos
898 4680 1046 4740 octo,
1080 4680 1198 4730 tres
1229 4676 1573 4744 menses,‘et
1603 4677 1726 4732 dies
1756 4678 1979 4733 decem.

345 4762 407 4820 In
470 4780 531 4819 re
588 4761 797 4817 bellica
848 4763 978 4818 talis
1022 4763 1130 4819 fuit
1198 4767 1261 4819 ut
1315 4764 1535 4820 dictum
1594 4770 1699 4834 est,
1761 4782 1866 4823 nec
1912 4768 1981 4823 ad

342 4854 535 4911 civrlia
581 4854 785 4910 munia
821 4854 959 4911 satis
1023 4863 1212 4924 aptus,
1246 4870 1317 4911 ne
1364 4854 1553 4910 dicam
1603 4856 1773 4927 plane
1808 4856 1986 4913 fuisse

341 4946 763 5018 negligentem;
819 4950 1021 5001 cetera
1051 4960 1166 5000 non
1219 4943 1639 5016 aspernandus,
1671 4945 1986 5002 clementia

341 5041 397 5090 et
440 5034 678 5092 lenitate
735 5034 1010 5091 omnibus
1054 5034 1341 5106 superior,
1395 5033 1557 5088 aditu
1609 5034 1819 5103 facilis,
1867 5051 1983 5091 non

340 5124 645 5180 severitate
702 5124 920 5190 vultus,
979 5140 1094 5179 non
1152 5128 1374 5179 arrecto
1432 5122 1739 5194 supercilio
1781 5139 1985 5196 quem-

341 5232 514 5285 quam
578 5232 611 5270 a
683 5229 784 5271 suo
835 5212 1091 5286 alloquio
1170 5211 1513 5269 deterrebat.
1573 5210 1769 5268 Cuivis
1854 5228 1981 5269 eum

343 5306 503 5361 adire
572 5309 628 5361 et
684 5320 850 5361 orare
930 5303 1173 5370 licebat;
1258 5300 1571 5374 aliquando
1648 5302 1822 5358 etiam
1869 5319 1984 5359 non

344 5394 630 5450 submissa
678 5411 816 5452 voce
873 5394 957 5450 illi
1044 5392 1341 5466 refragari.
1412 5392 1879 5449 Calumniatores.
1930 5397 1989 5449 et

344 5481 672 5538 adulatores
704 5485 1028 5553 frequentes
1060 5484 1282 5539 circum
1314 5498 1378 5539 se
1407 5482 1676 5539 habebat.
1711 5482 1821 5538 Sed
1856 5497 1988 5538 cum

342 5569 577 5623 sceleris
631 5570 690 5625 in
735 5573 968 5627 fratrem
1035 5571 1277 5629 admissi
1337 5571 1690 5627 conscientia
1737 5570 1989 5644 ﬂagella-

337 5661 523 5727 retur,
576 5656 758 5715 fatum
817 5657 1052 5718 timebat
1082 5668 1135 5719 et
1166 5660 1483 5720 vindictam
1523 5677 1728 5723 omnes
1760 5677 1849 5720 res
1877 5661 1987 5720 hu-

2071 549 2349 625 κλίμακας
2408 554 2503 617 τὰς
2568 552 2842 629 βαθμῖδας
2917 553 3282 631 μηρινθώδεις
3310 555 3565 632 ἐχούσας,
3591 558 3733 612 ὕπο-

2076 639 2411 716 χαλωμὲνας
2480 639 2569 698 διὰ
2609 642 2795 699 κάλων
2844 645 2934 701 καὶ
2967 643 3125 709 αὖθις
3150 644 3444 722 αἰρομένας
3476 645 3554 707 εἰς
3591 646 3732 720 ὕψος

2073 727 2521 806 προσδεδεμένων
2576 738 2694 787 to?)
2758 734 2951 796 ἱστοῖς·
3041 737 3093 789 οἱ
3153 732 3209 790 δὲ
3290 734 3729 809 τειχεσιπλήτην

2072 821 2226 897 κριὸν
2263 823 2687 898 κρατυνάμενοι,
2708 824 2800 879 καὶ
2829 823 2963 888 τοὺς
3001 825 3434 900 τζαγροτοξότας
3456 825 3728 901 πολλαχῇ

2072 912 2522 985 περιστήσαντες,
2583 913 2656 975 ὡς
2695 913 2785 989 ἀφ’
2862 915 2982 977 ἑνὸς
3041 918 3382 988 συνθήματος
3445 920 3728 970 ποιοῦνται

2069 1000 2170 1069 τὴν
2197 999 2472 1074 σύῤῥηξιν.
2535 1001 2639 1058 Καὶ
2695 1002 2763 1071 ἦν
2828 1005 2863 1072 ἡ
2931 1004 3087 1079 μάχη
3148 1004 3417 1082 φρικαλέα
3481 1025 3565 1066 τις
3630 1007 3721 1059 καὶ

2074 1087 2361 1145 στονόεσσα
2398 1087 2678 1155 πάντοθεν.
2706 1090 2775 1150 ΟἹ
2803 1113 2864 1147 τε
2894 1093 3002 1169 γὰρ
3037 1093 3163 1166 περὶ
3217 1094 3310 1149 τὸν
3358 1093 3513 1167 κριὸν
3561 1093 3729 1149 ὁπλι-

2072 1176 2299 1251 σάμενοι
2349 1184 2571 1234 Λατῖνοι
2622 1181 2685 1236 τὸ
2743 1188 2932 1257 τεῖχος
2986 1184 3242 1257 ῥήξαντες
3282 1181 3526 1259 πάροδον
3563 1182 3730 1259 ἔσχον

2072 1262 2314 1339 ἔνδοθεν,
2347 1269 2713 1345 ’ὀπσρατείνει
2736 1271 2874 1346 πρὸς
2918 1270 3188 1336 θάλασσαν
3240 1280 3364 1348 περί
3434 1276 3602 1330 τόπον
3669 1274 3726 1335 ὅς

2074 1351 2393 1434 Ἀποϐάθρα
2436 1357 2710 1433 βασιλέως
2766 1360 3108 1436 ὠνόμασται,
3168 1360 3219 1417 εἴ
3270 1362 3361 1417 καὶ
3418 1364 3558 1437 πρὸς
3621 1367 3734 1418 τῶν

2071 1444 2380 1521 ἐπικούρων
2436 1447 2737 1521 Ῥωμαίοις
2792 1450 3066 1505 Πισσαίων
3136 1452 3229 1506 καὶ
3278 1456 3385 1507 τῶν
3420 1450 3736 1531 πελεκυφό-

2080 1554 2184 1610 ρων
2264 1530 2556 1613 βαρϐάρων
2645 1540 3021 1616 γενναιότερον
3113 1542 3559 1616 ἀπεκρούσθησαν
3644 1542 3735 1596 καὶ

2072 1626 2408 1700 τραυματίαι
2447 1627 2501 1680 οἱ
2529 1625 2755 1691 πλείους
2788 1628 3087 1701 ἀνέζευξαν·
3122 1625 3175 1685 οἵ
3221 1650 3279 1685 τε
3321 1637 3441 1693 τοῖς
3504 1630 3743 1692 πλοίοις

2075 1713 2282 1777 ἐνόντες
2328 1720 2447 1780 τοῖς
2502 1717 2627 1792 περὶ
2685 1717 2753 1772 τὰ
2802 1718 3002 1793 Πετρία
3041 1719 3247 1796 τείχεσι
3315 1719 3737 1793 προσπελάσαν-

1998 1824 2046 1889 Β
2077 1824 2164 1866 τες
2204 1803 2294 1860 καὶ
2326 1802 2397 1860 δι’
2437 1804 2675 1861 ἀκατίων
2698 1807 2795 1869 τὰς
2836 1809 3078 1884 ἀγκύρας
3130 1813 3240 1864 τῶν
3298 1808 3511 1865 πλοίων
3570 1805 3737 1885 ἔραζε

2084 1892 2335 1967 ῥίψαντες
2402 1894 2463 1950 ἐκ
2517 1899 2629 1951 τῶν
2690 1895 3003 1970 κλιμάκων,
3073 1894 3259 1954 ἔπειτα
3305 1904 3427 1961 τοῖς
3480 1899 3542 1954 ἐκ
3614 1904 3726 1955 τῶν

2076 1981 2297 2057 πύργων
2387 1984 2691 2058 Ῥωμαίοις
2787 1986 3215 2062 συμπλέκονται,
3275 1988 3364 2044 καὶ
3432 1988 3721 2064 τρέπονται

2073 2073 2303 2136 τούτους
2334 2071 2537 2148 ῥαδίως
2569 2076 2645 2137 ὡς
2674 2074 2727 2148 ἐξ
2780 2073 3105 2152 ὑπερδεξίων
3156 2079 3468 2153 μαχόμενοι
3514 2080 3606 2134 καὶ
3658 2079 3719 2134 οὗ

2080 2163 2245 2236 μόνον
2279 2162 2387 2219 ἀπὸ
2411 2164 2584 2238 ὕψους
2615 2161 2761 2219 ἀλλὰ
2788 2165 2880 2220 καὶ
2910 2165 3049 2221 κατὰ
3092 2169 3337 2246 κορυφήν
3395 2171 3540 2223 οἶνον
3600 2168 3721 2244 ἐφε-

2074 2257 2274 2314 στῶτες
2330 2252 2423 2307 καὶ
2516 2252 2843 2327 βάλλοντες*
2892 2256 3030 2310 κατὰ
3086 2254 3235 2311 πολὺ
3286 2257 3394 2332 γὰρ
3458 2261 3568 2312 τῶν
3622 2260 3724 2322 τῆς

2073 2340 2290 2404 πόλεως
2364 2341 2597 2421 τειχέων
2668 2343 3161 2417 ὑπερανεστήκεσαν
3222 2347 3273 2400 οἱ
3329 2352 3448 2408 τοῖς
3498 2346 3725 2410 πλοίοις

2071 2427 2362 2503 κλίμακες,
2421 2428 2689 2503 μετέωροι
2747 2428 2837 2485 διὰ
2887 2432 3202 2505 πεισμάτων
3266 2436 3568 2509 γινόμεναι.
3644 2438 3724 2494 Τὸ

2077 2516 2126 2573 δ’
2156 2518 2261 2575 ἀπὸ
2289 2517 2450 2575 τοῦδε
2480 2515 2781 2593 λαϐόμενοι
2812 2526 2919 2577 τῶν
2946 2524 3325 2598 τειχισμάτων
3364 2527 3415 2578 οἱ
3455 2523 3724 2598 πολέμιοι

2075 2614 2184 2686 πῦρ
2244 2608 2414 2665 ἐνιᾶσι
2465 2616 2584 2673 ταῖς
2644 2611 2862 2683 οἰκίαις,
2895 2613 3092 2668 ὁπόσαι
3115 2618 3234 2675 τοῖς
3282 2614 3516 2689 τείχεσιν
3542 2617 3731 2692 ἴεκκρε·

2080 2706 2222 2776 μεῖς,
2279 2699 2748 2769 διασκεδασθέντες
2818 2703 3109 2781 πολλαχῇ.
3173 2706 3277 2763 Καὶ
3360 2706 3567 2783 γίνεται
3625 2716 3732 2779 τῆς

2078 2792 2287 2868 ἡμέρας
2381 2792 2589 2865 ἐκείνης
2658 2791 2892 2849 ἐλεεινόν
2944 2816 2997 2850 τι
3047 2793 3222 2869 θέαμα
3282 2797 3374 2851 καὶ
3441 2797 3732 2872 ποταμοὺς

2079 2876 2238 2939 ἕλκον
2272 2881 2520 2958 δακρύων
2549 2884 2890 2962 ἀντιρῥόπων
2919 2890 3001 2960 τῷ
3022 2884 3220 2960 πολλῷ
3270 2894 3371 2959 τῆς
3427 2895 3723 2965 πυρκαϊᾶς·

2077 2972 2249 3029 πάντα
2288 2974 2392 3049 Αᾶρ
2433 2973 2532 3030 ὅσα
2553 2972 2738 3049 ὲκξτοῦ
2765 2980 2873 3031 τῶν
2936 2975 3268 3053 Βλαχερνῶν
3324 2978 3521 3053 βουνοῦ
3588 2981 3732 3053 πρὸς

2076 3062 2176 3131 τήν
2222 3063 2393 3136 μονὴν
2444 3061 2627 3134 δεήκει
2676 3069 2773 3120 τοῦ
2824 3064 3119 3141 Εὐεργέτου
3176 3066 3562 3138 κατῆθάλωτο,
3632 3069 3727 3124 καί

2081 3148 2490 3225 ὑπερεμηκίσθη
2521 3151 2585 3206 τὸ
2615 3150 2954 3225 καλούμενον
2988 3150 3244 3227 Δεύτερον
3302 3154 3336 3223 ἡ
3395 3157 3496 3209 τοῦ
3547 3156 3730 3230 πυρὸς

2082 3237 2252 3313 ἐρωή.
2288 3237 2439 3296 Ἰδὼν
2479 3237 2526 3294 δ’
2558 3241 2585 3294 ὁ
2618 3238 2875 3317 βασιλεὺς
2904 3241 2968 3296 τὸ
2989 3240 3208 3315 ὸῖκτρὸν
3232 3246 3394 3297 τοῦτο
3416 3246 3521 3308 τῆς
3563 3244 3727 3310 βασι-

2081 3325 2238 3390 λίδος
2271 3325 2619 3405 δυστόχημα,
2647 3330 2739 3385 καὶ
2774 3333 2874 3400 τήν
2945 3332 3184 3411 συνοχὴν
3244 3336 3354 3387 τῶν
3420 3331 3727 3409 ἀνθρώπων

2082 3412 2430 3487 εὐλαϐηθεὶς,
2473 3419 2708 3490 ὁπλίτης
2739 3419 2945 3497 γίνεται
2982 3419 3168 3494 μόλις,
3199 3422 3290 3476 καὶ
3362 3422 3587 3496 μάλισθ’
3643 3426 3732 3480 ’ὀτι

2081 3507 2220 3582 πρὸς
2288 3508 2460 3585 ὁργήν
2517 3508 2645 3572 τοὺς
2700 3509 2922 3573 πλείους
2982 3509 3401 3588 ἐπιφρίσσοντας
3447 3513 3593 3588 ἑώρα
3640 3514 3732 3568 καὶ

2084 3593 2290 3671 λόγους
2351 3596 2610 3673 ἐπαχθεῖς
2667 3600 2784 3653 κατ’
2837 3599 3001 3655 αὐτοῦ
3078 3603 3171 3655 καὶ
3226 3600 3733 3675 προπηλακισμοὺς

2084 3682 2362 3763 ἀφιέντας,
2394 3687 2481 3749 οἷς
2521 3686 2791 3763 οἲκουρεῖν
2823 3686 3101 3764 ἑλομένοχ
3147 3688 3235 3744 ἐπὶ
3272 3689 3486 3763 μᾶλλον
3516 3692 3583 3745 τὰ
3621 3694 3725 3746 τῶν

2083 3771 2337 3829 ἐναντίων
2451 3779 2776 3855 φρονήματα
2859 3774 3048 3854 ᾔρετο,
3150 3776 3424 3853 μηδεμιᾶς
3514 3780 3726 3856 ἀρωγῆς

2089 3862 2525 3941 ὑπονοθευομένῃ
2548 3872 2616 3942 τῇ
2648 3865 2808 3922 πόλει
2868 3880 3331 3943 προσγινομένης,
3401 3866 3531 3923 ἀλλ’
3578 3870 3731 3950 ἀφεὶς

2084 3952 2177 4007 τὸν
2231 3953 2477 4028 πόλεμον
2524 3961 2641 4018 τοῖς
2698 3956 2906 4032 τείχεσι
2966 3955 3310 4031 προσελθεῖν,
3371 3962 3603 4035 πρᾶγμα
3656 3961 3729 4033 μή

2087 4036 2308 4115 ἐσδεῢρο
2390 4048 2626 4120 πραχθν,
2684 4046 2762 4108 ὡς
2847 4043 2998 4120 ετίπερ
3056 4042 3269 4110 οὐδένες
3331 4051 3441 4102 τῶν
3510 4044 3733 4102 ἐνόντων

2088 4130 2388 4200 ἠπίσταντο
2418 4132 2703 4208 πολεμεῖν,
2731 4131 2872 4206 μηδὲ
2905 4131 3121 4211 βέλτιον
3171 4131 3367 4209 ᾔδεσαν
3426 4137 3489 4191 τὸ
3538 4137 3736 4212 φθάσαι

2088 4227 2181 4282 τὸν
2223 4223 2517 4280 ἀντίπαλον
2556 4221 2768 4296 μᾶλλον
2826 4224 2862 4293 ἢ
2915 4226 3042 4301 παρ’
3093 4223 3261 4280 αὐτοῦ
3317 4224 3736 4303 προληφθῆναι,

2092 4318 2192 4371 ὅσα
2219 4315 2312 4371 καὶ
2369 4319 2528 4387 σῶμα
2568 4310 2724 4386 δεινῷ
2770 4317 3153 4390 καχεκτήματι
3208 4315 3308 4384 τήν
3367 4312 3511 4370 ἴασιν
3572 4317 3737 4390 ὑπερ-

2090 4406 2331 4462 παίοντι.
2360 4404 2550 4475 Ἐξιὼν
2598 4401 2780 4457 τοίνυν
2831 4408 2940 4458 τῶν
3005 4404 3241 4479 ἀρχείων
3297 4404 3535 4467 ἱππότας
3576 4405 3739 4461 πλεί-

2095 4516 2253 4557 στους
2280 4495 2418 4570 πρὸς
2442 4492 2629 4549 ἑαυτὸν
2666 4492 3027 4563 ἐπεσπάσατο,
3059 4494 3147 4548 καί
3180 4496 3317 4565 πεζή
3379 4515 3463 4556 τις
3523 4496 3739 4575 φάλαγξ

2092 4583 2193 4640 οὐκ
2265 4583 2500 4661 ἀγεννὴς
2561 4579 3001 4658 συνδεδράμηκεν
3077 4583 3136 4638 ἐκ
3210 4586 3310 4648 τῆς
3387 4584 3571 4658 ἀκμῆς
3638 4591 3738 4654 τῆς

2091 4669 2329 4744 πόλεως,
2363 4671 2735 4745 ὥστεκαὶτῷ
2792 4673 2928 4726 κατὰ
3001 4673 3199 4748 χέρσον
3264 4671 3521 4746 πολεμίῳ
3573 4694 3739 4751 στραο

2094 4762 2320 4836 ιεόματι
2378 4760 2685 4840 φρικασμὸς
2743 4760 3023 4836 ἐπεγὲνετο
3118 4762 3395 4836 σώματος,
3478 4764 3736 4837 μεγίστην

2092 4850 2356 4929 αίφνηδὸν
2420 4849 2734 4924 Θεασαμὲνῳ
2792 4851 3105 4927 παράταξιν.
3191 4852 3351 4927 Τάχα
3410 4850 3460 4907 δ’
3538 4852 3598 4907 ἂν
3648 4852 3735 4908 καὶ

2095 4943 2364 5015 σωτήριον
2424 4938 2577 5016 ἔργον
2641 4937 2918 5011 διήνυστο,
2972 4940 3015 4994 εἷ
3084 4939 3252 5013 ὁμόσε
3279 4943 3596 5017 κεχωρήκει
3628 4948 3742 5007 τοῖς

2094 5028 2414 5091 ἀντιπάλοις
2463 5028 2497 5098 ἢ
2528 5032 2608 5101 τῷ
2659 5024 2898 5102 κηδεστῇ
2955 5028 3191 5105 Αάσκαρι
3240 5032 3340 5098 τήν
3411 5030 3740 5102 συμπλοκήν

2094 5121 2536 5196 συγκεχώρηκεν,
2593 5120 2862 5193 συμμῖξαι
2901 5124 3019 5182 τοῖς
3084 5119 3334 5182 Λατίνοις
3391 5119 3736 5193 σφαδάζοντι.

2095 5214 2202 5266 Νῦν
2269 5207 2327 5265 δὲ
2383 5211 2417 5279 ἡ
2475 5207 2775 5284 ἐνδελεχὴς
2840 5216 2942 5278 τῆς
2988 5212 3163 5287 φυγῆς
3207 5203 3385 5265 ἔννοια
3414 5210 3505 5266 καὶ
3535 5212 3599 5266 τὸ
3629 5217 3735 5266 τῶν

2093 5301 2218 5377 περὶ
2284 5299 2444 5355 αὐτὸν
2504 5298 2806 5367 εὐπτόητον
2855 5303 2952 5354 τοῦ
3019 5298 3071 5353 τί
3121 5296 3206 5354 δεῖ
3231 5304 3405 5354 ποιεῖν
3462 5298 3735 5373 ἐξέκρουσε

2092 5390 2184 5445 τὸν
2231 5387 2474 5459 Λλὲξιον.
2509 5387 2609 5443 Καὶ
2651 5388 3098 5463 παραταξάμενος
3141 5387 3326 5461 μόνον,
3381 5388 3503 5454 ὅθεν
3549 5389 3734 5464 ἐξῆλθε

2096 5478 2392 5552 Ῥωμαίοις
2422 5478 2687 5540 ἀσπάσιος
2709 5477 2790 5542 ὡς
2848 5474 3008 5546 δῆθεν
3038 5480 3126 5555 [P,
3186 5479 3313 5550 352]
3381 5478 3737 5551 ἀντιταξόμε-

2094 5588 2186 5631 νος
2232 5571 2347 5629 τοῖς
2399 5566 2672 5638 Λατίδοις,
2723 5565 2975 5632 εἰσῆλθεν
3024 5564 3308 5641 αἴσχιστος
3370 5569 3460 5621 καί
3514 5564 3732 5644 ἐφύϐρι-

2097 5677 2248 5731 nec,
2288 5650 2665 5735 σοϐαρώτερον
2714 5654 2929 5733 μᾶλλον
2978 5656 3067 5712 καὶ
3116 5654 3444 5733 θρασύτερον
3501 5677 3731 5730 πεποιη-
