4028 6218
265 355 386 418 929

1267 359 1633 422 ISAACIUS
1675 358 2073 423 ANGELIUS
2121 360 2223 420 ET
2265 360 2609 424 ALEXIUS
2649 363 2719 421 F.

3566 368 3687 428 9⁸ἰο

268 494 381 554 κὼς
403 491 466 546 τὸ
518 489 853 567 ἀντίμαχον,
902 488 1020 547 ἐπεὶ
1077 489 1168 545 καὶ
1247 493 1575 566 κατεπαρθὲν
1633 498 1742 549 τῶν
1795 494 1955 559 Ῥωε

2068 509 2237 550 uanas
2340 492 2790 565 perlnstrantem
2887 499 3163 567 perpetuo
3252 498 3683 558 reformidabat.

276 581 452 656 μαίων
488 580 668 635 ὀπίσω
714 580 925 636 τούτων
957 578 1142 635 ε’ἰπετο
1172 581 1531 655 τραπομένων
1590 581 1728 657 πρὸς
1788 581 1929 637 ὑπο-

268 671 551 741 νόστησιν,
603 670 695 725 καὶ
749 670 819 725 τὰ
874 666 1079 740 δόρατα
1130 668 1533 746 ἐπεκράδαινον.
1580 671 1781 729 Εἰσιὼν
1837 672 1928 727 οὗν

271 759 523 830 ’Λλέξιος
548 761 618 816 τὰ
671 756 922 834 βασίλεια
982 759 1119 833 πρὸς
1176 756 1475 834 ἀπόδρασιν
1536 760 1931 831 ἐνσκευάζεται,

272 850 351 913 ὡς
407 846 559 924 εἴπερ
617 847 925 928 φερομένην
973 850 1072 919 τήν
1127 848 1289 904 πόλιν
1350 849 1425 911 εἰς
1480 849 1681 927 ἀτυχὲς
1730 857 1935 925 πτῶμα

273 940 366 995 καὶ
399 939 534 1013 ὑπὲρ
567 939 725 994 αἶσαν
776 938 1089 1017 ἄφαντῶσαι
1147 934 1467 1012 διεπονεῖτο,
1524 940 1615 993 καὶ
1680 939 1773 995 τὸν
1804 961 1935 995 ταυ-

272 1052 378 1102 της
402 1026 801 1103 ἀποτεταμένον
847 1026 1129 1103 συνέτεμεν
1183 1028 1432 1105 ὄλεθρον.
1467 1032 1550 1088 Τὰ
1603 1034 1700 1087 τοῦ
1729 1035 1934 1087 σκοποῦ

271 1140 457 1176 τοινυν
514 1120 919 1193 κοινωσάμενος
1007 1119 1249 1194 μετρίοις
1303 1124 1412 1174 τῶν
1501 1124 1933 1191 κατευναστριῶν

274 1208 469 1282 ἐκείνῳ
507 1210 597 1265 καὶ
633 1212 928 1285 συγγενῶν,
958 1209 1062 1264 κάκ
1110 1212 1220 1264 τῶν
1273 1209 1578 1286 θυγατέρων
1633 1210 1731 1280 τήν
1766 1210 1937 1286 Εἰρή-

272 1321 376 1369 νην
404 1298 493 1355 καὶ
525 1297 652 1354 δέκα
683 1298 917 1374 χρυσίου
975 1296 1259 1371 ἐνθέμενος
1316 1300 1638 1375 κεντηνάρια
1692 1300 1781 1355 καὶ
1838 1301 1937 1355 κό-

277 1410 452 1462 σμους
482 1387 687 1449 ἂλλους
743 1388 1067 1463 βασιλικοὺς
1117 1385 1177 1442 ἐκ
1236 1387 1401 1443 λίθων
1457 1387 1748 1469 τιμαλφῶν
1801 1410 1936 1465 συγ-

278 1477 561 1552 κειμένους
592 1476 684 1533 καὲ
720 1476 1012 1552 μαργάρων
1072 1474 1365 1555 διαφανῶν,
1421 1479 1544 1553 περὶ
1578 1479 1678 1548 τὴν
1709 1479 1937 1553 πρώτην

2043 587 2242 655 Itaque
2270 585 2466 639 animo
2498 584 2842 655 angebatur,
2900 590 3075 653 metu,
3109 586 3522 659 sollicitudine,
3566 608 3685 662 pm-

2042 672 2286 729 nitentia
2339 677 2611 728 aestuans.
2677 674 2890 738 Quodsi
2947 675 3183 747 regibus
3261 693 3538 750 magnum
3599 684 3689 737 est

2041 779 2106 818 ao
2154 762 2393 818 dilticile
2457 762 2646 834 spicas
2704 764 3014 819 eminentes
3075 781 3189 819 non
3247 766 3536 833 decutere,
3580 785 3684 825 nec

2041 852 2379 909 immaniter
2433 869 2533 909 eos
2598 857 2962 923 prosternere
3008 871 3040 910 a
3072 856 3288 925 quibus
3340 857 3545 913 offensi
3604 858 3688 914 fu-

2042 943 2215 1012 erint,
2256 944 2434 998 etiam
2478 958 2543 998 ea
2599 942 2770 999 laude
2818 942 3134 999 abundavit
3181 944 3428 1000 Alexius.
3490 946 3687 1019 Neque

2044 1031 2200 1088 enim
2231 1032 2316 1087 vel
2349 1031 2548 1087 oculos
2595 1031 2903 1087 eﬁ’odiebat
2932 1033 3015 1087 vel
3067 1034 3327 1089 membra
3359 1033 3683 1103 mutilabat,

2049 1123 2195 1179 725
2248 1138 2434 1195 neque
2481 1120 2821 1177 carniﬁcina
2878 1121 3185 1179 hominum
3243 1124 3685 1193 delectabatur;

2046 1227 2233 1283 neque
2290 1211 2407 1267 ulla
2471 1214 2758 1280 matrona,
2815 1212 3070 1282 quandiu
3130 1213 3178 1268 is
3242 1214 3563 1286 imperavit,
3613 1215 3686 1272 ob

2048 1302 2318 1357 maritum
2378 1301 2761 1357 interfectum
2838 1300 3055 1372 pullam
3123 1305 3343 1359 vestem
3421 1304 3612 1359 induit
3671 1320 3687 1372 ;

2046 1405 2233 1462 neque
2278 1389 2583 1461 quisquam
2629 1390 2996 1448 contumeliis
3050 1393 3122 1448 ab
3176 1410 3242 1449 eo
3301 1394 3546 1450 affectus
3581 1394 3695 1449 for-

2046 1487 2219 1535 tunas
2250 1496 2390 1535 suas
2428 1478 2763 1550 deploravit.

278 1577 414 1641 ἄρας
455 1578 703 1655 φυλακὴν
760 1583 860 1647 τῆς
916 1575 1112 1640 νυκτός
1161 1575 1397 1646 ἤλαυνεν
1458 1577 1535 1639 είς
1592 1579 1654 1634 τὸ
1715 1573 1996 1647 Δεϐελτὸν,
2065 1570 2190 1633 ἔνθα
2216 1577 2318 1646 τὴν
2378 1576 2576 1632 οἰκείαν
2637 1578 3045 1651 προητοίμασεν
3076 1575 3274 1656 ἄφιξιν,
3333 1577 3576 1642 δείλαιος
3636 1580 3690 1636 ἐν

275 1669 611 1745 ἀνθρώποις,
643 1672 718 1743 μὴ
780 1668 997 1748 φίλτρῳ
1048 1666 1259 1724 παίδων
1313 1666 1645 1745 μαλαχθεὶς,
1708 1670 1785 1744 μή
1837 1673 2092 1745 γυναικὸς
2150 1664 2313 1744 ἔρωτι
2380 1665 2697 1742 δαμασθεὶς,
2761 1670 2837 1742 μή
2905 1670 3214 1743 τηλικαύτῃ
3267 1669 3428 1725 πόλει
3515 1671 3693 1744 μαλα-

272 1759 503 1829 κισθείς,
539 1757 681 1832 μηδέ
738 1780 792 1814 τι
849 1764 959 1814 τῶν
1012 1756 1197 1814 ἃλλων
1250 1757 1325 1821 εἷς
1381 1763 1506 1815 νοῦν
1566 1758 1897 1837 βαλόμενος,
1955 1758 2270 1835 φιλοψυχία
2327 1756 2384 1813 δὲ
2438 1758 2529 1814 καὶ
2587 1755 2904 1833 δειλανδρίᾳ
2992 1760 3267 1836 σωτηρίαν
3354 1759 3552 1831 ἑαυτῷ,
3602 1757 3694 1814 καὶ

276 1848 479 1917 ταύτην
535 1843 876 1926 ἀμφίϐολον,
941 1853 1148 1923 χωρῶν
1207 1849 1296 1902 καὶ
1356 1846 1576 1903 πόλεων
1625 1850 1900 1904 τοσούτων
1958 1849 2049 1905 καὶ
2101 1848 2293 1924 γένους
2350 1848 2550 1909 παντὸς
2612 1846 3009 1920 ἀλλαξάμενος.
3074 1842 3390 1905 Ἐϐασίλευε
3469 1849 3563 1921 μὲν
3606 1848 3697 1903 οὗν

281 1934 559 1999 ἐνιαυτοὺς
619 1937 764 1993 ὀκτὼ
821 1937 915 1991 xai
978 1943 1149 2010 μῆνας
1210 1942 1356 2013 τρεῖς
1423 1938 1516 1992 καὶ
1573 1936 1784 2014 ἡμέρας
1852 1937 2000 2009 δέκα,
2059 1941 2124 2008 ἦν
2185 1935 2241 1993 δὲ
2288 1938 2355 1993 τὰ
2416 1939 2510 2010 μὲν
2564 1935 2618 2000 ἐς
2651 1937 2896 2012 πόλεμον
2934 1938 3125 1999 ὁποῖος
3183 1935 3420 2011 εἷ’ρηται,
3477 1935 3603 1993 οὐδὲ
3629 1937 3697 1992 τὰ

281 2025 668 2100 πρὸςθκοινὴν
700 2023 976 2097 διοίκησιν
1025 2026 1389 2100 ἀπεξεσ¹μένος
1422 2028 1778 2098 παντάπασιν,
1833 2025 1926 2083 ’ίνα
1987 2029 2062 2102 μὴ
2119 2026 2341 2102 λέγοιμι
2392 2026 2466 2088 ὠς
2522 2025 2785 2097 ἐξέκλινεν
2847 2027 2923 2089 εἰς
2951 2027 3012 2081 τὸ
3068 2026 3242 2098 πάντη
3278 2026 3576 2104 ὀλίγωρον.
3613 2025 3698 2083 Τὰ

278 2111 329 2169 δ’
386 2113 532 2171 ἄλλα
590 2115 690 2171 οὐκ
739 2116 810 2185 ἦν
870 2137 954 2177 τις
1010 2112 1353 2188 ἀπόϐλητος,
1385 2116 1599 2193 χαρίεις
1633 2115 1690 2172 δὲ
1744 2117 1807 2172 τὸ
1838 2118 1996 2188 ἦθος,
2030 2115 2218 2187 εύῆλιξ
2257 2117 2347 2171 καὶ
2393 2110 2600 2191 ὄρθιος.
2636 2115 2809 2171 Πλέον
2860 2113 2917 2169 δὲ
2942 2117 3154 2170 πάντων
3188 2120 3267 2187 τῷ
3300 2113 3567 2189 μειλιχίῳ
3595 2118 3692 2169 τοῦ

273 2206 444 2274 ἢθους
486 2204 767 2277 ἐκέκαστο,
826 2206 902 2277 μὴ
963 2202 1340 2279 δυσπρόσοδος
1399 2205 1497 2273 ὥν,
1557 2205 1682 2263 οὕτε
1746 2208 1854 2279 μὴν
1915 2206 2346 2280 ὑποσκυζομένῳ
2375 2206 2658 2281 προσώπῳ
2711 2205 2803 2260 καὶ
2881 2204 3343 2282 ὗπεροφρυάζοντι
3407 2202 3691 2280 βλέμματι

279 2293 556 2370 ἐκκρούων
607 2295 698 2349 καὶ
744 2294 807 2349 τὸ
865 2294 955 2348 ὑπ’
1009 2291 1202 2349 ὀδόντα
1260 2293 1448 2372 γρῦξαί
1509 2316 1651 2364 τινα,
1695 2293 1824 2351 ἀλλ’
1877 2295 1944 2366 ἧν
1999 2300 2096 2351 τοῦ
2149 2293 2492 2371 βουλομένου
2551 2295 2751 2357 παντὸς
2799 2292 3121 2368 προσελθεῖν
3170 2291 3357 2366 ἐκείνῳ
3413 2293 3505 2348 καὶ
3565 2291 3696 2364 δεη-

282 2385 468 2453 θῆναι,
523 2386 748 2459 ἐνιαχοῦ
809 2381 866 2438 δὲ
894 2384 985 2439 καὶ
1015 2384 1151 2458 πρὸς
1183 2383 1501 2462 ἀντιφάσεις
1531 2390 1733 2460 χωρεῖν
1795 2386 1907 2464 οὐχ
1938 2383 2390 2459 ὑποστελλομένῃ
2450 2389 2629 2464 φωνῇ.
2688 2385 2788 2441 Καὶ
2846 2384 2973 2446 τοὺς
3013 2381 3369 2455 ἐπαλλήλους
3396 2380 3695 2446 διαϐόλους

283 2472 536 2535 καὶτοὺς
598 2472 839 2535 κόλακας
894 2473 1166 2548 λαμπρῶς
1225 2473 1559 2549 περιίστατο.
1621 2480 1807 2553 Ἕχων
1867 2472 1925 2530 δὲ
1980 2476 2081 2545 τήν
2110 2472 2412 2546 συνείδησιν
2473 2471 2786 2549 βαλλουσάν
2874 2471 2958 2552 ἐφ’
3014 2473 3099 2536 οἶς
3155 2473 3430 2546 ἡνόμησεν
3490 2472 3568 2535 εἷς
3605 2474 3699 2529 τὸν

284 2560 544 2639 ἀδελφὸν,
593 2563 655 2618 τὸ
714 2563 893 2642 χρεὼν
950 2560 1144 2618 ἐδεδίει
1201 2561 1294 2617 καί
1342 2564 1441 2632 τήν
1506 2564 1676 2619 πάντα
1732 2566 2164 2639 περισκοποῦσαν
2226 2563 2292 2618 τὰ
2352 2565 2561 2634 θνητῶν
2628 2562 2923 2639 πράγματα
3013 2559 3168 2633 δίκην
3230 2558 3496 2632 διηνεκῶς
3576 2563 3704 2618 ὑπε-

286 2647 543 2723 ϐλὲπετο,
602 2651 722 2716 ὅθεν
776 2651 1056 2723 κατανύξει
1112 2648 1342 2728 καρδίας
1401 2653 1703 2728 συνείχετο,
1761 2652 1854 2707 καὶ
1914 2650 2124 2714 δεικνὺς
2211 2650 2453 2723 ἀκηδιῶν
2522 2656 2733 2723 πνεῦμα
2788 2650 2927 2721 mut
3012 2671 3070 2706 τε
3124 2652 3214 2706 καὶ
3268 2647 3550 2731 ἐδυσφόρει
3607 2650 3703 2707 καὶ

284 2743 516 2815 ἤχθετο.
567 2740 629 2797 Εἴ
692 2738 748 2795 δὲ
810 2742 947 2817 μέγα
1005 2742 1093 2796 καὶ
1160 2741 1471 2817 βασιλεῦσιν
1532 2738 1762 2815 ἐργῶδες
1815 2742 1879 2797 τὸ
1941 2742 2018 2815 μή
2077 2746 2184 2795 τῶν
2244 2739 2531 2817 ἀσταχύων
2591 2738 2860 2813 ἐκτέμνειν
2918 2741 3048 2803 τοὺς
3131 2735 3498 2814 ὒπερέχοντας
3564 2737 3705 2813 μηδὲ

287 2829 582 2906 θηριωδῶς
642 2830 895 2905 ἐμπηδᾷν
924 2837 1044 2894 τοῖς
1102 2830 1553 2906 παραλυπῆσασι,
1587 2830 1675 2885 καὶ
1734 2834 1898 2887 τοῦτο
1983 2828 2472 2906 προσπλουτοῦντα
2520 2827 2617 2905 ’ἴδῃ
2667 2850 2752 2893 τις
2813 2826 2873 2883 ἄν
2929 2829 3021 2885 τὸν
3085 2826 3357 2902 Ἀλέξιον-
3421 2826 3547 2883 οὐδέ
3599 2829 3703 2905 γὰρ

286 2922 424 2995 πρὸς
453 2919 667 2999 φυτείαν
727 2922 955 2982 σκότους
987 2918 1309 2998 ὀφθαλμοὺς
1341 2919 1752 2991 ἐπαττάλευσεν,
1786 2917 1910 2975 ούδέ
1937 2917 2159 2976 κλαδῶν
2197 2919 2264 2989 ἧν
2297 2920 2372 2981 ὡς
2439 2916 2725 2992 ἀμπέλους
2783 2919 2849 2973 τὰ
2902 2922 3000 2973 τοῦ
3058 2918 3314 2992 σώματος
3366 2919 3706 2994 ἀκρωτήρια,

295 3008 553 3085 μάγειρος
584 3011 886 3086 ἀνθρώπων
931 3009 1245 3086 γενόμενος.
1306 3006 1437 3067 Οὐδ’
1503 3011 1628 3065 ’ὀσον
1679 3008 1882 3086 χρόνον
1940 3011 2041 3079 τὴν
2101 3010 2474 3088 στυγνόχροον
2533 3007 2818 3083 πορφύραν
2876 3004 3179 3080 ἐνεδέδυτο,
3229 3007 3365 3084 γυνή
3434 3029 3516 3070 τις
3594 3010 3708 3082 ὴμα

289 3100 525 3177 φιάσατο
571 3098 782 3173 μέλανα
810 3102 971 3175 χήτει
1005 3098 1218 3174 ἀνδρὸς,
1245 3099 1303 3153 ὅν
1332 3098 1502 3174 μέλας
1536 3098 1774 3173 ἐκάλυψε
1803 3100 2048 3163 θάνατος.
2110 3096 2253 3156 Οὐδὲ
2304 3103 2412 3173 πῦρ
2469 3091 2669 3172 ἔϐλεψε
2717 3101 2829 3153 τῶν
2879 3098 3144 3171 ὀμμάτων
3204 3097 3280 3162 ὡς
3360 3100 3468 3152 τῶν
3537 3097 3706 3161 λίθων

294 3189 348 3243 οἱ
399 3186 741 3259 ἀκτινώδεις,
810 3187 930 3245 οὐδ’
980 3188 1135 3267 ἐνέφυ
1197 3189 1338 3244 τισὶν
1398 3187 1476 3251 εἰς
1532 3187 1790 3264 ἐπήρειαν
1850 3190 1927 3252 ὡς
1986 3184 2192 3245 λείϐειν
2252 3182 2534 3264 θρόμϐους
2595 3183 2842 3264 δακρύων
2901 3187 3070 3242 ὁποῖα
3127 3186 3194 3242 τὰ
3251 3190 3358 3243 τῶν
3418 3188 3708 3262 μαργάρων

295 3278 681 3358 σφαιρώματα.

1369 3538 1962 3636 ΒΑΣΙΛΕΙΑ

2057 3539 2638 3636 ΔΕΥΤΕΡΑ

1025 3756 1359 3815 ΙΣΑΑΚΙΟΥ
1396 3758 1531 3814 ΤΟΥ
1570 3760 1881 3815 ΔΓΓΕΛΟΥ
1919 3757 2043 3815 ΚΔΙ
2080 3756 2217 3813 ΤΟΥ
2254 3756 2407 3814 ΥΙΟΥ
2445 3757 2665 3813 ΑΥΤΟΥ
2693 3758 3007 3815 ΑΛΕΞΙΟΥ

686 4094 1158 4191 ISAACII
1222 4093 1707 4189 ANGELI
1774 4092 2045 4189 UNA
2114 4093 2383 4190 CUM
2447 4093 2939 4190 ALEXIO
3011 4091 3346 4189 FILIO

1630 4303 1989 4359 ITERATUM
2028 4303 2400 4360 IMPERIUM.

387 4642 476 4713 [P.
512 4638 636 4710 353]
677 4636 742 4691 α’.
799 4627 925 4687 Ὧδε
992 4628 1087 4703 μὶν
1150 4623 1243 4681 οὗν
1295 4620 1530 4695 ἤλαυνεν
1583 4620 1661 4713 ἐς*
1702 4617 1955 4713 Δεϐελτὸκ

2154 4626 2305 4681 τεο
2358 4624 2400 4680 Ι.
2434 4625 2515 4680 Ac
2545 4623 2627 4680 sic
2656 4622 2960 4713 Debeltum
3016 4625 3163 4698 fugit
3218 4624 3473 4694 Alexius,
3525 4641 3658 4681 cum
3693 4637 3727 4680 a

314 4709 585 4799 Ἀλέξιος,
620 4709 728 4780 Ἐπ’
779 4718 999 4782 οὐδενὸς
1058 4714 1436 4789 ἐλαυνόμενος.
1480 4714 1580 4769 Ἢν
1643 4709 1687 4767 δ’
1745 4711 1848 4789 ἄρα
1906 4712 1969 4767 οὗ

324 4818 492 4892 μόνον
516 4813 762 4895 χαλεπὸν
797 4813 961 4889 γηνή,
1005 4807 1096 4863 καὶ
1153 4806 1215 4860 τὸ
1272 4811 1371 4873 τῆς
1432 4802 1790 4863 συνευνᾶσεως
1840 4800 1971 4881 φίλι

314 4890 442 4982 τρον
481 4890 708 4980 βλάψειε
742 4897 956 4976 μᾶλλον
997 4897 1032 4965 ἥ
1092 4891 1421 4982 ὠφελήσειε,
1471 4892 1616 4982 ,καθα
1663 4911 1754 4982 ’τις
1807 4890 1972 4982 ἐγνω-

321 4978 554 5068 μάτευσε
600 4996 707 5047 τῶν
777 4986 975 5055 πάλαι,
1051 4986 1231 5042 κακῶς
1317 4978 1373 5043 ἐς
1462 4978 1736 5046 βασιλείαν
1790 4978 1976 5035 παθὼν

317 5084 622 5160 προκοίτου
677 5078 929 5155 γυναικὸς
991 5074 1358 5150 εἰσηγήσεσιν·
1445 5067 1611 5160 ἀλλὰ-
1660 5069 1748 5123 καὶ
1804 5070 1977 5143 γύννις

318 5156 457 5248 ἀνὴρ
485 5170 755 5247 ἀργαλέον
784 5171 1009 5243 πρᾶγμα
1050 5162 1140 5218 καὶ
1197 5159 1495 5240 χείριστον,
1527 5156 1617 5212 καὶ
1673 5158 1725 5213 τί
1765 5157 1863 5213 οὐκ
1915 5159 1975 5213 ἄν

318 5244 577 5338 ἐπαχθὲς-
614 5260 705 5316 καὶ
757 5259 834 5322 εἷς
886 5252 1132 5311 κίνδυνον
1192 5249 1414 5306 ἔλαῦνον
1472 5247 1562 5303 τὸν
1626 5244 1861 5322 ἔσχατον
1914 5249 1976 5304 τὸ

324 5354 411 5409 ὑπ’
429 5334 639 5407 ἐκεῖνον
682 5348 1011 5420 ταττόμενον
1052 5342 1294 5399 πείσεται
1330 5357 1344 5408 ;
1378 5336 1408 5392 ὅ
1459 5334 1524 5405 δή
1556 5336 1646 5389 καὶ
1677 5336 1975 5409 Ῥωμαίοις

321 5441 506 5501 αὐτοῖς
567 5441 965 5508 συνενήνεκται,
1020 5429 1329 5503 ἀνειμένους
1387 5425 1503 5493 καὶ,
1550 5423 1831 5499 χαλαροὺς
1885 5427 1976 5482 καὶ

323 5532 413 5586 τὸν
446 5527 846 5585 ἀπολαυστικὸν
893 5525 1010 5599 βίον
1075 5515 1511 5595 μεταδιώκοντας
1572 5511 1975 5592 δυστυχήσασιν

322 5618 753 5691 αὐτοκράτορας,
782 5612 909 5676 τοὺς
941 5609 989 5666 δ’
1044 5607 1244 5666 αὐτοὺς
1298 5605 1389 5661 καὶ
1449 5600 1847 5657 δυσπάλαιστον
1884 5604 1979 5678 μὲν

322 5709 423 5780 τὴν
456 5689 716 5783 ἀνάγκην,
749 5703 1078 5761 ᾰνύποιστον
1137 5695 1196 5753 δὲ
1242 5696 1306 5752 τὸ
1354 5692 1475 5769 περὶ
1511 5694 1698 5769 ψυχῆς
1728 5689 1849 5755 δέος
1905 5691 1978 5749 δι’

2085 4713 2316 4769 nemine
2347 4713 2667 4784 fugaretur.
2699 4712 2893 4784 Neque
2917 4731 3051 4771 vero
3083 4715 3294 4771 mulier
3323 4716 3605 4771 duntaxat
3636 4729 3728 4770 res

2083 4802 2274 4875 gravis
2304 4807 2472 4870 est,et
2492 4801 2815 4874 conjugalis
2830 4818 2995 4858 amor
3012 4802 3140 4876 plus
3162 4808 3330 4861 nocet
3345 4820 3518 4875 quam
3537 4804 3723 4874 juvat,

2088 4896 2151 4947 ut
2182 4890 2419 4959 quidam
2449 4908 2517 4947 ex
2565 4890 2855 4947 veteribus
2883 4908 2913 4946 a
2947 4892 3187 4948 muliere
3238 4892 3453 4947 afﬂicto
3484 4890 3728 4960 imperio

2087 4980 2367 5052 queritur,
2400 4980 2500 5037 sed
2561 4980 2646 5035 vir
2675 4981 2846 5036 etiam
2899 4980 3091 5037 mollis
3138 4986 3194 5037 et
3240 4979 3606 5035 eﬂeminalus
3638 4993 3732 5032 res

2087 5070 2345 5142 pessima
2374 5074 2430 5125 et
2475 5068 2893 5125 molestissima
2922 5073 3032 5132 est,
3066 5069 3153 5123 cui
3187 5067 3282 5140 qui
3336 5071 3556 5135 parent,
3590 5064 3731 5135 quid

2089 5158 2413 5227 infortunii,
2448 5159 2584 5229 quid
2617 5158 2855 5214 extremi
2886 5156 3124 5227 periculi
3171 5173 3285 5211 non
3318 5152 3647 5210 subibunt?
3670 5153 3731 5208 Id

2090 5248 2240 5317 quod
2278 5246 2422 5317 ipsis
2457 5247 2730 5303 Romanis
2760 5246 2990 5311 accidit,
3023 5261 3154 5300 cum
3203 5244 3445 5299 adverso
3478 5242 3732 5313 quodam

2088 5335 2205 5391 fato
2235 5334 2295 5391 in
2329 5336 2475 5391 727
2514 5335 2737 5408 molles,
2772 5336 3009 5405 ignavos
3040 5344 3089 5388 et
3112 5332 3469 5405 voluptarios
3494 5333 3738 5404 impera-

2088 5431 2243 5480 tores
2272 5423 2633 5492 incidissent,
2666 5426 2765 5495 qui
2814 5424 3040 5479 labores
3069 5440 3185 5478 non
3220 5423 3486 5478 ferendos
3509 5426 3567 5477 et
3603 5421 3734 5477 vitae

2090 5513 2344 5585 pericula
2422 5512 2814 5569 intolerabilia
2887 5513 3252 5584 judicabant.
3313 5512 3587 5568 Caeterum
3667 5528 3734 5569 eo

2089 5608 2340 5677 emptum
2373 5600 2483 5657 iter
2536 5605 2942 5674 prosequente,
2989 5601 3233 5674 populus
3266 5601 3363 5674 qui
3411 5602 3470 5658 in
3521 5600 3736 5658 Palatio

2090 5696 2438 5753 convenerat
2507 5692 2695 5749 Alexii
2754 5693 3082 5750 discessum
3165 5693 3504 5765 gravissime
3577 5690 3735 5761 tulit,
