4072 6218
409 302 522 360 931

1730 297 2038 360 NlCET/I
2079 296 2496 361 CHONIATIE

3711 301 3834 366 932

407 433 620 491 animis
647 431 1078 490 imminentium
1111 430 1493 504 periculorum
1540 436 1690 490 metu
1727 441 2050 491 consterna-

2175 431 2311 488 ὅλου
2339 431 2642 508 κρίνοντας.
2677 430 2836 490 Ἀλλ’
2895 431 2925 488 ὁ
2959 433 3054 506 μὶν
3099 429 3299 488 ὢδευεν
3354 431 3423 504 ἤν
3479 431 3769 510 προέθετο,
3810 432 3840 486 ὁ

407 526 503 578 tis.
541 522 815 579 Putabant
867 522 1024 578 enim
1075 521 1322 588 Latinos,
1378 523 1472 594 qui
1505 529 1688 580 castra
1733 523 1792 580 in
1831 522 2065 594 prepin-

407 627 518 684 quo
597 611 867 667 haberent
953 627 1062 668 nec
1125 629 1159 666 a
1233 627 1513 683 quoquam
1600 611 2060 683 prohiberentur,

409 701 597 757 statim
631 708 879 755 armatos
935 699 994 755 in
1028 699 1223 756 urbem
1285 702 1620 770 irrupturos.
1667 702 1850 774 Igitur
1879 699 2062 756 Alexii

406 790 664 860 cognatis
696 795 750 844 et
780 788 1159 845 familiaribus
1206 797 1258 846 et
1285 790 1646 861 imperatrice
1690 789 2064 859 Euphrosyna

405 887 465 936 ut
495 877 883 952 proditoribus
913 878 1277 949 contemptis,
1300 879 1373 934 ob
1405 880 1870 951 gravissimorum
1905 877 2059 949 peri-

405 969 668 1028 culorum
695 966 990 1038 procellas,
1009 968 1158 1023 intra
1177 965 1442 1038 palatium
1465 977 1736 1040 tanquam
1755 967 1814 1023 in
1836 981 2063 1023 carcere

405 1057 617 1116 inclusi
665 1058 941 1113 Isaacium
995 1057 1174 1112 Alexii
1231 1056 1457 1113 fratrem
1507 1065 1778 1128 tanquam
1834 1071 2061 1112 sacram

409 1164 678 1205 ancoram
725 1147 1019 1203 intuentur
1069 1171 1084 1214 ;
1135 1154 1188 1204 et
1238 1163 1367 1202 cum
1417 1165 1481 1218 sp
1520 1147 1592 1202 do
1650 1145 2061 1204 Constantinus

405 1237 527 1294 fisci
579 1237 874 1308 praefectus
917 1235 1308 1306 bipenniferos
1355 1235 1636 1306 coegisset
1684 1242 1738 1291 et
1767 1241 1900 1306 apta
1930 1250 2058 1290 ora-

403 1325 559 1382 tione
623 1324 1005 1394 conciliasset,
1054 1339 1338 1381 concursu
1381 1325 1550 1381 etiam
1584 1323 1656 1380 ab
1689 1341 1756 1380 ea
1807 1323 2060 1380 factione

406 1431 532 1486 quae
557 1415 674 1484 jam
703 1414 840 1470 olim
872 1413 1086 1470 Isaacio
1114 1414 1439 1470 restitutum
1462 1412 1726 1484 cupiebat
1753 1411 2058 1481 imperium

404 1503 578 1574 facto,
637 1502 967 1574 imperatrix
1018 1501 1391 1574 Euphrosyua
1462 1518 1574 1558 una
1632 1517 1762 1558 cum
1806 1501 2061 1572 cognatis

407 1593 931 1666 comprehenditur,
968 1591 1218 1648 Isaicius
1248 1609 1380 1650 vero
1414 1591 1722 1662 imperator
1749 1591 2056 1657 salutatur,

405 1687 463 1739 et
493 1697 664 1739 manu
713 1682 918 1738 ductus
968 1681 1041 1737 ob
1099 1681 1536 1738 exciecationem
1581 1680 1632 1736 is
1690 1681 1785 1736 cui
1835 1679 2060 1751 prospi-

407 1771 610 1828 cienda
665 1778 828 1827 erant
875 1770 1090 1839 omnia,
1158 1772 1216 1825 in
1274 1769 1643 1838 imperatorio
1701 1770 1844 1824 solio
1905 1767 2055 1824 728

403 1860 732 1928 collocatus,
795 1858 994 1915 missis
1023 1857 1214 1914 statim
1252 1860 1323 1914 ad
1355 1859 1614 1915 Alexium
1650 1858 1830 1914 filium
1863 1862 1921 1914 et
1955 1858 2058 1914 La-

405 1948 511 2005 tini
541 1949 820 2006 exercitus
849 1948 1025 2004 duces
1075 1949 1298 2004 nuntiis
1334 1947 1528 2004 fratris
1573 1949 1662 2003 sui
1693 1945 2058 2018 imperatoris

406 2037 599 2108 fugam
638 2038 720 2094 eis
749 2037 992 2094 nuntiat.
1026 2036 1068 2092 Ii
1101 2053 1230 2093 vero
1263 2053 1368 2093 nec
1399 2046 1600 2094 contra
1630 2037 1825 2094 urbem
1857 2049 2058 2092 eorum

409 2128 720 2200 quidquam
792 2143 920 2198 quae
990 2127 1469 2196 exspectabantur
1547 2126 2056 2198 praetermiserunt,

406 2233 512 2274 nec
562 2217 826 2273 Alexium
877 2217 1036 2288 prius
1079 2217 1147 2271 ad
1199 2225 1412 2288 patrem
1473 2216 1840 2283 remiserunt,
1885 2229 2056 2286 quam

407 2307 531 2379 ipse
603 2305 848 2363 Isaacius
917 2321 1150 2377 quoque
1224 2321 1287 2362 se
1365 2313 1480 2362 rata
1542 2305 1641 2360 illa
1725 2303 2056 2361 habiturum

410 2412 533 2452 esse
562 2413 692 2468 quae
749 2393 900 2451 filius
945 2395 1072 2466 ejus
1124 2393 1412 2464 pollicitus
1459 2401 1610 2451 esset
1659 2393 2054 2450 assentiretur.

415 2485 546 2548 Quae
605 2485 860 2554 quidem,
919 2491 977 2538 ut
1041 2499 1213 2554 supra
1269 2484 1656 2555 exposuimus,
1723 2479 2056 2554 bujusmodi

407 2579 592 2643 erant,
625 2578 688 2628 ut
725 2573 796 2628 ad
829 2571 1070 2644 gloriam
1125 2581 1177 2628 et
1207 2573 1666 2630 emolumentum
1717 2571 2054 2627 Latinorum

403 2661 549 2719 nihil
581 2662 830 2733 amplius
859 2668 1054 2734 posset
1081 2661 1371 2718 accedere.
1408 2661 1546 2718 Nam
1593 2659 1826 2716 Alexius
1859 2673 2056 2715 vecors

405 2759 460 2809 et
509 2767 700 2808 rerum
757 2751 1060 2824 imperitus
1111 2750 1596 2821 adolescentulus,
1655 2751 1718 2806 in
1765 2751 1821 2806 id
1873 2763 2054 2805 unum

405 2841 665 2898 intentus
715 2847 776 2896 ut
819 2847 1124 2911 paternum
1173 2840 1480 2912 imperium
1522 2847 1908 2910 recuperaret,
1949 2852 2056 2893 nec

411 2932 585 2988 ullam
635 2930 1026 2989 conditionem
1076 2929 1480 2996 consideravit,
1526 2945 1712 3000 neque
1759 2945 1927 3000 quam
1959 2927 2053 2983 in-

411 3021 540 3078 festi
594 3028 788 3076 essent
836 3018 1022 3074 Latini
1083 3023 1339 3075 ltomano
1373 3017 1596 3075 nomini
1645 3019 1938 3088 cogitavit.
1970 3019 2052 3073 Ac

410 3109 618 3166 talibus
661 3107 1014 3180 imperatorii
1069 3109 1273 3179 fastigii
1304 3109 1773 3180 deprcssionibus
1824 3111 2047 3169 aditum

413 3159 616 3166 -_-.-_-
662 3159 1014 3180 ---τ-ψη---
1069 3159 1273 3179 ---ηομ
1309 3159 1770 3180 ητ---------η
1825 3159 2047 3169 --η-.-

403 3199 466 3253 in
499 3197 695 3253 urbem
753 3204 1037 3253 mercatus
1085 3197 1229 3268 patri
1279 3197 1512 3267 assedit,
1563 3197 1777 3268 collega
1818 3199 2051 3270 imperii
2081 3159 2126 3228 ε

403 3287 622 3344 ascitus
655 3292 751 3356 ;et
776 3287 1020 3358 populus
1055 3287 1352 3344 universus
1390 3288 1446 3342 in
1491 3288 1763 3358 palatium
1795 3305 2050 3346 concur-

402 3375 500 3444 rit,
538 3373 642 3429 tilii
672 3382 726 3430 et
757 3375 935 3446 patris
985 3375 1215 3430 videndi
1245 3375 1416 3430 simul
1449 3379 1508 3432 et
1549 3377 1824 3432 adorandi
1855 3393 2048 3436 causa.

403 3463 532 3522 Non
573 3463 774 3519 multis
805 3463 1008 3520 diebus
1049 3471 1174 3534 post
1205 3464 1376 3520 etiam
1428 3465 1760 3522 Latinorum
1791 3467 1966 3523 duces
1995 3471 2052 3524 et

401 3553 702 3610 nobilitate
747 3553 1005 3624 insignes
1052 3553 1157 3609 viri
1190 3555 1460 3626 palatium
1493 3554 1738 3622 ingressi
1784 3563 1922 3612 sunt
1952 3573 1967 3624 ;
1996 3564 2051 3614 et

398 3643 688 3700 subselliis
718 3643 903 3700 allatis
931 3643 1378 3714 imperatoribus
1413 3645 1564 3701 729
1597 3648 1955 3718 assederunt,
1992 3653 2050 3702 ut

395 3733 542 3789 bene
573 3733 848 3800 meriti,ut
877 3741 1191 3789 servatores
1218 3734 1580 3798 celebrati,et
1608 3735 1884 3792 omnibus
1915 3735 2049 3792 aliis

401 3822 658 3878 honestis
686 3822 875 3877 titulis
905 3822 1112 3890 ornati,
1147 3827 1208 3878 ut
1237 3822 1336 3894 qui
1385 3822 1751 3880 ambitiosum
1781 3822 2047 3880 Alexium

396 3911 776 3982 erepto,quod
804 3917 1099 3984 tantopere
1129 3911 1718 3983 appetierat,imperio
1745 3913 1918 3984 probe
1941 3911 2048 3970 ulti

397 4004 455 4055 et
486 4000 835 4056 calamitosis
865 4001 1126 4070 epitulati
1155 4006 1364 4057 essent.
1389 4001 1594 4057 Praeter
1625 4004 1744 4058 haec
1774 4001 2048 4058 omnibus

395 4087 525 4144 aliis
554 4088 762 4144 officiis
784 4096 838 4144 et
854 4087 1295 4161 exquisitisaliis
1313 4089 1624 4146 honoribus
1643 4091 1831 4146 aiIecti
1860 4090 2048 4148 etlau-

403 4178 623 4233 tissime
652 4180 873 4233 tractati
907 4186 1060 4233 sunt.
1096 4178 1234 4234 Nam
1268 4180 1536 4248 Isaacius,
1570 4180 1612 4234 si
1649 4180 1783 4250 quid
1806 4180 2048 4250 impera-

395 4267 578 4324 torius
611 4267 785 4323 fiscus
817 4267 1114 4334 celabat,si
1148 4267 1287 4338 quid
1320 4268 1440 4338 ipse
1473 4278 1638 4340 capta
1669 4267 2046 4342 Euphrosyna

393 4357 759 4430 imperatrice
774 4364 827 4412 et
847 4360 1108 4427 cognatis
1120 4359 1248 4428 ejus
1264 4358 1693 4429 acquisierat,id
1711 4359 2044 4416 universum

392 4453 631 4517 utraque
663 4462 836 4502 manu
869 4445 929 4500 in
965 4447 1093 4502 illos
1123 4447 1474 4504 conferebat.
1509 4451 1644 4513 Quae
1678 4463 1807 4504 cum
1837 4449 1909 4504 ab
1940 4447 2042 4504 illa

2179 518 2228 576 δ’
2258 519 2412 585 ἐντὸς
2449 525 2534 596 [Ρ.
2567 525 2696 597 354]
2718 527 2826 578 τῶν
2860 520 2912 576 έν
2983 522 3321 598 Βλαχέρναις
3379 523 3618 600 ἀρχείων
3683 525 3836 600 εὐρε-

2174 610 2284 672 θεὶς
2339 615 2418 684 τῷ
2471 607 2596 667 τότε
2647 609 2788 674 λεὼς
2837 609 3049 691 σφόδρα
3105 612 3328 687 ἤνεγκεν
3381 613 3676 689 ἀφορήτους
3735 616 3836 682 τὴν

2176 699 2430 773 ’Δλεείου
2456 699 2778 776 ἀπόδρασιν,
2821 702 3259 778 συστρεφόμενός
3307 722 3369 758 τε
3423 702 3513 758 καὶ
3597 702 3843 782 συγχεό-

2177 811 2340 864 μενος
2364 792 2464 861 τὴν
2505 792 2692 866 ψυχὴν
2726 787 2814 846 διὰ
2867 791 2968 852 τὰς
3027 789 3437 870 ἔμφαινομένας
3486 794 3594 846 τῶν
3653 797 3839 846 κακῶν

2173 875 2424 941 ἐλπίδας·
2481 878 2570 933 καὶ
2625 879 2728 954 γὰρ
2783 875 2958 951 ᾤοντο
3017 876 3186 952 μηδὲν
3273 878 3659 952 μελλήσαντας
3707 879 3840 941 τοὺς

2173 966 2460 1040 Λατίνους,
2493 969 2586 1022 οἷα
2619 965 2761 1042 μηδὶ
2789 971 3196 1041 σκηνουμένους
3227 966 3422 1024 ἄποθεν
3481 968 3517 1037 ἢ
3583 969 3679 1023 τὸν
3709 967 3834 1022 ἐπι-

2172 1055 2454 1130 σχήσοντα
2509 1049 2761 1134 ἔχοντας,
2840 1057 2958 1130 μεθ’
3013 1055 3204 1112 ὅπλων
3259 1055 3454 1112 αὐτίκα
3508 1051 3830 1132 ἔπιρῥεῦσαι

2169 1145 2240 1216 τῇ
2271 1141 2430 1199 πόλει
2458 1144 2548 1198 καὶ
2577 1148 2685 1200 τῶν
2718 1147 2951 1224 τειχέων
2991 1144 3122 1200 εἲσω
3156 1144 3552 1222 παρεισελθεῖν.
3615 1143 3830 1203 Οὐκοῦν

2167 1231 2418 1296 καὶτοὺς
2479 1234 2574 1308 μὲν
2627 1235 2770 1310 γένει
2822 1237 3204 1310 προσήκοντας
3243 1233 3468 1308 Ἀλεξίῳ
3551 1236 3645 1290 καὶ
3705 1234 3835 1297 τοὺς

2168 1319 2358 1382 ἄλλως
2387 1319 2714 1394 ἒπιτηδείως
2771 1321 3001 1402 ἔχοντας
3059 1322 3248 1398 ἐκείνῳ
3311 1324 3402 1378 καὶ
3455 1327 3558 1394 τήν
3596 1323 3831 1379 ἄνασσαν

2169 1411 2546 1487 Εὐφροσύνην,
2571 1409 2846 1488 προδότου
2871 1411 3026 1484 δόξαν
3071 1409 3359 1482 λαϐόντας,
3390 1413 3454 1470 οὐ
3483 1412 3834 1490 προσεκαλέ-

2169 1521 2327 1556 σαντο
2360 1499 2438 1564 είς
2465 1503 2564 1572 τήν
2600 1501 2803 1580 ἀρχήν.
2837 1505 2936 1558 Διά
2965 1499 3024 1558 δὲ
3052 1504 3116 1558 τὸ
3142 1501 3360 1578 ἄμαχον
3390 1510 3490 1572 τῆς
3517 1507 3632 1558 τῶν
3661 1523 3838 1579 πραγο

2171 1590 2355 1664 μάτων
2390 1591 2577 1668 ἀγρίας
2630 1587 2950 1668 προσϐολῆς
3003 1594 3078 1656 εἰς
3131 1594 3294 1649 αὐτὸν
3339 1595 3618 1668 ἀφορῶσιν
3653 1595 3832 1650 Ἰσαά-

2166 1700 2284 1734 κιον
2309 1679 2401 1735 τὸν
2435 1678 2688 1751 Ἀλεξίου
2718 1681 3072 1760 κασίγνητον,
3127 1682 3202 1744 ὡς
3250 1683 3326 1745 είς
3377 1683 3478 1752 τήν
3545 1681 3832 1756 καλουμέο

2166 1789 2268 1840 νην
2287 1769 2436 1844 ἱερὰν
2467 1768 2708 1845 ἄγκυραν
2750 1771 3066 1828 τελευταῖον
3096 1772 3148 1827 οἱ
3195 1777 3312 1834 τοῖς
3341 1771 3836 1846 ἀκαταστορέστοις

2161 1859 2711 1934 περιστοιχιζόμενοι
2789 1859 3048 1934 κύμασιν,
3164 1857 3314 1916 ἔνδον
3381 1865 3493 1917 τῶν
3577 1861 3827 1937 ἀρχείων

2164 1945 2534 2022 εἷργνύμενον.
2569 1947 2668 2003 Καὶ
2700 1944 2769 2019 δὴ
2818 1953 2917 2004 τοῦ
2975 1949 3234 2024 έκτομίου
3293 1950 3732 2023 Κωνσταντίνου,
3773 1953 3835 2014 ὃς

2161 2035 2388 2092 ἐπὶτῶν
2439 2035 2738 2112 βασιλικῶν
2799 2036 3046 2096 ἐτέτακτο
3107 2045 3414 2114 θησαυρῶν,
3472 2041 3604 2101 τοὺς
3661 2040 3831 2096 πελε-

2161 2124 2433 2201 κυφόρους
2466 2127 2862 2203 συναγαγόντος
2924 2128 3015 2184 καὶ
3071 2128 3290 2192 τούτοις
3343 2129 3704 2204 ὡμιληκότος
3757 2131 3830 2185 τὰ

2163 2211 2373 2284 δέοντα,
2433 2213 2852 2290 συνδραμούσης
2933 2214 2990 2273 δὲ
3035 2217 3128 2273 καὶ
3187 2219 3503 2295 συμμορίας
3550 2223 3708 2274 τινῶν
3765 2219 3826 2274 οἳ

2165 2302 2508 2379 βασιλεύσειν
2558 2303 2712 2369 αὖθις
2769 2306 2862 2362 τὸν
2893 2304 3162 2364 Ἰσαᾶκιον
3219 2304 3310 2362 διὰ
3367 2305 3612 2377 σπουδῆς
3649 2305 3828 2364 πάλαι

2160 2389 2482 2463 ἐτίθεντο,ἡ
2539 2392 2633 2466 μὲν
2687 2393 2905 2470 βασιλὶς
2967 2394 3288 2476 Εὐφροσύνη
3349 2391 3827 2470 συλλαμϐάνεται,

2161 2486 2445 2556 χειροῦται
2514 2479 2571 2536 δὲ
2626 2482 2718 2538 καὶ
2773 2483 2837 2538 τὸ
2895 2485 3141 2560 συγγενὲς
3201 2485 3418 2559 αὐτῇ,ὁ
3469 2482 3515 2540 δ’
3549 2486 3823 2548 Ἰσαάκιος

2161 2569 2539 2646 ἀναγορεύεται
2618 2571 2996 2648 αὐτοκράτωρ·
3103 2573 3193 2629 καὶ
3289 2574 3824 2650 χειραγωγούμενος

2161 2654 2232 2712 δι’
2311 2659 2378 2728 ἢν
2447 2659 2650 2731 ὑπέστη
2726 2662 2998 2736 πήρωσιν,
3085 2663 3112 2718 ὁ
3197 2665 3260 2718 τὸ
3319 2667 3422 2718 πᾶν
3482 2664 3825 2738 ταττόμενος

2162 2745 2356 2828 ἐφορᾷν
2384 2747 2461 2810 εἷς
2513 2751 2688 2804 θῶκον
2737 2749 2990 2828 ἀνάγεται
3047 2751 3139 2808 τὸν
3213 2751 3513 2828 βασίλειον.
3587 2754 3821 2828 Πέμψας

2161 2833 2208 2892 δ’
2238 2837 2437 2902 εὐθέως
2468 2837 2730 2914 ἀγγέλους
2769 2837 3000 2912 Ἀλεείῳ
3029 2861 3088 2895 τε
3143 2845 3224 2914 τῷ
3253 2842 3356 2914 υἱῷ
3385 2843 3478 2896 καὶ
3542 2849 3667 2906 τοῖς
3721 2847 3821 2898 τοῦ

2160 2932 2452 2983 Λατινικοῦ
2483 2928 2888 3003 στρατεύματος
2943 2931 3178 3008 ἡγεμόσι
3234 2932 3533 3006 παρίστησι
3589 2935 3696 3002 τήν
3725 2937 3822 2988 τοῦ

2164 3015 2434 3090 βασιλέως
2456 3017 2546 3072 καὶ
2577 3015 2817 3098 ἀδελφοῦ
2838 3021 3042 3096 φυγήν.
3070 3021 3138 3078 Οἱ
3170 3017 3217 3075 δ’
3248 3020 3370 3077 οὕτε
3397 3043 3450 3077 τι
3500 3027 3616 3077 τῶν
3647 3043 3824 3097 προσ-

2159 3105 2488 3182 δοκωμένων
2519 3109 2594 3182 (5)
2659 3108 2796 3164 κατὰ
2853 3114 2954 3178 τῆς
3015 3108 3235 3172 πόλεως
3291 3109 3681 3190 ἐνεόχμωσαν,
3735 3112 3826 3166 καὶ

2155 3196 2248 3252 τὸν
2287 3195 2554 3252 Ἰσαακίου
2586 3193 2644 3251 δὲ
2682 3196 2801 3252 υἱὸν
2845 3197 2910 3252 οὐ
2966 3197 3232 3273 πρότερον
3294 3198 3670 3274 αἰτησαμένου
3726 3207 3825 3257 τοῦ

2155 3285 2361 3360 πατρὸς
2391 3285 2822 3362 έκπεπόμφασιν,
2892 3285 2936 3341 εί
3001 3289 3076 3360 μή
3109 3308 3173 3365 γε
3210 3287 3302 3344 καὶ
3347 3289 3511 3351 αὐτὸς
3547 3291 3822 3354 Ἰσαάιιιος

2156 3373 2232 3436 ε’ίς
2287 3373 2453 3448 πέρας
2509 3371 2804 3452 ἀγαγέσθαι
2857 3373 3106 3440 συνέθετο
3164 3375 3263 3432 ὅσα
3321 3377 3597 3456 ὑπέσχετό
3638 3400 3819 3459 σιρισιν

2155 3464 2184 3518 ὁ
2213 3463 2330 3526 υἱὸς
2360 3463 2526 3519 αὐτοῦ
2553 3462 2817 3537 Ἀλέξιος.
2849 3465 2934 3522 Τὰ
2963 3461 3021 3520 δὲ
3073 3466 3232 3536 ἦσαν,
3275 3467 3350 3530 ὡς
3381 3466 3432 3522 ἐν
3467 3473 3589 3531 τοῖς
3630 3468 3822 3546 λόγοις

2157 3550 2349 3628 έῤῥέθη
2405 3557 2526 3614 τοῖς
2579 3548 2906 3630 ἔμπροσθεν,
2971 3552 3244 3628 μηδεμίαν
3297 3560 3406 3612 τῶν
3469 3559 3611 3633 πρὸς
3667 3555 3823 3628 δόξαν

2153 3641 2243 3697 καὶ
2275 3639 2466 3716 κέρδος
2495 3647 2613 3705 τοῖς
2645 3639 2986 3717 διαθεμένοις
3034 3645 3290 3709 Λατίνοις
3326 3644 3650 3722 ὑπερϐολὴν
3683 3649 3823 3705 ἀποο

2155 3731 2435 3789 λείπονταο
2489 3732 2624 3808 ὑπὲρ
2681 3733 2787 3810 γὰρ
2843 3738 2942 3790 τοῦ
3004 3737 3080 3808 μὴ
3147 3741 3250 3802 τῆς
3300 3740 3565 3813 πατρῴας
3628 3739 3810 3814 ἀρχῆς

2153 3821 2545 3896 ἀποτεύξασθαι
2611 3823 2786 3878 πάντα
2869 3825 3124 3899 πράττων
3185 3824 3455 3898 ’Δλέξιος,
3533 3826 3806 3908 χαλίφρον

2151 3911 2241 3966 καὶ
2274 3911 2612 3987 πραγμάτων
2639 3909 2801 3974 ἀδαές
2863 3913 3171 3989 μειράκιον,
3203 3911 3332 3971 οὔτε
3397 3913 3812 3993 ὴκριϐολόγησέ

2152 4020 2271 4056 τινα
2333 4004 2442 4054 τῶν
2505 3999 2836 4073 ζητημάτων
2924 3999 3048 4058 οὔτε
3135 4004 3246 4076 μὴν
3303 4005 3368 4060 τὸ
3430 4006 3810 4081 μισορώμαιον

2151 4088 2409 4166 φρόνημα
2439 4092 2546 4144 τῶν
2605 4088 2852 4144 Λατίνων
2911 4090 3163 4146 ὁπωσοῦν
3195 4087 3422 4148 ἐϐάλετο
3481 4095 3625 4150 κατά
3674 4099 3816 4152 νοῦν.

2153 4176 2274 4234 Ἐπὶ
2304 4175 2548 4232 τοιαῖσδε
2575 4177 2755 4234 τοίνυν
2783 4183 2883 4234 τοῦ
2935 4179 3219 4254 βασιλείου
3283 4180 3453 4256 ὕψους
3514 4205 3816 4259 καταστρο-

2149 4271 2275 4346 φαῖς
2297 4267 2399 4337 τήν
2427 4265 2503 4330 εἶς
2533 4267 2632 4338 τήν
2691 4267 2856 4324 πόλιν
2913 4269 3216 4344 πριάμενος
3265 4269 3501 4341 ε’ίσοδον,
3537 4271 3808 4349 συνεδρίας

2149 4356 2352 4427 ἠξίωτο
2383 4362 2652 4431 πατρικῆς
2681 4354 2771 4411 καὶ
2821 4355 3105 4432 βασιλείας
3161 4358 3584 4434 προσλέληπται
3615 4384 3810 4417 κοινω-

2148 4444 2260 4506 νός.
2293 4450 2471 4506 ’Ἅπας
2509 4443 2689 4499 τοίνυν
2719 4443 2958 4522 φυλέτης
2987 4453 3089 4518 τῆς
3152 4447 3372 4512 πόλεως
3403 4449 3483 4513 εἰς
3517 4451 3584 4506 τὰ
3613 4452 3804 4527 ἀρχεῖα

389 4543 560 4606 gente
583 4535 846 4603 omnium
876 4535 1211 4592 avarissime
1239 4541 1297 4593 et
1327 4537 1793 4594 luxuriosissime
1821 4539 2038 4610 exiguae

2158 4531 2430 4609 τυνέτρεχε
2457 4531 2548 4589 σὺν
2579 4538 2660 4606 τῷ
2689 4533 2856 4608 πατρὶ
2907 4535 3000 4592 τὸν
3071 4538 3188 4592 υἱὸν
3231 4537 3500 4614 ὂψόμενος
3555 4542 3646 4596 καὶ
3705 4541 3805 4614 άμ-

389 4629 562 4695 guttae
611 4625 795 4680 instar
851 4625 1272 4696 acciperentur,
1333 4625 1616 4696 Tyrrheni
1650 4626 1822 4682 maris
1852 4627 2040 4684 undas

389 4712 774 4778 desiderante,
801 4717 974 4770 etiam
1017 4718 1387 4770 sacrosancta
1420 4714 1681 4785 profanat
1713 4731 1728 4784 ;
1764 4717 1937 4782 unde,
1976 4720 2041 4772 ut

389 4800 614 4871 Opinor,
665 4800 916 4857 Romana
975 4818 1064 4858 res
1121 4803 1377 4858 funditus
1418 4802 1690 4860 subversa
1738 4809 1792 4859 et
1850 4804 2038 4861 deleta

388 4894 498 4946 est.
528 4889 673 4946 Nam
706 4905 840 4947 cum
895 4891 1136 4962 pecunia
1183 4891 1607 4962 destitueretur,
1651 4892 1860 4965 templa
1892 4908 2034 4965 quo-

385 4995 496 5050 que
547 4980 776 5036 invasit.
838 4979 955 5038 Nec
1005 4995 1182 5036 sacrae
1212 4987 1439 5038 tantum
1488 4981 1696 5038 Christi
1755 4983 2037 5054 imagines

386 5068 684 5125 securibus
716 5069 1142 5138 excidebantur,
1171 5075 1229 5125 et
1262 5071 1417 5126 humi
1461 5073 1735 5142 projectae
1765 5072 1890 5126 sine
1921 5071 2037 5128 ulla

389 5161 704 5218 reverentia
735 5165 936 5216 ornatu
991 5161 1266 5232 adempto
1310 5160 1368 5215 in
1413 5159 1604 5231 ignem
1645 5160 2034 5230 coujicieban-

389 5252 480 5304 tur
531 5249 675 5306 :sed
733 5255 790 5305 et
845 5255 1257 5306 sancrosancta
1310 5266 1468 5318 vasa,
1517 5249 1732 5321 absque
1786 5259 1944 5307 metu
2002 5267 2034 5307 e

2147 4627 2271 4702 φοῖν
2301 4619 2604 4678 ἀποδώσων
2633 4625 3019 4698 προσκύνησιν.
3052 4628 3182 4683 Μετ’
3213 4627 3274 4684 οὐ
3307 4627 3526 4694 πολλὰς
3580 4629 3631 4686 δ’
3675 4630 3805 4704 ἡμέ-

2147 4733 2242 4788 ρας
2289 4712 2382 4768 καὶ
2433 4713 2486 4768 οἳ
2538 4717 2647 4769 τῶν
2711 4714 2954 4771 Λατίνων
2983 4717 3254 4792 ἡγεμόνες
3311 4717 3365 4780 ἐς
3429 4721 3500 4775 τὰ
3561 4720 3805 4796 βασίλεια

2144 4796 2622 4875 παραϐάλλουσιν,
2653 4801 2764 4882 οὐχ
2793 4803 2942 4859 οὗτοι
2985 4802 3045 4860 δὲ
3096 4806 3288 4880 μόνον,
3321 4805 3469 4864 ἀλλα
3511 4811 3605 4865 καὶ
3637 4811 3689 4865 οἱ
3745 4809 3802 4865 τὸ

2145 4889 2307 4966 γένος
2363 4891 2490 4966 παρ’
2546 4888 2770 4954 ἐκείνοις
2821 4891 3111 4968 ἐπίσημον
3171 4895 3262 4952 καὶ
3318 4901 3798 4974 παρενηνεγμὲνων

2145 4979 2466 5056 σκιμπόδων
2560 4987 2678 5038 τοῖς
2779 4983 3062 5058 βασιλεῦσι
3149 4990 3469 5066 συνήθριζον
3559 4994 3800 5059 ἅπαντες,

2146 5070 2420 5148 εὐεργέται
2477 5071 2568 5126 καὶ
2629 5078 2873 5149 σωτῆρες
2924 5075 3212 5140 ἀκούοντες
3268 5079 3359 5134 καὶ
3415 5085 3592 5135 πᾶσαν
3628 5079 3800 5151 ἄλλην

2143 5161 2352 5249 ἀγαθὴν
2401 5161 2775 5237 προσηγορίαν
2836 5160 3156 5240 δεχόμενοι,
3244 5169 3320 5232 ὡς
3373 5169 3465 5224 τὸν
3530 5169 3800 5249 φίλαρχον

2142 5248 2383 5321 ’Λλέξιον
2453 5249 2506 5312 ές
2572 5251 2712 5306 αὐτὰ
2764 5252 3048 5328 τισάμενοι
3121 5259 3187 5312 τὰ
3245 5255 3469 5314 παιδικᾶ
3527 5248 3620 5314 καὶ
3679 5258 3802 5316 δυσ-

1661 5462 1665 5466 ,
1723 5376 1916 5446 Hier.
1967 5376 2186 5446 Wolﬂi
2246 5383 2460 5449 nota.

638 5543 822 5631 erat
880 5540 1004 5631 οὐτε
1067 5565 1120 5600 τι
1176 5542 1285 5631 τῶν
1344 5541 1840 5631 προσδοκωμένωνἵ
1884 5547 2027 5631 _Non

383 5613 525 5672 satis
553 5613 852 5686 assequor,
885 5623 1079 5674 utrum
1109 5633 1177 5676 ea
1222 5613 1466 5678 fecerint
1491 5635 1618 5692 qua
1643 5613 2028 5694 expectaban-

2138 5554 2334 5620 tur,an
2369 5565 2485 5608 non
2535 5550 2800 5613 fecerint.
2833 5560 2948 5615 Hoc
2989 5557 3118 5618 loco
3152 5568 3312 5620 vetus
3344 5563 3524 5621 codex
3554 5564 3790 5623 mutilus

2137 5630 2246 5690 est,
2286 5623 2520 5683 duobus
2551 5623 2712 5686 foliis
2746 5631 3016 5690 exsectis.
