4072 6218
327 261 443 322 933

1326 254 1684 320 ISAACIUS
1728 256 2101 322 ANGELUS
2146 256 2247 321 ET
2290 260 2629 328 ALEXIUS
2670 263 2738 325 F.

3610 266 3728 328 934

320 398 629 471 πραγοΰσιν
691 393 872 462 αὖτοῖ,
918 388 1304 463 ἒπαμύνάντες.
1359 391 1438 447 Οὐ
1499 392 1584 464 [Ρ.
1628 395 1749 461 355]
1805 396 1973 447 ταῦτα

2111 396 2318 469 emptis
2351 403 2513 471 rapta
2544 404 2600 455 et
2632 402 2896 466 conﬂata,
2923 402 2989 455 ut
3046 398 3277 471 vulgare
3308 413 3510 455 aurum
3544 403 3599 455 et
3631 416 3727 455 ar-

321 481 379 539 δὲ
431 485 621 556 μόνον,
676 479 822 537 ἀλλὰ
868 480 959 535 καὶ
1012 479 1193 552 πάσης
1246 485 1502 554 μετεῖχον
1556 479 1971 559 φιλοφροσύνης

319 572 412 628 καὶ
480 570 804 641 δεξιώσεως,
872 571 1274 644 θεραπευτήρια
1335 589 1392 623 τε
1457 567 1549 623 καί
1624 571 1971 647 τρυφητήρια

315 661 541 722 τούτοις
572 659 967 730 ἒπινενόηνται.
1012 657 1280 722 Ἰσαάκιος
1307 659 1411 733 γὰρ
1460 656 1513 712 εἴ
1561 656 1613 712 τί
1668 679 1776 713 που
1822 651 1971 713 ἕστε-

312 772 403 828 γεν
432 746 584 805 ἔνδον
636 750 700 804 τὸ
745 749 1030 823 βασιλείας
1082 747 1506 825 γαζοφυλάκιον,
1557 746 1647 802 καὶ
1706 746 1864 809 αὐτὸς
1916 745 1975 801 δὲ

316 840 799 914 συμπορισάμενος
866 837 937 905 ἦν
1015 834 1364 913 συνειληφὼς
1438 836 1791 913 Εὐφροσύνην
1873 837 1974 905 τὴν

319 927 583 1005 βασιλίδα
611 928 701 983 καὶ
750 925 878 989 τοὺς
918 926 981 982 τὸ
1032 924 1189 1001 γένος
1239 925 1316 987 εἷς
1368 924 1536 993 αὐτὴν
1587 925 1972 1001 ἀναφέροντας,

318 1019 563 1095 ἐξεφόρει
601 1038 660 1073 τε
715 1013 1049 1093 ἀμφοτέραις
1103 1016 1197 1069 καὶ
1257 1016 1587 1090 μετήγγιζεν
1635 1011 1972 1090 ἀδεέστερον.

320 1108 472 1164 Ἐπεὶ
497 1104 555 1161 δὲ
582 1110 750 1162 ταῦτα
781 1105 911 1160 ὡσεὶ
959 1104 1050 1159 καὶ
1104 1104 1252 1177 ῥανὶς
1294 1103 1539 1176 ἐκρίνετο
1584 1108 1704 1165 τοῖς
1755 1099 1974 1176 λαμϐά-

2079 491 2312 556 genium
2347 488 2614 545 hostibzzs
2645 491 2955 545 dabantur.
2993 490 3176 559 Hujus
3211 489 3529 560 impietatis
3562 490 3723 545 furor

2082 592 2270 647 neque
2301 579 2633 650 imperatori
2660 580 2718 634 in
2760 584 3011 636 mentem
3043 578 3197 633 venit
3226 596 3507 651 unquam,
3544 598 3733 653 neque

2086 665 2237 721 780
2271 667 2584 738 quisquam
2644 668 2753 724 fuit
2804 669 2906 739 qui
2966 668 3194 739 pietatis
3252 684 3493 723 causam
3553 671 3733 726 libere

2082 768 2252 825 agere
2284 756 2541 824 auderet,
2571 757 2670 811 sed
2704 758 2859 828 quod
2894 757 3130 828 quidem
3184 757 3251 810 ad
3301 756 3626 827 silentium,
3658 776 3729 814 ne

2083 848 2381 914 stuporem
2435 846 2647 913 dicam,
2700 846 2928 915 attinet,
2993 844 3160 916 plane
3217 846 3449 901 attoniti
3511 847 3730 903 fuimus

2082 947 2306 987 omnes.
2368 932 2533 990 Unde
2602 934 2827 991 violata:
2886 933 3187 1006 religionis
3270 936 3354 990 rei
3426 952 3494 992 ea
3578 939 3733 993 mala

2082 1019 2457 1078 toleravimus
2489 1031 2544 1079 et
2602 1024 2880 1089 vidimus,
2943 1024 3160 1096 quibus
3212 1024 3475 1096 graviora
3507 1026 3599 1081 vix
3640 1026 3735 1081 in-

2090 1110 2426 1167 veniuntur.
3138 1112 3147 1121 ’

316 1217 504 1251 νουσιν
563 1190 741 1267 (οὐδὲν
792 1193 895 1266 γὰρ
952 1186 1105 1256 ἔθνος
1162 1190 1756 1266 ἐρασιχρηματώτερον
1810 1187 1973 1246 τοῦδε
2019 1197 2117 1247 τοῦ
2199 1194 2381 1267 γένους
2446 1196 2956 1274 τρεχεδειπνότερόν
3016 1221 3073 1255 τε
3136 1200 3225 1254 καὶ
3304 1198 3736 1276 δαπανηρότερον

316 1287 536 1361 ἓτερον)
596 1284 682 1338 καὶ
743 1280 1007 1355 διψῶντες
1055 1283 1190 1351 ἦσαν
1239 1281 1322 1336 ἀεὶ
1386 1288 1650 1358 προχοῶν
1707 1282 1977 1357 πελάγους
2034 1287 2392 1357 Τυρσηνικοῦ,
2454 1289 2677 1344 ἅπτεται
2736 1289 2827 1343 καὶ
2887 1293 2993 1344 τῶν
3073 1288 3359 1363 ἀψαύστων
3439 1291 3736 1364 παναθεμί-

323 1396 458 1445 τως,
490 1374 702 1442 ὁπόθεν,
736 1372 920 1446 οἶμαι,
970 1371 1060 1426 καὶ
1117 1372 1183 1426 τὰ
1241 1373 1527 1445 Ῥωμαίων
1577 1371 1967 1446 ἀνατέτραπται
2024 1370 2213 1428 τέλεον
2270 1374 2359 1430 καὶ
2416 1377 2751 1454 ἠφάντωται.
2808 1380 2882 1440 ὡς
2931 1379 3034 1454 γὰρ
3094 1381 3401 1455 χρημάτων
3460 1379 3731 1451 ἐσπάνιζε,

326 1464 564 1526 καὶτοῖς
615 1460 779 1526 θείοις
832 1458 1133 1537 ἐπεφύηδιᾶ
1188 1464 1348 1515 τοῦτο
1403 1460 1697 1535 τεμένεσιν.
1757 1462 1858 1516 Ἦν
1917 1460 2017 1536 γᾶρ
2077 1459 2209 1515 ἰδεῖν
2269 1464 2331 1518 ού
2392 1465 2556 1537 μόνον
2610 1468 2706 1528 τὰς
2772 1467 2920 1541 ἱερὰς
2975 1466 3185 1531 εῗκύνας
3239 1470 3476 1542 Χριστοῦ
3533 1469 3736 1541 ἀξίναις

328 1551 735 1625 ἐκκοπτομὲνας
764 1551 855 1604 καί
887 1553 1066 1625 χαμαὶ
1107 1548 1461 1626 ῥιπτομένας,
1504 1550 1594 1604 καὶ
1642 1549 1769 1612 τοὺς
1814 1549 1991 1604 αὐτῶν
2039 1550 2279 1625 κόσμους
2322 1553 2398 1625 μή
2442 1553 2533 1609 σὺν
2572 1553 2772 1632 φειδοῖ,
2817 1553 2943 1610 ἀλλ’
2992 1556 3067 1617 ὡς
3118 1549 3304 1631 ἔτυχεν
3354 1556 3735 1629 ἐκσπωμὲνους

322 1643 421 1698 καὶ
477 1642 606 1715 πυρὶ
664 1638 1227 1714 παραπεμπομένους,
1280 1637 1427 1695 ἀλλὰ
1483 1640 1570 1694 καὶ
1634 1637 1796 1709 σκεύη
1854 1638 1920 1693 τὰ
1973 1642 2141 1694 σεπτά
2193 1661 2252 1695 τε
2307 1643 2395 1696 καὶ
2456 1648 2674 1719 παναγῆ
2746 1641 3209 1719 ἀπεριοαμϐήτως
3277 1643 3335 1700 ἐκ
3406 1650 3515 1701 τῶν
3595 1651 3739 1701 ναῶν

320 1732 683 1806 ἁρπαζόμενα
719 1729 809 1785 καὶ
867 1728 1185 1805 πυρούμενα
1239 1730 1330 1783 καὶ
1398 1728 1473 1792 ὡς
1527 1728 1710 1783 κοινὸν
1765 1727 2026 1804 ἀργύριον
2083 1730 2174 1784 καὶ
2233 1732 2461 1805 χρυσίον
2523 1737 2642 1795 τοῖς
2698 1732 2991 1807 πολεμίοις
3053 1734 3441 1810 στρατεύμασιν
3497 1735 3740 1813 παρεχό-

322 1842 485 1895 μενα.
526 1820 623 1875 Καὶ
671 1826 771 1889 τῆς
823 1818 961 1874 κατὰ
1011 1822 1118 1873 τῶν
1178 1818 1348 1891 ἁγίων
1404 1814 1574 1886 τῆσδε
1631 1816 1833 1887 λύττης
1893 1812 2006 1873 οὔτ’
2066 1818 2228 1874 αὐτὸν
2284 1820 2378 1876 τὸν
2436 1825 2737 1896 κρατοῦντα
2796 1821 2969 1896 εἰσῄει
3027 1843 3109 1884 τις
3162 1822 3412 1893 αἴσθησις
3470 1812 3742 1896 ὁπωσοδν,

322 1915 437 1965 τῶν
476 1931 536 1966 τε
590 1906 778 1965 ἃλλων
838 1905 1022 1970 οὐδεὶς
1072 1905 1582 1983 παρρησιαζόμενος
1636 1907 1704 1975 ἦν
1758 1907 1860 1977 τήν
1928 1901 2225 1980 εὐσέϐειαν,
2261 1907 2409 1964 ἀλλὰ
2460 1914 2561 1975 τῆς
2620 1909 2911 1986 ἐχεμυθία,
2963 1908 3159 1982 ἕνεκεν,
3211 1911 3310 1967 εἴτ’
3355 1914 3446 1967 οὖν
3493 1914 3743 1991 ἀναλγη-

328 1999 454 2064 σίας
502 2000 669 2055 εἰπεῖν
725 1997 1058 2073 οἰκεότερον,
1118 1993 1271 2051 οὐδὲν
1327 2000 1435 2051 τῶν
1493 1994 1821 2073 παραφόρων
1885 1992 2280 2071 διενηνόχαμεν
2333 1999 2581 2070 ἅπαντες,
2641 2000 2759 2055 ὅθεν
2821 2001 2895 2061 ὡς
2954 2001 3238 2056 ὑπεύθυνοι
3297 2001 3637 2076 πεπόνθαμεν
3687 2025 3746 2059 τε

325 2089 423 2146 καὶ
458 2086 673 2161 εἲδομεν
705 2086 879 2143 ὁπόσα
914 2086 1453 2163 βαρυσυμφορώτερα
1480 2090 1589 2141 τῶν
1619 2088 1817 2140 κακῶν.

417 2180 484 2254 β’.
515 2180 739 2237 Ὀποῖον
769 2178 874 2252 γὰρ
921 2177 984 2232 τὸ
1043 2172 1305 2252 χυδαΐζον
1356 2179 1545 2254 στῖφος
1593 2180 1694 2244 τῆς
1740 2173 1978 2242 πόλεως,

2159 2179 2213 2236 2.
2245 2179 2390 2235 Nam
2456 2180 2652 2253 populi
2683 2181 2869 2250 turba,
2909 2190 2968 2238 ut
3019 2181 3183 2252 solet,
3219 2199 3323 2239 nec
3373 2199 3479 2240 sua
3538 2189 3747 2255 sponte

340 2273 478 2348 μήτ’
510 2271 731 2335 αὐτόθεν
760 2274 878 2333 τοῖς
907 2268 1211 2332 ἐπαινετοῖς
1241 2271 1608 2342 προσ-χωροῦν
1642 2268 1772 2340 μήθ’
1825 2265 1993 2341 ἑτέρῳ

337 2362 668 2437 πειθόμενον
728 2358 1104 2434 εἰσηγουμένῳ
1151 2359 1217 2414 τὰ
1276 2357 1476 2431 λῲονα,
1535 2355 1644 2427 ἤδη
1684 2361 1802 2419 ταῖς
1852 2357 1993 2414 Ῥω-

343 2458 567 2527 μαϊκαῖς
645 2451 860 2530 χώραις
926 2448 1331 2525 εἷ’σκεχυμένων
1393 2453 1502 2502 τῶν
1575 2446 1861 2520 πολεμίων
1918 2444 1993 2506 εἷς

335 2536 539 2618 ἔδαφος
565 2544 816 2615 καθαιρεῖ
844 2538 934 2592 καὶ
961 2535 1171 2593 διαλύει
1204 2534 1531 2613 παραλόγως
1587 2536 1665 2596 εἷς
1713 2539 1849 2610 χοῦν
1897 2532 1992 2594 τὰς

335 2631 478 2703 πρὸς
535 2630 805 2694 θάλασσαν
863 2628 1037 2689 οἰκίας
1097 2631 1203 2682 τῶν
1259 2626 1310 2697 ἐξ
1376 2625 1602 2700 ἑσπέρας
1667 2623 1850 2693 ἐθνῶν,
1914 2624 1990 2697 μὴ

338 2718 654 2775 διαστεῖλαν
707 2722 804 2774 τοῦ
861 2716 1138 2790 πολεμίου
1192 2715 1260 2771 τᾶ
1317 2714 1524 2793 φίλιον.
1576 2711 1989 2788 Ἐδυσχὲραινον

340 2808 443 2865 οὖν
472 2810 611 2885 πρὸς
647 2809 741 2877 τὴν
773 2802 1038 2863 ἀϐουλίαν
1069 2806 1269 2873 ταύτην
1306 2804 1397 2859 καὶ
1442 2803 1668 2858 ἀτοπίαν
1717 2803 1783 2857 ού
1832 2802 1994 2875 μόνον

339 2901 465 2954 ὅσοι
512 2898 573 2954 ἐκ
620 2905 720 2967 τῆς
787 2895 1077 2974 Ἀμόλφης
1143 2897 1329 2966 ἤθεσιν
1376 2890 1797 2967 ἐντεθραμμένοι
1853 2893 1994 2947 Ῥω-

340 2978 589 3064 μαϊκοῖς,
628 2985 776 3042 ἀλλὰ
804 2986 895 3041 καὶ
926 2986 980 3041 οἳ
1028 2991 1136 3040 τῶν
1186 2984 1245 3039 ἐκ
1289 2985 1389 3052 τῆς
1437 2983 1645 3052 Πίσσης
1692 2983 1791 3051 τὴν
1836 2984 1995 3038 Κων-

332 3076 623 3133 σταντίνου
662 3074 996 3140 ἀνθείλοντο.
1050 3072 1239 3144 Μῆπω
1298 3073 1478 3127 τοίνυν
1527 3071 1701 3149 φυγὰς
1748 3069 1930 3148 ὀφθεὶς
1963 3070 1991 3123 ὁ

334 3165 599 3243 βασιλεὺς
654 3164 896 3237 Ἀλέξιος
951 3168 1221 3239 χρησταῖς
1271 3161 1452 3217 ἐλπίσι
1512 3160 1640 3224 τοὺς
1696 3157 1756 3215 ἐκ
1820 3156 1993 3215 τῶνδε

327 3260 448 3313 τῶν
481 3254 646 3333 γενῶν
669 3250 955 3311 ἐϐουκόλει
985 3254 1077 3309 καὶ
1109 3254 1171 3308 τὸ
1203 3258 1304 3322 τῆς
1348 3251 1530 3321 λύπης
1587 3248 1777 3324 ἀθήρει
1823 3249 1990 3305 πολύ.

330 3348 433 3409 Ὧς
474 3343 523 3401 δ’
571 3347 598 3400 ὁ
662 3346 757 3418 μὲν
815 3341 1045 3419 δρασμῷ
1084 3341 1387 3421 ἐχρήσατο,
1451 3338 1774 3417 βασιλεύσας
1822 3335 1870 3392 δ’
1921 3336 1991 3406 ἦν

334 3436 636 3505 Ἰσαάκιος,
700 3433 1067 3490 καταλλάσσει
1126 3433 1254 3494 τοὺς
1342 3431 1402 3486 ἐκ
1455 3436 1556 3500 τῆς
1609 3429 1818 3499 Πίσσης
1874 3432 1991 3489 τοῖς

335 3524 663 3594 Βενετίκοις,
694 3526 811 3579 καθ’
863 3526 1026 3597 ἡμῶν
1077 3522 1167 3577 καὶ
1217 3524 1382 3576 τοῦτο
1430 3519 1822 3593 ἀσυντηρητως
1867 3516 1987 3573 ἐπι·
2029 3548 2072 3615 C

330 3615 710 3692 τεχνώμενος·
751 3612 803 3667 οἱ
836 3609 894 3667 δὲ
940 3612 1077 3686 πρὸς
1126 3611 1225 3680 τήν
1289 3607 1518 3683 Ηεραίαν
1569 3607 1892 3683 ἀπάραντες,
1933 3606 1988 3664 ἐν

336 3703 675 3776 ᾕκατέλυον
714 3702 767 3756 οἱ
807 3697 1083 3777 διάφοροι,
1133 3697 1375 3773 γίνονται
1433 3702 1554 3759 τοῖς
1603 3698 1797 3771 πρώην
1851 3697 1996 3752 ἀντί-

336 3811 507 3871 φροσι
540 3790 799 3862 σύσκηνοι
854 3788 946 3844 καὶ
1003 3784 1325 3861 ὁμόδειπνοι
1378 3785 1468 3841 καὶ
1512 3786 1579 3841 τά
1634 3787 1810 3841 πάντα
1860 3807 2000 3860 συμ-

340 3886 502 3957 φυεῖς
568 3881 655 3935 καὶ
726 3876 1046 3957 ὁμόφρονες.
1135 3872 1648 3944 Ἐννεακαιδεκάτην
1721 3872 2002 3952 διάγοντος

343 3976 449 4027 τοῦ
496 3968 808 4043 Αὐγούστου
868 3966 1059 4041 μηνὸς,
1117 3972 1216 4035 τῆς
1272 3963 1437 4036 ἕκτης
1490 3962 1851 4034 ίνδικτιῶνος,
1902 3967 1999 4019 τοῦ⁹

346 4057 829 4135 ἑξακισχιλιοστοῦ
873 4057 1303 4112 ὲπτακοσιοστοῦ
1348 4053 1437 4109 καὶ
1486 4050 1773 4108 ἑνδεκάτου
1823 4050 1998 4121 ἔτους,

344 4152 494 4213 τινὲς
548 4154 657 4205 τῶν
714 4147 1073 4223 Φραγγίσκων
1135 4144 1305 4217 (οὗτοι
1374 4140 1432 4198 δὲ
1489 4142 1624 4197 εἰσιν
1700 4143 1751 4196 οἱ
1827 4138 2001 4197 πάλαι

344 4238 667 4314 Φλαμίονες
715 4235 1166 4309 κικλησκόμενοι)
1218 4231 1491 4288 Πισσαίων
1555 4230 1645 4286 καὶ
1708 4230 2004 4286 Βενετίκων

348 4335 550 4406 μοῖραν
617 4324 1075 4404 προσειληφότες,
1145 4323 1220 4385 ὡς
1274 4321 1353 4378 εἷς
1441 4319 1576 4395 ὄψον
1627 4318 1851 4393 ’ὲτοιμον
1912 4318 2003 4375 καὶ

343 4418 783 4496 προχειρότατον
810 4412 1038 4491 ἕρμαιον
1070 4414 1137 4468 τὰ
1180 4416 1291 4468 τῶν
1339 4413 1676 4484 Σαρακηνῶν
1728 4405 2003 4464 διαπλωί-

352 4516 536 4580 ζονται
565 4509 852 4588 χρήματα.
887 4505 984 4559 Καὶ
1017 4501 1085 4573 δὴ
1134 4503 1197 4559 τὸ
1250 4500 1533 4588 σύνταγμα
1572 4498 1745 4588 ἐκεῖνο
1790 4499 1855 4553 τὸ
1903 4518 2007 4553 πο-

350 4600 522 4675 νηρὸν
650 4596 811 4652 πόλει
841 4594 1119 4669 προσσχὸν
1172 4590 1242 4647 δι’
1289 4586 1531 4646 ἁλιάδων
1589 4585 1738 4662 (οὐδὲ
1785 4588 1888 4663 γὰρ
1938 4588 2006 4657 ἦν

352 4710 443 4752 τις
477 4689 505 4743 ὁ
548 4683 978 4759 προσιστάμενος
1025 4682 1173 4743 ’ὀλως
1228 4679 1511 4735 ἐπιπλέσιν
1561 4681 1697 4755 σφᾶς
1748 4681 1817 4752 τῇ
1848 4676 2011 4734 πόλει

349 4780 443 4834 κιιί
483 4777 631 4839 αὖθις
680 4774 981 4850 ἀνάγεσθαι)
1040 4776 1120 4843 τῶ
1175 4774 1283 4825 τῶν
1339 4768 1389 4839 ἐξ
1446 4774 1626 4846 ’Ἅγαρ
1687 4766 2012 4845 συναγωγίῳ

352 4866 538 4942 λάθρα
592 4863 1056 4931 ἐπεισπίπτουσιν,
1107 4863 1136 4915 δ
1185 4881 1317 4937 φησι
1378 4857 1621 4915 Μιτάτον
1660 4858 1695 4926 ἡ
1734 4854 2004 4931 δημώδης

340 4953 671 5034 1διάλεκτος,
718 4950 808 5008 καί
854 4952 921 5006 τὰ
967 4949 1152 5006 ἐνόντα
1213 4947 1347 5021 μετᾶ
1395 4946 1581 5027 ξίφους
1631 4944 2003 5018 λῃστεύουσιν.

360 5053 433 5107 Ως
492 5042 537 5099 δ’
592 5044 734 5099 οὕτω
799 5044 968 5096 ταῦτα
1025 5035 1362 5115 παραλόγως
1427 5035 1517 5091 καὶ
1588 5036 1720 5110 ὑπὲρ
1779 5032 2008 5107 δόκησιν

346 5137 525 5189 πᾶσαν
556 5134 951 5206 παρηνομεῖτο,
995 5126 1271 5200 ἠμύνοντο
1335 5127 1431 5200 μὶν
1472 5123 1667 5187 αὐτοὺς
1720 5126 1771 5179 οἱ
1821 5132 2005 5199 Σαρα-

348 5223 511 5293 κηνοὶ
568 5223 662 5285 τᾶς
719 5226 909 5296 χεῖρας
976 5222 1094 5279 τοῖς
1172 5218 1582 5291 παρατυχοῦσιν
1662 5211 2006 5284 ὁπλίσαντες,

353 5308 714 5383 ἐπιϐοηθοῦσι
767 5307 825 5363 δὲ
871 5310 959 5363 καί
1018 5309 1307 5379 Ῥωμαῖοι,
1364 5304 1511 5379 παρὰ
1553 5310 1654 5369 τῆς
1693 5305 1792 5357 τοῦ
1837 5306 2006 5358 κακοῦ

349 5405 546 5478 φήμης
583 5400 753 5455 ἐκεῖσε
777 5396 1186 5470 συνηλισμένοι’
1221 5397 1369 5470 [356]
1389 5393 1493 5450 Καὶ
1516 5391 1714 5446 οὔκουν
1749 5391 1843 5463 μὲν
1865 5392 2001 5446 ἅπαν

348 5491 551 5547 ὁπόσον
578 5489 668 5545 καὶ
717 5485 825 5544 ἔδει
882 5488 1206 5558 κατήνυσαν,
1254 5482 1343 5539 ἐπὶ
1394 5479 1451 5537 δὲ
1511 5480 1695 5556 βραχὺ
1750 5486 1848 5549 τῆς
1894 5484 2002 5535 τῶν

346 5576 560 5655 ἀνδρῶν
615 5575 834 5633 ἐκείνων
886 5575 1199 5651 ὁμαιχμίας
1248 5570 1605 5645 ἀναχώρησις
1658 5568 1883 5641 γίνεται.
1934 5569 2003 5627 Oi

2105 2283 2248 2324 sana
2273 2270 2523 2326 consilia
2553 2272 2911 2343 amplectens
2945 2287 3048 2328 nec
3082 2272 3318 2328 meliora
3368 2273 3749 2330 suadentibus

2103 2357 2531 2431 obtemperans,
2558 2377 2690 2416 cum
2714 2362 2839 2432 jam
2878 2360 3077 2418 hostes
3100 2363 3157 2417 in
3191 2362 3486 2417 Romanas
3512 2364 3749 2433 provin-

2102 2447 2223 2503 cias
2284 2448 2653 2521 irrupissent,
2708 2455 2915 2523 praeter
2974 2466 3207 2506 omnem
3260 2452 3752 2522 exspectationem

2103 2536 2226 2593 solo
2266 2543 2455 2611 aequat
2485 2547 2540 2595 et
2570 2538 2629 2594 in
2664 2538 2956 2611 pulverem
2995 2539 3207 2611 redigit
3238 2539 3568 2596 maritimas
3599 2541 3752 2597 occi-

2103 2627 2425 2682 dentalium
2460 2629 2717 2697 gentium
2772 2629 2947 2694 aedes,
2980 2627 3186 2684 amicis
3216 2628 3285 2683 ab
3328 2629 3600 2686 hostibus
3636 2646 3752 2685 non

2101 2716 2417 2772 distinctis.
2460 2718 2597 2772 Eam
2651 2718 3032 2774 temeritatem
3065 2722 3120 2774 et
3152 2720 3573 2775 absurditatem
3636 2736 3753 2775 non

2101 2810 2329 2861 tantum
2363 2807 2516 2863 cives
2548 2808 2921 2877 Romani,sed
2956 2809 3232 2865 etPisani
3264 2809 3539 2881 inquilini
3575 2827 3752 2882 aeger-

2101 2894 2248 2949 rime
2288 2892 2569 2950 tulerunt.
2605 2894 2832 2951 Alexius
2890 2902 3087 2952 autem
3148 2903 3464 2969 antequam
3508 2899 3756 2969 fugeret,

2101 2997 2300 3038 earum
2330 2984 2593 3055 gentium
2637 2984 2906 3040 homines
2962 2987 3116 3041 bona
3147 3002 3250 3057 Spe
3279 2986 3533 3043 lactabat
3590 2976 3747 3042 dolo-

2100 3088 2340 3144 remque
2372 3074 2694 3146 mitigabat.
2721 3074 2792 3130 Ut
2822 3091 2953 3130 vero
2983 3076 3030 3131 is
3063 3076 3121 3131 in
3166 3078 3340 3147 pedes
3387 3093 3449 3132 se
3479 3076 3752 3146 conjecit,

2102 3161 2355 3219 Isaacius
2398 3161 2647 3234 imperio
2679 3169 3012 3235 recuperato
3059 3164 3304 3221 Pisanos
3347 3180 3479 3220 cum
3514 3165 3754 3220 Venetis

2099 3252 2159 3307 in
2181 3255 2439 3308 nostram
2469 3254 2731 3310 fraudem
2766 3270 2980 3326 magna
3007 3271 3142 3310 cum
3180 3255 3508 3312 temeritate
3558 3270 3755 3310 recon-

2100 3340 2279 3398 ciliat.
2315 3343 2359 3397 Ii
2389 3359 2521 3399 vero
2553 3347 2803 3400 Peraeam
2837 3343 3103 3416 profecti,
3139 3344 3238 3401 ubi
3300 3344 3613 3400 adversarii
3672 3345 3755 3400 di-

2098 3431 2500 3502 versabantur,
2558 3439 2817 3490 veterum
2878 3433 3252 3490 inimicorum
3342 3433 3612 3505 hospitiis
3695 3438 3752 3489 et

2100 3521 2366 3578 convictu
2403 3523 2544 3577 73]
2584 3524 2846 3591 utuntur,
2868 3539 3101 3579 summa
3131 3539 3264 3578 cum
3322 3523 3408 3579 eis
3448 3522 3753 3577 familiari-

2102 3614 2220 3665 tate
2253 3609 2416 3679 inita,
2452 3612 2675 3667 mensis
2700 3612 2952 3684 Augusti
2984 3614 3076 3668 die
3107 3612 3340 3668 decima
3371 3628 3545 3679 nona,
3587 3615 3754 3666 sexta

2102 3699 2442 3768 indictione,
2476 3701 2611 3756 anni
2667 3702 2831 3757 6711.
2879 3701 3125 3765 Quidam
3186 3718 3315 3757 vero
3372 3717 3437 3756 ex
3494 3699 3751 3767 Francis,

2103 3789 2206 3860 qui
2236 3788 2372 3844 olim
2408 3789 2676 3845 Flaminii
2707 3791 3088 3857 vocabantur,
3121 3791 3463 3845 Pisanorum
3496 3794 3553 3844 et
3582 3789 3752 3844 Vene-

2107 3886 2296 3933 torum
2329 3878 2562 3933 cohorte
2619 3883 2947 3950 assumpta,
2980 3879 3051 3933 ad
3093 3878 3450 3949 diripiendas
3481 3882 3751 3932 Sarrace-

2108 3984 2314 4023 norum
2361 3966 2666 4023 facultates
2720 3972 2999 4039 tanquam
3051 3969 3119 4022 ad
3182 3973 3445 4038 paratam
3496 3968 3750 4038 praedam

2107 4056 2430 4127 trajiciunt.
2491 4056 2571 4111 Ea
2656 4057 2937 4112 scelerata
2994 4056 3164 4113 faclio
3226 4073 3355 4112 cum
3417 4058 3486 4111 ad
3547 4057 3754 4110 urbem

2107 4146 2436 4217 appulisset
2469 4146 2683 4218 (neque
2714 4147 2869 4202 enim
2904 4148 3215 4218 quisquam
3243 4151 3365 4202 erat
3395 4147 3492 4217 qui
3554 4162 3753 4203 eorum

2109 4233 2194 4291 vel
2228 4250 2528 4290 accessum
2560 4234 2645 4290 vel
2675 4251 2962 4291 recessum
2991 4234 3340 4307 impediret),
3376 4236 3433 4291 in
3483 4237 3752 4291 Sarrace-

2113 4340 2319 4380 norum
2352 4339 2732 4397 synagogam,
2759 4341 2935 4396 quam
2978 4325 3149 4397 vulgo
3207 4325 3477 4381 Mitatum
3530 4326 3751 4392 dicunt,

2113 4414 2450 4485 irrumpunt
2478 4422 2529 4471 et
2556 4431 2657 4486 per
2687 4415 2800 4470 vim
2829 4416 3024 4471 omnia
3056 4415 3361 4489 diripiunt.
3399 4421 3535 4473 Eam
3594 4417 3752 4472 inex-

2115 4506 2435 4574 spectatam
2470 4502 2746 4573 injuriam
2768 4504 3067 4560 Sarraceni
3100 4504 3280 4560 armis
3312 4504 3756 4576 obitcrarreptis

2118 4590 2505 4660 ulciscuntur,
2540 4592 2819 4649 Romanis
2852 4593 3025 4649 etiam
3058 4594 3186 4665 ejus
3222 4595 3354 4649 mali
3413 4594 3566 4650 fama
3597 4593 3753 4650 exci-

2116 4683 2256 4739 tatis
2287 4682 2693 4754 adjutantibus
2722 4698 2736 4738 :
2776 4699 2963 4755 neque
2994 4689 3185 4740 tamen
3219 4685 3535 4757 proficiunt
3567 4701 3758 4757 quan-

2120 4775 2244 4828 tum
2333 4773 2657 4844 oportebat,
2730 4778 2877 4829 coetu
2943 4774 3040 4830 illo
3126 4774 3381 4830 militum
3469 4774 3758 4845 paulisper

2124 4862 2407 4917 duntaxat
2429 4867 2776 4935 regresso,et
2806 4862 3027 4920 omissa
3058 4864 3474 4920 defensionead
3508 4863 3755 4917 alterum

2117 4951 2451 5007 incendium
2512 4952 2700 5025 priore
2754 4952 2993 5008 vixdum
3056 4954 3334 5008 restincto
3387 4955 3756 5023 preperante,

2116 5056 2252 5097 cum
2286 5040 2639 5111 experientia
2660 5040 3007 5097 didicissent
3039 5041 3181 5095 nihil
3208 5055 3335 5095 esse
3357 5038 3652 5094 efﬁcacius
3684 5037 3756 5091 ad

2119 5129 2315 5185 urbem
2354 5128 2751 5186 ulciscendam
2808 5133 2864 5185 et
2906 5128 3272 5185 evertendam
3332 5144 3502 5197 quam
3536 5126 3753 5197 ignem.

2122 5217 2365 5273 Proinde
2394 5219 2655 5273 variisin
2710 5217 2853 5274 locis
2903 5216 3148 5287 dispersi
3207 5216 3358 5272 aedes
3415 5215 3757 5271 incendunt.

2116 5304 2378 5360 Flamma
2411 5323 2545 5362 vero
2576 5323 2753 5377 supra
2788 5305 3200 5378 cogitationem
3254 5305 3312 5360 in
3375 5303 3559 5361 altum
3603 5303 3760 5360 elata

2116 5400 2297 5450 totam
2332 5394 2493 5457 illam
2524 5400 2750 5451 noctem
2810 5400 2868 5450 et
2918 5394 3220 5467 postridie,
3244 5409 3309 5450 eo
3340 5394 3479 5451 item
3538 5394 3630 5448 die
3662 5392 3761 5465 qui

2116 5484 2480 5556 sequebatur
2522 5484 2591 5538 ad
2635 5499 2936 5555 vesperam
2970 5499 3180 5554 usque,
3225 5482 3425 5539 omnia
3454 5486 3765 5555 pervagata

2117 5582 2222 5631 est.
2258 5571 2606 5630 lnusitatum
2637 5572 2695 5628 id
2756 5572 3157 5646 spectaculum
3195 5574 3351 5631 782
3405 5572 3534 5645 fuit,
3562 5576 3620 5630 et
3648 5570 3763 5629 tale
