4072 6218
376 305 498 364 935
1702 291 2010 357 ΝῘΟΕΤΕ
2051 287 2250 352 ΟΗΟΝ
2261 289 2471 351 ῙΛΤᾹΞ
3685 296 3806 359 936

376 435 535 508 quod
567 433 727 489 nulla
757 430 943 488 oratio
966 427 1152 500 possit
1192 427 1493 501 consequi.
1525 429 1670 484 Nam
1699 444 1830 485 cum
1865 425 1984 498 prie

2227 423 2289 478 τὸ
2321 418 2394 476 δι’
2425 419 2615 476 ὃπλων
2648 421 2893 499 ἀντέχειν
2956 424 3205 497 μεθέντες
3249 423 3340 483 ἐπὶ
3393 435 3476 504 τῷ
3527 435 3608 504 μὴ
3663 435 3807 492 πάνυ

373 524 650 582 maximis
682 528 739 578 et
769 519 1098 578 innumeris
1131 521 1250 575 fere
1311 517 1604 575 incendiis
1637 517 1780 574 urbs
1813 516 1981 573 afﬂict

2204 510 2404 587 ιότερον
2449 509 2766 588 ἒμπρησμῷ
2816 510 3161 572 διανοοῦνται
3207 517 3300 572 καὶ
3357 516 3634 597 δεύτερον,
3691 525 3812 580 ἀνυ-

377 615 571 683 t‘uerit,
604 611 746 668 illud
801 609 1092 681 ejusmodi
1151 609 1260 664 fuit
1320 613 1384 664 ut
1413 614 1622 665 cetera
1682 623 1798 679 prie
1827 621 1895 661 eo
1928 620 1985 676 pl

2202 601 2452 674 μώτατον
2521 603 2854 678 ἀμυντήριον
2909 603 3003 660 καὶ
3060 607 3195 681 ὑπὲρ
3257 603 3398 664 ἅπαν
3455 609 3645 688 ἓτερον
3704 616 3808 683 τήν

377 703 564 761 nihilo
622 707 989 774 putarentur.
1043 699 1188 756 Cum
1274 697 1431 754 varie
1495 698 1823 768 interrupta
1882 695 1985 751 ser?

2204 689 2304 746 ἱλιν
2336 686 2466 766 ἔχον
2525 691 2668 766 ταχῦ
2715 693 3148 770 κατεργάσασθαι
3193 695 3357 769 πείρᾳ
3417 686 3812 774 μεμαθηκότες

379 793 1280 869 spargeretur,rursuscoibat,ut
1308 791 1478 862 igniti
1503 789 1768 845 ﬂuminis
1799 785 1987 844 alveul

2233 781 2359 854 πῦρ.
2423 777 2529 836 Καὶ
2578 777 2646 848 δή
2705 779 2842 836 κατᾶ
2897 780 3196 848 πλείστους
3237 782 3556 853 διαστάντες
3596 791 3810 852 τόπους

379 866 836 958 τερτωεευιιιτρῑ.
898 882 1168 938 Porticus
1197 881 1569 944 corruebant,
1596 876 1987 950 elegantissim

2199 871 2246 958 ip
2295 872 2416 958 ταῖς
2472 866 2674 932 οἰκίαις
2729 870 3060 945 ὑῳάπτουσι.
3119 873 3200 930 Τὸ
3283 871 3342 930 δὲ
3429 881 3807 954 μεταρσιωθὲν

379 955 507 1031 fora
535 975 967 1040 evertebantur,
1002 971 1270 1026 maximas
1327 969 1617 1025 columna:
1676 965 1854 1022 veluti
1912 979 1982 1020 sa

2196 956 2275 1031 ιέρ
2331 955 2540 1013 ἔννοιαν
2602 959 2704 1028 τὴν
2784 959 2955 1016 νύκτα
3027 961 3174 1034 ὅλην
3245 963 3460 1034 ἐκείνην
3533 969 3626 1023 καὶ
3700 971 3804 1040 τῆν

381 1067 579 1123 menta
608 1063 1106 1128 absumebantur;
1142 1075 1327 1131 neque
1359 1057 1681 1129 quidquam
1710 1059 1838 1112 erat
1872 1069 1988 1126 quo

2208 1050 2390 1101 ιοῦσαν
2453 1045 2664 1122 ἡμέραν
2716 1049 2807 1104 καὶ
2863 1051 2964 1120 τήν
3042 1051 3252 1123 ταύτης
3351 1052 3623 1132 διάδοχον
3717 1059 3809 1114 ἐσ-

381 1152 542 1210 illius
565 1149 1112 1224 ignisvehementiae
1132 1147 1622 1204 resisteret.Globi
1652 1146 1989 1200 ﬂammam!

2198 1135 2300 1211 ἐραν
2327 1137 2391 1192 τὸ
2421 1143 2522 1194 πᾶν
2579 1136 2892 1213 ἐπενὲμετο.
2954 1143 3059 1198 Καὶ
3105 1141 3176 1210 ἦν
3223 1144 3410 1200 καινὸν
3457 1147 3524 1201 τὸ
3579 1149 3806 1223 ὁρώμε-

384 1242 459 1300 ab
490 1223 732 1297 immani
768 1239 867 1294 illo
899 1237 1168 1294 incendio
1199 1237 1384 1293 avulsi
1446 1234 1788 1292 mirabiliter
1846 1248 1992 1289 remc

2196 1249 2221 1280 ν
2261 1225 2354 1282 καὶ
2411 1232 2584 1283 πᾶσαν
2641 1223 2962 1304 ὑπερϐαῖνον
3020 1227 3192 1306 λόγου
3251 1229 3498 1306 δύναμιν·
3561 1236 3804 1294 πολλῶν

387 1336 474 1388 tas
507 1331 659 1386 aedes
691 1346 793 1402 per
821 1327 1302 1386 certaintervaila
1326 1325 1775 1392 consumebant,
1805 1323 1878 1379 iis
1928 1338 1995 1394 qu

2205 1335 2234 1386 ρ
2264 1316 2356 1371 καὶ
2385 1313 2573 1372 ἄλλων
2613 1321 2682 1392 τῇ
2730 1317 2892 1374 πόλει
2952 1320 3223 1394 πρότερον
3277 1321 3663 1398 ἐμπρησμῶν,
3723 1327 3813 1383 οὐ·

384 1419 706 1490 ἰυιοιιὶοοίω
732 1422 899 1475 erant
931 1417 1168 1472 intactis
1201 1433 1216 1473 :
1249 1417 1350 1472 sed
1383 1415 1560 1488 paulo
1593 1417 1726 1485 post
1752 1428 1850 1469 eas
1881 1427 1992 1484 quo

2202 1409 2329 1460 ινοῦν
2376 1405 2503 1481 εἴπῃ
2561 1428 2646 1469 τις
2713 1407 2930 1463 ὁπόσων
2987 1409 3081 1464 καὶ
3140 1407 3274 1466 οἵων
3327 1416 3748 1490 γεγενημένων,
3781 1420 3810 1473 ὁ

385 1527 500 1585 que
529 1511 748 1567 reversi
799 1507 1161 1564 cremabant.
1195 1511 1258 1562 In
1291 1505 1497 1563 multis
1544 1503 1688 1561 locis
1718 1507 1875 1560 recta
1905 1517 1993 1573 prc

2201 1515 2258 1552 τε
2315 1491 2530 1570 συμϐὰς
2588 1495 2898 1570 ἐναύσματα
2957 1498 3171 1575 βραχέα
3221 1502 3351 1565 τοὺς
3403 1505 3608 1568 πάντας
3669 1506 3809 1564 ἆπὲ-

385 1582 624 1672 έτοεευε
663 1597 818 1668 ignis
850 1596 922 1651 ab
979 1595 1268 1666 Aquilone
1322 1592 1636 1665 impulsus,
1670 1591 1840 1662 paulo
1899 1603 1993 1660 pos

2201 1587 2291 1658 ιξε.
2337 1583 2641 1662 Πολλαχοῦ
2687 1587 2790 1663 γὰρ
2835 1583 3226 1663 διαιρούμενος
3270 1591 3364 1646 καὶ
3409 1590 3809 1672 διασπώμενος

385 1688 555 1761 quasi
581 1687 652 1740 ab
700 1689 913 1740 Austro
943 1683 1289 1753 exagitatus,
1315 1681 1596 1752 obliquus
1648 1679 1992 1735 cernebatur

2198 1682 2233 1743 ig
2287 1675 2569 1752 συνεχείας
2621 1675 2780 1742 αὖθις
2835 1680 3167 1754 συνήρχετο,
3225 1681 3318 1736 καὶ
3366 1682 3444 1745 ὡς
3497 1683 3578 1747 εἰς
3630 1684 3806 1742 ὁλκὸν

387 1779 446 1831 et
497 1789 568 1829 ea
617 1787 853 1844 quoque
901 1771 1287 1827 consumebat
1355 1787 1482 1840 quae
1536 1767 1732 1824 omnis
1786 1765 1995 1839 pericu]

2199 1786 2232 1820 α
2302 1767 2599 1841 πυρόεντος
2673 1767 2976 1837 συνήπτετο
3050 1773 3322 1842 ποταμοῦ.
3411 1772 3805 1848 Ἀνετρὲποντο

392 1863 648 1934 expertia
699 1861 1071 1934 putabantur.
1129 1859 1194 1916 Id
1250 1857 1470 1914 malum
1519 1858 1694 1914 etiam
1752 1853 2000 1926 templur

2199 1855 2322 1922 τοαὶ,
2354 1854 2566 1932 ἀγορῶν
2594 1853 2777 1926 κάλλη
2823 1854 3258 1932 κατερῤιπτεῖτο,
3306 1860 3509 1915 κιόνων
3567 1866 3807 1939 μέγεθος

391 1953 714 2008 maximum
729 1949 1172 2021 comprehendit
1199 1969 1213 2018 ;
1231 1956 1282 2004 et
1297 1964 1662 2020 quascunque
1677 1946 1747 2002 ad
1765 1945 1908 2000 Miiii
1925 1944 1999 2000 fut

2202 1948 2450 2020 εφορεῖτο
2479 1945 2600 2008 καθ’
2628 1942 2769 2014 ὓλην
2803 1941 3130 2018 εὔπρηστον.
3177 1948 3294 2005 Οὐκ
3337 1949 3404 2019 ἦν
3461 1955 3576 2006 τῶν
3621 1949 3805 2010 ὄντων

390 2042 584 2097 nicem
614 2042 930 2110 verguntet
947 2053 1078 2092 cum
1097 2037 1366 2092 Macrone
1379 2040 1436 2090 et
1455 2033 1706 2107 Synodls
1719 2031 1998 2088 cohaerem

2200 2029 2298 2087 ιδέν
2330 2032 2360 2086 δ
2397 2035 2464 2102 ἧν
2515 2030 2724 2088 ἐκείνου
2771 2037 2874 2088 τοῦ
2920 2035 3090 2109 πυρὸς
3137 2038 3564 2116 σθεναρώτερον.
3614 2042 3696 2098 Τὸ
3749 2041 3808 2098 δὲ

394 2129 548 2186 733
619 2130 987 2192 corruerunt,
1067 2122 1212 2180 nihil
1285 2139 1457 2194 Opere
1523 2120 1812 2189 latericio,
1887 2117 2002 2175 nibi

2197 2125 2212 2194 ᾗ
2265 2119 2598 2198 παράδοξον,
2657 2122 2786 2176 ὡσεὶ
2851 2123 3043 2197 ψωμοὶ
3090 2125 3263 2201 πυρὸς
3315 2125 3368 2199 ἐξ
3426 2129 3641 2201 ἐκείνης
3695 2139 3805 2202 τῆς

387 2216 695 2276 altissimis
727 2215 1128 2271 fundamentis
1159 2213 1591 2285 adjuvantibus,
1625 2211 1726 2266 sed
1763 2208 1995 2266 omnibu

2190 2207 2503 2288 κρυϐρόμου
2567 2210 2659 2266 καὶ
2717 2208 2948 2287 σιδηρᾶς
3015 2211 3343 2289 ἐμπρήσεως
3395 2216 3798 2294 ἀποσπώμενος

388 2306 732 2366 cedentibus
762 2319 820 2360 et
850 2307 1035 2360 instar
1056 2303 1402 2376 lychnerum
1467 2300 1820 2372 absumptis.
1853 2297 1996 2370 Cmp‘

2186 2301 2231 2356 ιὶ
2289 2299 2580 2379 φερόμενοι
2639 2297 2870 2374 διαὲριοι
2919 2301 3016 2363 τὰς
3101 2302 3382 2380 πόρρωθεν
3461 2305 3794 2383 οἰκοδομίας

392 2396 730 2454 incendium
763 2412 796 2449 a
813 2393 1130 2468 synagogio
1156 2393 1634 2459 Sarracenorum,
1657 2389 1818 2462 quod
1849 2390 1921 2444 ad
1946 2404 2000 2445 se

2199 2389 2490 2468 ιτέφλεγον,
2529 2390 2621 2445 καὶ
2669 2387 3017 2464 διαστήματά
3063 2413 3179 2454 πως
3231 2393 3656 2471 ἀκοντιζόμενοι
3710 2400 3807 2454 καὶ

396 2485 842 2559 ptentrionalem
905 2483 1067 2540 urbis
1130 2487 1350 2554 partem
1409 2484 1478 2537 art
1538 2496 1696 2537 mare
1753 2483 1812 2536 et
1855 2479 2004 2534 eadem

2197 2480 2295 2542 ςοὶ
2345 2478 2397 2535 ἐν
2448 2479 2620 2556 αἰθέρι
2671 2475 2978 2550 διᾴττοντες
3019 2479 3404 2556 ἐκτεινόμενοι·
3460 2488 3553 2541 καὶ
3602 2488 3702 2543 τὸν
3751 2488 3805 2544 ἓν

396 2574 542 2632 diva:
576 2574 768 2630 lreues
803 2571 1024 2646 vergit;
1061 2588 1266 2628 versus
1321 2573 1604 2628 orientem
1636 2569 1696 2625 in
1726 2566 2004 2625 latitudin

2202 2570 2293 2644 ὲσῳ
2335 2574 2519 2646 χῶρον
2560 2571 2721 2642 ὰθιγῆ
2777 2574 2856 2643 τῷ
2910 2569 3049 2635 τέως
3096 2572 3289 2635 ἐῶντες
3336 2576 3426 2630 καὶ
3475 2576 3810 2654 ἀκατάπρη-

393 2664 455 2720 in
487 2669 706 2734 templo
741 2662 995 2718 maxime
1053 2661 1253 2717 desiit:
1287 2661 1360 2718 ad
1408 2676 1683 2717 occasum
1745 2673 1936 2730 usque
1966 2673 1998 2711 a

2199 2680 2287 2727 τον,
2341 2659 2475 2732 μετᾶ
2533 2657 2716 2738 βραχὺ
2763 2659 3014 2714 κάκεῖνον
3069 2659 3376 2726 ἐπανιόντες
3416 2665 3807 2742 συνέμαρπτον

397 2755 640 2811 Perama
703 2770 766 2808 se
815 2753 1092 2820 extendit,
1124 2755 1302 2822 atque
1359 2751 1494 2806 inde
1551 2750 1610 2805 in
1659 2747 2005 2804 latitudinem

2191 2748 2230 2803 ιὶ
2282 2749 2562 2827 ἠφάνιζον.
2619 2750 2707 2806 Ἐν
2765 2746 3005 2811 πολλοῖς
3059 2746 3117 2804 δὶ
3171 2751 3262 2806 καὶ
3317 2755 3435 2808 κατ’
3493 2755 3799 2831 εὐθυωρίαν

392 2843 558 2900 urbis
584 2859 642 2898 se
668 2841 938 2909 diffudit;
971 2845 1072 2895 aut
1103 2840 1294 2912 potius
1354 2838 1634 2894 inusitato
1683 2836 1858 2892 modo
1908 2851 2000 2891 ea:

2197 2863 2204 2892 ι
2234 2842 2341 2913 πῦρ
2371 2838 2588 2915 προϊόν,
2635 2838 2724 2893 ὑπ’
2755 2837 2959 2912 ἀνέμου
2991 2838 3170 2916 βοῤῥᾶ
3214 2839 3608 2916 ἐλαυνόμενον,
3666 2847 3805 2918 μετὰ

393 2931 572 2988 veluti
603 2929 940 2986 transiliens
967 2929 1172 2984 domos
1203 2927 1576 2982 suburbanas
1597 2923 1954 2995 absumpsit,
1983 2940 2001 2980 ι

2200 2929 2326 3003 ›αχὺ
2381 2925 2768 3004 παρεκκλῖναν,
2817 2927 2892 2989 ὡς
2951 2927 2996 2982 εἰ
3043 2929 3201 2992 νότος
3247 2931 3382 2986 αότὸ
3441 2930 3808 3008 διειὲῥίπιζεν,

396 3020 563 3076 navis
589 3019 648 3074 in
691 3018 882 3074 medio
913 3033 1085 3073 cursu
1118 3015 1472 3072 carbonibus
1497 3015 1557 3070 in
1607 3031 1734 3070 eam
1778 3012 2004 3069 excussi

2197 3024 2322 3094 ρᾶτο
2354 3015 2616 3094 δόχμιον,
2647 3017 2927 3091 ἀμαυροῦν
2961 3015 3366 3094 ἐπιστροφάδην
3397 3023 3590 3077 καὶτὰ
3647 3023 3805 3087 ὅλως

399 3109 804 3180 conﬂagravit.
839 3109 899 3162 In
935 3108 1162 3162 cineres
1221 3106 1454 3161 redacta
1509 3107 1650 3160 sunt
1698 3107 1756 3159 et
1807 3101 2007 3158 Domin

2206 3077 2540 3184 ιπρησθῖναι
2595 3077 2959 3178 ἀνυπονόητα.
3005 3077 3413 3166 Συνεπέλάϐετο
3477 3108 3537 3166 δὲ

397 3156 627 3265 τουπ-οῗ
651 3202 709 3252 et
739 3195 1004 3268 duplices
1048 3195 1185 3250 tecti
1217 3194 1480 3250 ambitus
1503 3211 1535 3249 a
1565 3192 1720 3248 Milio
1769 3191 2005 3261 incipiet

2203 3156 2540 3184 -.τ-,,,-,-κ-
2597 3156 2959 3178 τηαν-πη.
3005 3156 3412 3166 _-.-.--....--.-
3479 3156 3537 3166 --
3578 3156 3672 3168 η...
3727 3156 3811 3168 ...-

2203 3197 2416 3272 εγίστου
2460 3197 2566 3252 νεὼ
2613 3195 2676 3252 τὸ
2735 3193 2934 3254 δεινόν.
2989 3197 3094 3255 Καὶ
3148 3195 3216 3267 δὴ
3273 3197 3370 3254 ὅσα
3427 3201 3570 3276 πρὸς
3637 3201 3811 3276 ἁψῖδα

400 3294 507 3356 tes,
575 3299 828 3356 quorum
919 3284 1066 3340 alter
1147 3283 1219 3338 ad
1293 3282 1490 3355 ipsum
1572 3279 2008 3352 Philadelphiun

2203 3286 2356 3344 νευκε
2401 3289 2498 3342 τοῦ
2555 3284 2764 3342 Μιλίου
2827 3284 2918 3340 καὶ
2969 3285 3050 3360 τῷ
3105 3285 3342 3362 ἀνδρῶνι
3399 3297 3680 3361 συνῆπται
3733 3297 3811 3366 τῷ

406 3374 696 3447 pertinet;
768 3389 1004 3446 unaque
1079 3372 1443 3430 Constantini
1502 3371 1717 3441 forum,
1784 3374 1842 3428 et
1916 3385 2014 3441 qua

2201 3374 2415 3448 ζάκρωνι
2464 3369 2556 3426 καὶ
2591 3372 2672 3442 τῷ
2733 3366 3014 3444 λεγομένῳ
3065 3369 3121 3426 αί
3165 3369 3420 3443 Σύνοδοι,
3475 3373 3557 3439 είς
3606 3375 3809 3456 ἔδαιρος

400 3464 702 3535 interjecta
753 3470 894 3518 sunt
969 3463 1169 3518 omnia
1267 3479 1473 3518 versus
1564 3459 2008 3534 Septentrionem

2207 3465 2578 3543 ιτεῤῥάγησαν,
2648 3466 2724 3538 μὴ
2789 3471 2892 3535 τῆς
2957 3465 3131 3536 ὀπτῆς
3200 3467 3582 3543 ἐπαρκεσάσης
3652 3466 3815 3526 πλίν-

401 3557 454 3610 et
523 3556 824 3610 Austrum.
879 3551 995 3608 Nec
1045 3551 1240 3622 ipsum
1317 3551 1626 3624 Hippicum
1698 3549 2009 3606 inviolatum

2203 3577 2272 3627 ιυ,
2341 3556 2420 3628 μὴ
2463 3557 2570 3610 τῶν
2625 3553 2832 3630 βαθέων
2886 3553 3258 3630 ἀντισχόντων
3316 3555 3630 3630 θεμὲθλων,
3679 3556 3811 3613 ἀλλ’

402 3641 768 3716 permansit:
820 3640 919 3698 sed
967 3642 1096 3713 ejus
1148 3656 1382 3714 quoque
1431 3657 1565 3713 pars
1615 3637 1902 3696 occidenti
1942 3637 2010 3694 ob

2203 3641 2417 3700 δόντων
2480 3641 2696 3699 πάντων
2755 3641 2846 3698 καὶ
2914 3640 3071 3715 δίκην
3124 3641 3476 3720 θρυαλλίδων
3546 3666 3811 3723 κατεργα-

401 3749 568 3789 versa
599 3731 836 3805 penitus
866 3731 1259 3801 conﬂagravit,
1306 3730 1356 3784 ei
1402 3745 1529 3802 quis
1585 3729 1655 3784 ad
1709 3727 1960 3800 Sephias
1989 3743 2009 3783 ε

2191 3734 2406 3800 θέντων.
2446 3731 2682 3808 Ἤρξατο
2717 3733 2812 3805 μὶν
2871 3733 2963 3789 οὗν
3009 3736 3045 3804 ἡ
3094 3733 3288 3809 πρώτη
3332 3738 3433 3790 τοῦ
3479 3737 3648 3811 πυρὸς
3693 3737 3799 3814 ἆφή

403 3819 736 3878 Baccanum
809 3820 1208 3892 porriguntur,
1268 3823 1327 3875 et
1396 3818 1670 3890 deinceps
1736 3814 2011 3873 Eleuther?

2191 3823 2260 3878 πὸ
2315 3825 2415 3878 τοῦ
2470 3819 2807 3898 ωναγωγίου
2859 3824 2969 3877 τῶν
3026 3827 3361 3896 Σαρακηνῶν
3424 3825 3514 3898 (τὸ
3575 3820 3633 3878 δι
3688 3821 3799 3878 ἔστι

405 3909 678 3984 partibus
705 3911 1085 3966 contermina.
1121 3913 1262 3965 Cum
1323 3913 1518 3964 autem
1565 3906 1902 3964 incendium
1956 3923 2013 3963 ul

2199 3911 2292 3966 κτὰ
2314 3910 2380 3966 τὸ
2407 3910 2545 3986 πρὸς
2577 3909 2852 3975 θάλασσαν
2894 3907 3169 3974 ἐπικλινὶς
3225 3911 3449 3986 βόρειον
3501 3912 3663 3988 μέρος
3708 3915 3807 3977 τῆς

403 4001 536 4056 bem
569 4016 601 4056 a
635 4000 777 4055 mari
805 4015 991 4071 usque
1025 3999 1096 4055 ad
1139 4015 1298 4054 mare
1356 3997 1464 4054 hoc
1514 3996 1687 4053 modo
1717 4000 1964 4052 vastaret
1991 4011 2011 4052 ε

2200 3997 2372 4062 ὀλεως
2428 3998 2520 4054 καὶ
2572 4002 2653 4071 τῷ
2700 4001 2910 4072 τεμένει
2980 3997 3195 4075 ἒγγίζον
3229 4001 3258 4054 δ
3289 3998 3372 4055 ἐπ’
3433 4001 3666 4075 ὀνόματι
3708 4007 3808 4071 τῆς

403 4088 465 4144 in
495 4088 721 4146 hiatum
773 4087 1173 4144 vastissimum
1229 4087 1375 4144 785
1437 4085 1830 4154 discessisset,
1861 4084 2011 4158 ignit

2199 4088 2312 4164 γίας
2367 4087 2611 4163 Εἰρήνης
2659 4084 2926 4164 ἵδρυται),
2976 4086 3069 4142 καὶ
3125 4087 3263 4162 πρὸς
3303 4086 3382 4143 ’ἐω
3450 4091 3573 4144 κατ’
3657 4088 3807 4163 εὖρος

408 4169 640 4234 ﬂumini
697 4175 913 4246 simile,
945 4175 1118 4232 amici
1169 4192 1284 4232 non
1341 4174 1488 4232 citra
1547 4173 1874 4248 periculum
1937 4175 2016 4230 ni:

2199 4183 2419 4256 ωφῆσαν
2463 4175 2516 4240 ἒς
2562 4177 2654 4232 τὸν
2709 4177 2843 4232 νεὼν
2881 4176 2974 4232 τὸν
3021 4175 3426 4254 παμμέγιστον,
3479 4177 3622 4234 κατὰ
3653 4176 3702 4233 δ’
3727 4179 3807 4232 te-

408 4267 643 4341 navigio
665 4265 812 4324 adiri
843 4270 1130 4339 poterant.
1161 4270 1322 4322 Tunc
1352 4266 1543 4336 major
1573 4281 1708 4338 pars
1759 4263 2016 4321 habitata

2203 4265 2322 4343 ἐραν
2382 4263 2436 4329 ἐς
2485 4267 2548 4322 τὸ
2601 4264 2894 4341 λεγόμενον
2977 4264 3203 4343 Πὲραμα
3292 4265 3656 4340 ὲξεμηκῖσθη,
3727 4265 3811 4322 καὶ

407 4375 540 4414 rum
591 4356 752 4414 urbis
782 4359 865 4413 rei
932 4355 1243 4412 familiaris
1291 4355 1590 4427 jacturam
1643 4355 1796 4425 fecit,
1831 4355 2015 4428 quipp

2201 4353 2386 4432 ιεῤῥύη
2419 4349 2606 4412 ἔκτοτε
2631 4359 2731 4412 τοῦ
2771 4354 3015 4412 πλάτους
3064 4350 3374 4432 λαϐόμενον
3419 4363 3528 4427 τῆς
3577 4355 3809 4426 πόλεως,

407 4464 545 4503 cum
589 4447 748 4520 ignis
796 4445 941 4502 alios
991 4462 1095 4502 nec
1135 4445 1447 4518 opinantes
1489 4445 1904 4518 oppressisset,
1951 4443 2015 4500 al:

2237 4444 2452 4522 μᾶλλον
2498 4446 2564 4502 τὸ
2619 4447 2958 4519 καινότατον,
3015 4446 3108 4502 καὶ
3161 4450 3330 4503 ταῦτα
3386 4448 3508 4502 κατ’
3569 4441 3810 4510 ἐπίϐασιν

410 4535 564 4590 bona
585 4519 692 4591 sua
737 4533 852 4590 alio
893 4533 1170 4590 translata
1203 4532 1406 4590 multis
1457 4533 1821 4589 anfractibus
1865 4536 1924 4588 et
1970 4549 2018 4589 re

2207 4519 2350 4613 »σπερ
2392 4534 2804 4612 ὁπεραλάμενον
2851 4535 2946 4600 τὰς
2993 4529 3187 4610 ἔξωθεν
3231 4543 3332 4606 τῆς
3383 4534 3611 4598 πόλεως
3667 4535 3815 4606 οἰκή-

411 4623 716 4695 gressibus
781 4622 936 4695 ignis
993 4639 1158 4694 aeque
1207 4622 1567 4678 amisissent.
1616 4626 1737 4679 Heu
1804 4621 2015 4694 splend

2203 4648 2274 4691 εις
2309 4627 2740 4700 κατενεμήσατο,
2799 4627 2888 4700 [Ρ.
2937 4627 3066 4699 357]
3125 4625 3218 4681 καὶ
3261 4632 3367 4696 νῆα
3415 4625 3811 4702 περιπλέουσαν

411 4710 689 4768 dissimas
719 4715 778 4767 et
806 4710 1279 4784 elegantissimas
1300 4711 1452 4768 aedes
1481 4720 1536 4767 et
1565 4712 1726 4768 omni
1756 4715 2019 4768 venustat

2205 4728 2428 4792 νθρακες
2487 4715 2892 4794 ἐκτιναχθέντες
2947 4713 3300 4792 κατέφλεξαν.
3379 4713 3704 4784 ᾞθάλωντο
3764 4711 3813 4768 δὲ

412 4805 468 4858 et
498 4800 754 4857 summis
783 4800 996 4873 Opibus
1040 4799 1264 4871 plenas,
1299 4817 1425 4872 quas
1475 4801 1632 4874 apud
1669 4817 1874 4858 omnes
1905 4799 2020 4857 cele

2207 4806 2255 4861 αὶ
2286 4803 2342 4860 ὁῗ
2382 4807 2480 4861 τοῦ
2520 4803 2784 4878 Δομνίνου
2829 4801 3120 4877 λεγόμενοι
3164 4797 3424 4876 ἔμϐολοι,
3474 4800 3534 4858 αἳ
3581 4825 3644 4859 τε
3689 4802 3815 4859 ὑπό-

413 4889 698 4950 branturl
2167 4914 2343 4972 στεγοι
2375 4889 2688 4971 ἀμφίδυμοι
2714 4891 2769 4946 αἰ
2818 4891 2924 4948 ἀπὸ
2971 4895 3068 4948 τοῦ
3112 4891 3319 4949 Μιλίου
3366 4891 3704 4968 ἀρχόμεναι,
3748 4892 3817 4946 ὧν

409 4980 572 5058 ἀτὲρα
629 4979 706 5044 εἷς
760 4979 892 5036 αὐτὸ
948 4979 1255 5056 παρατείνει
1313 4978 1375 5036 τὸ
1440 4977 1836 5056 ΦιλαδέΛφιον,
1903 4983 1996 5039 σὺν
2056 4985 2246 5050 αὐτοῖς
2311 4981 2370 5039 δὲ
2421 4985 2457 5053 ἡ
2537 4978 2989 5046 Κωνσταντίνειος
3057 4981 3228 5057 ἀγορὰ
3294 4981 3385 5036 καὶ
3467 4981 3541 5037 τὰ
3633 4980 3818 5056 μεταξὺ

409 5071 603 5142 πάντα,
663 5070 762 5127 ὅσα
817 5070 952 5146 πρὸς
1013 5069 1213 5147 βορῥᾶν
1267 5071 1360 5126 καὶ
1416 5071 1568 5127 νότον
1623 5075 1866 5149 πρόεισιν
1931 5073 2151 5150 ἄνεμον.
2213 5071 2345 5134 Οὐδ’
2401 5071 2534 5129 αὐτὸ
2581 5071 2646 5127 τὸ
2703 5071 2926 5127 ἱππικὸν
2986 5065 3374 5142 ὀιδιαλώόητον
3430 5069 3817 5138 ὑπολέλειπτο,

409 5160 676 5218 ἀλλὰκαὶ
705 5161 903 5218 τούτου
929 5161 994 5216 τὸ
1024 5161 1159 5236 πρὸς
1218 5157 1422 5234 δυσμὰς
1479 5163 1614 5217 ἅπαν
1671 5165 1834 5239 μέρος
1891 5165 2226 5242 ὲξεπυρώθη,
2285 5163 2376 5220 καὶ
2432 5161 2534 5218 ὃσα
2588 5163 2822 5216 κάτεισιν
2879 5162 2936 5224 ἐς
2996 5161 3198 5240 Σοφίας
3255 5159 3344 5216 καὶ
3403 5161 3525 5216 κατ’
3579 5159 3711 5216 αὐτὸ
3761 5158 3818 5213 τὸ

412 5251 654 5307 Βύκανον
686 5252 1114 5326 παρεκτείνεται,
1172 5249 1262 5305 καὶ
1321 5251 1548 5322 καθεξῆς
1609 5251 1782 5309 ὁπόσα
1838 5259 1955 5317 τοῖς
2001 5259 2100 5310 τοῦ
2153 5252 2505 5328 Ἐλευθερίου
2554 5248 2934 5328 ἀγχιτέρμονα
2993 5248 3200 5324 μέρεσι.
3248 5251 3361 5306 Τοῦ
3409 5245 3468 5304 δὶ
3514 5249 3690 5324 πυρὸς
3723 5251 3816 5303 ἀπο

414 5337 688 5412 θαλάσσης
718 5335 820 5404 ἕως
875 5339 1150 5411 θαλάσσης
1206 5340 1306 5409 τήν
1360 5339 1526 5397 πόλιν
1581 5340 1780 5400 ούτωσί
1839 5341 2200 5415 διαζώσαντος
2254 5344 2346 5401 καὶ
2402 5340 2709 5407 διελθόντος
2769 5341 2845 5404 ὡς
2902 5340 2980 5405 εἷς
3036 5341 3228 5416 χάσμα
3284 5337 3557 5415 μέγιστον,
3589 5335 3628 5407 ἤ
3661 5357 3818 5394 ποτα-

421 5432 528 5500 μοῦ
589 5430 762 5504 πυρὸς
822 5429 984 5502 μέσον
1028 5426 1309 5499 (ἕλκοντος,
1370 5429 1471 5486 οὐκ
1525 5431 1593 5501 ἦν
1654 5427 1936 5489 ἀκίνδυνον
1995 5435 2259 5508 συμμῖξαι
2313 5437 2434 5496 τοῖς
2489 5429 2868 5508 φιλουμένοις,
2926 5429 2974 5487 εἰ
3030 5431 3105 5504 μή
3166 5450 3254 5492 τις
3309 5428 3520 5502 ἀκατίῳ
3571 5427 3818 5502 θιεπορθ-

419 5513 634 5588 μεύετο.
663 5516 800 5573 Τότε
829 5519 919 5574 καὶ
975 5517 1026 5574 οἱ
1084 5517 1310 5581 πλείους
1367 5523 1474 5574 τῶν
1527 5519 1830 5598 οἰκητόρων
1883 5529 1987 5594 τῆς
2043 5521 2260 5586 πόλεως
2319 5527 2428 5579 τῶν
2491 5519 2691 5578 θυσιῶν
2747 5519 3120 5596 ἀπεψίλωντο,
3181 5520 3274 5575 οἶα
3329 5523 3431 5574 τοῦ
3478 5517 3653 5592 πυρὸς
3709 5519 3815 5576 τοῖς

415 5603 514 5680 μὲν
572 5603 970 5679 ἀπαρασκεύοις
1025 5606 1442 5686 ἐπιφθάσαντος,
1499 5611 1606 5664 τῶν
1662 5607 1718 5664 δὲ
1772 5610 1840 5666 τὰ
1902 5609 2032 5668 δντα
2091 5607 2466 5689 μεταθεμὲνων
2524 5611 2660 5687 πρὸς
2719 5608 2902 5687 ἐτέρας
2958 5607 3278 5686 καναγωγὰς
3331 5608 3424 5664 καὶ
3481 5603 3616 5682 μηδ’
3682 5604 3811 5662 οῧτω
