4072 6218
257 348 377 410 937

1262 346 1632 413 ISAAGIUS
1675 338 2035 407 ANGELUS
2079 336 2179 401 ET
2224 336 2555 402 ALEXlUS
2598 340 2665 401 F.

3534 351 3669 415 7938

253 496 672 570 διασωσαμένων
737 497 895 553 αὐτά·
951 492 1089 569 ἕλιξι
1124 500 1229 578 γὰρ
1267 501 1358 556 καὶ
1416 500 1786 575 περικαμπαῖς
1845 490 2163 578 ἐκτροπαῖς,
2198 508 2257 543 τε
2300 487 2596 578 λπλείσταις
2628 488 2717 544 καὶ
2759 488 3045 554 ἐπανόδοις
3074 491 3137 548 τὸ
3167 494 3272 568 πῦρ
3318 497 3669 574 χρησάμενον

257 587 502 661 ἠφάντου
530 585 596 640 τὰ
623 586 986 664 μεταγόμενα·
1017 590 1084 643 ’Ὡ
1109 574 1327 662 μοιτῶν
1358 574 1765 666 λαμπροτάτων
1797 582 1887 638 καὶ
1915 576 2265 655 περικαλλῶν
2295 574 2481 652 δόμων
2513 582 2603 633 καί
2650 578 2909 642 παντοίας
2937 582 3236 656 ’γεμόντων
3288 584 3537 660 χάριτος,
3575 588 3667 644 καὶ

250 680 350 732 τοῦ
383 676 685 754 ῥυηφενοῦς
714 675 963 733 πλούτου
991 679 1081 733 καὶ
1114 677 1394 750 ζηλωτέον
1425 679 1553 753 παρ’
1584 678 1770 732 ἅπασι.

326 823 470 898 Πρὸς
524 820 581 876 δὲ
622 822 689 876 τὰ
737 818 1023 877 δεινότατα
1079 826 1249 878 ταῦτα
1300 823 1683 894 συναντήματα
1739 818 1767 871 ὁ
1819 814 1897 887 μὲι

2095 811 2196 868 His
2228 812 2611 869 atrocissimis
2641 815 2880 872 casibus
2912 818 3165 874 Isaacius
3221 819 3540 891 imperator
3557 821 3663 879 do-

254 909 514 986 βασιλεὺς
542 909 817 972 Ἰσαάκιος
850 910 1079 985 ἤχθετο,
1113 910 1159 965 εί
1190 910 1280 965 καὶ
1336 914 1412 985 μὴ
1474 909 1527 971 ές
1570 911 1692 964 ὅσον
1744 906 1909 975 είκὸς,

253 1001 282 1055 ὁ
314 996 375 1055 δὲ
403 1000 606 1055 τούτου
637 999 753 1059 υἱὸς
777 997 1026 1069 Ἀλέξιος
1058 999 1165 1075 οὐχ
1194 1000 1345 1063 ’ὁπως
1387 998 1501 1074 οὐχ
1531 995 1909 1072 ἐδυσχέρανεν,

258 1085 408 1144 ἀλλὰ
445 1088 537 1142 καὶ
596 1084 958 1161 συντελεσμὸν
1028 1086 1303 1163 ἐπηύχετο
1358 1092 1456 1142 τοῦ
1504 1084 1725 1151 παντὸς,
1756 1084 1911 1151 ὁτῆς

249 1175 514 1253 πατρίδος
583 1174 749 1239 δαλὸς
802 1177 895 1232 καὶ
948 1178 1049 1246 τὴν
1109 1173 1235 1252 ὄψιν
1296 1176 1567 1254 φλογερὸς
1626 1174 1907 1229 κάντεῦθεν

252 1264 639 1347 διαχαράττων
715 1267 808 1322 τὸν
883 1268 1147 1345 γραφικὸν
1239 1266 1562 1341 έμπρηστὴν
1670 1261 1911 1336 πονηρὸν

259 1355 527 1433 ἅγγελου.
588 1358 771 1427 Μήπω
832 1354 890 1410 δὲ
932 1360 1182 1430 καθαρῶς
1221 1354 1579 1434 λωφήσαντος
1617 1357 1715 1409 τοῦ
1742 1351 1912 1426 πυρὸς

261 1448 299 1516 ἡ
333 1451 443 1501 τῶν
477 1446 629 1510 θείων
654 1444 808 1510 αὖθις
838 1443 1148 1519 κειμηλίων
1185 1443 1428 1519 συλλογή
1488 1465 1546 1498 τε
1609 1442 1700 1498 καὶ
1747 1460 1911 1495 κατα-

261 1535 535 1610 χώνευσις
611 1535 743 1609 ὑπὲρ
797 1535 861 1589 τὸ
899 1534 1025 1609 πρὶν
1103 1534 1421 1589 ἐπετείνετο.
1453 1534 1512 1590 Ὁ
1544 1529 1602 1587 δὲ
1673 1551 1734 1605 γε
1805 1532 1913 1584 τῶν

255 1624 508 1680 Λατίνων
563 1624 789 1695 στρατὸς
834 1624 925 1679 τὸν
995 1625 1414 1701 χορηγούμενον
1472 1623 1659 1681 αὑτοῖς
1710 1618 1909 1674 οὑτωσὶ

255 1713 471 1789 χρυσόν
510 1732 565 1769 τε
603 1711 695 1767 καὶ
727 1710 964 1787 ἄργυρον
997 1711 1074 1775 εἲς
1118 1733 1177 1768 τε
1224 1713 1320 1775 τὰς
1370 1709 1674 1785 σωμαιικιὶς
1725 1707 1911 1783 χρείας

248 1802 330 1864 ὡς
362 1799 503 1871 ὓλην
546 1796 786 1875 βέϐηλον
822 1800 1209 1876 μετεσκεύαζον
1253 1802 1490 1863 καὶτοῖς
1552 1797 1911 1873 βουλομένοις

251 1886 615 1965 προῦὸαλλον
673 1891 751 1953 είς
810 1892 1139 1967 πρατήριον,
1192 1891 1405 1954 ἑαυτοῖς
1469 1890 1563 1963 μὲν
1590 1889 1652 1943 τὸ
1683 1887 1908 1960 ἀνεπέγ·

249 1979 470 2052 κλητον
526 1979 1028 2058 ἐπιμαρτυρόμενοι
1082 1979 1167 2053 (ού
1222 1982 1324 2057 γὰρ
1397 1978 1634 2054 ἠγνόουν
1712 1978 1904 2032 ὁπόθεν

260 2069 577 2125 συνείλεκτο
624 2073 691 2125 τά
765 2091 915 2150 σφισι
995 2065 1353 2146 βραϐευόγενα
1383 2069 1671 2144 χρήματα)
1729 2066 1803 2127 ὡς
1842 2065 1909 2120 τὰ

2023 900 2181 956 lebat
2224 900 2320 957 ille
2371 903 2631 973 quidem,
2673 904 2775 961 sed
2823 922 2937 960 non
2996 915 3276 977 quantum
3337 912 3662 980 Oportebat.

2024 988 2161 1058 Ejus
2219 1007 2355 1045 vero
2396 991 2550 1046 ﬁlius
2603 993 2834 1049 Alexius
2882 995 3025 1051 adeo
3081 1013 3195 1053 non
3244 998 3496 1069 graviter
3561 1016 3662 1057 eos

2023 1078 2261 1147 ferebat,
2306 1084 2369 1134 ut
2408 1084 2588 1135 totam
2622 1082 2825 1138 urbem
2884 1083 3119 1140 interire
3170 1092 3413 1157 optaret,
3466 1089 3663 1160 patria

2021 1166 2135 1234 fax,
2176 1167 2447 1223 ﬂammea
2478 1169 2642 1238 facie,
2674 1174 2733 1225 et
2790 1169 3008 1226 malum
3055 1172 3221 1229 illum
3267 1176 3543 1247 angelum
3578 1178 3668 1234 in-

2020 1257 2379 1312 cendiarium
2425 1257 2777 1329 exprimens,
2836 1261 3002 1331 cujus
3051 1278 3230 1317 sacra:
3263 1264 3485 1321 Littera:
3535 1283 3661 1324 me-

2020 1354 2335 1412 minerunt.
2377 1355 2652 1413 Incendio
2717 1359 2975 1414 nondum
3020 1360 3191 1431 plane
3228 1364 3441 1434 sopito,
3494 1381 3661 1423 sacer

2018 1450 2253 1501 ornatus
2285 1446 2611 1502 accuratius
2653 1448 3002 1519 perquiritur
3047 1454 3105 1506 et
3132 1452 3420 1509 conﬂatur
3480 1471 3661 1526 quam

2018 1532 2201 1605 prius.
2263 1534 2594 1590 Latinorum
2648 1552 2780 1592 vero
2836 1537 3127 1594 exercitus
3184 1540 3331 1599 785
3360 1556 3568 1600 aurum
3604 1552 3661 1601 et

2019 1629 2348 1692 argentum,
2380 1624 2531 1694 quod
2556 1624 2638 1679 ita
2668 1624 3054 1697 praebebatur,
3088 1628 3159 1682 ad
3192 1643 3363 1685 usum
3400 1632 3659 1702 corporis

2019 1714 2085 1765 ut
2133 1712 2433 1781 profanam
2496 1713 2791 1768 materiam
2864 1716 3253 1772 transferebat
3320 1722 3377 1773 et
3434 1719 3661 1791 publice

2016 1799 2324 1869 vendebat,
2353 1817 2419 1856 ac
2441 1817 2502 1856 se
2532 1801 2793 1858 criminis
2826 1804 3157 1861 absolutum
3182 1807 3309 1877 (nec
3324 1808 3659 1881 enimigno-

2018 1892 2186 1942 rabat
2216 1890 2371 1944 unde
2412 1895 2608 1946 essent
2638 1907 2763 1962 quae
2807 1892 3120 1964 dabantur)
3158 1895 3309 1965 quod
3372 1900 3661 1969 acciperet

2018 1977 2296 2045 debitum,
2331 1978 2606 2034 Romanis
2630 1996 2761 2035 vero
2794 1982 2940 2036 iram
2998 1981 3101 2037 Dei
3144 1982 3484 2055 impendere
3516 1987 3658 2042 vati-

2017 2066 2340 2135 cinabatur,
2361 2068 2516 2139 quod
2531 2084 2647 2124 rem
2662 2069 2942 2140 privatam
2959 2079 3395 2143 conservarent,
3427 2090 3655 2131 sacram

255 2159 621 2235 ὠφειλημὲνα
689 2155 1054 2232 λαμϐάνουσι,
1119 2163 1237 2220 τοῖς
1301 2155 1357 2213 δὲ
1421 2156 1721 2233 ⁸Ρωμειίοις
1805 2154 1897 2221 τήν

2014 2171 2146 2212 vero
2178 2156 2570 2227 profanarent.

252 2248 457 2322 ὑψόθεν
507 2247 878 2323 ἐπιχαλῶντες
944 2248 1114 2324 όργὴν
1166 2249 1240 2310 ὡς
1309 2246 1627 2319 περιέπουσι
1682 2245 1775 2318 μὶν
1830 2243 1899 2298 τὰ

248 2335 455 2393 οἰκεῖα.
496 2341 739 2391 κοινοῦσι
775 2335 832 2391 δὲ
861 2337 927 2391 τὰ
958 2340 1114 2393 Θεοῦ.

316 2428 386 2503 γ’.
439 2431 645 2491 Δεῇσαν
705 2422 762 2480 δὲ
819 2424 921 2480 xix
975 2431 1082 2480 τῶν
1118 2430 1419 2481 Λατινικῶν
1452 2424 1733 2500 δυνάμεων
1780 2425 1895 2480 σύν-

228 2534 398 2590 αρσιν
427 2513 680 2590 εὕρασθαι
710 2516 801 2570 τὸν
863 2512 1099 2585 ’Λλὲξιον
1146 2516 1198 2589 (ὁ
1261 2516 1364 2590 γὰρ
1416 2517 1559 2576 θεῖος
1612 2516 1760 2587 αύτῷ
1807 2513 1894 2569 καὶ

224 2605 434 2679 πρώην
468 2603 771 2679 βασιλεύων
827 2604 1068 2675 Ἀλέξιος
1106 2603 1411 2666 ἀπαναστὰς
1470 2608 1567 2660 τοῦ
1625 2599 1893 2660 Δεϐελτοῦ

224 2694 341 2762 τὴν
387 2692 670 2768 Ἀδριανοῦ
700 2688 989 2761 κατέλαϐε,
1029 2695 1115 2749 καὶ
1157 2695 1218 2763 ἢν
1266 2694 1530 2750 ἀπείπατο
1588 2693 1892 2768 βασιλείαν,

224 2784 491 2859 ἐρασταῖς
544 2780 920 2853 καταπροδοὺς
986 2782 1266 2857 έκμανέσιν
1316 2782 1438 2857 ἐρᾷν
1486 2805 1545 2837 τε
1592 2781 1761 2838 πάλιν
1801 2782 1893 2837 καὶ

219 2877 431 2946 πειρᾷν
456 2874 557 2928 οὐκ
587 2871 907 2948 ᾐσχύνετο),
950 2872 1048 2928 ούκ
1096 2870 1283 2935 ἄλλως
1344 2869 1683 2945 συνέκδημον
1742 2871 1891 2943 αύτῷ

225 2960 332 3017 καὶ
392 2962 760 3037 συστράτηγον
827 2961 920 3017 τόν
983 2963 1273 3036 μαρκέσιον
1323 2960 1660 3017 ἐπεσπάσατο
1729 2963 1890 3017 Βονιο

234 3052 461 3125 φάτιον,
493 3050 539 3106 εἰ
574 3053 650 3124 μή
682 3050 913 3127 χρυσίου
948 3047 1075 3106 δέκα
1112 3052 1251 3126 πρὸς
1302 3057 1419 3114 τοῖς
1466 3048 1519 3122 ἔξ
1574 3048 1892 3112 καταθέσθαι

236 3140 305 3193 οἱ
338 3140 620 3204 συνέθεντύ
664 3140 1007 3215 κεντηνάρια.
1061 3140 1255 3211 Ἐξιὼν
1297 3139 1473 3195 τοίνυν
1513 3136 1726 3218 φυγάδα
1781 3136 1891 3192 δεί-

234 3250 400 3285 κνυσι
448 3230 541 3284 τὸν
588 3227 829 3301 Ἀλέξων
883 3229 1270 3304 συντονωτέρῳ
1312 3234 1410 3283 τοῦ
1473 3233 1739 3304 προτέρου
1801 3226 1889 3282 καὶ

231 3316 446 3391 πολλῷ
482 3319 806 3394 μακροτέρῳ
837 3319 1185 3393 χρησάμενον
1234 3316 1656 3393 δραπετεύματι.
1726 3317 1893 3389 Ἀμέη

232 3407 327 3464 λει
374 3408 465 3463 καὶ
520 3409 617 3469 τὰς
672 3408 905 3482 Θρᾳκίας
953 3405 1143 3467 πόλεις
1188 3405 1516 3483 περιελθὼν,
1556 3407 1647 3461 καὶ
1696 3406 1893 3468 ταύτας

223 3496 741 3571 καταστησάμενος,
819 3496 986 3552 εἰπεὶν
1048 3493 1106 3551 δὲ
1177 3496 1267 3551 καὶ
1315 3494 1781 3568 καλαμησάμενος
1833 3497 1885 3569 (ὁ

222 3547 742 3664 γάρῄσυιννέῖδημό,
783 3583 972 3659 ἐκείνῳ
1021 3586 1246 3661 στρατὸς
1295 3547 1556 3661 συχνάικις
1620 3547 1708 3657 ῘΡ.
1759 3547 1884 3658 θὸδ]
1916 3547 1959 3614 C

229 3675 478 3749 ὠρεκτία
549 3681 657 3730 τῶν
731 3672 1178 3752 χρυσορῥείθρων
1255 3673 1532 3749 ἀρύεσθαι,
1609 3673 1697 3727 καὶ
1753 3674 1890 3727 κατά

229 3764 369 3826 τοὺς
427 3761 612 3838 διψάσι
679 3761 983 3839 δηχθέντας
1029 3762 1199 3819 πίνων
1265 3762 1364 3818 οὐκ
1416 3760 1752 3837 ἐκορέννυτο)
1797 3759 1886 3815 καὶ

239 3856 418 3930 μέχρι
464 3851 769 3928 Κυψέλλων
837 3855 1059 3927 κατιὼν,
1147 3851 1386 3908 ἐπάνεισι
1448 3849 1613 3907 πάλιν
1676 3849 1752 3913 εἰς
1822 3849 1890 3905 τὰ

238 3942 522 4021 βασίλεια,
573 3941 713 4006 ἅπας
779 3950 882 4013 τῆς
925 3942 1152 4022 φατρίας
1223 3940 1590 4017 ἐξηρτημένος
1668 3938 1722 3995 o'l
1789 3940 1890 4009 τὴν

233 4037 341 4090 τοῦ
397 4034 604 4106 πατρὸς
660 4034 909 4107 πήρωσιν
968 4032 1058 4087 καὶ
1107 4053 1208 4101 την
1260 4031 1320 4085 ἐκ
1364 4032 1463 4098 τῆς
1521 4031 1704 4104 ἀρχῆς
1756 4039 1891 4093 καθ-

229 4122 444 4197 αίρεσιν
496 4119 727 4192 Ἀλεξίῳ
785 4121 864 4192 τῷ
932 4120 1058 4193 θείῳ
1136 4117 1610 4194 συνδιεπράξαντο.
1671 4119 1738 4173 ’Ὀ
1800 4117 1886 4171 καὶ

234 4212 320 4286 μὴ
347 4211 527 4288 φέρειν
561 4212 828 4271 Ἰσαάκιος
855 4204 1024 4286 ἔχων,
1058 4208 1140 4264 ὅτι
1190 4207 1280 4263 καὶ
1338 4208 1405 4277 ἦν
1464 4204 1890 4282 καιροφυλακῶν

237 4300 321 4361 εἷς
361 4304 479 4378 φῶς
509 4299 729 4373 ἐκρῆξαι
756 4300 849 4354 τὸν
906 4299 1065 4354 κότον
1126 4299 1183 4353 ’ὸν
1236 4298 1495 4373 ὑπέτυφεν
1548 4296 1610 4351 ἐκ
1679 4299 1890 4369 μακροῦ

225 4392 305 4463 τῇ
367 4392 525 4467 ψυχῇ
584 4389 719 4444 κατά
774 4392 882 4444 τῶν
939 4385 1168 4464 σχέτλια
1221 4386 1420 4440 ἐκεῖνον
1507 4383 1892 4460 ἐργασαμένων

232 4476 764 4554 δεινᾶ,κακηγορῶν
796 4478 900 4533 οὐκ
942 4475 1154 4532 ἐνέλιπε
1181 4476 1272 4531 τὸν
1324 4476 1464 4547 υἱὸν,
1522 4475 1612 4529 καὶ
1674 4471 1891 4546 μάλισθ’

229 4569 324 4624 ὃτι
374 4570 476 4638 τήν
531 4566 734 4623 οἱκείαν
788 4568 932 4643 ἑώρα
980 4566 1135 4641 ἰσχὺν
1184 4560 1577 4620 ὑποϐαίνουσαν
1607 4563 1699 4619 καὶ
1758 4561 1895 4616 κατᾶ

235 4657 430 4733 βραχύ
492 4678 608 4719 πως
666 4658 1046 4732 ἀφιπταμὲνην
1094 4656 1181 4710 καὶ
1224 4654 1361 4730 πρὸς
1388 4655 1482 4709 τὸν
1539 4654 1655 4707 υἱὸν
1694 4650 1893 4729 μεταρο

233 4748 489 4823 ῥέουσαν.
568 4746 930 4823 Ἀπεπνίγετο
991 4743 1048 4799 δὲ
1111 4745 1201 4798 καὶ
1254 4744 1390 4817 πρὸς
1456 4744 1554 4813 τὴν
1609 4742 1889 4815 μετάθεσιν

234 4840 341 4902 τῆς
403 4834 827 4911 ἀναγορεύσεως’
890 4835 917 4889 ὁ
970 4834 1062 4907 μὲν
1124 4833 1226 4908 γὰρ
1280 4832 1399 4894 υἱὸς
1453 4832 1893 4908 προταττόμενος

2072 2426 2125 2480 3.
2159 2426 2301 2482 Cum
2355 2435 2545 2483 autem
2604 2428 2820 2485 Latinae
2875 2432 3054 2504 capias
3115 2432 3313 2490 Alexio
3374 2434 3642 2493 auxiliari

2002 2515 2279 2572 deberent
2317 2516 2474 2587 (nam
2509 2523 2750 2589 patruus
2780 2520 2909 2589 ejus
2952 2526 3010 2576 et
3048 2522 3271 2579 dudum
3323 2524 3646 2597 imperator

1999 2604 2264 2671 Alexius,
2287 2606 2524 2663 Debelto
2558 2608 2781 2677 relicto,
2811 2610 3256 2683 Adrianopolim
3301 2620 3639 2683 occuparat,

2000 2697 2056 2749 et
2082 2693 2390 2764 imperium
2425 2696 2576 2767 quod
2613 2696 2971 2769 repudiaret,
2994 2699 3221 2756 insanis
3277 2702 3642 2760 amatoribus

2000 2784 2420 2851 condonatum,
2447 2789 2708 2856 repetere
2745 2790 2802 2842 et
2831 2787 3106 2859 amplecti
3154 2806 3271 2845 non
3292 2790 3643 2862 verebatur),

1999 2872 2358 2929 Bonifacium
2392 2873 2787 2930 marchionem
2822 2875 2985 2932 aliter
3019 2894 3213 2933 secum
3246 2879 3538 2935 attrahere
3570 2881 3642 2935 ad

1999 2961 2134 3018 belli
2167 2963 2505 3020 societatem
2539 2982 2652 3020 non
2686 2967 2873 3037 potuit
2922 2968 3039 3023 nisi
3100 2967 3223 3024 auri
3274 2970 3643 3026 centenarias

1998 3053 2290 3108 sexdecim
2337 3054 2728 3125 promisisset.
2778 3055 2992 3112 Verum
3042 3073 3315 3130 egressus
3370 3058 3637 3116 Alexium

1996 3139 2162 3213 fugat
2190 3140 2363 3214 longe
2410 3143 2657 3199 celerius
2707 3151 2759 3198 et
2817 3144 3197 3217 longinquius
3248 3163 3423 3219 quam
3457 3148 3639 3219 prius,

1997 3237 2052 3283 et
2098 3230 2380 3286 Thracias
2428 3232 2602 3287 urbes
2659 3233 2881 3303 passim
2925 3235 3248 3306 componit,
3309 3252 3381 3291 ne
3448 3235 3639 3292 dicam

1999 3318 2265 3391 deglutit.
2333 3319 2475 3376 Nam
2553 3321 2655 3391 qui
2716 3337 2848 3378 eum
2921 3324 3276 3395 sequebatur
3332 3325 3637 3382 exercitus.

1999 3408 2325 3479 saepissime
2355 3424 2610 3466 exaureo
2630 3410 2871 3467 ﬂumine
2897 3411 3130 3469 haurire
3161 3414 3434 3485 cupiebat
3458 3413 3642 3470 veluti

2000 3499 2181 3554 morsi
2211 3515 2245 3554 a
2275 3498 2619 3571 dipsadibus
2650 3500 2985 3573 inexplebili
3017 3502 3114 3558 siti
3172 3504 3404 3560 ardens.
3445 3502 3638 3575 Usque

1999 3588 2072 3642 ad
2125 3586 2387 3659 Cypsella
2432 3604 2781 3661 progressus
2837 3589 2896 3646 in
2961 3590 3244 3662 palatium
3313 3591 3636 3649 revertitur.

1998 3678 2156 3732 totus
2200 3692 2398 3732 eorum
2458 3677 2693 3734 factioni
2745 3679 2997 3746 deditus,
3057 3681 3162 3752 qui
3213 3679 3398 3752 patris
3466 3694 3641 3735 excie-

1998 3765 2168 3821 candi
2199 3769 2255 3822 et
2286 3766 2580 3821 avertendi
2607 3766 2808 3823 Alexio
2831 3772 3037 3839 patruo
3074 3769 3370 3839 adjutores
3392 3767 3637 3825 fuerant.

2000 3854 2158 3918 Quod
2224 3869 2355 3910 cum
2406 3854 2662 3911 Isaacius
2718 3857 2867 3912 ferre
2919 3857 3069 3912 786
3102 3873 3217 3912 non
3267 3861 3486 3929 posset,
3515 3858 3638 3927 jam

2000 3942 2173 4014 longo
2204 3947 2463 4013 tempore
2491 3944 2771 3999 ultionem
2806 3944 3044 4001 illorum
3077 3946 3340 4017 cogitans
3376 3945 3497 4001 filio
3529 3963 3644 4002 ma-

1999 4031 2247 4088 ledicere
2278 4048 2391 4086 non
2423 4031 2758 4099 desistebat,
2816 4034 3136 4104 praesertim
3171 4049 3300 4089 cum
3336 4035 3642 4091 auctorita-

1999 4128 2117 4178 tem
2160 4138 2325 4177 suam
2379 4121 2651 4176 imminui
2682 4126 2737 4178 et
2777 4123 3052 4194 paulatim
3102 4125 3427 4180 exolescere
3482 4130 3538 4181 et
3568 4126 3642 4182 ad

2004 4210 2187 4266 filium
2221 4208 2473 4265 transire
2525 4221 2801 4267 cerneret.
2837 4211 3254 4283 Indignissime
3296 4229 3528 4286 quoque
3560 4215 3641 4270 fe-

2002 4299 2162 4355 rebat
2238 4299 2713 4370 proclamationis
2789 4302 3220 4357 mutationem:
3280 4319 3414 4358 nam
3489 4301 3645 4359 ﬁlius

2004 4389 2193 4461 priore
2226 4387 2351 4443 loco
2398 4388 2684 4444 contentis
2725 4390 2987 4458 vocibus,
3047 4395 3109 4446 ut
3166 4391 3448 4463 palatium
3484 4408 3647 4448 reso-

2003 4481 2189 4543 naret,
2221 4475 2607 4547 salutabatur,
2646 4477 2771 4548 ipso
2802 4491 3082 4550 tanquam
3114 4480 3268 4535 Echo
3293 4480 3649 4537 submissius

2004 4571 2303 4638 sequente.
2391 4567 2500 4621 Sed
2567 4566 2705 4637 quia
2762 4567 3069 4640 prohibere
3155 4568 3254 4624 illa
3322 4586 3437 4625 non
3497 4578 3651 4643 pote-

2004 4661 2116 4723 rat,
2197 4655 2730 4724 submurmurabat,
2797 4661 2855 4713 et
2908 4657 3058 4730 apud
3118 4674 3216 4715 eos
3294 4659 3504 4731 quibus
3561 4677 3654 4716 ar-

2005 4762 2152 4802 cana
2184 4743 2270 4800 sui
2316 4744 2560 4815 pectoris
2596 4745 3017 4819 committebat,
3072 4746 3227 4804 male
3284 4749 3353 4804 de
3414 4748 3534 4805 tilio
3566 4748 3650 4805 lo-

2006 4834 2330 4907 quebatur:
2366 4850 2556 4906 neque
2586 4834 2744 4890 enim
2789 4835 3106 4907 quidquam
3142 4837 3379 4893 virtutis
3420 4837 3471 4892 ei
3503 4852 3651 4905 esse,

231 4927 718 4999 κατατεινομέναις
766 4925 1133 5002 ἀνευφημεῖτο
1182 4928 1410 5002 φωναῖς,
1453 4923 1528 4987 ὡς
1586 4926 1667 4994 τῷ
1724 4924 1897 4977 πατά-

2009 4941 2123 4980 non
2150 4922 2318 4979 bonis
2367 4922 2626 4978 moribus
2653 4922 3033 4981 informatum
3077 4940 3226 4995 esse,
3246 4926 3347 4980 sed
3378 4924 3654 4995 pessimis

236 5039 326 5095 γῳ
358 5014 741 5071 κόπτεσθαιτᾶ
767 5014 1055 5087 ἀνάκτορα,
1090 5014 1117 5068 ὁ
1149 5010 1207 5068 δὲ
1253 5013 1391 5068 κατὰ
1442 5012 1505 5066 τὸ
1564 5018 1665 5081 τῆς
1717 5012 1894 5087 ἠχοῦς

236 5105 619 5182 ὖστερόφωνον
678 5101 1084 5177 παρηκολούθει
1132 5106 1250 5165 ταῖς
1310 5103 1512 5163 υἱικαῖς
1572 5100 1663 5155 καὶ
1744 5100 1897 5174 στερ-

233 5192 494 5269 ῥοτέραις
534 5191 944 5266 ἀνακηρύξεσιν.
979 5188 1146 5248 Οὖδὶν
1180 5187 1237 5245 δὲ
1279 5213 1329 5245 τι
1390 5188 1579 5264 δρᾶσαι
1640 5190 1777 5264 πρὸς
1832 5189 1898 5243 τὰ

234 5283 500 5361 γινόμενα
567 5281 709 5337 οὕτω
796 5278 1091 5355 δυνάμενος
1152 5280 1240 5334 ὑπ’
1296 5277 1489 5333 ὀδόντα
1554 5277 1898 5352 ἐτονθόρυζε,

234 5371 326 5427 καί
392 5372 482 5434 οἷς
539 5370 616 5434 ὡς
662 5371 713 5440 ἐξ
802 5368 1013 5426 ἀδύτων
1071 5373 1170 5435 τῆς
1225 5366 1446 5442 καρδίας
1506 5365 1777 5439 ἂνεμήρυε
1834 5366 1901 5420 τὰ

234 5461 548 5540 ἀπόρῥητα,
580 5461 717 5517 κατᾶ
744 5466 842 5517 τοῦ
875 5463 995 5517 υἱοῦ
1052 5461 1323 5539 ἀπόφημα
1392 5455 1690 5533 διελέγετο,
1753 5454 1903 5512 ἕωλα

240 5553 340 5626 μὲν
374 5552 524 5626 αύτῷ
552 5553 623 5608 τὰ
652 5552 867 5627 χρηστὰ
900 5549 1077 5628 λέγων
1113 5551 1272 5619 εἶναι,
1309 5547 1398 5602 καὶ
1442 5546 1516 5609 ὡς
1576 5542 1690 5601 οὐδ’
1753 5545 1901 5610 ὅλως

236 5642 569 5718 σωφροσύνῃ
606 5639 985 5719 ἰρῥύθμισται,
1029 5639 1083 5696 έν
1115 5644 1228 5701 τοῖς
1292 5635 1590 5713 χειρίστοις
1646 5634 1709 5689 τὸ
1769 5633 1904 5703 ἧθος

528 5760 806 5826 Panos.
854 5758 965 5824 Gn.
1012 5758 1325 5825 CXXXIX.

2008 5012 2217 5070 studiis
2276 5011 2542 5081 occupari
2598 5017 2655 5067 et
2721 5012 3105 5083 pessimorum
3182 5012 3477 5067 hominum
3520 5026 3656 5067 con-

2012 5102 2318 5159 suetudine
2382 5103 2696 5171 corrumpi.
2750 5101 2951 5172 Neque
3004 5102 3126 5156 haec
3158 5099 3301 5156 falsa
3347 5103 3513 5155 erant
3556 5102 3657 5154 aut

2012 5191 2250 5259 inania;
2287 5205 2420 5243 nam
2456 5188 2688 5244 Alexius
2721 5187 2984 5257 pluribus
3014 5192 3069 5244 et
3100 5187 3472 5259 gravioribus
3522 5202 3659 5259 pec-

2012 5280 2159 5333 catis
2193 5276 2571 5347 magnif‘icum
2609 5279 2666 5329 et
2705 5275 2986 5347 inclytum
3022 5276 3247 5347 imperii
3279 5275 3521 5331 Romani
3554 5290 3660 5331 no-

2011 5384 2147 5423 men
2171 5364 2443 5431 fmdabat,
2480 5368 2541 5418 ut
2571 5364 2670 5434 qui
2730 5364 2929 5433 paucis
2959 5365 3379 5420 comitantibus
3412 5365 3471 5419 in
3516 5364 3663 5420 Bar-

2012 5457 2287 5512 barorum
2320 5453 2569 5507 tentoria
2627 5451 2924 5521 trajiciens
2974 5453 3226 5524 crapulae
3268 5460 3327 5510 et
3356 5452 3493 5509 aleis
3539 5469 3656 5508 una

2014 5545 2160 5600 787
2199 5557 2331 5596 cum
2371 5540 2490 5595 illis
2520 5556 2622 5610 per
2646 5545 2797 5596 totos
2829 5541 2953 5598 dies
2985 5542 3334 5615 indulgeret.
3364 5543 3501 5614 Ejus
3531 5558 3666 5599 vero

2012 5633 2333 5692 collusores
2362 5629 2636 5686 diadema
2667 5645 2903 5687 aureum
2962 5636 3021 5689 et
3077 5638 3443 5710 geminatum
3476 5632 3529 5691 ei
3570 5632 3670 5688 de-

3306 5749 3388 5816 80
