4072 6218
422 343 542 404 ’939

1737 332 2048 395 ΝΙΟΕΤιΕ
2089 334 2186 396 CH
2194 333 2292 396 ΟΝ
2300 336 2514 399 IAT/E

3723 330 3850 393 ΜΟ

423 476 679 531 tractum
710 468 835 528 suis
867 467 1183 540 capitibus.
1218 465 1308 522 Illi
1339 481 1472 521 vero
1503 464 1736 522 laneum
1777 464 2070 522 hirsutum

2198 467 2546 541 τυπούμενος,
2614 470 2840 548 φθόροις
2927 488 2988 523 τε
3087 463 3315 539 ἀνδράσι
3389 463 3852 536 συνδιαιτώμενος

426 564 646 638 pileum
679 558 1077 632 imponebant-
1113 556 1312 628 Neque
1359 573 1490 611 vero
1525 556 1761 612 Alcxius
1791 557 2076 612 duntavat

427 655 501 710 ob
550 649 894 722 huiusmodi
955 663 1048 703 res
1109 645 1264 718 apud
1317 645 1676 701 honestiores
1728 644 1966 700 Latinos
2021 650 2080 700 et

429 741 807 798 modestiores
839 741 1136 792 Romanos
1168 733 1547 790 exsecrabilis
1580 733 1934 790 habebatur:
1971 733 2071 788 sed

432 825 810 901 etpaterejus
854 825 1118 882 Isaacius
1176 822 1359 879 nihilo
1420 824 1616 878 minus
1676 823 1904 878 invisus
1935 827 2077 891 erat,

433 937 568 977 cum
601 934 807 975 rursus
857 917 1254 974 absurdarum
1312 913 1654 985 opinionum
1717 911 2081 983 intemperiis

437 1009 778 1081 agitaretur,
818 1012 876 1062 et
933 1003 1399 1061 divinationibus
1455 1006 1632 1072 atque
1681 1001 1936 1058 oraculis
1984 1001 2084 1058 foe-

439 1097 700 1156 dioribus
730 1112 911 1168 quam
943 1093 1105 1166 prius
1155 1092 1539 1149 incumberet.
1608 1090 1752 1146 Nam
1791 1094 1923 1146 ante
1955 1106 2081 1146 mo-

439 1186 741 1244 narcbiam
811 1183 926 1240 sibi
985 1181 1432 1252 imaginabatur,
1494 1196 1674 1252 seque
1704 1179 2082 1250 impudenter

439 1294 574 1335 eum
597 1291 724 1333 esse
743 1275 1008 1346 jactabat
1055 1273 1156 1342 qui
1217 1269 1591 1326 Occidentem
1649 1285 1782 1325 cum
1839 1267 2079 1324 Oriente

439 1371 865 1441 coujuncturus
893 1371 950 1420 et
1008 1363 1185 1420 totius
1233 1361 1425 1417 mundi
1483 1360 1731 1431 imperio
1789 1359 2082 1432 petiturus

437 1462 609 1514 esset.
647 1457 800 1511 Tum
822 1469 955 1508 vero
987 1452 1178 1508 visum
1238 1466 1301 1506 se
1331 1453 1730 1519 recepturum,
1753 1453 1810 1500 et
1861 1445 2084 1501 articu-

440 1549 621 1603 larem
656 1544 925 1602 morbum
957 1547 1021 1596 ut
1047 1544 1372 1610 serpentem
1434 1540 1670 1593 exuvias
1731 1535 2083 1606 positurum,

441 1643 498 1694 et
536 1637 596 1692 in
627 1635 814 1690 virum
860 1639 970 1688 Deo
1028 1629 1284 1687 similem
1344 1645 1406 1685 se
1464 1626 1952 1684 transformatum
2010 1624 2084 1680 iri

456 1726 812 1786 somniabat.
858 1722 1110 1779 Proinde
1141 1720 1412 1777 monachi
1445 1720 1681 1790 quidam
1715 1733 1948 1774 summe
1989 1733 2086 1773 ex-

2185 556 2278 612 καὶ
2344 558 2414 612 τὰ
2467 558 2577 628 ἢθη
2636 557 2844 614 τούτων
2909 555 3376 630 ἀναματτόμενος.
3439 553 3516 612 Οό
3579 549 3850 626 μάτηνδὶ

2186 645 2340 702 ταυτὶ
2370 647 2460 702 καὶ
2489 646 2708 710 εἰκαίως
2737 648 2876 704 κατὰ
2903 651 3002 702 τοῦ
3050 645 3172 704 υἷοῦ
3223 643 3490 721 ἠγόρευεν
3553 643 3849 710 Ἰσαάκιος,

2187 732 2336 790 ἀλλὰ
2363 736 2456 790 καὶ
2495 735 2670 792 πλείω
2701 730 2856 811 ἕτερα
2894 736 2984 791 καὶ
3019 731 3382 808 ἀσελγέστερα
3415 731 3618 806 πολλῷ
3655 730 3855 803 πλημ-

2193 823 2376 896 μελῶν
2445 827 2508 881 τὸ
2578 825 2998 904 μεγαλοπρεπὶς
3060 825 3152 880 καὶ
3181 821 3549 900 παγκλέῖστον
3588 829 3695 892 τῆς
3737 826 3846 876 τῶν

2188 913 2482 988 Ῥωμαίων
2519 915 2798 992 βασιλείας
2853 913 3278 992 κατεῤῥύπαινεν
3327 909 3533 986 ὄνομα.
3585 910 3690 973 Εἰς
3743 912 3850 988 γὰρ

2188 1005 2282 1066 τὰς
2338 1008 2446 1060 τῶν
2508 1000 2804 1081 Βαρϐάρων
2855 1005 3057 1075 σκηνὰς
3120 1005 3255 1076 μετά
3299 1003 3538 1078 μετρίων
3617 998 3848 1056 ἀπαδῶν

2189 1095 2582 1169 περαιούμενος
2665 1091 3071 1170 συνεκραιπάλα
3131 1099 3249 1154 τοῖς
3332 1091 3384 1146 ἰν
3477 1089 3672 1152 αὐταῖς
3758 1089 3855 1144 καὶ

2195 1180 2637 1258 συνδιημερεύων
2687 1179 2954 1240 ἐκύϐευεν.
3007 1182 3078 1240 Οἱ
3126 1180 3184 1238 δὲ
3242 1179 3670 1256 συμπαίγμονες
3710 1178 3849 1234 ὲκεί-

2195 1293 2274 1344 νῳ
2303 1272 2367 1327 τὸ
2404 1279 2505 1342 τῆς
2531 1273 2778 1348 κεφαλῆς
2809 1273 3165 1351 ἀφαιρουντες
3196 1267 3460 1342 διάδημα,
3521 1268 3849 1344 χρυσόκολο

2193 1359 2292 1417 λον
2334 1363 2391 1418 δν
2423 1362 2514 1417 καὶ
2571 1362 2963 1438 λιθόστρωτον,
2996 1361 3150 1416 αύτοὶ
3213 1361 3306 1434 μὶν
3369 1359 3545 1415 έκεῖνο
3613 1355 3854 1433 περιετί-

2191 1453 2364 1521 θεντο,
2407 1453 2502 1506 τὸν
2558 1449 2605 1506 δ’
2637 1450 2879 1522 Ἀλέξιον
2925 1445 3294 1526 περιέϐαλλον
3348 1449 3409 1504 τὸ
3455 1447 3709 1526 λαχνῆεν
3759 1447 3850 1500 καί

2193 1541 2372 1616 ἐρεοῦν
2428 1541 2516 1596 καὶ
2573 1545 2673 1607 τῆς
2722 1547 3012 1610 Λατινικῆς
3063 1539 3325 1601 ταλασίας
3375 1533 3726 1613 περίϐλημα.
3772 1537 3852 1594 Oti

2195 1633 2360 1705 μόνον
2416 1629 2472 1686 δὲ
2531 1634 2558 1686 ὁ
2627 1630 2878 1701 Ἀλέειος
2937 1630 3259 1706 ὲνευκαιρῶν
3287 1633 3406 1691 ταῖς
3453 1629 3685 1702 πράξεσι
3717 1625 3855 1681 ταύ-

2191 1741 2310 1783 ταις
2357 1721 2503 1796 παρᾶ
2563 1726 2682 1784 τοῖς
2735 1725 2841 1775 τῶι
2906 1720 3148 1777 Κατίνων
3209 1719 3523 1798 εύσχήμοσι
3579 1718 3672 1771 καὶ
3733 1722 3854 1778 τοῖς

442 1813 776 1881 secrabiles,
812 1811 1119 1885 promissis
1175 1810 1391 1876 barbis,
1443 1807 1708 1866 homines
1741 1806 1912 1862 invisi
1947 1807 2082 1872 Deo,

2198 1816 2306 1866 τῶν
2361 1810 2644 1884 Ῥωμαίων
2709 1810 2952 1884 σώφροσι
2987 1807 3326 1885 βδελυγμίας
3376 1805 3644 1903 ἐκρίναετο,
3699 1803 3858 1860 ἀλλᾶ

444 1904 717 1976 religioso
749 1902 950 1958 habitu
982 1917 1116 1956 cum
1149 1915 1254 1955 sua
1278 1898 1599 1971 ignominia
1631 1895 1954 1970 conspicui,
1987 1896 2087 1967 qui

2198 1899 2285 1954 καὶ
2341 1900 2369 1954 ὁ
2429 1899 2626 1956 τούτου
2673 1901 2856 1975 πατὴρ
2910 1899 3180 1960 Ὶσαάκιος
3247 1896 3347 1953 οὐκ
3395 1895 3480 1950 ἐπ’
3515 1890 3757 1950 ἔλαττον
3785 1894 3852 1962 ἦν

447 2009 711 2050 mensam
744 1989 1128 2064 principalem
1174 1986 1699 2059 persequebantur,
1757 1986 1855 2057 qui
1887 2000 2087 2041 recen-

446 2083 602 2138 tibus
619 2085 676 2137 et
707 2080 1029 2152 pinguibus
1053 2077 1314 2151 piscibus
1370 2075 1665 2131 inhiantes
1697 2091 1830 2131 cum
1865 2074 2086 2130 Isaacio

444 2170 594 2227 738
645 2169 1020 2236 cmnitabant,
1097 2183 1256 2222 mero
1312 2164 1534 2236 largius
1591 2163 1800 2219 hausto
1859 2179 2092 2219 monar-

440 2261 632 2318 ehiam
662 2260 749 2316 illi
781 2257 972 2315 verbis
1021 2254 1466 2312 confirmabant.
1526 2253 1854 2324 Aliquando
1910 2253 2085 2309 etiam

438 2351 694 2408 nodosas
727 2364 938 2404 manus
967 2347 1096 2416 ejus
1127 2343 1314 2401 oculis
1338 2345 1603 2399 admotas
1652 2359 1682 2397 e
1730 2341 1975 2411 vestigio
2005 2357 2088 2398 re-

442 2443 718 2496 novatum
739 2442 796 2494 et
824 2435 1232 2493 conﬁrmatqu
1265 2432 1338 2488 iri
1363 2433 1780 2504 pradicebant.
1815 2430 1918 2488 Ille
1949 2446 2082 2487 vero

439 2528 654 2584 mirum
679 2542 856 2598 quam
874 2524 1182 2581 blanditiis
1205 2523 1334 2578 istis
1360 2521 1813 2586 exhilarabatur,
1831 2529 1882 2576 et
1915 2536 2086 2576 scur-

441 2617 654 2674 rilibus
679 2616 831 2686 jocis
881 2630 1045 2686 eaque
1087 2629 1152 2668 ac
1206 2610 1550 2666 certissimis
1600 2609 1849 2666 oraculis
1905 2610 2086 2664 fidem

438 2705 770 2763 adhibebat.
797 2703 876 2758 De
903 2701 1326 2772 astrologorum
1362 2715 1592 2770 quoque
1637 2698 1928 2754 sententia
1953 2713 2085 2752 cum

438 2796 555 2854 alia
585 2797 740 2863 fecit,
774 2801 900 2851 tum
931 2809 1136 2866 aprum
1177 2791 1584 2860 Calydonium,
1636 2789 1738 2860 qui
1796 2788 2085 2844 horrenti-

441 2888 553 2944 bus
589 2887 646 2942 in
695 2891 856 2957 tergo
918 2883 1057 2938 setis
1105 2881 1164 2936 in
1225 2881 1468 2951 Hippico
1526 2880 1745 2950 impetu
1790 2879 1994 2948 fertur,
2025 2877 2086 2934 in

446 2993 725 3047 magnum
762 2972 1039 3046 palatium
1077 2969 1405 3035 transtulit,
1453 2984 1520 3024 ea
1561 2984 1621 3023 se
1654 2969 1874 3024 ratione
1903 2971 2086 3023 teme-

446 3066 584 3122 rarii
615 3069 672 3121 et
702 3080 840 3135 apro
875 3078 986 3117 non
1022 3059 1330 3114 dissimilis
1355 3057 1549 3130 populi
1595 3057 1816 3112 rabiem
1860 3055 2086 3112 cohibi-

2197 1991 2491 2064 στυγητὸς,
2536 1987 2830 2061 ἐπειδήπερ
2885 1989 2975 2044 καὶ
3037 1987 3205 2045 πάλιν
3259 1985 3598 2046 ἀλλοκότοις
3670 1984 3860 2055 δόξαις

2195 2079 2566 2154 περιεφέρετο,
2626 2079 2788 2155 λόγια
2832 2099 2892 2134 τε
2966 2077 3057 2134 καὶ
3143 2077 3324 2154 ὀμφάς
3409 2075 3678 2135 συντιθεὶς
3755 2074 3858 2129 ούκ

2193 2162 2365 2244 ἔληγε
2417 2173 2526 2225 τῶν
2585 2167 2672 2224 ἐπὶ
2745 2175 2847 2238 τῆς
2876 2169 3143 2244 προτέρας
3221 2167 3401 2242 ἀρχῆς
3477 2164 3850 2241 ἀρῥητότερα,

2195 2255 2305 2334 εἷ’γε
2333 2256 2503 2313 πάλαι
2564 2258 2660 2332 μὶν
2711 2257 2774 2313 τὸ
2835 2258 3114 2333 μόναρχον
3145 2255 3492 2334 έφαντάζετο,
3541 2253 3634 2309 καὶ
3677 2255 3850 2315 αὐτὸς

2193 2347 2332 2402 εἶναι
2353 2345 2587 2409 ἀναιδῶς
2639 2345 2986 2403 διετείνετοὸ
3041 2350 3112 2421 τῇ
3173 2349 3364 2419 Δυσμῇ
3423 2345 3682 2417 συνάψων
3740 2345 3843 2412 τήν

2193 2439 2312 2494 "Em
2340 2436 2432 2492 καὶ
2461 2436 2650 2512 κρέτος
2680 2435 3120 2512 περιζωσόμενος
3169 2435 3232 2491 τὸ
3289 2435 3666 2510 παγκόσμιον,
3727 2434 3851 2487 τότε

2194 2522 2252 2580 δὶ
2279 2524 2373 2580 καὶ
2430 2527 2529 2595 τήν
2593 2525 2843 2601 πήρωσιν
2903 2524 3305 2599 ἀποτρίψασθαι
3362 2520 3684 2600 προσεδόκα
3740 2528 3850 2576 τῶν

2193 2612 2494 2691 ὀφθαλμῶν
2524 2613 2615 2669 καὶ
2653 2615 2727 2676 ὡς
2787 2609 3053 2688 λεϐηρίδα
3117 2615 3216 2681 τήν
3264 2613 3418 2668 νόσον
3477 2611 3853 2681 ἀποξύσασθαι

2190 2704 2289 2772 τὴν
2349 2701 2632 2779 ἀρθρίτιδα
2696 2703 2786 2758 καὶ
2841 2704 2905 2758 τὸ
2961 2701 3092 2758 ὅλον
3155 2702 3233 2766 εἰς
3299 2699 3470 2776 ἄνδρα
3541 2700 3856 2756 θεοείκελον

2193 2794 2643 2868 ἀμειφθήσεσθαι,
2680 2793 2820 2849 ὥστε
2875 2793 2966 2848 καὶ
3019 2796 3127 2848 τῶν
3161 2797 3446 2866 μοναστῶν
3506 2793 3560 2846 οἱ
3613 2813 3859 2864 καταρα-

2190 2885 2410 2940 τότατοι
2440 2885 2528 2939 κσὶ
2562 2886 2718 2959 βαθεῖ
2757 2883 2902 2957 ληίῳ
2932 2887 3214 2957 κομῶντες
3268 2884 3368 2952 τήν
3427 2887 3528 2938 τοῦ
3585 2883 3858 2957 πὼγωνος

2195 2975 2454 3051 ἄρουραν,
2505 2975 2580 3038 εἰς
2635 2975 2900 3050 αἰσχύνην
2942 2995 3000 3029 τε
3031 2973 3230 3030 οἰκείαν
3262 2973 3326 3029 τὸ
3357 2972 3614 3049 θεοφιλὲς
3643 2972 3699 3028 οἶ
3734 2976 3854 3028 θεο-

2198 3070 2373 3138 μισεῖς
2431 3065 2802 3140 περικείμενοι
2856 3070 3073 3138 σχῆμα,
3128 3063 3227 3128 τὰς
3281 3062 3520 3139 ἀρχικὰς
3579 3063 3857 3139 τραπέζας

446 3159 647 3209 turum
677 3151 1036 3208 existimans.
1075 3149 1182 3203 Sed
1219 3153 1277 3202 et
1307 3147 1522 3202 ebriosi
1565 3147 1803 3218 quidam
1848 3163 1917 3201 ex
1969 3145 2087 3200 cir-

2199 3153 2626 3228 μεταδιώκοντες
2707 3152 2796 3208 καῖ
2874 3157 2982 3208 τῶν
3032 3152 3237 3228 ἰχθύων
3308 3151 3436 3215 τοὺς
3495 3152 3716 3214 νεαλεῖς
3769 3153 3860 3208 καὶ

444 3239 836 3297 cumtoraneis
858 3240 1128 3295 Minervae
1158 3235 1536 3293 simulacrum
1563 3239 1618 3291 in
1653 3237 1774 3291 foro
1803 3235 2087 3291 Constan-
2118 3213 2162 3280 ο
2199 3213 2394 3306 Ῐπεονας

451 3330 561 3387 tini
588 3329 875 3386 columnae
917 3327 1196 3382 insistens
1227 3327 1286 3380 in
1347 3326 1564 3381 multas
1622 3335 1812 3398 partes
1844 3324 2090 3382 commi-

451 3423 727 3486 nuerunt,
762 3419 912 3488 quod
945 3417 1188 3472 demens
1242 3415 1416 3470 turba
1465 3415 1521 3469 id
1579 3431 1683 3486 pro
1740 3413 2090 3469 exercitibus

447 3505 910 3564 occidentalibus
971 3505 1119 3560 789
1173 3504 1474 3558 formatum
1517 3519 1645 3557 esse
1691 3501 1978 3557 credebat.
2026 3500 2088 3556 Id

444 3599 504 3654 in
536 3597 778 3667 triginta
815 3595 1027 3668 pedum
1065 3593 1436 3648 altitudinem
1493 3591 1860 3662 assurgebat,
1919 3591 2088 3645 indu-

445 3694 569 3743 tum
629 3701 778 3741 aerea
833 3688 1012 3752 veste,
1073 3698 1190 3754 qua
1239 3679 1480 3735 materia
1529 3683 1718 3734 totum
1755 3678 2080 3745 constabat,

443 3778 699 3834 demissa
728 3777 800 3832 ad
834 3775 1012 3848 pedes
1035 3784 1088 3830 et
1147 3771 1348 3827 multis
1408 3771 1467 3825 in
1528 3769 1788 3840 partibus
1846 3769 2089 3838 compli-

444 3873 595 3937 cata,
624 3883 696 3924 ne
727 3866 869 3937 quid
901 3870 1201 3936 appareret
1233 3861 1390 3933 quod
1425 3866 1628 3916 natura
1686 3863 1900 3914 tectum
1960 3874 2091 3916 esse

443 3957 652 4014 voluit.
726 3955 960 4012 Balteus
1001 3953 1232 4008 lumbos
1271 3955 1426 4006 arcte
1483 3949 1948 4022 constringebat.
2024 3953 2090 4006 In

446 4050 680 4119 pectore
734 4045 906 4100 rectis
939 4042 1216 4098 mammis
1253 4039 1471 4112 insigni
1493 4039 1754 4108 Egidcm
1789 4055 1921 4094 cum
1949 4043 2091 4094 Gor-

447 4150 632 4206 goneo
680 4132 866 4203 capite
920 4131 991 4186 ab
1041 4130 1302 4185 humeris
1359 4128 1778 4198 dependentem
1839 4127 2093 4200 gerebat.

447 4223 671 4281 Collum
697 4223 914 4280 nudum
947 4226 1002 4278 et
1030 4221 1270 4292 longum
1295 4223 1420 4276 erat
1444 4217 1946 4288 jucundtssimum
1971 4235 2099 4290 spe-

2494 3243 2928 3320 περιχαίνοντες,
3054 3239 3500 3304 συνδειπνοῦντες
3602 3243 3860 3316 ἰσαακίῳ

2195 3333 2566 3411 συγκαθίστων
2627 3331 2814 3406 ἐκείνῳ
2850 3334 2952 3401 τήν
3002 3331 3311 3410 μοναρχίαν
3376 3331 3428 3386 ἐν
3487 3330 3723 3406 λόγοις,
3772 3333 3864 3389 τὸν

2196 3422 2488 3498 ἀνθοσμίαν
2542 3422 2846 3499 ζωρότερον
2911 3424 3378 3501 προσφερόμενοι,
3439 3421 3616 3477 ἐνίοτε
3669 3420 3730 3477 δὲ
3773 3423 3863 3477 καὶ

2198 3515 2282 3586 [Ρ.
2315 3515 2444 3586 359]
2493 3512 2587 3574 τάς
2634 3511 3052 3588 ἐξηρθρωμένας
3108 3517 3300 3590 χεῖρας
3351 3511 3864 3586 περιπτυσσόμενοι

2197 3604 2287 3660 καὶ
2334 3610 2452 3666 τοῖς
2513 3602 2823 3681 ὀφθαλμοῖς
2889 3603 3052 3666 αὐτας
3104 3603 3514 3676 προσάπτοντες
3575 3605 3680 3672 τήν
3738 3605 3862 3659 ὅσον

2205 3691 2420 3749 οὐδέπω
2472 3693 2682 3749 τούτων
2740 3694 3118 3770 προηγόρευον
3172 3692 3509 3748 ἀνακαίνισιν
3567 3695 3662 3749 καὶ
3721 3715 3860 3770 κρα-

2201 3784 2444 3840 ταίωσιν.
2521 3783 2582 3840 Ὁ
2657 3779 2714 3838 δὲ
2790 3779 3033 3858 διεχεῖτο
3106 3786 3224 3842 πῶς
3297 3781 3360 3837 ἄν
3391 3781 3543 3837 εἴποι
3619 3804 3701 3844 τις
3740 3789 3862 3845 τοῖς

2203 3869 2549 3947 λεγομένοις,
2650 3869 2740 3926 καὶ
2815 3869 3104 3947 έπεσκίρτα
3176 3877 3296 3936 τοῖς
3372 3871 3864 3948 βωμολοχεύμασι

2201 3961 2418 4026 τούτοις
2449 3961 2524 4026 ὡς
2569 3959 2824 4036 ἀψευδέσι
2890 3959 3364 4035 θεσπιῳδήμασιν.
3401 3965 3488 4019 Ἐν
3536 3961 3779 4024 πολλοῖς
3804 3961 3862 4017 δὲ

2201 4051 2293 4106 καὶ
2347 4051 2477 4114 τοὺς
2544 4056 2612 4126 τῇ
2673 4050 2902 4127 ἀστρικῇ
2979 4053 3411 4127 προσκειμένους
3494 4053 3861 4127 προσιέμενος

2203 4137 2347 4196 ἄλλα
2369 4160 2429 4196 τε
2485 4145 2605 4202 ταῖς
2665 4140 2844 4196 αὐτῶν
2905 4141 3208 4212 ὑποθήκαις
3262 4141 3502 4196 ὑπείκων
3552 4141 3858 4218 εἰργάζετο,

2201 4229 2291 4285 καὶ
2351 4225 2419 4297 δὴ
2473 4228 2562 4284 καὶ
2619 4231 2712 4285 τὸν
2773 4227 3125 4286 Καλυδώνιον
3182 4234 3298 4295 σῦν,
3330 4231 3391 4292 ὅς
3421 4229 3475 4285 έν
3509 4235 3594 4304 τῷ
3627 4234 3862 4302 Ἰππικῷ

446 4312 763 4370 ctaculum.
819 4313 913 4368 Es
953 4311 1109 4367 enim
1171 4310 1338 4365 deum
1390 4308 1470 4363 ita
1518 4307 1986 4378 reprmsentabat,
2036 4312 2087 4364 ut

2205 4317 2447 4394 φρίσσων
2495 4320 2598 4388 τήν
2638 4317 2926 4374 έπινώτιον
2999 4319 3170 4395 τρίχα
3236 4316 3404 4397 ῥύδην
3465 4330 3717 4394 φέρεται,
3765 4323 3862 4388 τῆς

447 4402 610 4459 labia
630 4417 871 4458 suavem
902 4401 1132 4456 editura
1163 4415 1381 4465 vocem,
1431 4397 1476 4452 si
1529 4397 1660 4468 quis
1718 4401 2096 4468 exspectaret,

447 4491 804 4548 viderentur.
838 4489 1205 4562 Apparebant
1237 4492 1295 4543 et
1323 4503 1504 4551 venue,
1548 4490 1606 4540 et
1641 4489 1827 4541 totum
1860 4501 2097 4558 corpus,

2209 4407 2416 4483 βάσεως
2443 4405 2690 4462 καθελὼν
2745 4409 3072 4483 μετήνεγκεν
3128 4407 3208 4470 εἰς
3262 4408 3326 4463 τὸ
3369 4408 3508 4485 μέγα
3571 4408 3863 4466 παλεὶτιον.

2204 4497 2297 4552 τὸν
2325 4497 2423 4566 τὴν
2456 4497 2634 4570 ὁρμῆν
2669 4494 2852 4568 συώδη
2880 4497 2971 4552 καὶ
3022 4495 3322 4554 ἀτάσθαλον
3369 4495 3550 4568 δῆμον
3613 4506 3718 4569 τῆς
3771 4497 3866 4553 πός

447 4596 560 4652 qua
617 4580 876 4645 decebat,
943 4577 1176 4634 mollius
1227 4575 1668 4642 inﬂectebutur;
1721 4581 1775 4630 et
1847 4574 2087 4646 quamvi

2219 4583 2360 4648 λεως
2407 4585 2754 4642 καταστελεῖν
2811 4587 3044 4646 ἐντεῦθεν
3100 4589 3377 4666 οἰόμενος.
3410 4589 3591 4648 Ἀλλὰ
3642 4593 3868 4648 καὶτῶν

445 4669 712 4726 exanime
782 4666 1025 4722 animati
1101 4664 1356 4736 corporis
1432 4663 1694 4735 vigorem
1781 4664 2086 4721 referebat.

446 4757 648 4814 Cauda
693 4756 910 4829 equina
940 4753 1114 4826 capiti
1148 4751 1418 4824 imposita
1448 4755 1725 4808 terrorem
1778 4768 1888 4824 quo
1915 4754 2087 4810 vdam

445 4863 566 4920 pra:
597 4863 658 4903 se
689 4844 928 4902 ferebat.
969 4843 1144 4900 Coma
1166 4860 1199 4899 a
1230 4843 1415 4898 fronte
1465 4840 1822 4914 dependens,
1890 4841 1950 4898 in
1987 4859 2091 4899 no-

443 4938 583 4995 dum
634 4940 892 4994 contorta
938 4941 992 4990 et
1065 4952 1099 4989 a
1161 4937 1325 5004 tergo
1396 4931 1713 4988 constricta
1792 4931 2096 4989 oculorum

440 5032 565 5084 erat
595 5025 840 5084 delicias.
887 5023 1060 5081 Galea
1094 5039 1207 5080 non
1237 5021 1468 5095 penitus
1525 5025 1812 5087 contecta,
1862 5022 1963 5077 sed
2023 5037 2094 5078 ex

444 5125 606 5191 parte
638 5115 1002 5190 prominens.
1036 5113 1202 5169 Lmva
1232 5127 1438 5168 manus
1469 5109 1654 5183 plicas
1685 5111 1858 5167 vestis
1901 5111 2094 5168 conti-

435 5208 658 5276 nebat,-
694 5204 880 5264 altera
922 5220 1128 5262 versus
1176 5205 1441 5259 austrum
1500 5203 1676 5270 caput
1709 5199 1945 5271 paulum
2003 5200 2096 5259 in-

433 5296 716 5354 clinatum
780 5297 933 5351 740
985 5293 1335 5350 sustinebat.
1396 5288 1714 5346 Oculorum
1774 5289 1928 5346 acies
1997 5307 2092 5348 eo-

435 5385 572 5441 dem
662 5385 1096 5450 intendebatur,
1171 5385 1237 5437 ut
1321 5379 1421 5452 qui
1477 5378 1652 5434 situm
1743 5377 2093 5452 angulorum

437 5488 559 5529 non
609 5474 753 5529 satis
798 5476 1029 5538 norant,
1090 5469 1485 5528 simulacrum
1548 5466 1909 5524 occidentem
1956 5485 2091 5542 spe-

434 5567 588 5617 ctare
635 5567 693 5618 et
741 5563 922 5619 veluti
979 5579 1161 5619 manu
1219 5559 1452 5617 allicere
1502 5557 1904 5616 Occidentales
1934 5577 2094 5617 exer-

433 5649 588 5706 citus
618 5651 1004 5718 affirmarent,
1035 5651 1189 5706 haud
1223 5665 1368 5706 sano
1391 5647 1623 5719 judicio
1651 5648 1954 5708 oculorum
1988 5655 2091 5714 de-

439 5737 612 5809 copti.

2197 4673 2472 4750 ἀγοραίων
2551 4676 2602 4732 οἱ
2650 4675 3016 4756 φιλοινότεροι
3090 4679 3154 4735 τὸ
3205 4679 3340 4743 έσὼς
3419 4678 3510 4738 ἐπὶ
3563 4681 3783 4753 στήλης
3814 4681 3864 4738 ἰν

2201 4768 2282 4836 τῷ
2347 4767 2788 4840 Κωνσταντινείῳ
2890 4767 3042 4846 φόρῳ
3116 4775 3218 4840 τῆς
3322 4771 3564 4841 Ἀθηνᾶς
3647 4771 3870 4848 ἄγαλμα

2208 4853 2284 4916 είς
2344 4852 2576 4910 πλεῖστα
2647 4853 2854 4912 διεῖλον
2955 4859 3244 4932 τμήματα.
3337 4857 3519 4914 ἐδόκει
3576 4861 3684 4938 γὰρ
3751 4865 3869 4924 τοῖς

2207 4945 2401 5024 ἄφροσι
2426 4943 2680 5022 σύρφαξιν
2715 4946 2850 5024 ὑπὲρ
2899 4952 3007 5005 τῶν
3048 4948 3100 5021 ἐξ
3149 4948 3379 5028 ἕσπέρας
3437 4951 3867 5027 ξστοιχειῶσθαι

2203 5037 2368 5089 τοῦτο
2412 5039 2674 5110 στρατῶν.
2735 5032 3010 5094 Ἀνέϐαινε
3071 5037 3164 5108 μὶν
3218 5041 3322 5109 τὴν
3385 5038 3618 5109 ἡλικίαν
3677 5040 3866 5117 ὄρθιον

2207 5121 2282 5176 ὡς
2356 5121 2408 5183 ἐς
2481 5120 2747 5198 τριακάδα
2821 5123 3032 5197 ποδῶν,
3107 5125 3380 5207 ἠμφίεστο
3431 5126 3491 5183 δὲ
3568 5128 3784 5202 στολὴν
3819 5128 3870 5198 EE

2203 5209 2394 5274 ὁποίας
2443 5212 2583 5284 ὕλης
2632 5211 2764 5270 ὅλον
2816 5216 2878 5270 τὸ
2925 5213 3320 5292 ἰνδαλλόμενον
3374 5217 3871 5294 κεχαλκούργητο.

2217 5299 2474 5377 Ποδήρης
2506 5299 2554 5356 δ’
2581 5303 2650 5372 ἦν
2680 5305 2715 5374 ἡ
2747 5302 2920 5375 στολή
2952 5307 3044 5360 καὶ
3075 5305 3536 5382 συμπτυσσομένη
3597 5307 3872 5386 πολΑαχῆ

2211 5394 2320 5446 τῶν
2366 5395 2574 5466 μερῶν,
2629 5392 2704 5455 ὡς
2754 5395 2831 5468 μή
2887 5415 2940 5449 τι
3001 5399 3100 5452 τοῦ
3165 5397 3418 5472 σώματος
3465 5398 3870 5474 παραφαίνοιτο

2217 5476 2350 5556 ὅπερ
2425 5483 2460 5551 ἡ
2538 5483 2698 5559 φύσις
2769 5484 3146 5560 περιστέλλειν
3221 5486 3457 5561 ἐπέταξε.
3537 5489 3727 5564 Μίτρα
3825 5483 3869 5542 δ’

2205 5571 2414 5646 Ι’Δρεος
2443 5572 2542 5641 τὴν
2575 5572 2684 5643 ἰξὺν
2719 5570 3040 5653 διειληφυῖα
3067 5575 3268 5640 ἱκανῶς
3321 5576 3491 5648 αὐτὴν
3548 5577 3871 5656 πῳιέσφιγ-

2213 5680 2325 5736 γεν.
2362 5661 2502 5736 Εἶχε
2533 5657 2590 5716 δὲ
2659 5663 2792 5718 κάπὶ
2843 5669 2961 5730 τοῖς
3009 5666 3253 5743 στέρνοις
3298 5665 3620 5742 δρθότιτθον
3666 5664 3726 5722 ὄν
3753 5686 3872 5720 ποι-

2209 5745 2390 5804 -ι-ίλον
2453 5747 2745 5828 αἰγιδωδες
2780 5751 3073 5832 ἐπένουμα,
3113 5759 3224 5812 τῶν
3269 5755 3440 5833 ὤμων
3509 5753 3865 5833 διεξικνούμεο
