4028 6218
172 379 281 444 941

1169 378 1533 444 ISAACIUS
1577 377 1944 445 ANGELUS
1989 383 2085 445 ET
2130 379 2471 446 ALEXIUS
2515 382 2581 443 F.

3463 396 3581 454 942

169 538 289 583 νον,
342 516 440 585 τήν
495 518 596 583 τῆς
648 515 927 590 Γοργόνης
978 517 1180 569 τυποῦν
1235 513 1499 594 κεφαλήν.
1560 516 1620 573 Ὁ
1675 513 1730 570 δὲ
1785 537 1844 592 γε
1900 517 2079 591 αὐχὴν
2141 516 2345 596 ἀχίτων
2400 510 2471 570 ὥν
2519 517 2609 571 καὶ
2652 515 2790 587 πρὸς
2835 517 2898 571 τὸ
2947 513 3331 596 δολιχόδειρον
3378 524 3583 581 ἀνατει-

173 608 400 680 νόμενος
433 603 653 679 ἃμαχον
717 603 796 667 εἷς
846 601 1049 673 ἡδονὴν
1102 605 1274 677 θέαμα
1477 609 1747 662 Τοσοῦτον
1804 602 1854 659 δ’
1913 607 1940 662 ὁ
2000 605 2207 681 χαλκὸς
2265 607 2401 683 πρὸς
2458 608 2557 677 τὴν
2592 604 2792 661 ἐκείνου
2827 605 3058 680 μίμησιν
3093 610 3368 680 πειθήνιος
3401 614 3585 686 ὁπηλ-

172 697 426 762 λάττετο,
486 693 625 749 ὥστε
676 694 764 747 καὶ
825 693 893 748 τὰ
959 693 1122 768 χείλη
1194 691 1347 765 δόξαν
1404 700 1670 770 παρεῖχον
1742 695 1814 756 ὡς
1880 695 1930 750 εἶ’
1992 700 2289 770 προσμενεῖ
2353 717 2436 758 τις
2506 693 2762 773 μείλιχον
2832 699 3012 775 φωνήν
3084 697 3409 761 ἐνωτίσεται.
3482 707 3584 763 Καὶ

174 782 396 866 φλεϐῶν
474 780 531 838 δὲ
608 780 906 845 διεκτάσεις
985 782 1356 857 ὑπεκρίνοντο,
1433 784 1523 838 καὶ
1600 785 1673 846 ὡς
1753 785 1910 858 ὑγρὸν
1968 783 2099 839 ’ὀλον
2155 785 2217 839 τὸ
2275 788 2434 858 σῶμα
2492 785 2542 839 ἐν
2604 788 2686 847 οἷς
2741 780 2846 840 ἔδει
2907 788 3255 862 περιεκλᾶτο,
3311 793 3400 847 καὶ
3443 799 3585 867 ζωῆς

175 877 385 954 ἀπέχον
460 880 710 949 μετεῖχεν
781 873 856 935 ὡς
924 877 1028 942 ζῶν
1093 873 1491 947 ἀνθηρότητος,
1560 874 1692 935 τοὺς
1759 872 2076 952 ὀφθαλμοὺς
2143 874 2321 948 ἱμέρῳ
2388 875 2541 929 παντῖ
2607 873 2886 949 ῥεόμενον.
2949 879 3239 954 Ἰππουρις
3294 879 3338 935 δ’
3390 882 3590 939 ἐπικει-

178 974 317 1040 μὲνη
365 970 434 1038 τῇ
485 961 698 1044 κεφαλῇ
767 960 937 1018 δεινὸν
1001 963 1330 1037 καθύπερθεν
1401 956 1593 1020 ἔνευεν.
1652 965 1714 1019 Ἦ
1775 960 1831 1017 δὲ
1884 963 2032 1035 κόμη
2084 960 2137 1026 ξς
2201 962 2424 1039 πλέγμα
2483 961 2886 1039 διεστραμμένη
2942 966 3032 1021 καὶ
3083 964 3425 1043 δεσμουμένη
3460 968 3587 1027 ὄπι-

175 1067 324 1123 σθεν,
390 1057 489 1124 ὅση
559 1052 761 1128 κέχυτο
840 1051 898 1106 ἐκ
967 1053 1255 1124 μετώπων,
1329 1053 1505 1128 τροφή
1556 1072 1638 1111 τις
1700 1051 1765 1119 ἦν
1816 1050 2135 1128 ὀφθαλμῶν,
2190 1055 2264 1123 μή
2316 1051 2513 1107 ἐπίπαν
2562 1058 2641 1126 τῷ
2684 1054 2866 1127 κράνει
2918 1058 3278 1131 συνεχομένη,
3335 1059 3481 1115 ἀλλά
3533 1084 3585 1117 τι

173 1144 267 1199 καὶ
321 1141 777 1218 παρεμφαίνουσα
823 1144 919 1195 τοῦ
966 1144 1255 1215 πΙκοχμοῦ.
1306 1141 1427 1197 Τῶν
1477 1137 1534 1193 δὲ
1581 1143 1783 1214 χειρῶν
1833 1142 1868 1210 ἡ
1922 1140 2015 1212 μὲν
2069 1138 2200 1194 λαιά
2247 1141 2313 1195 τὰ
2373 1142 2776 1216 συνεπτυγμένα
2822 1148 2922 1212 τῆς
2974 1142 3203 1213 ἐσθῆτος
3245 1146 3588 1221 ἀνέστελλεν,

173 1233 340 1308 ἀτέρα
407 1229 452 1286 δ’
520 1227 866 1304 ἐκτεινομένη
930 1229 1069 1300 πρὸς
1130 1227 1305 1301 κλίμα
1363 1228 1427 1283 τὸ
1481 1228 1660 1283 νότιον
1725 1231 1845 1304 εἶχε
1900 1229 1999 1296 τήν
2054 1227 2300 1308 κεφαλὴν
2348 1229 2530 1305 ἠρέμα
2573 1252 2690 1293 πως
2760 1228 3147 1307 ἐγκλινομένην
3204 1232 3315 1290 ἐκεῖ
3357 1236 3448 1291 καὶ
3494 1240 3589 1300 τὰς

173 1326 288 1378 τῶν
318 1318 617 1401 ὀφθαλμῶν
645 1320 734 1374 ’ἐπ’
763 1316 887 1390 ἴσης
910 1317 1225 1392 τεινομένας
1260 1314 1455 1392 βολὰς,
1488 1317 1606 1381 ’ὀθεν
1641 1319 1691 1372 οἱ
1727 1315 1871 1391 μηδὲ
1898 1318 1993 1379 τὰς
2018 1316 2187 1379 θέσεις
2209 1322 2317 1373 τῶν
2343 1316 2590 1391 περάτων
2616 1320 2866 1374 ὁπωσοῦν
2895 1319 3242 1395 ἐπιστάμενοι
3278 1323 3332 1385 ές
3364 1323 3587 1402 ἑσπέραν

179 1412 393 1490 ἀφορᾷν
424 1410 484 1465 τὸ
516 1408 742 1486 ἄγαλμα
773 1406 1099 1463 διετείνοντο
1130 1407 1221 1462 καὶ
1255 1408 1370 1461 οἷον
1398 1404 1720 1470 ἐπισπᾶσθαι
1763 1406 1911 1482 χειρὶ
1932 1406 1999 1462 τὰ
2031 1406 2090 1461 ἐκ
2117 1403 2386 1474 δυσμόθεν
2419 1408 2836 1483 στρατεύμαται,
2868 1414 3049 1472 καγιῖς
3088 1411 3357 1486 κρίνοντες
3386 1413 3476 1469 καὶ
3511 1416 3587 1490 μὴ

177 1501 324 1577 πρὸς
356 1497 556 1555 ἔννοιαν
586 1498 752 1573 ὃρθήν
779 1502 896 1560 τοῖς
928 1498 1146 1571 ὁρατοῖς
1179 1491 1588 1558 έπιϐαλλοντες.

249 1684 321 1740 Οἱ
356 1681 450 1754 μὲν
480 1679 572 1736 οὖν
605 1679 740 1753 μετά
791 1677 1057 1734 τοιούτων
1114 1677 1427 1750 κινημάτων
1455 1682 1554 1745 τῆς
1583 1671 1822 1739 διανοίας
1849 1747 1853 1755 Ι

2001 1681 2081 1733 Ac
2113 1675 2197 1733 illi
2247 1677 2354 1735 hac
2406 1678 2677 1751 opinione
2730 1679 2964 1752 impulsi
3023 1682 3287 1741 Minervae
3341 1686 3587 1745 simula-

171 1774 237 1828 τὸ
293 1777 395 1842 τῆς
432 1764 668 1841 Ἀθηνᾶς
723 1766 1037 1843 συνέτριψαν
1099 1764 1340 1842 ἄγαλμα,
1374 1764 1409 1835 ἢ
1444 1763 1661 1837 μᾶλλον
1718 1768 1835 1826 τοῖς

177 1861 426 1939 χείροσιν
480 1858 561 1913 ἀεὶ
617 1851 1005 1932 προϐαίνοντες
1054 1856 1143 1910 καὶ
1200 1855 1319 1918 καθ’
1372 1854 1576 1909 ἑαυτῶν
1610 1852 1835 1907 ὁπλῖται

173 1949 461 2027 γινόμενοι
498 1949 601 2019 τήν
658 1943 880 2019 ἀνδρίας
929 1944 1020 2000 καὶ
1079 1945 1393 2022 φρονήσεως
1441 1942 1715 1998 έπιστάτιν
1744 1940 1835 1996 καὶ

176 2044 303 2101 τοῖς
350 2039 547 2099 τύποις
605 2036 790 2098 αὐτοῖς
849 2034 1184 2093 ἀπεώσαντο.
1220 2033 1280 2086 Οἱ
1312 2030 1369 2087 δὲ
1403 2031 1648 2106 βασιλεῖς
1680 2028 1833 2085 οὐδὲν

179 2128 271 2185 ὅτι
309 2129 384 2201 μή
416 2128 516 2196 τήν
545 2124 827 2201 συλλογὴν
875 2128 986 2179 τῶν
1038 2142 1145 2198 χρη
1160 2122 1340 2196 μάτων
1374 2118 1532 2196 ἔργον
1566 2120 1835 2196 ἀσχολίας

176 2219 366 2288 πάσης
398 2216 552 2292 εἶχον
580 2216 669 2270 καὶ
719 2213 883 2270 πάλιν
944 2214 1233 2286 ἀνώτερον,
1274 2210 1389 2266 ἐπεὶ
1421 2213 1505 2284 [Ρ.
1537 2212 1661 2284 360]
1697 2207 1838 2283 μηδὲ

178 2310 355 2383 κόρος
401 2306 468 2377 ἦν
528 2304 674 2380 παρὰ
730 2310 848 2367 τοῖς
900 2298 1241 2377 λαμϐάνουσι
1276 2300 1518 2374 λήψεως,
1558 2298 1683 2355 ἀλλ’
1714 2298 1838 2354 ὅσον

178 2398 240 2453 αἱ
299 2394 476 2460 δόσεις
532 2388 883 2469 προύϐαινον,
941 2396 1198 2447 τοσοῦτον
1257 2390 1524 2463 ένήκμαζε
1572 2390 1635 2444 τὸ
1676 2387 1840 2465 φιλό-

177 2504 411 2561 χρυσον.
446 2483 673 2556 Ἀμέλει
729 2482 835 2536 κάκ
887 2485 996 2536 τῶν
1052 2478 1297 2534 παλιτῶν
1352 2478 1535 2555 φόρων
1578 2474 1837 2530 ὠδίνοντο

174 2573 479 2649 συλλογαί.
535 2571 745 2630 Τούτου
805 2569 861 2625 δὲ
923 2570 998 2644 μή
1056 2567 1281 2642 ὁμαλῶς
1325 2571 1753 2643 προχωροῦντος
1788 2567 1838 2638 (ὁ

174 2667 290 2743 γὰρ
349 2662 513 2731 λεὼς,
574 2663 673 2717 ὅσα
727 2662 813 2716 καὶ
876 2658 1113 2736 πέλαγος
1185 2658 1379 2733 ἀχανὲς
1437 2657 1524 2710 καὶ
1584 2656 1839 2730 ἀόριστον

175 2752 399 2827 ἂνέμῳ,
428 2757 545 2814 τοῖς
606 2753 680 2825 μή
743 2751 1010 2826 θυμήρεσι
1069 2745 1544 2822 διαρῥιπιζόμενον
1596 2745 1843 2824 έπέιρρισ-

176 2865 275 2899 σεν
328 2842 405 2905 είς
459 2842 772 2915 ἀπόστασιν)
829 2842 927 2907 τῆς
987 2838 1083 2912 μέν
1134 2837 1441 2911 προθέσεως
1493 2842 1694 2905 ταύτης
1738 2834 1840 2889 ἀπ-

176 2933 442 3002 έστησαν,
497 2931 627 2992 τοὺς
681 2927 737 2984 δὲ
794 2926 1137 2999 ζαπλούτους
1201 2923 1495 3002 έπιλέγδην
1551 2922 1841 2994 ἐσύλησαν,

179 3021 345 3082 ὅπως
405 3022 441 3088 ἡ
512 3020 772 3089 Λατινικὴ
830 3015 1176 3092 γαληνιάσειε
1262 3014 1541 3088 βούπεινοι.
1612 3013 1714 3068 Καὶ
1777 3013 1845 3066 τὰ

180 3110 405 3189 χρύσεα
456 3106 516 3164 δέ
568 3113 666 3164 τοῦ
723 3106 981 3182 μεγίστου
1047 3107 1149 3160 νεὼ
1201 3102 1405 3159 ἔπιπλα
1465 3101 1844 3177 βαρυτάλαντα

184 3198 349 3269 ὄντα,
380 3197 470 3254 καὶ
502 3197 557 3252 αἱ
605 3196 832 3272 λυχνίαι
892 3195 984 3250 σὺν
1045 3195 1231 3256 αὐτοῖς
1285 3194 1339 3248 αἱ
1398 3191 1657 3268 ἀργύρεαι
1690 3192 1852 3269 ἀφαι-

188 3289 466 3368 ρούμεναι
545 3287 637 3342 καὶ
726 3283 1156 3361 παραδιδόμεναι
1216 3282 1368 3357 πυρὶ,
1438 3282 1573 3356 πρὸς
1645 3282 1847 3355 βρῶσιν

188 3382 444 3455 ἀτεχνῶς
500 3370 853 3452 προϐέϐλητο
906 3378 1022 3437 τοῖς
1080 3372 1224 3443 κυσὶ,
1280 3373 1369 3427 καὶ
1434 3373 1576 3445 μιξις
1635 3370 1701 3440 ἧν
1745 3374 1852 3425 τῶν

187 3469 444 3544 ἀμίκτων
475 3465 713 3529 ἀνόσιος.

273 3555 339 3616 δ’.
369 3554 550 3612 Ἀλλά
594 3556 683 3611 καὶ
731 3554 938 3611 τούτων
989 3554 1139 3609 οὕτω
1187 3551 1488 3626 γινομένων
1528 3550 1617 3606 καὶ
1650 3547 1855 3624 προδή-

188 3647 317 3709 λως
348 3645 733 3720 ἀνομουμένων
792 3640 946 3699 οὐδὲν
1002 3640 1331 3715 ἐπεραίνετο.
1384 3635 1721 3697 Ἠϐούλοντο
1751 3639 1853 3714 γὰρ

194 3738 256 3794 o't
286 3742 397 3791 τῶν
429 3733 737 3811 χρημάτων
798 3732 1207 3808 είσπράκτορες,
1264 3737 1365 3801 τῆς
1426 3733 1532 3784 τῶν
1566 3729 1854 3802 Ῥωμαίων

195 3828 457 3900 εὐηθείας
513 3827 957 3904 κατατρυφῶντες
1016 3822 1101 3877 καὶ
1180 3827 1280 3890 τῆς
1337 3825 1443 3875 τῶν
1513 3818 1853 3893 κρατούντων

197 3916 566 3987 ἠλιθιότητος
629 3911 1073 3983 καταπαίζοντες,
1150 3911 1277 3972 τοὺς
1360 3910 1454 3982 μὶν
1511 3909 1605 3970 τὰς
1672 3907 1859 3979 τιμίας

198 4006 346 4067 ὕλας
403 4004 856 4082 ἀποφορτίζεσται
913 4001 1042 4074 παρ’
1099 3999 1283 4061 αὐτοῖς
1335 3997 1463 4061 τοὺς
1503 3995 1559 4051 δὲ
1590 3997 1857 4071 παρεστᾶ-

199 4117 296 4150 ναι
370 4095 836 4169 ἀχθοφοροῦντας,
916 4087 1121 4150 ἄλλους
1205 4087 1484 4162 προσιέναι
1569 4105 1856 4160 χρυσαγω-

198 4182 567 4260 γοὺς,ἐνίους
624 4179 668 4236 δ’
717 4180 1125 4248 ἐνσκευάζεσθαι
1181 4176 1316 4251 πρὸς
1372 4176 1473 4245 τὴν
1531 4172 1728 4250 ἄφιξιν,
1772 4171 1859 4226 καὶ

201 4281 373 4332 τοῦτο
418 4270 639 4347 δρᾶσθαι
690 4268 779 4325 διὰ
827 4269 1046 4331 παντός.
1095 4269 1250 4323 Ὅθεν
1291 4270 1407 4327 τοῖς
1457 4263 1581 4339 περὶ
1629 4265 1729 4331 τήν
1767 4283 1862 4335 με·

199 4361 515 4441 γαΛόπολιν
570 4358 874 4440 τρυφηλοῖς
952 4357 1183 4436 χωρίοις
1262 4355 1352 4410 καὶ
1410 4357 1526 4441 τοῖς
1578 4353 1747 4426 ἱεροῖς
1807 4350 1859 4441 έν

1942 1781 2107 1822 crum
2160 1768 2551 1823 contrivcrunt
2586 1787 2599 1837 ;
2633 1786 2697 1824 ac
2730 1770 2921 1841 potius
2980 1772 3221 1831 subinde
3270 1782 3504 1834 ruentes
3536 1778 3596 1835 in

1944 1857 2218 1923 deterius,
2263 1860 2318 1912 et
2375 1863 2579 1914 contra
2639 1868 2816 1916 semet
2876 1861 3035 1934 ipsos
3086 1865 3315 1935 armati,
3369 1867 3597 1925 fortitu-

1944 1945 2099 2000 dinis
2130 1949 2182 2001 et
2240 1947 2556 2018 prudentiae
2608 1949 2913 2018 praesidem
2953 1968 3059 2008 nec
3093 1954 3240 2024 typis
3271 1971 3596 2026 expressam

1945 2035 2098 2107 apud
2132 2050 2195 2092 se
2245 2037 2389 2091 ferre
2423 2042 2755 2106 potuerunt.
2817 2040 3238 2111 Imperatornm
3272 2060 3400 2100 vero
3432 2062 3595 2102 sum-

1946 2140 2036 2177 ma
2094 2128 2149 2180 et
2204 2123 2373 2180 unica
2429 2127 2724 2197 occupatio
2797 2132 2919 2183 erat
2993 2133 3252 2202 pecuniae
3308 2132 3593 2204 collectio,

1947 2214 2096 2285 quod
2149 2213 2305 2270 nulla
2333 2220 2454 2271 erat
2482 2217 2801 2289 accipiendi
2850 2219 3082 2276 satietas
3126 2238 3138 2277 :
3172 2222 3271 2278 sed
3307 2233 3590 2294 quantum

1945 2303 2214 2360 donativa
2260 2306 2634 2377 augebantur,
2690 2312 2916 2364 tantum
2962 2310 3251 2366 crescebat
3311 2312 3438 2368 auri
3483 2329 3586 2370 cu-

1945 2394 2181 2466 piditas.
2215 2394 2529 2465 szpiebant
2588 2398 2759 2451 etiam
2794 2415 2826 2453 a
2868 2398 3093 2455 civibus
3123 2401 3347 2472 exigere
3400 2403 3588 2458 tribu—

1944 2486 2093 2537 tum.
2151 2483 2256 2538 Sed
2316 2499 2447 2539 eum
2500 2501 2565 2541 ea
2627 2502 2717 2541 res
2775 2502 2889 2541 non
2943 2488 3203 2559 expedite
3261 2493 3596 2549 succederet

1948 2576 2107 2643 (nam
2149 2572 2399 2643 populus
2432 2572 2620 2628 invisa
2668 2575 3054 2646 postulatione
3099 2577 3380 2648 irritatus,
3412 2581 3598 2636 instar

1950 2661 2089 2716 vasti
2126 2663 2303 2716 maris
2336 2667 2501 2718 vento
2559 2663 2908 2736 conturbati,
2941 2665 3324 2723 defectionem
3368 2676 3596 2740 specta-

1952 2749 2087 2819 bat),
2122 2751 2337 2806 omisso
2375 2751 2475 2807 illo
2536 2754 2831 2825 proposito
2888 2771 2984 2811 eos
3016 2757 3110 2825 qui
3166 2756 3438 2814 ditissimi
3469 2774 3601 2816 esse

1953 2844 2282 2899 ferebantur
2362 2844 2703 2917 spoliarunt,
2780 2851 2843 2901 ut
2914 2849 3245 2904 Latinorum
3296 2850 3601 2921 cupiditati

1950 2933 2249 2988 immensa
2308 2933 2469 2989 ﬂeret
2544 2934 2702 2990 satis.
2763 2935 3039 2995 Praeterea
3115 2938 3601 3011 maximivtempli

1957 3038 2129 3077 aurea
2178 3022 2600 3094 suppellectilia
2681 3025 2819 3080 741
2915 3026 3227 3082 multorum
3313 3027 3600 3085 talentum

1960 3115 2017 3166 et
2063 3112 2317 3182 argentei
2374 3110 2568 3183 lychni
2625 3129 2738 3168 una
2782 3114 3007 3187 abrepti
3077 3115 3506 3185 conﬂabantur,
3547 3125 3605 3174 et

1962 3198 2130 3271 plane
2161 3201 2401 3257 canibus
2459 3201 2880 3274 objiciebantur
2909 3203 3084 3262 rebus
3137 3221 3252 3261 non
3285 3206 3602 3264 miscendis

1963 3289 2175 3346 nefarie
2205 3291 2540 3349 commistis.

2036 3550 2088 3605 4.
2140 3550 2338 3622 Neque
2368 3554 2561 3607 tamen
2616 3552 2938 3609 manifestis
2994 3553 3226 3626 injuriis
3273 3554 3401 3611 istis
3444 3553 3610 3624 quid-

1965 3655 2134 3710 quam
2170 3640 2639 3711 proﬂciebantur.
2672 3641 2814 3697 Nam
2866 3644 3122 3714 pecunias
3178 3647 3466 3699 exactores
3497 3642 3611 3697 Ro-

1967 3745 2269 3785 manorum
2301 3729 2658 3801 simplicitati
2710 3733 3054 3787 insultantes
3083 3736 3139 3787 et
3191 3732 3610 3803 imperatorum

1967 3818 2247 3875 vecordiae
2297 3818 2604 3874 illudentes
2635 3820 3011 3892 postulabant
3070 3827 3131 3874 ut
3180 3819 3276 3875 alii
3310 3820 3610 3876 materiam

1968 3908 2278 3979 pretiosam
2303 3908 2452 3979 apud
2488 3924 2550 3963 se
2581 3909 2957 3979 deponerent,
2988 3906 3086 3963 alii
3119 3925 3294 3964 onera
3318 3908 3613 3965 sustinen-

1968 4001 2054 4053 tes
2085 4000 2361 4062 astarent,
2397 3994 2492 4050 alii
2526 3995 2650 4050 auri
2702 3995 2876 4067 bajuli
2911 3996 3265 4064 accederent,
3315 3995 3413 4050 alii
3448 4013 3508 4052 se
3538 3997 3611 4053 ad

1970 4102 2264 4141 accessum
2298 4090 2586 4155 pararent,
2621 4084 2793 4155 idque
2824 4086 3187 4141 continenter
3219 4086 3401 4140 ﬁeret.
3457 4086 3613 4143 Unde

1971 4175 2223 4229 hostium
2275 4176 2449 4229 duces
2496 4173 2832 4229 suburbana
2866 4175 3078 4244 praedia
3127 4174 3528 4229 amoenissima
3556 4178 3614 4231 et

1972 4273 2160 4319 sacras
2194 4264 2342 4318 aedes
2370 4262 2729 4334 Propontidis
2769 4266 2823 4319 et
2855 4263 3334 4335 splendidissima
3363 4262 3613 4333 impera-

1972 4357 2158 4408 torum
2222 4353 2455 4424 palatia,
2490 4350 2585 4407 alii
2618 4351 2689 4407 ab
2729 4352 2859 4408 aliis
2915 4351 3194 4423 instigati,
3244 4352 3480 4422 direptis
3514 4368 3619 4424 per

206 4437 550 4530 ὺροποντίδι
608 4437 852 4524 τεμένεσι
903 4451 1022 4508 τοῖς
1065 4467 1124 4501 τε
1172 4440 1584 4519 λαμπροτάτοις
1645 4438 1853 4495 οἱκοπὲ-

1976 4444 2124 4497 vices
2154 4442 2223 4496 iis
2282 4457 2401 4512 quae
2459 4441 2704 4507 inerant,
2738 4441 3100 4509 cremabant,
3135 4440 3277 4496 nulli
3328 4440 3619 4500 maritimo

204 4526 329 4604 ὃσις
359 4547 467 4597 τῶν
519 4537 788 4615 βασιλέων
844 4534 1129 4609 παράλλαξ
1191 4534 1242 4588 οἳ
1300 4530 1597 4608 στρατηγοὶ
1655 4526 1867 4607 ἐφιστά-

208 4652 390 4707 μενοι,
421 4631 512 4686 καὶ
562 4629 708 4703 παρὰ
770 4629 991 4701 θάτερον
1048 4626 1237 4698 ἅτερος
1296 4619 1677 4693 ὁπλιζόμενοι,
1708 4617 1868 4673 ἐσκύ-

208 4704 375 4779 λευόν
429 4741 491 4775 τε
544 4719 610 4774 τὰ
680 4716 867 4772 ἐνόντα
935 4714 1024 4769 καὶ
1101 4711 1234 4767 αὐτα
1290 4710 1420 4786 πυρὶ
1479 4704 1862 4783 παρεδίδοσαν,

212 4808 529 4893 φειδόμενοι
620 4804 853 4883 μηδενὸς
929 4802 1202 4878 παραλίου
1279 4797 1729 4893 οίκοδομὴμιιιτοὲ,⁹
1813 4798 1867 4852 οἱ

214 4882 316 4957 τοῦ
380 4882 566 4954 καλοῦ
624 4882 971 4971 ἀνέραστοι,
1068 4887 1495 4968 κηρεσιφόρητοι
1568 4882 1866 4962 Βάρϐαροι.

216 4987 459 5046 Πλεῖστα
489 4987 548 5042 δὲ
585 4986 680 5042 κᾶν
736 4991 858 5047 ταῖς
916 4982 1053 5057 ᾐόσι
1095 4987 1195 5050 τῆς
1249 4976 1464 5039 πόλεως
1515 4972 1868 5037 ἐπιπλέοντες

220 5078 484 5135 συνίστων
534 5075 804 5150 πόλεμον.
866 5073 965 5127 Καὶ
1024 5072 1090 5141 ἦν
1142 5072 1178 5139 ἡ
1236 5067 1357 5137 νίκη
1408 5060 1712 5139 ἀμοιϐαδὸν
1746 5064 1867 5119 ἐπι.

225 5166 496 5241 μειδιῶσά
545 5185 677 5221 ποτε
732 5163 822 5219 καὶ
870 5158 1165 5233 Ῥωμαίοις
1196 5157 1286 5212 καὶ
1330 5157 1405 5228 μὴ
1455 5159 1662 5241 τιθεῖσα
1691 5154 1865 5241 πάντη

218 5238 286 5312 τὰ
315 5259 421 5310 τῶν
463 5254 719 5309 ἐναντίων
752 5249 1109 5327 ἀπρόσμαχα,
1145 5245 1307 5301 ὁπότε
1353 5243 1445 5298 καὶ
1502 5243 1563 5296 τὸ
1614 5238 1868 5315 δημῶδες

216 5353 319 5416 τῆς
394 5344 613 5406 πόλεως
698 5340 1068 5416 ἀνδριζόμενοι
1153 5336 1413 5391 ἐνέκειντο
1489 5332 1580 5386 τὸν
1646 5328 1871 5405 βασιλέα

219 5434 538 5509 αἰτούμενοι
616 5428 941 5508 συνάρασθαί
1023 5447 1172 5507 σφισι
1263 5423 1396 5498 μετά
1473 5419 1869 5496 στρατεύματος

217 5526 356 5582 κατᾶ
398 5531 503 5595 τῆς
568 5526 677 5579 τῶν
764 5519 1049 5593 πολεμιων
1132 5513 1578 5589 ἆντιμαχήσεως,
1658 5515 1873 5572 πιστοῖς

220 5612 336 5671 οὖσι
393 5613 484 5671 καὶ
530 5612 892 5689 πατριώταις,
924 5607 1075 5686 εἷ’περ
1130 5606 1205 5681 μὴ
1255 5602 1469 5684 χείλεσι
1504 5600 1598 5674 μὲν
1631 5599 1876 5674 Ῥωμαί-

215 5726 338 5770 νοις
391 5703 760 5785 προστίθεται,
806 5703 876 5777 τῇ
927 5696 984 5755 δὶ
1032 5694 1227 5775 καρδίᾳ
1275 5691 1529 5755 Λατίνοις
1556 5689 1871 5767 προσνένευ-

1975 4532 2217 4588 aediﬁcio
2254 4538 2575 4604 parcentes,
2609 4532 2876 4588 homines
2932 4530 3188 4598 Barbari,
3215 4532 3285 4587 ab
3317 4530 3474 4587 omni
3506 4530 3621 4588 ele-

1975 4623 2171 4696 gantia
2203 4621 2375 4677 alieni
2406 4626 2461 4678 et
2492 4621 2552 4676 in
2610 4621 2902 4694 pernicem
2944 4620 3248 4677 hominum
3282 4620 3421 4678 nati.
3454 4620 3623 4678 Multi

1975 4711 2149 4767 etiam
2199 4710 2420 4767 urbana
2488 4710 2677 4767 littora
2733 4710 2989 4783 legenles
3066 4727 3315 4783 pugnam
3368 4709 3622 4778 ciebant,

1975 4800 2207 4857 victoria
2239 4816 2352 4856 non
2410 4800 2555 4872 ipsis
2603 4804 2879 4872 perpetuo
2934 4800 3185 4870 addicta,
3246 4800 3345 4856 sed
3380 4799 3621 4856 alternis

1975 4887 2141 4942 etiam
2192 4885 2474 4941 Romanis
2506 4885 2815 4957 aliquando
2847 4885 3089 4941 favente.
3132 4885 3197 4940 Et
3228 4884 3484 4940 urbanus
3515 4900 3619 4953 po-

1977 4973 2170 5047 pulus,
2207 4975 2414 5030 fiducia
2445 4983 2699 5045 sumpta,
2740 4974 2810 5029 ab
2839 4974 3184 5046 imperatore
3214 4971 3528 5045 postulavit
3558 4974 3622 5027 ut

1978 5065 2211 5137 sibi,qui
2272 5064 2471 5120 fideles
2529 5065 2643 5137 ipsi
2691 5068 2748 5120 et
2803 5063 3104 5135 populares
3161 5062 3345 5132 ipsius
3403 5066 3623 5127 essent,

1979 5170 2111 5209 cum
2146 5154 2395 5209 exercitu
2428 5154 2496 5207 ad
2522 5152 2908 5208 resistendum
2940 5149 3202 5206 hostibus
3228 5165 3395 5221 opem
3428 5148 3622 5216 ferret,

1980 5242 2093 5299 nisi
2143 5243 2284 5298 forte
2318 5242 2486 5297 labiis
2532 5244 2812 5297 duntaxat
2851 5238 3128 5295 Romanis
3163 5238 3398 5303 faveret,
3431 5235 3625 5292 animo

1982 5350 2112 5389 vero
2158 5334 2226 5388 ad
2261 5333 2497 5387 Latinos
2544 5331 2945 5404 propenderet.
2982 5329 3185 5385 Verum
3218 5328 3333 5383 illae
3385 5324 3633 5398 postula.

1982 5423 2167 5477 tiones
2193 5427 2357 5478 erant
2388 5420 2582 5476 irritae.
2634 5420 2776 5475 Nam
2816 5422 2873 5474 et
2927 5417 3157 5474 Alexius
3186 5416 3256 5473 ab
3288 5418 3466 5473 armis
3497 5432 3639 5473 con-

1985 5516 2074 5566 tra
2126 5511 2356 5566 Latinos
2414 5509 2714 5565 sumendis
2774 5506 3143 5576 abhorrebat,
3206 5506 3382 5578 idque
3434 5505 3640 5563 inutile

1985 5617 2113 5658 esse
2169 5601 2454 5673 putabat;
2495 5604 2552 5657 et
2604 5600 2753 5655 742
2814 5602 2981 5671 pater
3037 5597 3164 5670 ejus
3223 5598 3279 5654 id
3337 5596 3644 5655 consilium

1986 5691 2182 5761 dabat,
2245 5689 2449 5748 inanes
2508 5688 2852 5760 promiscue
2910 5688 3093 5745 turba:
3151 5685 3434 5749 clamores
3464 5685 3645 5760 negli-
