4028 6218
451 324 568 392 943

1745 321 2059 384 ΝῙΟΕΤΕ
2103 321 2536 386 ΟΗΟΝΙΑΤᾹΩ

3745 327 3888 388 944

449 464 692 538 gendos,
721 477 819 520 eos
851 476 980 517 vero
1008 474 1254 532 quorum
1286 475 1396 532 ope
1426 458 1486 514 in
1523 458 1767 532 patriam
1798 459 2084 514 restitutus

2211 477 2324 514 κεν.
2360 461 2533 516 Ἦσαν
2593 454 2652 513 δὲ
2714 459 2770 512 αἱ
2828 454 3152 535 ἐπαγγελίαι
3208 457 3345 533 πρὸς
3398 454 3571 530 μηδὲν
3597 457 3884 530 ἀνύσιμον

445 558 616 623 esset,
681 551 931 608 summis
984 549 1306 606 honoribus
1364 549 1701 606 afficiendos
1747 563 1896 604 esse.
1954 547 2096 603 Huic

449 642 746 700 sententiis
777 639 1035 712 reliquie
1095 655 1327 711 quoque
1367 638 1719 711 imperatorii
1775 637 2005 710 generis
2035 637 2095 692 in

444 731 625 788 Alexii
663 729 900 801 aequalis
933 729 1021 785 sui
1052 729 1298 801 gratiam
1331 729 1815 785 assentiebantur.
1848 727 2093 794 Quidam

448 821 619 877 etiam
653 819 877 875 Latinis
927 817 1237 874 familiares
1281 818 1412 874 tacti
1470 817 1759 888 colloquia
1788 817 1998 873 civium
2032 820 2097 870 ut

441 915 664 966 veteres
732 923 914 980 nugas
983 907 1459 980 aspernabantur,
1545 907 1808 962 Latinum
1880 905 2092 962 bellum

446 1001 633 1073 magis
703 999 1144 1055 reformidantes
1222 1013 1395 1070 quam
1450 1013 1753 1054 cervorum
1815 997 2096 1054 exercitus

445 1093 770 1162 rugientem
820 1087 1066 1143 leonem.
1099 1086 1263 1144 Solus
1311 1087 1572 1142 omnium
1623 1087 1810 1142 Ducas
1839 1085 2092 1151 Alexius,

448 1179 539 1235 cui
585 1178 657 1234 ob
691 1177 1002 1247 conjuncta
1049 1175 1358 1248 supercilia
1414 1181 1470 1232 et
1498 1176 1655 1232 velut
1687 1176 1870 1233 oculis
1908 1175 2096 1232 immi-

448 1268 646 1324 nentia
691 1265 956 1323 Murzuﬂi
1005 1273 1445 1336 cognomentum
1493 1266 1566 1320 ab
1613 1264 1928 1336 aequalibus
1973 1269 2096 1320 erat

447 1357 720 1422 inditum,
755 1356 914 1428 regni
957 1355 1276 1426 cupiditate
1307 1354 1576 1428 ﬂagrans,
1613 1360 1674 1409 ut
1703 1353 1914 1409 civium
1959 1371 2095 1426 gra-

450 1447 589 1502 tiam
656 1445 972 1518 colligeret,
1023 1461 1154 1499 cum
1215 1443 1436 1500 Latinis
1480 1459 1734 1515 pugnare
1788 1459 1966 1499 ausus
2020 1443 2090 1498 ad

448 1535 804 1591 Perforatum
853 1548 1053 1588 saxum
1111 1537 1167 1588 et
1195 1534 1537 1604 contiguum
1569 1532 1655 1587 illi
1714 1532 1992 1589 fornicem
2023 1531 2096 1588 il-

445 1623 626 1680 lustre
673 1623 902 1678 virtutis
959 1623 1242 1694 specimen
1310 1622 1506 1677 edidit.
1565 1622 1673 1676 Sed
1729 1621 2092 1694 popularium

445 1711 660 1767 ducum
693 1710 849 1767 nullo
882 1711 1184 1781 adjutante
1209 1712 1367 1782 (nam
1398 1709 1457 1766 id
1481 1710 1789 1782 imperator
1818 1713 2092 1782 vetuerat)

449 1805 650 1871 captus
693 1805 868 1867 esset,
931 1801 1081 1856 748
1156 1816 1302 1872 equo
1357 1799 1416 1856 in
1474 1815 1660 1872 genua
1717 1799 1984 1872 prolapso
2040 1808 2094 1857 et

451 1891 728 1947 omnibus
759 1906 940 1946 unum
961 1891 1166 1946 ducem
1189 1890 1658 1963 petentibus,nisi
1691 1906 1896 1946 manus
1925 1891 2095 1962 sagit-

447 1979 728 2036 tariorum
785 1995 919 2034 eum
953 1979 1324 2036 defendisset.
1377 1980 1620 2035 Proinde
1649 1978 1869 2051 plebeia
1901 1979 2094 2036 multi-

446 2069 602 2136 tudo,
657 2085 790 2124 cum
845 2069 1136 2124 neminem
1191 2069 1290 2140 qui
1349 2073 1548 2125 contra
1608 2071 1844 2127 Latinos
1923 2086 2088 2142 opem

445 2157 621 2212 ferret
652 2158 954 2226 inveniret,
1013 2157 1351 2214 defectionis
1381 2159 1626 2215 consilia
1673 2160 1891 2231 agitare
1923 2161 2093 2230 coepit

445 2252 499 2303 et
531 2248 810 2304 conviciis
865 2249 1249 2320 imperatores
1297 2249 1584 2320 insectari,
1643 2251 2092 2321 cogitationibus

444 2353 568 2407 qua;
601 2337 697 2392 diu
730 2336 943 2393 animis
971 2335 1262 2393 latuerant
1290 2338 1744 2410 erumpentibus.
1796 2339 2093 2410 Agebatur

441 2431 567 2482 tum
600 2426 872 2484 vicesima
902 2425 1101 2497 quinta
1131 2426 1254 2482 dies
1282 2427 1500 2482 mensis
1529 2427 1810 2496 Januarii,
1842 2429 2092 2500 septima

447 2515 780 2582 indictione,
816 2531 970 2572 anno
997 2516 1158 2570 6712.
1187 2517 1484 2572 Concursu
1515 2520 1709 2572 autem
1744 2520 1998 2574 maxime
2030 2519 2088 2572 in

445 2620 722 2677 magnum
779 2605 1060 2677 templum
1121 2605 1291 2670 facto,
1340 2606 1510 2660 etiam
1544 2611 1781 2662 senatus
1811 2613 1867 2662 et
1913 2606 2088 2663 colle-

441 2693 601 2766 gium
647 2693 990 2767 pontificum
1040 2699 1098 2750 et
1147 2695 1672 2752 ecclesiasticarum
1712 2697 1994 2768 primores
2021 2713 2090 2752 eo

439 2797 779 2854 convenere,
795 2790 852 2840 et
890 2785 961 2841 de
989 2783 1335 2853 imperatore
1373 2785 1676 2855 deligendo
1707 2802 1823 2842 una
1869 2785 2088 2842 delibe-

449 2889 575 2929 rare
632 2878 769 2929 sunt
797 2874 1003 2930 coacti.
1048 2875 1190 2928 Cum
1251 2877 1444 2928 autem
1486 2873 1800 2930 sententias
1859 2891 2090 2948 rogare-

441 2975 591 3030 mur,
673 2961 834 3017 nullo
893 2961 1066 3018 modo
1130 2967 1392 3016 auctores
1443 2978 1573 3018 esse
1630 2966 1962 3033 poteramus
2029 2967 2092 3018 ut

437 3049 882 3119 imperatoribus
933 3049 1129 3106 statim
1163 3051 1365 3120 ejectis
1398 3049 1568 3106 alium
1615 3057 1898 3119 crearent,
1931 3051 2087 3107 haud

442 3137 917 3210 ignari,quisquis
944 3139 1281 3210 designatus
1310 3148 1476 3204 esset,
1508 3155 1642 3196 eum
1683 3155 1818 3196 cum
1851 3145 1925 3196 ob
1949 3139 2086 3210 alia,

438 3232 562 3280 tum
591 3226 745 3296 quod
789 3226 1116 3282 Latinorum
1151 3229 1327 3283 duces
1382 3245 1588 3284 rursus
1637 3228 1896 3284 Alexium
1929 3245 2088 3285 sum-

437 3311 552 3368 mis
582 3313 806 3370 viribus
833 3314 1128 3370 defensuri
1160 3320 1379 3382 essent,
1415 3317 1758 3388 posteriores
1811 3317 2082 3374 laturum.

435 3403 508 3457 At
537 3400 723 3474 plebs,
757 3407 821 3458 ut
867 3402 1113 3475 simplex
1144 3409 1235 3459 est
1283 3415 1335 3460 et
1368 3405 1660 3462 mutabilis
1705 3412 1762 3462 et
1793 3408 1935 3464 nihil
1969 3409 2084 3464 nisi

437 3489 741 3549 libidinem
801 3491 860 3548 in
891 3493 1136 3549 consilio
1190 3493 1379 3563 habet,
1427 3511 1485 3550 se
1515 3495 1862 3568 Angelorum
1897 3497 2083 3568 impe-

437 3580 584 3638 rium
643 3581 864 3638 diutius
929 3581 1304 3638 toleraturum
1359 3585 1626 3656 negabat,
1690 3601 1872 3657 neque
1926 3587 2084 3657 prius

435 3670 818 3727 discessuram
854 3686 1030 3744 quam
1066 3671 1472 3743 imperatorem
1505 3689 1572 3728 ex
1601 3675 1888 3730 sententia
1918 3683 2085 3732 nacta

436 3770 604 3822 esset.
656 3763 843 3837 igitur
874 3765 998 3836 ipsa
1042 3782 1103 3820 re
1163 3767 1596 3824 contumaciam
1655 3767 1954 3824 hominum
1987 3785 2083 3826 ex-

435 3854 606 3926 perti,
641 3854 900 3910 fortunas
932 3859 1162 3911 nostras
1212 3857 1558 3913 miserantes
1591 3861 1648 3912 et
1675 3857 1894 3912 affatim
1931 3859 2083 3914 744

437 3941 824 4017 lacrymantes
855 3946 1237 4017 quiescimus,
1263 3947 1398 4020 quid
1435 3947 1685 4004 futurum
1721 3947 2082 4013 esset,multo

435 4041 568 4089 ante
621 4034 1060 4107 prospicientes.
1093 4035 1239 4091 Dum
1291 4041 1482 4092 autem
1535 4035 1618 4092 illi
1651 4036 1962 4109 diligenter
1991 4039 2074 4095 im-

435 4128 762 4196 peratorem
799 4131 1067 4198 quaerunt
1095 4130 1152 4181 et
1205 4125 1352 4182 alios
1383 4134 1549 4196 atque
1578 4126 1724 4183 alios
1750 4143 1817 4182 ex
1865 4127 2080 4184 nobili-

431 4213 541 4269 bus
575 4213 809 4272 familiis
836 4215 1162 4287 designant,
1199 4216 1430 4271 tandem
1457 4215 1526 4271 iis
1557 4215 1827 4272 omnibus
1860 4217 2082 4289 impro-

430 4303 600 4372 batis,
655 4303 910 4376 plebeios
988 4304 1366 4376 magistratus
1421 4309 1478 4361 et
1529 4305 1804 4376 quosdam
1895 4306 2079 4362 nostri

429 4392 651 4448 ordinis
730 4392 1002 4450 manibus
1081 4399 1400 4465 prehensos
1472 4396 1734 4467 accipere
1803 4412 2077 4452 coronam

429 4482 646 4536 strictis
693 4482 930 4537 ensibus
969 4481 1368 4538 hortabtntur.
1403 4487 1524 4538 Heu
1561 4482 1574 4538 ι
1609 4483 1716 4539 heu
1745 4483 1756 4539 l
1791 4484 1928 4555 quid
1972 4484 2076 4542 illo

430 4569 684 4639 periculo
716 4571 951 4642 gravius
979 4574 1148 4642 atque
1169 4572 1440 4626 acerbius
1469 4572 1497 4627 ‘I
1528 4573 1664 4644 quid
1690 4572 1848 4630 illius
1877 4572 2070 4630 conci-

424 4655 624 4712 liabuli
684 4659 945 4714 vecordia
1001 4660 1330 4716 dementius
1381 4663 1638 4732 magisve
1688 4662 1994 4720 ridiculum
2043 4661 2072 4718 ?

430 4745 859 4818 Designationis
890 4763 953 4802 ea
974 4747 1120 4803 ratio
1139 4748 1516 4806 atterebatur:
1544 4772 1572 4800 ι(
1592 4750 1824 4806 Vestem
1855 4751 2068 4808 habes:

423 4839 548 4892 esto
581 4841 778 4891 noster
807 4835 1135 4908 imperator.
1171 4859 1200 4887 »
1236 4837 1342 4893 νικ
1374 4839 1593 4894 tandem
1628 4840 1820 4896 triduo
1849 4840 2068 4913 elapso,

419 4923 847 4983 adolescentem
889 4926 1196 4998 quemdam
1260 4926 1552 4984 Nicolaum
1584 4929 1879 4986 Canabum
1924 4929 2070 4985 invi-

419 5021 545 5072 tum
605 5015 1014 5088 imperatorem
1077 5015 1443 5090 inaugurant.
1503 5017 1634 5081 Quae
1693 5018 1790 5074 ubi
1843 5019 2070 5076 Alexius

416 5105 638 5164 audivit
684 5107 840 5178 (nam
895 5106 1147 5163 Isaacius
1194 5108 1450 5162 animam
1502 5108 1726 5180 agebat,
1781 5108 1893 5164 illis
1938 5108 2066 5164 diu-

415 5193 574 5250 turni
609 5195 837 5266 imperii
883 5196 1361 5268 prazdictionibus
1410 5197 1536 5268 ipso
1567 5201 1772 5253 eventu
1806 5198 2068 5255 refutatis

414 5287 472 5338 et
506 5299 616 5337 non
652 5283 820 5340 aliter
853 5301 1025 5357 quam
1079 5285 1526 5342 febricitantium
1586 5285 1813 5342 somnia
1861 5303 2070 5343 evane-

415 5371 755 5443 scentibus),
831 5374 1191 5431 Bonifacium
1271 5374 1665 5432 marcbionem
1750 5377 1991 5432 accersit
2051 5393 2068 5443 ;

416 5456 675 5528 initoque
722 5463 960 5519 consilio
986 5465 1208 5536 utrique
1238 5465 1423 5520 visum
1456 5472 1540 5521 est
1587 5465 1822 5521 Latinas
1864 5466 2066 5521 cohor-

415 5549 506 5599 tes
548 5546 604 5599 in
657 5549 936 5618 palatium
997 5555 1386 5610 atlmittendas
1438 5571 1582 5623 esse,
1616 5556 1827 5626 quibus
1881 5571 2067 5613 novus

417 5630 531 5688 iste
561 5631 890 5707 imperator,
947 5645 1006 5695 et
1035 5645 1287 5714 pepulus
1318 5642 1417 5715 qui
1449 5642 1614 5700 illum
1675 5644 2066 5717 designasset,

2199 549 2514 619 προϊοῦσαι.
2545 548 2612 604 ‘0
2645 567 2705 602 τε
2754 547 2850 624 γὶρ
2911 545 3159 618 Ἀλέξιος
3216 545 3492 602 ὡπλίσθαι
3523 548 3669 604 κατᾶ
3701 548 3884 604 Autl—

2202 655 2309 688 νων
2341 636 2418 708 μή
2451 637 2722 715 πεφωκὼς
2765 634 2906 708 ᾤετο
2951 635 3044 691 καὶ
3096 634 3438 714 ἀσύμφορον,
3463 636 3558 692 καὶ
3609 639 3642 692 6
3671 637 3883 693 τούτου

2198 729 2378 800 πατὴρ
2481 727 2750 790 Ἰσαάκιος
2851 727 3039 804 εἰσῆγε
3113 726 3442 803 παραίφασιν
3535 734 3880 805 κενοφωνεῖν

2197 816 2327 877 τοὺς
2382 813 2442 870 ἐκ
2490 814 2726 892 τριόδων
2801 816 2914 889 ἐᾷν,
2995 816 3129 878 τοὺς
3185 813 3236 871 δ’
3291 816 3454 872 αὐτὸν
3515 817 3882 894 καταγαγόν-

2197 925 2294 966 τας
2349 903 2426 967 εἷς
2485 907 2584 974 τήν
2613 903 2850 982 πατρίδα
2903 913 3075 979 τιμῆς
3115 908 3215 975 τῆς
3269 906 3532 962 ἀνωτάτω
3557 908 3882 977 κατ-ἀξιοῦν.

2200 997 2328 1055 Ταῖς
2387 991 2444 1050 δὲ
2497 997 2748 1070 γνώμαις
2803 994 3029 1060 ταύταις
3075 994 3518 1072 προσεπέῤῥεπον
3545 997 3643 1052 καὶ
3675 999 3748 1052 τὰ
3779 1001 3880 1052 =05

2202 1082 2484 1160 βασιλείου
2566 1085 2752 1160 γένους
2839 1083 3344 1162 ἐγκαταλείμματα,
3431 1083 3631 1155 ἥλικες
3704 1083 3880 1153 ἥλικα

2196 1173 2481 1248 τέρποντες
2541 1174 2632 1230 τὸν
2689 1173 2956 1246 ’Δλέξιον.
3009 1180 3196 1232 ’Ένιοι
3246 1170 3302 1228 δὲ
3333 1170 3574 1236 καὶτοῖς
3609 1173 3876 1235 Λατίνοις

2199 1262 2274 1324 είς
2333 1263 2576 1339 ἑταίρους
2633 1265 3013 1340 ἀνακραθέντες
3087 1265 3163 1327 ὡς
3235 1262 3442 1328 ἑώλους
3502 1262 3715 1326 ὕθλους
3773 1265 3878 1328 τὰς

2195 1355 2306 1406 τῶν
2364 1350 2607 1408 πολιτῶν
2663 1351 2922 1426 ἐντεύξεις
2975 1351 3336 1431 παρέτρεχον,
3393 1353 3487 1408 τὸν
3527 1357 3642 1408 τῶν
3695 1355 3871 1408 Λατί-

2195 1463 2300 1496 νων
2331 1441 2683 1517 ἐκρεπόμενοι
2738 1442 2989 1516 πόλεμον
3040 1444 3116 1506 ὡς
3157 1440 3284 1499 οὐδὲ
3315 1441 3514 1499 λέοντα
3547 1443 3879 1518 βρυχητίαν

2197 1528 2414 1608 ἐλάφων
2449 1529 2836 1607 στρατόπεδον.
2888 1531 3073 1596 Μόνος
3129 1529 3174 1586 δ’
3226 1530 3287 1586 ἐκ
3341 1531 3558 1587 πάντων
3595 1533 3628 1586 6
3661 1531 3879 1594 Δούκας

2200 1618 2468 1690 Ἀλέξιος,
2513 1622 2571 1684 ὅς
2630 1620 2690 1677 ἐκ
2740 1625 2838 1676 τοῦ
2895 1619 3256 1676 συνεσπάσθαι
3286 1621 3383 1683 τὰς
3417 1620 3588 1699 ὀφρῦς
3616 1622 3712 1675 καὶ
3746 1621 3875 1675 οἷον

2194 1717 2311 1774 τοῖς
2352 1712 2669 1788 ὀφθαλμοῖς
2721 1713 3119 1788 ἐπικρέμασθαι
3175 1713 3312 1788 πρὸς
3369 1717 3480 1767 τῶν
3536 1705 3868 1785 συνεφήϐων

2121 1831 2168 1896 Β
2199 1799 2556 1874 ἐπωνόμαστο
2613 1800 3066 1879 Μούρτζουφλος,
3124 1799 3272 1872 πλὴν
3321 1801 3415 1856 καὶ
3483 1801 3649 1864 οὗτος
3703 1802 3874 1876 βασι-

2200 1888 2363 1945 λείῶν
2410 1890 2501 1946 καὶ
2547 1893 2647 1960 τὴν
2690 1895 2798 1946 τῶν
2845 1887 3091 1946 πολιτῶν
3139 1888 3580 1965 ἐπιτεχνώμενος
3624 1890 3872 1960 εὔνοιαν,

2197 1980 2290 2034 τὸν
2347 1981 2482 2036 κατὰ
2536 1984 2644 2035 τῶν
2705 1979 2945 2035 Λατίνων
2999 1976 3294 2054 ἀπεθάρρει
3342 1977 3619 2050 πόλεμον,
3661 1979 3869 2054 ἀρετῆς

2203 2071 2286 2142 [Ρ.
2322 2071 2451 2141 361]
2504 2089 2564 2124 τε
2622 2069 2696 2131 ὡς
2759 2067 2999 2143 μάλιστα
3055 2069 3388 2142 ποιούμενος
3446 2065 3670 2137 ἔνδειξιν
3744 2060 3878 2144 περῖ

2195 2157 2289 2214 τὸν
2340 2155 2640 2235 λεγόμενον
2701 2158 2988 2234 Τρυπητὸν
3047 2157 3200 2222 λίθον
3259 2157 3351 2212 καὶ
3408 2158 3506 2226 τὴν
3559 2155 3742 2212 ἐκεῖσε
3771 2179 3882 2213 πε-

2199 2248 2532 2322 ριαγομένην
2615 2244 2786 2322 ἀψῖδα
2877 2252 2996 2310 τοῖς
3091 2243 3377 2320 δυσμενέσι
3460 2244 3878 2318 συμπλέκεται.

2199 2334 2446 2407 Μηδενὸς
2505 2333 2563 2392 δὲ
2615 2340 2722 2392 τῶν
2781 2337 3144 2411 παρεστώτων
3199 2333 3501 2415 ὁμοφύλων
3539 2331 3875 2408 ἡγεμόνων,

2197 2421 2351 2494 δόξαν
2409 2425 2554 2480 οὕτω
2636 2423 2876 2500 βασιλεῖ,
2950 2424 3322 2500 ἐπαρῆξαντος
3402 2428 3605 2500 μικροῦ
3681 2426 3876 2481 συνεί-

2198 2512 2381 2586 ληπτο
2441 2512 2528 2570 ἄν·
2595 2513 2626 2570 6'
2679 2536 2738 2570 τε
2790 2516 2893 2591 γὰρ
2946 2513 3122 2578 ’ίππος
3179 2512 3269 2569 ἐπὶ
3326 2515 3457 2590 γόνυ
3518 2512 3779 2570 ὣκλασεν
3827 2516 3876 2589 ᾧ

2196 2603 2520 2675 ἐπεκάθητο,
2570 2605 2662 2660 καὶ
2718 2609 2860 2659 πᾶσα
2912 2607 2948 2674 ἠ
3004 2601 3258 2678 ξυμϐολὴ
3292 2604 3428 2678 πρὸς
3457 2601 3547 2658 ἕνα
3589 2603 3878 2678 ἀπεκρῖθη

2195 2693 2576 2770 πολέμαρχον,
2634 2693 2680 2750 εί
2738 2697 2813 2764 πή
2872 2693 3086 2765 τοξότις
3144 2692 3365 2749 νεολαία
3407 2700 3508 2762 τῆς
3538 2692 3778 2754 πόλεως
3809 2695 3878 2750 τὶ

2197 2781 2389 2839 δυνατὰ
2449 2787 2848 2860 παρατυχοῦσα
2933 2782 3200 2856 ἐπήμυνε.
3279 2781 3352 2839 Τό
3415 2782 3595 2839 τοίνυν
3658 2781 3880 2847 λεῶδες

2194 2879 2294 2942 τῆς
2351 2869 2566 2934 πόλεως
2629 2869 2832 2945 μηδένα
2884 2874 2985 2936 τῆς
3045 2870 3132 2926 ἐπὶ
3208 2869 3470 2931 Λατίνους
3533 2869 3874 2945 ξιφουλκίας

2195 2963 2597 3037 συναγωνιστὴν
2652 2960 2895 3035 εύρίσκον
2971 2959 3063 3015 καὶ
3121 2959 3414 3036 ξύμμαχον
3473 2958 3550 3021 είς
3613 2961 3876 3016 ἀποστα-

2194 3049 2310 3105 σίαν
2357 3048 2609 3106 οἰδαίνειν
2657 3047 2882 3125 ἤρξατο,
2939 3048 3032 3104 καὶ
3095 3048 3170 3111 ὡς
3222 3044 3390 3118 λέϐης
3423 3047 3484 3104 ἐκ
3513 3049 3690 3122 πυρὸς
3729 3052 3872 3106 κατά

2192 3145 2300 3196 τῶν
2358 3139 2698 3217 κρατούντων
2771 3138 2977 3212 ἀτμοὺς
3054 3138 3258 3194 ἀνιέναι
3335 3134 3544 3212 ὕϐρεων
3605 3140 3702 3194 καὶ
3765 3143 3867 3210 τήν

2193 3227 2364 3286 πάλαι
2425 3228 2635 3303 ὕφαλόν
2699 3249 2758 3283 τε
2821 3233 2913 3283 καί
3008 3225 3287 3304 ἄγνωστον
3355 3229 3587 3302 γνώμην
3649 3227 3864 3297 ἐκζὲειν

2191 3320 2328 3395 πρὸς
2357 3326 2494 3399 φῶς.
2525 3323 2662 3396 Ἦγε
2713 3320 2811 3392 μὲν
2842 3317 2937 3374 οὖν
2967 3317 3091 3374 τότε
3147 3319 3402 3390 πέμπτην
3457 3317 3550 3372 καὶ
3605 3319 3868 3387 sinenti!

2191 3410 2219 3464 6
2251 3409 2580 3483 Ἰανουάριος
2637 3416 2739 3478 τῆς
2795 3404 3042 3478 ἑϐδόμης
3103 3404 3478 3468 ἰνδικτιῶντος
3505 3411 3605 3461 τοῦ
3637 3405 3863 3477 ἑξακισ-

2190 3495 2480 3572 χιλιοστοῦ
2555 3497 2982 3552 ἐπτακοσιοστοῦ
3074 3491 3386 3550 δωδεκάτου
3461 3490 3639 3556 ἔτουςο

2189 3585 2402 3663 δρομῆς
2461 3583 2508 3641 δ’
2562 3587 2648 3641 ’ὀτι
2706 3583 2974 3656 πλείστης
3026 3585 3104 3648 είς
3165 3584 3261 3640 τὸν
3316 3581 3488 3658 μέγαν
3545 3587 3856 3661 γινομένης

2186 3677 2317 3732 νεὼν
2377 3676 2709 3749 ἠναγκάζετο
2765 3675 2855 3730 καὶ
2912 3676 2947 3744 ἡ
3010 3671 3319 3749 σύγκλητος
3349 3673 3386 3743 ἢ
3418 3693 3477 3729 τε
3515 3678 3629 3729 τῶν
3654 3675 3856 3749 ἀρχιε-

2189 3764 2325 3838 ρέων
2358 3766 2627 3840 ὁμήγυρις
2686 3765 2778 3819 καὶ
2835 3764 2888 3818 οἱ
2943 3767 3040 3818 τοῦ
3099 3764 3352 3838 βήματος
3390 3761 3630 3839 λόγιμοι
3655 3763 3856 3820 συνελ-

2189 3859 2298 3919 θεῖν
2366 3853 2538 3909 ἐκεῖσε
2601 3854 2691 3908 καὶ
2768 3849 3254 3926 συνδιασκέψασθαί
3334 3871 3485 3928 σφισι
3553 3852 3686 3926 περὶ
3757 3858 3852 3909 τοῦ

2186 3941 2458 4016 ἄρξοντος.
2523 3942 2652 4016 Περὶ
2726 3941 2834 3996 τῶν
2907 3940 3277 4015 προκειμένων
3333 3941 3520 3996 τοίνυν
3583 3942 3648 3996 τὸ
3712 3963 3859 4018 παρ-

2189 4033 2472 4105 ιστάμενον
2538 4028 2706 4087 εἷπεῖν
2767 4028 3162 4104 λιπαρούμενοι
3221 4029 3282 4086 ἐκ
3341 4030 3436 4103 μὶν
3496 4033 3599 4084 τοῦ
3659 4030 3858 4086 αύτίκα

2184 4117 2461 4186 ἐπιθέσθαι
2513 4125 2632 4184 τοῖς
2708 4118 3058 4194 βασιλεύουσι
3115 4119 3204 4174 καὶ
3262 4123 3609 4194 χειροτονεῖν
3667 4116 3855 4196 ἕτερον

2186 4209 2261 4274 εἷς
2318 4209 2496 4285 ἀρχὴν
2557 4207 2672 4264 οὐδ’
2729 4205 2876 4270 ὅλως
2931 4204 3332 4282 ἐδοκιμάζομεν
3395 4207 3699 4264 ὑποθέσθαι
3739 4215 3856 4271 τοῖς

2186 4303 2447 4354 συνιοῦσι’
2505 4297 2690 4359 καλῶς
2746 4297 2848 4372 γὰρ
2907 4292 3129 4370 ᾔδειμεν
3189 4297 3264 4358 ὡς
3318 4297 3380 4351 τὸ
3441 4302 3602 4370 μεῖον
3646 4298 3678 4352 ὁ
3711 4318 3854 4374 προ-

2185 4383 2414 4460 ϐληθεὶς
2446 4386 2726 4443 ἀποίσεται
2773 4389 2844 4459 τῇ
2894 4405 2952 4441 τε
2997 4383 3144 4460 ἃλλῃ
3196 4384 3286 4440 καὶ
3337 4384 3566 4442 ὅτιτῶν
3600 4389 3850 4445 Λατίνων

2186 4479 2239 4532 οἱ
2270 4477 2562 4552 στρατηγοὶ
2621 4473 2958 4553 ἀμφοτέραις
3017 4474 3106 4530 καὶ
3164 4473 3330 4530 πάλιν
3391 4475 3710 4546 ἀνθέξονται
3756 4482 3852 4532 τού

3725 3517 3824 3550 συν
3835 3527 3859 3540 ο

2103 4541 2583 4639 Ι)Ἀλεέίουνοιαὶ
2650 4541 3010 4641 περιέξονται.
3067 4564 3134 4621 Oi
3211 4561 3269 4619 δέ
3345 4563 3472 4620 λαοὶ
3529 4541 3742 4644 ἀρῆμά
3797 4588 3851 4621 τι

2183 4655 2331 4718 ὄντες
2386 4653 2582 4733 ἀφελὲς
2635 4655 2724 4710 καὶ
2783 4654 3124 4730 εύρίπιστον,
3182 4653 3275 4708 καὶ
3332 4652 3503 4710 πλέον
3543 4659 3646 4710 τοῦ
3681 4655 3855 4726 θελη-

2185 4744 2459 4820 ματαίνειν
2541 4742 2692 4799 οὐδὲν
2778 4743 3154 4814 ἐπιστάμενοι,
3215 4741 3390 4798 οὐκέτ’
3447 4741 3686 4822 ἔφασκον
3760 4744 3849 4800 ὑπ’

2179 4833 2457 4912 Ἀγγέλων
2513 4830 2804 4906 βούλεσθαι
2858 4829 3264 4906 βασιλεύεσθαι,
3313 4832 3406 4887 καὶ
3467 4833 3545 4896 ὼς
3595 4832 3701 4887 οὐκ
3749 4832 3852 4889 ἃλ-

2182 4924 2294 4987 λως
2326 4926 2354 4979 ὁ
2386 4921 2661 4998 σύλλογος
2713 4921 2916 4982 ἐκεῖνος
2970 4917 3382 4990 διαλυθήσεται,
3417 4919 3467 4976 εἴ
3498 4923 3578 4994 μή
3622 4943 3710 4985 τις
3738 4926 3848 4977 τῶν

2179 5014 2520 5089 πραγμάτων
2605 5011 2968 5086 προστήσεται
3066 5011 3322 5085 θυμήρης
3402 5009 3613 5071 αὐτοῖς.
3681 5009 3846 5084 Πεὶρᾳ

2179 5103 2353 5158 τοίνυν
2381 5101 2596 5179 γνόντες
2652 5100 2714 5156 τὸ
2771 5105 2878 5155 τῶν
2938 5096 3149 5173 ἀνδρῶν
3183 5098 3514 5170 ἀμετάθετον
3547 5100 3841 5177 ἡσυχαζο-

2183 5214 2297 5267 μεν,
2332 5191 2554 5254 ἑαυτοὺς
2606 5187 3008 5259 ταλανίζοντες,
3063 5187 3155 5241 καὶ
3206 5183 3397 5242 πολλᾶ
3441 5191 3551 5242 τῶν
3594 5192 3840 5261 παρειῶν

2177 5272 2566 5350 κατελείϐομεν
2623 5271 2845 5348 δάκρυα,
2903 5273 2966 5327 τὸ
3031 5268 3261 5344 μέλλον,
3316 5271 3391 5332 ὡς
3444 5270 3614 5339 εἰκὸς,
3680 5291 3846 5346 upon.

2180 5369 2440 5444 ρώμενοι.
2505 5365 2570 5422 Οἱ
2633 5360 2689 5418 δέ
2749 5362 2844 5417 τὸν
2905 5359 3135 5436 ἄρξοντα
3200 5357 3482 5432 ἐπιμελῶς
3545 5357 3840 5438 ἀνεδίφων,

2177 5457 2267 5512 καὶ
2323 5461 2415 5511 νῦν
2479 5454 2572 5528 μὶν
2631 5449 2804 5520 τόνδε,
2864 5454 2953 5504 νῦν
3009 5446 3057 5504 δ’
3113 5447 3316 5504 ἐκεῖνον
3347 5447 3407 5503 ἐκ
3450 5455 3552 5518 τῆς
3587 5449 3841 5526 εὐγενοῦς

2177 5544 2442 5626 φυταλιᾶς
2520 5537 2946 5618 ηύτοσχεόιαζον
3035 5537 3428 5612 αὐτοκράτορα.
3506 5538 3692 5599 Τέλος
3742 5624 3753 5626 ξ
3789 5534 3838 5592 δ’

2176 5624 2532 5711 ἀπειρηκότες
2587 5636 2704 5694 τοῖς
2760 5629 2940 5701 ὅλοις,
2999 5626 3126 5691 τοὺς
3182 5626 3568 5704 όχλαρχικοὺς
3613 5628 3706 5683 καί
3735 5624 3832 5696 δη-
