4072 6218
189 450 309 513 945
1176 443 1543 507 ISAACIUS
1592 442 1958 505 ANGELUS
2002 442 2097 502 ET
2143 439 2495 504 ALEXIUS
2539 438 2612 501 F.
3481 438 3600 504 946

193 580 491 657 μοκόπους,
526 577 701 642 ένίους
732 574 789 634 δέ
815 576 906 634 καὶ
938 579 1035 634 τοῦ
1067 577 1157 633 καὶ
1189 578 1308 642 καθ’
1374 580 1521 651 ἡμᾶς
1565 576 1826 653 τάγματοι

1958 576 2423 634 submoveretur.
2485 580 2561 634 Eo
2609 576 2852 633 consilio
2929 574 3221 646 nuntiato,
3272 576 3595 638 Murzuﬂus

187 677 290 740 τῆς
386 669 575 744 χειρὸς
649 667 1042 741 ἐπισπώμενοι,
1120 672 1476 746 στεφηφορεῖν
1562 663 1826 719 ἂνέπειθοι

1950 665 2163 734 Ducas,
2215 672 2447 738 arrepta
2495 669 2800 723 occasione
2858 668 2932 723 ad
2982 668 3363 725 deiectionem
3414 688 3592 743 quam

188 760 433 838 ξιφήρεις
462 758 757 832 ὁρώμενοι.
791 760 926 823 Φεῦ,
983 759 1080 810 σεῖ’)
1112 756 1123 811 ί
1180 753 1233 809 τί
1264 759 1360 809 τοῦ
1411 753 1535 810 τότε
1580 773 1826 828 πειρατη·

1950 757 2313 829 parturiebat
2343 759 2578 825 idonea,
2609 775 2743 815 cum
2778 757 2976 814 multis
3007 760 3269 830 cognatis
3300 762 3425 817 suis
3455 780 3590 834 spa-

190 847 311 923 ρίου
387 845 828 923 θυμαλγέα-τερον
905 844 941 914 ἢ
1019 843 1422 920 ἆχθεινότερον,
1497 844 1533 914 ἢ
1588 849 1689 913 τῆς
1727 846 1837 896 τῶν

190 934 614 1012 συνειλεγμένων
675 930 1010 1009 ἀϐελτηρίας
1089 929 1543 1010 γελοιωδέστερόν
1616 952 1674 987 τε
1747 930 1836 986 καὶ

188 1021 585 1097 ἀλογώτερον;
641 1022 711 1075 Τὸ
791 1022 916 1097 γὰρ,
1007 1042 1035 1075 α
1097 1017 1334 1094 Ἱμάτιον
1408 1017 1584 1098 ἔχειςο

183 1114 348 1185 ἡμῶν
390 1111 671 1186 ἀρχηγὸς,
732 1134 761 1162 ››
817 1110 883 1179 ἦν
937 1111 1064 1184 ὁρᾷν
1124 1109 1367 1183 ἀτεχνῶς
1424 1108 1833 1183 περαινόμενον.

184 1200 368 1264 Μόλις
436 1197 494 1255 δὲ
549 1200 639 1255 καὶ
698 1199 890 1275 τρίτης
936 1198 1150 1275 ἡμέρας
1205 1197 1655 1273 παριππευσάσης
1712 1218 1835 1252 νεα-

186 1293 370 1347 νίσκον
408 1291 527 1346 τινὰ
593 1287 855 1351 λαϐόντες
912 1288 1187 1348 Νικόλαον
1244 1289 1343 1357 τήν
1393 1287 1615 1358 κλῆσιν,
1663 1291 1835 1345 Κανα-

180 1375 281 1435 ὄὸν
338 1381 438 1448 τὴν
504 1378 818 1450 ἐπίκλησιν,
868 1378 946 1442 εἷς
1005 1377 1236 1455 βασιλέα
1294 1377 1544 1453 χρίουσιν
1608 1375 1829 1433 ἄκοντα.

178 1470 275 1531 Ὠς
337 1466 383 1523 δ’
448 1467 671 1541 Ἀλεξίῳ
737 1472 907 1524 ταῦτα
962 1468 1237 1539 ἠνώτιστο
1290 1472 1368 1540 τῷ
1446 1467 1729 1521 ἀνάσσοντι
1781 1467 1832 1540 (6

181 1559 292 1633 γὰρ
327 1558 591 1618 Ἰσαάκιος
621 1551 796 1613 ἔκειτο
826 1556 1002 1612 πνέων
1032 1559 1100 1613 τὰ
1151 1555 1394 1625 λοίσθια,
1446 1560 1553 1611 τῶν
1609 1559 1829 1630 μακρῶν

181 1647 406 1702 ἐκείνων
486 1646 961 1722 προαγγελμάτων
1022 1653 1125 1717 τῆς
1198 1644 1505 1721 μοναρχίας
1580 1641 1831 1724 φρούδων

183 1735 578 1811 ἰληλεγμένων
640 1735 728 1790 γαὶ
779 1737 854 1797 ὡς
905 1734 1257 1811 κλινεγέρτου
1307 1734 1664 1792 ἀποπτάντων
1712 1732 1832 1789 ένύ-

178 1832 380 1899 πνιον),
418 1825 761 1900 μετάκλητος
814 1828 1023 1890 τίθεται
1070 1827 1160 1881 ὑπ’
1210 1826 1372 1881 αὐτοῦ
1421 1826 1450 1880 6
1508 1825 1832 1905 Βονιφάτιος

179 1916 497 1993 μαρκέσιος,
553 1917 643 1971 καὶ
694 1915 816 1990 περῖ
866 1920 977 1971 τῶν
1033 1914 1342 1970 ἐνεστώτων
1417 1913 1581 1992 ἄμφω
1629 1912 1827 1988 σκεψά-
1860 1951 1907 2016 Β

177 2025 339 2079 μενοι
373 2002 480 2058 δεῖν
506 2001 746 2080 ἔγνωσαν
804 2001 1060 2077 δυνάμεις
1120 2001 1414 2064 Λατινικὰς
1463 2001 1830 2076 εἰσενεχθῆναι

173 2099 300 2157 τοῖς
332 2091 651 2160 παλατίοις,
683 2090 729 2146 δ’
761 2092 834 2146 ὧν
885 2086 1208 2162 ἀπόϐλητος
1254 2087 1452 2146 ἒσεῖται
1484 2092 1511 2145 6
1543 2087 1829 2165 δημοπρό-

173 2178 393 2253 ϐλητος
424 2180 516 2236 καὶ
569 2182 596 2235 6
644 2184 835 2236 τοῦτον
886 2179 1308 2254 ἀρχαιρεσιάσας
1365 2177 1521 2241 λαός.
1569 2180 1657 2241 Ὠς
1691 2175 1736 2233 δ’
1760 2180 1828 2249 ἦν

168 2275 234 2328 τὰ
307 2269 619 2345 ἐσκεμμένα
680 2274 850 2325 ταῦτα
923 2268 1312 2348 πεφωραμὲνα,
1396 2271 1481 2340 [Ρ.
1536 2270 1663 2342 362]
1737 2269 1828 2324 τὸν

175 2362 371 2436 καιρὸν
420 2359 663 2434 ἀρπάσας
704 2360 732 2414 6
765 2357 971 2421 Δούκας
1012 2359 1041 2412 6
1093 2357 1520 2437 Μούρεζουφλος
1571 2358 1645 2421 ὡς
1694 2358 1831 2431 πρὸς

166 2453 233 2523 ἢν
302 2447 498 2505 ὤδινεν
559 2448 898 2504 ἀποστασίαν
958 2445 1253 2524 ἁρμόδιον,
1315 2447 1408 2502 σὺν
1463 2452 1574 2502 τῶν
1631 2445 1691 2501 έκ
1734 2444 1830 2501 τοῦ

163 2540 384 2618 γένους
444 2537 634 2612 ἐκείνῳ
692 2543 919 2617 συχνοῖς
973 2538 1064 2593 καὶ
1115 2538 1206 2592 τὸν
1265 2535 1353 2592 ἐπὶ
1412 2540 1519 2592 τῶν
1586 2535 1827 2612 ἀρχικῶν

162 2626 492 2703 χρυσώνων
546 2626 895 2681 ὑποποιεῖται
947 2621 1194 2694 θλαδίαν,
1260 2623 1473 2678 ἁλωτὸν
1524 2623 1829 2698 ἀνθρώπιον

156 2721 352 2791 τιμῶν
427 2709 714 2770 ἀναϐάσεσι
769 2714 858 2769 καὶ
919 2714 1247 2789 εὐχείρωτον
1303 2714 1608 2786 λήμμασιν.
1668 2714 1725 2769 Ὀ
1772 2710 1829 2767 δὲ

164 2806 307 2869 τοὺς
362 2804 770 2882 πελὶκυφόρους
827 2801 1214 2874 ἐκκλησιάσας,
1278 2802 1369 2856 καί
1429 2821 1578 2877 σφισι
1630 2821 1830 2856 κοινω-

158 2896 414 2970 σάμενος
469 2895 567 2963 τήν
641 2890 914 2969 βασιλέως
998 2890 1273 2967 πρόθεσιν,
1350 2888 1525 2945 ἐκεῖνα
1601 2888 1831 2964 φιλητία

148 2986 354 3055 τίθησι
412 2983 700 3059 κρίνοντας
759 2981 860 3036 ὅσα
917 2981 974 3035 οἶ
1028 2979 1305 3056 βουλητὲα
1359 2979 1449 3034 καὶ
1526 2979 1828 3052 Ῥωμαίοις

153 3075 432 3131 ἀσπάσια.
489 3074 787 3136 Κάντεῦθεν
831 3072 866 3140 ἡ
918 3073 1014 3125 τοῦ
1048 3066 1318 3145 βασιλέως
1367 3066 1475 3123 ὧδέ
1524 3089 1642 3130 πως
1695 3064 1824 3143 δρα-

158 3169 563 3242 ματουργεῖται
642 3162 974 3238 καθαίρεσις.
1068 3160 1351 3235 Πρόσεισιν
1412 3160 1441 3214 6
1492 3161 1696 3223 Δοόκας
1747 3165 1825 3232 τῷ

155 3256 394 3331 βασιλεῖ
452 3261 555 3324 τῆς
609 3253 801 3314 νυκτὸς
869 3251 1009 3326 ἀωρὶ
1090 3248 1429 3324 (ἐπῳκείωτο
1513 3251 1618 3327 γὰρ
1692 3249 1824 3325 ὑπὲρ

157 3349 434 3418 ἃπαντας,
496 3348 753 3421 τιμηθεὶς
839 3339 1339 3421 πρωτοόεστιάριος
1408 3346 1497 3399 καὶ
1569 3346 1638 3400 τὰ
1705 3350 1821 3408 τοῖς

155 3436 413 3498 πολλοῖς
472 3436 838 3512 ἱτερόχρωμα
909 3430 1394 3508 καθυποδούμενος
1460 3432 1680 3508 πέδιλα)
1734 3434 1823 3490 καί

156 3550 312 3609 φησι
342 3532 643 3602 συμπαθῶς
670 3527 745 3589 ὡς
776 3527 829 3580 οἱ
870 3529 968 3580 τοῦ
1016 3524 1246 3599 αἳματος
1295 3522 1507 3609 ἐκείνῳ,
1559 3522 1706 3580 ἀλλὰ
1751 3522 1818 3595 δὴ

160 3607 267 3671 καὶ
330 3614 586 3670 πλεῖστον
641 3617 748 3668 τῶν
809 3611 1129 3684 ἀνωνύμων,
1191 3611 1299 3686 πρὸ
1375 3607 1433 3665 δὶ
1488 3610 1702 3666 πάντων
1759 3613 1822 3666 τὸ

155 3703 455 3763 πελέκεσιν
504 3701 874 3775 ὁπλιζόμενον
924 3694 1225 3777 βάρϐαρον,
1289 3720 1537 3776 παρεισιν
1584 3699 1674 3756 ἐπὶ
1726 3701 1822 3766 θύ-

1676 1021 1837 1092 γενοῦ

1854 3303 1950 3369 ΟΞ

1948 848 2160 904 donem
2212 847 2345 904 ﬁsco
2406 848 2734 919 praefectum
2793 848 2905 905 sibi
2936 849 3227 917 conciliat,
3282 852 3427 908 745
3481 851 3587 907 ho-

1945 939 2318 994 muncionem
2353 938 2731 994 incrementis
2762 938 3060 1008 dignitatis
3090 943 3147 994 et
3177 939 3587 1011 largitionibus

1946 1042 2063 1082 non
2095 1026 2627 1099 inexpugnabilem.
2666 1028 2718 1082 ls
2748 1044 2882 1084 vero
2928 1029 3294 1099 imperatoris
3344 1030 3585 1087 consilio

1946 1114 2322 1187 bipenniferis
2380 1117 2645 1172 nuntiato
2697 1116 2875 1171 efﬁcit
2946 1122 3009 1171 ut
3066 1133 3130 1171 ea
3187 1117 3586 1188 amplectenda

1944 1211 2218 1260 censeant
2248 1221 2376 1275 quze
2407 1205 2531 1275 ipse
2564 1205 2738 1260 vellet
2768 1210 2825 1260 et
2855 1205 3132 1261 Romanis
3173 1209 3334 1277 grata
3365 1211 3583 1266 essent.

1946 1292 2023 1347 Ex
2054 1307 2120 1348 eo
2166 1293 2535 1362 imperatoris
2585 1292 2848 1364 expulsio
2900 1294 3060 1363 quasi
3108 1310 3209 1364 per
3238 1294 3441 1350 ludum
3490 1296 3583 1351 in-

1942 1381 2203 1452 choatur,
2262 1398 2511 1454 cumque
2564 1389 2752 1440 Ducas
2810 1384 3155 1456 intempesta
3223 1388 3390 1441 nocte
3461 1386 3585 1441 adit

1942 1472 2088 1543 (erat
2145 1471 2301 1527 enim
2358 1474 2410 1528 ei
2468 1471 2674 1527 intima
2742 1472 3126 1528 familiaritate
3186 1474 3579 1544 coniunctus,

1941 1560 2355 1633 protovestiarii
2389 1561 2672 1633 dignitate
2720 1565 2778 1617 et
2812 1561 3139 1632 insignibus
3169 1561 3376 1618 calceis
3405 1564 3477 1618 ab
3517 1580 3584 1620 eo

1940 1654 2223 1719 ornatus),
2254 1659 2305 1706 et
2357 1656 2556 1706 mcesta
2585 1667 2723 1707 voce
2752 1651 2836 1706 ait
2882 1655 3159 1721 cognatos
3189 1652 3316 1721 ejus
3345 1656 3403 1708 et
3450 1652 3585 1723 plu-

1940 1743 2121 1796 rimos
2149 1741 2398 1797 obcuros
2445 1739 2734 1806 homines,
2789 1738 2849 1794 in
2884 1739 3086 1810 primis
3134 1756 3263 1796 vero
3317 1739 3582 1812 bipenni-

1940 1828 2090 1885 feros
2119 1828 2425 1895 Barbaros,
2468 1827 2683 1884 furioso
2732 1828 2952 1899 impetu
2979 1828 3041 1885 in
3091 1829 3310 1885 foribus
3339 1845 3463 1884 esse
3509 1829 3579 1885 ad

1938 1934 2095 1987 eum,
2125 1918 2197 1975 ob
2230 1918 2429 1975 initam
2463 1934 2596 1975 cum
2629 1918 2849 1974 Latinis
2879 1918 3327 1975 familiaritatem
3357 1923 3415 1975 et
3442 1919 3582 1974 ami-

1936 2009 2152 2079 citiam,
2205 2007 2669 2079 discerpendum.
2705 2008 2760 2063 Is
2809 2024 2960 2074 vero,
2997 2023 3062 2064 eo
3093 2009 3295 2063 nuntio
3342 2008 3581 2063 territus

1932 2102 2106 2169 atque
2153 2097 2611 2167 obstupefactus,
2665 2101 2794 2152 orat
2851 2101 2914 2153 ut
2966 2096 3103 2168 quid
3164 2098 3449 2163 agendum
3508 2096 3585 2151 sit

1936 2191 2189 2243 moneat.
2236 2186 2382 2241 Tum
2432 2184 2531 2240 ille
2578 2184 2985 2256 imperatorem
3041 2186 3156 2241 lata
3194 2190 3352 2241 veste
3397 2189 3456 2242 et
3508 2185 3581 2241 ad

1934 2275 2110 2347 pedes
2142 2290 2319 2344 usque
2350 2273 2478 2328 fusa
2509 2273 2869 2342 complexus,
2902 2290 3002 2344 per
3032 2278 3258 2344 portam
3299 2273 3581 2345 plerisque

1933 2363 2193 2436 ignotam
2226 2363 2287 2418 in
2337 2364 2675 2433 tentorium,
2727 2363 2880 2434 quod
2936 2363 2996 2418 in
3040 2363 3249 2433 palatio
3309 2362 3576 2429 habebat,

1933 2453 2091 2524 quasi
2152 2452 2502 2508 liberaturus
2554 2452 2834 2524 perducit.
2869 2452 2973 2518 Qui
3019 2452 3092 2509 ob
3144 2451 3199 2507 id
3256 2453 3471 2508 factum
3526 2451 3579 2507 ei

1933 2558 2078 2613 pene
2112 2542 2262 2597 746
2306 2542 2518 2611 gratias
2557 2541 2780 2612 agebat,
2813 2547 2869 2597 et
2917 2542 3253 2598 Davidicum
3305 2540 3445 2596 illud
3479 2557 3579 2596 ca-

1932 2629 2142 2685 nebat:
2198 2629 2565 2685 aOccultavit
2620 2644 2711 2683 me
2767 2627 2827 2684 in
2879 2628 3128 2684 tentorio
3186 2643 3314 2696 suo,
3374 2627 3436 2683 in
3485 2628 3578 2682 die

1931 2718 2210 2775 malorum
2262 2734 2557 2774 meorum:
2607 2718 2749 2773 texit
2780 2734 2871 2774 me
2922 2721 2980 2774 in
3019 2718 3248 2773 occulto
3304 2717 3580 2773 taberna-

1930 2809 2046 2866 culi
2079 2808 2190 2866 eui.
2227 2830 2255 2858 »
2288 2808 2391 2863 ltle
2430 2823 2564 2863 vero
2595 2807 2834 2863 alternis
2884 2806 3302 2879 respondebat:
3339 2829 3367 2857 ‹‹
3404 2807 3577 2863 Labia

1930 2897 2207 2953 dolosain
2238 2897 2429 2962 corde,
2451 2900 2508 2951 et
2528 2895 2586 2951 in
2613 2895 2788 2951 corde
2808 2894 3035 2951 locutus
3066 2899 3152 2951 est
3184 2893 3369 2962 male;
3392 2910 3458 2950 ac
3481 2910 3577 2964 pa-

1930 2991 2058 3043 cate
2089 3001 2313 3042 mecum
2349 2984 2523 3041 locuti
2553 2988 2712 3053 sunt,
2735 2988 2792 3040 et
2822 2984 2951 3039 irati
2970 2983 3135 3040 dolos
3163 2988 3515 3039 struxerunt.
3541 3004 3570 3034 ››

1930 3078 2011 3132 Ac
2042 3076 2273 3134 Alexius
2303 3075 2496 3129 statim
2547 3074 2918 3145 compedibus
2947 3074 3176 3143 injectis
3204 3076 3265 3129 in
3313 3072 3574 3128 omnium

1928 3164 2286 3221 teterrimum
2339 3178 2626 3220 carcerem
2683 3161 3016 3233 conjicitur,
3075 3161 3385 3217 Mursuﬂus
3441 3176 3575 3216 vero

1934 3256 2188 3327 insignia
2243 3254 2469 3326 imperii
2547 3254 2759 3319 sumit,
2828 3267 3075 3322 eumque
3130 3251 3403 3321 deinceps
3478 3250 3575 3307 alii

1935 3347 2340 3418 imperatorem
2419 3347 2489 3401 de
2573 3360 2728 3400 more
2813 3341 3241 3400 consalutant:
3331 3340 3428 3396 alii
3503 3340 3574 3397 ad

1932 3433 2225 3490 Cenabum
2279 3433 2340 3489 in
2391 3430 2602 3502 templo
2651 3431 2946 3487 sedentem
2994 3429 3343 3498 confluunt,
3393 3428 3574 3484 virum

1931 3522 2049 3581 leni
2106 3524 2361 3597 ingenio,
2414 3521 2712 3579 cordatum
2774 3529 2824 3575 et
2886 3537 3002 3576 non
3050 3519 3387 3576 imbellem.
3464 3518 3573 3573 Sed

1932 3613 2063 3683 quia
2110 3614 2306 3685 pejora
2361 3611 2510 3682 apud
2571 3610 2904 3681 Cpolitanos
2956 3610 3013 3664 in
3074 3608 3277 3680 primis
3336 3606 3574 3662 vincunt

1930 3708 2086 3773 (nam
2139 3700 2496 3773 papularium
2532 3714 2789 3757 meorum
2820 3698 3015 3768 gratias
3065 3697 3361 3754 veritatem
3411 3702 3571 3750 ante-

1931 3794 2122 3865 pono),
2199 3792 2363 3846 Ducaa
2435 3805 2575 3860 opes
2633 3788 2963 3844 crescebant
3040 3789 3096 3842 et
3164 3785 3570 3852 firmabantur,

149 3816 283 3871 ραις
344 3796 548 3869 ὁρμαῖς
612 3789 961 3868 μανιώδεσιν,
1031 3790 1320 3866 αὐτοχειρὶ
1368 3789 1527 3846 αὐτὸν
1593 3786 1820 3845 διασπά-

150 3906 348 3948 σοντες
372 3885 449 3947 ὡς
480 3881 590 3955 ἢδη
621 3887 739 3945 τοῖς
795 3882 1050 3943 Λατίνοις
1107 3880 1426 3959 ὲκφανθέντα
1475 3880 1684 3955 ὁμόνοα
1732 3881 1821 3935 καὶ

142 3982 262 4047 τῆς
324 3974 505 4030 αὐτῶν
567 3971 935 4045 ἐξηρτημένον
1005 3968 1214 4051 φιλίας.
1275 3971 1332 4024 Ὀ
1414 3967 1471 4025 δὲ
1543 3971 1678 4046 πρὸς
1718 3971 1818 4039 την

148 4068 337 4136 ἃκοήν
397 4065 602 4135 ταύτην
663 4061 1079 4138 μορμολυχθεὶς
1138 4061 1228 4115 καὶ
1290 4061 1475 4138 φανεὶς
1548 4055 1819 4133 ἔκθαμϐος

144 4158 459 4220 ὑποθέσθαι
513 4155 567 4209 οἱ
612 4153 677 4208 τὸ
727 4150 1191 4227 πραχθησόμενον
1240 4148 1480 4225 λιπαρεῖ.
1535 4149 1822 4225 Περισχὼν

143 4248 345 4304 τοίνυν
378 4245 469 4299 τὸν
504 4240 738 4319 βασιλέα
792 4244 872 4313 τῷ
916 4238 1344 4315 κατακεχυμένῳ
1407 4235 1577 4313 μέχρι
1628 4234 1819 4293 ποδῶν

138 4339 246 4393 καὶ
280 4333 488 4391 πλατεῖ
515 4329 780 4405 έπενδύτῃ
811 4333 909 4384 τοῦ
963 4329 1220 4402 σώματος
1274 4327 1563 4397 συνέξεισιν
1612 4326 1819 4400 ἐκείνῳ,

138 4428 244 4483 καὶ
305 4423 496 4479 ἄπεισι
557 4419 604 4476 δ’
661 4420 899 4498 ἀφανῶς
950 4422 1070 4480 τοῖς
1128 4417 1413 4479 πλείστοις
1467 4414 1704 4479 πυλίδος
1764 4417 1818 4480 ἐς

135 4519 209 4574 τὸ
245 4515 526 4585 σκήνωμα
569 4510 599 4564 6'
650 4506 717 4579 δὴ
775 4512 886 4563 τῶν
951 4504 1245 4583 βασιλείων
1316 4506 1463 4581 εἶχεν
1520 4505 1693 4573 έντὸς,
1745 4506 1820 4569 ὡς

138 4602 317 4673 δῆθεν
345 4601 510 4656 αὐτὸν
559 4597 881 4675 ῥυσόμενος.
943 4593 1049 4652 Καὶ
1105 4592 1363 4669 βασιλεὺς
1414 4595 1511 4667 μὶν
1556 4593 1645 4649 ἐπὶ
1703 4599 1819 4656 τοῖς

151 4671 315 4749 cii-cm
379 4671 684 4766 δρωμένοις
749 4689 948 4762 μικροῦ
1000 4684 1090 4741 καὶ
1151 4685 1382 4763 χάριτας
1433 4683 1714 4759 ὡμολόγει
1767 4689 1846 4757 τῷ
1901 4681 2097 4752 Δούκᾳ,
2159 4680 2249 4734 καὶ
2294 4679 2362 4734 τὰ
2420 4683 2516 4734 τοῦ
2575 4671 3097 4766 Δαϐὶδ-ὑπέκραγεν
3184 4673 3436 4766 ἄντικρυς
3496 4675 3579 4731 ἐπ’

142 4780 336 4853 circa),
375 4763 672 4853 uv’Expoqré
705 4797 773 4850 με
802 4775 854 4831 έν
898 4778 1071 4848 σκηνῇ
1104 4772 1270 4828 αὐτοῦ
1317 4772 1370 4828 έν
1424 4774 1608 4848 ἡμέρᾳ
1661 4777 1843 4828 κακῶν
1888 4793 1993 4848 μου
2043 4766 2300 4825 ἐσκέπασέ
2347 4787 2414 4841 με
2460 4766 2513 4822 ἐν
2568 4764 2872 4842 ἀποκρύφῳ
2927 4772 3029 4853 τῆς
3079 4770 3281 4853 σκηνῆς
3328 4763 3515 4822 αὐτοῦ.
3548 4789 3578 4818 η

140 4873 221 4929 Ὀ
253 4851 313 4925 δέ
343 4870 467 4923 καθ’
494 4851 655 4942 ’ἕτερα
685 4861 1120 4939 ψαλμῳδήματα
1148 4860 1246 4918 τοῖ’)
1273 4859 1463 4935 Δαὸἱδ,
1504 4861 1535 4917 ἃ
1564 4883 1721 4939 φησι,
1777 4886 1806 4915 ι(
1836 4860 2009 4931 Χείλη
2064 4857 2225 4915 δολια
2274 4856 2327 4913 έν
2381 4854 2599 4931 καρδίᾳ,
2647 4855 2738 4910 καὶ
2789 4854 2840 4909 ὲν
2888 4851 3083 4929 καρδίᾳ
3134 4851 3374 4924 έλάλησε
3420 4856 3577 4909 κακά.

142 4960 248 5015 καὶ
283 4957 416 5031 ἐμοὶ
451 4957 546 5031 μὲν
592 4954 838 5029 εἰρηνικᾶ
887 4950 1144 5024 ἐλάλουν,
1203 4951 1293 5006 καὶ
1352 4952 1435 5007 ἐπ’
1493 4952 1664 5029 ὀργὴν
1722 4948 1918 5014 δόλους
1973 4948 2361 5025 διελογίζοηο,
2395 4970 2424 4998 ››
2480 4949 2647 5001 ταῦτα
2703 4944 2771 5014 ἦν
2818 4942 3035 5018 μετιών.
3089 4942 3187 4996 Καὶ
3216 4949 3583 5031 ,παραχρῆμα

147 5051 183 5105 6
277 5025 376 5120 μέν
450 5025 660 5119 σιδήρω
705 5025 855 5103 τοὺς
913 5037 1085 5102 πόδας
1142 5025 1643 5118 ἀσφαλισθεῖςγκαὶ
1698 5037 2061 5117 παραῤῥιφεῖς
2121 5034 2407 5108 δεινοτάτῃ
2486 5034 2631 5109 παρᾶ
2694 5031 2874 5120 ,πάσας
2950 5031 3137 5105 εἱρκτῇ
3214 5025 3389 5120 ἔθετο
3435 5028 3579 5083 οὕτω

156 5118 372 5198 σκότος
403 5118 726 5213 ἀποκρυφὴν
782 5130 970 5199 αὐτοῦ,
1022 5129 1052 5184 6
1118 5126 1177 5184 δέ
1238 5134 1367 5192 τοῖς
1426 5129 1735 5205 βασιλικοῖς
1800 5134 2087 5202 κοσμεῖται
2153 5122 2483 5199 συμϐολοις.
2552 5119 2734 5213 ’ζει-δ’
2800 5120 2886 5175 ἐπὶ
2933 5120 3157 5213 Δἰτοότοις
3224 5118 3276 5172 οἱ
3342 5119 3437 5213 μέν
3485 5120 3581 5213 .τῷ

139 5226 336 5296 Δοῦκᾳ
400 5204 784 5298 προσρΰόνται,
852 5218 943 5274 καὶ
1009 5218 1106 5281 τὰς
1169 5216 1423 5280 εἷωθυίας
1487 5223 1567 5291 τῷ
1618 5216 1981 5292 αὐτοκράτορι
2049 5217 2377 5290 προσρήσεις
2460 5207 2826 5267 ἀναδιδόῃσιν·
2867 5209 2952 5298 ὀἱ
3011 5205 3068 5261 δέ
3145 5210 3226 5278 τῷ
3282 5204 3581 5298 καθημένῳ

138 5318 247 5374 ἐπὶ
312 5292 417 5370 νεὼ
445 5292 831 5389 ’προσνεύουσι
891 5302 1139 5381 Καναϐᾧ,
1182 5304 1336 5383 ἀνδρὶ
1385 5307 1447 5362 τὸ
1497 5307 1635 5376 ἦθος
1697 5304 1936 5381 μειλίχῳ
1986 5305 2075 5360 καὶ
2126 5301 2284 5373 δεξιῷ
2327 5303 2425 5370 τήν
2467 5301 2746 5389 γνώμην,Δ
2779 5294 2908 5370 μηδ’
2950 5296 3163 5389 ἀγεννεῖ
3206 5294 3273 5350 τὰ
3315 5292 3580 5389 πολέμια.

140 5405 314 5464 ,Επεὶ
373 5401 430 5459 δὲ
484 5381 553 5457 τά
614 5398 787 5479 χείρω
852 5381 1292 5473 ἐπικρατέστερα
1335 5397 1481 5470 παρὰ
1545 5399 1663 5456 τοῖς
1755 5389 2417 5479 Κωνσταντινουπολίταις
2500 5388 2609 5479 καὶ,
2655 5385 2896 5479 μάλιστα
2961 5381 3212 5479 (ιριλτὲρᾳα
3277 5383 3381 5459 γὰρ
3450 5385 3582 5479 όπέρ

137 5494 289 5557 τοὺς
349 5470 739 5570 ὁμογενεῖςνῆ
804 5470 1083 5559 ἀλήθεια),
1150 5470 1215 5541 ὁί
1245 5486 1343 5559 μὶτ
1412 5484 1617 5548 Δούκας
1671 5482 2023 5570 ἐκραταιοῦτο
2102 5481 2193 5536 καὶ
2278 5477 2524 5570 ηὔξανεν,
2591 5474 2747 5570 δ’δὲ
2784 5564 2795 5570 Δ
2834 5470 3069 5570 Καναϐὸς
3160 5470 3583 5570 ἀμαυρουμένην

148 5585 287 5663 εἶχε
338 5562 437 5654 την
478 5562 698 5656 ἀἴγλην
755 5578 894 5635 κατὰ
953 5574 1186 5647 σελήνην
1240 5574 1596 5653 λειψίφωτον.
1640 5576 1939 5647 Χεῖροῦται
1993 5568 2050 5625 δὲ
2100 5569 2371 5642 καὶπρὸς
2424 5571 2531 5621 τῶν
2582 5563 2910 5642 ὁπλοφόρων
2967 5567 3064 5663 τοῦ
3121 5562 3297 5663 Actiaci
3351 5563 3451 5618 οὐκ
3507 5564 3582 5627 εἰς

149 5650 527 5749 μακρὸννκαῖ
563 5650 807 5751 ’φρουρᾶ
875 5664 1267 5745 παρπδίδοται,
1335 5650 1471 5741 πρὸς
1541 5659 1690 5717 οὐδὲν
1759 5660 2148 5737 ἐπαρκέσαντος
2218 5658 2365 5731 αὐτῷ
2428 5660 2526 5712 τοῦ
2594 5653 2917 5731 βασιλευτοῦ
2967 5650 3101 5722 λέὼ,
3158 5652 3303 5709 ἀλλὰ
3369 5654 3584 5717 πάντως

1930 3879 2142 3936 Cenabi
2199 3894 2331 3935 vero
2363 3874 2630 3946 splendor
2683 3878 2743 3929 ut
2792 3873 2944 3929 lunae
2999 3871 3320 3928 deﬁcientis
3365 3871 3571 3927 obscu-

1931 3970 2197 4034 rebatur;
2274 3983 2378 4023 nec
2450 3964 2631 4020 multo
2706 3969 2833 4032 post
2897 3980 2930 4017 a
2985 3959 3332 4017 satellitibus
3405 3963 3571 4017 Ducis

1930 4064 2134 4129 captus
2177 4055 2442 4112 custodiae
2490 4052 2754 4122 traditur,
2792 4052 3000 4122 populo
3042 4049 3189 4105 nihil
3235 4049 3573 4121 epitulante,

1930 4151 2059 4221 post
2134 4144 2646 4219 proclamationem
2726 4142 2854 4211 ejus
2929 4138 3208 4212 dispersis
3276 4138 3572 4194 omnibus.

1930 4238 2210 4293 Caeterum
2270 4230 2470 4288 Alexio
2519 4229 2850 4299 imperatori
2913 4229 3096 4284 Ducas
3146 4227 3233 4284 bis
3286 4242 3574 4285 venenum

1930 4323 2291 4398 propinavit;
2328 4321 2474 4377 747
2510 4320 2666 4392 quod
2699 4334 2830 4374 cum
2876 4316 3216 4374 adolescens
3245 4323 3365 4372 tum
3396 4317 3576 4373 aetatis

1930 4415 2134 4472 robore
2210 4416 2330 4467 tum
2408 4409 2729 4473 antidotis,
2787 4405 2996 4478 quibus
3057 4406 3207 4464 clam
3271 4406 3576 4471 utebatur,

1929 4503 2183 4572 vicisset,
2243 4501 2445 4572 laqueo
2500 4498 2553 4555 ei
2611 4502 2808 4570 guttur
2861 4497 3045 4563 elidit,
3104 4511 3302 4552 mense
3350 4495 3577 4567 imperii

1930 4601 2110 4661 sexto,
2144 4590 2234 4647 die
2264 4600 2486 4646 octavo.
