  <div class='ocr_page' id='page_1' title='image "/cluster/home/n/w/nwhite01/storage/ocr_20150623/139/hvd.32044023361710/479.png"; bbox 0 0 4072 6218; ppageno 0'>
   <div class='ocr_carea' id='block_1_1' title="bbox 477 369 596 435">
    <p class='ocr_par' dir='ltr' id='par_1_1' title="bbox 477 369 596 435">
     <span class='ocr_line' id='line_1_1' title="bbox 477 369 596 435; baseline -0.05 0"><span class='ocrx_word' id='word_1_1' title='bbox 477 369 596 435; x_wconf 67' lang='grc'><strong>947</strong></span> 
     </span>
    </p>
   </div>
   <div class='ocr_carea' id='block_1_2' title="bbox 1798 373 2559 437">
    <p class='ocr_par' dir='ltr' id='par_1_2' title="bbox 1798 373 2559 437">
     <span class='ocr_line' id='line_1_2' title="bbox 1798 373 2559 437; baseline 0 -3"><span class='ocrx_word' id='word_1_2' title='bbox 1798 373 2103 435; x_wconf 75' lang='grc' dir='ltr'><strong>ΝΙΟΕΤιΕ</strong></span> <span class='ocrx_word' id='word_1_3' title='bbox 2146 373 2559 437; x_wconf 66' lang='grc' dir='ltr'><strong>ΟΗΟΝΙΑΤᾸΞ</strong></span> 
     </span>
    </p>
   </div>
   <div class='ocr_carea' id='block_1_3' title="bbox 3779 380 3917 439">
    <p class='ocr_par' dir='ltr' id='par_1_3' title="bbox 3779 380 3917 439">
     <span class='ocr_line' id='line_1_3' title="bbox 3779 380 3917 439; baseline -0.029 0"><span class='ocrx_word' id='word_1_4' title='bbox 3779 380 3917 439; x_wconf 72' lang='grc'><strong>948</strong></span> 
     </span>
    </p>
   </div>
   <div class='ocr_carea' id='block_1_4' title="bbox 485 504 3917 586">
    <p class='ocr_par' dir='ltr' id='par_1_4' title="bbox 485 504 3917 586">
     <span class='ocr_line' id='line_1_4' title="bbox 485 504 3917 586; baseline -0.001 -17"><span class='ocrx_word' id='word_1_5' title='bbox 485 511 889 586; x_wconf 70' lang='grc' dir='ltr'><strong>διασπαρέντων</strong></span> <span class='ocrx_word' id='word_1_6' title='bbox 953 509 1108 572; x_wconf 72' lang='grc' dir='ltr'>εὐθὺς</span> <span class='ocrx_word' id='word_1_7' title='bbox 1146 510 1279 584; x_wconf 85' lang='grc' dir='ltr'>μετᾶ</span> <span class='ocrx_word' id='word_1_8' title='bbox 1335 507 1435 575; x_wconf 75' lang='grc' dir='ltr'>τὴν</span> <span class='ocrx_word' id='word_1_9' title='bbox 1502 508 1819 585; x_wconf 65' lang='grc' dir='ltr'>ἀνάρρησιν.</span> <span class='ocrx_word' id='word_1_10' title='bbox 1887 510 1978 580; x_wconf 79' lang='grc' dir='ltr'>Τῷ</span> <span class='ocrx_word' id='word_1_11' title='bbox 2036 505 2091 563; x_wconf 76' lang='grc' dir='ltr'>δὲ</span> <span class='ocrx_word' id='word_1_12' title='bbox 2155 507 2376 582; x_wconf 84' lang='grc' dir='ltr'>βασιλεῖ</span> <span class='ocrx_word' id='word_1_13' title='bbox 2431 506 2659 580; x_wconf 80' lang='grc' dir='ltr'>Ἀλεξίῳ</span> <span class='ocrx_word' id='word_1_14' title='bbox 2715 504 2796 569; x_wconf 83' lang='grc' dir='ltr'><strong>δὶς</strong></span> <span class='ocrx_word' id='word_1_15' title='bbox 2867 508 2966 582; x_wconf 80' lang='grc' dir='ltr'>μὶν</span> <span class='ocrx_word' id='word_1_16' title='bbox 3022 505 3341 585; x_wconf 70' lang='grc' dir='ltr'>προῦτεννεν</span> <span class='ocrx_word' id='word_1_17' title='bbox 3393 509 3421 563; x_wconf 99' lang='lat'><strong>6</strong></span> <span class='ocrx_word' id='word_1_18' title='bbox 3471 510 3687 574; x_wconf 77' lang='grc' dir='ltr'>Δοὺκας</span> <span class='ocrx_word' id='word_1_19' title='bbox 3762 517 3917 582; x_wconf 73' lang='grc' dir='ltr'>ζωης</span> 
     </span>
    </p>
   </div>
   <div class='ocr_carea' id='block_1_5' title="bbox 482 594 3917 677">
    <p class='ocr_par' dir='ltr' id='par_1_5' title="bbox 482 594 3917 677">
     <span class='ocr_line' id='line_1_5' title="bbox 482 594 3917 677; baseline -0.001 -18"><span class='ocrx_word' id='word_1_20' title='bbox 482 604 895 677; x_wconf 76' lang='grc' dir='ltr'>κατευνάστριαν</span> <span class='ocrx_word' id='word_1_21' title='bbox 955 600 1173 656; x_wconf 66' lang='grc' dir='ltr'>κύλικα·</span> <span class='ocrx_word' id='word_1_22' title='bbox 1236 599 1310 660; x_wconf 80' lang='grc' dir='ltr'>ὡς</span> <span class='ocrx_word' id='word_1_23' title='bbox 1378 594 1425 651; x_wconf 80' lang='grc' dir='ltr'>δ’</span> <span class='ocrx_word' id='word_1_24' title='bbox 1498 597 1564 667; x_wconf 78' lang='grc' dir='ltr'>ἦν</span> <span class='ocrx_word' id='word_1_25' title='bbox 1635 598 1663 652; x_wconf 91' lang='lat'><strong>6</strong></span> <span class='ocrx_word' id='word_1_26' title='bbox 1733 598 1922 673; x_wconf 80' lang='grc' dir='ltr'>μείραξ</span> <span class='ocrx_word' id='word_1_27' title='bbox 1984 601 2078 652; x_wconf 71' lang='grc' dir='ltr'>τοῖ’)</span> <span class='ocrx_word' id='word_1_28' title='bbox 2136 598 2425 676; x_wconf 74' lang='grc' dir='ltr'><strong>φαρμάκου</strong></span> <span class='ocrx_word' id='word_1_29' title='bbox 2490 597 2896 673; x_wconf 87' lang='grc' dir='ltr'>νεανικώτερος,</span> <span class='ocrx_word' id='word_1_30' title='bbox 2965 594 3270 660; x_wconf 82' lang='grc' dir='ltr'>ἃντιδότοις</span> <span class='ocrx_word' id='word_1_31' title='bbox 3337 600 3637 673; x_wconf 83' lang='grc' dir='ltr'>χρώμενος</span> <span class='ocrx_word' id='word_1_32' title='bbox 3708 599 3917 673; x_wconf 65' lang='grc' dir='ltr'>λάθρα,</span> 
     </span>
    </p>
   </div>
   <div class='ocr_carea' id='block_1_6' title="bbox 487 685 3923 769">
    <p class='ocr_par' dir='ltr' id='par_1_6' title="bbox 487 685 3923 769">
     <span class='ocr_line' id='line_1_6' title="bbox 487 685 3923 769; baseline -0 -22"><span class='ocrx_word' id='word_1_33' title='bbox 487 690 558 748; x_wconf 84' lang='grc' dir='ltr'>δι’</span> <span class='ocrx_word' id='word_1_34' title='bbox 582 692 827 769; x_wconf 82' lang='grc' dir='ltr'>ἀγχόνης</span> <span class='ocrx_word' id='word_1_35' title='bbox 856 690 951 745; x_wconf 88' lang='grc' dir='ltr'><strong>τὸν</strong></span> <span class='ocrx_word' id='word_1_36' title='bbox 980 697 1081 759; x_wconf 73' lang='grc' dir='ltr'><strong>τῆς</strong></span> <span class='ocrx_word' id='word_1_37' title='bbox 1118 694 1261 758; x_wconf 78' lang='grc' dir='ltr'>ζωῆς</span> <span class='ocrx_word' id='word_1_38' title='bbox 1315 686 1504 758; x_wconf 83' lang='grc' dir='ltr'>ἐκείνῳ</span> <span class='ocrx_word' id='word_1_39' title='bbox 1574 686 1729 759; x_wconf 89' lang='grc' dir='ltr'>μίτον</span> <span class='ocrx_word' id='word_1_40' title='bbox 1780 685 2042 759; x_wconf 63' lang='grc' dir='ltr'>ἐκτέμνει,</span> <span class='ocrx_word' id='word_1_41' title='bbox 2093 687 2127 757; x_wconf 72' lang='grc' dir='ltr'><strong>ἢ</strong></span> <span class='ocrx_word' id='word_1_42' title='bbox 2172 688 2261 741; x_wconf 74' lang='grc' dir='ltr'><strong>καὶ</strong></span> <span class='ocrx_word' id='word_1_43' title='bbox 2313 687 2489 749; x_wconf 63' lang='grc' dir='ltr'>οὕτως</span> <span class='ocrx_word' id='word_1_44' title='bbox 2540 686 2735 755; x_wconf 73' lang='grc' dir='ltr'>εἰπεῖν,</span> <span class='ocrx_word' id='word_1_45' title='bbox 2797 686 2886 742; x_wconf 78' lang='grc' dir='ltr'>διὰ</span> <span class='ocrx_word' id='word_1_46' title='bbox 2937 694 3128 757; x_wconf 85' lang='grc' dir='ltr'>στενῆς</span> <span class='ocrx_word' id='word_1_47' title='bbox 3170 688 3262 743; x_wconf 81' lang='grc' dir='ltr'><strong>καὶ</strong></span> <span class='ocrx_word' id='word_1_48' title='bbox 3308 687 3695 762; x_wconf 78' lang='grc' dir='ltr'>τεθλιμμένης</span> <span class='ocrx_word' id='word_1_49' title='bbox 3742 689 3923 759; x_wconf 75' lang='grc' dir='ltr'>τῆσδε</span> 
     </span>
    </p>
   </div>
   <div class='ocr_carea' id='block_1_7' title="bbox 486 769 3924 856">
    <p class='ocr_par' dir='ltr' id='par_1_7' title="bbox 486 769 3924 856">
     <span class='ocr_line' id='line_1_7' title="bbox 486 769 3924 856; baseline -0 -20"><span class='ocrx_word' id='word_1_50' title='bbox 486 781 707 855; x_wconf 84' lang='grc' dir='ltr'>πορείας</span> <span class='ocrx_word' id='word_1_51' title='bbox 738 782 837 850; x_wconf 75' lang='grc' dir='ltr'>τὴν</span> <span class='ocrx_word' id='word_1_52' title='bbox 870 781 1057 856; x_wconf 73' lang='grc' dir='ltr'>ψυχὴν</span> <span class='ocrx_word' id='word_1_53' title='bbox 1116 776 1305 851; x_wconf 79' lang='grc' dir='ltr'>ἐκείνῳ</span> <span class='ocrx_word' id='word_1_54' title='bbox 1363 769 1601 839; x_wconf 77' lang='grc' dir='ltr'>ἐκθλίϐει</span> <span class='ocrx_word' id='word_1_55' title='bbox 1649 777 1739 830; x_wconf 80' lang='grc' dir='ltr'><strong>καὶ</strong></span> <span class='ocrx_word' id='word_1_56' title='bbox 1788 778 1923 853; x_wconf 87' lang='grc' dir='ltr'>πρὸς</span> <span class='ocrx_word' id='word_1_57' title='bbox 1982 776 2044 833; x_wconf 84' lang='grc' dir='ltr'>τὸ</span> <span class='ocrx_word' id='word_1_58' title='bbox 2096 780 2197 832; x_wconf 79' lang='grc' dir='ltr'><strong>τοῦ</strong></span> <span class='ocrx_word' id='word_1_59' title='bbox 2243 775 2381 850; x_wconf 65' lang='grc' dir='ltr'>ᾅδου</span> <span class='ocrx_word' id='word_1_60' title='bbox 2439 776 2786 852; x_wconf 76' lang='grc' dir='ltr'>ἔκπυρηνίζει</span> <span class='ocrx_word' id='word_1_61' title='bbox 2838 777 3102 855; x_wconf 82' lang='grc' dir='ltr'>πέταυρον</span> <span class='ocrx_word' id='word_1_62' title='bbox 3167 776 3551 854; x_wconf 81' lang='grc' dir='ltr'>βασιλεύσαντι</span> <span class='ocrx_word' id='word_1_63' title='bbox 3614 786 3808 854; x_wconf 78' lang='grc' dir='ltr'>μῆνας</span> 
     </span>
    </p>
   </div>
   <div class='ocr_carea' id='block_1_8' title="bbox 485 870 1043 947">
    <p class='ocr_par' dir='ltr' id='par_1_8' title="bbox 485 870 1043 947">
     <span class='ocr_line' id='line_1_8' title="bbox 485 870 1043 947; baseline 0 -20"><span class='ocrx_word' id='word_1_64' title='bbox 485 873 577 928; x_wconf 78' lang='grc' dir='ltr'>σὺν</span> <span class='ocrx_word' id='word_1_65' title='bbox 610 871 842 947; x_wconf 77' lang='grc' dir='ltr'><strong>ἡμέραις</strong></span> <span class='ocrx_word' id='word_1_66' title='bbox 874 870 1043 927; x_wconf 82' lang='grc' dir='ltr'>ὀκτώ.</span> 
     </span>
    </p>
   </div>
   <div class='ocr_carea' id='block_1_9' title="bbox 3864 780 3891 797">
    <p class='ocr_par' dir='ltr' id='par_1_9' title="bbox 3864 780 3891 797">
     <span class='ocr_line' id='line_1_9' title="bbox 3864 780 3891 797; baseline 0 -8"><span class='ocrx_word' id='word_1_67' title='bbox 3864 780 3891 797; x_wconf 63' lang='grc' dir='ltr'><em>ρ</em></span> 
     </span>
    </p>
   </div>
   <div class='ocr_carea' id='block_1_10' title="bbox 1178 1157 3234 1256">
    <p class='ocr_par' dir='ltr' id='par_1_10' title="bbox 1178 1157 3234 1256">
     <span class='ocr_line' id='line_1_10' title="bbox 1178 1157 3234 1256; baseline -0.001 0"><span class='ocrx_word' id='word_1_68' title='bbox 1178 1159 1770 1256; x_wconf 83' lang='grc' dir='ltr'><strong>ΒΑΣΙΛΕΙΑ</strong></span> <span class='ocrx_word' id='word_1_69' title='bbox 1847 1157 2404 1254; x_wconf 84' lang='grc' dir='ltr'><strong>ΑΛΕΞΙΟΥ</strong></span> <span class='ocrx_word' id='word_1_70' title='bbox 2482 1159 2730 1256; x_wconf 86' lang='grc' dir='ltr'><strong>ΤΟΥ</strong></span> <span class='ocrx_word' id='word_1_71' title='bbox 2810 1158 3234 1256; x_wconf 85' lang='grc' dir='ltr'><strong>ΔΟΥΚΑ</strong></span> 
     </span>
    </p>
   </div>
   <div class='ocr_carea' id='block_1_11' title="bbox 1757 1357 2646 1415">
    <p class='ocr_par' dir='ltr' id='par_1_11' title="bbox 1757 1357 2646 1415">
     <span class='ocr_line' id='line_1_11' title="bbox 1757 1357 2646 1415; baseline 0.006 -5"><span class='ocrx_word' id='word_1_72' title='bbox 1757 1359 1881 1410; x_wconf 84' lang='grc' dir='ltr'><strong>ΤΟΥ</strong></span> <span class='ocrx_word' id='word_1_73' title='bbox 1919 1357 2037 1412; x_wconf 84' lang='grc' dir='ltr'><strong>ΚΑΙ</strong></span> <span class='ocrx_word' id='word_1_74' title='bbox 2074 1358 2646 1415; x_wconf 78' lang='grc' dir='ltr'><strong>ΜΟΥΡΤΖΟΥΦΛΟΥ.</strong></span> 
     </span>
    </p>
   </div>
   <div class='ocr_carea' id='block_1_12' title="bbox 1501 1618 2904 1709">
    <p class='ocr_par' dir='ltr' id='par_1_12' title="bbox 1501 1618 2904 1709">
     <span class='ocr_line' id='line_1_12' title="bbox 1501 1618 2904 1709; baseline 0.001 -4"><span class='ocrx_word' id='word_1_75' title='bbox 1501 1618 2069 1709; x_wconf 80' lang='lat' dir='ltr'><strong>IMPERIUM</strong></span> <span class='ocrx_word' id='word_1_76' title='bbox 2126 1618 2502 1705; x_wconf 88' lang='lat' dir='ltr'><strong>ALEXlI</strong></span> <span class='ocrx_word' id='word_1_77' title='bbox 2562 1618 2904 1707; x_wconf 74' lang='lat' dir='ltr'><strong>DUC/E</strong></span> 
     </span>
    </p>
   </div>
   <div class='ocr_carea' id='block_1_13' title="bbox 1768 1798 2645 1857">
    <p class='ocr_par' dir='ltr' id='par_1_13' title="bbox 1768 1798 2645 1857">
     <span class='ocr_line' id='line_1_13' title="bbox 1768 1798 2645 1857; baseline -0.002 -2"><span class='ocrx_word' id='word_1_78' title='bbox 1768 1799 2236 1857; x_wconf 85' lang='lat' dir='ltr'><strong>COGNOMENTO</strong></span> <span class='ocrx_word' id='word_1_79' title='bbox 2275 1798 2645 1854; x_wconf 80' lang='lat' dir='ltr'><strong>MURZUFLI.</strong></span> 
     </span>
    </p>
   </div>
   <div class='ocr_carea' id='block_1_14' title="bbox 582 2081 2230 2155">
    <p class='ocr_par' dir='ltr' id='par_1_14' title="bbox 582 2081 2230 2155">
     <span class='ocr_line' id='line_1_14' title="bbox 582 2081 2230 2155; baseline -0.005 -11"><span class='ocrx_word' id='word_1_80' title='bbox 582 2086 731 2143; x_wconf 74' lang='lat'><strong>148</strong></span> <span class='ocrx_word' id='word_1_81' title='bbox 792 2088 842 2141; x_wconf 89' lang='grc'><strong>1.</strong></span> <span class='ocrx_word' id='word_1_82' title='bbox 902 2084 1148 2155; x_wconf 88' lang='lat' dir='ltr'><strong>Imperio</strong></span> <span class='ocrx_word' id='word_1_83' title='bbox 1203 2084 1345 2141; x_wconf 88' lang='lat' dir='ltr'><strong>citra</strong></span> <span class='ocrx_word' id='word_1_84' title='bbox 1400 2083 1849 2139; x_wconf 82' lang='lat' dir='ltr'><strong>controversiam</strong></span> <span class='ocrx_word' id='word_1_85' title='bbox 1928 2081 2146 2155; x_wconf 82' lang='lat' dir='ltr'><strong>potitus</strong></span> <span class='ocrx_word' id='word_1_86' title='bbox 2175 2082 2230 2149; x_wconf 81' lang='grc' dir='ltr'><strong>Α</strong></span> 
     </span>
    </p>
   </div>
   <div class='ocr_carea' id='block_1_15' title="bbox 511 2172 2150 2244">
    <p class='ocr_par' dir='ltr' id='par_1_15' title="bbox 511 2172 2150 2244">
     <span class='ocr_line' id='line_1_15' title="bbox 511 2172 2150 2244; baseline -0.003 -11"><span class='ocrx_word' id='word_1_87' title='bbox 511 2177 700 2233; x_wconf 89' lang='lat' dir='ltr'><strong>Ducas</strong></span> <span class='ocrx_word' id='word_1_88' title='bbox 741 2174 1085 2230; x_wconf 86' lang='lat' dir='ltr'><strong>mutationes</strong></span> <span class='ocrx_word' id='word_1_89' title='bbox 1143 2188 1335 2229; x_wconf 90' lang='lat' dir='ltr'><strong>rerum</strong></span> <span class='ocrx_word' id='word_1_90' title='bbox 1383 2172 1754 2244; x_wconf 87' lang='lat' dir='ltr'><strong>parturiebat,</strong></span> <span class='ocrx_word' id='word_1_91' title='bbox 1811 2176 1870 2228; x_wconf 90' lang='lat' dir='ltr'><strong>et</strong></span> <span class='ocrx_word' id='word_1_92' title='bbox 1915 2175 2150 2228; x_wconf 44' lang='lat' dir='ltr'><strong>contur‘</strong></span> 
     </span>
    </p>
   </div>
   <div class='ocr_carea' id='block_1_16' title="bbox 408 2261 2151 2327">
    <p class='ocr_par' dir='ltr' id='par_1_16' title="bbox 408 2261 2151 2327">
     <span class='ocr_line' id='line_1_16' title="bbox 408 2261 2151 2327; baseline -0.004 -5"><span class='ocrx_word' id='word_1_93' title='bbox 408 2278 415 2291; x_wconf 86' lang='lat'><strong><em>&#39;</em></strong></span> <span class='ocrx_word' id='word_1_94' title='bbox 509 2267 647 2322; x_wconf 90' lang='lat' dir='ltr'><strong>bare</strong></span> <span class='ocrx_word' id='word_1_95' title='bbox 695 2264 889 2320; x_wconf 81' lang='lat' dir='ltr'><strong>omnia</strong></span> <span class='ocrx_word' id='word_1_96' title='bbox 939 2264 998 2319; x_wconf 89' lang='lat' dir='ltr'><strong>in</strong></span> <span class='ocrx_word' id='word_1_97' title='bbox 1030 2262 1228 2318; x_wconf 88' lang='lat' dir='ltr'><strong>animo</strong></span> <span class='ocrx_word' id='word_1_98' title='bbox 1280 2262 1549 2327; x_wconf 77' lang='lat' dir='ltr'><strong>habebat,</strong></span> <span class='ocrx_word' id='word_1_99' title='bbox 1608 2262 1780 2318; x_wconf 88' lang='lat' dir='ltr'><strong>homo</strong></span> <span class='ocrx_word' id='word_1_100' title='bbox 1827 2261 2068 2316; x_wconf 87' lang='lat' dir='ltr'><strong>callidus</strong></span> <span class='ocrx_word' id='word_1_101' title='bbox 2098 2268 2151 2315; x_wconf 90' lang='lat' dir='ltr'><strong>et</strong></span> 
     </span>
    </p>
   </div>
   <div class='ocr_carea' id='block_1_17' title="bbox 506 2349 2152 2425">
    <p class='ocr_par' dir='ltr' id='par_1_17' title="bbox 506 2349 2152 2425">
     <span class='ocr_line' id='line_1_17' title="bbox 506 2349 2152 2425; baseline -0.004 -14"><span class='ocrx_word' id='word_1_102' title='bbox 506 2370 804 2425; x_wconf 78' lang='lat' dir='ltr'><strong>arrogans,</strong></span> <span class='ocrx_word' id='word_1_103' title='bbox 864 2352 957 2421; x_wconf 87' lang='lat' dir='ltr'><strong>qui</strong></span> <span class='ocrx_word' id='word_1_104' title='bbox 1018 2352 1386 2421; x_wconf 87' lang='lat' dir='ltr'><strong>prudentiam</strong></span> <span class='ocrx_word' id='word_1_105' title='bbox 1456 2353 1515 2405; x_wconf 91' lang='lat' dir='ltr'><strong>in</strong></span> <span class='ocrx_word' id='word_1_106' title='bbox 1574 2349 2041 2406; x_wconf 86' lang='lat' dir='ltr'><strong>dissimulatione</strong></span> <span class='ocrx_word' id='word_1_107' title='bbox 2096 2353 2152 2405; x_wconf 86' lang='lat' dir='ltr'><strong>et</strong></span> 
     </span>
    </p>
   </div>
   <div class='ocr_carea' id='block_1_18' title="bbox 507 2438 2149 2511">
    <p class='ocr_par' dir='ltr' id='par_1_18' title="bbox 507 2438 2149 2511">
     <span class='ocr_line' id='line_1_18' title="bbox 507 2438 2149 2511; baseline -0.005 -10"><span class='ocrx_word' id='word_1_108' title='bbox 507 2441 873 2501; x_wconf 70' lang='lat' dir='ltr'><strong>cunctatione</strong></span> <span class='ocrx_word' id='word_1_109' title='bbox 923 2441 1192 2511; x_wconf 87' lang='lat' dir='ltr'><strong>ponebat,</strong></span> <span class='ocrx_word' id='word_1_110' title='bbox 1224 2456 1288 2495; x_wconf 88' lang='lat' dir='ltr'><strong>ac</strong></span> <span class='ocrx_word' id='word_1_111' title='bbox 1324 2439 1606 2495; x_wconf 82' lang='lat' dir='ltr'><strong>beneﬁcia</strong></span> <span class='ocrx_word' id='word_1_112' title='bbox 1648 2439 1894 2494; x_wconf 87' lang='lat' dir='ltr'><strong>subinde</strong></span> <span class='ocrx_word' id='word_1_113' title='bbox 1927 2440 1986 2493; x_wconf 89' lang='lat' dir='ltr'><strong>in</strong></span> <span class='ocrx_word' id='word_1_114' title='bbox 2031 2438 2149 2493; x_wconf 49' lang='lat' dir='ltr'><strong>Me.</strong></span> 
     </span>
    </p>
   </div>
   <div class='ocr_carea' id='block_1_19' title="bbox 506 2528 2151 2598">
    <p class='ocr_par' dir='ltr' id='par_1_19' title="bbox 506 2528 2151 2598">
     <span class='ocr_line' id='line_1_19' title="bbox 506 2528 2151 2598; baseline -0.004 -9"><span class='ocrx_word' id='word_1_115' title='bbox 506 2532 692 2590; x_wconf 81' lang='lat' dir='ltr'><strong>leonis</strong></span> <span class='ocrx_word' id='word_1_116' title='bbox 744 2536 962 2587; x_wconf 72' lang='lat' dir='ltr'><strong>aetatem</strong></span> <span class='ocrx_word' id='word_1_117' title='bbox 1022 2530 1344 2584; x_wconf 72' lang='lat' dir='ltr'><strong>diﬁerebat.</strong></span> <span class='ocrx_word' id='word_1_118' title='bbox 1409 2528 1665 2598; x_wconf 82' lang='lat' dir='ltr'><strong>Negabat</strong></span> <span class='ocrx_word' id='word_1_119' title='bbox 1721 2528 1875 2583; x_wconf 88' lang='lat' dir='ltr'><strong>enim</strong></span> <span class='ocrx_word' id='word_1_120' title='bbox 1930 2529 2151 2593; x_wconf 70' lang='lat' dir='ltr'><strong>regium</strong></span> 
     </span>
    </p>
   </div>
   <div class='ocr_carea' id='block_1_20' title="bbox 509 2616 2149 2687">
    <p class='ocr_par' dir='ltr' id='par_1_20' title="bbox 509 2616 2149 2687">
     <span class='ocr_line' id='line_1_20' title="bbox 509 2616 2149 2687; baseline -0.005 -9"><span class='ocrx_word' id='word_1_121' title='bbox 509 2638 635 2679; x_wconf 85' lang='lat' dir='ltr'><strong>esse</strong></span> <span class='ocrx_word' id='word_1_122' title='bbox 664 2620 860 2677; x_wconf 87' lang='lat' dir='ltr'><strong>subito</strong></span> <span class='ocrx_word' id='word_1_123' title='bbox 900 2635 965 2674; x_wconf 84' lang='lat' dir='ltr'><strong>ac</strong></span> <span class='ocrx_word' id='word_1_124' title='bbox 1014 2628 1225 2673; x_wconf 90' lang='lat' dir='ltr'><strong>temere</strong></span> <span class='ocrx_word' id='word_1_125' title='bbox 1255 2618 1565 2687; x_wconf 86' lang='lat' dir='ltr'><strong>quidquam</strong></span> <span class='ocrx_word' id='word_1_126' title='bbox 1620 2617 1824 2683; x_wconf 83' lang='lat' dir='ltr'><strong>facere,</strong></span> <span class='ocrx_word' id='word_1_127' title='bbox 1874 2616 1972 2670; x_wconf 83' lang='lat' dir='ltr'><strong>sed</strong></span> <span class='ocrx_word' id='word_1_128' title='bbox 2020 2631 2149 2670; x_wconf 88' lang='lat' dir='ltr'><strong>eum</strong></span> 
     </span>
    </p>
   </div>
   <div class='ocr_carea' id='block_1_21' title="bbox 507 2706 2149 2768">
    <p class='ocr_par' dir='ltr' id='par_1_21' title="bbox 507 2706 2149 2768">
     <span class='ocr_line' id='line_1_21' title="bbox 507 2706 2149 2768; baseline -0.005 0"><span class='ocrx_word' id='word_1_129' title='bbox 507 2728 670 2768; x_wconf 88' lang='lat' dir='ltr'><strong>mora</strong></span> <span class='ocrx_word' id='word_1_130' title='bbox 726 2716 782 2765; x_wconf 89' lang='lat' dir='ltr'><strong>et</strong></span> <span class='ocrx_word' id='word_1_131' title='bbox 837 2707 1273 2764; x_wconf 83' lang='lat' dir='ltr'><strong>deliberatione.</strong></span> <span class='ocrx_word' id='word_1_132' title='bbox 1337 2708 1417 2761; x_wconf 87' lang='lat' dir='ltr'><strong>Ad</strong></span> <span class='ocrx_word' id='word_1_133' title='bbox 1481 2707 1581 2761; x_wconf 89' lang='lat' dir='ltr'><strong>has</strong></span> <span class='ocrx_word' id='word_1_134' title='bbox 1650 2706 1963 2762; x_wconf 77' lang='lat' dir='ltr'><strong>sententias</strong></span> <span class='ocrx_word' id='word_1_135' title='bbox 2021 2720 2149 2760; x_wconf 90' lang='lat' dir='ltr'><strong>cum</strong></span> 
     </span>
    </p>
   </div>
   <div class='ocr_carea' id='block_1_22' title="bbox 506 2794 2151 2872">
    <p class='ocr_par' dir='ltr' id='par_1_22' title="bbox 506 2794 2151 2872">
     <span class='ocr_line' id='line_1_22' title="bbox 506 2794 2151 2872; baseline -0.005 -16"><span class='ocrx_word' id='word_1_136' title='bbox 506 2805 708 2872; x_wconf 84' lang='lat' dir='ltr'><strong>suapte</strong></span> <span class='ocrx_word' id='word_1_137' title='bbox 764 2804 967 2869; x_wconf 90' lang='lat' dir='ltr'><strong>sponte</strong></span> <span class='ocrx_word' id='word_1_138' title='bbox 1020 2811 1338 2869; x_wconf 83' lang='lat' dir='ltr'><strong>propensus</strong></span> <span class='ocrx_word' id='word_1_139' title='bbox 1391 2796 1539 2850; x_wconf 75' lang='grc'><strong>749</strong></span> <span class='ocrx_word' id='word_1_140' title='bbox 1595 2803 1736 2860; x_wconf 85' lang='lat' dir='ltr'><strong>erat,</strong></span> <span class='ocrx_word' id='word_1_141' title='bbox 1791 2795 2004 2866; x_wconf 84' lang='lat' dir='ltr'><strong>quippe</strong></span> <span class='ocrx_word' id='word_1_142' title='bbox 2052 2794 2151 2864; x_wconf 91' lang='lat' dir='ltr'><strong>qui</strong></span> 
     </span>
    </p>
   </div>
   <div class='ocr_carea' id='block_1_23' title="bbox 507 2884 2154 2955">
    <p class='ocr_par' dir='ltr' id='par_1_23' title="bbox 507 2884 2154 2955">
     <span class='ocr_line' id='line_1_23' title="bbox 507 2884 2154 2955; baseline -0.005 -10"><span class='ocrx_word' id='word_1_143' title='bbox 507 2905 568 2945; x_wconf 86' lang='lat' dir='ltr'><strong>se</strong></span> <span class='ocrx_word' id='word_1_144' title='bbox 599 2887 744 2943; x_wconf 88' lang='lat' dir='ltr'><strong>nihil</strong></span> <span class='ocrx_word' id='word_1_145' title='bbox 794 2887 939 2942; x_wconf 86' lang='lat' dir='ltr'><strong>scitu</strong></span> <span class='ocrx_word' id='word_1_146' title='bbox 982 2884 1366 2941; x_wconf 79' lang='lat' dir='ltr'><strong>necessarium</strong></span> <span class='ocrx_word' id='word_1_147' title='bbox 1416 2884 1704 2955; x_wconf 83' lang='lat' dir='ltr'><strong>ignorare,</strong></span> <span class='ocrx_word' id='word_1_148' title='bbox 1737 2885 1831 2938; x_wconf 65' lang='lat' dir='ltr'><strong>sed</strong></span> <span class='ocrx_word' id='word_1_149' title='bbox 1883 2884 2154 2937; x_wconf 76' lang='lat' dir='ltr'><strong>omnibus</strong></span> 
     </span>
    </p>
   </div>
   <div class='ocr_carea' id='block_1_24' title="bbox 505 2974 2152 3050">
    <p class='ocr_par' dir='ltr' id='par_1_24' title="bbox 505 2974 2152 3050">
     <span class='ocr_line' id='line_1_24' title="bbox 505 2974 2152 3050; baseline -0.004 -16"><span class='ocrx_word' id='word_1_150' title='bbox 505 2978 678 3035; x_wconf 81' lang='lat' dir='ltr'><strong>rebus</strong></span> <span class='ocrx_word' id='word_1_151' title='bbox 709 2976 976 3050; x_wconf 83' lang='lat' dir='ltr'><strong>gerendis</strong></span> <span class='ocrx_word' id='word_1_152' title='bbox 1025 2976 1296 3031; x_wconf 77' lang='lat' dir='ltr'><strong>idcueum</strong></span> <span class='ocrx_word' id='word_1_153' title='bbox 1352 2989 1477 3029; x_wconf 87' lang='lat' dir='ltr'><strong>esse</strong></span> <span class='ocrx_word' id='word_1_154' title='bbox 1529 2974 1911 3045; x_wconf 82' lang='lat' dir='ltr'><strong>profiteretur,</strong></span> <span class='ocrx_word' id='word_1_155' title='bbox 1946 2980 2071 3028; x_wconf 86' lang='lat' dir='ltr'><strong>tum</strong></span> <span class='ocrx_word' id='word_1_156' title='bbox 2120 2990 2152 3027; x_wconf 89' lang='lat' dir='ltr'><strong>a</strong></span> 
     </span>
    </p>
   </div>
   <div class='ocr_carea' id='block_1_25' title="bbox 509 3063 2153 3135">
    <p class='ocr_par' dir='ltr' id='par_1_25' title="bbox 509 3063 2153 3135">
     <span class='ocr_line' id='line_1_25' title="bbox 509 3063 2153 3135; baseline -0.004 -12"><span class='ocrx_word' id='word_1_157' title='bbox 509 3066 818 3124; x_wconf 86' lang='lat' dir='ltr'><strong>Philocalio</strong></span> <span class='ocrx_word' id='word_1_158' title='bbox 876 3079 1073 3120; x_wconf 82' lang='lat' dir='ltr'><strong>socero</strong></span> <span class='ocrx_word' id='word_1_159' title='bbox 1125 3080 1228 3119; x_wconf 89' lang='lat' dir='ltr'><strong>suo</strong></span> <span class='ocrx_word' id='word_1_160' title='bbox 1279 3063 1574 3118; x_wconf 83' lang='lat' dir='ltr'><strong>umbratili</strong></span> <span class='ocrx_word' id='word_1_161' title='bbox 1644 3064 1909 3135; x_wconf 86' lang='lat' dir='ltr'><strong>adjutore</strong></span> <span class='ocrx_word' id='word_1_162' title='bbox 1959 3064 2016 3117; x_wconf 93' lang='lat' dir='ltr'><strong>in</strong></span> <span class='ocrx_word' id='word_1_163' title='bbox 2086 3079 2153 3118; x_wconf 87' lang='lat' dir='ltr'><strong>ea</strong></span> 
     </span>
    </p>
   </div>
   <div class='ocr_carea' id='block_1_26' title="bbox 509 3151 2153 3225">
    <p class='ocr_par' dir='ltr' id='par_1_26' title="bbox 509 3151 2153 3225">
     <span class='ocr_line' id='line_1_26' title="bbox 509 3151 2153 3225; baseline -0.002 -16"><span class='ocrx_word' id='word_1_164' title='bbox 509 3155 779 3225; x_wconf 89' lang='lat' dir='ltr'><strong>opinione</strong></span> <span class='ocrx_word' id='word_1_165' title='bbox 810 3153 1277 3209; x_wconf 84' lang='lat' dir='ltr'><strong>confirmabatur.</strong></span> <span class='ocrx_word' id='word_1_166' title='bbox 1311 3153 1489 3216; x_wconf 89' lang='lat' dir='ltr'><strong>Quem</strong></span> <span class='ocrx_word' id='word_1_167' title='bbox 1541 3167 1669 3207; x_wconf 91' lang='lat' dir='ltr'><strong>cum</strong></span> <span class='ocrx_word' id='word_1_168' title='bbox 1703 3151 1871 3207; x_wconf 84' lang='lat' dir='ltr'><strong>aliter</strong></span> <span class='ocrx_word' id='word_1_169' title='bbox 1898 3152 1959 3207; x_wconf 89' lang='lat' dir='ltr'><strong>in</strong></span> <span class='ocrx_word' id='word_1_170' title='bbox 1995 3167 2153 3206; x_wconf 89' lang='lat' dir='ltr'><strong>sum-</strong></span> 
     </span>
    </p>
   </div>
   <div class='ocr_carea' id='block_1_27' title="bbox 508 3240 2155 3313">
    <p class='ocr_par' dir='ltr' id='par_1_27' title="bbox 508 3240 2155 3313">
     <span class='ocr_line' id='line_1_27' title="bbox 508 3240 2155 3313; baseline -0.003 -12"><span class='ocrx_word' id='word_1_171' title='bbox 508 3260 603 3301; x_wconf 88' lang='lat' dir='ltr'><strong>mo</strong></span> <span class='ocrx_word' id='word_1_172' title='bbox 634 3243 860 3299; x_wconf 86' lang='lat' dir='ltr'><strong>consilii</strong></span> <span class='ocrx_word' id='word_1_173' title='bbox 890 3243 1071 3313; x_wconf 87' lang='lat' dir='ltr'><strong>gradu</strong></span> <span class='ocrx_word' id='word_1_174' title='bbox 1119 3240 1400 3296; x_wconf 87' lang='lat' dir='ltr'><strong>collocare</strong></span> <span class='ocrx_word' id='word_1_175' title='bbox 1432 3257 1549 3297; x_wconf 90' lang='lat' dir='ltr'><strong>non</strong></span> <span class='ocrx_word' id='word_1_176' title='bbox 1597 3250 1807 3313; x_wconf 86' lang='lat' dir='ltr'><strong>posset,</strong></span> <span class='ocrx_word' id='word_1_177' title='bbox 1842 3258 1946 3295; x_wconf 90' lang='lat' dir='ltr'><strong>nos</strong></span> <span class='ocrx_word' id='word_1_178' title='bbox 1994 3241 2155 3296; x_wconf 87' lang='lat' dir='ltr'><strong>nulla</strong></span> 
     </span>
    </p>
   </div>
   <div class='ocr_carea' id='block_1_28' title="bbox 509 3329 2149 3403">
    <p class='ocr_par' dir='ltr' id='par_1_28' title="bbox 509 3329 2149 3403">
     <span class='ocr_line' id='line_1_28' title="bbox 509 3329 2149 3403; baseline -0.002 -16"><span class='ocrx_word' id='word_1_179' title='bbox 509 3330 789 3403; x_wconf 83' lang='lat' dir='ltr'><strong>probabili</strong></span> <span class='ocrx_word' id='word_1_180' title='bbox 818 3332 887 3386; x_wconf 90' lang='lat' dir='ltr'><strong>de</strong></span> <span class='ocrx_word' id='word_1_181' title='bbox 919 3345 1090 3386; x_wconf 90' lang='lat' dir='ltr'><strong>causa</strong></span> <span class='ocrx_word' id='word_1_182' title='bbox 1120 3331 1193 3385; x_wconf 87' lang='lat' dir='ltr'><strong>ab</strong></span> <span class='ocrx_word' id='word_1_183' title='bbox 1241 3329 1433 3385; x_wconf 73' lang='lat' dir='ltr'><strong>ofﬁcio</strong></span> <span class='ocrx_word' id='word_1_184' title='bbox 1463 3329 1765 3399; x_wconf 80' lang='lat' dir='ltr'><strong>logothetae</strong></span> <span class='ocrx_word' id='word_1_185' title='bbox 1800 3334 2149 3384; x_wconf 83' lang='lat' dir='ltr'><strong>secretorum</strong></span> 
     </span>
    </p>
   </div>
   <div class='ocr_carea' id='block_1_29' title="bbox 2330 2081 3919 2165">
    <p class='ocr_par' dir='ltr' id='par_1_29' title="bbox 2330 2081 3919 2165">
     <span class='ocr_line' id='line_1_29' title="bbox 2330 2081 3919 2165; baseline 0.004 -30"><span class='ocrx_word' id='word_1_186' title='bbox 2330 2081 2414 2153; x_wconf 88' lang='lat' dir='ltr'><strong>[P.</strong></span> <span class='ocrx_word' id='word_1_187' title='bbox 2448 2082 2572 2154; x_wconf 86' lang='lat'><strong>363]</strong></span> <span class='ocrx_word' id='word_1_188' title='bbox 2603 2083 2667 2137; x_wconf 81' lang='lat' dir='ltr'><strong>at‘.</strong></span> <span class='ocrx_word' id='word_1_189' title='bbox 2701 2084 2795 2144; x_wconf 89' lang='grc' dir='ltr'>Ὦς</span> <span class='ocrx_word' id='word_1_190' title='bbox 2840 2081 2931 2138; x_wconf 78' lang='grc' dir='ltr'>οὖν</span> <span class='ocrx_word' id='word_1_191' title='bbox 2976 2087 3224 2157; x_wconf 82' lang='grc' dir='ltr'>καθαρῶς</span> <span class='ocrx_word' id='word_1_192' title='bbox 3274 2083 3351 2146; x_wconf 75' lang='grc' dir='ltr'><strong>εἷς</strong></span> <span class='ocrx_word' id='word_1_193' title='bbox 3405 2085 3612 2141; x_wconf 76' lang='grc' dir='ltr'>Δοόκαν</span> <span class='ocrx_word' id='word_1_194' title='bbox 3664 2089 3702 2157; x_wconf 77' lang='grc' dir='ltr'>ἡ</span> <span class='ocrx_word' id='word_1_195' title='bbox 3754 2089 3919 2165; x_wconf 77' lang='grc' dir='ltr'>βασι.</span> 
     </span>
    </p>
   </div>
   <div class='ocr_carea' id='block_1_30' title="bbox 2261 2165 3921 2251">
    <p class='ocr_par' dir='ltr' id='par_1_30' title="bbox 2261 2165 3921 2251">
     <span class='ocr_line' id='line_1_30' title="bbox 2261 2165 3921 2251; baseline 0.005 -26"><span class='ocrx_word' id='word_1_196' title='bbox 2261 2168 2386 2225; x_wconf 86' lang='grc' dir='ltr'>λεία</span> <span class='ocrx_word' id='word_1_197' title='bbox 2435 2165 2884 2243; x_wconf 76' lang='grc' dir='ltr'>μετακεκύϐευτο,</span> <span class='ocrx_word' id='word_1_198' title='bbox 2918 2172 2946 2226; x_wconf 89' lang='lat'><strong>6</strong></span> <span class='ocrx_word' id='word_1_199' title='bbox 2999 2172 3092 2244; x_wconf 67' lang='grc' dir='ltr'>μὲν</span> <span class='ocrx_word' id='word_1_200' title='bbox 3148 2171 3310 2229; x_wconf 86' lang='grc' dir='ltr'>ὣδινε</span> <span class='ocrx_word' id='word_1_201' title='bbox 3357 2175 3699 2248; x_wconf 74' lang='grc' dir='ltr'><strong>πραγμάτων</strong></span> <span class='ocrx_word' id='word_1_202' title='bbox 3749 2200 3921 2251; x_wconf 78' lang='grc' dir='ltr'>μεταο</span> 
     </span>
    </p>
   </div>
   <div class='ocr_carea' id='block_1_31' title="bbox 2261 2253 3921 2346">
    <p class='ocr_par' dir='ltr' id='par_1_31' title="bbox 2261 2253 3921 2346">
     <span class='ocr_line' id='line_1_31' title="bbox 2261 2253 3921 2346; baseline 0.006 -34"><span class='ocrx_word' id='word_1_203' title='bbox 2261 2253 2433 2322; x_wconf 72' lang='grc' dir='ltr'>ϐολὰς</span> <span class='ocrx_word' id='word_1_204' title='bbox 2491 2261 2581 2314; x_wconf 80' lang='grc' dir='ltr'><strong>καὶ</strong></span> <span class='ocrx_word' id='word_1_205' title='bbox 2631 2260 2694 2315; x_wconf 85' lang='grc' dir='ltr'><strong>τὸ</strong></span> <span class='ocrx_word' id='word_1_206' title='bbox 2752 2267 2854 2315; x_wconf 83' lang='grc' dir='ltr'><strong>πᾶν</strong></span> <span class='ocrx_word' id='word_1_207' title='bbox 2916 2260 3293 2333; x_wconf 74' lang='grc' dir='ltr'>’ἀνακυγῆσειν</span> <span class='ocrx_word' id='word_1_208' title='bbox 3370 2262 3686 2334; x_wconf 77' lang='grc' dir='ltr'>ἐσκέπτετο,</span> <span class='ocrx_word' id='word_1_209' title='bbox 3759 2288 3921 2346; x_wconf 64' lang='grc' dir='ltr'>σοφι-</span> 
     </span>
    </p>
   </div>
   <div class='ocr_carea' id='block_1_32' title="bbox 2263 2349 3923 2432">
    <p class='ocr_par' dir='ltr' id='par_1_32' title="bbox 2263 2349 3923 2432">
     <span class='ocr_line' id='line_1_32' title="bbox 2263 2349 3923 2432; baseline 0.007 -30"><span class='ocrx_word' id='word_1_210' title='bbox 2263 2350 2495 2421; x_wconf 77' lang='grc' dir='ltr'>σματίας</span> <span class='ocrx_word' id='word_1_211' title='bbox 2520 2349 2595 2403; x_wconf 86' lang='grc' dir='ltr'>ὣν</span> <span class='ocrx_word' id='word_1_212' title='bbox 2616 2351 2679 2404; x_wconf 83' lang='grc' dir='ltr'>τὸ</span> <span class='ocrx_word' id='word_1_213' title='bbox 2698 2352 2833 2419; x_wconf 81' lang='grc' dir='ltr'>ἦθος</span> <span class='ocrx_word' id='word_1_214' title='bbox 2863 2350 2956 2406; x_wconf 82' lang='grc' dir='ltr'><strong>καὶ</strong></span> <span class='ocrx_word' id='word_1_215' title='bbox 2984 2351 3076 2406; x_wconf 86' lang='grc' dir='ltr'><strong>τὸν</strong></span> <span class='ocrx_word' id='word_1_216' title='bbox 3101 2353 3306 2425; x_wconf 84' lang='grc' dir='ltr'>τρόπον</span> <span class='ocrx_word' id='word_1_217' title='bbox 3351 2355 3743 2432; x_wconf 67' lang='grc' dir='ltr'><strong>φρονηματίας</strong></span> <span class='ocrx_word' id='word_1_218' title='bbox 3787 2358 3923 2431; x_wconf 79' lang='lat'><strong>(52),</strong></span> 
     </span>
    </p>
   </div>
   <div class='ocr_carea' id='block_1_33' title="bbox 2260 2438 3925 2515">
    <p class='ocr_par' dir='ltr' id='par_1_33' title="bbox 2260 2438 3925 2515">
     <span class='ocr_line' id='line_1_33' title="bbox 2260 2438 3925 2515; baseline 0.006 -24"><span class='ocrx_word' id='word_1_219' title='bbox 2260 2438 2349 2491; x_wconf 80' lang='grc' dir='ltr'><strong>καὶ</strong></span> <span class='ocrx_word' id='word_1_220' title='bbox 2397 2453 2459 2493; x_wconf 83' lang='grc' dir='ltr'>το</span> <span class='ocrx_word' id='word_1_221' title='bbox 2506 2440 2801 2513; x_wconf 75' lang='grc' dir='ltr'>κρυψίνουν</span> <span class='ocrx_word' id='word_1_222' title='bbox 2854 2439 3118 2515; x_wconf 84' lang='grc' dir='ltr'>ἀγχίνουν</span> <span class='ocrx_word' id='word_1_223' title='bbox 3178 2442 3451 2515; x_wconf 75' lang='grc' dir='ltr'>οἰόμενος,</span> <span class='ocrx_word' id='word_1_224' title='bbox 3494 2443 3586 2497; x_wconf 84' lang='grc' dir='ltr'><strong>καὶ</strong></span> <span class='ocrx_word' id='word_1_225' title='bbox 3650 2442 3744 2499; x_wconf 79' lang='grc' dir='ltr'>ἐπὶ</span> <span class='ocrx_word' id='word_1_226' title='bbox 3798 2451 3925 2501; x_wconf 76' lang='grc' dir='ltr'>πᾶσι</span> 
     </span>
    </p>
   </div>
   <div class='ocr_carea' id='block_1_34' title="bbox 2259 2527 3927 2602">
    <p class='ocr_par' dir='ltr' id='par_1_34' title="bbox 2259 2527 3927 2602">
     <span class='ocr_line' id='line_1_34' title="bbox 2259 2527 3927 2602; baseline 0.005 -20"><span class='ocrx_word' id='word_1_227' title='bbox 2259 2527 2351 2582; x_wconf 86' lang='grc' dir='ltr'>τὸν</span> <span class='ocrx_word' id='word_1_228' title='bbox 2417 2527 2703 2602; x_wconf 73' lang='grc' dir='ltr'><strong>εὐεργέτην</strong></span> <span class='ocrx_word' id='word_1_229' title='bbox 2764 2528 2818 2590; x_wconf 83' lang='grc' dir='ltr'>ἐς</span> <span class='ocrx_word' id='word_1_230' title='bbox 2876 2530 3004 2590; x_wconf 82' lang='grc' dir='ltr'>τοὺς</span> <span class='ocrx_word' id='word_1_231' title='bbox 3064 2528 3350 2592; x_wconf 86' lang='grc' dir='ltr'>Μετέωνος</span> <span class='ocrx_word' id='word_1_232' title='bbox 3428 2530 3634 2594; x_wconf 70' lang='grc' dir='ltr'>αἲῶνας</span> <span class='ocrx_word' id='word_1_233' title='bbox 3698 2532 3927 2590; x_wconf 73' lang='grc' dir='ltr'>ἀναδυό-</span> 
     </span>
    </p>
   </div>
   <div class='ocr_carea' id='block_1_35' title="bbox 2264 2615 3921 2697">
    <p class='ocr_par' dir='ltr' id='par_1_35' title="bbox 2264 2615 3921 2697">
     <span class='ocr_line' id='line_1_35' title="bbox 2264 2615 3921 2697; baseline 0.006 -29"><span class='ocrx_word' id='word_1_234' title='bbox 2264 2635 2421 2688; x_wconf 87' lang='grc' dir='ltr'>μενος</span> <span class='ocrx_word' id='word_1_235' title='bbox 2459 2618 2572 2688; x_wconf 68' lang='lat'><strong>:53)</strong></span> <span class='ocrx_word' id='word_1_236' title='bbox 2631 2615 2691 2670; x_wconf 84' lang='grc' dir='ltr'>ἐκ</span> <span class='ocrx_word' id='word_1_237' title='bbox 2732 2621 2830 2671; x_wconf 82' lang='grc' dir='ltr'><strong>τοῦ</strong></span> <span class='ocrx_word' id='word_1_238' title='bbox 2883 2617 2959 2689; x_wconf 79' lang='grc' dir='ltr'>μὴ</span> <span class='ocrx_word' id='word_1_239' title='bbox 3005 2617 3228 2693; x_wconf 81' lang='grc' dir='ltr'>κρίνειν,</span> <span class='ocrx_word' id='word_1_240' title='bbox 3274 2618 3349 2680; x_wconf 86' lang='grc' dir='ltr'>ὡς</span> <span class='ocrx_word' id='word_1_241' title='bbox 3396 2616 3574 2697; x_wconf 80' lang='grc' dir='ltr'>ἔλεγε,</span> <span class='ocrx_word' id='word_1_242' title='bbox 3630 2621 3921 2695; x_wconf 73' lang='grc' dir='ltr'>βασιλικὸν</span> 
     </span>
    </p>
   </div>
   <div class='ocr_carea' id='block_1_36' title="bbox 2261 2700 3923 2783">
    <p class='ocr_par' dir='ltr' id='par_1_36' title="bbox 2261 2700 3923 2783">
     <span class='ocr_line' id='line_1_36' title="bbox 2261 2700 3923 2783; baseline 0.005 -26"><span class='ocrx_word' id='word_1_243' title='bbox 2261 2705 2324 2758; x_wconf 89' lang='grc' dir='ltr'>τὸ</span> <span class='ocrx_word' id='word_1_244' title='bbox 2355 2703 2664 2776; x_wconf 75' lang='grc' dir='ltr'>αὐτόματον</span> <span class='ocrx_word' id='word_1_245' title='bbox 2702 2705 2792 2759; x_wconf 81' lang='grc' dir='ltr'><strong>καὶ</strong></span> <span class='ocrx_word' id='word_1_246' title='bbox 2844 2700 3134 2781; x_wconf 77' lang='grc' dir='ltr'>ἀνάκριϐον</span> <span class='ocrx_word' id='word_1_247' title='bbox 3193 2706 3246 2761; x_wconf 82' lang='grc' dir='ltr'>ἐν</span> <span class='ocrx_word' id='word_1_248' title='bbox 3292 2713 3413 2770; x_wconf 83' lang='grc' dir='ltr'>ταῖς</span> <span class='ocrx_word' id='word_1_249' title='bbox 3459 2709 3717 2783; x_wconf 76' lang='grc' dir='ltr'>πράξεσι,</span> <span class='ocrx_word' id='word_1_250' title='bbox 3764 2712 3828 2766; x_wconf 84' lang='grc' dir='ltr'><strong>τὸ</strong></span> <span class='ocrx_word' id='word_1_251' title='bbox 3869 2709 3923 2766; x_wconf 75' lang='grc' dir='ltr'>δὲ</span> 
     </span>
    </p>
   </div>
   <div class='ocr_carea' id='block_1_37' title="bbox 2261 2795 3919 2871">
    <p class='ocr_par' dir='ltr' id='par_1_37' title="bbox 2261 2795 3919 2871">
     <span class='ocr_line' id='line_1_37' title="bbox 2261 2795 3919 2871; baseline 0.004 -24"><span class='ocrx_word' id='word_1_252' title='bbox 2261 2796 2724 2868; x_wconf 85' lang='grc' dir='ltr'>περιεσκεμμένον</span> <span class='ocrx_word' id='word_1_253' title='bbox 2782 2796 2873 2848; x_wconf 81' lang='grc' dir='ltr'><strong>καὶ</strong></span> <span class='ocrx_word' id='word_1_254' title='bbox 2918 2795 3162 2869; x_wconf 88' lang='grc' dir='ltr'>χρόνιον.</span> <span class='ocrx_word' id='word_1_255' title='bbox 3216 2798 3358 2871; x_wconf 86' lang='grc' dir='ltr'>Πρὸς</span> <span class='ocrx_word' id='word_1_256' title='bbox 3408 2795 3468 2852; x_wconf 71' lang='grc' dir='ltr'>δὲ</span> <span class='ocrx_word' id='word_1_257' title='bbox 3509 2801 3611 2861; x_wconf 70' lang='grc' dir='ltr'>τὰς</span> <span class='ocrx_word' id='word_1_258' title='bbox 3660 2800 3919 2861; x_wconf 70' lang='grc' dir='ltr'>τοιαῦτας</span> 
     </span>
    </p>
   </div>
   <div class='ocr_carea' id='block_1_38' title="bbox 2262 2879 3917 2956">
    <p class='ocr_par' dir='ltr' id='par_1_38' title="bbox 2262 2879 3917 2956">
     <span class='ocr_line' id='line_1_38' title="bbox 2262 2879 3917 2956; baseline 0.005 -24"><span class='ocrx_word' id='word_1_259' title='bbox 2262 2879 2484 2956; x_wconf 83' lang='grc' dir='ltr'>γνώμας</span> <span class='ocrx_word' id='word_1_260' title='bbox 2543 2882 2768 2953; x_wconf 80' lang='grc' dir='ltr'>ὡρμᾶτο</span> <span class='ocrx_word' id='word_1_261' title='bbox 2859 2883 2958 2955; x_wconf 75' lang='grc' dir='ltr'>μὲν</span> <span class='ocrx_word' id='word_1_262' title='bbox 3017 2882 3110 2937; x_wconf 70' lang='grc' dir='ltr'>καὶ</span> <span class='ocrx_word' id='word_1_263' title='bbox 3177 2884 3419 2953; x_wconf 80' lang='grc' dir='ltr'>αὐτόθεν,</span> <span class='ocrx_word' id='word_1_264' title='bbox 3490 2883 3650 2941; x_wconf 65' lang='grc' dir='ltr'>οὖδὶν</span> <span class='ocrx_word' id='word_1_265' title='bbox 3714 2887 3917 2944; x_wconf 76' lang='grc' dir='ltr'>ἐκεῖνον</span> 
     </span>
    </p>
   </div>
   <div class='ocr_carea' id='block_1_39' title="bbox 2264 2968 3916 3049">
    <p class='ocr_par' dir='ltr' id='par_1_39' title="bbox 2264 2968 3916 3049">
     <span class='ocr_line' id='line_1_39' title="bbox 2264 2968 3916 3049; baseline 0.006 -25"><span class='ocrx_word' id='word_1_266' title='bbox 2264 2968 2553 3035; x_wconf 71' lang='grc' dir='ltr'>λεληθέναι</span> <span class='ocrx_word' id='word_1_267' title='bbox 2583 2975 2691 3025; x_wconf 81' lang='grc' dir='ltr'>τῶν</span> <span class='ocrx_word' id='word_1_268' title='bbox 2723 2972 3071 3040; x_wconf 84' lang='grc' dir='ltr'>καθηκόντων</span> <span class='ocrx_word' id='word_1_269' title='bbox 3107 2973 3548 3049; x_wconf 80' lang='grc' dir='ltr'>ἰσχυριζόμενος,</span> <span class='ocrx_word' id='word_1_270' title='bbox 3592 2976 3753 3033; x_wconf 67' lang='grc' dir='ltr'>ἀλλὰ</span> <span class='ocrx_word' id='word_1_271' title='bbox 3792 2983 3916 3034; x_wconf 73' lang='grc' dir='ltr'>πᾶσι</span> 
     </span>
    </p>
   </div>
   <div class='ocr_carea' id='block_1_40' title="bbox 2262 3056 3917 3141">
    <p class='ocr_par' dir='ltr' id='par_1_40' title="bbox 2262 3056 3917 3141">
     <span class='ocr_line' id='line_1_40' title="bbox 2262 3056 3917 3141; baseline 0.006 -29"><span class='ocrx_word' id='word_1_272' title='bbox 2262 3056 2554 3133; x_wconf 72' lang='grc' dir='ltr'>πεφυκέναι</span> <span class='ocrx_word' id='word_1_273' title='bbox 2614 3061 2951 3137; x_wconf 57' lang='grc' dir='ltr'>πράγμασιν</span> <span class='ocrx_word' id='word_1_274' title='bbox 2991 3061 3120 3141; x_wconf 79' lang='grc' dir='ltr'>εἶχε</span> <span class='ocrx_word' id='word_1_275' title='bbox 3167 3059 3226 3117; x_wconf 73' lang='grc' dir='ltr'>δὲ</span> <span class='ocrx_word' id='word_1_276' title='bbox 3274 3064 3363 3119; x_wconf 76' lang='grc' dir='ltr'><strong>καὶ</strong></span> <span class='ocrx_word' id='word_1_277' title='bbox 3417 3067 3715 3139; x_wconf 78' lang='grc' dir='ltr'>συνερίθου</span> <span class='ocrx_word' id='word_1_278' title='bbox 3771 3069 3917 3123; x_wconf 69' lang='lat' dir='ltr'><strong>entis-</strong></span> 
     </span>
    </p>
   </div>
   <div class='ocr_carea' id='block_1_41' title="bbox 2262 3149 3915 3227">
    <p class='ocr_par' dir='ltr' id='par_1_41' title="bbox 2262 3149 3915 3227">
     <span class='ocr_line' id='line_1_41' title="bbox 2262 3149 3915 3227; baseline 0.007 -26"><span class='ocrx_word' id='word_1_279' title='bbox 2262 3169 2372 3221; x_wconf 90' lang='grc' dir='ltr'><strong>σμα</strong></span> <span class='ocrx_word' id='word_1_280' title='bbox 2415 3149 2605 3227; x_wconf 79' lang='grc' dir='ltr'>ἰσχνὸν</span> <span class='ocrx_word' id='word_1_281' title='bbox 2662 3150 3041 3225; x_wconf 86' lang='grc' dir='ltr'>παρεπόμενον</span> <span class='ocrx_word' id='word_1_282' title='bbox 3074 3152 3165 3206; x_wconf 88' lang='grc' dir='ltr'>τὸν</span> <span class='ocrx_word' id='word_1_283' title='bbox 3223 3150 3493 3222; x_wconf 73' lang='grc' dir='ltr'>κηδεστὴν</span> <span class='ocrx_word' id='word_1_284' title='bbox 3542 3154 3915 3227; x_wconf 75' lang='grc' dir='ltr'>Φιλοκάλιον,</span> 
     </span>
    </p>
   </div>
   <div class='ocr_carea' id='block_1_42' title="bbox 2265 3233 3916 3315">
    <p class='ocr_par' dir='ltr' id='par_1_42' title="bbox 2265 3233 3916 3315">
     <span class='ocr_line' id='line_1_42' title="bbox 2265 3233 3916 3315; baseline 0.005 -24"><span class='ocrx_word' id='word_1_285' title='bbox 2265 3238 2321 3291; x_wconf 80' lang='grc' dir='ltr'><strong>ὅν</strong></span> <span class='ocrx_word' id='word_1_286' title='bbox 2380 3239 2493 3312; x_wconf 83' lang='grc' dir='ltr'><strong>οὐχ</strong></span> <span class='ocrx_word' id='word_1_287' title='bbox 2548 3238 2744 3313; x_wconf 74' lang='grc' dir='ltr'>ἑτέρως</span> <span class='ocrx_word' id='word_1_288' title='bbox 2794 3233 2939 3314; x_wconf 74' lang='grc' dir='ltr'>ἔχων</span> <span class='ocrx_word' id='word_1_289' title='bbox 2995 3240 3083 3295; x_wconf 79' lang='grc' dir='ltr'><strong>ἐπὶ</strong></span> <span class='ocrx_word' id='word_1_290' title='bbox 3139 3246 3238 3296; x_wconf 82' lang='grc' dir='ltr'>τοῦ</span> <span class='ocrx_word' id='word_1_291' title='bbox 3294 3241 3463 3315; x_wconf 78' lang='grc' dir='ltr'>ἄκρου</span> <span class='ocrx_word' id='word_1_292' title='bbox 3543 3251 3749 3313; x_wconf 79' lang='grc' dir='ltr'>στῆσαι</span> <span class='ocrx_word' id='word_1_293' title='bbox 3823 3253 3916 3315; x_wconf 75' lang='grc' dir='ltr'><strong>τῆς</strong></span> 
     </span>
    </p>
   </div>
   <div class='ocr_carea' id='block_1_43' title="bbox 2264 3326 3918 3411">
    <p class='ocr_par' dir='ltr' id='par_1_43' title="bbox 2264 3326 3918 3411">
     <span class='ocr_line' id='line_1_43' title="bbox 2264 3326 3918 3411; baseline 0.005 -29"><span class='ocrx_word' id='word_1_294' title='bbox 2264 3326 2578 3401; x_wconf 79' lang='grc' dir='ltr'>συγκλήτου</span> <span class='ocrx_word' id='word_1_295' title='bbox 2612 3329 2869 3404; x_wconf 80' lang='grc' dir='ltr'>βατῆρος,</span> <span class='ocrx_word' id='word_1_296' title='bbox 2922 3332 3070 3403; x_wconf 74' lang='grc' dir='ltr'>ἡμᾶς</span> <span class='ocrx_word' id='word_1_297' title='bbox 3124 3331 3218 3403; x_wconf 79' lang='grc' dir='ltr'>μὶν</span> <span class='ocrx_word' id='word_1_298' title='bbox 3267 3331 3357 3386; x_wconf 85' lang='grc' dir='ltr'>ἀπ’</span> <span class='ocrx_word' id='word_1_299' title='bbox 3389 3329 3661 3406; x_wconf 75' lang='grc' dir='ltr'>οὐδεμιᾶς</span> <span class='ocrx_word' id='word_1_300' title='bbox 3712 3335 3918 3411; x_wconf 64' lang='grc' dir='ltr'>εὐσχή-</span> 
     </span>
    </p>
   </div>
   <div class='ocr_carea' id='block_1_44' title="bbox 510 3416 2155 3510">
    <p class='ocr_par' dir='ltr' id='par_1_44' title="bbox 510 3418 2152 3491">
     <span class='ocr_line' id='line_1_44' title="bbox 510 3418 2152 3491; baseline -0.002 -14"><span class='ocrx_word' id='word_1_301' title='bbox 510 3421 766 3487; x_wconf 88' lang='lat' dir='ltr'><strong>removit,</strong></span> <span class='ocrx_word' id='word_1_302' title='bbox 821 3435 1066 3491; x_wconf 84' lang='lat' dir='ltr'><strong>eumque</strong></span> <span class='ocrx_word' id='word_1_303' title='bbox 1095 3419 1152 3475; x_wconf 92' lang='lat' dir='ltr'><strong>in</strong></span> <span class='ocrx_word' id='word_1_304' title='bbox 1191 3427 1454 3475; x_wconf 85' lang='lat' dir='ltr'><strong>nostrum</strong></span> <span class='ocrx_word' id='word_1_305' title='bbox 1507 3418 1696 3475; x_wconf 86' lang='lat' dir='ltr'><strong>locum</strong></span> <span class='ocrx_word' id='word_1_306' title='bbox 1748 3419 2065 3474; x_wconf 84' lang='lat' dir='ltr'><strong>substituit.</strong></span> <span class='ocrx_word' id='word_1_307' title='bbox 2099 3418 2152 3473; x_wconf 92' lang='lat' dir='ltr'><strong>Is</strong></span> 
     </span>
    </p>
   </div>
   <div class='ocr_carea' id='block_1_45' title="bbox 2265 3416 3917 3510">
    <p class='ocr_par' dir='ltr' id='par_1_45' title="bbox 2271 3416 3917 3510">
     <span class='ocr_line' id='line_1_45' title="bbox 2271 3416 3917 3510; baseline 0.006 -40"><span class='ocrx_word' id='word_1_308' title='bbox 2271 3438 2437 3491; x_wconf 89' lang='grc' dir='ltr'>μονος</span> <span class='ocrx_word' id='word_1_309' title='bbox 2463 3416 2784 3510; x_wconf 73' lang='grc' dir='ltr'>προφάσεως</span> <span class='ocrx_word' id='word_1_310' title='bbox 2812 3422 2912 3473; x_wconf 79' lang='grc' dir='ltr'>τοῦ</span> <span class='ocrx_word' id='word_1_311' title='bbox 2954 3424 3070 3481; x_wconf 86' lang='grc' dir='ltr'>τοῖς</span> <span class='ocrx_word' id='word_1_312' title='bbox 3119 3420 3389 3496; x_wconf 78' lang='grc' dir='ltr'>σεκρέτοις</span> <span class='ocrx_word' id='word_1_313' title='bbox 3432 3423 3521 3494; x_wconf 77' lang='grc' dir='ltr'><strong>[Ρ.</strong></span> <span class='ocrx_word' id='word_1_314' title='bbox 3574 3426 3707 3498; x_wconf 66' lang='grc'><strong>364]</strong></span> <span class='ocrx_word' id='word_1_315' title='bbox 3761 3424 3917 3497; x_wconf 75' lang='grc' dir='ltr'>λογοο</span> 
     </span>
    </p>
   </div>
   <div class='ocr_carea' id='block_1_46' title="bbox 506 3506 2150 3577">
    <p class='ocr_par' dir='ltr' id='par_1_46' title="bbox 506 3506 2150 3577">
     <span class='ocr_line' id='line_1_46' title="bbox 506 3506 2150 3577; baseline -0.003 -13"><span class='ocrx_word' id='word_1_316' title='bbox 506 3525 644 3564; x_wconf 86' lang='lat' dir='ltr'><strong>vero</strong></span> <span class='ocrx_word' id='word_1_317' title='bbox 676 3508 761 3563; x_wconf 88' lang='lat' dir='ltr'><strong>vir</strong></span> <span class='ocrx_word' id='word_1_318' title='bbox 800 3523 930 3563; x_wconf 87' lang='lat' dir='ltr'><strong>cum</strong></span> <span class='ocrx_word' id='word_1_319' title='bbox 963 3524 997 3562; x_wconf 91' lang='lat' dir='ltr'><strong>a</strong></span> <span class='ocrx_word' id='word_1_320' title='bbox 1044 3508 1136 3562; x_wconf 87' lang='lat' dir='ltr'><strong>sui</strong></span> <span class='ocrx_word' id='word_1_321' title='bbox 1169 3507 1498 3577; x_wconf 87' lang='lat' dir='ltr'><strong>cognitione</strong></span> <span class='ocrx_word' id='word_1_322' title='bbox 1550 3506 1940 3562; x_wconf 82' lang='lat' dir='ltr'><strong>alienissimus</strong></span> <span class='ocrx_word' id='word_1_323' title='bbox 1978 3510 2150 3576; x_wconf 81' lang='lat' dir='ltr'><strong>esset,</strong></span> 
     </span>
    </p>
   </div>
   <div class='ocr_carea' id='block_1_47' title="bbox 509 3596 2159 3669">
    <p class='ocr_par' dir='ltr' id='par_1_47' title="bbox 509 3596 2159 3669">
     <span class='ocr_line' id='line_1_47' title="bbox 509 3596 2159 3669; baseline -0.002 -15"><span class='ocrx_word' id='word_1_324' title='bbox 509 3600 647 3654; x_wconf 87' lang='lat' dir='ltr'><strong>dum</strong></span> <span class='ocrx_word' id='word_1_325' title='bbox 680 3614 794 3669; x_wconf 86' lang='lat' dir='ltr'><strong>prae</strong></span> <span class='ocrx_word' id='word_1_326' title='bbox 824 3597 1010 3653; x_wconf 89' lang='lat' dir='ltr'><strong>nimia</strong></span> <span class='ocrx_word' id='word_1_327' title='bbox 1053 3596 1368 3652; x_wconf 87' lang='lat' dir='ltr'><strong>ambitione</strong></span> <span class='ocrx_word' id='word_1_328' title='bbox 1399 3612 1464 3652; x_wconf 90' lang='lat' dir='ltr'><strong>ea</strong></span> <span class='ocrx_word' id='word_1_329' title='bbox 1492 3612 1619 3666; x_wconf 65' lang='lat' dir='ltr'><strong>quas</strong></span> <span class='ocrx_word' id='word_1_330' title='bbox 1667 3597 2001 3665; x_wconf 66' lang='lat' dir='ltr'><strong>dignitatem</strong></span> <span class='ocrx_word' id='word_1_331' title='bbox 2034 3596 2159 3666; x_wconf 88' lang='lat' dir='ltr'><strong>ejus</strong></span> 
     </span>
    </p>
   </div>
   <div class='ocr_carea' id='block_1_48' title="bbox 507 3684 2158 3761">
    <p class='ocr_par' dir='ltr' id='par_1_48' title="bbox 507 3684 2158 3761">
     <span class='ocr_line' id='line_1_48' title="bbox 507 3684 2158 3761; baseline -0.005 -16"><span class='ocrx_word' id='word_1_332' title='bbox 507 3688 859 3761; x_wconf 85' lang='lat' dir='ltr'><strong>superabant</strong></span> <span class='ocrx_word' id='word_1_333' title='bbox 888 3703 1019 3744; x_wconf 90' lang='lat' dir='ltr'><strong>cum</strong></span> <span class='ocrx_word' id='word_1_334' title='bbox 1052 3686 1307 3757; x_wconf 85' lang='lat' dir='ltr'><strong>periculo</strong></span> <span class='ocrx_word' id='word_1_335' title='bbox 1339 3686 1575 3755; x_wconf 89' lang='lat' dir='ltr'><strong>appetit,</strong></span> <span class='ocrx_word' id='word_1_336' title='bbox 1627 3701 1701 3740; x_wconf 92' lang='lat' dir='ltr'><strong>ne</strong></span> <span class='ocrx_word' id='word_1_337' title='bbox 1731 3685 2011 3755; x_wconf 77' lang='lat' dir='ltr'><strong>quosdam</strong></span> <span class='ocrx_word' id='word_1_338' title='bbox 2048 3684 2158 3738; x_wconf 85' lang='lat' dir='ltr'><strong>ho-</strong></span> 
     </span>
    </p>
   </div>
   <div class='ocr_carea' id='block_1_49' title="bbox 512 3774 2154 3846">
    <p class='ocr_par' dir='ltr' id='par_1_49' title="bbox 512 3774 2154 3846">
     <span class='ocr_line' id='line_1_49' title="bbox 512 3774 2154 3846; baseline -0.004 -11"><span class='ocrx_word' id='word_1_339' title='bbox 512 3782 746 3835; x_wconf 86' lang='lat' dir='ltr'><strong>noratos</strong></span> <span class='ocrx_word' id='word_1_340' title='bbox 788 3778 943 3833; x_wconf 79' lang='lat' dir='ltr'><strong>viros</strong></span> <span class='ocrx_word' id='word_1_341' title='bbox 998 3790 1320 3832; x_wconf 84' lang='lat' dir='ltr'><strong>assessores</strong></span> <span class='ocrx_word' id='word_1_342' title='bbox 1368 3776 1623 3840; x_wconf 80' lang='lat' dir='ltr'><strong>haberet,</strong></span> <span class='ocrx_word' id='word_1_343' title='bbox 1675 3775 1786 3845; x_wconf 86' lang='lat' dir='ltr'><strong>pati</strong></span> <span class='ocrx_word' id='word_1_344' title='bbox 1836 3774 2154 3846; x_wconf 83' lang='lat' dir='ltr'><strong>podagram</strong></span> 
     </span>
    </p>
   </div>
   <div class='ocr_carea' id='block_1_50' title="bbox 512 3863 2153 3938">
    <p class='ocr_par' dir='ltr' id='par_1_50' title="bbox 512 3863 2153 3938">
     <span class='ocr_line' id='line_1_50' title="bbox 512 3863 2153 3938; baseline -0.003 -15"><span class='ocrx_word' id='word_1_345' title='bbox 512 3868 767 3932; x_wconf 87' lang='lat' dir='ltr'><strong>simulat,</strong></span> <span class='ocrx_word' id='word_1_346' title='bbox 823 3867 990 3938; x_wconf 88' lang='lat' dir='ltr'><strong>quasi</strong></span> <span class='ocrx_word' id='word_1_347' title='bbox 1022 3882 1137 3921; x_wconf 86' lang='lat' dir='ltr'><strong>una</strong></span> <span class='ocrx_word' id='word_1_348' title='bbox 1167 3881 1295 3920; x_wconf 92' lang='lat' dir='ltr'><strong>cum</strong></span> <span class='ocrx_word' id='word_1_349' title='bbox 1344 3865 1582 3933; x_wconf 91' lang='lat' dir='ltr'><strong>pedibus</strong></span> <span class='ocrx_word' id='word_1_350' title='bbox 1630 3864 1927 3919; x_wconf 88' lang='lat' dir='ltr'><strong>cerebrum</strong></span> <span class='ocrx_word' id='word_1_351' title='bbox 1986 3863 2153 3918; x_wconf 88' lang='lat' dir='ltr'><strong>etiam</strong></span> 
     </span>
    </p>
   </div>
   <div class='ocr_carea' id='block_1_51' title="bbox 514 3953 2156 4028">
    <p class='ocr_par' dir='ltr' id='par_1_51' title="bbox 514 3953 2156 4028">
     <span class='ocr_line' id='line_1_51' title="bbox 514 3953 2156 4028; baseline -0.004 -15"><span class='ocrx_word' id='word_1_352' title='bbox 514 3955 824 4026; x_wconf 86' lang='lat' dir='ltr'><strong>amisisset,</strong></span> <span class='ocrx_word' id='word_1_353' title='bbox 856 3960 913 4010; x_wconf 87' lang='lat' dir='ltr'><strong>et</strong></span> <span class='ocrx_word' id='word_1_354' title='bbox 955 3955 1118 4028; x_wconf 90' lang='lat' dir='ltr'><strong>quasi</strong></span> <span class='ocrx_word' id='word_1_355' title='bbox 1164 3953 1406 4011; x_wconf 85' lang='lat' dir='ltr'><strong>alienata</strong></span> <span class='ocrx_word' id='word_1_356' title='bbox 1457 3962 1642 4009; x_wconf 89' lang='lat' dir='ltr'><strong>mente</strong></span> <span class='ocrx_word' id='word_1_357' title='bbox 1670 3955 1938 4009; x_wconf 91' lang='lat' dir='ltr'><strong>decorum</strong></span> <span class='ocrx_word' id='word_1_358' title='bbox 1973 3953 2156 4019; x_wconf 72' lang='lat' dir='ltr'><strong>negli-</strong></span> 
     </span>
    </p>
   </div>
   <div class='ocr_carea' id='block_1_52' title="bbox 510 4043 2156 4120">
    <p class='ocr_par' dir='ltr' id='par_1_52' title="bbox 510 4043 2156 4120">
     <span class='ocr_line' id='line_1_52' title="bbox 510 4043 2156 4120; baseline -0.003 -18"><span class='ocrx_word' id='word_1_359' title='bbox 510 4048 611 4120; x_wconf 88' lang='lat' dir='ltr'><strong>git.</strong></span> <span class='ocrx_word' id='word_1_360' title='bbox 646 4046 923 4102; x_wconf 67' lang='lat' dir='ltr'><strong>Caeterum</strong></span> <span class='ocrx_word' id='word_1_361' title='bbox 958 4051 1144 4101; x_wconf 87' lang='lat' dir='ltr'><strong>Ducas</strong></span> <span class='ocrx_word' id='word_1_362' title='bbox 1174 4044 1269 4100; x_wconf 88' lang='lat' dir='ltr'><strong>hic</strong></span> <span class='ocrx_word' id='word_1_363' title='bbox 1298 4060 1429 4099; x_wconf 89' lang='lat' dir='ltr'><strong>cum</strong></span> <span class='ocrx_word' id='word_1_364' title='bbox 1459 4049 1729 4113; x_wconf 88' lang='lat' dir='ltr'><strong>suscepto</strong></span> <span class='ocrx_word' id='word_1_365' title='bbox 1760 4043 2002 4115; x_wconf 89' lang='lat' dir='ltr'><strong>imperio</strong></span> <span class='ocrx_word' id='word_1_366' title='bbox 2032 4043 2156 4097; x_wconf 89' lang='lat' dir='ltr'><strong>the-</strong></span> 
     </span>
    </p>
   </div>
   <div class='ocr_carea' id='block_1_53' title="bbox 510 4131 2153 4206">
    <p class='ocr_par' dir='ltr' id='par_1_53' title="bbox 510 4131 2153 4206">
     <span class='ocr_line' id='line_1_53' title="bbox 510 4131 2153 4206; baseline -0.005 -13"><span class='ocrx_word' id='word_1_367' title='bbox 510 4154 707 4193; x_wconf 87' lang='lat' dir='ltr'><strong>sauros</strong></span> <span class='ocrx_word' id='word_1_368' title='bbox 738 4152 851 4191; x_wconf 89' lang='lat' dir='ltr'><strong>non</strong></span> <span class='ocrx_word' id='word_1_369' title='bbox 885 4134 1088 4206; x_wconf 89' lang='lat' dir='ltr'><strong>plenos</strong></span> <span class='ocrx_word' id='word_1_370' title='bbox 1138 4150 1244 4189; x_wconf 88' lang='lat' dir='ltr'><strong>nec</strong></span> <span class='ocrx_word' id='word_1_371' title='bbox 1276 4133 1644 4203; x_wconf 87' lang='lat' dir='ltr'><strong>semiplenos,</strong></span> <span class='ocrx_word' id='word_1_372' title='bbox 1678 4133 1773 4187; x_wconf 81' lang='lat' dir='ltr'><strong>sed</strong></span> <span class='ocrx_word' id='word_1_373' title='bbox 1834 4131 2153 4187; x_wconf 84' lang='lat' dir='ltr'><strong>admodum</strong></span> 
     </span>
    </p>
   </div>
   <div class='ocr_carea' id='block_1_54' title="bbox 509 4223 2159 4294">
    <p class='ocr_par' dir='ltr' id='par_1_54' title="bbox 509 4223 2159 4294">
     <span class='ocr_line' id='line_1_54' title="bbox 509 4223 2159 4294; baseline -0.004 -12"><span class='ocrx_word' id='word_1_374' title='bbox 509 4226 815 4282; x_wconf 82' lang='lat' dir='ltr'><strong>exhaustos</strong></span> <span class='ocrx_word' id='word_1_375' title='bbox 864 4224 1186 4294; x_wconf 85' lang='lat' dir='ltr'><strong>reperisset,</strong></span> <span class='ocrx_word' id='word_1_376' title='bbox 1224 4223 1469 4279; x_wconf 81' lang='lat' dir='ltr'><strong>metebat</strong></span> <span class='ocrx_word' id='word_1_377' title='bbox 1507 4224 1600 4277; x_wconf 91' lang='lat' dir='ltr'><strong>ubi</strong></span> <span class='ocrx_word' id='word_1_378' title='bbox 1656 4238 1771 4278; x_wconf 89' lang='lat' dir='ltr'><strong>non</strong></span> <span class='ocrx_word' id='word_1_379' title='bbox 1806 4227 2044 4290; x_wconf 85' lang='lat' dir='ltr'><strong>severat,</strong></span> <span class='ocrx_word' id='word_1_380' title='bbox 2101 4225 2159 4275; x_wconf 88' lang='lat' dir='ltr'><strong>et</strong></span> 
     </span>
    </p>
   </div>
   <div class='ocr_carea' id='block_1_55' title="bbox 511 4312 2156 4386">
    <p class='ocr_par' dir='ltr' id='par_1_55' title="bbox 511 4312 2156 4386">
     <span class='ocr_line' id='line_1_55' title="bbox 511 4312 2156 4386; baseline -0.002 -15"><span class='ocrx_word' id='word_1_381' title='bbox 511 4315 817 4386; x_wconf 82' lang='lat' dir='ltr'><strong>colligebat</strong></span> <span class='ocrx_word' id='word_1_382' title='bbox 848 4314 946 4368; x_wconf 88' lang='lat' dir='ltr'><strong>ubi</strong></span> <span class='ocrx_word' id='word_1_383' title='bbox 995 4313 1140 4368; x_wconf 86' lang='lat' dir='ltr'><strong>nihil</strong></span> <span class='ocrx_word' id='word_1_384' title='bbox 1190 4316 1497 4384; x_wconf 86' lang='lat' dir='ltr'><strong>sparserat.</strong></span> <span class='ocrx_word' id='word_1_385' title='bbox 1530 4314 1608 4367; x_wconf 89' lang='lat' dir='ltr'><strong>Ac</strong></span> <span class='ocrx_word' id='word_1_386' title='bbox 1656 4312 1813 4384; x_wconf 84' lang='lat' dir='ltr'><strong>gravi</strong></span> <span class='ocrx_word' id='word_1_387' title='bbox 1845 4312 2156 4382; x_wconf 56' lang='lat' dir='ltr'><strong>quastione</strong></span> 
     </span>
    </p>
   </div>
   <div class='ocr_carea' id='block_1_56' title="bbox 512 4401 2152 4473">
    <p class='ocr_par' dir='ltr' id='par_1_56' title="bbox 512 4401 2152 4473">
     <span class='ocr_line' id='line_1_56' title="bbox 512 4401 2152 4473; baseline -0.003 -12"><span class='ocrx_word' id='word_1_388' title='bbox 512 4405 573 4461; x_wconf 92' lang='lat' dir='ltr'><strong>in</strong></span> <span class='ocrx_word' id='word_1_389' title='bbox 595 4422 693 4460; x_wconf 87' lang='lat' dir='ltr'><strong>eos</strong></span> <span class='ocrx_word' id='word_1_390' title='bbox 723 4403 915 4460; x_wconf 86' lang='lat' dir='ltr'><strong>habita</strong></span> <span class='ocrx_word' id='word_1_391' title='bbox 946 4403 1048 4473; x_wconf 88' lang='lat' dir='ltr'><strong>qui</strong></span> <span class='ocrx_word' id='word_1_392' title='bbox 1076 4403 1181 4458; x_wconf 91' lang='lat' dir='ltr'><strong>sub</strong></span> <span class='ocrx_word' id='word_1_393' title='bbox 1210 4401 1440 4471; x_wconf 79' lang='lat' dir='ltr'><strong>Angelis</strong></span> <span class='ocrx_word' id='word_1_394' title='bbox 1470 4401 1720 4456; x_wconf 87' lang='lat' dir='ltr'><strong>maxima</strong></span> <span class='ocrx_word' id='word_1_395' title='bbox 1753 4401 1994 4473; x_wconf 84' lang='lat' dir='ltr'><strong>imperia</strong></span> <span class='ocrx_word' id='word_1_396' title='bbox 2025 4417 2152 4473; x_wconf 87' lang='lat' dir='ltr'><strong>ges-</strong></span> 
     </span>
    </p>
   </div>
   <div class='ocr_carea' id='block_1_57' title="bbox 515 4491 2151 4562">
    <p class='ocr_par' dir='ltr' id='par_1_57' title="bbox 515 4491 2151 4562">
     <span class='ocr_line' id='line_1_57' title="bbox 515 4491 2151 4562; baseline -0.002 -12"><span class='ocrx_word' id='word_1_397' title='bbox 515 4499 708 4550; x_wconf 83' lang='lat' dir='ltr'><strong>serant</strong></span> <span class='ocrx_word' id='word_1_398' title='bbox 734 4495 802 4549; x_wconf 92' lang='lat' dir='ltr'><strong>ad</strong></span> <span class='ocrx_word' id='word_1_399' title='bbox 836 4492 1119 4562; x_wconf 78' lang='lat' dir='ltr'><strong>fastigium</strong></span> <span class='ocrx_word' id='word_1_400' title='bbox 1142 4491 1724 4547; x_wconf 74' lang='lat' dir='ltr'><strong>Sebastocratoricum</strong></span> <span class='ocrx_word' id='word_1_401' title='bbox 1758 4499 1809 4546; x_wconf 85' lang='lat' dir='ltr'><strong>et</strong></span> <span class='ocrx_word' id='word_1_402' title='bbox 1833 4494 2151 4547; x_wconf 68' lang='lat' dir='ltr'><strong>Caasareum</strong></span> 
     </span>
    </p>
   </div>
   <div class='ocr_carea' id='block_1_58' title="bbox 513 4579 2153 4653">
    <p class='ocr_par' dir='ltr' id='par_1_58' title="bbox 513 4579 2153 4653">
     <span class='ocr_line' id='line_1_58' title="bbox 513 4579 2153 4653; baseline -0.001 -15"><span class='ocrx_word' id='word_1_403' title='bbox 513 4584 711 4650; x_wconf 85' lang='lat' dir='ltr'><strong>evecti,</strong></span> <span class='ocrx_word' id='word_1_404' title='bbox 746 4583 1049 4653; x_wconf 86' lang='lat' dir='ltr'><strong>pecuniam</strong></span> <span class='ocrx_word' id='word_1_405' title='bbox 1104 4582 1238 4635; x_wconf 90' lang='lat' dir='ltr'><strong>inde</strong></span> <span class='ocrx_word' id='word_1_406' title='bbox 1270 4579 1566 4635; x_wconf 88' lang='lat' dir='ltr'><strong>collectam</strong></span> <span class='ocrx_word' id='word_1_407' title='bbox 1601 4581 1673 4636; x_wconf 88' lang='lat' dir='ltr'><strong>ad</strong></span> <span class='ocrx_word' id='word_1_408' title='bbox 1708 4582 1859 4637; x_wconf 72' lang='lat'><strong>750</strong></span> <span class='ocrx_word' id='word_1_409' title='bbox 1891 4581 2153 4653; x_wconf 83' lang='lat' dir='ltr'><strong>publicos</strong></span> 
     </span>
    </p>
   </div>
   <div class='ocr_carea' id='block_1_59' title="bbox 513 4670 2150 4735">
    <p class='ocr_par' dir='ltr' id='par_1_59' title="bbox 513 4670 2150 4735">
     <span class='ocr_line' id='line_1_59' title="bbox 513 4670 2150 4735; baseline -0.002 -8"><span class='ocrx_word' id='word_1_410' title='bbox 513 4689 652 4727; x_wconf 89' lang='lat' dir='ltr'><strong>usus</strong></span> <span class='ocrx_word' id='word_1_411' title='bbox 699 4671 998 4726; x_wconf 79' lang='lat' dir='ltr'><strong>referebat.</strong></span> <span class='ocrx_word' id='word_1_412' title='bbox 1033 4671 1177 4727; x_wconf 89' lang='lat' dir='ltr'><strong>Cum</strong></span> <span class='ocrx_word' id='word_1_413' title='bbox 1212 4677 1403 4724; x_wconf 89' lang='lat' dir='ltr'><strong>autem</strong></span> <span class='ocrx_word' id='word_1_414' title='bbox 1454 4670 1697 4735; x_wconf 88' lang='lat' dir='ltr'><strong>Latinis,</strong></span> <span class='ocrx_word' id='word_1_415' title='bbox 1733 4671 1978 4726; x_wconf 89' lang='lat' dir='ltr'><strong>hostium</strong></span> <span class='ocrx_word' id='word_1_416' title='bbox 2012 4670 2150 4725; x_wconf 89' lang='lat' dir='ltr'><strong>viri-</strong></span> 
     </span>
    </p>
   </div>
   <div class='ocr_carea' id='block_1_60' title="bbox 512 4758 2151 4830">
    <p class='ocr_par' dir='ltr' id='par_1_60' title="bbox 512 4758 2151 4830">
     <span class='ocr_line' id='line_1_60' title="bbox 512 4758 2151 4830; baseline -0.001 -13"><span class='ocrx_word' id='word_1_417' title='bbox 512 4762 618 4817; x_wconf 89' lang='lat' dir='ltr'><strong>bus</strong></span> <span class='ocrx_word' id='word_1_418' title='bbox 663 4759 815 4815; x_wconf 87' lang='lat' dir='ltr'><strong>male</strong></span> <span class='ocrx_word' id='word_1_419' title='bbox 860 4759 1179 4827; x_wconf 64' lang='lat' dir='ltr'><strong>aestimatis,</strong></span> <span class='ocrx_word' id='word_1_420' title='bbox 1221 4758 1487 4813; x_wconf 86' lang='lat' dir='ltr'><strong>resistere</strong></span> <span class='ocrx_word' id='word_1_421' title='bbox 1544 4767 1800 4829; x_wconf 90' lang='lat' dir='ltr'><strong>cuperet,</strong></span> <span class='ocrx_word' id='word_1_422' title='bbox 1856 4775 2035 4830; x_wconf 85' lang='lat' dir='ltr'><strong>eaque</strong></span> <span class='ocrx_word' id='word_1_423' title='bbox 2092 4776 2151 4815; x_wconf 87' lang='lat' dir='ltr'><strong>re</strong></span> 
     </span>
    </p>
   </div>
   <div class='ocr_carea' id='block_1_61' title="bbox 510 4847 2152 4920">
    <p class='ocr_par' dir='ltr' id='par_1_61' title="bbox 510 4847 2152 4920">
     <span class='ocr_line' id='line_1_61' title="bbox 510 4847 2152 4920; baseline -0.002 -14"><span class='ocrx_word' id='word_1_424' title='bbox 510 4849 772 4907; x_wconf 86' lang='lat' dir='ltr'><strong>omnium</strong></span> <span class='ocrx_word' id='word_1_425' title='bbox 822 4847 1047 4920; x_wconf 89' lang='lat' dir='ltr'><strong>primus</strong></span> <span class='ocrx_word' id='word_1_426' title='bbox 1090 4854 1259 4912; x_wconf 85' lang='lat' dir='ltr'><strong>esset,</strong></span> <span class='ocrx_word' id='word_1_427' title='bbox 1314 4863 1543 4903; x_wconf 87' lang='lat' dir='ltr'><strong>murum</strong></span> <span class='ocrx_word' id='word_1_428' title='bbox 1580 4849 1932 4904; x_wconf 86' lang='lat' dir='ltr'><strong>maritimum</strong></span> <span class='ocrx_word' id='word_1_429' title='bbox 1975 4848 2152 4905; x_wconf 85' lang='lat' dir='ltr'><strong>trabi-</strong></span> 
     </span>
    </p>
   </div>
   <div class='ocr_carea' id='block_1_62' title="bbox 514 4937 2156 5007">
    <p class='ocr_par' dir='ltr' id='par_1_62' title="bbox 514 4937 2156 5007">
     <span class='ocr_line' id='line_1_62' title="bbox 514 4937 2156 5007; baseline -0.002 -11"><span class='ocrx_word' id='word_1_430' title='bbox 514 4939 619 4996; x_wconf 90' lang='lat' dir='ltr'><strong>bus</strong></span> <span class='ocrx_word' id='word_1_431' title='bbox 648 4938 907 4995; x_wconf 88' lang='lat' dir='ltr'><strong>altiorem</strong></span> <span class='ocrx_word' id='word_1_432' title='bbox 960 4937 1111 5004; x_wconf 80' lang='lat' dir='ltr'><strong>fecit,</strong></span> <span class='ocrx_word' id='word_1_433' title='bbox 1144 4944 1196 4992; x_wconf 89' lang='lat' dir='ltr'><strong>et</strong></span> <span class='ocrx_word' id='word_1_434' title='bbox 1244 4945 1535 4992; x_wconf 67' lang='lat' dir='ltr'><strong>terrestres</strong></span> <span class='ocrx_word' id='word_1_435' title='bbox 1581 4945 1776 5007; x_wconf 86' lang='lat' dir='ltr'><strong>portas</strong></span> <span class='ocrx_word' id='word_1_436' title='bbox 1823 4938 2156 4994; x_wconf 83' lang='lat' dir='ltr'><strong>tibicinibus</strong></span> 
     </span>
    </p>
   </div>
   <div class='ocr_carea' id='block_1_63' title="bbox 513 5026 2159 5098">
    <p class='ocr_par' dir='ltr' id='par_1_63' title="bbox 513 5026 2159 5098">
     <span class='ocr_line' id='line_1_63' title="bbox 513 5026 2159 5098; baseline -0.004 -10"><span class='ocrx_word' id='word_1_437' title='bbox 513 5030 711 5097; x_wconf 84' lang='lat' dir='ltr'><strong>fulsit;</strong></span> <span class='ocrx_word' id='word_1_438' title='bbox 745 5032 801 5083; x_wconf 92' lang='lat' dir='ltr'><strong>et</strong></span> <span class='ocrx_word' id='word_1_439' title='bbox 830 5026 1152 5097; x_wconf 81' lang='lat' dir='ltr'><strong>legionibus</strong></span> <span class='ocrx_word' id='word_1_440' title='bbox 1199 5043 1299 5081; x_wconf 83' lang='lat' dir='ltr'><strong>suo</strong></span> <span class='ocrx_word' id='word_1_441' title='bbox 1348 5027 1636 5098; x_wconf 85' lang='lat' dir='ltr'><strong>exemplo,</strong></span> <span class='ocrx_word' id='word_1_442' title='bbox 1670 5029 1801 5082; x_wconf 92' lang='lat' dir='ltr'><strong>dum</strong></span> <span class='ocrx_word' id='word_1_443' title='bbox 1836 5028 2025 5097; x_wconf 75' lang='lat' dir='ltr'><strong>gladio</strong></span> <span class='ocrx_word' id='word_1_444' title='bbox 2071 5044 2159 5082; x_wconf 81' lang='lat' dir='ltr'><strong>ac-</strong></span> 
     </span>
    </p>
   </div>
   <div class='ocr_carea' id='block_1_64' title="bbox 513 5115 2159 5177">
    <p class='ocr_par' dir='ltr' id='par_1_64' title="bbox 513 5115 2159 5177">
     <span class='ocr_line' id='line_1_64' title="bbox 513 5115 2159 5177; baseline -0.004 0"><span class='ocrx_word' id='word_1_445' title='bbox 513 5120 742 5177; x_wconf 78' lang='lat' dir='ltr'><strong>cinctus</strong></span> <span class='ocrx_word' id='word_1_446' title='bbox 772 5123 828 5174; x_wconf 89' lang='lat' dir='ltr'><strong>et</strong></span> <span class='ocrx_word' id='word_1_447' title='bbox 871 5118 1112 5172; x_wconf 86' lang='lat' dir='ltr'><strong>ferream</strong></span> <span class='ocrx_word' id='word_1_448' title='bbox 1166 5115 1380 5170; x_wconf 81' lang='lat' dir='ltr'><strong>clavam</strong></span> <span class='ocrx_word' id='word_1_449' title='bbox 1428 5116 1702 5172; x_wconf 87' lang='lat' dir='ltr'><strong>manibus</strong></span> <span class='ocrx_word' id='word_1_450' title='bbox 1756 5133 1977 5172; x_wconf 83' lang='lat' dir='ltr'><strong>versare</strong></span> <span class='ocrx_word' id='word_1_451' title='bbox 2026 5131 2159 5172; x_wconf 85' lang='lat' dir='ltr'><strong>con-</strong></span> 
     </span>
    </p>
   </div>
   <div class='ocr_carea' id='block_1_65' title="bbox 513 5203 2160 5282">
    <p class='ocr_par' dir='ltr' id='par_1_65' title="bbox 513 5203 2160 5282">
     <span class='ocr_line' id='line_1_65' title="bbox 513 5203 2160 5282; baseline -0.004 -17"><span class='ocrx_word' id='word_1_452' title='bbox 513 5209 773 5282; x_wconf 79' lang='lat' dir='ltr'><strong>spicitur,</strong></span> <span class='ocrx_word' id='word_1_453' title='bbox 804 5206 873 5262; x_wconf 90' lang='lat' dir='ltr'><strong>ad</strong></span> <span class='ocrx_word' id='word_1_454' title='bbox 906 5205 1296 5263; x_wconf 83' lang='lat' dir='ltr'><strong>fortitudinem</strong></span> <span class='ocrx_word' id='word_1_455' title='bbox 1348 5203 1626 5271; x_wconf 81' lang='lat' dir='ltr'><strong>excitatis,</strong></span> <span class='ocrx_word' id='word_1_456' title='bbox 1662 5207 1868 5276; x_wconf 86' lang='lat' dir='ltr'><strong>partim</strong></span> <span class='ocrx_word' id='word_1_457' title='bbox 1901 5204 2160 5261; x_wconf 88' lang='lat' dir='ltr'><strong>hostium</strong></span> 
     </span>
    </p>
   </div>
   <div class='ocr_carea' id='block_1_66' title="bbox 2268 3505 3913 3585">
    <p class='ocr_par' dir='ltr' id='par_1_66' title="bbox 2268 3505 3913 3585">
     <span class='ocr_line' id='line_1_66' title="bbox 2268 3505 3913 3585; baseline 0.007 -24"><span class='ocrx_word' id='word_1_458' title='bbox 2268 3509 2439 3562; x_wconf 85' lang='grc' dir='ltr'>θετεῖν</span> <span class='ocrx_word' id='word_1_459' title='bbox 2501 3505 2900 3582; x_wconf 82' lang='grc' dir='ltr'>παραλέλυκεν,</span> <span class='ocrx_word' id='word_1_460' title='bbox 2968 3507 3171 3564; x_wconf 70' lang='grc' dir='ltr'>ἐκεῖνον</span> <span class='ocrx_word' id='word_1_461' title='bbox 3258 3506 3304 3563; x_wconf 88' lang='grc' dir='ltr'>δ’</span> <span class='ocrx_word' id='word_1_462' title='bbox 3382 3508 3913 3585; x_wconf 71' lang='grc' dir='ltr'>ἆντιπροῦέὸληκεν.</span> 
     </span>
    </p>
   </div>
   <div class='ocr_carea' id='block_1_67' title="bbox 2269 3592 3912 3671">
    <p class='ocr_par' dir='ltr' id='par_1_67' title="bbox 2269 3592 3912 3671">
     <span class='ocr_line' id='line_1_67' title="bbox 2269 3592 3912 3671; baseline 0.004 -22"><span class='ocrx_word' id='word_1_463' title='bbox 2269 3592 2634 3669; x_wconf 82' lang='grc' dir='ltr'>’Δμελέτητος</span> <span class='ocrx_word' id='word_1_464' title='bbox 2688 3593 2733 3650; x_wconf 88' lang='grc' dir='ltr'>δ’</span> <span class='ocrx_word' id='word_1_465' title='bbox 2792 3593 2865 3652; x_wconf 81' lang='grc' dir='ltr'>ὤν</span> <span class='ocrx_word' id='word_1_466' title='bbox 2915 3597 2944 3651; x_wconf 88' lang='lat'><strong>6</strong></span> <span class='ocrx_word' id='word_1_467' title='bbox 2983 3597 3123 3671; x_wconf 76' lang='grc' dir='ltr'>ἀνὴρ</span> <span class='ocrx_word' id='word_1_468' title='bbox 3175 3595 3269 3653; x_wconf 76' lang='grc' dir='ltr'><strong>ὅδε</strong></span> <span class='ocrx_word' id='word_1_469' title='bbox 3307 3603 3406 3654; x_wconf 74' lang='grc' dir='ltr'><strong>τοῦ</strong></span> <span class='ocrx_word' id='word_1_470' title='bbox 3463 3600 3658 3655; x_wconf 66' lang='grc' dir='ltr'>ἑαυτὸν</span> <span class='ocrx_word' id='word_1_471' title='bbox 3726 3601 3912 3657; x_wconf 67' lang='grc' dir='ltr'>εἰδέναι</span> 
     </span>
    </p>
   </div>
   <div class='ocr_carea' id='block_1_68' title="bbox 2266 3685 3911 3768">
    <p class='ocr_par' dir='ltr' id='par_1_68' title="bbox 2266 3685 3911 3768">
     <span class='ocr_line' id='line_1_68' title="bbox 2266 3685 3911 3768; baseline 0.004 -28"><span class='ocrx_word' id='word_1_472' title='bbox 2266 3685 2628 3755; x_wconf 76' lang='grc' dir='ltr'>παντάπασιν,</span> <span class='ocrx_word' id='word_1_473' title='bbox 2663 3685 2767 3740; x_wconf 85' lang='grc' dir='ltr'><strong>ὑπὸ</strong></span> <span class='ocrx_word' id='word_1_474' title='bbox 2816 3692 2917 3755; x_wconf 78' lang='grc' dir='ltr'><strong>τῆς</strong></span> <span class='ocrx_word' id='word_1_475' title='bbox 2966 3687 3094 3761; x_wconf 80' lang='grc' dir='ltr'>ἄγαν</span> <span class='ocrx_word' id='word_1_476' title='bbox 3141 3686 3462 3768; x_wconf 74' lang='grc' dir='ltr'>φιλοτιμίας</span> <span class='ocrx_word' id='word_1_477' title='bbox 3509 3694 3621 3744; x_wconf 82' lang='grc' dir='ltr'><strong>τῶν</strong></span> <span class='ocrx_word' id='word_1_478' title='bbox 3673 3691 3809 3765; x_wconf 76' lang='grc' dir='ltr'>ὑπὲρ</span> <span class='ocrx_word' id='word_1_479' title='bbox 3855 3693 3911 3747; x_wconf 81' lang='grc' dir='ltr'>τὸ</span> 
     </span>
    </p>
   </div>
   <div class='ocr_carea' id='block_1_69' title="bbox 2264 3775 3910 3855">
    <p class='ocr_par' dir='ltr' id='par_1_69' title="bbox 2264 3775 3910 3855">
     <span class='ocr_line' id='line_1_69' title="bbox 2264 3775 3910 3855; baseline 0.004 -26"><span class='ocrx_word' id='word_1_480' title='bbox 2264 3782 2503 3844; x_wconf 82' lang='grc' dir='ltr'>καθῆκον</span> <span class='ocrx_word' id='word_1_481' title='bbox 2535 3775 2819 3850; x_wconf 77' lang='grc' dir='ltr'>σφαλερῶς</span> <span class='ocrx_word' id='word_1_482' title='bbox 2851 3776 3156 3855; x_wconf 75' lang='grc' dir='ltr'>ἐφιέμενος,</span> <span class='ocrx_word' id='word_1_483' title='bbox 3187 3778 3250 3833; x_wconf 86' lang='grc' dir='ltr'>τὸ</span> <span class='ocrx_word' id='word_1_484' title='bbox 3302 3779 3379 3849; x_wconf 80' lang='grc' dir='ltr'><strong>μὴ</strong></span> <span class='ocrx_word' id='word_1_485' title='bbox 3430 3780 3728 3855; x_wconf 78' lang='grc' dir='ltr'>σῦνθρονος</span> <span class='ocrx_word' id='word_1_486' title='bbox 3775 3785 3910 3837; x_wconf 73' lang='grc' dir='ltr'>εἶναι</span> 
     </span>
    </p>
   </div>
   <div class='ocr_carea' id='block_1_70' title="bbox 2263 3864 3911 3944">
    <p class='ocr_par' dir='ltr' id='par_1_70' title="bbox 2263 3864 3911 3944">
     <span class='ocr_line' id='line_1_70' title="bbox 2263 3864 3911 3944; baseline 0.004 -26"><span class='ocrx_word' id='word_1_487' title='bbox 2263 3869 2370 3918; x_wconf 84' lang='grc' dir='ltr'>τῶν</span> <span class='ocrx_word' id='word_1_488' title='bbox 2409 3865 2461 3919; x_wconf 81' lang='grc' dir='ltr'>ἐν</span> <span class='ocrx_word' id='word_1_489' title='bbox 2509 3870 2700 3938; x_wconf 83' lang='grc' dir='ltr'>τιμαῖς</span> <span class='ocrx_word' id='word_1_490' title='bbox 2757 3864 2921 3930; x_wconf 74' lang='grc' dir='ltr'>ἐνίοις</span> <span class='ocrx_word' id='word_1_491' title='bbox 2970 3867 3259 3931; x_wconf 81' lang='grc' dir='ltr'>ὗπενόθευε</span> <span class='ocrx_word' id='word_1_492' title='bbox 3298 3864 3580 3944; x_wconf 79' lang='grc' dir='ltr'>ποδάγραν</span> <span class='ocrx_word' id='word_1_493' title='bbox 3625 3888 3911 3944; x_wconf 74' lang='grc' dir='ltr'>σχηματι-</span> 
     </span>
    </p>
   </div>
   <div class='ocr_carea' id='block_1_71' title="bbox 2268 3953 3909 4034">
    <p class='ocr_par' dir='ltr' id='par_1_71' title="bbox 2268 3953 3909 4034">
     <span class='ocr_line' id='line_1_71' title="bbox 2268 3953 3909 4034; baseline 0.004 -25"><span class='ocrx_word' id='word_1_494' title='bbox 2268 3955 2511 4027; x_wconf 85' lang='grc' dir='ltr'>ζόμενος,</span> <span class='ocrx_word' id='word_1_495' title='bbox 2572 3955 2648 4016; x_wconf 86' lang='grc' dir='ltr'>ὡς</span> <span class='ocrx_word' id='word_1_496' title='bbox 2706 3953 2856 4029; x_wconf 74' lang='grc' dir='ltr'>εἷ’περ</span> <span class='ocrx_word' id='word_1_497' title='bbox 2931 3953 3231 4033; x_wconf 78' lang='grc' dir='ltr'>συνδιέρῤεε</span> <span class='ocrx_word' id='word_1_498' title='bbox 3307 3963 3429 4021; x_wconf 85' lang='grc' dir='ltr'>τοῖς</span> <span class='ocrx_word' id='word_1_499' title='bbox 3514 3959 3769 4034; x_wconf 77' lang='grc' dir='ltr'>πτέρναις</span> <span class='ocrx_word' id='word_1_500' title='bbox 3822 3962 3909 4016; x_wconf 79' lang='grc' dir='ltr'>τὸν</span> 
     </span>
    </p>
   </div>
   <div class='ocr_carea' id='block_1_72' title="bbox 2264 4041 3911 4125">
    <p class='ocr_par' dir='ltr' id='par_1_72' title="bbox 2264 4041 3911 4125">
     <span class='ocr_line' id='line_1_72' title="bbox 2264 4041 3911 4125; baseline 0.004 -27"><span class='ocrx_word' id='word_1_501' title='bbox 2264 4041 2587 4122; x_wconf 78' lang='grc' dir='ltr'>ἐγκέφαλον,</span> <span class='ocrx_word' id='word_1_502' title='bbox 2644 4043 2929 4108; x_wconf 80' lang='grc' dir='ltr'>κάντεῦθεν</span> <span class='ocrx_word' id='word_1_503' title='bbox 2985 4044 3375 4121; x_wconf 70' lang='grc' dir='ltr'>ἀλλοφρονέων</span> <span class='ocrx_word' id='word_1_504' title='bbox 3418 4044 3720 4123; x_wconf 82' lang='grc' dir='ltr'>ὀλιγώρως</span> <span class='ocrx_word' id='word_1_505' title='bbox 3798 4049 3911 4125; x_wconf 77' lang='grc' dir='ltr'>εἶχε</span> 
     </span>
    </p>
   </div>
   <div class='ocr_carea' id='block_1_73' title="bbox 2262 4133 3912 4213">
    <p class='ocr_par' dir='ltr' id='par_1_73' title="bbox 2262 4133 3912 4213">
     <span class='ocr_line' id='line_1_73' title="bbox 2262 4133 3912 4213; baseline 0.004 -25"><span class='ocrx_word' id='word_1_506' title='bbox 2262 4138 2361 4188; x_wconf 78' lang='grc' dir='ltr'><strong>τοῦ</strong></span> <span class='ocrx_word' id='word_1_507' title='bbox 2392 4134 2719 4207; x_wconf 87' lang='grc' dir='ltr'>πρέποντος.</span> <span class='ocrx_word' id='word_1_508' title='bbox 2762 4133 2941 4190; x_wconf 85' lang='grc' dir='ltr'>Ἀλλὰ</span> <span class='ocrx_word' id='word_1_509' title='bbox 2977 4135 3217 4199; x_wconf 79' lang='grc' dir='ltr'>καὶτοὺς</span> <span class='ocrx_word' id='word_1_510' title='bbox 3251 4134 3567 4210; x_wconf 79' lang='grc' dir='ltr'>βασιλείους</span> <span class='ocrx_word' id='word_1_511' title='bbox 3611 4140 3912 4213; x_wconf 73' lang='grc' dir='ltr'>Θησαυροίις</span> 
     </span>
    </p>
   </div>
   <div class='ocr_carea' id='block_1_74' title="bbox 2267 4221 3907 4299">
    <p class='ocr_par' dir='ltr' id='par_1_74' title="bbox 2267 4221 3907 4299">
     <span class='ocr_line' id='line_1_74' title="bbox 2267 4221 3907 4299; baseline 0.004 -22"><span class='ocrx_word' id='word_1_512' title='bbox 2267 4222 2365 4277; x_wconf 69' lang='grc' dir='ltr'><strong>οὐκ</strong></span> <span class='ocrx_word' id='word_1_513' title='bbox 2389 4221 2696 4297; x_wconf 77' lang='grc' dir='ltr'>ἒπιχειλεῖς</span> <span class='ocrx_word' id='word_1_514' title='bbox 2747 4221 2861 4277; x_wconf 79' lang='grc' dir='ltr'>οὐδ’</span> <span class='ocrx_word' id='word_1_515' title='bbox 2903 4221 3173 4296; x_wconf 72' lang='grc' dir='ltr'>ἡμιδεεῖς,</span> <span class='ocrx_word' id='word_1_516' title='bbox 3226 4221 3353 4280; x_wconf 80' lang='grc' dir='ltr'>ἀλλ’</span> <span class='ocrx_word' id='word_1_517' title='bbox 3400 4223 3452 4280; x_wconf 81' lang='grc' dir='ltr'>ἐν</span> <span class='ocrx_word' id='word_1_518' title='bbox 3510 4232 3687 4299; x_wconf 80' lang='grc' dir='ltr'>στενῷ</span> <span class='ocrx_word' id='word_1_519' title='bbox 3743 4231 3907 4297; x_wconf 70' lang='grc' dir='ltr'>πάντη</span> 
     </span>
    </p>
   </div>
   <div class='ocr_carea' id='block_1_75' title="bbox 2266 4309 3914 4391">
    <p class='ocr_par' dir='ltr' id='par_1_75' title="bbox 2266 4309 3914 4391">
     <span class='ocr_line' id='line_1_75' title="bbox 2266 4309 3914 4391; baseline 0.002 -25"><span class='ocrx_word' id='word_1_520' title='bbox 2266 4310 2720 4384; x_wconf 73' lang='grc' dir='ltr'>ἀπειλημμένους</span> <span class='ocrx_word' id='word_1_521' title='bbox 2771 4312 2799 4366; x_wconf 88' lang='lat'><strong>6</strong></span> <span class='ocrx_word' id='word_1_522' title='bbox 2850 4309 3011 4385; x_wconf 80' lang='grc' dir='ltr'>ἃρξας</span> <span class='ocrx_word' id='word_1_523' title='bbox 3063 4311 3248 4367; x_wconf 80' lang='grc' dir='ltr'>οὐτοσὶ</span> <span class='ocrx_word' id='word_1_524' title='bbox 3299 4313 3506 4376; x_wconf 74' lang='grc' dir='ltr'>Δοῦκας</span> <span class='ocrx_word' id='word_1_525' title='bbox 3553 4315 3734 4391; x_wconf 69' lang='grc' dir='ltr'>εὑρὼν</span> <span class='ocrx_word' id='word_1_526' title='bbox 3785 4317 3914 4391; x_wconf 76' lang='grc' dir='ltr'>θερί-</span> 
     </span>
    </p>
   </div>
   <div class='ocr_carea' id='block_1_76' title="bbox 2265 4396 3913 4477">
    <p class='ocr_par' dir='ltr' id='par_1_76' title="bbox 2265 4396 3913 4477">
     <span class='ocr_line' id='line_1_76' title="bbox 2265 4396 3913 4477; baseline 0.002 -22"><span class='ocrx_word' id='word_1_527' title='bbox 2265 4407 2370 4471; x_wconf 84' lang='grc' dir='ltr'><strong>ζων</strong></span> <span class='ocrx_word' id='word_1_528' title='bbox 2399 4401 2465 4470; x_wconf 79' lang='grc' dir='ltr'><strong>ἧν</strong></span> <span class='ocrx_word' id='word_1_529' title='bbox 2497 4400 2619 4455; x_wconf 77' lang='grc' dir='ltr'>ἔνθα</span> <span class='ocrx_word' id='word_1_530' title='bbox 2661 4400 2758 4456; x_wconf 79' lang='grc' dir='ltr'>οὐκ</span> <span class='ocrx_word' id='word_1_531' title='bbox 2812 4396 3027 4475; x_wconf 77' lang='grc' dir='ltr'>ἔσπειρε</span> <span class='ocrx_word' id='word_1_532' title='bbox 3079 4400 3170 4457; x_wconf 84' lang='grc' dir='ltr'><strong>καὶ</strong></span> <span class='ocrx_word' id='word_1_533' title='bbox 3223 4404 3468 4477; x_wconf 80' lang='grc' dir='ltr'>συνάγων</span> <span class='ocrx_word' id='word_1_534' title='bbox 3530 4404 3654 4467; x_wconf 75' lang='grc' dir='ltr'>ὅθεν</span> <span class='ocrx_word' id='word_1_535' title='bbox 3716 4405 3780 4460; x_wconf 75' lang='grc' dir='ltr'>οὗ</span> <span class='ocrx_word' id='word_1_536' title='bbox 3838 4404 3913 4460; x_wconf 78' lang='grc' dir='ltr'>διο</span> 
     </span>
    </p>
   </div>
   <div class='ocr_carea' id='block_1_77' title="bbox 2264 4489 3912 4566">
    <p class='ocr_par' dir='ltr' id='par_1_77' title="bbox 2264 4489 3912 4566">
     <span class='ocr_line' id='line_1_77' title="bbox 2264 4489 3912 4566; baseline 0.002 -22"><span class='ocrx_word' id='word_1_537' title='bbox 2264 4491 2601 4564; x_wconf 80' lang='grc' dir='ltr'>εσκόρπισεν,</span> <span class='ocrx_word' id='word_1_538' title='bbox 2680 4490 2885 4545; x_wconf 78' lang='grc' dir='ltr'>έτοὶσεσι</span> <span class='ocrx_word' id='word_1_539' title='bbox 2965 4489 3210 4565; x_wconf 84' lang='grc' dir='ltr'>βαρείαις</span> <span class='ocrx_word' id='word_1_540' title='bbox 3293 4491 3513 4566; x_wconf 75' lang='grc' dir='ltr'>ὓπάγων</span> <span class='ocrx_word' id='word_1_541' title='bbox 3602 4495 3737 4556; x_wconf 71' lang='grc' dir='ltr'>τοὺς</span> <span class='ocrx_word' id='word_1_542' title='bbox 3824 4495 3912 4557; x_wconf 68' lang='grc' dir='ltr'><strong>τὰς</strong></span> 
     </span>
    </p>
   </div>
   <div class='ocr_carea' id='block_1_78' title="bbox 2267 4578 3908 4659">
    <p class='ocr_par' dir='ltr' id='par_1_78' title="bbox 2267 4578 3908 4659">
     <span class='ocr_line' id='line_1_78' title="bbox 2267 4578 3908 4659; baseline 0.002 -25"><span class='ocrx_word' id='word_1_543' title='bbox 2267 4578 2527 4656; x_wconf 76' lang='grc' dir='ltr'>μεγίστας</span> <span class='ocrx_word' id='word_1_544' title='bbox 2560 4579 2649 4634; x_wconf 85' lang='grc' dir='ltr'><strong>ὑπ’</strong></span> <span class='ocrx_word' id='word_1_545' title='bbox 2706 4578 2990 4653; x_wconf 85' lang='grc' dir='ltr'>’Λγγέλων</span> <span class='ocrx_word' id='word_1_546' title='bbox 3039 4580 3450 4655; x_wconf 82' lang='grc' dir='ltr'>ἀνεζωσμένους</span> <span class='ocrx_word' id='word_1_547' title='bbox 3495 4584 3697 4655; x_wconf 83' lang='grc' dir='ltr'>πρώην</span> <span class='ocrx_word' id='word_1_548' title='bbox 3744 4584 3908 4659; x_wconf 69' lang='grc' dir='ltr'>ἀρχὰς</span> 
     </span>
    </p>
   </div>
   <div class='ocr_carea' id='block_1_79' title="bbox 2260 4666 3910 4750">
    <p class='ocr_par' dir='ltr' id='par_1_79' title="bbox 2260 4666 3910 4750">
     <span class='ocr_line' id='line_1_79' title="bbox 2260 4666 3910 4750; baseline 0.002 -27"><span class='ocrx_word' id='word_1_549' title='bbox 2260 4670 2348 4724; x_wconf 83' lang='grc' dir='ltr'><strong>καὶ</strong></span> <span class='ocrx_word' id='word_1_550' title='bbox 2457 4670 2921 4744; x_wconf 81' lang='grc' dir='ltr'>μεσαρσιωθέντας</span> <span class='ocrx_word' id='word_1_551' title='bbox 3019 4669 3097 4733; x_wconf 79' lang='grc' dir='ltr'><strong>εἷς</strong></span> <span class='ocrx_word' id='word_1_552' title='bbox 3199 4671 3338 4745; x_wconf 75' lang='grc' dir='ltr'>ὕψος</span> <span class='ocrx_word' id='word_1_553' title='bbox 3421 4666 3910 4750; x_wconf 69' lang='grc' dir='ltr'>σεϐαστοκρὰτορσι</span> 
     </span>
    </p>
   </div>
   <div class='ocr_carea' id='block_1_80' title="bbox 2258 4758 3908 4834">
    <p class='ocr_par' dir='ltr' id='par_1_80' title="bbox 2258 4758 3908 4834">
     <span class='ocr_line' id='line_1_80' title="bbox 2258 4758 3908 4834; baseline 0.004 -22"><span class='ocrx_word' id='word_1_554' title='bbox 2258 4759 2494 4827; x_wconf 74' lang='grc' dir='ltr'>καθῆκον</span> <span class='ocrx_word' id='word_1_555' title='bbox 2554 4759 2642 4813; x_wconf 76' lang='grc' dir='ltr'><strong>καὶ</strong></span> <span class='ocrx_word' id='word_1_556' title='bbox 2704 4758 2989 4832; x_wconf 86' lang='grc' dir='ltr'>Καίσαρσι,</span> <span class='ocrx_word' id='word_1_557' title='bbox 3048 4759 3139 4814; x_wconf 84' lang='grc' dir='ltr'><strong>καὶ</strong></span> <span class='ocrx_word' id='word_1_558' title='bbox 3204 4760 3340 4834; x_wconf 89' lang='grc' dir='ltr'>πρὸς</span> <span class='ocrx_word' id='word_1_559' title='bbox 3405 4760 3504 4823; x_wconf 76' lang='grc' dir='ltr'><strong>τὰς</strong></span> <span class='ocrx_word' id='word_1_560' title='bbox 3562 4763 3753 4828; x_wconf 67' lang='grc' dir='ltr'>κοινὰς</span> <span class='ocrx_word' id='word_1_561' title='bbox 3810 4765 3908 4818; x_wconf 78' lang='grc' dir='ltr'><strong>ἀπ-</strong></span> 
     </span>
    </p>
   </div>
   <div class='ocr_carea' id='block_1_81' title="bbox 2265 4844 3905 4926">
    <p class='ocr_par' dir='ltr' id='par_1_81' title="bbox 2265 4844 3905 4926">
     <span class='ocr_line' id='line_1_81' title="bbox 2265 4844 3905 4926; baseline 0.004 -25"><span class='ocrx_word' id='word_1_562' title='bbox 2265 4853 2453 4902; x_wconf 83' lang='grc' dir='ltr'>εκτᾶτο</span> <span class='ocrx_word' id='word_1_563' title='bbox 2511 4846 2701 4921; x_wconf 88' lang='grc' dir='ltr'>χρείας</span> <span class='ocrx_word' id='word_1_564' title='bbox 2758 4846 2935 4901; x_wconf 71' lang='grc' dir='ltr'>ὁπόσα</span> <span class='ocrx_word' id='word_1_565' title='bbox 3006 4844 3213 4911; x_wconf 71' lang='grc' dir='ltr'>ἐνθένδε</span> <span class='ocrx_word' id='word_1_566' title='bbox 3285 4847 3545 4925; x_wconf 73' lang='grc' dir='ltr'>συνέλεγε</span> <span class='ocrx_word' id='word_1_567' title='bbox 3620 4855 3905 4926; x_wconf 73' lang='grc' dir='ltr'>χρήματα.</span> 
     </span>
    </p>
   </div>
   <div class='ocr_carea' id='block_1_82' title="bbox 2266 4933 3911 5018">
    <p class='ocr_par' dir='ltr' id='par_1_82' title="bbox 2266 4933 3911 5018">
     <span class='ocr_line' id='line_1_82' title="bbox 2266 4933 3911 5018; baseline 0.001 -25"><span class='ocrx_word' id='word_1_568' title='bbox 2266 4934 2676 5010; x_wconf 81' lang='grc' dir='ltr'>Ἀπειροκάλως</span> <span class='ocrx_word' id='word_1_569' title='bbox 2710 4933 2756 4989; x_wconf 79' lang='grc' dir='ltr'>δ’</span> <span class='ocrx_word' id='word_1_570' title='bbox 2795 4933 2938 5011; x_wconf 76' lang='grc' dir='ltr'>ἔχων</span> <span class='ocrx_word' id='word_1_571' title='bbox 2987 4942 3090 5005; x_wconf 83' lang='grc' dir='ltr'><strong>τῆς</strong></span> <span class='ocrx_word' id='word_1_572' title='bbox 3135 4940 3242 4991; x_wconf 79' lang='grc' dir='ltr'><strong>τῶν</strong></span> <span class='ocrx_word' id='word_1_573' title='bbox 3296 4937 3543 4992; x_wconf 80' lang='grc' dir='ltr'>Λατίνων</span> <span class='ocrx_word' id='word_1_574' title='bbox 3597 4939 3911 5018; x_wconf 74' lang='grc' dir='ltr'>ἀντιμαχή-</span> 
     </span>
    </p>
   </div>
   <div class='ocr_carea' id='block_1_83' title="bbox 2266 5024 3913 5103">
    <p class='ocr_par' dir='ltr' id='par_1_83' title="bbox 2266 5024 3913 5103">
     <span class='ocr_line' id='line_1_83' title="bbox 2266 5024 3913 5103; baseline 0.003 -25"><span class='ocrx_word' id='word_1_575' title='bbox 2266 5044 2421 5094; x_wconf 89' lang='grc' dir='ltr'>σεως,</span> <span class='ocrx_word' id='word_1_576' title='bbox 2471 5024 2607 5079; x_wconf 83' lang='grc' dir='ltr'>κατὰ</span> <span class='ocrx_word' id='word_1_577' title='bbox 2673 5029 2832 5079; x_wconf 76' lang='grc' dir='ltr'>τοῦτο</span> <span class='ocrx_word' id='word_1_578' title='bbox 2889 5024 2953 5079; x_wconf 81' lang='grc' dir='ltr'>τὸ</span> <span class='ocrx_word' id='word_1_579' title='bbox 3015 5024 3181 5100; x_wconf 87' lang='grc' dir='ltr'>μέρος</span> <span class='ocrx_word' id='word_1_580' title='bbox 3236 5026 3452 5081; x_wconf 83' lang='grc' dir='ltr'>πάντων</span> <span class='ocrx_word' id='word_1_581' title='bbox 3504 5025 3806 5103; x_wconf 81' lang='grc' dir='ltr'>ἐπρώτευε’</span> <span class='ocrx_word' id='word_1_582' title='bbox 3852 5031 3913 5086; x_wconf 76' lang='grc' dir='ltr'>τὶ</span> 
     </span>
    </p>
   </div>
   <div class='ocr_carea' id='block_1_84' title="bbox 2266 5113 3911 5190">
    <p class='ocr_par' dir='ltr' id='par_1_84' title="bbox 2266 5113 3911 5190">
     <span class='ocr_line' id='line_1_84' title="bbox 2266 5113 3911 5190; baseline 0.005 -23"><span class='ocrx_word' id='word_1_583' title='bbox 2266 5134 2323 5168; x_wconf 88' lang='grc' dir='ltr'><strong>τε</strong></span> <span class='ocrx_word' id='word_1_584' title='bbox 2353 5114 2458 5189; x_wconf 84' lang='grc' dir='ltr'><strong>γὰρ</strong></span> <span class='ocrx_word' id='word_1_585' title='bbox 2486 5113 2728 5189; x_wconf 81' lang='grc' dir='ltr'>παράλια</span> <span class='ocrx_word' id='word_1_586' title='bbox 2782 5114 2944 5190; x_wconf 84' lang='grc' dir='ltr'>τείχη</span> <span class='ocrx_word' id='word_1_587' title='bbox 2992 5116 3093 5183; x_wconf 72' lang='grc' dir='ltr'><strong>τῆς</strong></span> <span class='ocrx_word' id='word_1_588' title='bbox 3141 5113 3357 5179; x_wconf 84' lang='grc' dir='ltr'>πόλεως</span> <span class='ocrx_word' id='word_1_589' title='bbox 3413 5113 3504 5171; x_wconf 76' lang='grc' dir='ltr'><strong>διὰ</strong></span> <span class='ocrx_word' id='word_1_590' title='bbox 3556 5114 3739 5174; x_wconf 76' lang='grc' dir='ltr'>δοκῶν</span> <span class='ocrx_word' id='word_1_591' title='bbox 3790 5119 3911 5175; x_wconf 60' lang='grc' dir='ltr'><strong>ἂνᾶ-</strong></span> 
     </span>
    </p>
   </div>
   <div class='ocr_carea' id='block_1_85' title="bbox 2270 5202 3915 5280">
    <p class='ocr_par' dir='ltr' id='par_1_85' title="bbox 2270 5202 3915 5280">
     <span class='ocr_line' id='line_1_85' title="bbox 2270 5202 3915 5280; baseline 0.005 -24"><span class='ocrx_word' id='word_1_592' title='bbox 2270 5206 2440 5277; x_wconf 82' lang='grc' dir='ltr'>ψωσε,</span> <span class='ocrx_word' id='word_1_593' title='bbox 2472 5203 2564 5257; x_wconf 86' lang='grc' dir='ltr'><strong>καὶ</strong></span> <span class='ocrx_word' id='word_1_594' title='bbox 2611 5203 2705 5266; x_wconf 76' lang='grc' dir='ltr'><strong>τὰς</strong></span> <span class='ocrx_word' id='word_1_595' title='bbox 2763 5202 3027 5278; x_wconf 84' lang='grc' dir='ltr'>χερσαίας</span> <span class='ocrx_word' id='word_1_596' title='bbox 3084 5202 3265 5268; x_wconf 82' lang='grc' dir='ltr'>πύλας</span> <span class='ocrx_word' id='word_1_597' title='bbox 3322 5209 3740 5280; x_wconf 83' lang='grc' dir='ltr'>τειχισματίοις</span> <span class='ocrx_word' id='word_1_598' title='bbox 3786 5207 3915 5265; x_wconf 60' lang='lat' dir='ltr'><strong>61s!-</strong></span> 
     </span>
    </p>
   </div>
   <div class='ocr_carea' id='block_1_86' title="bbox 1880 5329 2535 5393">
    <p class='ocr_par' dir='ltr' id='par_1_86' title="bbox 1880 5329 2535 5393">
     <span class='ocr_line' id='line_1_86' title="bbox 1880 5329 2535 5393; baseline 0 0"><span class='ocrx_word' id='word_1_599' title='bbox 1880 5331 2047 5393; x_wconf 87' lang='lat' dir='ltr'><strong>Hier.</strong></span> <span class='ocrx_word' id='word_1_600' title='bbox 2092 5329 2307 5392; x_wconf 84' lang='lat' dir='ltr'><strong>Wolﬁi</strong></span> <span class='ocrx_word' id='word_1_601' title='bbox 2348 5338 2535 5393; x_wconf 68' lang='lat' dir='ltr'><strong>notae.</strong></span> 
     </span>
    </p>
   </div>
   <div class='ocr_carea' id='block_1_87' title="bbox 588 5461 2149 5541">
    <p class='ocr_par' dir='ltr' id='par_1_87' title="bbox 588 5461 2149 5541">
     <span class='ocr_line' id='line_1_87' title="bbox 588 5461 2149 5541; baseline 0.002 -22"><span class='ocrx_word' id='word_1_602' title='bbox 588 5466 699 5541; x_wconf 75' lang='lat'><strong>(52)</strong></span> <span class='ocrx_word' id='word_1_603' title='bbox 729 5465 923 5541; x_wconf 54' lang='lat' dir='ltr'><strong>Aliud</strong></span> <span class='ocrx_word' id='word_1_604' title='bbox 954 5473 1037 5541; x_wconf 81' lang='lat' dir='ltr'><strong>est</strong></span> <span class='ocrx_word' id='word_1_605' title='bbox 1061 5461 1478 5541; x_wconf 53' lang='grc' dir='ltr'>φρονηματίας,</span> <span class='ocrx_word' id='word_1_606' title='bbox 1509 5464 1662 5521; x_wconf 85' lang='lat' dir='ltr'><strong>aliud</strong></span> <span class='ocrx_word' id='word_1_607' title='bbox 1714 5465 2001 5541; x_wconf 62' lang='grc' dir='ltr'>φρόνιμος,</span> <span class='ocrx_word' id='word_1_608' title='bbox 2052 5467 2149 5522; x_wconf 85' lang='lat' dir='ltr'><strong>sed</strong></span> 
     </span>
    </p>
   </div>
   <div class='ocr_carea' id='block_1_88' title="bbox 516 5536 2031 5607">
    <p class='ocr_par' dir='ltr' id='par_1_88' title="bbox 516 5536 2031 5607">
     <span class='ocr_line' id='line_1_88' title="bbox 516 5536 2031 5607; baseline 0.001 -17"><span class='ocrx_word' id='word_1_609' title='bbox 516 5537 805 5591; x_wconf 78' lang='lat' dir='ltr'><strong>barbaries</strong></span> <span class='ocrx_word' id='word_1_610' title='bbox 834 5536 1239 5607; x_wconf 70' lang='lat' dir='ltr'><strong>vocabulorum</strong></span> <span class='ocrx_word' id='word_1_611' title='bbox 1276 5538 1386 5591; x_wconf 90' lang='lat' dir='ltr'><strong>vim</strong></span> <span class='ocrx_word' id='word_1_612' title='bbox 1417 5536 1765 5607; x_wconf 73' lang='lat' dir='ltr'><strong>depravasse</strong></span> <span class='ocrx_word' id='word_1_613' title='bbox 1790 5539 2031 5593; x_wconf 83' lang='lat' dir='ltr'><strong>videtur.</strong></span> 
     </span>
    </p>
   </div>
   <div class='ocr_carea' id='block_1_89' title="bbox 2260 5467 3271 5524">
    <p class='ocr_par' dir='ltr' id='par_1_89' title="bbox 2260 5467 3271 5524">
     <span class='ocr_line' id='line_1_89' title="bbox 2260 5467 3271 5524; baseline 0.001 -3"><span class='ocrx_word' id='word_1_614' title='bbox 2260 5484 2373 5523; x_wconf 83' lang='lat' dir='ltr'><strong>rem</strong></span> <span class='ocrx_word' id='word_1_615' title='bbox 2402 5467 2630 5523; x_wconf 81' lang='lat' dir='ltr'><strong>subinde</strong></span> <span class='ocrx_word' id='word_1_616' title='bbox 2659 5468 2720 5523; x_wconf 81' lang='lat' dir='ltr'><strong>in</strong></span> <span class='ocrx_word' id='word_1_617' title='bbox 2749 5468 3011 5522; x_wconf 74' lang='lat' dir='ltr'><strong>Meteonis</strong></span> <span class='ocrx_word' id='word_1_618' title='bbox 3066 5468 3271 5524; x_wconf 63' lang='lat' dir='ltr'><strong>sarcula</strong></span> 
     </span>
    </p>
   </div>
   <div class='ocr_carea' id='block_1_90' title="bbox 2258 5537 3900 5617">
    <p class='ocr_par' dir='ltr' id='par_1_90' title="bbox 2258 5537 3900 5617">
     <span class='ocr_line' id='line_1_90' title="bbox 2258 5537 3900 5617; baseline 0.006 -26"><span class='ocrx_word' id='word_1_619' title='bbox 2258 5542 2455 5617; x_wconf 68' lang='grc' dir='ltr'>τεωνος</span> <span class='ocrx_word' id='word_1_620' title='bbox 2483 5537 2699 5617; x_wconf 68' lang='grc' dir='ltr'>αἰῶνες,</span> <span class='ocrx_word' id='word_1_621' title='bbox 2733 5539 2789 5617; x_wconf 88' lang='lat' dir='ltr'><strong>si_</strong></span> <span class='ocrx_word' id='word_1_622' title='bbox 2814 5538 3108 5617; x_wconf 77' lang='lat' dir='ltr'><strong>scriptura</strong></span> <span class='ocrx_word' id='word_1_623' title='bbox 3137 5555 3258 5594; x_wconf 90' lang='lat' dir='ltr'><strong>non</strong></span> <span class='ocrx_word' id='word_1_624' title='bbox 3288 5537 3747 5617; x_wconf 81' lang='lat' dir='ltr'><strong>fallit,__videtur</strong></span> <span class='ocrx_word' id='word_1_625' title='bbox 3776 5562 3900 5617; x_wconf 53' lang='lat' dir='ltr'><strong>prce</strong></span> 
     </span>
    </p>
   </div>
   <div class='ocr_carea' id='block_1_91' title="bbox 3306 5472 3906 5538">
    <p class='ocr_par' dir='ltr' id='par_1_91' title="bbox 3306 5472 3906 5538">
     <span class='ocr_line' id='line_1_91' title="bbox 3306 5472 3906 5538; baseline 0.007 -16"><span class='ocrx_word' id='word_1_626' title='bbox 3306 5472 3757 5538; x_wconf 80' lang='lat' dir='ltr'><strong>procrastinans.</strong></span> <span class='ocrx_word' id='word_1_627' title='bbox 3806 5474 3906 5529; x_wconf 74' lang='lat' dir='ltr'><strong>Ms-</strong></span> 
     </span>
    </p>
   </div>
   <div class='ocr_carea' id='block_1_92' title="bbox 593 5604 2155 5685">
    <p class='ocr_par' dir='ltr' id='par_1_92' title="bbox 593 5604 2153 5685">
     <span class='ocr_line' id='line_1_92' title="bbox 593 5604 2153 5685; baseline 0.002 -26"><span class='ocrx_word' id='word_1_628' title='bbox 593 5607 702 5676; x_wconf 80' lang='grc'><strong>(53)</strong></span> <span class='ocrx_word' id='word_1_629' title='bbox 755 5606 869 5685; x_wconf 49' lang='grc' dir='ltr'><strong>Καὶ</strong></span> <span class='ocrx_word' id='word_1_630' title='bbox 912 5604 999 5658; x_wconf 85' lang='grc' dir='ltr'><strong>ἐπὶ</strong></span> <span class='ocrx_word' id='word_1_631' title='bbox 1040 5610 1187 5685; x_wconf 61' lang='lat' dir='ltr'><strong>_1tigt</strong></span> <span class='ocrx_word' id='word_1_632' title='bbox 1212 5607 1319 5685; x_wconf 71' lang='lat' dir='ltr'><strong>_-cov</strong></span> <span class='ocrx_word' id='word_1_633' title='bbox 1381 5604 1668 5685; x_wconf 74' lang='grc' dir='ltr'>εὐεργέτην</span> <span class='ocrx_word' id='word_1_634' title='bbox 1724 5607 1777 5670; x_wconf 77' lang='grc' dir='ltr'>ἒς</span> <span class='ocrx_word' id='word_1_635' title='bbox 1837 5607 1960 5670; x_wconf 66' lang='grc' dir='ltr'>τοὺς</span> <span class='ocrx_word' id='word_1_636' title='bbox 2011 5615 2153 5663; x_wconf 80' lang='grc' dir='ltr'>Μετ-</span> 
     </span>
    </p>
   </div>
   <div class='ocr_carea' id='block_1_93' title="bbox 2265 5604 3899 5685">
    <p class='ocr_par' dir='ltr' id='par_1_93' title="bbox 2265 5604 3899 5685">
     <span class='ocr_line' id='line_1_93' title="bbox 2265 5604 3899 5685; baseline 0.004 -22"><span class='ocrx_word' id='word_1_637' title='bbox 2265 5611 2521 5667; x_wconf 79' lang='lat' dir='ltr'><strong>verbium</strong></span> <span class='ocrx_word' id='word_1_638' title='bbox 2555 5610 2795 5685; x_wconf 78' lang='lat' dir='ltr'><strong>aliquod</strong></span> <span class='ocrx_word' id='word_1_639' title='bbox 2836 5604 3133 5665; x_wconf 77' lang='lat' dir='ltr'><strong>recentius</strong></span> <span class='ocrx_word' id='word_1_640' title='bbox 3156 5626 3308 5678; x_wconf 88' lang='lat' dir='ltr'><strong>esse,</strong></span> <span class='ocrx_word' id='word_1_641' title='bbox 3332 5618 3397 5667; x_wconf 92' lang='lat' dir='ltr'><strong>ut</strong></span> <span class='ocrx_word' id='word_1_642' title='bbox 3415 5604 3643 5685; x_wconf 88' lang='lat' dir='ltr'><strong>alioqui</strong></span> <span class='ocrx_word' id='word_1_643' title='bbox 3678 5604 3899 5673; x_wconf 76' lang='lat' dir='ltr'><strong>Tithoni</strong></span> 
     </span>
    </p>
   </div>
   <div class='ocr_carea' id='block_1_94' title="bbox 519 5673 2147 5754">
    <p class='ocr_par' dir='ltr' id='par_1_94' title="bbox 519 5673 2147 5754">
     <span class='ocr_line' id='line_1_94' title="bbox 519 5673 2147 5754; baseline 0.006 -27"><span class='ocrx_word' id='word_1_644' title='bbox 519 5673 691 5737; x_wconf 71' lang='grc' dir='ltr'>έωνος</span> <span class='ocrx_word' id='word_1_645' title='bbox 779 5674 977 5737; x_wconf 69' lang='grc' dir='ltr'>αἰῶνας</span> <span class='ocrx_word' id='word_1_646' title='bbox 1029 5673 1415 5750; x_wconf 80' lang='grc' dir='ltr'>ἀναδυόμενος.</span> <span class='ocrx_word' id='word_1_647' title='bbox 1472 5673 1749 5752; x_wconf 69' lang='grc' dir='ltr'><strong>’ῢεηῖᾳιιϐ</strong></span> <span class='ocrx_word' id='word_1_648' title='bbox 1842 5682 2147 5754; x_wconf 76' lang='lat' dir='ltr'><strong>benefacto-</strong></span> 
     </span>
    </p>
   </div>
   <div class='ocr_carea' id='block_1_95' title="bbox 2259 5682 2917 5739">
    <p class='ocr_par' dir='ltr' id='par_1_95' title="bbox 2259 5682 2917 5739">
     <span class='ocr_line' id='line_1_95' title="bbox 2259 5682 2917 5739; baseline -0.003 -2"><span class='ocrx_word' id='word_1_649' title='bbox 2259 5690 2534 5739; x_wconf 87' lang='lat' dir='ltr'><strong>senectus</strong></span> <span class='ocrx_word' id='word_1_650' title='bbox 2567 5682 2917 5739; x_wconf 83' lang='lat' dir='ltr'><strong>celebratur.</strong></span> 
     </span>
    </p>
   </div>
  </div>
