4028 6218
244 384 371 451 949

1340 389 1708 453 'ALEXIUS
1753 388 2003 453 DUCAS
2048 389 2548 454 MURZUFLUS.

3553 397 3672 461 950

252 519 420 599 ληφε,
494 519 586 576 καὶ
633 519 732 590 τήν
796 519 1046 597 στρατιὰν
1107 521 1436 599 ἀνεζωπύρει
1466 526 1548 594 τῷ
1588 521 1704 577 καθ’
1744 520 1901 576 αὐτὸν

2021 522 2390 578 excursiones
2415 523 2699 593 reprimit,
2725 522 2935 595 partim
2960 540 3059 580 eos
3092 527 3190 596 qui
3245 525 3667 586 frumentatum

255 609 638 687 ὑποδείγματι.
674 612 762 665 Ἐν
793 610 1029 672 πολλοῖς
1088 608 1147 666 δὶ
1199 612 1288 666 καὶ
1345 611 1507 673 αὐτὸς
1557 611 1709 688 ξίφος
1749 610 1915 687 ἀγκυ-

256 701 561 775 λιζόμενος
588 699 679 755 καὶ
712 700 989 775 χαλκήρει
1040 702 1243 776 κορύνῃ
1303 702 1402 770 τήν
1457 707 1623 780 χεῖρα
1650 699 1917 756 καθοπλι·

255 793 491 864 ζόμενος
555 790 717 845 τοῦτο
815 790 910 864 μὶν
966 791 1063 854 τὰς
1110 794 1220 847 τῶν
1289 790 1544 846 ἐναντίων
1628 791 1909 846 ἀνέκοπτεν

254 877 551 953 ἐκδρομὰς,
637 876 801 935 τοῦτο
862 876 919 934 δὲ
970 884 1089 941 τοῖς
1159 878 1507 957 σποραδικῶς
1550 878 1778 950 ἐξιοῦσιν
1836 878 1913 939 εἷς

252 970 527 1044 πορισμὸν
563 968 749 1024 σιτίων
792 967 1148 1048 ἐφιστάμενος
1197 970 1262 1039 ἦν
1323 966 1761 1045 αὐτεπάγγελτος
1820 968 1911 1022 καὶ

252 1058 668 1134 αὐτενὲργητος.
757 1055 976 1130 Ἀμέλει
1052 1055 1142 1113 διὰ
1227 1062 1398 1114 ταῦτα
1469 1062 1585 1119 τοῖς
1654 1055 1911 1119 πολίταις

250 1149 552 1218 ἠσπάζετο,
586 1147 636 1202 εἴ
663 1148 748 1202 καὶ
805 1147 1050 1210 ὕποπτος
1098 1148 1166 1217 ἦν
1227 1148 1298 1203 τὰ
1352 1144 1542 1203 πολλὰ
1595 1146 1686 1201 καὶ
1732 1145 1908 1219 ἀσύμ-

251 1233 420 1299 ϐατός
468 1242 587 1298 τοῖς
626 1235 675 1306 ἐξ
733 1233 986 1309 αἳματος·
1046 1236 1137 1291 ἅτε
1184 1235 1286 1311 γὰρ
1345 1234 1687 1313 ἐντραφέντες
1754 1232 1908 1289 οὗτοι

256 1324 489 1401 βλακείᾳ
562 1324 652 1380 καὶ
726 1323 969 1398 μαλακίᾳ
1026 1321 1506 1401 συνανδρωθέντες,
1563 1323 1905 1400 ἆναγωγικήν

254 1414 554 1489 αὐστηρίαν
608 1414 698 1470 καὶ
758 1412 965 1470 δίαιταν
1030 1415 1283 1492 σώφρονα
1339 1411 1770 1488 περιιστάμενοι,
1830 1414 1907 1476 ὡς

252 1505 326 1558 τὰ
371 1503 745 1578 κεκρατημένοι
801 1504 1030 1577 σώματα
1108 1502 1497 1577 νοσοκόμησιν,
1556 1500 1905 1578 ἐτραχηλίων

251 1594 347 1649 καὶ
379 1592 801 1669 ἐσκληρύνοντο.
835 1594 947 1663 Τήν
998 1598 1095 1649 τοῦ
1144 1593 1322 1649 Δούκα
1348 1594 1531 1649 τοίνυν
1565 1587 1906 1667 ἐμϐρίμησιν

250 1684 347 1740 καὶ
380 1682 673 1756 ἐπίπληξιν
703 1682 795 1754 (ἦν
852 1683 956 1758 γὰρ
1002 1682 1092 1738 καὶ
1151 1682 1305 1762 φύσει
1355 1680 1550 1744 κοῖλος
1605 1681 1696 1738 καὶ
1738 1682 1906 1757 βαρὺς

251 1775 356 1843 τήν
390 1774 571 1850 φωνὴν
602 1773 691 1828 καὶ
722 1773 814 1828 τὸν
848 1773 1101 1850 φάρυγγα
1130 1772 1439 1851 βραγχιῶν)
1497 1770 1595 1828 ὅσα
1632 1772 1722 1827 καὶ
1774 1776 1906 1846 γεῦ-

2025 612 2273 679 sparsim
2306 613 2541 668 exibant
2599 612 2987 684 persequitur.
3023 615 3153 678 Quas
3194 632 3326 671 cum
3366 618 3515 673 ultro
3568 636 3665 676 ne-

2026 700 2182 755 mine
2212 701 2509 773 ﬂagitante
2555 703 2791 770 faceret,
2824 709 2888 756 ut
2916 701 3129 758 charus
3162 710 3283 759 erat
3313 706 3555 775 civibus,
3588 710 3668 764 ita

2024 789 2288 860 cognatis
2343 790 2467 845 suis
2501 793 2615 845 fere
2657 799 2961 861 suspectus
2993 798 3048 846 et
3100 792 3341 849 invisus.
3377 794 3481 858 Qui
3514 802 3579 851 ut
3605 796 3664 852 in

2022 880 2139 935 otio
2166 880 2358 934 nutriti
2392 885 2449 934 et
2478 880 2535 934 in
2569 878 2797 935 deliciis
2819 880 3021 949 adulti,
3049 898 3307 938 severam
3340 887 3396 937 et
3444 887 3669 942 modes-

2020 972 2140 1023 tam
2173 968 2307 1024 vitae
2338 968 2624 1024 rationem
2673 973 2737 1024 ut
2763 969 3029 1025 morbida
3059 988 3302 1043 corpora
3334 977 3666 1045 temperan-

2021 1057 2163 1114 tiam
2194 1064 2525 1115 aversantes
2557 1058 2629 1114 ab
2663 1074 2728 1113 eo
2773 1059 3186 1127 abhorrebant,
3219 1066 3276 1117 et
3325 1063 3451 1133 ejus
3492 1064 3664 1120 casti-

2018 1148 2311 1220 gationem
2340 1152 2397 1203 et
2424 1148 2879 1217 increpationem
2914 1149 3057 1219 (erat
3086 1150 3244 1205 enim
3294 1156 3501 1207 natura
3528 1170 3665 1209 voce

2017 1237 2203 1310 gravi,
2234 1253 2440 1310 aspera
2495 1241 2552 1292 et
2584 1238 2778 1308 rauca)
2810 1237 3156 1309 gravissime
3186 1244 3244 1295 et
3274 1240 3665 1313 iniquissimis

2019 1329 2234 1384 animis
2292 1327 2684 1399 patiebantur,
2719 1331 2775 1383 et
2816 1328 2942 1398 ejus
2992 1331 3230 1386 exitium
3283 1336 3347 1386 ut
3401 1332 3663 1390 divinum

2017 1417 2367 1474 beneﬁcium
2440 1417 2814 1488 exoptabant.
2892 1421 3034 1472 Cum
3094 1423 3279 1476 autem
3347 1420 3666 1493 imperator

2017 1511 2220 1562 contra
2248 1505 2601 1562 Balduinum
2661 1505 2945 1561 Flandrias
2975 1507 3269 1577 comitem,
3329 1512 3430 1581 qui
3483 1511 3663 1567 Phila)

2018 1598 2145 1654 loca
2215 1597 2467 1653 finitima
2526 1596 2917 1669 populabatur
2973 1606 3028 1653 et
3103 1600 3319 1655 tributa
3377 1603 3663 1675 exigebat,

2018 1688 2221 1753 exiret,
2254 1691 2429 1758 atque
2460 1686 2521 1741 in
2552 1703 2619 1744 eo
2649 1688 2858 1743 itinere
2908 1692 3151 1759 uterque
3206 1688 3371 1746 alteri
3404 1692 3663 1747 occuris-

2017 1783 2170 1847 sent,
2223 1777 2496 1833 Romanis
2548 1776 2872 1848 perterritis
2902 1782 2961 1832 et
3017 1778 3242 1849 trepide
3303 1779 3663 1851 fugientibus

252 1885 339 1919 σιν
372 1860 688 1925 πολύποδος
722 1862 880 1936 ὠμοῦ
912 1860 945 1931 ἤ
980 1857 1285 1935 ἐλλεϐόρου
1312 1864 1578 1936 τράπεζαν
1617 1860 1724 1916 εἴτε
1792 1862 1899 1934 μὴν

2013 1870 2157 1927 751
2195 1866 2357 1922 solus
2414 1866 2729 1922 derelictus
2780 1883 2926 1938 pene
2960 1868 3228 1937 periisset
3259 1886 3272 1927 :
3324 1874 3381 1924 et
3411 1871 3663 1925 Genitri-

248 1953 504 2028 ταυρείου
535 1952 767 2026 αἳματος
796 1948 1042 2026 κέρασμα
1105 1951 1517 2027 ἐκτρεπόμενοι,
1557 1952 1658 2018 τήν
1706 1950 1903 2007 τούτου

243 2044 628 2120 καταστροφὴν
679 2040 1014 2116 ἐπιστροφὴν
1083 2039 1257 2112 ᾤοντο
1315 2042 1522 2111 θεϊκήν.
1580 2042 1766 2096 Ἔνθεν
1817 2060 1902 2095 τοι

243 2132 339 2186 καὶ
370 2130 699 2189 Βαλδουίνου
727 2135 823 2186 τοῦ
855 2137 954 2200 τῆς
1006 2128 1321 2206 Φλαντρίας
1370 2128 1619 2203 κόμητος
1659 2130 1727 2183 τὰ
1778 2130 1903 2200 περὶ

240 2221 342 2277 τὸν
384 2220 585 2277 Φιλέαν
614 2219 886 2294 κείροντος
922 2221 1087 2294 μέρη,
1143 2219 1385 2274 κάκεῖθεν
1445 2220 1646 2294 φόρους
1704 2215 1901 2273 συλλέο

238 2332 456 2388 γοντος,
514 2306 676 2384 ἔξεισι
741 2312 858 2365 κατ’
917 2309 1084 2363 αὐτοῦ
1146 2306 1419 2384 βασιλεύς.
1478 2309 1567 2370 Ὠς
1618 2303 1663 2361 δ’
1716 2307 1745 2361 ὁ
1807 2307 1901 2380 μὲν

239 2401 445 2467 ἀπιὼν,
486 2402 539 2455 οἱ
570 2398 617 2455 δ’
650 2399 709 2455 ἐκ
748 2403 845 2454 τοῦ
890 2397 1162 2471 πολεμίου
1207 2398 1431 2475 στίφους
1489 2396 1903 2473 ἀναζευγνύντες

242 2490 524 2562 ἀλλήλοις
586 2489 892 2563 συνέμιξαν,
944 2489 1212 2562 Ῥωμαῖοι
1276 2488 1371 2559 μὶν
1427 2484 1534 2542 δέει
1579 2488 1899 2562 ξυνὲχονται

238 2582 334 2635 καὶ
372 2578 625 2635 συντόνου
682 2585 855 2657 φυγῆς
895 2574 1142 2653 ἔχονται,
1199 2575 1569 2654 περιλειφθεὶς
1618 2573 1675 2630 δὲ
1735 2575 1899 2648 μόνος

2013 1958 2098 2013 eis
2156 1956 2254 2011 Dei
2313 1955 2506 2026 imago
2584 1970 2759 2025 quam
2832 1955 3229 2011 Romanorum
3283 1957 3663 2029 imperatores

2012 2045 2151 2102 belli
2202 2043 2422 2101 sociam
2452 2044 2771 2111 asciscant,
2799 2044 2870 2100 ab
2903 2044 3169 2101 hostibus
3202 2051 3369 2117 capta
3416 2052 3522 2103 est.
3557 2048 3665 2102 Ne-

2012 2151 2125 2207 que
2155 2134 2278 2190 hmo
2303 2138 2531 2190 tantum
2559 2133 2758 2205 gravia
2787 2137 2973 2202 erant,
3007 2135 3106 2189 sed
3142 2140 3196 2188 et.
3229 2134 3401 2205 longe
3433 2136 3663 2208 gravio-

2010 2241 2076 2280 ra
2106 2223 2483 2279 timebantur.
2519 2222 2665 2277 Nam
2691 2222 2748 2276 in
2784 2222 3110 2291 majoribus
3146 2224 3391 2280 navibus
3425 2226 3661 2279 horren-

2010 2315 2094 2369 das
2138 2329 2348 2368 rursus
2392 2310 2559 2368 scala
2618 2310 3059 2366 fabricabantur
3088 2316 3146 2367 et
3192 2311 3386 2367 omnis
3429 2313 3659 2385 generis

2009 2400 2285 2457 machina:
2344 2400 2722 2473 parabantur,
2779 2399 3003 2455 vexillis
3058 2416 3311 2471 superne
3376 2400 3661 2456 volitanti-

2010 2491 2119 2546 bus
2152 2507 2166 2558 ;
2199 2494 2254 2545 et
2277 2490 2369 2553 iis,
2403 2488 2500 2560 qui
2536 2489 2834 2560 pugnandi
2866 2504 3045 2544 causa
3073 2505 3140 2544 ea
3177 2490 3656 2561 conscenderent,

2007 2595 2041 2635 a
2073 2578 2287 2633 Latinis
2321 2579 2570 2633 maxima
2603 2577 2837 2648 praemia
2860 2578 3353 2649 proponebantur.

242 2670 276 2724 ό
310 2667 564 2745 βασιλεὺς
593 2668 753 2729 αὑτός
771 2688 830 2723 τε
864 2671 1062 2742 μικροῦ
1083 2664 1472 2741 παραπώλετο,
1505 2667 1590 2721 καὶ
1626 2668 1661 2734 ἡ
1717 2671 1818 2734 τῆς
1867 2667 2224 2740 Θεομήτορος
2275 2664 2455 2736 εἰκὼν,
2514 2666 2579 2734 ἣν
2642 2665 2693 2718 οἱ
2755 2664 2998 2739 βασιλεῖς
3052 2665 3343 2738 Ῥωμαίων
3372 2670 3656 2745 ποιοῦνται

245 2744 650 2833 συστράτηγον,
681 2762 799 2818 τοῖς
828 2754 1094 2817 ἐναντίοις
1126 2754 1388 2810 ἑάλωκεν.
1423 2757 1525 2811 Ἦν
1558 2750 1586 2807 δ
1620 2753 1683 2808 οὐ
1710 2754 1874 2826 μόνον
1902 2757 2071 2810 ταῦτα
2094 2751 2262 2821 δεινὰ,
2318 2753 2464 2810 ἀλλά
2517 2774 2577 2829 γε
2630 2753 2720 2808 καὶ
2750 2754 2817 2809 τὰ
2847 2752 3181 2826 ἐλπιζόμενα
3201 2753 3342 2809 πολὺ
3374 2753 3545 2831 χείρω
3565 2744 3656 2809 καἱ

243 2845 635 2923 χαλεπώτατα·
673 2845 725 2900 ἐν
758 2845 862 2923 γὰρ
894 2850 1013 2908 τοῖς
1037 2844 1245 2917 μείζοσι
1268 2848 1376 2899 τῶν
1403 2841 1618 2898 πλοίων
1648 2840 1944 2919 φρικώδεις
2000 2843 2169 2898 πάλιν
2236 2840 2504 2916 κλίμακες
2546 2841 2916 2898 ἐτεκταίνοντο
2972 2843 3063 2898 καὶ
3123 2844 3370 2918 μηχαναὶ
3401 2849 3653 2899 παντοῖαι

236 2941 724 3007 κατεσκευάζοντο,
759 2934 991 3009 σημαῖαί
1022 2954 1082 2989 τε
1112 2932 1199 2989 ἐπὶ
1233 2934 1442 2989 τούτων
1474 2933 1786 3004 ἡνέμωντο,
1815 2933 1903 2988 καὶ
1935 2937 2052 2995 τοῖς
2108 2932 2184 2995 εἷς
2244 2931 2407 2995 αὐτὰς
2472 2932 2707 2988 ἀνιοῦσιν
2739 2932 2828 2987 ἐπὶ
2853 2938 2932 3006 τῷ
2965 2934 3238 3008 μάχεσθαι
3276 2931 3473 3008 δωρεαὶ
3511 2933 3657 3008 παρὰ

241 3026 486 3082 Λατίνων
520 3025 907 3099 προύτείνοντο
943 3023 1212 3098 μέγισται.

313 3127 398 3198 [Ρ.
432 3124 662 3198 365]
696 3121 799 3179 Καὶ
864 3119 1035 3177 ταῦτα
1089 3121 1185 3194 μὲν
1238 3123 1346 3175 τῶν
1405 3116 1595 3174 δεινῶν
1644 3118 1897 3189 ἐκινεῖτο,

238 3216 305 3270 τὰ
338 3212 397 3269 δὲ
423 3212 655 3287 ἐγίνετο,
685 3212 753 3268 τὰ
796 3208 845 3266 δ’
900 3208 1166 3283 ἤμελλεν·
1230 3208 1514 3284 ἠλύγηντο
1574 3206 1632 3263 δὲ
1700 3210 1792 3263 καὶ
1846 3209 1898 3263 οἱ

244 3304 369 3377 περὶ
456 3302 643 3380 φιλίας
730 3300 892 3376 λόγοι
985 3300 1076 3354 καὶ
1131 3301 1438 3354 παντάπασι
1491 3296 1897 3371 κατημέληντο.

245 3393 475 3450 Μᾶλλον
507 3391 565 3447 δὲ
590 3391 679 3447 καὶ
708 3390 936 3452 τούτους
966 3389 1200 3464 πονηροί
1254 3408 1392 3449 τινες
1425 3390 1692 3463 Τελχῖνες
1754 3385 1899 3441 πολ-

240 3483 408 3545 λάκις
432 3481 704 3555 συνέγεον.
763 3481 823 3538 Ὀ
869 3479 973 3557 γὰρ
1041 3476 1168 3549 δοὺξ
1223 3475 1713 3551 ΒενετίαςἘρίκος
1765 3474 1896 3531 Δάν-

2076 3122 2132 3176 2.
2163 3120 2246 3177 Ita
2276 3120 2552 3193 periculis
2603 3122 2813 3193 partim
2862 3121 3241 3190 instantibus,
3291 3123 3502 3194 partim
3553 3139 3655 3178 ur-

2007 3210 2306 3282 gentibus,
2359 3209 2521 3264 nulla
2550 3226 2685 3281 spes
2746 3209 3159 3281 paciﬁcationis
3202 3216 3526 3282 supererat,
3561 3227 3658 3283 pa-

2008 3298 2301 3355 ctionibus
2333 3314 2434 3370 per
2478 3298 2707 3354 invidos
2753 3306 2811 3354 et
2841 3300 3155 3355 sceleratos
3212 3299 3494 3369 quosdam
3550 3299 3656 3355 ho-

2010 3389 2201 3444 mines
2226 3405 2378 3460 saape
2407 3390 2688 3445 confusis.
2729 3389 2872 3447 Nam
2906 3389 3026 3444 dux
3056 3389 3419 3445 Venetiarum
3452 3390 3654 3446 Ericus

2009 3475 2313 3532 Dandulus
2343 3493 2472 3533 cum
2505 3478 2855 3549 imperatore
2893 3478 2965 3533 de
2997 3494 3133 3549 pace
3161 3482 3397 3534 acturus
3428 3478 3654 3534 triremi

240 3570 449 3634 δουλος
484 3568 753 3644 ὁμιλῆσαι
782 3570 907 3644 περὶ
948 3570 1196 3625 σπονδῶν
1228 3564 1492 3641 ἐλόμενος
1529 3562 1766 3641 βασιλεῖ,
1797 3570 1901 3633 νῆα

2013 3567 2169 3638 iuxta
2216 3566 2577 3622 Cosmidium
2635 3566 2917 3639 appellit:
2976 3568 3179 3622 eodem
3230 3573 3287 3623 et
3334 3568 3654 3638 imperator

240 3662 429 3717 εἰσιὼν
497 3660 721 3734 τριήρη,
809 3658 933 3733 περὶ
1005 3660 1125 3718 ταῖς
1210 3657 1395 3711 ἀκταῖς
1462 3656 1725 3729 προσέχει
1801 3658 1899 3709 τοῦ

241 3747 574 3822 Κοσμιδίου.
605 3749 695 3812 Ὠς
750 3745 796 3802 δ’
829 3745 1062 3824 ἔφιππος
1112 3746 1283 3801 ἐκεῖσε
1340 3747 1426 3800 καὶ
1508 3742 1764 3821 βασιλεὺς
1795 3743 1897 3821 ἀφ-

244 3842 416 3907 ίκετο,
475 3838 779 3894 ἐκοινοῦντο
842 3837 936 3909 μὲν
1020 3834 1296 3907 ἀλλήλοις
1352 3835 1418 3890 τὰ
1479 3834 1617 3908 πρὸς
1675 3833 1895 3907 εἰρήνην

241 3928 489 4005 ῥήματα,
544 3925 731 4000 μηδενὶ
781 3931 890 3982 τῶν
919 3925 1107 3981 ἄλλων
1152 3926 1251 3994 τὴν
1310 3920 1551 3992 σπουδὴν
1603 3922 1900 3995 χαριζόμε-

237 4039 347 4076 νοι.
408 4017 502 4072 Καὶ
557 4019 694 4085 ἦσαν
751 4016 819 4070 τὰ
874 4014 1019 4086 παρᾶ
1074 4018 1171 4069 τοῦ
1244 4011 1438 4074 δουκὸς
1496 4012 1749 4072 Βενετίας
1807 4011 1894 4065 καὶ

237 4112 355 4164 τῶν
410 4106 621 4160 λοιπῶν
678 4108 993 4179 στρατηγῶν
1061 4101 1359 4175 αἰτούμενα
1415 4100 1648 4174 χρυσίου
1702 4100 1899 4169 πεντήσ

240 4217 406 4252 κοντα
426 4195 754 4269 κεντηνάρια
812 4191 873 4247 ἐκ
926 4196 1026 4247 τοῦ
1093 4190 1289 4246 αὐτίκα
1350 4188 1499 4260 μάλα
1539 4182 1896 4242 καταϐαλλό-

248 4306 405 4359 μενα,
464 4284 555 4338 καὶ
613 4280 925 4355 συμφωνίαι
980 4279 1119 4342 τινὲς
1151 4278 1233 4334 ἐπ’
1291 4277 1478 4337 αὑτοῖς
1508 4274 1897 4330 ἀποκναίουσαι

248 4375 348 4447 μὲν
398 4375 489 4429 καί
550 4367 980 4444 δυσπαρᾶδεκτοι
1028 4373 1146 4430 τοῖς
1204 4368 1524 4442 γευομένοις
1590 4363 1897 4440 ἐλευθερίας

241 4464 337 4518 καὶ
425 4462 675 4526 εἰωθόσιν
734 4459 1064 4525 ἐπιτάσσειν,
1151 4456 1250 4512 οὑκ
1331 4453 1728 4521 ἐπιτάσσεσθαι,
1809 4455 1899 4510 καὶ

245 4552 558 4608 Λακωνικαὶ
649 4551 858 4625 βαρεῖαι
914 4546 1226 4622 κρινόμεναι
1326 4546 1597 4619 μάστιγες·
1686 4544 1777 4605 οἷς
1853 4541 1899 4598 δ’

243 4640 633 4717 αἱχμαλῶσίας
656 4639 937 4714 πρόκειται
966 4634 1215 4697 κίνδυνος
1253 4635 1340 4691 καὶ
1400 4631 1687 4707 πάνδημος
1742 4632 1899 4709 ἀνὲῤ·

247 4733 418 4807 ῥωγεν
446 4726 671 4803 ὄλεθρος
697 4729 760 4783 τὸ
795 4726 888 4800 μέν
919 4748 971 4781 τι
1004 4725 1221 4799 πρώην,
1261 4723 1324 4778 τὸ
1383 4721 1440 4779 δὲ
1496 4722 1587 4779 καὶ
1622 4723 1901 4797 ὑπογυίως

244 4819 752 4893 ἀναστομούμενος,
813 4815 1030 4871 ἀνεκταὶ
1087 4814 1303 4875 πάντως
1367 4809 1511 4885 μηδέ
1562 4811 1899 4867 παντάπασιν

246 4909 651 4985 ἀχθεινόταται.
686 4910 775 4962 Ἐν
812 4906 859 4977 ᾧ
890 4902 948 4959 δὲ
976 4904 1043 4958 τὰ
1099 4903 1236 4977 πρὸς
1266 4902 1488 4976 εἰρήνην
1545 4900 1620 4962 εἰς
1668 4898 1903 4969 διάλεξιν

2010 3671 2161 3727 squo
2176 3655 2701 3712 advehitur.ﬂebus
2723 3656 2851 3712 aliis
2882 3657 3159 3713 omnibus
3190 3655 3405 3711 relictis
3423 3656 3494 3709 de
3512 3670 3651 3724 pace

2002 3746 2180 3801 verba
2234 3746 2562 3802 conferunt.
2624 3749 2702 3800 Ac
2762 3762 2795 3798 a
2853 3747 2999 3799 duce
3052 3744 3425 3800 Venetiarum
3478 3749 3650 3798 caste-

2007 3834 2203 3907 risque
2257 3836 2619 3907 principibus
2677 3833 2802 3890 auri
2856 3835 3174 3890 centenarii
3221 3833 3650 3904 quinquaginta

2006 3925 2200 3979 statim
2247 3925 2595 3980 numerandi
2645 3923 3031 3993 postulantur,
3063 3923 3306 3994 adjectis
3362 3922 3648 3978 conditio-

2007 4013 2182 4068 nibus
2214 4013 2437 4084 aliquot
2467 4012 2801 4067 durissimis
2835 4022 2885 4068 et
2922 4012 3161 4067 minime
3190 4010 3545 4082 accipiendis
3574 4011 3647 4066 iis

2004 4103 2108 4175 qui
2135 4102 2419 4159 libertatis
2478 4100 2847 4157 dulcedinem
2907 4105 3049 4156 sunt
3104 4101 3326 4171 experti
3377 4108 3430 4155 et
3460 4100 3646 4171 impe-

2009 4208 2155 4258 rare,
2192 4208 2303 4246 non
2373 4206 2573 4262 parere
2623 4190 2974 4255 didicerunt,
3005 4192 3065 4244 et
3111 4188 3378 4244 Laconici
3435 4187 3648 4260 flagelli

2008 4280 2382 4335 acerbitatem
2416 4278 2847 4349 superantibus.
2888 4278 3112 4343 Quibus
3135 4293 3266 4333 vero
3292 4276 3647 4349 captivitatis

2010 4368 2327 4440 periculum
2367 4368 2713 4423 imminebat
2743 4384 2810 4422 ac
2842 4366 3142 4439 publicum
3192 4366 3435 4422 exitium
3468 4371 3525 4423 et
3552 4367 3646 4422 in-

2009 4458 2287 4515 choatum
2317 4462 2372 4513 et
2429 4463 2857 4528 exasperatum,
2908 4458 3058 4515 152
3109 4456 3282 4528 plane
3309 4454 3645 4512 tolerabiles

2011 4552 2177 4602 erant
2206 4561 2308 4602 nec
2340 4546 2605 4602 omnium
2648 4545 3027 4603 difﬁcillimis.
3070 4547 3219 4602 Dum
3251 4564 3384 4604 vero
3416 4550 3489 4604 de
3520 4565 3659 4620 pace

2011 4636 2364 4707 disputatur,
2418 4635 2753 4691 Latinorum
2808 4641 3112 4708 equestres
3142 4638 3320 4710 copias
3351 4655 3420 4694 ex
3476 4654 3653 4711 supe-

2014 4726 2162 4782 riore
2192 4723 2316 4780 loco
2350 4723 2538 4779 subito
2568 4730 2945 4795 erumpentes
2998 4724 3145 4780 laxis
3176 4725 3421 4783 habenis
3470 4728 3658 4799 impe-

2010 4820 2262 4871 ratorem
2317 4818 2537 4884 petunt,
2590 4818 2654 4867 ut
2711 4814 2804 4867 vix
2855 4829 3001 4882 equo
3027 4830 3305 4871 converso
3336 4816 3657 4887 periculum

2011 4904 2288 4974 effugeret
2351 4909 2409 4959 et
2464 4902 2740 4959 comitum
2799 4904 2927 4974 ejus
3002 4904 3228 4974 aliquot
3287 4910 3654 4976 caperentur.

246 4996 590 5075 προύκειντο,
675 4995 896 5051 ἱππικαὶ
975 4992 1257 5048 Λατινικαί
1311 4990 1567 5063 δυνάμεις
1635 4989 1688 5061 ἐξ
1739 4990 1899 5063 ὑπερ-

2013 4993 2153 5049 Nam
2188 5008 2487 5048 summum
2519 5008 2722 5047 eorum
2753 5008 2890 5058 erga
2928 5007 3036 5046 nos
3065 4992 3266 5046 odium
3298 4996 3356 5046 et
3404 4993 3655 5050 immen-

247 5090 435 5162 δεξίων
492 5087 688 5166 αἴφνης
745 5091 988 5165 φανεῖσαι
1044 5085 1225 5154 ἡνίαις
1292 5082 1448 5145 ὅλαις
1531 5086 1610 5153 τῷ
1687 5080 1902 5156 βασιλεῖ

244 5180 592 5247 ἐπιτίθενται,
688 5176 765 5239 ὠς
861 5176 1024 5249 μόλις
1104 5173 1307 5229 ἐκεῖνον
1388 5172 1760 5247 παρερύσαντα
1807 5171 1896 5225 τὸν

242 5271 416 5326 ἳππον
470 5266 773 5344 διεκφυγεῖν
856 5267 946 5321 τὸν
1003 5260 1275 5334 κίνδυνον,
1350 5267 1459 5317 τῶν
1521 5259 1579 5316 δὲ
1627 5260 1895 5315 συνόντων

246 5358 584 5435 χειρωθῆναί
613 5375 783 5419 τινας·
837 5356 899 5411 τὸ
956 5354 1062 5429 γὰρ
1111 5352 1276 5427 ἄκρον
1334 5358 1434 5421 τῆς
1484 5350 1702 5406 ἐκείνων
1759 5348 1897 5423 πρὸς

244 5451 394 5521 ἡμᾶς
422 5446 719 5522 ἀπεχθείας
747 5445 839 5499 καὶ
867 5443 929 5498 τὸ
962 5435 1309 5517 ὑπερϐάλλον
1366 5447 1469 5509 τῆς
1521 5438 1606 5495 ἐπ’
1658 5438 1896 5499 ἐκείνους

246 5538 412 5609 ἡμῶν
441 5533 725 5610 διχονοίας
757 5528 1018 5604 οὐδεμίαν
1046 5530 1326 5604 ἑκατέροις
1364 5530 1664 5603 παρεισῆγε
1722 5526 1896 5601 ῥοπὴν

249 5625 664 5704 φιλάνθρωπον.
695 5623 773 5679 Τὰ
802 5618 849 5676 δ’
897 5619 983 5675 ἐπὶ
1032 5620 1248 5681 τούτοις
1306 5616 1736 5673 ἀποσαλεύονται
1790 5621 1899 5672 τῶν

246 5713 426 5793 ᾐόνων
462 5735 530 5775 τα
586 5712 808 5793 μέγιστα
863 5712 971 5768 τῶν
1024 5707 1335 5767 ἀντιπάλων
1388 5710 1627 5784 σκαφῶν,
1683 5706 1767 5783 ἐφ’
1824 5707 1895 5762 ὧν

2010 5099 2143 5138 sum
2179 5087 2444 5138 nostrum
2496 5097 2626 5135 cum
2679 5079 2792 5135 illis
2845 5079 3155 5134 dissidium
3214 5079 3486 5136 obstabat
3540 5097 3654 5153 quo

2012 5170 2209 5227 minus
2240 5170 2514 5239 utrinque
2544 5169 2615 5224 de
2645 5168 2830 5239 aequis
2862 5167 3291 5222 conditionibus
3323 5168 3416 5240 agi
3436 5176 3651 5239 posset.

2011 5260 2223 5314 Exinde
2267 5259 2533 5314 maximas
2595 5256 2835 5312 hostiles
2878 5270 3071 5318 naves,
3106 5254 3167 5309 in
3196 5256 3408 5324 quibus
3437 5264 3656 5328 paratas

2007 5355 2174 5406 erant
2203 5349 2375 5405 scalae
2426 5352 2748 5418 caeteraque
2804 5346 3200 5401 instrumenta
3255 5347 3326 5401 ad
3361 5363 3656 5421 oppugna.

2008 5440 2226 5495 tionem
2261 5436 2608 5503 necessaria,
2666 5453 2699 5490 a
2757 5434 3054 5490 littoribus
3103 5436 3352 5491 reductae
3384 5442 3541 5493 recta
3580 5440 3651 5496 ad

2010 5526 2224 5583 moenia
2255 5527 2560 5591 accedunt,
2589 5532 2641 5579 et
2669 5524 2846 5594 justis
2879 5524 3125 5580 invicem
3157 5525 3443 5583 distincte
3473 5527 3653 5593 inter-

2006 5616 2174 5673 vallis
2205 5615 2262 5670 id
2294 5614 2551 5686 spatium
2583 5615 2892 5684 occupant,
2923 5614 3078 5684 quod
3112 5615 3182 5670 ad
3215 5616 3504 5691 Evergetm
3525 5635 3646 5675 mo-

2009 5704 2261 5764 nasterio
2292 5703 2364 5761 ad
2427 5703 2717 5760 amussim
2766 5701 2838 5760 ad
2868 5701 3321 5764 Blanchernium
3362 5706 3648 5779 palatium
