4072 6218
358 388 475 451 981
1677 369 1984 434 ΝΙΟΕΤᾸΕ

2133 370 2228 430 ON
2239 368 2452 430 IATJE
3661 370 3820 431 952‘

360 523 717 593 extenditur,
739 518 1008 578 incendio
1029 514 1355 574 desolatum
1380 515 1735 584 aspectuque
1768 510 2004 565 fcedum.

2133 505 2178 559 xl
2218 501 2486 575 κλίμακες
2521 503 2800 577 εὐτρεπεῖς
2850 502 2942 558 καὶ
2998 503 3098 559 ’ὀσα
3133 506 3242 558 τῶν
3320 501 3567 579 ὁργάνων
3647 502 3793 575 πρὸ)

360 620 484 686 Quo
511 616 637 674 viso
684 591 892 681 Ducas,
928 618 989 665 ut
1037 608 1199 680 paria
1252 623 1383 663 cum
1442 604 1717 660 hostibus
1774 601 2005 665 faceret,

2133 593 2485 669 τειχομαχίαν
2518 594 2850 666 ἡτοίμασται
2894 594 2981 647 καὶ
3046 594 3122 654 ὡς
3186 591 3277 647 ἐπὶ
3334 597 3503 668 ζυγοῦ
3534 591 3797 647 κατατεί-

359 676 487 780 i‘pse
534 717 769 776 quoque
819 676 1201 771 imperatoria
1258 695 1509 751 tentoria
1567 694 1625 747 in
1678 688 1904 745 tumulo
1936 687 2011 743 ad

2133 704 2280 737 ναντα
2338 681 2427 737 ἐπὶ
2495 685 2595 751 τήν
2655 683 2791 758 πρὸς
2850 682 2916 737 τὰ
2972 681 3138 757 τείχη
3203 676 3597 755 μεταϐαίνουσι
3645 678 3799 735 πλά-

359 767 730 864 Ιίιιοιορορίω
791 767 1207 846 monasterium
1260 786 1356 856 ﬁgi
1382 784 1601 855 jussit;
1632 780 1787 836 unde
1817 783 1873 834 et
1902 777 2007 831 ho-

2133 791 2330 846 ιτιγγα,
2360 769 2453 824 καὶ
2493 767 2810 844 διειλήφασι
2846 770 2940 825 τὸν
2996 774 3218 845 χῶρον,
3270 767 3324 831 ἐς
3383 769 3446 824 τὸ
3514 769 3791 844 ἀποχρῶν

361 856 765 947 stium-naves,
798 884 858 933 et
888 875 1172 949 quidquid
1198 879 1457 945 agerent,
1479 868 1736 942 conspici
1763 871 2006 940 poterat.

2133 857 2382 927 ἱλλτξλων
2425 856 2763 932 διιστάμενα,
2795 858 2855 921 ὅς
2886 857 2946 913 ἐκ
2990 865 3091 928 τῆς
3124 863 3221 913 τοῦ
3275 857 3580 934 Εὐεργέτου
3614 864 3797 930 μονῆς

359 974 432 1031 Ut
480 984 677 1029 autem
731 944 922 1025 nona-
970 944 1094 1021 dies
1137 944 1349 1035 Aprilis
1404 961 1617 1025 illuxit,
1693 957 2010 1013 indictione

2133 947 2171 1009 ἐς
2196 947 2262 1002 τὰ
2293 947 2344 1002 ἐν
2387 945 2740 1022 Βλαχέρναις
2772 946 3050 1023 ἀνάκτορα
3098 951 3434 1022 γραμμικῶς
3491 944 3803 1020 ἐκμηκίζε-

360 1062 608 1136 septima
641 1059 779 1117 anni
830 1057 995 1123 6712,
1039 1033 1215 1110 naves
1247 1054 1317 1108 ad
1348 1053 1560 1108 moenia
1604 1046 1966 1136 contendunt
1995 1060 2009 1110 ;

2133 1054 2227 1107 ται,
2261 1035 2736 1112 έμπεπῦρισμένος
2776 1037 2851 1091 ὢν
2907 1037 2998 1091 καὶ
3057 1036 3459 1110 ἂνεσκαμμὲνος
3511 1037 3579 1090 τὰ
3632 1033 3795 1091 ἱνδον

362 1134 698 1224 σι’ᾳυίᾶιιω
737 1148 990 1204 audaces
1023 1144 1263 1210 milites,
1297 1140 1474 1197 scalis
1505 1136 1862 1206 conscensis,
1895 1134 2013 1189 tela

366 1242 516 1299 758
557 1237 751 1295 omnis
780 1234 1011 1309 generis
1054 1234 1112 1288 in
1165 1230 1635 1302 eosjaculantur
1662 1226 1762 1298 qui
1797 1225 2013 1280 mcenia

361 1328 772 1387 defendebant.
817 1328 899 1381 Ac
927 1340 993 1379 eo
1024 1327 1143 1378 toto
1174 1322 1268 1376 die
1301 1320 1512 1375 acriter
1542 1320 1864 1390 pugnatum
1900 1318 2011 1381 est,

358 1421 595 1479 victoria
630 1424 827 1476 tamen
858 1417 930 1473 ad
964 1416 1258 1471 Romanos
1314 1412 1668 1479 inclinante;
1702 1425 1839 1465 nam
1884 1423 2013 1463 sca-

360 1511 556 1584 ligeraa
614 1513 672 1564 et
702 1508 1003 1577 equestres
1056 1519 1231 1559 naves
1263 1518 1323 1556 re
1355 1501 1568 1557 infecta
1600 1501 1739 1554 sunt
1769 1497 1842 1551 ab
1874 1496 2015 1552 urbe

358 1600 627 1672 repulsas,
678 1602 736 1653 et
785 1592 1093 1651 tormentis
1153 1607 1363 1661 magna
1397 1589 1650 1644 hostium
1701 1584 2012 1642 multitudo

358 1688 659 1747 occubuit.
694 1683 986 1740 Postridie
1014 1685 1073 1737 et
1121 1678 1387 1752 sequenti
1421 1678 1513 1733 dic
1534 1675 1837 1732 Dominico
1861 1673 2016 1744 quie-

363 1779 577 1833 verunt
620 1775 840 1830 hostes.
893 1772 1033 1827 Inde
1062 1769 1280 1841 Aprilis
1328 1766 1695 1831 duodecima,
1757 1764 2015 1819 secunda

2121 1123 2380 1180 οἰκόπεδα
2428 1126 2518 1180 καὶ
2594 1127 2793 1189 παντὸς
2854 1124 3201 1200 ἐψιλωμένος
3270 1123 3431 1195 ἡδέος
3491 1124 3798 1199 θεάματος.

2117 1218 2290 1285 ’Ὁπερ
2324 1212 2452 1270 ἰδὼν
2503 1217 2531 1270 ὁ
2564 1216 2794 1285 Δούκας,
2859 1213 3001 1290 δρῶν
3059 1216 3151 1269 καὶ
3211 1215 3369 1278 αὐτὸς
3427 1220 3547 1276 τοῖς
3619 1214 3796 1270 πολε-

2126 1304 2276 1378 μίοις
2305 1305 2575 1372 ἀντίθετα,
2613 1308 2714 1375 τήν
2785 1303 3063 1381 βασίλειον
3102 1304 3333 1361 αὐλαίαν
3383 1304 3796 1380 προσετετάχει

2123 1391 2440 1462 διαταθὴναι
2471 1394 2606 1448 κατᾶ
2646 1395 2737 1449 τὸν
2814 1392 2867 1448 ἐν
2919 1397 2990 1467 τῇ
3061 1398 3204 1467 μονῇ
3235 1398 3332 1449 τοῦ
3388 1393 3797 1448 Πυτεπόπτου

2121 1480 2393 1553 κολωνὸν,
2434 1482 2555 1547 ὅθεν
2586 1483 2722 1551 ἦσαν
2764 1483 2954 1557 ὂραταὶ
3016 1483 3109 1555 μὲν
3144 1484 3200 1538 αἱ
3246 1490 3371 1552 νῆες
3437 1484 3494 1537 αἱ
3544 1479 3799 1554 πολεμι-

2123 1574 2363 1646 στήριοι,
2396 1579 2675 1649 καταφανῆ
2708 1570 2766 1627 δὶ
2802 1572 2894 1627 καὶ
2961 1572 3028 1628 τὰ
3058 1574 3185 1648 παρ’
3217 1573 3397 1628 αὐτῶν
3439 1571 3493 1627 ἐν
3560 1571 3797 1636 ταύταις

2124 1659 2404 1736 δρώμενα.
2436 1662 2526 1723 Ὠς
2568 1658 2615 1716 δ’
2639 1662 2943 1737 ἐπέφωσκεν
2976 1664 3011 1731 ἡ
3067 1660 3228 1732 ένάτη
3287 1666 3386 1717 τοῦ
3446 1660 3798 1733 Ἀπριλλίου

2127 1752 2304 1822 μηνὸς
2342 1757 2446 1819 τῆς
2487 1746 2732 1824 ἑϐδόμης
2768 1748 3110 1812 ἶνδικτιῶνος
3139 1756 3238 1807 τοῦ
3305 1751 3795 1826 έξακισχιλιοστοῦ

368 1866 463 1921 die
498 1866 671 1919 sexta
736 1860 1119 1915 hebdomadis
1143 1856 1518 1927 jejuniorum,
1580 1869 1779 1908 rursus
1812 1851 2015 1906 urbem

2133 1839 2553 1894 ἑπτακοσιοστοῦ
2584 1836 2897 1895 δωδεκάτου
2962 1838 3138 1909 ἔτους,
3188 1841 3256 1894 τὰ
3316 1840 3412 1913 μὲν
3479 1838 3660 1894 πλοῖα
3700 1841 3797 1895 καὶ

2157 1930 2171 1945 .
2211 1926 2235 1945 η
2290 1927 2301 1945 .
2607 1934 2631 1945 -
2782 1928 2793 1945 .
3190 1929 3210 1945 ς
3243 1934 3292 1945 ...
3494 1931 3518 1945 Α
3673 1927 3696 1945 ς
3721 1930 3732 1945 .

367 1956 598 2025 petunt.
621 1956 703 2006 Ac
736 1965 827 2005 res
857 1951 1057 2003 nostra
1098 1926 1285 2017 usque
1314 1945 1387 2001 ad
1418 1942 1718 1998 meridiem
1749 1940 2016 2012 superior

2133 1930 2177 2025 οἱ
2208 1926 2491 2001 δρόμωνες
2542 1934 2658 1991 τοῖς
2713 1928 2919 2004 τείχεσι
2974 1929 3439 2003 προσπελάζουσι,
3491 1927 3800 2004 Θαρσαλέοι

381 2040 511 2108 fuit,
539 2047 592 2093 et
645 2054 842 2110 pugna
872 2034 1120 2091 atrocior
1159 2049 1333 2105 quam
1395 2030 1816 2089 nudiustertius
1855 2045 2015 2084 com-

385 2128 585 2185 missa.
626 2128 735 2183 Sed
768 2140 900 2181 cum
952 2123 1216 2179 omnium
1250 2121 1480 2177 urbium
1516 2120 1766 2175 dominas
1797 2116 2019 2175 civitati

382 2216 680 2275 servitutis
702 2217 911 2287 jugum
936 2212 1306 2270 subeundum
1340 2215 1513 2275 esset,
1548 2214 1603 2265 et
1634 2208 1904 2264 maxnllas
1926 2223 2020 2262 no-

383 2310 536 2363 stras
560 2307 721 2361 freno
743 2312 791 2359 et
810 2319 975 2359 camo
990 2300 1467 2373 constringendas
1485 2300 1812 2353 censuisset
1841 2298 2017 2363 Deus,

384 2396 537 2469 quod
566 2409 769 2451 omnes
799 2392 1322 2453 declinaveramus,
1358 2388 1625 2443 sacerdos
1650 2387 1826 2442 simul
1850 2391 1906 2442 et
1924 2404 2023 2459 po-

382 2483 581 2556 pulus,
613 2487 678 2537 ut
705 2496 887 2552 equus
919 2479 1155 2535 effrenis
1185 2483 1243 2534 et
1272 2482 1605 2542 contumax,
1630 2476 1745 2530 duo
1788 2476 1894 2531 viri
1926 2492 2019 2531 sa-

379 2572 502 2628 lute
524 2589 631 2627 sua
670 2572 915 2626 fortunas
949 2569 1259 2642 permissa,
1291 2582 1358 2621 ex
1399 2564 1572 2622 scalis
1602 2582 1730 2637 qum
1763 2565 2025 2636 proxime

383 2660 640 2716 Petrium
664 2660 943 2715 adversus
973 2658 1374 2729 imperatorem
1408 2655 1465 2709 in
1500 2670 1671 2723 Opere
1700 2658 1882 2720 erant,
1909 2669 2025 2723 prae

379 2750 601 2807 casteria
631 2749 805 2807 sociis
835 2748 894 2802 in
919 2746 1124 2802 turrim
1151 2744 1506 2800 desiliuntet
1528 2747 1849 2798 Romanum
1877 2758 2023 2814 prae-

378 2840 597 2897 sidium
631 2836 967 2894 deturbant.
1004 2834 1222 2890 Deinde
1245 2833 1465 2903 agitata
1496 2848 1693 2897 manu,
1721 2831 1875 2902 quod
1905 2831 2027 2884 ala-

385 2928 610 2984 critatis
641 2932 698 2981 et
728 2923 957 2980 ﬁduciae
1007 2923 1241 2993 signum
1288 2922 1441 2977 754
1491 2924 1668 2983 esset,
1718 2918 2025 2989 populares

384 3033 520 3073 suos
550 3017 919 3071 conﬁrmant.
972 3012 1177 3067 Eodem
1214 3026 1448 3081 quoque
1478 3015 1753 3079 tempore,
1787 3008 2022 3079 quidam

384 3122 560 3176 eques
609 3105 847 3160 nomine
873 3103 1098 3170 Petrus,
1124 3117 1225 3171 per
1255 3104 1481 3171 portam
1518 3100 1733 3154 ibidem
1769 3097 2026 3170 ingredi-

389 3196 504 3258 tur,
538 3190 638 3260 qui
668 3194 822 3245 totas
856 3186 1174 3258 phalanges
1223 3186 1425 3255 fugare
1456 3200 1628 3256 posse
1667 3187 2025 3251 censeretur,

387 3280 671 3354 gigantem
725 3277 1146 3349 propemodum
1177 3279 1436 3342 staturae,
1480 3273 1761 3329 cassidem
1807 3272 2029 3328 turritas

388 3368 554 3424 urbis
599 3367 786 3423 instar
814 3367 1003 3438 capite
1060 3369 1294 3437 gestans
1330 3379 1344 3429 ;
1376 3364 1549 3433 cujus
1591 3362 1767 3418 unius
1815 3361 2031 3433 equitis

386 3461 548 3514 torvo
596 3456 755 3511 vultu
822 3460 880 3510 et
961 3452 1265 3525 spectabili
1312 3453 1673 3522 proceritate,
1724 3451 2033 3522 stipatores

384 3545 761 3617 imperatorii,
821 3543 1089 3598 homines
1148 3541 1395 3608 nobiles,
1447 3546 1504 3596 et
1562 3540 1820 3611 reliquus
1876 3556 2031 3595 exer-

387 3635 540 3692 citus
593 3651 709 3689 non
768 3631 1037 3698 toletaro,
1078 3636 1420 3687 consuetam
1475 3631 1671 3701 fugam
1731 3631 2030 3701 egregium

385 3724 596 3780 salutis
654 3722 989 3795 praesidium
1024 3719 1389 3791 ‘judicarunt,
1419 3721 1586 3790 quasi
1639 3719 1697 3773 in
1733 3734 1907 3773 unum
1940 3719 2033 3773 de-

384 3828 655 3886 generem
708 3812 968 3867 animum
1026 3808 1265 3863 conflati
1321 3812 1522 3862 essent
1552 3823 1753 3861 omnes
1787 3825 1800 3875 ;
1837 3823 1901 3861 ac
1941 3808 2033 3863 de-

382 3902 554 3958 sertis
588 3899 1013 3956 munitionibus
1035 3898 1193 3969 (nam
1230 3898 1285 3950 in
1312 3895 1482 3950 editis
1504 3894 1749 3949 tumulis
1779 3896 2026 3967 stabant)

386 3990 610 4047 milleni
670 3990 745 4044 ab
779 4006 893 4043 uno
925 3988 1296 4059 fugabantur,
1339 3990 1396 4038 et
1430 4000 1531 4055 per
1580 4001 1814 4039 auream
1867 3995 2033 4042 terre-

387 4084 567 4136 strem
603 4077 766 4133 urbis
798 4081 1016 4147 portam
1050 4073 1291 4145 egressi,
1325 4088 1391 4126 ac
1424 4088 1609 4143 nuper
1634 4078 1856 4128 structo
1899 4090 2033 4145 pro-

390 4167 720 4240 pugnaculo
742 4165 1080 4236 diruto,quo
1103 4176 1396 4233 quemque
1420 4167 1608 4216 metus
1632 4160 1767 4217 tulit
1790 4162 2032 4234 (utinam

391 4272 524 4312 vero
563 4257 624 4311 in
655 4255 996 4311 barathrum
1031 4258 1088 4307 et
1116 4249 1575 4306 internecionem
1611 4251 1960 4306 incidissent
1995 4251 2035 4323 l)

392 4347 723 4418 diffugiunt.
756 4346 906 4400 Tum
938 4344 1153 4407 hostes,
1178 4340 1483 4396 resistente
1514 4342 1769 4407 nemine,
1812 4342 2032 4413 passim

393 4436 753 4506 discurrunt,
784 4444 833 4491 et
858 4434 1079 4506 gladios
1113 4431 1172 4487 in
1204 4445 1436 4485 omnem
1468 4434 1695 4485 aetatem
1746 4437 1803 4486 et
1830 4446 2031 4487 sexum

392 4527 706 4597 stringunt,
741 4543 853 4581 non
913 4525 1254 4579 conservata
1302 4518 1445 4585 acie,
1506 4536 1618 4573 non
1673 4520 1896 4592 integra
1946 4537 2034 4576 co-

2122 2016 2180 2074 δέ
2207 2039 2349 2082 τινες
2376 2020 2762 2094 πολεμήτορες
2799 2017 3046 2074 ἐπανίασι
3091 2021 3188 2082 τὰς
3246 2019 3549 2091 κλίμακας,
3604 2022 3679 2074 τὰ
3736 2017 3801 2081 δὶ

2126 2106 2264 2181 βέλη
2324 2114 2554 2162 παντοῖα
2612 2110 2747 2163 κατά
2800 2113 2906 2163 τῶν
2968 2107 3021 2163 ἐν
3069 2114 3187 2171 τοῖς
3240 2110 3475 2184 πύργοις
3536 2108 3799 2185 ἡιρίεντο.

2122 2196 2301 2266 ⁸Ὸλην
2336 2197 2432 2269 μὲν
2474 2197 2564 2251 οὖν
2599 2195 2810 2265 ἐκείνην
2843 2199 2946 2266 τήν
3006 2200 3217 2273 ἡμέραν
3283 2197 3440 2271 μάχη
3493 2196 3805 2267 ἐνειστήκει

2127 2284 2436 2354 στονόεσσα,
2487 2286 2553 2354 ἧν
2602 2283 2659 2340 δέ
2714 2306 2834 2346 πως
2886 2286 2955 2340 τὰ
3010 2284 3302 2360 Ῥωμαίων
3348 2284 3795 2361 ἐπικρατέστερα·

2128 2375 2182 2428 αἳ
2213 2394 2271 2428 τε
2325 2374 2429 2448 γὰρ
2496 2372 2905 2453 κλιμακοφόροι
2943 2382 3068 2445 νῆες
3114 2374 3206 2430 σὺν
3264 2380 3384 2437 τοῖς
3444 2376 3808 2451 ἱππαγωγοῖς

2131 2460 2409 2538 δρόμωσιν
2450 2462 2849 2538 ἄπρακτοιτῶν
2904 2469 3107 2539 τειχῶν
3166 2464 3644 2538 ἀπεκρούσθησαν,
3716 2464 3817 2518 καὶ

2129 2552 2194 2607 τὰ
2258 2556 2365 2606 τῶν
2432 2551 2601 2616 λίοων
2663 2552 2723 2607 ἐκ
2767 2560 2868 2622 τῆς
2923 2553 3143 2616 πόλεως
3184 2554 3451 2632 ἀφετήρια
3508 2552 3821 2609 πλείστου(

2130 2640 2291 2703 ὅσους
2322 2646 2430 2697 τῶν
2464 2640 2753 2716 πολεμίων
2806 2639 3136 2720 διέφθειραν.
3195 2643 3674 2718 ’Δνοχευσάμενοι
3748 2641 3816 2699 δὲ

2132 2741 2183 2794 οἱ
2223 2738 2485 2812 πολέμιοι
2524 2742 2625 2809 τὴν
2668 2739 3018 2814 μετ’έκείνην
3051 2739 3262 2815 ἡμέραν
3313 2741 3402 2795 καὶ
3458 2744 3561 2810 τήν
3597 2740 3803 2820 ἐφεξῆς

2130 2828 2503 2902 κυριώνυμον,
2563 2832 2635 2901 τῇ
2699 2831 2952 2903 ὑστεραῖᾳ
3007 2828 3174 2885 πάλιν
3253 2833 3323 2903 τῇ
3400 2830 3567 2885 πόλει
3625 2852 3806 2906 προσο

2131 2916 2365 2971 πλέουσι
2396 2918 2486 2971 καὶ
2518 2923 2637 2979 ταῖς
2664 2917 2791 2991 ᾐόσι
2844 2918 3264 2993 προσίσχουσιν,
3323 2921 3410 2992 [Ρ.
3464 2922 3594 2993 366]
3676 2921 3809 2990 ἥτις

2131 3002 2505 3075 ἧνδωδεκάτη
2544 3008 2753 3078 μὲντοῦ
2810 3005 3144 3082 Ἀπριλλίου
3203 3009 3395 3081 μηνὸς,
3448 3005 3682 3083 δευτέρα
3751 3007 3811 3065 δὲ

2134 3102 2235 3163 τῆς
2268 3092 2431 3165 ἕκτης
2463 3090 2769 3167 ἑϐδομάδος
2830 3101 2938 3150 τῶν
2993 3101 3279 3166 νηστειῶν.
3334 3097 3487 3171 Μέσῃ
3538 3100 3638 3170 μὶν
3715 3100 3810 3154 οὖν

2133 3184 2316 3256 ἡμέρᾳ
2343 3183 2433 3240 καὶ
2478 3186 2775 3260 κατίσχυον
2815 3186 2882 3239 τὰ
2939 3186 3203 3260 ἡμέτερα,
3261 3186 3351 3241 καὶ
3390 3189 3427 3255 ἡ
3484 3187 3642 3259 ἀκμὴ
3708 3193 3811 3243 τοῦ

2136 3276 2304 3328 κακοῦ
2334 3272 2662 3349 ἰσχυροτέρα
2693 3294 2777 3335 τις
2806 3276 2872 3343 ἧν
2900 3273 2990 3329 καὶ
3031 3271 3328 3349 δριμυτέρα
3356 3283 3457 3344 τῆς
3503 3275 3807 3351 πρότριταο

2137 3358 2323 3430 ἐπειδή
2387 3358 2445 3415 δὲ
2500 3358 2609 3416 ἔδει
2664 3359 2912 3417 δούλειον
2964 3363 3122 3437 ζυγὸν
3190 3359 3454 3418 ὓποδῦναι
3530 3365 3636 3433 τήν
3696 3369 3810 3420 τῶν

2136 3446 2351 3503 πόλεων
2382 3446 2603 3502 ἀπασῶν
2636 3446 2932 3523 ἄρχουσαν,
2984 3447 3036 3503 ἂν
3095 3453 3263 3522 κημῷ
3317 3470 3375 3505 τε
3430 3451 3522 3504 καὶ
3583 3452 3815 3523 χαλινῷ

2134 3536 2231 3596 τὰς
2271 3536 2521 3611 σιαγόνας
2551 3537 2713 3608 ἡμῶν
2757 3534 2914 3613 ἄγξαι
2971 3537 3103 3599 Θεὸς
3162 3534 3499 3607 ἐδικαίωσεν,
3569 3538 3657 3593 ’ὁτι
3720 3539 3813 3596 καὶ

2137 3626 2333 3685 πάντες
2373 3623 2687 3697 ἐξέστημεν,
2720 3624 2892 3699 ἱερεὺς
2923 3625 3067 3697 ὁμοῦ
3125 3626 3215 3681 καὶ
3267 3625 3419 3696 λαὸς,
3480 3626 3560 3690 ὦς
3627 3625 3808 3690 ἵππος

2137 3715 2451 3789 θρασαύχην
2505 3734 2563 3768 τε
2627 3713 2718 3768 καὶ
2777 3711 3136 3793 δυσχάλινος,
3202 3716 3264 3769 ἐκ
3317 3719 3427 3769 τῶν
3502 3714 3801 3788 κλιμάκων

2144 3809 2293 3877 μιᾶς,
2353 3803 2476 3872 ἥτις
2517 3801 2758 3878 ἄγχιστα
2816 3804 2883 3873 ἦν
2937 3809 3045 3859 τῶν
3090 3806 3330 3879 Πετρίων
3371 3805 3464 3860 καὶ
3526 3805 3795 3881 βασιλέως

2141 3887 2313 3947 ἔναντι
2372 3890 2699 3962 διεπονεῖτο,
2768 3891 2953 3967 ἄνδρες
3010 3890 3106 3949 δύο
3162 3891 3498 3969 παραδόντες
3575 3895 3799 3958 ἑαυτοὺς

2137 3995 2206 4063 τῇ
2250 3990 2395 4064 τύχῃ
2456 3994 2668 4063 πρῶτοι
2732 3995 2831 4044 τοῦ
2890 3990 3167 4065 ἑταιρικοῦ
3223 3990 3278 4053 ἐς
3334 3992 3426 4046 τὸν
3485 3994 3609 4048 κατ’
3670 3989 3797 4067 ὄψιν

2138 4079 2342 4154 πύργον
2380 4075 2762 4149 καταπηδῶσι,
2815 4079 2906 4133 καὶ
2947 4076 3267 4135 διασοὸοὖσι
3307 4080 3372 4135 τὸ
3430 4080 3608 4138 ἐκεῖσε
3662 4083 3804 4137 Ῥω.

2144 4167 2324 4242 μαίοις
2357 4165 2661 4247 φυλακικὸν
2703 4169 3083 4247 συμμαχικὸν,
3132 4169 3193 4225 ἐκ
3250 4168 3307 4225 δὲ
3355 4171 3556 4226 τούτου
3595 4168 3804 4227 διασεί-

2142 4277 2327 4316 σαντες
2357 4256 2456 4323 τήν
2488 4261 2649 4331 χεῖρα
2715 4254 2915 4311 ἃνωθεν
2968 4258 3089 4312 οἷον
3139 4253 3422 4332 σύμϐολον
3472 4266 3654 4333 χαρᾶς
3716 4262 3806 4317 καὶ

2141 4347 2372 4418 θάρσους
2399 4344 2526 4406 τοὺς
2579 4344 2814 4421 φυλέτας
2846 4344 3181 4422 ἐπέρρωσαν.
3237 4348 3323 4418 Ἐξ
3381 4346 3504 4403 ἴσου
3573 4347 3634 4404 δὲ
3687 4357 3807 4414 τοῖς

2140 4433 2216 4496 είς
2255 4434 2346 4489 τὸν
2391 4433 2596 4508 πύργον
2644 4431 2942 4507 ἁλαμένοις
2998 4436 3089 4489 καί
3147 4455 3231 4497 τις
3289 4434 3351 4490 ἐκ
3401 4443 3504 4506 τῆς
3564 4438 3807 4503 ἱππάδος

2144 4523 2344 4597 Πέτρος
2376 4520 2618 4596 τοῦνομα
2678 4519 2767 4576 διὰ
2832 4530 2934 4593 τῆς
2986 4522 3171 4594 πύλης
3232 4522 3420 4580 εἴσεισι
3469 4533 3574 4596 τῆς
3608 4527 3805 4599 ἐκεῖσε,

389 4596 571 4682 l’o'te,
606 4614 704 4668 sed
756 4613 1003 4684 sparsim
1035 4612 1230 4667 ὀίσυεί
1258 4613 1323 4664 ut
1367 4611 1490 4681 jam
1524 4609 1798 4664 omnibus
1830 4609 2025 4665 formi-

2140 4596 2272 4674 ὅλας
2302 4611 2585 4692 φάλαγγας
2634 4619 2903 4682 κλονῆσαι
2952 4613 3268 4688 κρινόμενος
3295 4615 3658 4691 ἱκανώτατος,

392 4702 631 4758 debiles.
665 4701 899 4768 Vesperi
930 4701 1003 4756 iis
1030 4716 1153 4772 quae
1184 4703 1254 4757 ad
1306 4702 1600 4758 Orientem
1646 4701 1892 4754 tendunt
1939 4699 2029 4754 in-

389 4791 581 4846 censis
595 4791 774 4863 (quod
800 4790 1134 4845 incendium
1166 4791 1238 4845 ab
1269 4791 1554 4861 Evergeta:
1580 4788 1933 4844 monasterio
1964 4804 2029 4844 ea

386 4897 514 4953 quae
559 4881 628 4935 ad
663 4896 817 4936 mare
863 4878 1151 4935 inclinant
1191 4896 1379 4951 usque
1436 4880 1582 4936 755
1617 4880 1684 4934 ad
1722 4877 2028 4949 Drungarii

383 4972 532 5026 aedes
573 4968 926 5042 absumpsit)
971 4969 1186 5025 reversi
1235 4970 1304 5023 ad
1347 4972 1705 5039 Pantepoptaa
1742 4972 2030 5023 monaste—

383 5062 533 5117 rium
565 5068 752 5116 castra
785 5059 997 5124 locant,
1057 5057 1428 5131 imperatoris
1487 5057 1733 5112 tentorio
1784 5057 2031 5128 spoliato

384 5156 441 5207 et
472 5150 816 5207 Blachernio
874 5148 1084 5221 palatio
1116 5149 1262 5204 citra
1316 5148 1617 5220 negotium
1666 5147 1857 5218 primo
1915 5146 2030 5201 im-

2135 4702 2234 4767 τήν
2272 4697 2586 4773 ἀναδρομὴν
2614 4703 2711 4753 τοῦ
2744 4700 3000 4772 σώματος
3042 4700 3119 4763 ὡς
3175 4700 3335 4776 γίγας
3397 4708 3603 4776 μικροῦ
3659 4726 3802 4781 προ-

2138 4790 2462 4865 φαινόμενος
2545 4786 2883 4864 ἐννεόργυιος
2959 4789 3100 4863 (54),
3192 4791 3281 4844 καὶ
3355 4791 3521 4847 αὑτὸν
3595 4790 3655 4849 δὲ
3699 4797 3800 4865 τὴν

2137 4878 2292 4933 κάσιν
2324 4880 2434 4949 (5ἷ))
2490 4880 2590 4943 τῆς
2643 4876 2886 4957 κεφαλῆς
2947 4875 3395 4954 διεσκευασμένον
3451 4876 3601 4957 ἔχων
3667 4885 3807 4939 κατὰ

2137 4965 2303 5022 πόλιν
2359 4966 2717 5040 πυργόεσσαν.
2774 4963 2915 5024 Οὐδὲ
2983 4966 3216 5043 κόρυθος
3299 4969 3481 5025 τοίνυν
3548 4970 3804 5044 μέτωπον

2138 5056 2256 5117 ἑνὸς
2342 5052 2535 5130 ἀνδρὸς
2595 5056 2891 5127 ίππαστοῢ,
2960 5055 3415 5127 καταπληκτικοῦ
3489 5061 3555 5115 τὸ
3639 5060 3806 5132 εἶδος,

2139 5145 2453 5217 ἀξιοθεάτου
2482 5144 2544 5199 τὸ
2580 5142 2806 5221 μέγεθος
2836 5145 2889 5199 οἱ
2938 5146 3063 5219 περὶ
3119 5146 3213 5202 τὸν
3248 5145 3477 5222 βασιλέα
3531 5154 3614 5223 τῷ
3664 5152 3806 5225 γένει

1722 5299 1914 5367 Hier.
1949 5298 2210 5368 Wolﬁi
2241 5301 2455 5369 nota.

461 5501 572 5572 (64)
605 5497 764 5572 Γίγας
795 5496 1102 5572 ὲνὲοργυιος
1155 5495 1589 5569 Iugeribusque
1634 5512 1836 5551 novem
1865 5512 2029 5552 sum-

395 5573 503 5627 mis
532 5571 784 5625 distabat
815 5571 886 5624 ab
918 5572 1056 5625 imo.

466 5642 575 5713 (55)
608 5638 714 5713 Καί
768 5636 1009 5713 αὐτὸ-δῖε
1054 5640 1152 5713 τὴν
1208 5640 1363 5713 κάσιν
1405 5638 1602 5713 Talem
1653 5639 1879 5713 galeam
1924 5638 2028 5693 Ba-

394 5710 553 5769 sil'em
599 5710 741 5777 vidi,
765 5710 1037 5781 qualibus
1074 5710 1213 5767 olim
1242 5711 1304 5769 in
1331 5710 1819 5769 concursionibus
1850 5725 2023 5782 sque-

2142 5497 2361 5576 stribus
2387 5497 2736 5576 Germanica
2764 5497 3045 5576 nobilitas
3067 5516 3179 5557 usa
3207 5506 3320 5576 est,
3339 5504 3490 5576 tanti
3514 5505 3795 5576 ponderis

2141 5569 2323 5624 armis
2362 5569 2781 5642 circumsepta,
2814 5575 2882 5626 ut
2911 5587 3125 5627 nunca
3153 5573 3356 5629 multis
3386 5575 3480 5630 vix
3513 5569 3791 5635 sustineri

2137 5658 2307 5713 posse
2339 5639 2665 5700 videantur.
