4028 6218
175 417 302 481 953

1288 420 1620 484 ALEXIUS
1667 419 1922 484 DUCAS
1964 421 2477 484 MUHZUFLUS.

3483 434 3599 493 984

169 552 448 626 ἐπίσημοι
506 555 598 610 καὶ
656 555 716 609 τὸ
771 551 963 609 λοιπὸν
1035 556 1342 630 στράτευμα
1406 551 1644 610 κατιδεῖν
1701 554 1822 629 ἐνεγι

1958 559 2090 626 petu
2117 559 2306 626 capto.
2336 556 2736 626 Atimperator
2767 557 2824 611 in
2858 557 3005 615 alios
3036 562 3209 632 atque
3256 562 3398 619 alios
3432 565 3593 620 urbis

175 645 372 706 κόντες
431 645 631 720 ἀγαθὸν
688 647 785 698 τοῦ
844 645 1112 714 σώζεσθαι
1182 645 1466 721 φάρμακον
1522 647 1621 714 τὴν
1682 640 1842 698 ἐθάδα

178 734 366 811 φυγήν
448 731 835 809 ὑπειλήφασιν,
896 730 1079 804 ὥσπερ
1150 731 1225 794 εἷς
1287 733 1415 807 μίαν
1491 730 1838 796 ἒνεθισθέντες

177 821 277 876 καὶ
337 820 680 882 συντακέντες
749 822 938 896 ἀγεννῆ
1021 823 1228 901 ψυχὴν,
1290 824 1406 876 ὅθεν
1491 821 1567 882 εἷς
1631 819 1837 876 δειλίαν

175 915 294 965 τῶν
329 911 714 985 ὀχυρωμάτων
746 909 930 973 αὐτοῖς
979 912 1304 983 τεθειμένων
1364 910 1474 980 (ἐπὶ
1532 911 1636 987 γὰρ
1667 909 1838 988 γηλό-

179 1020 304 1076 φων
337 999 534 1074 ὀρθίων
562 999 806 1072 ἳσταντο)
832 1001 971 1054 κατά
1004 997 1224 1074 χιλίους
1257 1000 1344 1078 ὑφ’
1375 1001 1491 1061 ένὸς
1522 995 1835 1072 ἐδιώκοντο,

175 1088 275 1142 καὶ
303 1094 422 1151 ταῖς
454 1089 711 1162 χρυσέαις
765 1089 1050 1163 χερσαίαις
1105 1087 1305 1150 πύλαις
1527 1086 1840 1151 ἐπιστάντες

171 1183 281 1246 τῆς
339 1176 558 1239 πόλεως
608 1177 671 1232 τὸ
729 1175 1032 1250 νεόδμητον
1117 1177 1288 1232 ἐκεῖσε
1342 1178 1656 1232 κατασπῶσι
1731 1182 1837 1232 τῶν

173 1264 410 1321 πολλῶν
468 1266 846 1344 ἐπιτείχισμα,
903 1266 991 1321 καὶ
1057 1266 1314 1341 τρέχουσί
1369 1287 1428 1321 τε
1483 1266 1596 1321 καῖ’
1632 1263 1835 1320 διασκί-

171 1352 524 1422 δνανται,ὡς
566 1353 763 1435 ὄφελόν
796 1376 860 1430 γε
905 1357 1003 1426 τὴν
1060 1355 1114 1418 ές
1175 1355 1448 1431 βάραθρον
1505 1355 1595 1411 καὶ
1653 1355 1835 1409 πανώ-

1953 644 2296 716 angiportus
2327 645 2658 701 discurrens
2691 646 2960 702 studebat
2983 647 3080 703 ille
3111 652 3344 720 quidem
3377 658 3593 710 temere

1951 737 2320 790 aberrantem
2358 733 2640 806 populum
2674 735 2940 805 colligere
2999 743 3053 792 et
3091 742 3455 810 centuriare;
3491 746 3590 800 sed

1953 822 1989 876 ii
2026 839 2213 895 neque
2273 824 2510 877 monitis
2568 824 2698 893 ejus
2733 825 3133 897 movebantur,
3169 846 3272 885 nec
3320 830 3595 905 increpa-

1949 914 2136 967 tiones
2168 912 2452 967 curabant
2479 913 2711 967 turbine
2770 914 3195 985 desperationis
3231 935 3435 976 omnes
3494 940 3595 992 op-

1952 1001 2160 1074 pressi.
2197 1001 2261 1054 Et
2295 1009 2354 1055 ut
2387 1017 2452 1056 ea.
2483 1018 2610 1072 quae
2643 1007 2869 1057 restant
2901 1005 3236 1075 adjungam,
3271 1010 3392 1065 dies
3422 1012 3593 1066 incli-

1951 1091 2128 1159 navit,
2164 1107 2270 1145 nox
2299 1091 2602 1160 processit,
2636 1102 2685 1146 et
2749 1091 2909 1146 urbis
2967 1093 3326 1153 habitatores
3385 1117 3588 1157 omnes

1947 1179 2370 1236 transferendis
2403 1188 2456 1236 et
2490 1181 2852 1240 defodiendis
2886 1191 3010 1247 suis
3071 1186 3280 1257 Opibus
3338 1205 3590 1261 occupa-

1949 1268 2181 1324 bantur.
2218 1268 2395 1324 Erant
2424 1269 2596 1325 etiam
2623 1273 2720 1342 qui
2753 1291 2818 1330 ex
2854 1278 2994 1333 urbe
3025 1277 3235 1333 vellent
3269 1279 3585 1346 discedere,

1949 1374 2061 1428 qua
2091 1357 2345 1429 quisque
2380 1365 2573 1429 posset
2604 1363 2829 1419 ratione
2860 1365 3113 1422 salutem
3147 1368 3467 1439 quaesituri.

174 1443 336 1499 λειαν
374 1441 741 1519 βαδιούμενοι.
776 1446 843 1502 Οἱ
875 1442 932 1500 δὲ
951 1443 1217 1519 πολέμιοι
1249 1443 1485 1517 μηδενὸς
1515 1445 1591 1506 είς
1623 1449 1816 1523 χεῖρας
1838 1443 2014 1508 ἰόντος
2043 1441 2314 1499 διαθέουσι
2346 1443 2638 1522 πολλαχῆ,
2660 1450 2748 1504 καὶ
2780 1452 2844 1507 τὰ
2875 1455 3002 1532 ξίφη
3027 1458 3202 1508 σπῶσι
3233 1453 3590 1524 καθ’ἡλικίας

171 1532 364 1603 πάσης
421 1533 509 1588 καὶ
565 1535 756 1610 γένους
821 1535 1041 1602 παντὸς,
1111 1533 1218 1608 οὐχ
1269 1536 1349 1596 εἷς
1404 1533 1482 1588 ἑνὶ
1536 1533 1870 1607 συνημμένοι
1924 1533 2014 1587 καὶ
2062 1534 2198 1588 κατά
2253 1534 2495 1604 σύνταξιν
2536 1534 2764 1602 πλείους
2803 1539 3190 1616 ἀλληλουχού·
3239 1563 3410 1614 μενοι,
3442 1542 3591 1598 ἀλλά

183 1619 579 1697 διακεχυμένοι
612 1621 874 1698 σποράδες
917 1625 990 1685 ὡς
1027 1621 1134 1694 ἤδη
1169 1624 1313 1700 παρά
1365 1629 1524 1678 πᾶσιν
1585 1617 2011 1678 ἐπιωοϐώτατοι.
2077 1623 2340 1699 Ἐσπέρας
2372 1621 2427 1679 δὲ
2479 1625 2808 1700 παραδόντες
2841 1632 2970 1704 πυρὶ
3000 1632 3068 1684 τά
3105 1633 3239 1705 πρὸς
3269 1629 3342 1686 ἕω
3390 1633 3479 1687 καὶ
3511 1628 3588 1687 ἔτι

178 1710 373 1784 πρόσω
407 1710 600 1785 μικρὸν
631 1719 728 1781 τῆς
761 1717 858 1767 τοῦ
900 1712 1205 1787 Εὐεργέτου
1230 1719 1423 1785 μονῆς,
1456 1711 1486 1766 6'
1514 1711 1606 1766 καὶ
1645 1712 2047 1784 κατενεμήσατο
2077 1711 2146 1765 τά
2175 1715 2309 1786 πρὸς
2342 1713 2615 1777 θάλασσαν
2647 1715 2850 1780 ἐκεῖθεν
2881 1717 3140 1788 ἐπικλινῆ
3164 1721 3254 1774 καὶ
3289 1719 3457 1794 μέχρι
3479 1725 3587 1774 τῶν

185 1801 556 1876 Δρουγγαρίου
633 1801 1012 1877 καταλήγοντα
1072 1801 1210 1877 μέρη
1258 1809 1360 1871 τῆς
1413 1800 1654 1869 πόλεως,
1713 1799 2104 1855 ἐπαναλύουσιν
2159 1803 2334 1872 αὖθις,
2403 1804 2492 1858 καὶ
2551 1805 2673 1878 περὶ
2713 1807 2810 1874 τὴν
2869 1810 3038 1880 μονήν
3069 1813 3166 1864 τοῦ
3198 1809 3584 1866 Παντεπόπτου

181 1893 518 1967 στρατήγιον
555 1888 843 1966 βάλλουσι,
877 1893 975 1961 τὴν
1010 1891 1287 1966 βασίλειον
1311 1890 1694 1951 έσκυλευκότες
1734 1892 1938 1960 σκηνὴν
1970 1890 2058 1944 καὶ
2108 1891 2285 1946 αὐτῶν
2313 1898 2420 1947 τῶν
2481 1891 2533 1948 ἐν
2567 1895 2907 1970 Βλαχέρναις
2953 1897 3191 1972 ἀρχείων
3221 1898 3584 1973 ἀπραγμόνως

166 1999 230 2034 τε
262 1980 352 2034 καὶ
383 1979 432 2050 ἐξ
461 1978 659 2057 ἐφόδου
697 1981 1112 2057 κεκρατηκότες.
1147 1983 1207 2038 Ὀ
1240 1979 1295 2036 δέ
1331 1980 1586 2056 βασιλεὺς
1616 1977 1748 2054 τῇδε
1772 1980 1987 2034 κάκεῖσε
2005 1985 2112 2034 τῶν
2144 1987 2245 2050 τῆς
2290 1981 2506 2044 πόλεως
2554 1987 2779 2058 περιιὼν
2844 1991 3130 2041 στενωπῶν
3191 1986 3460 2062 ἐπεχείρει
3493 1989 3587 2060 μὲν

171 2072 425 2138 συνιστᾷν
454 2070 545 2124 καὶ
587 2067 891 2145 διακροτεῖν
924 2071 1060 2144 πρὸς
1105 2068 1351 2139 σύνταξιν
1391 2069 1480 2124 τὸν
1517 2067 1634 2134 είκῆ
1663 2073 2060 2147 περιφοιτῶντα
2091 2067 2244 2124 λαόν*
2272 2069 2324 2124 οἱ
2353 2068 2400 2124 δ’
2431 2070 2539 2125 οὔτ’
2584 2071 2858 2128 ἐπείθοντό
2917 2074 2969 2128 οἱ
3002 2073 3426 2148 έπιῤῥωννύοντι
3471 2074 3588 2129 οὔθ’

179 2161 459 2229 ὑπήγουον
492 2159 907 2230 ἐπιπλήττοντι,
941 2159 1067 2216 ἀλλ’
1090 2161 1452 2236 ἀπογνώσεως
1483 2165 1642 2215 πᾶσιν
1672 2159 1816 2234 αἰγὶς
1885 2159 2245 2216 ἓπεσέσειστο.
2301 2160 2402 2217 Καὶ
2452 2159 2544 2216 ’ἶνα
2599 2167 2677 2234 τῷ
2716 2161 2870 2237 λόγῳ
2918 2159 3241 2238 προϐϐάσω
3268 2165 3331 2218 τὸ
3363 2162 3583 2231 λοιπὸν,

170 2247 422 2306 κέκλικεν
450 2253 483 2320 ἡ
517 2251 698 2325 ἡμέρα
719 2251 807 2306 καὶ
840 2254 874 2320 ἡ
907 2251 997 2322 νὺξ
1029 2253 1342 2323 προῦκοπτε
1370 2251 1460 2305 καὶ
1503 2256 1611 2305 τῶν
1675 2251 1768 2323 μὲν
1829 2253 1911 2324 [Ρ.
1969 2253 2095 2324 367]
2152 2250 2476 2308 ἀστυπόλων
2527 2253 2753 2314 ἕκαστος
2784 2253 3022 2309 ἐνεπόνει
3055 2259 3124 2328 τῇ
3161 2256 3437 2326 μεταθέσει
3492 2240 3589 2310 κοιΞ

173 2343 487 2414 καταχώσει
509 2344 614 2395 τῶν
641 2340 860 2409 οὐσιῶν,
884 2344 1016 2410 ἦσαν
1049 2338 1096 2395 δ’
1124 2343 1207 2404 οἷς
1236 2339 1486 2415 ᾖρέτιστο
1512 2340 1603 2394 καὶ
1635 2341 1669 2409 ἡ
1703 2338 1760 2394 έκ
1790 2346 1888 2408 τῆς
1920 2338 2135 2402 πόλεως
2169 2339 2421 2418 ἔπαρσις,
2452 2343 2542 2396 καὶ
2576 2344 2650 2405 ὡς
2681 2344 2926 2406 ἑκάστοις
2957 2343 3274 2418 προύχώρει
3317 2345 3580 2413 σώζεσθαι

173 2429 492 2502 ἠπείγοντο.

249 2518 314 2592 γ’.
351 2515 500 2573 Ἰδὼν
531 2517 974 2580 τοίνυνὸΔούκας
1006 2519 1080 2582 ὡς
1111 2515 1262 2573 οὒδὶν
1293 2516 1610 2595 ὠφελεῖ,καὶ
1640 2514 1822 2578 δεδιὼς

2012 2520 2064 2574 3.
2099 2520 2290 2576 Ducas
2323 2520 2496 2591 igitur
2543 2537 2673 2577 cum
2710 2537 2772 2577 se
2806 2523 2949 2578 nihil
3002 2523 3279 2593 proﬁcere
3335 2523 3578 2590 videret,

179 2607 295 2681 ’ἁμα
329 2610 404 2680 μὴ
440 2606 782 2685 συλληφθείη
820 2609 910 2663 καὶ
945 2608 1020 2671 ὡς
1049 2607 1182 2682 ὄψον
1237 2603 1273 2676 ἤ
1303 2608 1658 2681 ὶπιτράγημα
1711 2606 1833 2668 ταῖς

176 2698 400 2771 γνάθοις
456 2701 562 2751 τῶν
621 2697 867 2752 Λατίνων
917 2696 1284 2771 προκείσεται,
1344 2694 1560 2750 ε’ἰσεισιν
1602 2694 1830 2769 ἀρχεῖον

173 2787 236 2841 τὸ
299 2786 574 2860 μέγιστον.
631 2787 737 2842 Καὶ
797 2784 863 2855 δὴ
922 2788 1024 2855 τήν
1089 2784 1406 2861 βασίλισσαν
1481 2783 1830 2860 Εὐφροσύνην

171 2878 274 2945 τήν
306 2881 407 2931 τοῦ
444 2875 711 2952 βασιλέως
741 2875 990 2946 Ἀλεξίου
1049 2880 1278 2950 γυναῖκα
1330 2873 1420 2928 καὶ
1475 2875 1573 2941 τήν
1633 2871 1833 2942 ταύτης

174 2965 440 3042 θυγατέρα
472 2964 732 3022 Εύδοκίαν
769 2960 1058 3039 λεμϐαδίῳ
1091 2964 1403 3037 ἐνθέμενος,
1435 2965 1503 3033 ἧς
1545 2967 1624 3035 τῷ
1667 2959 1828 3035 ἔρωτι

172 3053 625 3130 προκατείληπτο
655 3053 1086 3128 πολυομίλητος
1145 3053 1204 3108 έκ
1258 3054 1484 3124 πρώτης
1513 3050 1708 3126 τριχὸς
1738 3052 1829 3106 καὶ

173 3144 447 3219 ῥυηφενὴς
478 3141 553 3204 εἰς
610 3142 794 3205 κοίτας
854 3140 1202 3215 δεικνύμενος
1257 3139 1346 3194 καὶ
1393 3137 1488 3194 δύο
1519 3137 1829 3214 κουριδίους

165 3231 418 3310 ἀλὸχους
476 3233 620 3303 παρά
678 3228 832 3300 δίκην
909 3230 1398 3305 ἀποπεμψάμενος,
1453 3235 1556 3298 τῆς
1610 3227 1828 3288 πόλεως

159 3319 348 3392 ἔξεισι,
413 3318 736 3393 βασιλεύσας
803 3324 976 3393 μῆνας
1037 3317 1132 3375 δύο
1190 3321 1279 3374 καὶ
1337 3315 1547 3392 ἡμέρας
1607 3311 1656 3390 ἔξ
1690 3318 1823 3391 πρὸς

162 3411 287 3467 ταῖς
322 3403 467 3464 δέκα.
500 3409 609 3464 Τοῦ
641 3403 697 3461 δὲ
757 3405 1031 3482 βασιλέως
1091 3406 1232 3461 οὕτω
1287 3405 1823 3479 μεταναστεύσαντος,

163 3499 396 3549 νεανιῶν
429 3495 656 3570 ξυνωρὶς
677 3494 962 3572 νηφαλίων
1016 3517 1074 3550 τε
1129 3497 1218 3550 καὶ
1277 3495 1510 3571 ἀρίστων
1566 3497 1635 3567 τῇ
1688 3495 1824 3547 κατὰ

161 3584 418 3656 πόλεμον
452 3582 721 3655 δεξιότητι
770 3585 822 3656 (ὁ
882 3584 1088 3646 Δούκας
1145 3585 1298 3640 οὗτοι
1345 3583 1435 3637 καὶ
1469 3583 1496 3636 6
1530 3582 1818 3656 Λάσκαρις,

163 3675 375 3750 ἀμφοῖν
407 3670 453 3728 δ’
486 3676 520 3742 ἡ
552 3672 751 3742 κλῆσις
810 3673 1103 3747 ὁμώνυμος
1153 3677 1234 3745 τῷ
1288 3673 1521 3748 ἀρχηγῷ
1576 3678 1678 3740 τῆς
1731 3670 1823 3725 πί-

165 3783 334 3823 στεως
379 3763 617 3837 βασιλεῖ)
686 3762 760 3823 ὡς
819 3763 943 3837 περὶ
995 3762 1127 3833 νηὸς
1178 3761 1588 3840 χειμαζομένης
1635 3757 1820 3836 διαφέ-

163 3872 352 3926 ρονται
384 3859 484 3920 τῆς
515 3852 717 3927 ἀρχῆς,
750 3852 928 3927 τύχης
980 3847 1264 3926 βράϐευμα
1320 3851 1410 3905 καὶ
1459 3855 1632 3927 φορᾶς
1687 3849 1820 3902 ἀλο-

159 3942 352 4017 γίστου
406 3940 678 4014 πέττευμα
725 3942 786 3996 τὸ
848 3939 1096 4014 μέγιστον
1159 3942 1301 4014 ὁμοῦ
1349 3939 1440 3994 καὶ
1491 3938 1816 4013 περίπυστον

164 4037 368 4105 χρῆμα
404 4032 505 4098 τήν
559 4036 666 4084 τῶν
723 4030 1016 4103 Ῥωμαίων
1069 4029 1346 4105 βασιλείαν
1403 4029 1637 4104 ὁρῶντες
1683 4046 1816 4100 προ-

163 4119 439 4192 κείμενον.
502 4120 857 4190 Εἰστήκεισαν
916 4117 1008 4174 οὗν
1065 4119 1403 4194 ἀμφήριστοι
1481 4118 1570 4172 τὸν
1651 4113 1815 4192 μέγαν

165 4208 426 4271 εἰσιόντες
457 4209 610 4279 νεὼν,
642 4207 1030 4282 ἀμιλλώμενοί
1061 4229 1119 4264 τε
1177 4205 1451 4277 ἀλλήλοις
1499 4207 1586 4260 καὶ
1642 4225 1814 4277 παραυ

164 4293 532 4370 ϐαλλόμενοι,
571 4298 661 4353 καὶ
696 4296 864 4371 μηδὲν
893 4296 1060 4352 πλέον
1083 4298 1117 4366 ἤ
1146 4293 1369 4351 ἔλαττον
1398 4289 1643 4369 ἔχοντες,
1671 4291 1817 4348 ἀλλὰ

163 4391 267 4455 τῆς
301 4387 426 4458 ἴσης
458 4387 632 4464 ῥοπῆς
664 4388 996 4460 ἀξιούμενοι,
1028 4384 1113 4441 δτι
1147 4384 1278 4459 μηδ’
1305 4387 1370 4454 ἦν
1414 4385 1442 4438 6
1501 4382 1748 4460 ἐλέγχων
1777 4382 1813 4452 ἢ

160 4477 253 4532 καὶ
284 4475 575 4551 ἐπικρίνων
618 4477 887 4552 ἑκάτερον.
931 4478 1027 4532 Ἐκ
1084 4473 1141 4530 δὲ
1197 4473 1408 4548 κλήρου
1453 4472 1516 4528 τὸ
1546 4477 1816 4546 πρωτεῖον

161 4566 409 4642 εἰληφὼς
442 4567 470 4622 6
501 4567 771 4641 Λάσκαρις
802 4565 868 4620 τὰ
901 4565 995 4639 μὲν
1053 4571 1151 4634 τῆς
1198 4561 1474 4638 βασιλείας
1530 4560 1592 4616 ού
1644 4581 1817 4636 προσ-

168 4659 278 4712 ίετο
329 4651 606 4731 σύμϐολα,
667 4653 912 4726 συνεξιὼν
971 4652 1027 4710 δὲ
1075 4659 1154 4726 τῷ
1206 4653 1521 4729 πατριάρχῃ
1561 4652 1699 4707 κατά
1753 4651 1816 4706 τὸ

163 4745 370 4804 Μίλὶον
403 4745 502 4801 οὐκ
547 4745 682 4801 ἀνίει
737 4749 1007 4819 παραινῶν
1064 4749 1182 4805 τοῖς
1239 4747 1479 4798 συνιοῦσι
1534 4741 1625 4796 καὶ
1681 4744 1814 4820 σφᾶς

164 4836 539 4892 ὑποθωπεύων
574 4836 648 4897 εἰς
681 4834 1072 4909 ἀντιμάχησιν.
1105 4831 1280 4890 Ἀλλά
1309 4833 1398 4888 καὶ
1427 4831 1555 4894 τοὺς
1575 4831 1814 4893 σείοντας

157 4925 209 4997 ἐξ
242 4920 412 4997 ὤμων
441 4927 508 4980 τὰ
529 4925 719 4998 ἀρεῖκά
751 4921 973 4994 σιδήρια
995 4922 1047 4985 ές
1102 4923 1194 4977 τὸν
1244 4922 1604 4997 προκείμενον
1636 4923 1814 4999 ἀγῶνα

155 5017 390 5090 πέμπων
478 5013 776 5090 ἐπώτρυνε,
869 5015 945 5085 μή
1005 5019 1206 5088 χρῆναι
1265 5014 1442 5088 λέγων
1518 5013 1811 5086 Ῥωμαίων

156 5102 385 5162 ἔλαττον
409 5103 644 5165 ἐκείνους
674 5104 740 5158 τὸ
769 5101 1098 5159 διολωλέναι
1127 5101 1380 5172 δεδιέναι,
1413 5103 1461 5158 εἴ
1490 5105 1626 5178 πρὸς
1659 5104 1811 5180 γένος

156 5196 412 5272 ἕτεροντᾶ
466 5194 756 5269 Ῥωμαίων
831 5191 1430 5268 ἀνακυμϐαλισθήσεται
1493 5195 1806 5270 πράγματα’

1943 2609 2233 2680 simulque
2291 2611 2519 2666 timeret
2569 2629 2639 2666 ne
2697 2621 2902 2682 captus
2963 2619 3232 2684 paratum
3277 2615 3582 2683 opsonium

1944 2697 2193 2753 maxillis
2226 2699 2560 2754 Latinorum
2595 2705 2767 2771 esset,
2815 2701 3138 2756 maximum
3172 2701 3453 2772 palatium
3487 2705 3584 2758 in-

1940 2785 2220 2857 greditur,
2269 2792 2326 2842 et
2383 2787 2762 2860 Euphrosyna
2808 2789 3164 2859 imperatoris
3213 2789 3397 2845 Alexii
3443 2807 3582 2845 con-

1931 2876 2069 2944 juge
2098 2883 2149 2930 et
2180 2878 2305 2946 ejus
2334 2877 2456 2931 ﬁlia
2489 2879 2754 2946 Eudocia,
2807 2880 2978 2948 cujus
3036 2894 3232 2934 amore
3281 2879 3584 2935 tenebatur

1939 2965 2076 3034 (erat
2105 2965 2257 3020 enim
2293 2965 2468 3020 homo
2498 2985 2529 3021 a
2562 2968 2856 3036 pubertate
2913 2969 3267 3024 libidinosus
3316 2973 3371 3024 et
3401 2968 3577 3037 salax,

1937 3057 1992 3108 et
2022 3054 2534 3125 duasjuvenculas
2583 3070 2781 3112 nxores
2830 3075 2928 3128 per
2973 3057 3246 3129 injuriam
3305 3059 3581 3126 repudia-

1937 3144 2065 3212 rat),
2099 3141 2290 3199 lembo
2329 3143 2644 3214 impositis,
2679 3147 2822 3202 urbe
2881 3148 3191 3218 egreditur,
3243 3162 3371 3201 cum
3428 3148 3575 3202 duos

1937 3246 2168 3286 menses
2226 3240 2279 3286 et
2331 3233 2480 3288 756
2513 3233 2638 3289 dies
2694 3233 2981 3290 sexdecim
3038 3234 3405 3304 imperasset.
3441 3235 3580 3291 Post

1934 3321 2061 3391 ejus
2084 3321 2402 3377 discessum
2445 3322 2556 3378 duo
2579 3323 2821 3393 juvenes
2857 3325 3274 3380 modestissimi
3333 3329 3390 3379 et
3418 3323 3580 3380 belli-

1934 3411 2245 3481 cosissimi,
2282 3413 2463 3469 Ducas
2503 3418 2561 3468 et
2593 3413 2880 3481 Lascaris,
2915 3420 3156 3485 uterque
3214 3415 3575 3484 Theodorus,

1932 3502 2002 3557 de
2032 3501 2272 3572 imperio
2325 3510 2597 3575 tanquam
2657 3505 2728 3560 de
2761 3522 2900 3562 nave
2961 3505 3397 3577 tempestatibus
3437 3522 3575 3562 con-

1931 3591 2187 3646 ﬂictante
2246 3596 2488 3658 certant,
2545 3610 2669 3649 cum
2728 3595 3043 3650 maximam
3104 3601 3161 3650 et
3215 3595 3569 3650 celebratam

1929 3679 2088 3735 illam
2124 3697 2246 3736 rem
2280 3682 2597 3738 Romanum
2667 3683 2971 3755 imperium
3035 3685 3268 3739 fortuna:
3318 3682 3568 3738 ludibrio

1928 3777 1981 3824 et
2039 3770 2240 3825 incerti
2293 3785 2458 3826 casus
2500 3773 2808 3828 temeritati
2867 3773 3228 3844 prepositum
3287 3771 3564 3826 viderent.

1929 3858 2244 3915 Maximum
2279 3860 2454 3931 igitur
2483 3860 2762 3930 templum
2796 3861 3039 3928 ingressi
3088 3861 3237 3915 inter
3270 3876 3393 3914 sese
3425 3876 3570 3914 con-

1925 3947 2259 4017 tendebant,
2326 3965 2430 4004 nec
2487 3954 2608 4003 erat
2657 3950 2756 4018 qui
2803 3949 2860 4003 in
2923 3949 3349 4018 comparatione
3403 3947 3569 4003 alteri

1929 4038 2402 4107 prmponderaret,
2430 4038 2709 4093 ambobus
2764 4039 2920 4092 Velut
2953 4039 3012 4093 in
3055 4036 3376 4108 tequilibrio
3425 4052 3565 4092 con-

1927 4125 2168 4181 stitutis.
2205 4125 2398 4196 Neque
2423 4127 2576 4182 enim
2611 4135 2729 4182 erat
2760 4126 2853 4197 qui
2887 4141 3191 4183 censuram
3254 4129 3353 4179 aut
3402 4125 3566 4195 judi-

1927 4214 2083 4270 cium
2132 4215 2368 4270 faceret.
2412 4215 2672 4272 Lascaris
2732 4223 2917 4270 tamen
2965 4232 2997 4270 a
3057 4215 3212 4270 clero
3273 4213 3562 4284 praelatus,

1926 4303 2251 4375 insignibus
2303 4303 2528 4374 imperii
2579 4304 2912 4376 repudiatis,
2947 4320 3077 4359 cum
3136 4304 3459 4374 patriarcha
3499 4303 3561 4357 in

1927 4393 2151 4448 Milium
2183 4408 2446 4461 egressus
2476 4393 2863 4448 conﬂuentem
2906 4393 3179 4464 pepulum
3215 4392 3561 4448 blandiendo

1923 4490 1976 4537 et
2007 4482 2255 4549 rogando
2277 4481 2345 4535 ad
2382 4483 2760 4537 resistendum
2817 4483 3104 4538 cohortari
3164 4498 3278 4536 non
3313 4481 3558 4536 desiste-

1928 4572 2041 4639 bat,
2075 4575 2131 4626 et
2183 4570 2464 4627 satellites
2532 4573 2598 4626 ad
2656 4587 2906 4642 pugnam
2966 4571 3315 4628 concitabat.
3365 4571 3562 4641 Neque

1924 4662 2075 4717 enim
2104 4660 2338 4718 exitium
2366 4661 2556 4717 minus
2589 4663 2670 4717 eis
2697 4663 3018 4718 timendum
3046 4679 3173 4718 esse
3220 4678 3387 4731 quam
3450 4663 3560 4718 lto-

1925 4752 2135 4818 manis,
2159 4751 2203 4804 si
2234 4750 2533 4820 imperium
2569 4753 2635 4806 ad
2667 4752 2835 4807 aliam
2895 4753 3183 4808 nationem
3233 4749 3560 4806 devolvere-

1921 4845 2059 4906 tur;
2119 4854 2307 4910 neque
2363 4841 2555 4910 ampla
2609 4839 2898 4910 stipendia
2954 4857 3137 4912 neque
3197 4841 3562 4909 imperatoris

1921 4931 2164 5001 stipendi
2199 4930 2474 4985 honorem
2534 4936 2882 5001 retenturos,
2915 4932 3015 4986 sed
3081 4929 3562 4986 mercenariorum

1920 5020 2168 5076 militum
2218 5019 2342 5075 loco
2403 5019 2644 5076 futuros.
2677 5020 2893 5084 Quibus
2953 5019 3142 5074 verbis
3202 5033 3332 5072 cum
3395 5031 3561 5070 nece

1921 5109 2130 5180 populo
2160 5109 2460 5181 quisquam
2497 5117 2838 5178 moveretur,
2892 5125 2994 5163 nec
3053 5105 3400 5177 bipenniferi
3449 5103 3560 5159 nisi

1919 5197 2207 5267 stipendio
2240 5197 2523 5268 promisso
2553 5197 2833 5252 auxilium
2895 5197 3316 5267 promitterent,
3347 5207 3561 5264 urgens

158 5267 286 5344 ούδὶ
351 5287 456 5362 γὰρ
501 5267 968 5362 μισθοφρήσουσιν
1006 5267 1199 5340 γεῖσέτι
1251 5281 1454 5360 ἀδρῶς,
1506 5267 1652 5339 οὐδέν
1681 5283 1810 5358 γέρα

1933 5283 2058 5340 llud
2091 5267 2412 5356 periculum
2470 5285 2676 5342 callide
2717 5283 3116 5350 nundinaturi,
3167 5281 3338 5338 etiam
3397 5283 3557 5336 cata-

1529 5442 1697 5504 Hier.
1730 5441 1944 5504 Wolﬁi
1973 5449 2159 5504 notae.

213 5573 329 5642 (56)
384 5572 515 5630 Ταῖς
563 5564 830 5642 ,χρυσέαις
887 5565 1169 5641 χερσαίαις
1213 5565 1796 5642 ⁸πύλαις.’[,ιξειξιὶῐιιις

147 5637 389 5718 quidem
421 5637 1127 5718 apud'Zonaram'jpucgt
1155 5638 1349 5718 πύλαι,
1384 5638 1495 5718 sed
1516 5637 1611 5694 hic
1641 5637 1802 5718 haud

147 5711 269 5776 scio
301 5711 722 5788 αητῐῐχρυσέαι
747 5711 1026 5772 abundet.
1058 5715 1130 5772 Et
1164 5711 1340 5787 paulo
1369 5715 1504 5786 post
1553 5727 1661 5786 pro
1689 5713 1799 5766 τῶν

1913 5563 2139 5620 πολλῶν
2202 5566 2503 5638 legendum
2537 5565 2754 5621 videtur
2809 5561 3024 5632 πυλῶν,
3061 5579 3176 5620 non
3235 5563 3412 5635 vulgi,
3449 5564 3551 5622 sed

1913 5648 2085 5712 porta:
2111 5638 2628 5710 propugnaculum.
