4072 6218
419 343 540 408 955
1741 349 2054 412 NICETE

2189 345 2527 408 ζΟΝΙΑΤιΕ
3735 355 3870 420 958

429 481 689 555 phractm
767 481 914 539 157
951 483 1283 540 Latinorum
1367 485 1630 543 cohortes
1690 488 2078 558 apparerent,

2196 479 2518 555 περιώνυμα
2571 485 2674 549 τῆς
2757 476 3030 553 βασιλέων
3112 478 3366 562 φυλακῆς
3442 483 3864 563 ἀπολήψονται,

426 575 562 630 inde
592 573 844 630 discedit
872 579 931 629 et
963 573 1091 644 fuga
1121 576 1368 632 salutem
1399 576 1626 650 quaerit.

2189 566 2308 626 ἰλλ¹
2331 566 2384 623 ἐν
2409 565 2536 652 αἴσῃ
2573 568 2752 643 Καρὸς
2785 569 3121 640 τετάξονται.
3179 572 3282 652 iisti
3336 574 3365 629 δ
3401 576 3494 647 μὲν
3528 578 3672 652 πρὸς
3727 581 3866 634 τού-

433 677 552 720 τοις
583 657 672 726 ἧν·
708 658 782 720 ὡς
823 655 868 713 δ’
901 658 1024 714 οὕτε
1052 664 1148 715 τοῦ
1173 659 1284 716 λεώ
1310 683 1396 724 τις
1416 649 1525 717 τῶν
1555 665 1748 739 φωνῶν
1789 657 2166 736 ἐπεστρέφετο,
2191 655 2280 710 γαὶ
2322 653 2453 710 αὐτὸ
2484 651 2540 709 δὲ
2593 655 2657 710 τὸ
2713 655 3088 734 πελεκυφόρον
3127 649 3214 714 ἒ.πῖ
3249 665 3430 734 μισθῷ
3459 649 3862 740 τὴννσύναρσιν

439 745 838 822 ἐπηγγέλλετο,
873 749 1142 826 ἐμπορίας
1171 751 1360 826 καιρὸν
1403 751 1658 813 ὑπούλως
1686 749 1776 806 καὶ
1814 747 2128 809 ὲπικλόπως
2183 745 2284 815 τὴν
2333 745 2513 817 ἀκμῆν
2571 749 2667 800 τοῖ’)
2704 743 2956 802 κινδύνου
2985 749 3291 822 τιθέμενον,
3323 749 3434 823 ἤδη
3479 750 3538 808 δὲ
3567 755 3659 810 καὶ
3682 757 3864 811 κατά-

431 855 662 914 φρακτοι
697 839 984 894 Λατινικαὶ
1018 839 1417 918 προύφαίνοντο
1449 841 1748 920 φάΛαγγες,
1779 840 1978 895 ἐκεῖθεν
2015 835 2328 912 μεθίσταται
2358 834 2450 889 καὶ
2481 834 2545 890 τὸ
2575 837 2812 905 σωθῆναι
2842 841 2991 918 φυγῇ
3022 834 3348 911 διατίθησιν.

498 937 550 994 4.
584 937 783 995 Hostes
814 954 941 996 vero
972 955 1106 996 cum
1141 949 1347 1013 praeter
1399 943 1888 1015 exspectationem
1920 955 2081 996 arma

426 1032 628 1085 contra
661 1027 804 1085 ferro
865 1031 1182 1098 neminem,
1220 1032 1511 1088 neminem
1571 1031 1837 1088 resistere
1879 1045 2077 1086 cerne-

426 1123 581 1184 rent,
613 1119 812 1176 omnia
841 1117 1016 1192 plana
1045 1127 1099 1176 et
1130 1121 1418 1190 expedita,
1446 1122 1787 1194 angiportus
1831 1118 2078 1193 pervios,

427 1208 597 1262 trivia
617 1211 836 1278 aperta,
869 1225 904 1264 a
935 1207 1086 1265 bello
1117 1209 1508 1276 securitatem,
1541 1209 1612 1266 ab
1671 1209 1936 1265 hostibus
1967 1207 2077 1264 uti-

429 1295 652 1351 litatem
685 1311 829 1368 esse,
864 1297 1094 1354 fortuna
1123 1300 1370 1371 quadam
1416 1300 1662 1372 prepitia
1693 1304 1751 1355 et
1780 1297 2075 1370 adjutrice,

426 1385 702 1441 omnibus
725 1401 860 1442 cum
883 1386 1150 1445 crucibus
1181 1392 1238 1444 et
1258 1390 1438 1446 sacris
1460 1389 1677 1444 Christi
1702 1386 2076 1461 imaginibus,

423 1479 484 1528 ut
533 1472 590 1527 in
624 1473 848 1545 pompis
905 1482 964 1532 el
1022 1475 1430 1534 festivitatibus
1484 1476 1663 1534 moris
1715 1484 1822 1543 est,
1854 1474 2078 1532 obviam

433 1565 880 1634 prodeuntibus,
915 1565 1062 1622 nihil
1094 1583 1161 1624 eo
1190 1579 1500 1640 conspectu
1553 1567 1812 1626 habitum
1861 1567 2081 1624 animo-

430 1667 565 1708 rum
597 1653 998 1723 immutarunt,
1023 1672 1205 1728 neque
1234 1659 1554 1716 arriserunt
1584 1656 1912 1730 paululum,
1976 1672 2081 1711 nec

429 1741 728 1814 insperato
761 1742 858 1800 illo
889 1747 1214 1816 spectaculo
1259 1747 1440 1804 tristis
1491 1751 1545 1805 et
1593 1747 1839 1804 furiosus
1880 1762 2080 1802 eorum

435 1831 694 1904 impetus
721 1832 1016 1905 mitigatus
1042 1843 1148 1903 est,
1181 1838 1494 1907 quominus
1553 1853 1666 1894 non
1699 1842 1921 1892 tantum
1969 1836 2083 1906 pri-

430 1928 694 1976 vatorum
725 1923 1057 1993 pecuniam,
1105 1943 1136 1980 a
1187 1925 1473 1995 jumentis
1527 1925 1833 1998 suspicati,
1876 1925 1972 1982 sed
2024 1929 2083 1981 et

2260 932 2322 990 δ’.
2384 934 2451 992 Οἱ
2501 929 2559 989 δὲ
2607 932 2868 1008 πολέμιοι
2931 935 3135 1010 μηδένα
3188 941 3335 1015 παρὰ
3393 939 3548 1016 δόξαν
3611 946 3859 1022 ὁρῶντες

2189 1022 2556 1099 ῒθυραχοῦντα
2605 1023 2640 1094 ἢ
2682 1025 3138 1102 ἀντεγχειροῦντά
3193 1051 3342 1108 σφισι
3404 1035 3494 1089 καὶ
3547 1035 3865 1110 ὁπλιζόμε-

2187 1133 2298 1182 νον,
2331 1111 2458 1168 ἀλλ’
2492 1111 2654 1168 εὔοδα
2681 1114 2746 1169 τὰ
2788 1113 2839 1169 ἐν
2892 1114 3078 1187 ποσὶν,
3110 1115 3311 1174 εὔκολα
3365 1122 3432 1176 τὰ
3464 1121 3515 1178 ἐν
3548 1126 3741 1199 χερσὶ,
3801 1130 3868 1182 τὰ

2189 1203 2242 1258 ἐν
2265 1207 2565 1265 στενωποῖς
2605 1198 2928 1276 εὑδιᾶὅατα,
2974 1205 3042 1261 τὰ
3097 1205 3149 1261 ἐν
3199 1206 3442 1284 τριόδοις
3501 1198 3868 1288 ἀπρόσκοπα,

2186 1289 2296 1379 ἀπὸ
2345 1287 2610 1379 πολέμων
2675 1288 2997 1368 ἀσφάλειαν,
3058 1292 3165 1349 ἀπὸ
3218 1294 3504 1372 πολεμίων
3557 1299 3866 1379 ὠφέλειαν,

2185 1378 2367 1458 τύχης
2397 1378 2543 1444 τινὶς
2569 1381 2920 1456 προαγούσης
2974 1381 3235 1456 εὐμενοῦς
3290 1387 3383 1440 καὶ
3433 1378 3872 1464 συλλαμϐανού-

2189 1491 2290 1542 σης
2374 1470 2578 1532 πάντας
2637 1470 2788 1541 σφίσι
2867 1479 3248 1546 προσυπαντᾷν
3333 1476 3468 1550 μετὰ
3544 1487 3861 1558 σταυρικῶν

2189 1558 2432 1633 σημείων
2474 1559 2564 1614 καὶ
2597 1564 2809 1615 σεπτῶν
2868 1559 3113 1618 ἰκτύπων
3160 1569 3417 1639 Χριστοῦ,
3449 1568 3527 1633 ὡς
3563 1569 3617 1624 ἐν
3680 1592 3870 1643 πανη-

2189 1647 2408 1726 γύρεσιν
2437 1647 2665 1706 εἷ’θισται
2718 1648 2807 1705 καὶ
2865 1657 3138 1724 πομπαῖς,
3177 1653 3240 1708 οὗ
3265 1655 3402 1731 πρὸς
3431 1658 3533 1727 τὴν
3567 1655 3697 1733 ὄψιν
3746 1666 3863 1717 τῶν

2190 1739 2485 1813 ὁρωμένων
2517 1739 2618 1808 τὴν
2651 1747 2750 1810 τῆς
2809 1743 2996 1815 ψυχῆς
3053 1751 3468 1822 μεταμορφοῦσι
3499 1750 3864 1822 κατάστασιν,
3905 1782 3914 1788 -

2191 1825 2318 1884 οὐδὲ
2371 1829 2538 1904 μέχρι
2601 1828 2840 1910 χειλέων
2893 1828 3292 1904 ἐπεμειδίασαν,
3352 1833 3481 1892 οὐδὲ
3536 1837 3858 1907 ἡᾶελπτος

2193 1917 2370 1988 ἐκείνη
2402 1915 2496 1972 θέα
2518 1917 2582 1973 τὸ
2613 1919 2833 1992 στυγνὸν
2859 1919 2949 1974 καὶ
3001 1923 3084 1994 [Ρ.
3144 1925 3270 1997 368]
3305 1923 3572 1997 μανιῶδες
3605 1929 3851 2004 ὅρμημα

440 2008 559 2065 Deo
586 2027 750 2068 sacra
780 2011 1149 2086 impudenter
1179 2015 1519 2087 diriperent,
1549 2016 1763 2072 strictis
1825 2015 2078 2085 ensibus,

2194 2005 2284 2062 καὶ
2311 2005 2539 2081 βλέμμα
2569 2005 2646 2068 είς
2679 2005 2862 2062 εῒκόνα
2908 2007 3252 2084 μετὲχρωσεν
3307 2011 3668 2086 ἱλαρότητος,
3732 2017 3868 2074 ἀλλ’

438 2115 621 2171 equos
649 2102 720 2157 ad
751 2102 903 2158 tubas
963 2104 1216 2161 sonitum
1247 2106 1486 2162 excitari
1543 2106 1741 2162 solitos
1793 2105 1852 2162 in
1900 2106 2077 2161 armis

437 2198 724 2251 tenentes.
767 2191 914 2257 Quid
973 2209 1106 2250 vero
1159 2193 1365 2264 primo,
1425 2195 1561 2266 quid
1620 2196 1900 2263 secundo,
1949 2195 2082 2265 quid

437 2282 606 2339 tertio
637 2281 761 2337 loco
793 2285 1035 2338 referam
1069 2299 1138 2338 ex
1161 2284 1234 2340 iis
1264 2300 1391 2355 que
1425 2284 1627 2340 nefarii
1682 2285 1774 2340 isti
1804 2284 1911 2340 viri
1957 2300 2081 2355 per-

438 2370 790 2444 petrarunt?
824 2372 939 2426 lleu
974 2371 1417 2443 ignominiosam
1476 2373 1900 2429 adorandarum
1935 2371 2079 2427 ima-

434 2461 632 2536 ginum
657 2460 1181 2518 conculcationem!
1217 2461 1324 2517 heu
1351 2461 1719 2532 reliquiarum
1751 2464 2081 2518 sanctorum

437 2559 756 2622 martyrum
790 2549 848 2605 in
877 2550 1024 2608 fmda
1081 2551 1204 2608 loca
1254 2551 1681 2624 abjectioneml
1731 2552 1892 2616 Quod
1952 2567 2084 2608 vero

439 2639 524 2695 vel
555 2641 752 2695 auditu
779 2640 1130 2696 horrendum
1179 2646 1284 2709 est,
1318 2642 1374 2698 id
1409 2646 1532 2698 tum
1583 2648 1705 2698 erat
1733 2656 1990 2708 cernere,
2024 2647 2082 2697 ut

442 2729 679 2785 divinus
706 2729 944 2801 sanguis
974 2737 1028 2786 et
1057 2745 1270 2799 corpus
1301 2729 1508 2787 Christi
1567 2729 1735 2786 humi
1766 2729 2084 2787 ell'undere-

432 2827 528 2876 tur
558 2825 615 2875 et
643 2819 1007 2889 abjiceretur.
1043 2819 1148 2884 Qui
1207 2819 1356 2876 158
1414 2823 1604 2876 autem
1662 2819 1940 2890 pretiosas
1987 2835 2080 2876 eo-

431 2925 561 2965 rum
623 2908 891 2979 cupsulas
950 2908 1273 2980 rapiebant,
1331 2912 1666 2965 ornamenta
1714 2923 1836 2980 quas
1895 2909 1955 2964 in
2015 2909 2085 2966 iis

430 2997 876 3055 continebantur
903 2999 964 3054 in
995 2997 1186 3054 sinum
1221 2997 1628 3069 congerebant,
1672 2998 1826 3070 ipsas
1855 2997 2082 3054 contra-

429 3096 553 3144 ctas
581 3103 681 3158 pro
713 3086 925 3159 patinis
957 3091 1013 3142 et
1062 3085 1284 3158 poculis
1317 3086 1691 3160 usurpabant,
1738 3085 2082 3144 Antichristi

437 3191 840 3250 precursores,
874 3183 928 3232 et
959 3176 1304 3232 nefariarum
1338 3176 1464 3248 ejus
1515 3179 1804 3234 actionum
1865 3192 1988 3248 quas
2019 3177 2078 3232 in

437 3266 867 3335 exspectatione
914 3270 1056 3321 sunt
1110 3264 1374 3334 auSpices
1421 3273 1477 3322 et
1525 3266 1856 3336 prenuntii.
1908 3267 2085 3322 Plane

429 3354 682 3426 profecto
730 3371 762 3409 a
805 3361 976 3427 gente
1039 3353 1138 3409 illa
1192 3359 1338 3420 tum,
1392 3358 1453 3409 ut
1499 3363 1558 3409 et
1607 3353 1768 3422 olim,
1818 3354 2079 3412 Christus
2107 3373 2150 3440 ρ

427 3443 734 3500 exuebatur
763 3447 821 3500 et
851 3441 1218 3513 illudebatur,
1251 3448 1309 3500 et
1337 3449 1524 3501 vestes
1568 3444 1694 3515 eius
1749 3449 1902 3502 sorte
1953 3445 2077 3501 dis.

427 3533 863 3589 tribuebantur:
899 3531 1039 3588 illud
1073 3541 1292 3588 tantum
1344 3533 1562 3602 aberat,
1597 3550 1667 3589 ne
1710 3532 1861 3590 latus
1915 3534 2079 3590 hasta

426 3624 700 3691 trajectus
764 3623 916 3678 rivos
975 3620 1152 3676 divini
1230 3622 1454 3678 cruoris
1519 3621 1680 3678 humi
1739 3622 2076 3682 effunderet.

429 3712 671 3768 Violatio
701 3728 872 3784 porro
916 3711 1158 3768 maximi
1214 3710 1416 3782 templi
1466 3727 1571 3768 nec
1625 3712 1860 3768 auribus
1897 3715 2079 3784 sequis

424 3807 612 3874 potest
637 3802 842 3872 accipi.
874 3801 1016 3858 Nam
1046 3817 1210 3858 sacra
1243 3817 1445 3857 mensa
1476 3815 1548 3857 ex
1606 3801 1796 3858 omnis
1851 3803 2077 3871 generis

428 3891 693 3964 pretiosis
727 3891 979 3948 materiis
1017 3890 1268 3946 conﬂata
1315 3889 1372 3945 in
1425 3889 1756 3946 excellentis
1817 3890 2075 3963 pulchrin

427 3982 642 4036 tudinis
673 3981 1002 4037 varietatem
1035 3979 1314 4036 omnibus
1353 3979 1626 4051 gentibus
1655 3980 2079 4038 admirabilem-

424 4070 483 4126 in
528 4071 712 4127 frusta
769 4078 852 4127 est
880 4072 1127 4127 dissecta
1183 4078 1234 4125 et
1283 4068 1438 4125 inter
1489 4068 1701 4126 milites
1746 4070 2076 4138 distributa,

425 4167 486 4215 ut
512 4169 565 4214 et.
599 4175 802 4218 omnes
839 4167 1032 4216 sacras
1061 4175 1202 4230 opes
1245 4165 1361 4212 tam
1422 4157 1720 4213 immensae
1751 4166 1807 4214 et
1863 4159 2080 4217 infiniti

425 4248 776 4320 splendoris.
809 4250 952 4305 Cum
985 4256 1173 4304 autem
1207 4252 1586 4304 sacrosancta
1610 4264 1749 4305 vasa
1779 4251 1837 4304 et
1885 4249 2079 4322 supel-

423 4338 643 4394 lectilia
697 4337 1114 4411 insuperabilis
1143 4336 1289 4392 artis
1320 4341 1378 4394 et
1424 4337 1622 4408 gratias
1661 4353 1924 4410 rarasque
1963 4355 2081 4395 ma-

428 4429 602 4496 teriae,
635 4439 688 4484 et
736 4428 985 4501 probum
1033 4432 1362 4498 argentum,
1395 4426 1547 4497 quod
1609 4427 1920 4484 tribunalis
1965 4428 2081 4484 cla-

426 4516 588 4572 thros
609 4523 666 4573 et
687 4517 990 4574 umbonem
1020 4515 1162 4571 artis
1201 4515 1566 4571 admirabilis
1595 4523 1648 4572 et
1683 4515 1831 4574 159
1865 4526 2077 4589 portas,

429 4615 480 4661 et
518 4607 696 4661 multa
745 4605 860 4661 alia
889 4611 1228 4662 ornamenta
1276 4604 1588 4672 ambiebat,
1625 4622 1766 4664 auro
1816 4607 2076 4665 circum-

423 4695 638 4762 fusum,
674 4710 774 4764 pro
827 4693 1117 4751 manubiis
1181 4693 1473 4750 etl'erenda
1529 4703 1747 4763 essent,
1809 4699 1953 4754 muli
2011 4708 2058 4755 el

418 4783 681 4856 jumenta
715 4781 878 4840 sellis
909 4783 1148 4840 instrata
1201 4797 1386 4854 usque
1417 4783 1486 4838 ad
1518 4785 1720 4858 templi
1759 4786 1929 4858 adyta
1969 4787 2060 4843 in-

429 4874 878 4939 roducebantur,
907 4889 1156 4945 quorum
1205 4872 1486 4929 nonnulla
1523 4891 1654 4931 cum
1701 4875 1775 4932 ob
1823 4877 2074 4948 splendi-

2095 4743 2143 4810 Ι)

2197 2095 2561 2172 ὶπρονόμευον
2612 2093 2807 2165 ἀδεῶς,
2867 2097 2927 2152 ἐκ
2981 2103 3092 2154 τῶν
3125 2099 3432 2180 ὀχημάτων
3472 2107 3716 2179 πρώτως
3767 2108 3865 2184 ἆρ-

2196 2184 2439 2257 ξάμενοι,
2472 2185 2535 2240 οὐ
2563 2184 2631 2240 τὰ
2658 2190 2766 2240 τῶν
2794 2185 3023 2242 πολλῶν
3059 2187 3223 2261 μόνον
3250 2192 3540 2266 χρήματα,
3583 2193 3716 2250 ἀλλ’
3746 2195 3862 2268 ἤδη

2197 2274 2288 2330 καὶ
2319 2273 2385 2330 τὰ
2420 2278 2500 2346 τῷ
2519 2279 2638 2347 Θεῷ
2685 2275 3027 2348 ἀνακείμενα,
3081 2278 3374 2356 ξιφηφόροι
3427 2283 3640 2349 πάντες,
3672 2287 3726 2340 οἱ
3798 2283 3864 2340 δὲ

2193 2363 2284 2418 καὶ
2319 2365 2738 2438 σκεπαστηρίοις
2765 2362 2964 2427 ’ὀπλοις
3013 2364 3140 2429 τοὺς
3193 2369 3328 2441 πρὸς
3366 2370 3650 2448 σάλπιγγα,
3708 2373 3862 2449 ἔτει-

2194 2458 2460 2528 ρομένους
2489 2451 2697 2516 ’ίππους
2765 2455 2966 2509 ἑαυτῶν
3026 2458 3501 2534 περιφράττοντες.
3565 2461 3634 2519 Τί
3699 2461 3746 2519 δ’
3799 2465 3862 2520 ἄν

2191 2547 2432 2616 πρῶτον,
2463 2541 2518 2600 τί
2549 2539 2596 2597 δ’
2625 2540 2832 2608 ἔπειτα,
2875 2543 2930 2598 τί
2959 2539 3008 2598 δ’
3049 2545 3294 2601 ὑστάτιον
3354 2548 3722 2626 καταλέξαιμι
3750 2559 3864 2609 τῶν

2187 2635 2485 2701 τηνικαῦτα
2512 2629 2890 2705 τολμωμένων
2920 2633 3066 2706 παρά
3129 2634 3236 2688 τῶν
3290 2635 3654 2710 παλαμναίων
3715 2640 3860 2698 ὲκεί-

2190 2740 2296 2774 νων
2321 2717 2533 2797 ἀνδρῶν
2569 2740 2584 2790 ς
2624 2723 2692 2776 Ὢ
2749 2742 2842 2795 μοι
2882 2728 2982 2792 τῆς
3037 2722 3254 2797 ἀτίμου,
3291 2729 3400 2780 τῶν
3454 2739 3857 2804 προσκυνητῶν

2193 2807 2416 2865 εἰκόνων
2474 2806 2876 2890 κατεδαφίσεως
2914 2813 2926 2868 Ι
2969 2806 3044 2868 ὤν
3099 2819 3201 2883 τῆς
3252 2819 3359 2870 τῶν
3421 2816 3704 2892 λειψανων
3749 2827 3859 2877 τῶν

2194 2901 2325 2974 ὑπὲρ
2376 2901 2614 2976 Χριστοῦ
2662 2901 2952 2965 παθόντων
3031 2906 3148 2960 κατ’
3241 2901 3442 2980 ἐναγῶν
3521 2909 3861 2976 ἀκοντίσεως

2189 2990 2374 3046 τόπων
2409 2991 2422 3046 l
2454 2990 2519 3045 τὸ
2551 2986 2609 3045 δὲ
2657 2988 2928 3070 φρικῶδες
2960 2993 3050 3048 καὶ
3109 2994 3465 3070 ἁκουόμενον,
3504 2998 3578 3067 ἦν
3611 3000 3750 3076 ὁρᾷν
3804 3003 3864 3056 τὸ

2191 3083 2335 3144 θεῖον
2375 3079 2518 3152 αἷμα
2547 3081 2640 3136 καὶ
2699 3085 2863 3155 σῶμα
2921 3085 3161 3158 Χριστοῦ
3211 3085 3351 3141 κατὰ
3413 3093 3524 3161 γῆς
3586 3091 3862 3164 γεόμενον

2189 3169 2282 3225 καὶ
2315 3167 2665 3246 ῥιπτόμενον.
2715 3171 2782 3228 Οἱ
2834 3169 2892 3226 δὲ
2957 3172 3026 3228 τὰ
3074 3172 3326 3254 τιμαλφῆ
3388 3173 3592 3252 δοχεῖα
3650 3181 3862 3236 τούτων

2191 3257 2582 3334 διαρπάζοντες
2609 3259 2676 3314 τὰ
2711 3259 2804 3332 μὲν
2867 3255 3146 3336 διέθρανον
3203 3263 3295 3318 καὶ
3336 3263 3466 3326 τοὺς
3499 3265 3861 3344 ἐγκειμένους

2190 3350 2432 3422 κόσμους
2491 3348 2928 3420 ἐνεκολπίζοντο,
2959 3349 3027 3405 τὰ
3094 3347 3152 3406 δὲ
3203 3351 3282 3416 εἷς
3332 3352 3494 3408 σίτων
3568 3364 3714 3413 κανᾶ
3769 3360 3856 3415 καί

2187 3436 2346 3494 οἴνων
2398 3439 2710 3513 κεράσματα
2753 3444 2874 3501 ταῖς
2933 3439 3135 3496 ἑαυτῶν
3191 3440 3484 3517 τραπέζαις
3544 3447 3852 3524 παρέῖνερον

2183 3531 2236 3585 οἱ
2264 3533 2361 3585 τοῦ
2415 3529 2798 3604 ’Δντιχρίστου
2840 3527 3154 3606 πρόδρομοι
3199 3532 3290 3587 καὶ
3347 3537 3460 3589 τῶν
3518 3535 3850 3612 προσδοκω-

2187 3619 2364 3692 μένων
2393 3613 2716 3676 πανασεεῶν
2774 3619 3018 3694 πράξεων
3079 3621 3286 3676 ἐκείνου
3335 3629 3697 3701 πρωτουργοὶ
3759 3629 3845 3683 καὶ

2182 3707 2544 3786 προάγγελοι.
2577 3711 2854 3785 Ἀτεχνῶς
2909 3710 3088 3766 τοίνυν
3152 3711 3257 3768 ὑπὸ
3315 3711 3478 3769 τοῦδε
3531 3720 3629 3771 τοῦ
3659 3718 3850 3791 γένους

2183 3801 2258 3862 ὡς
2309 3797 2480 3854 πάλαι
2537 3799 2673 3855 ποτὶ
2730 3799 2823 3854 καὶ
2873 3799 3000 3855 τότε
3057 3799 3450 3876 ἁπημφιάζετο
3492 3805 3718 3878 Χριστὸς
3747 3809 3840 3862 καί

2187 3884 2462 3964 ὑϐρίζετο,
2509 3889 2600 3943 καὶ
2661 3889 2922 3964 μερισμοὶ
2978 3887 3068 3943 καί
3107 3887 3310 3966 κλῆροι
3341 3896 3454 3948 τῶν
3501 3893 3662 3949 αὑτοῦ
3716 3897 3849 3968 ἱμα-

2181 3979 2314 4035 τίων
2351 3979 2615 4056 ὲγίνοντο,
2646 3977 2737 4034 καὶ
2771 3979 2940 4052 μόνον
2972 3979 3035 4035 ού
3068 3977 3480 4056 λογχευόμινος
3511 3986 3614 4054 τήν
3669 3984 3844 4042 πλευ-

2186 4068 2279 4146 ρὰν
2329 4067 2621 4143 θεοῤῥύτου
2683 4066 2882 4142 ῥύακας
2930 4068 3168 4142 αἳματος
3225 4070 3302 4133 εἷς
3354 4079 3458 4148 γῆν
3524 4076 3616 4129 καὶ
3675 4074 3846 4131 πάλιν

2182 4157 2462 4229 ἀπέσταξε.
2511 4158 2588 4213 Τὰ
2665 4155 2711 4213 δ’
2752 4157 2842 4213 ἐπὶ
2889 4158 2994 4213 νεὼ
3061 4159 3158 4215 τοῦ
3218 4161 3482 4235 μεγίστου
3523 4159 3852 4238 ἠσεϐημένα

2185 4245 2310 4304 οὐδὲ
2387 4247 2576 4309 ἀκοαῖς
2635 4245 2768 4302 εἰσιν
2829 4244 3218 4322 εύπαράδεκτα.
3303 4251 3366 4305 Ἣ
3455 4253 3554 4326 μὲν
3637 4255 3848 4330 θυωρὸς

2182 4338 2444 4412 τράπεζα,
2473 4337 2536 4393 τὸ
2585 4334 2645 4391 ἐκ
2699 4340 2887 4392 πασῶν
2941 4335 3141 4410 τιμίων
3204 4336 3352 4394 ὑλῶν
3391 4341 3633 4416 σύνθεμα
3664 4365 3847 4400 συντε-

2179 4426 2464 4502 τηγμὲνων
2526 4426 2657 4500 πυρὶ
2715 4423 2808 4480 καί
2887 4433 3364 4505 περιχωρησασῶν
3427 4427 3713 4502 ἂλλήλαις
3769 4433 3846 4496 εἷς

2183 4516 2304 4580 ἑνὸς
2342 4512 2752 4590 ποικιλοχρόου
2790 4511 3035 4577 κάλλους
3092 4512 3432 4592 ὑπερϐολήν,
3481 4519 3716 4590 ἐξαισίου
3769 4526 3847 4594 τῷ

2185 4605 2303 4662 δντι
2338 4605 2428 4661 καὶ
2469 4603 2797 4680 ἆξιαγάστου
2855 4606 2984 4678 παρ’
3038 4598 3242 4669 ἔθνεσιν
3293 4605 3480 4676 ἅπασι,
3539 4629 3846 4684 κατετεμαο

2187 4695 2351 4772 χίσθη
2409 4693 2500 4750 καὶ
2559 4690 2875 4769 διεμερίσθη
2933 4697 3049 4755 τοῖς
3107 4691 3454 4765 αυλευταῖς,
3511 4695 3702 4774 ὣσπερ
3751 4708 3844 4760 καὶ

2177 4783 2420 4848 πλοῦτος
2453 4784 2592 4848 ἅπας
2618 4783 2646 4837 ὁ
2677 4782 2822 4857 ἱερὸς
2852 4783 2882 4837 ὁ
2927 4785 3186 4846 τοσοῦτος
3222 4782 3286 4839 τὸ
3343 4781 3563 4855 πλῆθος
3594 4788 3685 4842 καὶ
3739 4789 3846 4856 τὴν

2190 4873 2422 4950 ἀγλαΐαν
2469 4872 2790 4948 ἀπέραντος.
2848 4877 3054 4942 Δεῆσαν
3140 4869 3188 4927 δ’
3267 4871 3661 4948 ἐκκομισθῆναι
3714 4877 3846 4940 καθά

431 4966 570 5020 dum
601 4969 658 5020 et
713 4963 999 5020 lubricum
1039 4961 1226 5018 solum
1270 4962 1510 5044 pedibus
1571 4963 1838 5021 insistere
1870 4969 2078 5040 nequi-

2190 4984 2312 5020 τινα
2362 4961 2536 5019 σκῦλα
2585 4961 2656 5018 τὰ
2705 4968 2918 5038 παναγῆ
2979 4963 3143 5034 σκεύη
3199 4962 3290 5017 καὶ
3330 4959 3539 5020 ἔπιπλα
3595 4965 3661 5020 τὰ
3749 4969 3841 5035 τήν

427 5060 575 5121 rent,
604 5054 872 5126 prolapsa
901 5052 1404 5124 confodiebantur,
1437 5056 1502 5108 ut
1555 5051 1741 5111 effuso
1792 5071 1996 5114 cruore
2025 5063 2078 5115 et

2193 5054 2355 5129 χάριν
2413 5051 2507 5107 καὶ
2563 5051 2663 5119 τὴν
2692 5049 2895 5126 τεχνην
2923 5049 3118 5130 ἄμαχα
3155 5052 3245 5107 καὶ
3283 5053 3384 5120 τὴν
3417 5052 3559 5124 ὕλην
3621 5055 3838 5124 σπάνια,

424 5152 677 5201 stercore
698 5160 930 5201 sacrum
965 5142 1359 5216 pavimentum
1409 5141 1836 5214 irquinaretur.
1871 5145 1996 5203 lmo
2029 5150 2078 5204 et

2191 5139 2339 5197 ἀλλὰ
2371 5138 2438 5211 δὴ
2468 5139 2560 5196 καὶ
2587 5138 2650 5194 τὸ
2681 5135 2912 5214 δόκιμον
2967 5139 3225 5216 ἀργύριον
3255 5141 3285 5196 6'
3331 5142 3422 5197 τὸν
3455 5147 3558 5198 τοῦ
3591 5145 3666 5218 βτί
3676 5165 3840 5218 ματος

427 5233 770 5290 muliercula
819 5236 1104 5306 quadam,
1161 5235 1434 5304 cooperta
1483 5232 1760 5303 peccatis,
1813 5234 2079 5293 ministra

431 5321 750 5392 Furiarum,
773 5323 982 5378 ancilla
1009 5321 1363 5388 daemonum,
1413 5321 1877 5380 inoantationum
1919 5330 1976 5381 et
1993 5339 2084 5380 ve-

2193 5231 2416 5308 θριγκὸν
2448 5229 2538 5286 καὶ
2569 5228 2663 5284 τὸν
2686 5229 2806 5284 οἷον
2830 5225 3099 5302 ἐκπλῆξαι
3158 5225 3389 5304 ἅμόωνα
3446 5233 3562 5306 (57)
3615 5234 3708 5288 καὶ
3755 5234 3841 5298 τὰς

2192 5319 2372 5384 πύλας
2400 5321 2784 5394 περιήμπισχι
2811 5317 2900 5374 καὶ
2957 5316 3037 5381 εἰς
3067 5318 3436 5393 παμπόλλους
3481 5319 3697 5388 ἃλλους
3751 5323 3835 5382 κό-

1814 5449 1982 5514 Hier.
2015 5449 2226 5513 Wolﬁi
2258 5452 2447 5511 notas.

499 5581 614 5653 (57)
661 5573 917 5664 11ξᾼμόων,
963 5577 1110 5664 παρᾶ
1147 5577 1234 5664 εὑ,
1282 5574 1609 5662 ἀνοᾷαίνειν,
1675 5582 1789 5664 dici
1829 5584 2076 5664 videtur,

2187 5582 2420 5657 gradus,
2453 5581 2576 5657 sive
2605 5580 2846 5657 chorus,
2873 5583 2946 5657 ut
2967 5578 3566 5657 vulggappellantur,
3591 5587 3714 5644 sive
3742 5604 3830 5646 su-

429 5649 831 5723 locus'utiQue
861 5649 1055 5722 templi
1097 5649 1324 5723 editior,
1375 5651 1495 5708 sive
1541 5659 1910 5727 suggestum,
1955 5649 2079 5715 sive
2189 5649 2392 5729 perius
2421 5651 2853 5724 ambulacrum,
2884 5651 2974 5708 die
2993 5649 3338 5714 uofkirch'en.
