4072 6218
320 355 442 419 957

1448 350 1786 417 ALEXIUS
1832 350 2094 416 DUCAS
2135 352 2645 416 MURZUFLUS.

3618 355 3735 418 958

324 508 498 560 σμους
553 483 962 559 περιετέτηκτο,
1020 490 1211 561 χρυσῷ
1292 486 1751 562 περιτρεχόμενος
1815 483 1973 555 ἅπας,

2093 486 2427 542 neﬁciorum
2454 485 2709 552 officina,
2742 485 3284 543 Christoinsultans
3316 491 3374 544 et
3405 486 3460 543 in
3488 488 3738 560 patriar-

322 577 553 651 ἡμίονοί
581 598 639 631 τε
696 576 787 631 καὶ
852 575 1121 652 ὕποξύγια
1177 575 1478 651 σεσαγμὲνα
1513 572 1682 651 μέχρι
1712 579 1828 629 τῶν
1858 570 1991 628 ἀδύ-

316 688 427 722 των
488 666 770 740 εἰσήγοντο
811 664 909 719 τοῦ
959 665 1085 729 νεὼ,
1122 665 1195 718 ὧν
1241 661 1357 720 ’ἔνια
1388 661 1798 734 διωλισθηκότα
1856 660 1985 736 μηδ’

323 754 414 811 ἐπὶ
462 752 644 809 ποδῶν
693 761 887 824 στῆναι
944 750 1214 826 δυνάμενα
1271 750 1360 808 διά
1409 753 1507 820 τήν
1559 758 1666 807 τῶν
1715 749 1983 806 ἑπιπὲδων

322 843 494 907 λίθων
546 842 916 914 στιλπνότητα
977 840 1280 920 μαχαίραις
1336 840 1777 911 ὲξεκεντήθησαν,
1808 840 1883 902 ὡς
1929 838 1989 894 ἐκ

315 940 418 1003 τῆς
450 938 559 989 τῶν
592 929 859 1008 χολάδων
888 934 1097 1004 κόπρου
1146 931 1238 985 καὶ
1271 934 1368 986 τοῦ
1414 927 1785 1005 προχυθέντος
1814 929 1987 1002 αἳμα-

315 1045 413 1088 τος
464 1024 528 1078 τὸ
580 1025 722 1078 θεῖον
775 1020 1117 1096 μολυνθήναι
1178 1017 1430 1079 δάπεδον.
1464 1018 1642 1078 Ἀλλά
1681 1020 1771 1075 καὶ
1802 1040 1986 1096 γυναι-

322 1113 516 1190 κάριόν
560 1135 619 1169 τε
674 1109 1076 1187 σεσωρευμένον
1132 1112 1443 1188 ἁμαρτίαις,
1485 1110 1778 1186 Ἐριννύων
1824 1112 1987 1181 ζάκο-

323 1224 444 1280 ρον,
487 1199 765 1276 δαιμόνων
819 1199 1161 1277 πρόσπολον,
1222 1198 1477 1275 ἆῤῥήτων
1506 1220 1566 1257 τε
1595 1202 1863 1275 γοητειῶν
1894 1198 1985 1253 καὶ

323 1290 636 1368 ἑπιῤῥήτων
724 1288 950 1364 ἐπῳδῶν
1048 1288 1433 1367 ἑργαστήριον,
1517 1292 1983 1365 καταστρηνιᾶσαν

321 1378 582 1456 Χριστοῦ,
657 1378 746 1436 ἐπὶ
811 1383 910 1435 τοῦ
1004 1376 1296 1454 συνθρόνου
1365 1378 1557 1450 ἷζῆσαν
1622 1375 1986 1453 κεκλασμένον

326 1469 509 1548 ἀφῆκε
532 1468 720 1545 μέλος,
744 1470 831 1525 καὶ
862 1466 1140 1531 πολλάκις
1162 1465 1509 1544 περιδινηθὶν
1540 1468 1616 1529 εἰς
1648 1466 1883 1543 ὄρχησιν
1900 1465 1981 1523 τὼ

322 1559 462 1619 πόδε
485 1558 901 1636 παρενεσάλευε.
936 1557 1040 1616 Καὶ
1079 1557 1142 1613 οὖ
1170 1555 1339 1614 ταῦτα
1371 1558 1466 1631 μὶν
1494 1558 1756 1632 ἠνομεῖτο
1787 1555 1983 1624 οὕτως,

318 1648 472 1709 ἄλλα
514 1648 561 1705 δ’
610 1646 698 1721 οὔ,
744 1650 782 1721 ἢ
828 1647 1005 1703 ἐκεῖνα
1055 1648 1149 1721 μὶν
1201 1645 1289 1702 ἐπὶ
1338 1645 1529 1719 πλέον,
1562 1647 1638 1709 είς
1672 1645 1718 1702 δ’
1760 1640 1984 1702 ἔλαττον

316 1738 502 1816 ἕτερα,
527 1736 653 1795 ἀλλ’
677 1733 1030 1811 ὁμοθυμαδὸν
1057 1737 1234 1792 πάντα
1264 1736 1416 1811 παρᾶ
1445 1736 1657 1791 πάντων
1681 1736 1986 1811 ἀνωσιουρ-

320 1837 476 1907 γεῖτο
524 1832 612 1904 [Ρ.
643 1829 793 1919 369]Δ
818 1826 886 1882 τά
926 1826 1286 1919 παναθέμι-τα.
1338 1822 1561 1919 μάξω-δ’
1613 1823 1983 1919 ﬁttest—caveo
2014 1852 2061 1919 Β

315 1922 590 1996 γυναικῶν
623 1912 873 1972 εὖλαϐῶν
931 1916 1019 1970 καὶ
1080 1915 1283 1990 κορίων
1344 1911 1629 1990 ἐπίγᾶμων
1678 1913 1713 1983 ἢ
1762 1914 1871 1968 τῶν
1902 1917 1982 1987 τῷ

319 2013 441 2081 Θεῷ
488 2006 856 2079 ἀνακειμένων
906 2004 997 2060 καὶ
1043 2003 1387 2079 παρθενεύειν
1433 2001 1711 2077 ἑλομένων
1764 2004 1817 2057 οἱ
1846 2002 1983 2058 κατά

315 2102 432 2154 τῶν
473 2095 629 2152 θείων
690 2093 833 2149 οὕτω
891 2092 1275 2164 λυττήσαντες.
1336 2093 1458 2150 Ἐπὶ
1518 2096 1679 2147 πᾶσιν
1738 2089 1979 2168 ἐργῶδες

312 2194 386 2260 ἦν
419 2189 510 2244 καὶ
550 2185 904 2262 δυσμήχανον
938 2185 1000 2239 τὸ
1035 2184 1372 2258 μειλίξασθαι
1426 2182 1609 2246 λιταῖς
1657 2185 1694 2255 ἢ
1739 2181 1975 2239 ἐλεεινο-

312 2278 540 2356 λογίαις
583 2275 951 2353 ὑπαγαρέσθαι
1013 2274 1266 2328 ὁπωσοῦν
1323 2272 1413 2327 καὶ
1454 2269 1635 2327 εὔνουν
1695 2269 1877 2336 θέσθαι
1915 2272 1979 2327 τὸ

319 2363 624 2445 βάρϐαρον,
668 2363 814 2419 οὕτω
862 2364 957 2435 μὲν
1007 2360 1396 2437 εὐπαρόξυντον
1446 2357 1529 2431 ὄν,
1575 2360 1718 2416 οὕτω
1753 2358 1799 2416 δ’
1829 2359 1976 2435 ἐρευ-

312 2454 555 2531 ξέχολον
589 2448 827 2529 ἀκριϐῶς
860 2452 994 2523 πρὸς
1044 2455 1214 2506 πᾶσαν
1276 2450 1445 2522 ἀκοήν
1474 2447 1762 2521 ἀθὲλητον.
1798 2448 1980 2505 Πάντα

315 2544 365 2601 δ’
437 2544 676 2620 ἐκρίνετο
745 2546 920 2614 θυμοῦ
991 2537 1400 2614 ὑπεκκαύματα,
1465 2536 1743 2595 καῖἅνοιαν
1798 2536 1978 2615 ὠφλί-

313 2657 479 2691 σκανε
533 2633 622 2688 καὶ
682 2631 882 2707 γέλων.
942 2631 1046 2688 Καὶ
1100 2630 1174 2691 ὡς
1224 2630 1325 2698 τὴν
1371 2628 1622 2703 γλῶτταν
1656 2627 1978 2702 ἀταμίευτος

311 2724 713 2793 ἑπεπλήττετο,
744 2719 798 2775 ἐν
838 2717 1075 2779 πολλοῖς
1108 2715 1165 2773 δὲ
1203 2718 1293 2773 καὶ
1321 2718 1383 2773 τὸ
1414 2714 1793 2798 παραξιφίδιον
1828 2716 1976 2795 εἶχεν

304 2813 401 2869 ἐπ’
447 2812 606 2868 αὐτὸν
660 2811 949 2882 σπώμενον
982 2810 1010 2863 ὁ
1051 2808 1141 2864 καὶ
1202 2808 1396 2883 μικρὸν
1448 2808 1714 2863 ἀντειπὼν
1758 2808 1794 2877 ἢ
1837 2807 1974 2881 πρὸς

306 2902 387 2959 τὰ
418 2904 640 2975 θυμήρη
701 2899 879 2974 σφίσιν
938 2895 1331 2971 ἀναδυόμενος.
1389 2899 1546 2956 ’Όθεν
1605 2898 1672 2967 ἦν
1703 2896 1778 2959 εἰς
1811 2895 1974 2951 πόνον

309 2994 500 3047 ἅπασα
551 2988 786 3071 κεφαλὴ,
844 2986 900 3044 ἐν
957 3007 1255 3050 στενωποις
1313 2988 1499 3062 θρῆνοι
1556 2985 1647 3042 καὶ
1702 2984 1827 3041 οὐαὶ
1884 2985 1972 3040 καὶ

303 3081 615 3154 κλαυθμοὶ,
650 3079 701 3135 ἐν
734 3075 973 3151 τριόδοις
1034 3074 1293 3152 ὀδυρμοὶ,
1352 3076 1405 3132 ἐν
1456 3081 1605 3139 ναοῖς
1636 3076 1970 3157 ὀλοφυρμοὶ,

298 3169 524 3245 ἀνδρῶν
557 3167 823 3244 οἰμωγαί,
880 3172 1146 3245 γυναικῶν
1208 3165 1493 3242 ὀλολυγαὶ,
1553 3166 1847 3238 ἑλκυσμοὶ,
1880 3167 1970 3221 ἀν-

220 3276 223 3279 '
294 3257 701 3337 δραποδισμοὶ,
760 3254 1101 3330 διασπασμοί
1156 3276 1215 3311 τε
1264 3258 1353 3311 καὶ
1414 3257 1641 3332 βιασμοὶ
1695 3256 1965 3330 σωμάτων

294 3354 557 3427 συναιρῶν
613 3348 899 3423 πρότερον.
960 3345 1022 3400 Ol
1080 3350 1159 3417 τῷ
1212 3344 1355 3420 γένει
1408 3345 1597 3419 σεμνοῖ
1629 3346 1839 3419 ἀτίμως
1870 3367 1968 3402 πε-

301 3438 638 3515 ριῄεσαν,οἱ
698 3440 778 3508 τῷ
836 3437 982 3513 γήρᾳ
1035 3435 1253 3509 γεραροί
1313 3434 1521 3510 γοεροὶ,
1582 3435 1633 3489 οἱ
1707 3433 1966 3491 πλούσιοι

298 3528 575 3585 ἀνοῦσιοι.
637 3525 825 3586 Οὕτως
884 3524 939 3580 ἐν
1010 3523 1317 3595 πλατείαις,
1379 3524 1554 3586 οὕτως
1611 3522 1665 3579 ἐν
1720 3526 1966 3600 γωνίαις,

303 3616 491 3679 οὕτως
523 3616 575 3670 ἐν
606 3613 909 3689 τεμένεσιν,
964 3614 1137 3675 οὕτως
1195 3612 1246 3667 ἐν
1304 3610 1678 3669 καταδύσεσιν·
1712 3611 1838 3669 οὐδὲ
1865 3615 1965 3690 γάρ

303 3707 383 3776 ἦν
410 3727 493 3768 τις
522 3704 691 3769 τόπος
737 3703 1148 3778 ἀνεξερεύνητος
1194 3701 1230 3772 ἢ
1283 3700 1510 3758 ἀσυλίαν
1546 3708 1664 3767 τοῖς
1694 3724 1969 3780 προσρυο-

2095 576 2216 631 chen
2248 575 2393 631 solio
2426 576 2739 631 considens
2780 576 3033 631 fractum
3086 578 3378 633 canticum
3425 577 3655 645 cecinit,
3686 584 3741 633 et

2095 681 2248 736 saepe
2296 664 2353 719 in
2409 666 2609 719 orbem
2670 668 2857 720 rotata
2914 666 3165 720 saltavit.
3202 670 3395 736 Neque
3446 684 3578 722 vero
3620 666 3741 722 haec

2095 753 2581 823 admittebantur,
2634 752 2747 808 alia
2798 771 2911 808 non
2968 755 3593 823 admittebantur;aut
3624 757 3741 811 haec

2095 843 2423 911 remissius,
2485 843 2585 898 illa
2625 843 3068 900 vehementius:
3131 849 3228 900 sed
3284 862 3400 900 uno
3449 861 3740 902 consensu

2093 934 2293 989 omnia
2322 950 2558 989 summa
2589 934 2807 989 scelera
2838 939 2894 989 et
2922 934 3151 1005 piacula
3180 936 3455 991 omnibus
3488 952 3558 991 ex
3578 953 3739 1007 asquo

2095 1022 2295 1078 studio
2327 1028 2509 1079 erant.
2546 1029 2630 1078 An
2664 1040 2796 1079 vero
2827 1023 2905 1078 illi
2939 1025 3222 1079 matronis
3254 1025 3518 1081 honestis
3548 1030 3604 1081 et
3627 1043 3737 1081 nu-

2093 1112 2311 1169 bilibus
2356 1111 2563 1183 puellis
2596 1113 2832 1169 autDeo
2874 1114 3229 1169 consecratis
3279 1113 3605 1186 virginibus
3638 1132 3737 1188 pe-

2092 1202 2430 1275 percissent,
2491 1202 2592 1274 qui
2629 1206 2852 1259 tantam
2918 1204 2977 1258 in
3021 1204 3209 1274 ipsum
3265 1207 3445 1258 Deum
3515 1205 3735 1261 rabiem

2092 1291 2524 1348 exercuerunt?
2553 1290 2712 1347 Nihil
2742 1297 2936 1347 autem
2965 1296 3090 1347 erat
3112 1291 3415 1348 difficilius
3449 1297 3506 1348 et-
3536 1310 3741 1364 opero-

2092 1380 2217 1437 sius
2272 1396 2446 1453 quam
2486 1381 2757 1452 precibus
2790 1379 3017 1437 mollire
3065 1385 3122 1437 et
3152 1380 3464 1436 benevolos
3496 1382 3739 1439 reddere
3808 1400 3821 1409 '

2094 1470 2379 1526 Barbaros
2411 1469 2554 1525 adeo
2572 1469 2908 1537 iracundos,
2938 1470 3080 1525 adeo
3107 1469 3287 1526 bilem
3312 1475 3647 1527 evomentes
3662 1472 3735 1528 ad

2092 1558 2336 1631 quodvis
2367 1557 2656 1628 ingratum
2702 1558 2967 1625 verbum,
3026 1564 3090 1614 ut
3132 1558 3278 1615 nihil
3324 1576 3436 1615 non
3479 1561 3732 1617 furorem

2092 1664 2295 1704 eorum
2352 1647 2763 1705 inflammaret.
2827 1649 2978 1703 760
3037 1649 3200 1713 Quod
3248 1650 3350 1720 qui
3393 1650 3736 1723 conabatur,

2095 1745 2161 1796 ut
2190 1755 2396 1797 amens
2427 1747 2479 1795 et
2511 1740 2685 1796 homo
2718 1738 2932 1813 linguas
2960 1740 3402 1811 intemperantis
3429 1741 3734 1799 derideba-

2092 1832 2209 1885 tur.
2242 1829 2405 1903 Saepe
2450 1828 2629 1885 etiam
2690 1831 2866 1903 pugio
2916 1829 3316 1903 stringebatur
3365 1831 3423 1886 in
3469 1847 3599 1887 eum
3634 1833 3736 1903 qui

2092 1917 2396 1992 paululum
2430 1918 2833 1990 refragabatur
2859 1924 2960 1975 aut
2986 1920 3279 1992 postulata
3307 1937 3505 1976 eorum
3541 1921 3739 1978 detre-

2088 2009 2307 2064 ctabat.
2356 2010 2555 2080 Itaque
2601 2023 2771 2063 nemo
2802 2006 2997 2065 luctus
3026 2013 3151 2064 erat
3196 2026 3422 2081 expers.
3472 2010 3534 2065 In
3580 2010 3738 2083 angi-

2088 2097 2293 2167 portis,
2326 2096 2385 2152 in
2418 2095 2626 2166 triviis,
2661 2097 2719 2151 in
2744 2097 2978 2169 templis
3009 2098 3273 2170 querelas,
3312 2098 3738 2165 ﬂetus,lamen-

2088 2187 2363 2254 tationes,
2417 2186 2710 2259 planctus,
2782 2187 3038 2243 virorum
3087 2188 3364 2260 gemitus,
3420 2189 3731 2246 mulierum

2087 2275 2362 2346 eiulatus,
2412 2275 2822 2341 lacerationes,
2877 2285 3102 2347 stupra,
3152 2278 3541 2348 captivitates,
3581 2294 3728 2334 con-

2081 2363 2598 2434 junctissimorum
2644 2363 3023 2420 divulsiones.
3064 2363 3296 2420 Nobiles
3320 2382 3452 2421 cum
3480 2365 3734 2438 ignomi-

2086 2453 2205 2520 nia,
2263 2452 2335 2508 oh
2384 2462 2679 2509 senectam
2732 2453 3090 2508 venerabiles
3147 2451 3478 2525 lacrymosi,
3528 2454 3735 2510 divites

2086 2541 2322 2614 spoliati
2381 2543 2552 2599 bonis
2603 2543 3018 2600 circumibant.
3078 2542 3169 2598 Sic
3200 2544 3258 2599 in
3307 2544 3540 2617 plateis,
3570 2545 3735 2603 sicin

2084 2631 2343 2702 angulis,
2374 2631 2459 2687 sic
2490 2631 2545 2686 in
2581 2631 2838 2703 templis,
2883 2632 2967 2687 sic
3000 2631 3057 2687 in
3100 2631 3400 2704 speluncis
3426 2634 3732 2705 agebatur.

2082 2721 2198 2777 Nec
2227 2722 2383 2777 enim
2412 2722 2565 2777 ullus
2589 2719 2751 2777 locus
2785 2722 3129 2778 inexcussus
3165 2723 3607 2794 relinquebatur
3632 2728 3734 2779 aut

2082 2809 2381 2882 supplices
2423 2810 2789 2865 defendebat.
2828 2809 3038 2866 Omnia
3090 2811 3306 2883 ubique
3339 2811 3509 2867 malis
3536 2813 3727 2867 omni-

2083 2900 2191 2956 bus
2257 2900 2468 2956 referta
2490 2906 2675 2967 erant,
2715 2902 2863 2956 Deus
2896 2899 3315 2969 immortalem,
3362 2906 3579 2975 quanta
3612 2903 3724 2958 ho-

2082 2990 2304 3046 minum
2330 2989 2567 3046 afﬂictio
2597 2989 2858 3063 lquantaa
2880 2990 3163 3062 angustia;
3193 2991 3205 3046 !
3233 2991 3499 3048 fremitus
3526 2993 3729 3060 maris,

2080 3078 2222 3135 solis
2270 3080 2623 3151 obscuratio,
2674 3084 2918 3136 cruenta
2971 3079 3125 3135 lunas
3178 3080 3375 3148 facies,
3420 3080 3728 3139 stellarum

2078 3168 2446 3236 exorbitatio,
2504 3168 2598 3225 ubi
2631 3170 2717 3231 ,‘et'
2756 3169 3050 3242 quomodo
3100 3169 3221 3226 haec
3260 3169 3409 3225 mala
3453 3187 3728 3241 praenun-

2080 3259 2351 3315 tiarunt?
2380 3260 2691 3315 Enimvero
2724 3260 3223 3317 abominationem
3258 3261 3635 3317 dosolationis
3667 3262 3725 3317 in

2075 3347 2201 3405 loco
2249 3354 2451 3404 sancto
2500 3354 2654 3405 stare
2710 3349 2985 3419 vidimus,
3053 3350 3375 3407 meretricis
3427 3367 3731 3408 sermones

2076 3442 2329 3498 rotundo
2363 3458 2462 3497 ore
2502 3458 2604 3512 pro
2622 3442 2918 3508 ferentem,
2952 3446 3010 3497 et
3040 3446 3244 3499 caetera
3289 3444 3399 3498 etsi
3428 3460 3541 3499 non
3574 3443 3732 3515 peni-

2077 3534 2175 3586 tus
2210 3531 2354 3586 761
2421 3528 2659 3598 similia,
2691 3535 2886 3585 tamen
2948 3530 3007 3585 in
3039 3532 3391 3587 contrarium
3447 3548 3728 3587 conversa

2078 3618 2152 3675 iis
2174 3637 2301 3693 quas
2326 3620 2480 3692 apud
2521 3619 2881 3676 Christianos
2913 3619 3160 3678 honesta
3188 3625 3247 3675 et
3294 3619 3559 3692 religioni
3587 3635 3727 3676 con-

2082 3713 2358 3763 sentanea
2390 3706 2755 3779 judicantur.

297 3798 495 3871 μένοις
526 3792 929 3870 παρεχόμενος,
960 3790 1108 3848 ἀλλὰ
1136 3791 1307 3847 πάντα
1337 3797 1621 3868 πανταχοῦ
1660 3792 1872 3848 πάντων
1923 3798 2102 3849 κακῶν
2160 3789 2372 3867 ἔμπλεα
2432 3794 2521 3863 ἦν.
2564 3796 2767 3870 Χριστὶ
2821 3794 3046 3871 βασιλεῦ
3076 3802 3177 3865 τῆς
3210 3793 3331 3849 τότε
3361 3792 3602 3869 θλίψεως
3633 3795 3725 3849 καὶ

295 3893 409 3954 τῆς
442 3891 685 3959 συνοχῆς
713 3888 822 3939 τῶν
861 3882 1159 3956 ἀνθρώπων
1188 3883 1201 3939 ί
1235 3882 1263 3937 6
1296 3879 1343 3937 δ’
1372 3882 1516 3957 ἦχος
1568 3883 1596 3937 6
1642 3882 1955 3952 θαλάττιος,
2006 3884 2034 3938 6
2086 3882 2143 3938 δὲ
2187 3888 2284 3938 τοῦ
2332 3884 2499 3953 ἡλίου
2529 3885 2837 3958 σκοτασμός
2876 3884 2966 3939 καὶ
2996 3886 3030 3953 ἡ
3066 3885 3325 3963 ζόφωσις,
3357 3885 3391 3952 ἡ
3426 3880 3482 3938 δὲ
3510 3889 3613 3952 τῆς
3638 3905 3724 3939 σε·

302 3973 493 4045 λήνης
525 3974 600 4035 εἰς
633 3974 775 4045 αἷμα
807 3972 1176 4050 μεταστροφὴ,
1222 3971 1274 4025 οἱ
1305 3968 1362 4026 δὲ
1392 3976 1498 4027 τῶν
1531 3970 1768 4046 ἀστέρων
1799 3966 2028 4046 ἔξεδροι,
2061 3973 2170 4041 ὅπη
2203 3972 2294 4027 καὶ
2317 3973 2467 4035 ’ὁπως
2496 3973 2560 4027 οὐ
2587 3973 2652 4028 τὰ
2675 3971 2958 4028 τελευταῖα
2983 3970 3110 4027 τάδε
3139 3973 3274 4027 κατά
3303 3974 3720 4047 προεσήμηναν;

301 4064 501 4121 Καίτοι
533 4063 596 4118 τὸ
631 4060 915 4139 βδέλυγμα
952 4068 1051 4130 τῆς
1080 4060 1415 4135 ἐρημώσεως
1446 4061 1771 4134 τεθεάκαμεν
1827 4060 1992 4123 ἑστὼς
2051 4059 2103 4116 ἐν
2152 4062 2308 4133 τόπῳ
2365 4060 2500 4136 ἁγίῳ
2539 4062 2629 4116 καὶ
2660 4062 2894 4137 πορνικὰ
2926 4061 3311 4138 στρογγυλίζον
3348 4062 3596 4136 λογάρια,
3630 4062 3724 4116 καὶ

297 4152 494 4209 τάλλα
522 4153 619 4207 κᾶν
654 4155 730 4225 μή
764 4151 984 4218 ἐπίπαν,
1016 4147 1145 4205 ἀλλ’
1177 4149 1235 4205 ἐκ
1262 4153 1360 4205 τοῦ
1391 4146 1549 4219 δῆθεν
1611 4145 1917 4223 μεταϐάντα
1973 4151 2106 4224 πρὸς
2152 4150 2216 4206 τὸ
2266 4149 2638 4230 ἀντίστροςρον,
2670 4150 2769 4206 ὅσα
2814 4152 2960 4229 παρά
2988 4151 3405 4228 Χριστωνύμοις
3432 4151 3602 4226 σεμνὰ
3632 4151 3722 4207 καὶ

298 4243 402 4299 τὸν
429 4249 532 4311 τῆς
557 4240 787 4303 πίστεως
819 4238 987 4315 λόγον
1014 4239 1429 4313 ἐξευγενίςοντα.

380 4331 624 4399 Τοιαῦθ’,
656 4328 731 4391 ὡς
779 4327 840 4383 ἐκ
887 4326 1118 4383 πολλῶν
1171 4325 1381 4403 βραχέα
1411 4323 1599 4381 δοῦναι
1629 4331 1698 4401 τῇ
1727 4326 1963 4403 ἱστορίᾳ,

2147 4329 2276 4385 Htec
2303 4346 2488 4402 pauca
2519 4331 2589 4386 de
2619 4330 2825 4387 multis
2868 4330 3331 4387 Occidentalium
3359 4330 3719 4387 exercituum

299 4423 360 4478 οἰ.
392 4418 732 4493 ἐξἙσπέρας
792 4417 1011 4493 στρατοὶ
1065 4417 1202 4472 κατά
1256 4422 1359 4485 τῆς
1415 4418 1651 4491 Χριστοῦ
1690 4414 1965 4492 κληρονο-

2084 4420 2131 4474 in
2170 4418 2389 4475 Christi
2413 4420 2805 4476 hereditatem
2839 4420 3081 4489 scelera,
3115 4420 3215 4492 qui
3248 4436 3386 4493 erga
3417 4421 3714 4477 neminem

306 4510 440 4585 μίας
473 4509 951 4583 παρηνομήκασιν,
1013 4504 1094 4561 ἐπ’
1154 4502 1332 4559 οὐδενὶ
1362 4510 1472 4559 τῶν
1504 4501 1652 4559 ὅλων
1683 4505 1745 4559 τὸ
1777 4503 1965 4582 φιλάν-

302 4604 528 4673 θρωπον
603 4594 983 4669 ἐνδειξάμενοι,
1054 4592 1201 4649 ἀλλα
1264 4594 1466 4656 πάντας
1534 4593 1967 4664 ἀποξενώσαντες

305 4687 619 4764 χρημάτων
648 4686 738 4740 καὶ
780 4682 1097 4757 κτημάτων,
1149 4682 1469 4756 οἰκημάτων
1508 4703 1565 4738 τε
1604 4682 1691 4737 καὶ
1725 4681 1965 4756 ἐσθημά-

297 4800 435 4847 των,
511 4775 602 4831 καῖ
682 4772 915 4848 μηδενὸς
985 4776 1094 4828 τῶν
1167 4773 1381 4829 πάντων
1464 4768 1781 4847 μεταδόντες
1854 4778 1965 4835 τοῖς

293 4863 517 4943 ἔχουσι,
564 4871 733 4921 ταῦτα
790 4866 819 4919 6
869 4861 1115 4939 χαλκοῦς
1156 4861 1361 4938 αὐχὴν,
1408 4865 1444 4933 ἠ
1487 4861 1702 4933 ἀλαζὼν
1733 4864 1894 4943 φρὴν,
1926 4864 1962 4934 ἠ

299 4958 441 5033 ὁρθὴ
503 4956 696 5031 ὀφρῦς,
728 4955 762 5023 ἡ
795 4952 878 5008 ἀεὶ
935 4953 1172 5027 ξυριῶσα
1227 4953 1316 5007 καὶ
1372 4952 1822 5026 νεανισκευομὲνη
1857 4974 1961 5009 πα·-

306 5045 508 5121 ρειά,ἡ
536 5041 870 5121 φιλαίματος
911 5037 1075 5113 δεξιὰ,
1123 5041 1157 5109 ἡ
1208 5041 1521 5118 ἀκράχολος
1564 5041 1670 5117 ῥὶν,
1704 5043 1731 5097 6
1760 5043 1960 5115 μετέω-

309 5157 405 5209 ρος
474 5130 781 5211 ὀφθαλμὸς,
848 5132 883 5199 ἡ
953 5128 1233 5201 ἄπληστος
1298 5132 1514 5207 γνάθος,
1591 5131 1625 5200 ἠ
1695 5128 1961 5209 ἅστοργος

303 5224 527 5302 γνώμη,
577 5223 612 5290 ἡ
664 5220 802 5292 τορὴ
860 5217 949 5273 καὶ
1005 5217 1260 5294 τροχαλή
1314 5218 1484 5276 λαλιὰ
1536 5219 1628 5274 καὶ
1664 5221 1829 5293 μόνον
1862 5219 1961 5275 οὐκ

304 5310 691 5388 ἐπορχουμὲνη
750 5311 867 5369 τοῖς
922 5306 1158 5382 χείλεσι,
1215 5305 1428 5381 μᾶλλον
1462 5306 1519 5363 δὲ
1565 5308 1616 5363 οἱ
1676 5309 1802 5382 παρ’
1833 5308 1961 5361 ἔσυ-

295 5407 417 5464 τοῖς
449 5398 813 5472 ἐπιστήμονες
871 5395 957 5452 καὶ
1006 5396 1185 5474 σοφοὶ,
1234 5397 1286 5451 oi
1340 5394 1557 5473 εὔορκοι
1585 5397 1672 5451 καὶ
1707 5393 1958 5470 φιλαλή-

300 5504 414 5556 θεις
457 5489 548 5543 καὶ
597 5485 965 5563 μισοπόνηροι
1021 5485 1112 5539 καὶ
1168 5489 1279 5540 τῶν
1347 5485 1587 5558 Γραικῶν
1619 5487 1781 5557 ἡμῶν
1814 5483 1958 5539 εὐσε-

300 5575 550 5654 ϐὲστεροί
581 5596 639 5633 τε
682 5574 769 5631 καὶ
812 5571 1144 5647 δικαιότεροι
1197 5572 1287 5629 καὶ
1328 5578 1436 5631 τῶν
1494 5576 1739 5649 Χριστοῦ
1771 5570 1958 5629 διατα-

299 5668 530 5749 γμάτων
589 5664 829 5751 φύλακες
883 5659 1281 5745 ἀκριϐέστεροι,
1330 5663 1393 5720 τὸ
1433 5661 1492 5721 δὲ
1536 5662 1730 5738 πλέον,
1763 5664 1815 5720 οἱ
1861 5667 1959 5721 τὸν

2074 4508 2441 4565 humanitate
2492 4509 2582 4565 usi
2637 4526 2839 4566 omnes
2907 4510 3174 4582 pecunia,
3227 4510 3721 4581 possessionibus,

2076 4598 2457 4665 vestimentis,
2491 4599 2600 4655 aris
2624 4603 2681 4655 et
2725 4598 2867 4656 locis
2906 4599 3253 4671 spoliarunt,
3286 4615 3390 4656 nec
3422 4615 3715 4672 possesso~

2076 4687 2240 4743 ribus
2272 4688 2595 4760 quidquam
2651 4689 3080 4759 impertierunt,
3129 4688 3337 4745 litteris
3383 4690 3722 4746 mandanda

2076 4792 2198 4833 esse
2246 4778 2466 4834 censui.
2536 4777 2797 4835 Haecine
2841 4777 3057 4834 collum
3141 4794 3379 4849 ereum,
3431 4778 3719 4852 superbus

2076 4867 2329 4933 animus,
2383 4875 2674 4925 arrectum
2753 4867 3160 4940 supercilium,
3208 4868 3538 4939 juveniliter
3596 4883 3723 4922 rasa

2076 4956 2332 5023 maxilla,
2368 4956 2745 5028 sanguinaria
2793 4958 3013 5023 dextra,
3050 4958 3335 5014 iracundae
3378 4972 3567 5021 nares,
3600 4954 3720 5010 ela-

2074 5050 2170 5101 tus
2192 5045 2418 5113 oculus,
2468 5046 2857 5101 inhumanum
2890 5047 3217 5119 ingenium,
3264 5046 3514 5100 rotunda
3546 5048 3602 5097 et
3632 5043 3716 5095 in-

2074 5136 2249 5191 citata
2289 5135 2522 5207 loquela
2572 5152 2637 5191 ac
2670 5140 2897 5190 tantum
2949 5152 3065 5189 non
3116 5135 3339 5189 saltans
3393 5134 3451 5187 in
3490 5130 3662 5186 labiis
3691 5131 3719 5185 ?

2073 5224 2189 5279 imo
2212 5225 2425 5296 potius,
2459 5240 2557 5280 vos
2577 5224 2677 5296 qui
2705 5228 2895 5278 vestra
2913 5223 3187 5294 opinione
3204 5223 3377 5288 docti,
3399 5220 3717 5293 sapientes,

2073 5310 2295 5380 ﬁdeles,
2326 5327 2580 5382 veraces,
2627 5311 2808 5383 probi,
2850 5312 3019 5366 nobis
3063 5310 3280 5367 Graecis
3329 5309 3716 5378 religiosiores

2068 5401 2347 5472 iustiores
2399 5404 2455 5454 et
2506 5404 2919 5470 praceptorum
2982 5399 3197 5455 Christi
3250 5397 3717 5455 observantiores

2072 5488 2212 5544 estis
2270 5487 2395 5559 (ego
2455 5503 2586 5543 vero
2619 5487 2739 5541 haec
2791 5474 3097 5558 nunquam
3141 5505 3241 5560 per
3289 5487 3609 5543 ludibrium
3654 5490 3713 5542 et

2065 5580 2265 5650 jocum
2298 5576 2543 5632 dixerim
2580 5593 2592 5633 :
2646 5592 2780 5632 nam
2814 5578 2968 5650 quod
3016 5577 3129 5632 luci
3172 5594 3304 5633 cum
3335 5577 3593 5634 tenebris
3625 5580 3715 5633 est

2071 5666 2554 5742 commercium?)
2609 5671 2666 5725 et
2714 5668 2864 5741 quod
2930 5668 3121 5741 majus
3180 5673 3288 5736 est,
3331 5667 3432 5741 qui
3478 5682 3711 5725 crucem
