4072 6218
352 336 472 447 9εᾲ

1669 383 1975 445 ΝΙΟΕΤΑΞ
2017 381 2434 445 CHONIATIE

3645 383 3784 447 960

353 517 566 574 Christi
607 517 663 572 in
723 515 1002 572 humeros
1061 515 1393 572 sustulistis
1427 533 1671 588 eamque
1721 517 1993 572 etdivina

2111 516 2334 589 σταυρὸν
2365 514 2445 571 ἐπ’
2473 513 2638 589 ὤμων
2695 513 2978 591 ἀράμενοι,
3019 513 3110 571 καὶ
3175 512 3450 580 πολλάκις
3481 516 3624 572 κατὰ
3651 515 3790 572 τοῦ-

357 607 593 664 oracula
625 623 774 676 saepe
807 605 1000 660 testati
1051 606 1192 660 estis
1234 622 1332 661 vos
1376 606 1733 661 Christianas
1773 607 2003 677 provin-

355 698 476 752 cias
509 701 652 751 citra
676 697 1026 767 sanguinem
1055 695 1431 761 transituros,
1464 711 1565 750 nec
1597 697 1662 751 ad
1705 696 2002 752 dexteram

361 804 467 843 nec
493 787 558 840 ad
590 787 790 841 laevam
838 785 1222 853 declinantes,
1258 787 1357 840 sed
1413 791 1614 840 contra
1655 786 2004 843 Sarracenos

358 893 616 931 armasse
650 892 880 943 manus,
913 891 1233 946 eorumque
1266 876 1558 946 sanguine
1594 877 1742 932 σθαι
1784 878 2000 931 tinctu-

360 983 455 1021 ros
487 983 615 1021 esse
645 965 888 1036 gladios,
921 966 1018 1034 qui
1053 965 1453 1037 Hierosolyma
1485 968 1882 1037 expugnastis,
1907 967 2004 1038 qui

357 1075 461 1114 vos
492 1056 914 1113 consuetudine
939 1061 994 1110 et
1043 1054 1330 1125 colloquio
1381 1053 1691 1110 mulierum
1725 1061 2005 1126 tempera-

361 1152 526 1202 turos
595 1147 968 1218 promisistis,
1036 1145 1294 1214 quandiu
1354 1160 1584 1198 crucem
1635 1145 1691 1199 in
1751 1145 2007 1201 humeris

364 1239 639 1307 tuleritis,
674 1243 738 1292 ut
768 1243 880 1292 Deo
931 1240 1298 1291 consecratos
1340 1235 1634 1290 viatores?
1683 1235 2006 1306 Nugatores

363 1346 462 1385 eos
495 1344 623 1383 esse
674 1327 841 1399 plane
875 1330 1102 1381 constat
1149 1324 1270 1396 qui,
1325 1326 1466 1378 dum
1518 1325 1780 1378 divinum
1817 1323 2006 1394 sepul-

363 1434 525 1472 crum
558 1416 876 1481 vindicant,
935 1415 1240 1469 manifeste
1285 1419 1487 1468 contra
1528 1414 1816 1468 Christum
1849 1412 2004 1468 insa-

366 1508 618 1572 nierunt,
670 1510 725 1560 et
773 1522 904 1559 cum
952 1520 1120 1559 cruce
1171 1519 1397 1558 crucem
1450 1503 1738 1558 violarunt
1795 1507 1852 1558 et
1905 1503 2006 1557 de-

366 1599 727 1662 struxerunt,
774 1609 946 1664 quam
987 1592 1241 1646 humeris
1291 1590 1651 1661 bajulabant,
1695 1592 1835 1645 dum
1877 1607 2004 1646 eam

365 1685 556 1753 exigui
589 1683 715 1738 auri
746 1688 802 1737 et
834 1682 1056 1752 argenti
1103 1697 1281 1735 causa
1313 1688 1442 1736 ante
1483 1681 1655 1751 pedes
1688 1680 2002 1749 abjiciunt;

364 1781 418 1827 et
440 1773 580 1827 dum
608 1771 950 1842 margaritas
974 1769 1279 1840 colligunt,
1303 1769 1614 1840 pretiosam
1632 1770 2007 1840 margaritam

2109 627 2205 659 του
2235 605 2324 660 καὶ
2359 611 2460 660 τῶν
2496 605 2652 661 Θείων
2695 604 2904 684 λογίων
2951 605 3357 681 ἐπομοσάμενοι
3391 611 3474 682 [Ρ.
3512 608 3642 681 370]
3677 609 3786 669 τας

2115 696 2210 768 μὶν
2241 699 2348 750 τῶν
2383 697 2783 774 χριστωνύμων
2809 698 2997 772 χώρας
3028 695 3317 770 παρελθεῖν
3350 697 3648 770 ἀναιμωτὶ,
3687 700 3773 770 μὴ

2111 785 2532 858 προσνεύσαντες
2634 787 2887 860 ἀριστερα
2974 785 3100 859 μηδ’
3179 787 3520 848 ἐκκλίναντες
3599 785 3779 856 δεξιά,

2110 873 2245 927 κατὰ
2274 871 2329 928 δὲ
2363 875 2728 948 Σαρῥακηνῶν
2758 873 2982 929 ὁπλίσαι
3024 877 3120 936 τὰς
3166 881 3357 950 χεῖρας
3416 878 3503 930 καὶ
3537 876 3606 930 τὰ
3640 876 3776 952 ξίφη

2111 968 2476 1042 πορφυρῶσαι
2532 969 2649 1024 τοῖς
2708 963 2927 1036 αἶ’μασιν
2985 963 3039 1018 οἵ
3097 967 3195 1033 τήν
3255 963 3629 1039 Ἰερουσαλήμ
3689 963 3780 1034 ἐξ-

2112 1053 2441 1127 επόρθησαν,
2478 1051 2610 1124 μηδ’
2658 1051 3001 1128 ἀνδρίσασοαι
3043 1056 3278 1130 γυναιξὶν
3311 1054 3345 1124 ἢ
3378 1057 3496 1108 καθ’
3538 1054 3776 1127 ὁμιλίαν

2111 1141 2296 1203 αὐταῖς
2351 1142 2622 1207 συνελθεῖν
2682 1142 2760 1215 ἐφ’
2809 1145 2939 1198 ’ὀσον
3000 1144 3057 1198 ἂν
3127 1145 3323 1219 χρόνον
3381 1145 3470 1199 τὸν
3536 1145 3782 1217 σταυρὸν

2114 1229 2428 1304 ἐπωμάδιον
2483 1234 2742 1311 φέρωσιν,
2817 1234 2891 1295 ὡς
2973 1234 3289 1308 ἡγνισμένοι
3346 1239 3460 1306 Θεῷ
3515 1235 3611 1288 καὶ
3671 1236 3778 1302 τήν

2113 1322 2280 1376 αὐτοῦ
2348 1322 2569 1397 πορείαν
2631 1321 3008 1396 στελλόμενοι.
3063 1325 3268 1384 Ὄντως
3327 1323 3627 1397 λογοποιοὶ
3700 1323 3784 1391 ἐξ·

2112 1411 2435 1490 εφάνθησαν,
2486 1410 2708 1466 καὶτοῦ
2759 1413 2904 1475 θείου
2951 1413 3114 1490 τέφου
3174 1410 3428 1490 διφῶντες
3479 1410 3776 1482 ἐκδίκησιν

2112 1501 2248 1555 κατᾶ
2279 1500 2513 1574 Χριστοῦ
2568 1497 2866 1574 προδήλως
2930 1499 3252 1570 ἐλύττησαν,
3312 1503 3399 1555 καὶ
3437 1504 3573 1573 μετὰ
3602 1523 3781 1555 σταυ-

2120 1594 2217 1664 ροῦ
2246 1590 2344 1656 τὴν
2395 1593 2492 1644 τοῦ
2539 1593 2771 1663 σταυροῦ
2823 1588 3118 1645 κατάλυσιν
3172 1591 3536 1663 ἠνομήκασιν,
3571 1591 3632 1645 ὅν
3665 1591 3788 1645 ἔπι-

2114 1680 2310 1733 νώτιον
2343 1673 2553 1754 ἔφερον,
2612 1683 2803 1732 τοῦτον
2863 1680 2970 1751 πρὸ
3027 1676 3211 1733 ποδῶν
3255 1681 3457 1743 τιθέναι
3511 1680 3588 1752 μή
3629 1681 3788 1756 φρίτ-

2114 1789 2295 1831 τοντες
2328 1766 2416 1821 διὰ
2461 1765 2688 1842 χρυσίον
2747 1766 2926 1842 βραχὺ
2975 1768 3063 1822 καὶ
3115 1767 3399 1844 ἆγγύριον.
3432 1770 3538 1825 Καὶ
3574 1791 3788 1845 μαργα-

362 1861 655 1918 Cliristum
707 1861 1066 1930 abjecerunt,
1128 1859 1184 1912 in
1235 1858 1658 1912 sordidissimis
1699 1857 1904 1912 bestiis
1946 1874 1997 1913 re

2117 1857 2266 1932 ρίτας
2323 1855 2804 1930 ἐγκολπιζόμενοι,
2874 1858 2964 1911 τὸν
3048 1855 3356 1930 πολύτιμον
3429 1860 3788 1934 μαργαρίτην

356 1950 726 2005 sanctissima
762 1948 1048 2019 dispersa.
1102 1947 1225 2004 Non
1252 1947 1330 2000 ita
1363 1947 1622 2001 fecerunt
1657 1946 2001 2002 Ismaelitm:

361 2040 458 2094 sed
495 2039 800 2108 populares
835 2037 1076 2090 istorum
1122 2034 1580 2090 clementissime
1613 2044 1664 2089 et
1699 2034 2004 2089 humanis-

357 2129 505 2182 sime
531 2132 874 2190 tractarunt,
931 2124 1090 2195 potiti
1136 2123 1571 2194 Hierosolymis.
1625 2123 1821 2194 Neque
1847 2125 2001 2178 enim

354 2218 581 2273 Latinas
632 2224 924 2271 matronas
969 2213 1279 2283 violarunt,
1334 2230 1523 2284 neque
1564 2213 1775 2269 Christi
1803 2213 2000 2286 sepul-

357 2324 520 2364 crum
555 2307 936 2364 cadaveribus
989 2304 1408 2375 oppleverant;
1453 2319 1638 2374 neque
1671 2304 2000 2374 ingressum

355 2396 548 2452 vitalis
581 2396 790 2451 tutnuli
831 2397 1175 2449 descensum
1209 2394 1277 2447 ad
1328 2393 1569 2461 inferos,
1602 2409 1791 2464 neque
1825 2393 1999 2449 vitam

361 2491 628 2551 mortem,
660 2501 845 2552 neque
886 2483 1368 2539 resurrectionem
1397 2483 1630 2537 ruinam
1661 2482 1997 2548 eﬂecerunt,

359 2578 458 2632 sed
496 2575 697 2647 paucis
732 2574 924 2628 aureis
956 2575 1013 2628 in
1045 2572 1281 2644 singula
1312 2574 1502 2642 capita
1533 2570 1788 2627 contenti
1819 2571 2002 2626 omni-

359 2667 464 2722 bus
569 2666 810 2720 liberum
919 2663 1222 2718 arbitrium
1304 2661 1713 2731 permiserunt,
1798 2664 2002 2716 caetera

359 2754 732 2827 quantumvis
784 2752 967 2808 multa
1027 2751 1462 2823 possessoribus
1519 2765 1869 2806 concessere.
1932 2754 2001 2804 Et

354 2844 461 2899 hoc
496 2843 666 2898 modo
696 2841 913 2898 Christi
949 2844 1382 2911 oppugnatores
1404 2853 1537 2893 cum
1583 2838 1799 2893 Latinis
1821 2837 1994 2892 aliam

356 2932 695 3004 religionem
761 2928 1172 3001 proﬁtentibus
1229 2934 1509 2998 egerunt;
1569 2930 1625 2980 et
1682 2932 1745 2981 ut
1784 2941 1996 2997 magno

357 3022 552 3076 animo
599 3021 842 3091 dignum
878 3027 983 3087 est,
1036 3035 1138 3072 nec
1175 3017 1343 3081 ferro,
1381 3031 1482 3070 nec
1514 3015 1652 3084 igni,
1679 3031 1783 3070 nec
1828 3015 2000 3082 fame,

361 3111 510 3164 763
559 3125 661 3163 nec
711 3107 1129 3177 persecutione,
1186 3121 1291 3160 nec
1323 3104 1585 3159 nuditate
1642 3104 1701 3160 in
1735 3120 1834 3159 eos
1865 3111 1999 3158 sunt

2116 1945 2347 2020 Χριστὸν
2404 1947 2724 2016 ἡθετήκασι,
2805 1951 2922 2007 τοῖς
2997 1944 3370 2021 ἐναγεστάτοις
3435 1953 3544 2001 τῶν
3617 1950 3785 2017 ζώων

2113 2036 2206 2090 τὸν
2237 2034 2638 2111 παναγέστατον
2674 2033 3099 2109 διασπείραντες.
3134 2037 3201 2092 Οἱ
3236 2033 3280 2089 δ’
3323 2035 3373 2106 ἐξ
3407 2037 3646 2109 Ἰσμαηλ
3681 2038 3794 2113 οὐχ

2115 2125 2312 2194 οὕτως,
2349 2124 2433 2179 ὅτι
2469 2126 2544 2197 μὴ
2578 2124 2666 2178 καὶ
2721 2125 2858 2178 πάνυ
2891 2123 3292 2202 φιλανθρώπως
3344 2131 3436 2180 καὶ
3488 2132 3795 2200 προσηνῶς

2111 2220 2228 2275 τοῖς
2262 2213 2321 2269 ἐκ
2352 2219 2448 2268 τοῦ
2503 2215 2692 2288 γὲνους
2752 2214 2929 2268 αὐτῶν
2986 2215 3471 2290 προσηνέχθησαν,
3505 2223 3604 2284 τῆς
3636 2220 3790 2270 Σιὼν

2111 2304 2558 2379 κατιοχ·3σαντες.
2617 2301 2756 2360 Οὔτε
2803 2304 2906 2377 γὰρ
2959 2305 3169 2379 γυναιξὶ
3225 2305 3504 2359 Λατινίσιν
3556 2305 3791 2381 ἐπεχρε-

2115 2394 2359 2466 μὲτισαν,
2394 2393 2517 2448 οὗτε
2559 2393 2622 2447 τὸ
2669 2396 2913 2468 Χριστοῦ
2972 2396 3227 2466 κενήριον
3283 2392 3658 2468 πολυάνδριον
3692 2416 3796 2449 πε-

2112 2483 2317 2538 σόντων
2347 2478 2572 2553 ἔδειξαν,
2607 2479 2738 2537 οὐδὲ
2801 2479 3031 2546 κάθοδον
3091 2481 3144 2544 ἒς
3205 2481 3333 2554 ᾇδου
3377 2486 3480 2552 τήν
3511 2486 3652 2558 πρὸς
3687 2487 3790 2540 τὸν

2114 2571 2402 2648 ζωηφόρον
2463 2571 2630 2648 τάφον
2687 2568 2916 2638 εἷ’σοδον,
2979 2570 3104 2626 οὐδὲ
3162 2570 3383 2626 θάνατον
3443 2574 3543 2639 τὴν
3597 2575 3783 2644 ζωῆν,

3463 2658 3506 2678 ἣν

2111 2655 2236 2713 οὐδὲ
2289 2664 2492 2713 πτῶσιν
2552 2660 2650 2727 τὴν
2707 2658 3019 2728 ἀνάστασιν,
3080 2660 3388 2731 ἁπαξάπασι
3460 2658 3506 2714 δ’
3566 2660 3786 2722 ἀνέντες

2107 2749 2205 2817 τὴν
2243 2743 2423 2818 ἔξοδον
2483 2749 2762 2824 χρυσίνοις
2823 2751 3042 2823 ἀριθμῷ
3095 2751 3215 2804 κατ’
3276 2748 3445 2824 ἄνδρα
3507 2751 3778 2828 βραχέσιν

2109 2837 2378 2916 ἀφώριξον
2437 2839 2504 2892 τὰ
2563 2838 2828 2914 ζωάγρια,
2885 2839 2951 2892 τὰ
3004 2838 3172 2894 λοιπὰ
3229 2845 3346 2901 τοῖς
3404 2839 3781 2912 κεκτημένοις

2108 2929 2388 3000 παρέντες,
2421 2924 2515 2980 κᾶν
2572 2929 2786 3001 ψάμμῳ
2842 2927 2975 2995 ἦσαν
3035 2945 3339 3002 παρομοια.
3391 2928 3500 2983 Καὶ
3531 2929 3777 2984 τοιῶσδε

2114 3018 2218 3090 μὶν·
2239 3018 2300 3071 τὸ
2332 3017 2720 3092 Χριστομάχον
2750 3022 2865 3077 τοῖς
2915 3016 3274 3080 ἀλλοπίστοις
3308 3019 3561 3080 Λατίνοις
3595 3019 3774 3095 ἐχρή-

2111 3127 2263 3175 σατο,
2299 3108 2374 3179 μὴ
2407 3106 2575 3182 ξίφος,
2615 3109 2689 3178 μὴ
2723 3111 2849 3182 πῦρ,
2906 3108 2982 3180 μὴ
3041 3104 3231 3180 λιμὸν⁹
3267 3109 3341 3179 μή
3376 3106 3658 3184 διωγμὸν,
3698 3112 3776 3182 μὴ

354 3200 626 3272 grassati,
662 3197 822 3253 nullo
856 3195 1115 3266 graviore
1150 3212 1322 3251 onere
1359 3194 1646 3265 imposito.
1680 3194 1996 3250 Nobiscum

2109 3196 2447 3270 γυμνότητα,
2513 3197 2589 3268 μὴ
2651 3195 3052 3269 συντρίμματα,
3125 3198 3199 3268 μὴ
3269 3197 3544 3268 πιέσματα
3617 3220 3785 3273 μεγα-

354 3294 548 3343 autetn
599 3288 694 3342 isti
745 3285 960 3340 Christi
1016 3291 1302 3352 amantes,
1353 3284 1616 3353 ejusdem
1674 3283 1994 3356 religionis,

353 3377 509 3432 nulla
579 3374 797 3446 injuria
855 3374 1128 3443 lacessiti,
1189 3373 1272 3428 sic
1329 3378 1573 3445 egerunt
1627 3378 1690 3429 ut
1750 3372 1998 3429 breviter

350 3463 767 3537 percurrimus.
839 3490 841 3492 -

423 3647 475 3700 5.
511 3645 553 3699 Ο
579 3642 733 3710 urbs,
761 3641 1159 3708 urbs,urbium
1191 3641 1455 3697 omnium
1475 3640 1655 3704 ocule,
1672 3656 1772 3712 per
1795 3640 1994 3695 orbem

351 3741 638 3790 terrarum
673 3731 939 3801 celebris,
999 3729 1402 3802 spectaculum
1452 3729 1995 3797 ultramundanum,

353 3824 738 3878 E-rclesiarum
774 3822 974 3887 Mater,
1012 3821 1280 3892 princeps
1314 3818 1627 3890 religionis,
1665 3822 1832 3872 rectm
1863 3834 1993 3872 sen-

351 3915 539 3970 tentiae
574 3914 708 3980 dux,
741 3911 1089 3968 eruditionis
1130 3911 1394 3974 alumna,
1443 3907 1634 3964 omnis
1669 3907 1997 3978 pulchritu-

351 4005 507 4059 dinis
538 4003 940 4070 diversorium,
971 4006 1126 4058 itane
1176 4017 1241 4055 ex
1283 4015 1456 4054 manu
1491 3998 1722 4052 Domini
1754 3997 1995 4052 calicem

352 4095 560 4148 furoris
622 4091 862 4149 bibisti?
918 4092 1074 4144 itane
1106 4107 1240 4159 pars
1296 4088 1569 4143 exstitisti
1620 4087 1771 4156 ignis
1815 4087 1995 4141 multo

349 4182 798 4238 vehementioris
854 4197 920 4234 eo
965 4197 1076 4250 quo
1136 4179 1273 4233 olim
1338 4175 1667 4244 Psntapolis
1713 4174 1994 4230 divinitus

351 4271 782 4341 conﬂagravit?
821 4270 1121 4334 Quodnam
1148 4267 1252 4321 tibi
1285 4266 1538 4320 tribuam
1572 4263 1872 4334 elogium?
1901 4264 1992 4319 cui

352 4368 407 4415 te
439 4376 771 4431 comparem
799 4358 826 4412 ?
849 4376 919 4413 an
956 4356 1234 4428 populum
1266 4354 1632 4410 contritionis
1654 4357 1762 4406 tute
1789 4351 1992 4422 ampli-

352 4451 585 4505 ﬁcatam
647 4464 797 4515 esse,
854 4453 918 4501 ut
978 4450 1336 4516 lacrymosus
1411 4442 1693 4497 Jeremias
1743 4445 1992 4497 veterem

353 4538 587 4592 Sionem
619 4536 929 4608 deplorans
965 4534 1088 4588 ait?
1117 4533 1219 4597 Qui
1254 4530 1390 4585 mali
1431 4529 1580 4600 genii
1615 4530 1683 4584 ad
1725 4529 1986 4585 cribran-

349 4636 484 4689 dum
509 4633 946 4704 efflagitarunt?
996 4632 1096 4702 qui
1127 4632 1426 4697 alastores,
1475 4627 1657 4682 invidi
1693 4632 1749 4682 et
1780 4627 1988 4696 impla-

349 4724 566 4778 cabiles
600 4724 912 4786 daemones,
947 4719 1247 4775 ebrietatis
1281 4719 1338 4772 in
1371 4722 1425 4772 te
1459 4733 1570 4771 suae
1613 4716 1991 4786 intemperiae

353 4813 728 4868 effuderunt?
776 4814 872 4883 qui
906 4811 1099 4866 infesti
1133 4816 1190 4864 et
1231 4809 1420 4864 insani
1463 4807 1618 4878 proci
1663 4808 1988 4862 thalamum

356 4903 458 4958 tibi
511 4920 623 4957 non
675 4902 1117 4966 concinnarunt,
1163 4913 1267 4953 nec
1300 4898 1478 4952 facem
1529 4896 1845 4968 nuptialem
1888 4897 1987 4953 sed

352 4994 632 5048 carbones
649 4991 907 5046 exitiales
934 4987 1369 5043 incenderunt?
1391 4989 1435 5040 Ο
1459 4985 1703 5040 fecunda
1718 4986 1991 5056 genitrix,

351 5083 521 5155 bysso
547 5088 603 5138 et
631 5097 883 5155 purpura
917 5075 1292 5149 imperatoria
1321 5076 1533 5130 amicta
1565 5074 1991 5146 pridem,modo

348 5173 577 5227 sordida
609 5177 664 5226 et
695 5169 978 5240 squalida,
1017 5172 1072 5223 et
1103 5163 1393 5238 germanis
1437 5163 1640 5218 orbata
1671 5162 1869 5218 liberis
1903 5163 1915 5218 ι
1950 5167 1994 5218 0

350 5264 562 5329 pridem
598 5263 653 5314 in
679 5260 795 5314 alto
827 5258 968 5314 solio
1018 5256 1318 5320 collocata,
1365 5251 1556 5323 longis
1589 5258 1646 5306 et
1686 5252 1835 5307 764
1857 5254 1992 5309 altis

352 5350 634 5406 incedens
666 5349 954 5422 passibus,
1009 5348 1260 5418 augusto
1291 5341 1479 5406 vultu,
1531 5345 1746 5396 statura
1777 5341 2000 5415 magni-

358 5437 483 5504 ﬁca,
511 5455 666 5493 nunc
699 5437 937 5493 humilis
970 5441 1027 5492 et
1058 5430 1371 5506 depressa!
1403 5433 1689 5487 Laceratts
1719 5435 1856 5485 sunt
1886 5439 1993 5486 tuas

353 5521 611 5577 delicatae
643 5530 864 5588 vestes;
900 5521 1263 5593 elegantibus
1294 5522 1464 5589 atque
1497 5518 1826 5589 imperiosis
1859 5535 1993 5589 spo-

352 5610 494 5665 liata
522 5627 583 5666 es
615 5612 987 5665 redimiculis.
1013 5609 1307 5664 Exstincta
1346 5612 1435 5661 est
1466 5607 1566 5660 lux
1605 5609 1990 5679 gratiosorum

355 5698 694 5766 oculorum,
739 5698 980 5754 aniculae
1012 5697 1337 5753 caminarite
1391 5695 1608 5751 similis
1637 5712 1704 5752 ex
1743 5694 1994 5752 incendii

2109 3284 2376 3358 λοψόχως
2426 3283 2604 3362 σφίσιν
2663 3284 2966 3359 ἐπενεγκόν·
3032 3287 3167 3358 ἡμῖν
3211 3283 3258 3340 δ’
3315 3284 3540 3348 ἐκεινως
3600 3289 3669 3342 τὸ
3703 3311 3788 3365 ιρι-

2107 3372 2405 3448 λόχριστον
2465 3374 2554 3428 καὶ
2613 3370 2882 3446 ὁμόδοξον
2950 3377 3398 3448 προσενήνεκται,
3432 3377 3510 3439 ὡς
3567 3376 3785 3452 ἐπιτρε-

2105 3483 2293 3538 χοντες
2360 3462 2479 3518 εἷ’πο
2489 3483 2600 3535 μεν,
2661 3484 2736 3536 μη
2745 3460 2802 3517 δὲ

2117 3573 2226 3616 τες.

2178 3644 2237 3697 e‘.
2269 3644 2336 3696 Ὠ
2379 3640 2568 3709 πόλις,
2609 3641 2775 3705 πόλις
2813 3639 3028 3696 πόλεων
3067 3647 3255 3697 πασῶν
3296 3645 3574 3717 ὀφθαλμὶ,
3619 3645 3781 3700 ﬁxo-J-

2106 3755 2216 3806 σμα
2290 3732 2651 3806 παγκόσμιον,
2729 3744 2903 3805 θεαμα
2983 3729 3371 3808 ὑπερκὸσμιον,
3451 3734 3761 3806 ἐκκλησιῶν

2102 3822 2368 3902 γαλουχὲ,
2399 3824 2633 3884 πίστεως
2678 3823 2916 3898 ἀρχηγὲ,
2968 3821 3284 3897 ὀρθοδοξίας
3317 3821 3549 3900 ποδηγὶ,
3579 3827 3753 3900 λόγων

2108 3911 2354 3985 μέλημα,
2414 3909 2588 3966 καλοῦ
2637 3912 2834 3973 παντὸς
2894 3908 3255 3984 ἐνδιαίτημαί
3318 3913 3361 3967 ὢ
3393 3917 3428 3982 ἡ
3467 3913 3527 3968 ἐκ
3576 3918 3763 3990 χειρὸς

2106 4001 2305 4075 Κυρίου
2335 4001 2397 4055 τὸ
2427 4004 2524 4054 τοῦ
2556 4005 2732 4074 θυμοῖ)
2779 4003 2976 4054 πιοῦσα
3024 4003 3317 4076 ποτήριον,
3351 3997 3394 4055 ὥ
3427 4005 3462 4071 ἡ
3495 4005 3760 4079 γενομένη

2109 4091 2278 4164 πυρὸς
2340 4089 2495 4162 μερῖς
2554 4087 2752 4160 πολλῷ
2809 4085 3244 4165 δραστικωτὲρου
3272 4097 3374 4145 τοῦ
3405 4089 3768 4149 καταιϐασίου

2103 4179 2273 4234 πάλαι
2307 4180 2479 4254 πυρὸς
2510 4179 2915 4244 πενταπόλεως,
2973 4178 3024 4233 τί
3085 4184 3420 4256 μαρτυρήσω
3483 4203 3609 4250 σοι;
3669 4184 3768 4238 τίνι

2105 4270 2368 4342 ὁμοιώσω
2434 4288 2540 4336 σε;
2600 4270 2684 4323 ὃτι
2745 4267 3091 4344 ἐμεγαλόνθη
3152 4273 3418 4345 ποτήριον
3473 4269 3768 4346 συντριϐῆς

2104 4379 2221 4427 σου,
2274 4357 2536 4430 Ἱερεμίας
2593 4357 2754 4434 φησὶν
2807 4357 2834 4411 ὀ
2891 4355 3224 4434 φιλόδακρυς
3272 4362 3370 4429 τήν
3412 4361 3588 4414 πάλαι
3625 4363 3765 4415 Σιὼν

2102 4446 2462 4520 κοπτόμενος.
2499 4446 2656 4508 Τίνες
2716 4446 3008 4500 κακοποιοὶ
3067 4443 3325 4520 δυνάμεις
3383 4449 3666 4522 ᾐτήσαντό
3710 4473 3762 4506 σε

2101 4537 2190 4590 καὶ
2223 4531 2418 4590 ἔλαϐον
2481 4535 2556 4596 εἷς
2613 4535 2890 4604 συνίασιν;
2947 4535 3093 4597 τίνες
3155 4535 3455 4610 ἀλάστορες
3507 4541 3762 4614 φθονεροὶ

2099 4625 2188 4680 καὶ
2258 4625 2570 4698 ἀμείλικτοι
2641 4622 2896 4698 δαίμονες
2986 4625 3174 4698 κῶμόν
3245 4649 3331 4682 σοι
3397 4627 3757 4701 ἐπεκώμασαν

2101 4713 2285 4790 ἄγριον
2345 4715 2380 4784 ἢ
2449 4719 2583 4789 γοῦν
2649 4714 2892 4788 ἀνάρσιοι
2959 4715 3049 4769 καὶ
3120 4713 3410 4787 μανιώδεις
3481 4718 3746 4795 Τελχῖνες

2100 4801 2344 4859 παστάδα
2406 4805 2500 4876 μὶν
2563 4806 2662 4858 οὐκ
2718 4802 3028 4876 ἐπλέξαντο,
3081 4802 3200 4859 οὐδ’
3257 4805 3468 4879 ἀνῆψάν
3509 4829 3596 4862 σοι
3627 4806 3756 4880 δᾷδα

2101 4894 2406 4969 γαμήλιον,
2466 4891 2888 4968 ἆφανιστηρίους
2954 4889 3001 4946 δ’
3067 4892 3356 4948 ἆνέκαυσαν
3441 4894 3753 4972 ἅνθρακας;

2103 4981 2148 5035 ὢ
2180 4985 2214 5050 ἡ
2247 4980 2559 5056 πολύγονος
2585 4983 2676 5036 καὶ
2712 4981 2908 5055 βύσσον
2953 4981 3044 5036 καὶ
3074 4982 3354 5060 πορφύραν
3404 4984 3757 5058 ἠμφίεσμένη

2107 5074 2192 5143 [Ρ.
2231 5072 2353 5144 371]
2389 5069 2687 5145 βασιλειον,
2721 5072 2918 5143 πιναρὰ
2942 5069 2987 5125 δ’
3009 5070 3209 5144 ἀρτίως
3233 5072 3323 5126 καὶ
3355 5072 3648 5149 αὖχμηρά,
3671 5083 3758 5135 καὶ

2104 5158 2330 5216 πολλῶν
2381 5165 2562 5216 κακῶ)
2609 5159 2954 5234 κληροῦχος,
3003 5161 3094 5214 καὶ
3144 5159 3345 5216 τέκνων
3386 5167 3494 5217 τῶν
3525 5165 3760 5237 γνησίων

2107 5247 2422 5323 χατίζουσα.
2457 5250 2522 5303 Ὠ
2551 5250 2584 5316 ἡ
2617 5246 2810 5321 πρώην
2858 5247 3142 5322 ὑψίθρονος
3190 5248 3280 5302 καὶ
3336 5244 3550 5323 βιϐῶσα
3583 5253 3762 5327 μακρᾶ

2103 5336 2193 5392 καὶ
2229 5335 2495 5411 μετέωρα,
2548 5337 2970 5412 μεγαλοπρεπὴς
3029 5337 3090 5392 τὸ
3145 5337 3309 5406 εῖδος,
3351 5338 3764 5413 ἀξιοπρεπεστὲο

2110 5447 2176 5503 par
2235 5427 2296 5481 τὸ
2352 5428 2607 5503 μέγεθος,
2665 5425 2776 5480 νυνὶ
2831 5425 2886 5481 δὲ
2939 5425 3353 5502 κατερῥαγμὲνη
3405 5430 3496 5482 καὶ
3548 5426 3760 5506 διιῤῥηι

2105 5514 2278 5592 γμένη
2335 5516 2463 5579 τοὺς
2517 5512 2830 5591 ’χλιδῶντας
2891 5518 3125 5589 χιτῶνας
3179 5515 3270 5569 καὶ
3323 5517 3390 5569 τὰ
3445 5518 3640 5591 κομψὰ
3666 5518 3756 5572 καὶ

2104 5605 2308 5680 ἀρχικὰ
2352 5601 2651 5681 κρήδεμνα,
2703 5605 2792 5659 καὶ
2853 5600 3030 5678 ὄμμα,
3089 5599 3460 5677 ἀπεσϐεσμένη
3495 5608 3555 5661 τὸ
3590 5626 3754 5682 χαρο-

2104 5692 2347 5765 πόν,καῖ
2402 5691 2534 5770 γρηΐ
2591 5698 2819 5768 καμινοῖ
2871 5692 2969 5764 ’ίση
3033 5691 3092 5748 ὲκ
3135 5695 3240 5748 ¹τοῖ’)
3294 5689 3747 5767 κατησϐολῶσθαι

2891 3462 3210 3539 ἐπεγκαλεῖν
3291 3462 3547 3538 ἀδίκημα
3617 3463 3783 3541 ἔχον-
