4072 6218
282 337 395 398 961

1391 336 1730 399 ALEXIUS
1774 335 2028 399 DUCAS
2075 337 2579 402 MURZUFLUS.

3574 344 3696 407 962

282 470 440 544 πυρὶ,
490 469 582 524 καὶ
632 467 809 546 ῥυτίσι
869 465 1144 544 χαλαραῖς
1192 469 1574 544 ηὐλακισμένη
1622 473 1721 541 τὴν
1776 468 1926 525 στιλ-

2043 471 2282 542 fuligine
2311 475 2576 530 exstitisti
2614 492 2628 543 ;
2664 475 2968 547 profundis
3001 476 3167 548 rugis
3196 475 3499 548 splendida
3533 480 3694 549 prius

277 560 420 627 πνὴν
449 558 541 614 καὶ
571 560 810 634 τερπνὴν
842 556 966 631 ὄψιν
999 558 1281 633 πρότερον.
1317 561 1427 617 Ἐῶ
1472 561 1576 636 γὰρ
1609 557 1781 635 λέγειν
1810 558 1936 621 τοὺς

278 649 421 719 πρὸς
453 647 622 717 λύραν
654 646 990 711 ἐδτείνοντάς
1024 668 1083 704 τε
1108 648 1197 703 καὶ
1230 647 1540 723 ψᾶλλοντας
1569 649 1637 705 τὰ
1694 649 1761 705 σὰ
1811 647 1942 704 δυσ-

272 739 633 812 πραγήματα,
665 736 757 791 καὶ
788 736 1086 811 κωμῳδίαν
1145 738 1465 811 τιθεμένους
1521 739 1620 807 τήν
1662 740 1761 809 σήν
1816 758 1940 814 τρα.

272 826 485 904 γῳδίαν
515 827 570 882 ἐν
598 832 678 899 τῷ
706 829 798 883 τὸν
828 829 978 882 οἶνον
1022 828 1364 902 προσίεσθαι,
1402 830 1491 883 καὶ
1561 828 1684 904 βίου
1740 829 1937 904 τέχνην

271 915 647 990 ποιουμένους
674 917 772 985 τήν
805 914 1083 995 γελοιώδη
1130 920 1236 973 τῶν
1264 923 1444 972 κακῶν
1504 938 1601 973 σου
1639 917 1934 995 ἀφήγησιν,

270 1006 405 1069 τοὺς
437 1003 844 1081 κονδυλισμοός
896 1027 955 1061 τε
1012 1006 1101 1063 καὶ
1159 1008 1544 1083 πτιρνισμοὺς,
1601 1002 1680 1062 ἔτι
1746 1004 1802 1062 δὲ
1839 1007 1935 1070 τὰς

271 1096 562 1170 ἀθετήρεις
621 1097 709 1150 καὶ
767 1095 835 1150 τὰ
902 1096 1126 1151 ὑπώπια
1184 1095 1217 1149 ἃ
1275 1117 1360 1151 σοι
1416 1093 1706 1168 καθ’ὥραν
1762 1101 1935 1151 πᾶσαν

268 1179 723 1261 προστρίϐονται.
783 1183 1229 1259 Παρεζηλωμὲνη
1291 1187 1471 1250 θεόθεν
1525 1184 1612 1240 ἐπὶ
1672 1186 1747 1259 μὴ
1807 1184 1934 1260 ἐχέ-

269 1294 470 1353 φροσιν
501 1273 722 1344 ἔθνεσιν,
772 1274 808 1343 ἢ
868 1272 982 1329 οὐδ’
1030 1272 1232 1339 ἔθνεσιν
1290 1272 1512 1344 ἀληθῶς
1566 1274 1760 1347 είπεῖν,
1807 1273 1936 1330 ἀλλ’

271 1362 547 1439 ἀμυδροῖς
590 1364 682 1419 καὶ
739 1362 1095 1438 σποραδιγοῖς
1141 1364 1369 1439 γένεσιν,
1434 1365 1508 1419 ὧν
1556 1364 1623 1419 τὰ
1654 1364 1830 1420 πλείω
1888 1364 1934 1420 εί

276 1454 366 1526 μὴ
400 1454 706 1528 ἐγέννησας,
764 1451 894 1508 ἀλλ’
949 1453 1170 1527 ὕψωσάς
1237 1474 1294 1509 τι
1349 1453 1443 1508 καὶ
1500 1452 1718 1515 στέατος
1758 1457 1933 1528 πυροῦ

276 1541 619 1615 μετέδωκας,
676 1544 759 1604 τίς
816 1544 976 1597 σώσει
1028 1561 1133 1611 es;
1185 1543 1219 1611 ἢ
1278 1543 1362 1605 τίς
1407 1541 1770 1619 παρακαλέσει
1825 1563 1933 1615 σε;

269 1632 365 1694 τίς
395 1631 627 1707 φείσεται
674 1631 764 1687 ἐπὶ
794 1633 880 1686 σοί
914 1651 928 1701 ;
958 1629 996 1702 ἤ
1025 1632 1107 1694 τίς
1164 1633 1541 1708 σκυθρωπάσει
1582 1631 1668 1687 ἐπὶ
1701 1631 1787 1687 σοί
1820 1651 1835 1701 ;
1894 1632 1930 1702 ἢ

264 1719 359 1784 τίς
388 1720 767 1795 ἐπανακάμψει
796 1720 1072 1793 ἐρωτῆσαι
1121 1721 1189 1777 τὰ
1248 1722 1324 1783 είς
1354 1720 1576 1797 εἲρήνην
1607 1742 1691 1777 σοι
1749 1722 1932 1797 (Ἱερε-

272 1808 412 1884 μίου
442 1809 530 1865 καί
571 1808 702 1865 τάδε
751 1814 850 1865 τοῦ
905 1810 1329 1885 πολυθρηνήτου
1378 1811 1446 1866 τὰ
1504 1810 1765 1887 ῥήματα),
1825 1808 1933 1866 εἷ’τε

271 1900 391 1973 μὴν
421 1902 519 1968 τήν
551 1899 816 1975 προτέραν
875 1898 1078 1968 στολὴν
1136 1897 1413 1955 ἐπενδόσει
1446 1918 1552 1969 σε;
1619 1901 1751 1954 πότε
1810 1899 1930 1955 θεό-

264 1991 364 2045 θεν
428 1988 651 2064 ἐνωτίσῃ
708 1988 1030 2066 Ἐξεγείρου,
1115 1988 1373 2060 ἀνάστηθι
1455 1991 1490 2059 ἡ
1600 1993 1798 2044 πιοῦσα
1867 1990 1930 2044 τὸ

263 2080 542 2153 ποτήριον
574 2082 671 2133 τοῦ
698 2082 874 2151 θυμοῦ
907 2099 1013 2151 μου
1036 2077 1127 2133 καὶ
1176 2079 1237 2132 τὸ
1307 2073 1468 2132 κόνδυ
1517 2083 1617 2145 τῆς
1646 2080 1929 2138 πτώσεως.

262 2164 657 2237 Ἐνδυσαιτὴν
705 2167 863 2243 ἰσχύν
921 2173 1040 2235 σὸυ,
1109 2164 1322 2222 ἔνδυσαι
1376 2169 1477 2237 τήν
1543 2164 1697 2239 δόξαν
1782 2185 1928 2235 σου;

260 2257 579 2327 Ἐκτίναεαι
609 2257 700 2311 τὸν
743 2260 877 2331 χοῦν
933 2257 1022 2311 καὶ
1080 2255 1361 2327 ἀνάστηθι.
1398 2253 1656 2312 Ἐκδυσαι
1717 2257 1809 2311 τὸν
1844 2253 1931 2312 δε-

260 2345 412 2418 σμὸν
468 2349 567 2401 τοῦ
604 2343 898 2421 τραχήλου
957 2366 1074 2400 σου’
1133 2344 1409 2401 πλάτυνον
1464 2344 1556 2401 τὸν
1610 2346 1777 2401 τόπον
1829 2351 1929 2415 τῆς

261 2441 483 2504 σκηνῆς
517 2455 612 2490 σου
636 2434 725 2489 καὶ
755 2439 864 2489 τῶν
893 2432 1135 2490 αὖλαιῶν
1169 2455 1285 2493 σου.
1319 2435 1410 2504 Μὴ
1440 2430 1615 2511 φοϐοῦ
1662 2432 1747 2489 δτι
1799 2454 1927 2490 κατ-

257 2523 580 2604 ῃσχύνθης,
673 2522 815 2597 μηδὲ
898 2524 1166 2600 ἐντραπῇς
1251 2524 1335 2581 ὅτι
1423 2522 1764 2595 ὠνειδίσθης,
1840 2526 1930 2580 καὶ

262 2612 582 2687 ἐκρότησαν
640 2613 730 2668 ἐπὶ
788 2613 870 2668 σοὶ
932 2618 1125 2688 χεῖρας
1171 2613 1367 2676 πάντες
1398 2616 1450 2669 οἱ
1479 2615 1930 2688 παραπορευόμε-

265 2722 369 2756 νοι
396 2700 544 2770 ὁδὸν,
576 2700 825 2776 ἐσόρισαν
884 2701 973 2756 καὶ
1031 2701 1281 2772 ἐκίνησαν
1310 2701 1552 2781 κεφαλὰς
1583 2702 1785 2771 αὐτῶν,
1843 2703 1933 2757 καὶ

261 2791 456 2861 εἶπον,
482 2814 510 2843 ι(
541 2789 690 2861 Αὕτη
715 2790 859 2846 ἐστὶν
892 2793 926 2860 ἡ
958 2790 1144 2860 πόλις,
1184 2793 1213 2846 ὁ
1247 2792 1502 2869 στέφανος
1530 2788 1690 2861 δόξης
1750 2791 1839 2846 καὶ
1896 2793 1931 2861 ἡ

259 2880 581 2958 εὖφροσόνη
613 2882 792 2950 πάσης
849 2887 953 2950 τῆς
999 2887 1121 2956 γῆς.
1178 2882 1282 2937 Καὶ
1339 2885 1457 2942 πῶς
1515 2880 1725 2936 ἐκάθισε
1781 2882 1934 2956 χήρα

260 2973 303 3039 ἡ
369 2967 798 3043 πεπληθυσμὲνη
862 2967 1030 3039 λαῶν,
1080 2970 1170 3024 καὶ
1228 2972 1262 3039 ἡ
1310 2968 1558 3044 ἄρχουσα
1610 2969 1664 3024 ἐν
1718 2971 1934 3044 χώραις

260 3058 540 3135 ἐγεννήθη
574 3058 651 3120 είς
683 3059 886 3136 φόρους
915 3076 929 3126 ;
963 3058 1101 3114 Εἶπε
1129 3059 1234 3133 γὰρ
1292 3059 1320 3113 ὁ
1379 3058 1508 3121 Θεός
1559 3079 1676 3126 σου,
1728 3058 1932 3133 Χρόνον

266 3149 477 3222 μικρὸν
502 3145 796 3202 κατέλιπόν
825 3167 904 3217 σε,
954 3147 1043 3201 καὶ
1078 3148 1193 3221 μετ’
1243 3146 1428 3209 ἐλέους
1462 3145 1705 3223 μεγάλου
1735 3146 1932 3202 οἰκτει-

264 3210 434 3314 ρήσω
459 3256 537 3292 σε.
571 3238 657 3292 Ἐν
709 3237 866 3308 θυμῷ
892 3210 900 3217 υ
926 3210 1109 3313 μικρῷ
1161 3210 1472 3312 ἀπέστρεψα
1524 3210 1589 3292 τὸ
1637 3236 1929 3312 πρόσωπόν
1962 3210 2004 3277 C

270 3345 412 3400 μου,
444 3326 535 3379 καὶ
564 3323 616 3379 ἐν
649 3323 790 3397 ἐλέῳ
818 3323 1024 3397 αἰωνίῳ
1055 3324 1269 3395 ἐλεήσω
1324 3345 1401 3381 σε.
1434 3348 1463 3377 κ
1524 3326 1594 3381 Ἦ
1628 3329 1758 3400 γοῦν
1786 3323 1933 3395 ᾅσεις

267 3410 586 3477 Δαϐιδικῶς
616 3414 752 3489 πρὸς
786 3415 941 3483 Θεὸν,
973 3438 1001 3466 «
1035 3414 1186 3471 Κατὰ
1212 3414 1276 3468 τὸ
1324 3412 1538 3483 πλῆθός
1568 3419 1677 3468 τῶν
1728 3411 1931 3468 ὀδυνῶν

274 3527 393 3582 μου
421 3505 473 3561 ἐν
499 3509 568 3578 τῇ
599 3503 792 3581 καρδίᾳ
825 3526 931 3578 μου
987 3505 1042 3559 αἱ
1099 3502 1471 3579 παρακλήσεις
1524 3524 1621 3559 σου
1674 3501 1936 3579 εὕφραναν

269 3596 385 3665 τὴν
416 3596 602 3670 ψυχήν
636 3614 764 3667 μου.
807 3616 836 3644 ››
864 3594 957 3657 Τίς
983 3590 1328 3663 ἐπιστήσεται
1395 3613 1481 3648 σοι
1513 3595 1755 3662 Μωυσῆς
1783 3613 1936 3648 καινο

279 3686 508 3759 ουργὸς,
541 3684 577 3753 ἢ
645 3683 925 3759 ἐπανάγων
982 3683 1347 3761 ἐποφθήσεται
1386 3678 1743 3759 Ζοροϐάϐελ;
1802 3684 1936 3738 πότε

279 3774 333 3831 δ’
402 3774 599 3830 ἐσεῖταί
655 3795 741 3829 σοι
798 3773 993 3830 ἐκτῶν
1043 3778 1316 3849 τεσσάρων
1368 3775 1579 3848 ἀνεμων
1614 3780 1934 3851 συναγαγεῖν

274 3867 354 3922 τὰ
406 3866 566 3920 τέκνα
618 3886 736 3931 σου,
792 3863 843 3919 ἐν
899 3865 988 3928 οἷς
1036 3860 1425 3938 διεσπάρημεν,
1484 3865 1541 3918 ὅν
1618 3860 1823 3941 τρόπον
1880 3864 1936 3919 αἱ

278 3952 602 4034 φιλότεκνοι
634 3952 847 4028 ὄρνιθες
892 3953 996 4009 ὑπὸ
1044 3953 1140 4015 τὰς
1192 3953 1394 4009 ἑαυτῶν
1442 3953 1751 4029 ἀθροίζουσι
1810 3951 1936 4008 πτέι

276 4064 455 4121 ρυγας
486 4044 552 4098 τὰ
580 4043 755 4098 οἰκεῖα
784 4042 1045 4112 νεόττια;
1104 4042 1194 4106 Ὠς
1247 4045 1337 4097 νῦν
1397 4062 1459 4118 γε
1518 4039 1633 4097 οὐδ’
1689 4042 1939 4104 ἐνωπίως

274 4153 371 4189 σοι
415 4130 839 4210 ἐποφθαλμῆσαι
897 4136 1147 4206 καθαρῶς
1231 4127 1459 4206 ἔχομεν,
1529 4128 1643 4185 οὐδ’
1696 4129 1937 4208 ἐμφῆναι

270 4226 601 4301 περιχαρῶς
649 4221 723 4283 ὡς
783 4220 975 4295 μητρὶ,
1033 4220 1123 4275 καὶ
1198 4214 1438 4295 ἀκριϐῶς
1496 4218 1798 4276 ἐπισπεῖσαι
1853 4239 1937 4274 σοι

270 4310 511 4387 δάκρυον
561 4313 684 4366 ὅσον
738 4308 1021 4388 ὀφθαλμὸς
1113 4308 1369 4386 βούλεται
1427 4308 1462 4378 ἥ
1521 4305 1761 4379 δύναται,
1811 4306 1938 4363 ἀλλ’

268 4396 532 4463 εὐλαϐῶς
577 4401 653 4464 ὡς
710 4399 964 4472 στρουθοί
1023 4418 1081 4453 σε
1136 4398 1573 4473 περιιπτάμενοι,
1632 4398 1705 4451 ὧν
1766 4396 1936 4452 συνεί-

268 4490 488 4560 ληπται
518 4489 552 4559 ἡ
576 4488 797 4567 τροφὸς,
831 4488 864 4557 ἡ
899 4484 958 4542 δὲ
988 4484 1156 4542 καλιᾶ
1185 4482 1578 4557 διεσκέδασται,
1621 4481 1853 4541 ἐλεεινόν
1883 4505 1938 4541 τι

2046 564 2105 616 et
2159 563 2348 618 suavis
2380 568 2479 619 tua
2511 563 2683 620 facies
2711 570 2795 620 est
2822 569 3003 620 arata.
3036 569 3232 636 Neque
3255 567 3377 637 jam
3411 567 3539 623 dico
3570 584 3693 625 esse

2047 650 2145 722 qui
2177 655 2307 708 tuas
2354 652 2546 708 clades
2577 653 2647 708 ad
2693 653 2970 710 citharam
3018 654 3339 723 cantillant,
3372 656 3470 727 qui
3529 661 3689 713 tuam

2047 742 2384 810 tragmdiam
2423 759 2522 812 pro
2555 743 2835 798 comoedia
2873 741 3097 809 ludant,
3132 760 3246 816 quo
3278 746 3521 801 artiﬁcio
3557 747 3693 801 ridi-

2046 829 2186 886 cula:
2244 830 2600 888 recitationis
2648 832 2934 889 malorum
2984 837 3214 888 tuorum
3274 842 3328 889 et
3397 834 3694 906 alaparum

2046 919 2296 985 alantur,
2332 922 2432 993 qui
2482 919 2678 992 lapsus
2711 928 2767 977 et
2800 922 3015 978 vibices
3044 928 3100 979 et
3130 923 3532 993 contumelias,
3565 925 3691 996 qui-

2045 1007 2151 1063 bus
2202 1009 2259 1063 in
2292 1007 2467 1065 horas
2515 1010 2783 1077 afﬁceris,
2827 1028 2931 1083 per
2952 1011 3154 1081 jocum
3207 1019 3688 1070 commemorent.

2044 1100 2153 1153 Per
2208 1097 2483 1154 invidiam
2518 1100 2791 1171 depressa
2846 1117 2908 1156 es
2966 1118 3000 1155 a
3047 1101 3275 1157 vecordi
3335 1103 3569 1174 pOpulo,
3627 1120 3692 1160 ac

2044 1186 2239 1256 potius
2296 1188 2369 1243 ab
2417 1187 2644 1244 obscuri
2694 1196 2743 1244 et
2774 1188 3095 1260 vagabundi
3147 1189 3347 1262 populi
3394 1190 3692 1259 colluvie;

2045 1276 2215 1345 cujus
2246 1293 2516 1349 magnam
2550 1282 2771 1349 partem
2804 1277 2851 1332 si
2882 1295 2995 1334 non
3021 1279 3290 1349 genuisti,
3348 1284 3405 1335 at
3453 1280 3693 1336 evexisti

2043 1369 2099 1421 et
2128 1365 2571 1437 saginasti.0uis
2596 1371 2649 1422 te
2681 1366 2933 1422 servabit
2963 1369 3137 1439 Pquis
3166 1373 3219 1424 te
3250 1368 3645 1425 consolabitur
3666 1368 3695 1424 *ἶ

2043 1455 2174 1525 quis
2228 1453 2327 1509 til»i
2362 1461 2557 1526 parcet
2588 1454 2616 1510 ?
2645 1456 2769 1526 quis
2798 1456 2980 1512 vicem
3038 1460 3195 1511 tuam
3229 1456 3448 1512 dolebit
3505 1456 3533 1511 Ἰ
3562 1459 3693 1529 quis

2043 1549 2380 1614 revertetur,
2415 1550 2480 1601 ut
2511 1546 2637 1618 paci
2665 1553 2773 1601 tua:
2806 1546 3068 1602 consulat
3098 1547 3125 1602 ?
3156 1548 3326 1616 (Sunt
3351 1552 3409 1603 et
3448 1548 3569 1604 haec
3602 1549 3692 1605 1a-

2042 1635 2288 1705 crymosi
2317 1635 2582 1691 Jeremiaa
2640 1635 2865 1707 verba.)
2895 1634 3031 1699 Quis
3088 1636 3266 1708 priori
3323 1636 3475 1692 stola
3502 1643 3557 1692 te
3596 1638 3691 1693 in-

2041 1724 2178 1779 duet
2206 1723 2235 1779 ?
2282 1725 2509 1795 quando
2567 1724 2844 1780 divinitus
2901 1725 3101 1780 audies
3145 1724 3442 1795 :Erigere,
3503 1742 3690 1799 surge,

1966 1849 2011 1913 Β
2042 1828 2164 1884 quae
2196 1813 2438 1869 calicem
2475 1813 2685 1869 furoris
2708 1814 2821 1869 mei
2874 1812 3071 1870 bibisti
3102 1818 3159 1869 et
3209 1813 3477 1885 poculum
3512 1815 3688 1872 ruina

2041 1901 2349 1958 exhausisti
2384 1922 2399 1970 ;
2437 1902 2611 1958 indue
2640 1902 2789 1958 vires
2818 1908 2963 1969 tuas,
3005 1903 3182 1958 indue
3214 1902 3459 1976 gloriam
3493 1909 3686 1973 tuam;

2041 1991 2228 2046 exuito
2278 1992 2571 2047 vinculum
2620 1991 2752 2047 colli
2813 1992 2961 2048 765
3015 1991 3096 2047 tui
3141 1993 3431 2058 ;extende
3496 1992 3685 2048 locum

2040 2080 2397 2136 tabernaculi
2447 2082 2529 2136 tui
2562 2086 2618 2136 et
2645 2081 2910 2137 vestibuli
2954 2082 3034 2136 tui
3072 2099 3085 2139 :
3120 2098 3190 2137 ne
3230 2083 3507 2139 movearis
3535 2083 3687 2154 quod

2041 2170 2252 2242 probro
2284 2169 2489 2225 affecta
2534 2187 2615 2238 es,
2649 2186 2836 2242 neque
2883 2171 3284 2226 verecunderis
3317 2173 3388 2226 ob
3422 2178 3691 2242 acceptas

2039 2259 2441 2328 contumelias,
2482 2264 2539 2315 et
2570 2259 2726 2333 quod
2782 2277 2981 2317 omnes
3017 2264 3429 2331 praetereuntes
3486 2278 3692 2318 manus

2039 2365 2210 2420 super
2261 2354 2315 2405 te
2364 2350 2816 2422 comploserunt,
2869 2350 3200 2416 sibilarunt,
3226 2358 3273 2407 et
3308 2350 3495 2422 capita
3527 2368 3696 2423 quas-

2041 2444 2264 2506 sarunt,
2306 2443 2360 2494 et
2389 2439 2661 2495 dixerunt
2694 2457 2707 2495 :
2752 2439 2881 2496 Haec
2933 2448 3020 2495 est
3050 2440 3206 2509 urbs,
3240 2456 3454 2496 corona
3494 2439 3688 2511 gloriae

2040 2532 2098 2585 et
2128 2528 2348 2585 delicias
2378 2530 2534 2584 orbis
2570 2533 2847 2585 terrarum
2879 2529 2907 2583 Ἰ
2936 2531 3054 2596 Quo
3095 2535 3284 2585 autem
3318 2534 3484 2601 pacto
3517 2530 3689 2585 vidua

2040 2617 2209 2686 sedit,
2255 2633 2376 2688 quae
2439 2618 2669 2690 populis
2727 2619 2938 2674 referta
2984 2618 3141 2674 fuit?
3173 2619 3463 2690 quomodo
3514 2619 3689 2674 tribu-

2043 2707 2186 2763 taria
2244 2708 2386 2763 facta
2436 2713 2543 2772 est.
2602 2724 2724 2779 qua:
2774 2708 3090 2780 provinciis
3147 2708 3691 2779 imperavit?dixit

2041 2796 2196 2853 enim
2234 2801 2380 2853 Deus
2435 2802 2564 2853 tuus
2599 2813 2611 2852 :
2644 2797 2865 2869 Exiguo
2917 2801 3175 2868 tempore
3233 2802 3289 2853 te
3321 2798 3550 2868 reliqui,
3584 2797 3684 2853 sed

2044 2902 2255 2957 magna
2290 2894 2341 2940 te
2374 2885 2772 2942 misericordia
2820 2902 3155 2957 prosequar.
3200 2887 3260 2941 In
3296 2902 3462 2957 parva
3495 2886 3580 2941 ira
3614 2888 3687 2942 fa-

2041 2975 2189 3031 ciem
2223 2991 2411 3030 meam
2447 2973 2753 3040 averli,scd
2785 2982 2998 3030 aeterna
3040 2979 3094 3030 te
3125 2974 3431 3031 clementia
3463 2975 3682 3031 l‘ovebo.

2042 3063 2329 3118 Nimirum
2375 3078 2505 3118 cum
2539 3062 2755 3119 Davide
2786 3063 3046 3119 cantabis
3079 3064 3190 3118 Deo
3223 3079 3237 3118 :
3285 3062 3392 3119 Pro
3424 3064 3687 3120 multitu-

2044 3153 2177 3207 dine
2206 3152 2466 3207 dolorum
2500 3152 2687 3207 cordis
2722 3152 2829 3207 mei
2878 3151 3298 3208 consolationes
3345 3157 3454 3207 tua;
3487 3169 3683 3209 meum

2043 3243 2299 3296 animum
2362 3239 2773 3296 exhilararunt.
2816 3239 2951 3305 Quis
3000 3240 3181 3297 Moses
3238 3257 3515 3297 novorum
3549 3243 3687 3298 οσο-

2040 3336 2163 3386 ctor
2192 3344 2428 3401 operum
2461 3329 2565 3384 tibi
2597 3329 3050 3399 patrocinabitur
3076 3330 3104 3385 ?
3134 3330 3262 3401 quis
3288 3330 3599 3386 Zorobabel
3629 3335 3685 3388 te

2042 3420 2277 3475 reducet
2304 3417 2331 3473 ‘I
2361 3418 2591 3490 quando
2622 3418 2833 3474 liberos
2881 3423 3011 3475 tuos
3040 3436 3072 3474 a
3115 3424 3360 3490 quatuor
3390 3420 3591 3487 ventis,
3623 3418 3683 3474 in

2042 3527 2185 3583 quos
2214 3509 2462 3582 dispersi
2503 3524 2726 3576 sumus,
2760 3507 3093 3580 recolligere
3139 3507 3355 3575 licebit,
3397 3510 3681 3582 quemad-

2041 3600 2171 3655 mod
2185 3614 2275 3654 um
2310 3598 2417 3670 piae
2432 3597 2661 3669 gallinae
2685 3595 2873 3668 pullos
2887 3597 2991 3652 sub
3005 3596 3124 3652 alas
3140 3613 3272 3653 suas
3286 3596 3685 3668 congregant?

2040 3687 2185 3743 Nam
2218 3703 2371 3742 nunc
2408 3686 2643 3758 quidem
2695 3701 2798 3741 nec
2830 3686 3044 3740 intueri
3080 3685 3220 3741 satis
3248 3690 3303 3740 te
3329 3684 3495 3740 nobis
3526 3684 3686 3753 licet,

2041 3782 2141 3833 aut
2171 3785 2432 3832 amanter
2461 3775 2736 3847 amplecti
2786 3779 2847 3831 ut
2878 3780 3138 3842 matrem,
3164 3779 3220 3829 et
3247 3774 3428 3829 libare
3460 3774 3563 3829 tibi
3594 3772 3684 3829 la-

2041 3882 2290 3938 crymas,
2322 3868 2571 3935 quantas
2610 3863 2807 3919 oculus
2855 3863 3011 3933 cupit
3056 3868 3154 3918 aut
3200 3866 3390 3934 potest
3434 3879 3446 3915 :
3482 3863 3582 3917 sed
3616 3861 3687 3916 ti.

2044 3956 2200 4010 mide
2256 3960 2319 4010 ut
2377 3952 2691 4025 passerculi
2760 3958 2815 4006 te
2871 3949 3371 4020 circumvolamus,
3440 3966 3685 4021 quorum

2043 4044 2240 4099 nutrix
2295 4042 2555 4114 abrepta,
2589 4041 2759 4097 nidus
2818 4042 3076 4112 direptus
3107 4044 3213 4109 est,
3274 4039 3689 4095 miserabiliter

2047 4133 2197 4187 766
2230 4136 2286 4187 et
2330 4130 2655 4203 lugubriter
2684 4129 3031 4202 pippientes.
3091 4129 3282 4201 Longe
3312 4147 3344 4184 a
3378 4128 3492 4184 tuis
3526 4128 3688 4183 lacu-

2045 4221 2287 4277 naribus
2348 4219 2552 4275 rrmoti
2627 4234 2847 4287 sumus,
2912 4218 3230 4273 esurientes
3290 4222 3345 4273 et
3398 4218 3695 4286 sitientes,

2045 4310 2309 4382 squalore
2340 4313 2397 4364 et
2427 4309 2615 4380 rigore
2645 4308 2967 4363 horrentes.
3001 4308 3046 4362 A
3102 4305 3384 4379 pcdiculis
3417 4323 3567 4378 saepe
3602 4323 3695 4362 re-

2044 4400 2257 4469 dimur,
2298 4398 2511 4455 animis
2559 4396 2772 4452 nostris
2822 4395 3153 4451 calamitate
3206 4395 3690 4468 liquescentibus.

2044 4489 2160 4545 Nec
2191 4489 2345 4545 viam
2393 4486 2721 4542 invenimus
2751 4487 2821 4541 ad
2857 4487 3061 4541 urbem
3100 4486 3158 4541 in
3190 4502 3299 4557 qua
3331 4486 3693 4552 habitamus,

267 4577 368 4635 καὶ
399 4574 606 4654 γοῶδες
634 4575 1050 4650 περιτρόζομεν,
1085 4576 1170 4648 [Ρ.
1211 4576 1340 4647 372]
1372 4572 1562 4648 πόρῥω
1583 4594 1688 4628 που
1706 4577 1812 4629 τῶν
1827 4578 1933 4629 σῶν

2043 4579 2134 4635 sed
2175 4577 2366 4634 multis
2397 4576 2689 4631 erroribus
2719 4578 2782 4631 ut
2829 4575 3186 4646 vagabundae
3217 4576 3477 4631 volucres
3509 4579 3567 4630 et
3599 4590 3695 4629 er.

270 4665 649 4744 φατνωμάτων
713 4663 1140 4733 ἐκτοπισθὲντες,
1194 4666 1457 4723 πεινῶτες
1506 4663 1594 4717 καὶ
1646 4659 1934 4736 διψῶντες,

269 4756 602 4835 αὐχμῶντες
634 4753 727 4811 καὶ
759 4755 1047 4829 ῥιγῶντες,
1078 4753 1165 4807 καὶ
1198 4753 1333 4829 πρὸς
1364 4753 1599 4830 φθειρῶν
1662 4751 1936 4815 πολλάκις

267 4845 605 4921 κειρόμενοι,
664 4846 753 4899 καὶ
834 4844 933 4905 τὰς
995 4842 1177 4918 ψυχὰς
1248 4841 1305 4897 ἐν
1360 4847 1551 4905 κακοῖς
1610 4843 1934 4917 τηκόμενοι,

271 4933 404 4992 ὁδόν
461 4956 519 4990 τε
583 4935 779 5008 μηκὲτι
862 4932 1202 4995 κατοικεσίας
1291 4932 1633 5006 εὑρίσκοντες
1697 4933 1935 5002 πόλεως,

270 5022 425 5080 ἀλλὰ
453 5022 875 5098 πολύπλαγκτοι
906 5022 1208 5101 φερόμενοι
1240 5022 1315 5083 ὡς
1364 5017 1572 5097 ὄρνιθες
1605 5023 1655 5077 οἱ
1687 5017 1937 5077 αϐἐϐαιοι

270 5113 500 5169 καὶτῶν
529 5111 764 5188 ἀστέρων
805 5112 858 5167 οἱ
915 5108 1211 5181 πλάνητες.
1245 5114 1314 5167 ’Ἢ
1371 5111 1461 5166 καὶ
1517 5111 1690 5174 οὕτως
1742 5112 1936 5183 εἰπεῖν,

273 5203 544 5277 ἑνούμεθά
584 5223 670 5257 σοι
709 5200 1064 5277 διῃρημένοις
1122 5200 1212 5255 καῖ
1244 5200 1671 5275 συμπλεκόμεθοὶ
1728 5221 1812 5256 σοι
1854 5221 1939 5257 κε-

272 5291 665 5368 χωρισμένως,
718 5291 855 5347 κατὰ
921 5287 1052 5352 τοὺς
1136 5292 1293 5365 ψυχῇ
1350 5290 1790 5364 συναπτομένους
1847 5287 1937 5344 καὶ

276 5385 655 5458 διισταμένους
720 5385 957 5457 σώματι,
990 5381 1079 5437 καὶ
1122 5383 1552 5458 προσπάσχομεν
1605 5381 1848 5456 ἀτεχνῶς
1910 5378 1941 5435 ὅ

274 5474 368 5534 καὶ
411 5471 526 5529 ἔνια
562 5476 672 5527 τῶν
705 5471 859 5541 ζώων
889 5471 1027 5544 πρὸς
1091 5471 1154 5526 τὰ
1200 5468 1604 5546 παγιδευόμενα
1671 5467 1733 5523 ἐκ
1793 5471 1938 5546 σφῶν

2044 4672 2238 4724 rantes
2285 4666 2462 4722 stellas
2506 4665 2972 4721 circumterimur
3007 4681 3019 4731 ;
3055 4682 3119 4720 ac
3170 4665 3367 4737 potius
3398 4664 3573 4735 longo
3608 4663 3694 4719 in-

2044 4756 2281 4813 tervallo
2315 4760 2429 4812 ate
2460 4755 2711 4827 sejuncti
2746 4759 2936 4810 tecum
2968 4754 3403 4826 conjungimur,
3436 4752 3694 4825 comple-

2044 4848 2257 4905 ctimur
2312 4850 2367 4903 te
2414 4845 2686 4919 separati,
2730 4850 2792 4901 ut
2843 4844 2885 4899 ii
2942 4845 3041 4917 qui
3104 4845 3317 4900 animis
3374 4844 3690 4911 cohaerent,

2045 4936 2253 4993 divulsi
2284 4935 2919 5008 corporibus.Dolemus
2943 4934 3123 4990 vicem
3151 4939 3398 5001 luam,ut
3428 4932 3692 5003 quaedam

2047 5030 2392 5097 animantes,
2427 5042 2561 5083 cum
2593 5023 2815 5094 aliquas
2866 5023 2953 5078 sui
2986 5023 3215 5094 generis
3245 5039 3276 5075 a
3324 5017 3697 5073 venatoribus

2046 5122 2244 5189 captas
2302 5119 2357 5171 et
2402 5113 2708 5185 perspicuo
2765 5112 2913 5165 vitro
2974 5109 3227 5164 inclusas
3280 5108 3493 5171 vident,
3546 5119 3692 5176 quas

2047 5209 2239 5261 tamen
2285 5203 2564 5272 attingere
2592 5206 2644 5254 et
2694 5198 2971 5268 amplecti
3002 5200 3319 5267 nequeunt,
3370 5199 3426 5249 et
3476 5194 3696 5247 frustra

2049 5308 2180 5348 cum
2212 5291 2407 5345 dolore
2456 5286 2606 5343 circa
2663 5290 3037 5340 transennam
3091 5287 3417 5347 versantur,
3473 5287 3692 5336 mutato

2049 5385 2284 5451 aspectu
2320 5380 2381 5431 ut
2436 5375 2613 5447 priori
2661 5374 2860 5429 formae
2912 5372 3203 5427 contrario
3262 5371 3696 5441 obstupefacta.

2049 5467 2264 5522 Eodem
2299 5466 2471 5519 modo
2498 5475 2555 5518 et
2579 5478 2685 5518 nos
2732 5461 2981 5533 adjicere
3010 5459 3213 5515 oculos
3245 5466 3301 5515 et
3330 5459 3573 5531 propius
3605 5472 3700 5512 ac-

277 5562 385 5619 ὑπὸ
438 5564 713 5638 θηρευτῶν
768 5559 860 5615 καὶ
917 5559 1275 5636 ἐγκλειόμενα
1341 5554 1651 5634 διαφανέσιν
1707 5554 1934 5620 ὑελίνοις

2052 5555 2250 5611 cedere
2296 5568 2657 5625 possumus:
2709 5551 2806 5607 sed
2864 5549 3170 5606 convenire
3224 5552 3280 5605 te
3336 5548 3513 5603 libere
3544 5550 3600 5601 et
3643 5546 3705 5600 ﬂ-

275 5654 525 5734 ἆγγισιν.
559 5651 775 5709 Ἐκεῖνα
831 5670 889 5705 τε
943 5652 1049 5730 γὰρ
1100 5652 1178 5703 τῶ
1244 5650 1341 5704 τοῦ
1401 5644 1623 5708 σκεύους
1656 5642 1943 5723 εἰλικρινεῖ

2052 5645 2255 5702 denter
2281 5641 2576 5715 amplecti,
2600 5644 2662 5697 ut
2694 5639 2945 5713 pridem,
2977 5637 3135 5697 nullo
3166 5640 3337 5696 modo
3369 5651 3701 5714 possumus,
