4028 6218
152 360 281 421 965

1275 347 1612 414 ALEXIUS
1658 350 1913 414 DUCAS
1960 352 2466 419 MUBZUFLUS.

3458 357 3580 417 966

152 493 313 549 ἀλλὰ
346 488 548 566 ψευδὴς
588 489 758 551 ἵππος
787 489 861 551 εἷς
898 488 1200 559 σωτηρίαν,
1250 484 1375 542 οὐδὲ
1430 486 1483 542 ἐν
1531 494 1648 550 ταῖς
1681 490 1816 559 κνή-

1949 490 2163 562 niscet,
2192 497 2250 547 at
2282 494 2429 549 769
2456 492 2714 549 vicissim
2737 509 3000 549 mensam
3028 494 3473 551 instruitcoram
3498 497 3582 552 eis

875 583 898 595 υ

161 603 302 655 μαις
334 585 430 636 τοῦ
460 579 657 654 ἀνδρὸς
686 575 916 635 εὐδοκεῖ.
978 576 1043 633 Εἰ
1076 574 1305 631 δείκνυσι
1354 580 1436 648 τῷ
1489 576 1674 650 οἰκείῳ
1707 576 1826 651 λαῷ

154 672 387 746 σκληρᾶ
413 670 503 724 καὶ
545 669 693 724 οἶνοι
735 669 951 741 κίρνησι
983 665 1350 737 κατανύξεως,
1387 663 1514 723 ἀλλ’
1547 667 1826 741 ἑτοιμάζοι)

154 762 255 816 καὶ
295 760 561 836 τράπεζαν
597 757 647 829 ἐξ
699 758 937 821 ἐναντίας
999 763 1107 813 τῶν
1169 752 1497 827 θλιϐόντων,
1542 758 1630 811 καὶ
1688 778 1826 831 προ-

148 850 328 906 τείνει
379 852 645 922 ποτήριον
703 845 1113 923 φιλανθρωπίας
1162 843 1374 920 πλῆρες
1435 846 1525 900 καὶ
1556 845 1828 918 ἱλαρότη-

148 960 255 1001 τος
296 940 386 994 καὶ
432 938 696 1012 μεθύσκον
737 938 811 998 ὡς
839 937 1152 1010 κράτιστον.
1210 935 1271 991 Ei
1329 935 1458 997 τοὺς
1494 940 1828 1010 μαστιγοῦν-

152 1049 259 1089 τας
291 1027 352 1082 ἐκ
380 1026 630 1103 περάτων
680 1026 800 1099 ἄγει
863 1031 963 1093 τῆς
1020 1030 1125 1099 γῆς
1185 1025 1273 1079 καὶ
1316 1029 1424 1078 τῶν
1486 1022 1538 1078 ἒν
1590 1023 1831 1097 θαλάσσῃ

163 1117 407 1191 μακρὰν,
460 1116 550 1170 καὶ
610 1111 700 1169 διὰ
793 1114 1079 1188 προφήτου
1167 1114 1268 1187 βοᾷ
1356 1111 1829 1189 μεγαλοκήρυκος,

166 1231 198 1257 ‹‹
230 1206 485 1281 Γίγαντες
542 1202 798 1278 ἔρχονται
856 1200 1148 1275 πληρῶσαι
1195 1201 1286 1256 τὸν
1325 1202 1493 1273 θυμόν
1541 1222 1668 1275 μου,
1702 1201 1831 1277 χαί-

166 1315 363 1369 ροντες
405 1288 516 1367 ἅμα
557 1292 646 1347 καὶ
703 1292 979 1360 παίζοντες
1038 1290 1361 1366 ἡγιασμένοι
1407 1290 1531 1362 εἶσὶ,
1585 1290 1675 1346 καὶ
1716 1292 1829 1367 ἃγω

166 1383 400 1455 αὐτοὺς,
460 1408 486 1433 ι)
543 1379 689 1437 ἀλλὰ
747 1381 836 1435 καὶ
892 1379 1107 1442 τούτοις
1174 1379 1426 1435 ἐπιτείνει
1466 1376 1829 1457 σφοδροτέρας

163 1471 401 1547 πληγὰς
421 1472 507 1525 καὶ
535 1475 642 1525 τῶν
684 1475 863 1523 κακῶν
901 1468 1145 1543 μαστίζει
1184 1474 1302 1530 τοῖς
1365 1468 1599 1543 χείροσι,
1666 1470 1828 1543 χάριν

169 1551 345 1617 εἰδὼς
377 1551 632 1627 οὐδαμῶς
673 1549 951 1625 οὐδεμίαν,
994 1550 1038 1608 εἶ
1081 1557 1284 1627 χρῆται
1317 1550 1533 1610 τούτοις
1574 1551 1831 1625 ὀργάνοις

170 1644 254 1707 είς
297 1640 523 1718 ὄλεθρον
578 1640 795 1698 πόλεων
827 1641 915 1697 καὶ
984 1644 1169 1697 κακοῖς
1228 1638 1545 1714 ἐπιδημίοις
1577 1640 1669 1696 καὶ
1727 1638 1828 1712 δη-

171 1734 332 1807 μίοις
360 1733 656 1808 ἀνθρώπιον
683 1731 1072 1803 ἀνελεήμοσιν,
1106 1729 1212 1786 εἶ’τε
1254 1733 1362 1804 μὴν
1431 1730 1507 1791 ὡς
1545 1729 1830 1801 ειοσηλεῖαι

164 1823 266 1878 καὶ
290 1824 550 1901 φάρμακα
580 1820 923 1895 συναίρονταί
983 1820 1033 1874 οἱ
1081 1817 1134 1874 ἐν
1183 1816 1462 1880 πλείστοις
1502 1819 1577 1879 ῶς
1636 1822 1832 1894 ψυχῶν

162 1914 370 1987 ἱατρῷ,
414 1912 499 1972 οἷς
538 1912 630 1964 καὶ
661 1911 820 1987 φύσις
874 1906 1057 1964 τοιάδε
1085 1930 1169 1971 τις
1218 1902 1389 1963 ἔνεστι
1425 1914 1541 1969 τοῖς
1611 1907 1831 1976 ἐπιστη-

159 2023 296 2056 σασι
334 1997 640 2075 πρόδηλος.
674 1998 935 2075 Καχεξίαι
996 1999 1091 2070 μὲν
1146 1998 1251 2073 γὰρ
1307 1995 1343 2067 ἤ
1402 2002 1498 2052 τοῦ
1526 1999 1833 2070 κάμνοντος

161 2090 616 2166 ἀναρρωσθέντος
649 2090 1062 2163 ὲκμαρανθεῖσαι
1095 2092 1192 2143 τοῦ
1250 2085 1378 2163 δρᾷν
1420 2085 1615 2161 ἔληξαν
1653 2086 1690 2157 ἤ
1755 2092 1835 2160 τῷ

156 2181 442 2256 πάσχοντι
479 2177 920 2235 συνδιόλλυνται.
980 2178 1063 2235 Τὰ
1130 2174 1176 2231 δ’
1233 2177 1518 2232 ἀκεσίνοσα
1576 2178 1833 2255 φάρμακα

159 2271 234 2326 τὸ
287 2273 591 2346 καχεκτοῦν
658 2266 955 2338 ὁτεὸήποτε
1014 2267 1279 2341 ἱασάμενα
1327 2271 1445 2329 ταῖς
1503 2271 1612 2322 τῶν
1686 2265 1832 2322 ὑλῶν

157 2360 527 2436 ἀτιμοτέραις
585 2361 943 2433 συμπρόεισιν
996 2357 1381 2434 ἀχρεῖοῦμενα.
1446 2362 1661 2431 Χρῆναι
1717 2356 1836 2413 τοί-

165 2472 274 2505 νυν
304 2449 447 2525 φημῖ
476 2451 553 2522 μή
592 2443 810 2525 βιϐλίον
860 2446 1193 2504 ἀποστασίου
1246 2447 1385 2520 πρὸς
1443 2451 1576 2501 Θεοῦ
1609 2444 1837 2520 δεδομέο

159 2561 269 2596 νον
293 2542 433 2612 ἡμῖν
468 2537 505 2607 ἤ
535 2542 664 2614 γοῦν
731 2535 838 2593 τῶν
896 2536 1225 2611 ἀγριελαίων
1271 2530 1556 2611 βαρϐάρων
1594 2534 1836 2605 παντελῆ

159 2628 515 2704 ἐγκέντρισιν
547 2628 626 2690 εἱς
656 2628 755 2696 τὴν
797 2628 915 2682 καθ’
943 2628 1090 2698 ἡμᾶς
1130 2622 1485 2681 καλλιέλαιον
1521 2626 1586 2681 τα
1618 2622 1839 2682 ἐπιόντα

157 2719 386 2782 οἲεσθαι
422 2715 593 2787 δεινὰ,
658 2714 804 2771 ἀλλὰ
860 2712 1106 2771 παιδείαν
1179 2716 1399 2790 μικράν,
1434 2714 1625 2771 ὁποίαν
1660 2714 1840 2786 ί’σησιν

159 2809 395 2883 ἐπάγειν
457 2808 613 2876 Θεὸς,
681 2806 848 2867 ἀνιεὶς
910 2809 1007 2860 τοῦ
1080 2803 1210 2878 ἄγαν
1284 2801 1410 2876 μηδ’
1470 2803 1709 2867 ἐνδιδοὺς
1776 2807 1842 2861 τὰ

160 2900 349 2954 πάντα
375 2902 495 2957 τοῖς
527 2900 866 2969 πειρασταῖς,
936 2892 1083 2949 ἀλλὰ
1139 2894 1229 2949 καὶ
1278 2897 1386 2948 τῶν
1426 2894 1844 2967 πειραζομὲνων

164 2987 232 3043 ἐν
267 2985 423 3060 μέρει
462 2983 805 3063 φειδόμενος,
839 2982 929 3037 καὶ
994 2982 1232 3054 μάλιστα
1300 2982 1346 3037 εἱ
1403 2982 1465 3036 τὸ
1529 2983 1622 3055 μὲν
1678 2979 1845 3057 δρῶν,

167 3075 348 3151 κόρον
381 3075 483 3130 οὐκ
516 3073 657 3136 εἱδός
703 3072 1108 3147 ἀνοσιουργίας,
1169 3071 1260 3126 καὶ
1318 3072 1486 3125 αὐτοῦ
1525 3071 1847 3147 κατεπαίρε-

308 3159 539 3193 κ,ςιρ
803 3162 996 3185 ,νς
1084 3160 1231 3218 ix“
1329 3158 1423 3214 ἲλγ(
1646 3166 1668 3175 υ

169 3187 271 3221 ται
305 3180 356 3219 οι
406 3185 657 3219 ασεοειαν
691 3183 799 3234 παρ
847 3183 909 3217 ου
938 3183 1038 3230 την
1111 3182 1141 3215 σ
1188 3183 1246 3214 ur
1301 3182 1346 3215 ε.
1412 3181 1518 3239 ,φει
1575 3182 1673 3216 του
1745 3184 1846 3235 μα·

1864 1864 1908 1928 Β

1936 598 1965 635 a
2000 582 2218 652 quibus
2252 582 2556 653 atﬂigitur,
2590 587 2647 638 et
2678 582 2956 655 poculum
3018 583 3265 655 porrigit
3313 584 3589 640 humani-

1934 674 2051 725 tate
2082 674 2138 725 et
2168 669 2461 726 hilaritate
2494 671 2728 743 plenum
2762 678 2817 727 et
2848 672 2920 727 ob
2950 671 3066 726 vini
3102 673 3419 728 bonitatem
3464 675 3591 729 ine-

1936 758 2151 814 briuns.
2186 760 2242 815 SI
2271 759 2656 831 ilugellatores
2689 761 2760 816 ab
2793 761 3068 816 extremis
3106 767 3267 817 terra:
3297 762 3589 832 marisque

1942 846 2159 902 finibus
2192 850 2449 917 adducit,
2483 855 2540 905 et
2590 867 2689 920 per
2725 850 3069 921 Prophetam
3133 867 3407 922 magnum
3446 870 3590 923 pra:-

1936 951 2142 992 eonem
2173 937 2474 994 clamitat:
2515 961 2542 990 ‹‹
2581 940 2863 1011 Gigantes
2911 940 3174 1005 veniunt,
3207 946 3270 995 ut
3325 940 3594 999 exileant

1938 1023 2084 1079 iram
2117 1041 2328 1091 meam,
2362 1026 2537 1081 simul
2572 1033 2630 1082 et
2660 1027 2924 1083 laetantes
2951 1034 3007 1082 et
3039 1027 3308 1083 ludentes
3337 1045 3351 1093 ;
3394 1045 3593 1084 sacro—

1938 1114 2128 1168 sancti
2162 1119 2321 1180 sunt,
2345 1124 2398 1171 et
2431 1133 2464 1171 a
2499 1133 2591 1172 me
2620 1117 3025 1172 adducuntur:
3058 1136 3085 1168 ι
3146 1118 3304 1188 atqui
3366 1118 3598 1189 gravio—

1938 1203 2102 1258 ribus
2170 1203 2356 1275 plagis
2386 1207 2623 1261 eosdem
2656 1206 2834 1261 afficit
2882 1210 2939 1261 et
2990 1206 3378 1261 deterioribus
3423 1204 3596 1261 malis

1939 1290 2218 1364 ﬂagellat;
2247 1310 2351 1349 nec
2384 1293 2559 1350 ullam
2586 1296 2670 1350 eis
2701 1296 2946 1368 gratiam
3002 1295 3195 1363 habet,
3247 1296 3292 1351 si
3342 1312 3443 1367 pro
3503 1295 3597 1351 in-

1939 1381 2282 1437 strumentis
2337 1384 2409 1438 ad
2462 1384 2777 1455 perniciem
2826 1384 3060 1439 urbium
3122 1391 3179 1440 et
3227 1385 3598 1457 publicarum

1938 1469 2191 1525 cladium
2228 1477 2284 1525 et
2316 1488 2417 1543 pro
2454 1472 2793 1528 crudelibus
2849 1474 3160 1529 hominum
3215 1473 3596 1529 carniﬁcibus

1939 1558 2024 1613 eis
2053 1560 2257 1620 utitur.
2292 1564 2437 1617 Nam
2496 1578 2596 1617 eos
2648 1566 2707 1616 ut
2742 1562 2976 1617 morbos
3033 1565 3091 1616 et
3145 1562 3596 1631 medicamenta,

1941 1648 2157 1720 quippe
2187 1649 2519 1705 animorum
2547 1651 2828 1718 medicus,
2863 1650 3140 1718 adhibet;
3207 1666 3455 1720 quorum
3490 1665 3601 1705 na-

1941 1744 2070 1791 tura
2098 1736 2301 1809 peritis
2335 1755 2447 1794 non
2483 1738 2681 1810 ignota
2710 1743 2836 1795 est:
2872 1747 2969 1794 aut
3020 1738 3177 1794 enim
3233 1740 3386 1794 mula
3429 1737 3599 1794 babi-

1941 1827 2084 1880 tudo
2135 1832 2351 1898 aegroto
2401 1833 2604 1884 sanato
2664 1829 2815 1884 vires
2870 1845 3007 1883 suas
3063 1828 3301 1897 amittit,
3335 1833 3434 1883 aut
3482 1844 3601 1883 una

1940 1931 2070 1969 cum
2124 1916 2224 1971 illo
2283 1917 2501 1971 interit.
2559 1917 2987 1973 Medicamenta
3034 1934 3171 1973 vero
3223 1918 3604 1988 quantumvis

1939 2004 2098 2059 acria
2128 2004 2372 2075 depulso
2406 2005 2610 2060 morbo
2643 2022 2759 2061 una
2815 2023 2943 2061 cum
2993 2022 3171 2076 prava
3204 2007 3450 2061 materia
3504 2023 3602 2060 ex-

1943 2092 2260 2164 pelluntur,
2288 2110 2393 2150 nec
2425 2094 2528 2149 ulli
2560 2100 2701 2151 sunt
2729 2094 2985 2165 amplius
3018 2094 3171 2149 usui.
3207 2093 3596 2159 Quamobrem

1942 2182 2174 2238 afﬁrmo
2213 2181 2327 2238 ista
2354 2182 2525 2247 mala,
2558 2182 2778 2253 quibus
2808 2181 3074 2252 oppressi
3106 2198 3335 2247 sumus,
3373 2197 3484 2235 non
3518 2180 3591 2236 li-

1943 2271 2159 2328 bellum
2192 2272 2423 2345 repudii
2446 2273 2730 2330 divinitus
2763 2272 2934 2329 nobis
2972 2273 3175 2328 datum
3231 2276 3332 2327 aut
3384 2270 3596 2327 barba-

1944 2361 2049 2418 rici
2088 2362 2324 2419 oleastri
2351 2361 2679 2418 absolutam
2714 2361 3049 2419 insitionem
3085 2362 3145 2417 in
3206 2368 3466 2417 nostram
3500 2360 3603 2416 oli-

1944 2468 2075 2507 vam
2106 2442 2235 2508 esse
2284 2451 2628 2523 judicanda,
2689 2454 2786 2507 sed
2823 2468 3059 2523 parvam
3120 2451 3591 2525 castigationem,

1946 2539 2177 2611 qualem
2236 2540 2388 2596 Deus
2445 2540 2723 2597 adhibere
2780 2540 2941 2597 novit
2992 2547 3216 2597 servato
3251 2543 3441 2611 modo,
3476 2560 3592 2598 non

1948 2629 2147 2686 omnia
2206 2630 2593 2686 tentatoribus
2648 2630 2964 2687 concedere
2994 2629 3365 2687 sedtentatis
3417 2632 3596 2687 etiam

1951 2734 2187 2790 parcere
2219 2717 2450 2785 solitus,
2484 2717 2806 2789 praesertim
2841 2719 2890 2774 si
2921 2718 2971 2774 is
3030 2719 3128 2788 qui
3190 2721 3306 2792 agit
3365 2718 3598 2775 nullum

1957 2807 2195 2863 modum
2232 2808 2356 2863 suis
2389 2809 2542 2864 110
2573 2807 2888 2864 sceleribus
2939 2810 3167 2877 statuit,
3201 2810 3301 2864 sed
3356 2826 3456 2880 per
3488 2809 3603 2862 im-

1956 2897 2227 2969 pietatem
2262 2901 2465 2953 contra
2507 2913 2640 2953 eum
2692 2898 2888 2969 ipsum
2922 2896 3176 2970 insurgit
3206 2915 3239 2953 a
3270 2914 3384 2969 quo
3411 2897 3602 2968 flagel-

1955 2984 2114 3040 landi
2159 2988 2502 3055 potestatem
2545 2986 2766 3057 accepit
2812 2989 2904 3055 (ut
2952 2986 3338 3041 Nabuzardan
3398 2986 3602 3056 praefe-

1956 3078 2086 3130 ctus
2133 3074 2446 3140 exercitus,
2474 3074 2576 3146 qui
2604 3074 2746 3130 urbe
2805 3075 2901 3129 Dei
2934 3075 3175 3130 incensa
3229 3090 3366 3130 vasa
3428 3072 3603 3128 mini-

1960 3163 2123 3219 sterii
2153 3163 2301 3219 sacri
2327 3164 2560 3234 rapuit;
2598 3167 2664 3219 ut
2703 3162 3030 3230 Balthasar,
3064 3163 3165 3235 qui
3196 3163 3269 3218 iis
3300 3164 3369 3218 ad
3403 3161 3604 3217 luxum

177 3258 434 3331 πιγοῦν,
464 3254 538 3315 ὡς
574 3254 671 3326 μὲν
732 3246 1118 3327 Ναϐουζαρδὰν
1175 3237 1573 3326 ἀρχιμάγειρος
1612 3252 1712 3319 τὴν
1752 3256 1842 3308 τοῦ

1963 3253 2186 3309 abusus
2244 3258 2354 3323 est,
2388 3254 2490 3326 qui
2546 3253 2665 3309 aris
2716 3253 2908 3309 illusit
2973 3260 3030 3309 et
3086 3252 3283 3309 divina
3334 3250 3612 3324 mysteria

178 3349 325 3401 Θεοῦ
382 3342 544 3400 πόλιν
603 3341 981 3416 παραπέμπων
1041 3340 1172 3414 πυρὶ
1229 3339 1320 3395 καὶ
1384 3339 1450 3394 τὰ
1500 3340 1855 3419 λειτουργικᾶ

183 3434 356 3505 σκεύη
403 3431 782 3509 προνομεύων,
818 3432 893 3487 ὡς
954 3427 1011 3485 δὲ
1065 3427 1347 3501 Βαλτάσαρ
1376 3433 1592 3504 τρυιρῶν
1659 3430 1710 3484 ἐν
1752 3432 1850 3486 αὐ-

182 3530 308 3585 τοῖς
350 3522 704 3597 θυσιαστήριά
730 3542 789 3576 τε
819 3514 1186 3593 καθυϐρίζων,
1231 3517 1298 3573 τὰ
1354 3514 1412 3573 δὲ
1477 3520 1593 3575 θεῖα
1646 3522 1857 3593 μυστή,

188 3634 285 3688 ρια
318 3611 739 3690 ἐξορχούμενος,
765 3612 826 3666 τὸ
867 3608 924 3665 δὲ
954 3609 1166 3683 πάσχον
1220 3608 1411 3662 ἑαυτοῦ
1451 3607 1744 3685 γινόμενον
1799 3610 1854 3665 ἐν

193 3700 607 3777 πρωτολογίαις
669 3702 971 3774 κατήγορον
1033 3698 1348 3771 παρήγορον
1442 3698 1535 3752 τὸν
1591 3699 1857 3755 παίσαντα

196 3792 332 3848 Θεὸν
370 3792 700 3865 θερμότερον
753 3785 1130 3857 ἐπικέκληται.
1186 3786 1396 3844 Οὐκοῦν
1452 3786 1857 3864 φιλανθρωπίαν

200 3879 602 3954 ἐκδεχομένους
634 3883 768 3934 Θεοῦ
796 3876 913 3933 δεον
945 3874 1092 3947 ᾅδειν
1130 3875 1264 3949 μετᾶ
1289 3870 1479 3950 Δαϐιδ,
1513 3902 1541 3930 ‹‹
1567 3880 1856 3949 Μνήσθητι

203 3974 393 4043 ἡμῶν,
431 3969 616 4042 Κύριε,
650 3966 700 4021 ἐν
733 3970 802 4041 τῇ
845 3963 1063 4035 εὐδοκία
1096 3969 1192 4019 τοῦ
1235 3963 1374 4020 λαοῦ
1427 3984 1542 4021 σοιν
1576 3964 1860 4042 ἐπίσκεψαι

200 4063 352 4133 ἡμᾶς
381 4060 434 4114 ὲν
464 4063 545 4131 τῷ
579 4055 837 4132 σωτηρίῳ
871 4076 968 4111 σου
998 4058 1095 4109 τοῦ
1134 4050 1270 4109 ἱδεῖν
1306 4054 1357 4109 ἒν
1418 4060 1486 4129 τῇ
1518 4056 1859 4130 χρηστότητι

197 4154 311 4205 τῶν
342 4148 609 4204 ἐκλεκτῶν
643 4168 761 4214 σου,
793 4149 890 4201 τοῦ
923 4145 1280 4223 εὐφρανθῆναι
1342 4143 1394 4197 ὲν
1452 4147 1521 4217 τῇ
1555 4145 1856 4223 εὐφροσύνῃ

198 4243 300 4294 τοῦ
330 4236 516 4303 ἔθνους
548 4258 668 4308 σου,
699 4239 795 4291 τοῦ
839 4234 1172 4289 ἐπαινεῖσθαι
1233 4231 1368 4306 μετὰ
1425 4238 1528 4301 τῆς
1583 4233 1859 4309 κληρονο-

204 4329 334 4403 μίας
368 4350 485 4396 σου,
522 4352 550 4378 ››
596 4326 652 4381 εὖ
684 4323 897 4387 εἰδότας
928 4324 1001 4385 ὡς
1058 4316 1268 4377 ἀσεϐῶν
1330 4320 1426 4393 μὶν
1475 4324 1509 4391 ἡ
1572 4323 1647 4384 εἰς
1703 4323 1861 4389 τέλος

1962 3343 2358 3416 contempsit),
2415 3342 2466 3400 is
2515 3360 2651 3400 vero
2730 3343 2828 3415 qui
2887 3343 3127 3417 patitur,
3170 3359 3232 3399 se
3298 3342 3492 3413 ipsum
3552 3339 3615 3395 in

1964 3431 2170 3504 [rimis
2219 3437 2458 3489 accusat
2509 3440 2559 3487 et
2609 3434 2916 3489 verberum
2969 3430 3222 3488 auctoris
3286 3431 3380 3487 Dei
3445 3446 3616 3501 opem

1964 3527 2023 3577 et
2058 3520 2517 3578 consolationem
2551 3521 3138 3593 ardenterimplorat.
3160 3522 3362 3591 Itaque
3383 3519 3483 3575 Dei
3518 3519 3619 3573 be-

1966 3611 2226 3683 nignitas
2261 3611 2429 3667 nobis
2450 3612 2842 3683 exspectanda
2876 3617 2989 3677 est,
3019 3619 3073 3665 et
3103 3626 3237 3666 cum
3272 3608 3485 3662 Davide
3516 3622 3614 3662 cae

1968 3700 2266 3756 nendum:
2326 3700 2618 3755 Memento
2661 3699 2869 3767 nostri,
2902 3699 3171 3768 Domine,
3233 3697 3290 3751 in
3323 3695 3618 3767 approba-

1968 3790 2123 3845 tione
2155 3788 2350 3861 populi
2386 3792 2490 3844 tui.
2525 3790 2764 3846 Invisito
2799 3805 2903 3845 nos
2935 3793 3002 3843 ut
3060 3791 3338 3852 servator,
3373 3791 3433 3839 ut
3488 3800 3618 3854 pro-

1969 3881 2307 3952 speritatem
2339 3879 2656 3935 electorum
2689 3882 2923 3935 tuorum
2955 3879 3283 3942 videamus,
3316 3879 3380 3930 ut
3421 3874 3624 3930 latitia

1969 3969 2163 4042 gentis
2194 3973 2305 4024 tum
2343 3969 2623 4037 lmteiuur,
2658 3973 2721 4024 ut
2753 3985 2886 4025 cum
2958 3967 3293 4022 haereditate
3344 3969 3444 4019 tua
3495 3961 3624 4018 lau-

1972 4060 2200 4116 demur.
2236 4060 2434 4131 Neque
2492 4060 2650 4115 enim
2706 4060 3024 4116 obscurum
3077 4061 3166 4113 est
3218 4054 3433 4127 impios
3487 4052 3622 4109 dedi

1971 4150 2194 4223 ﬂagris,
2227 4167 2363 4205 cum
2419 4165 2619 4205 eorum
2679 4153 2871 4204 autem
2929 4148 3335 4221 castigatione,
3370 4160 3622 4217 quorum

1971 4255 2107 4311 spes
2139 4240 2198 4295 in
2223 4238 2469 4294 Domino
2491 4238 2606 4293 sita
2632 4242 2743 4307 est,
2776 4236 3237 4293 consolationem
3269 4244 3323 4291 et
3380 4234 3616 4290 restitu-

1972 4328 2193 4384 tionem
2228 4329 2285 4382 in
2319 4327 2611 4399 integrum
2643 4343 2769 4383 esse
2793 4326 3188 4397 conjunctam.

199 4416 502 4492 παράδυσις
533 4415 623 4471 καὶ
658 4414 1018 4491 μαστίγωσις,
1050 4416 1157 4466 τῶν
1191 4407 1238 4464 δ’
1268 4408 1588 4479 ἠλπικότων
1621 4411 1708 4467 ἐπὶ
1768 4416 1969 4490 Κυριον
2016 4420 2087 4489 τῇ
2158 4412 2378 4487 παιδείᾳ
2436 4411 2740 4491 σύνδρομος
2773 4416 2808 4484 ἡ
2840 4411 3187 4489 παράκλησίς
3223 4432 3280 4467 τε
3319 4410 3408 4467 καὶ
3486 4411 3624 4466 ἐπα-

200 4506 497 4577 νάκλησις.
