4028 6218
410 412 524 472 9⁸11

412 635 629 690 multos
678 632 908 689 blandis
955 629 1173 697 verbis,
1223 645 1428 684 omnes
1476 643 1613 684 cum
1662 625 2062 683 comminatio.

412 726 584 780 nibus
645 722 1153 795 percontabantur.
1217 717 1325 786 Qui
1373 735 1508 774 cum
1566 717 1678 773 alia
1730 733 1793 772 se
1850 715 2063 770 habere

411 814 754 880 faterentur,
817 810 932 866 alia
989 809 1334 872 indicarent,
1389 807 1500 862 alia
1562 805 1622 861 in
1681 810 2058 876 conspectum

413 903 688 958 afferrent
717 915 736 954 :
773 900 987 954 milites
1021 898 1183 952 nulla
1210 913 1349 968 erga
1406 896 1670 967 hospites
1731 892 2059 960 clementia,

417 990 578 1046 nulla
609 989 994 1059 benignitate,
1053 1003 1157 1041 nec
1215 985 1486 1056 hospitiis
1545 1001 1650 1038 nec
1699 986 1849 1038 victu
1911 982 2062 1036 770

413 1079 923 1140 communicando,
961 1076 1295 1132 utebantur.
1328 1072 1539 1129 Omnia
1583 1073 1858 1142 superba,
1897 1069 2062 1125 inhu-

415 1185 612 1238 mana,
645 1167 928 1222 immania
960 1170 1146 1221 erant.
1206 1163 1438 1219 Domini
1495 1177 1595 1231 per
1645 1158 2060 1217 contumeliam

414 1258 639 1314 aedibus
661 1257 786 1312 suis
817 1253 1224 1326 ejiciebautur.
1286 1252 1510 1316 Quibus
1564 1250 1636 1305 de
1689 1251 1884 1304 causis
1927 1263 2062 1304 cum

412 1347 604 1402 visum
625 1350 782 1400 esset
805 1342 1052 1399 ducibus
1075 1342 1148 1398 iis
1187 1341 1289 1412 qui
1326 1338 1540 1395 vellent
1583 1338 1727 1394 urbe
1747 1337 2062 1393 excedendi

415 1439 763 1509 potestatem
796 1435 954 1498 dare,
981 1431 1138 1486 cives
1197 1430 1504 1485 turmatim
1558 1427 1820 1494 abibant,
1854 1425 2064 1498 pannis

418 1524 686 1592 involuti,
723 1523 906 1579 macie
937 1527 994 1576 et
1023 1519 1246 1591 pallore
1303 1517 1570 1585 confecti,
1623 1516 1769 1572 facie
1816 1513 2064 1570 mortuis

418 1613 666 1680 similes,
699 1611 885 1666 oculis
917 1609 1205 1681 sanguine
1234 1607 1498 1674 suffusis,
1531 1605 1746 1677 quippe
1776 1604 1876 1674 qui
1924 1619 2064 1657 san-

417 1702 592 1773 guine
623 1701 814 1772 potius
833 1716 1008 1771 quam
1033 1697 1309 1766 laccymis
1338 1697 1558 1750 tierent.
1593 1694 1736 1750 Nam
1760 1693 1858 1748 alii
1890 1691 2066 1746 facul-

419 1798 608 1846 tatum
632 1792 927 1859 jacturam
958 1787 1336 1858 deplorabant
1365 1783 1516 1852 :alii,
1549 1801 1616 1839 ea
1638 1788 1703 1838 ut.
1752 1799 1812 1838 re
1833 1782 2066 1839 levioris

420 1881 700 1936 momenti
735 1877 1020 1949 neglecta,
1054 1884 1152 1930 ant
1186 1875 1376 1930 ﬁliola)
1421 1872 1642 1929 nubilis
1684 1877 1919 1944 raptum
1962 1875 2063 1926 aut
2092 1895 2141 1961 Β

419 1973 728 2041 coniugem
761 1985 1061 2034 amissam,
1113 1965 1212 2022 alii
1270 1965 1521 2036 denique
1573 1962 1732 2019 aliud
1772 1964 1830 2018 in
1862 1961 2066 2018 itinere

415 2059 592 2131 lugeb
609 2064 713 2114 int.

1717 399 2026 463 NICETJE
2067 397 2491 462 CBONIATE

410 547 481 601 de
510 542 756 602 occultis
777 539 1094 608 thesauris,
1126 538 1444 595 nonnullos
1507 554 1641 593 cum
1688 535 2048 603 verberibus,

2177 531 2406 607 ipu'mmc
2462 528 2770 606 εῗργάσατο,

3711 394 3842 456 9ἷ2

2855 529 3102 605 τιμωρὸς
3179 528 3404 608 ὀφθεῖσα
3497 526 3846 608 φιλότιμος.

2168 621 2269 677 Καὶ
2294 620 2392 688 τήν
2429 619 2524 691 μὶν
2557 620 2767 692 ἡμέραν
2801 617 3016 690 ἐκείνην
3043 619 3160 674 καθ’
3221 617 3288 688 ἤν
3329 621 3364 688 ἡ
3419 618 3589 680 πόλις
3652 617 3850 673 ἑαλω-

2165 733 2274 781 κεν,
2307 701 2360 764 οἱ
2409 707 2700 766 σκυλευταὶ
2755 714 2875 771 ταῖς
2936 711 3141 785 ὁπῃοῦν
3200 708 3397 770 οἰκίαις
3455 709 3846 784 ἐναυλισάμεο

2171 823 2254 856 νοι
2300 801 2368 856 τά
2417 820 2476 854 τε
2531 797 2679 855 ἔνδον
2737 797 3040 874 διήρπαζον
3115 799 3207 854 καὶ
3263 798 3388 873 περὶ
3443 804 3552 853 τῶν
3610 799 3842 876 ἀψανῶν

2166 888 2294 952 τοὺς
2328 887 2591 953 δεσπότας
2637 889 2939 964 ἀνέκρινον,
2994 886 3216 964 πληγὰς
3263 885 3589 951 ἐντείνοντες
3648 889 3846 957 ἐνίοις,

2167 975 2406 1042 πολλοῖς
2467 975 2525 1032 δὲ
2579 977 2667 1032 καὶ
2754 982 3045 1054 προσηνῶς
3132 979 3547 1053 συγγινόμενοι,
3603 984 3734 1040 ταῖς
3798 977 3846 1032 δ’

2168 1067 2421 1130 ἀπειλαῖς
2452 1067 2542 1123 ἐπὶ
2599 1072 2728 1123 πᾶσι
2783 1069 3089 1147 χρώμενον
3149 1069 3226 1132 ὡς
3282 1066 3339 1124 δὶ
3393 1069 3461 1124 τά
3531 1069 3633 1142 μὶν
3685 1068 3848 1143 εἶχον

2166 1160 2234 1215 τὰ
2263 1158 2312 1214 δ’
2344 1160 2641 1238 ἐξέφαινον,
2696 1159 2767 1215 τά
2832 1161 2927 1234 μὲν
2987 1159 3294 1233 ὀφθαλμοῖς
3352 1161 3692 1236 προκείμενα
3751 1163 3846 1215 καὶ

2169 1249 2307 1322 πρὸς
2365 1254 2472 1305 τῶν
2533 1248 2774 1325 ἐχόντων
2831 1250 3238 1324 προσαγόμενα,
3293 1250 3361 1306 τὰ
3419 1247 3468 1304 δ’
3525 1250 3640 1305 ὑπὸ
3689 1256 3850 1329 σᾳῖιν

2167 1337 2341 1394 αὐτῶν
2401 1335 2810 1416 ἀναδιφώμενα,
2861 1339 2950 1393 καὶ
3010 1336 3181 1417 φειδώ
3233 1360 3318 1402 τις
3393 1338 3496 1394 οὐκ
3549 1339 3624 1407 ἦν
3689 1341 3849 1414 παρὰ

2167 1427 2344 1504 σφίσιν
2379 1425 2506 1482 ούδὶ
2540 1433 2648 1482 τῶν
2691 1427 2924 1483 ἐνόντων
2969 1424 3256 1501 μετάδοσις
3308 1430 3443 1501 πρὸς
3496 1429 3632 1490 τοὺς
3670 1423 3850 1506 ἔχον-

2166 1538 2282 1586 τας,
2316 1513 2440 1572 οὕτε
2470 1519 2580 1589 μην
2635 1515 2962 1590 συμμέθεξις
3013 1517 3190 1581 ἑστίας
3248 1517 3284 1587 ἢ
3351 1519 3673 1586 ἑστιάσεως,
3711 1519 3852 1575 ἀλλ’

2171 1607 2438 1681 ὑπεροψία
2495 1607 2586 1662 καὶ
2652 1606 2846 1681 ἀμιξία
2928 1608 3018 1663 καὶ
3089 1609 3208 1682 μεθ’
3283 1603 3492 1684 ὕϐρεων
3553 1610 3846 1686 ἀπαγωγὴ

2169 1697 2258 1752 καὶ
2288 1697 2631 1771 ἀπόπεμψις,
2693 1694 2846 1767 ἔδοξε
2903 1695 2994 1752 διὰ
3040 1701 3212 1754 ταῦτα
3277 1703 3394 1761 τοῖς
3435 1705 3848 1774 στρατηγοῦσιν

2167 1786 2436 1840 ἀνεικέναι
2489 1789 2607 1848 τοῖς
2671 1784 3034 1860 βουλομὲνοις
3088 1789 3188 1856 τήν
3276 1785 3338 1842 ἐκ
3419 1794 3522 1856 τῆς
3613 1789 3846 1850 πόλεως

2170 1871 2441 1948 ἄπαρσιν.
2551 1876 2694 1950 Κατᾲ
2806 1875 3118 1950 συμμορίας
3218 1875 3394 1931 τοίνυν
3485 1878 3849 1953 ἀγειρόμενοι

2175 1963 2420 2036 ἐξῄεσαν,
2506 1961 2716 2037 ῥακίοις
2793 1961 3201 2038 ἐσπειραμένοι,
3288 1964 3521 2036 ἀπαστίᾳ
3608 1966 3855 2036 ἐκτετη-

2171 2051 2385 2127 γμὲνοι,
2414 2051 2505 2106 τὸν
2566 2056 2758 2126 χρῶτα
2794 2052 3106 2127 τραπέντες,
3165 2052 3454 2127 νεκρώδεις
3520 2056 3620 2118 τὰς
3679 2055 3851 2130 ὄψεις

417 2149 512 2204 καὶ
543 2148 774 2224 ὕφαιμοι
806 2144 930 2206 τοὺς
972 2143 1312 2221 ὀφθαλμοὺς,
1350 2145 1499 2218 [378]
1530 2143 1606 2205 ὡς
1645 2141 1812 2197 πλέον
1855 2142 2078 2212 αἳμασιν
2110 2140 2252 2224 ἢπερ
2276 2138 2500 2216 δάκρυσι
2529 2139 2832 2204 κλαίοντες.
2865 2142 2931 2198 Οἱ
2967 2143 3061 2214 μὶν
3091 2144 3197 2219 γάρ
3227 2145 3440 2217 θρήνων
3467 2145 3565 2205 τὰς
3637 2146 3848 2208 οὐσίας

423 2223 889 2313 εἶχοιγὺπόθεσιν,
923 2234 975 2288 οἱ
1017 2231 1073 2288 δὲ
1101 2235 1198 2302 τήν
1229 2232 1436 2287 τούτων
1476 2227 1764 2301 ἀποϐολήν
1798 2231 1872 2293 ὡς
1903 2228 2056 2285 οὔπω
2085 2223 2275 2285 θλίϐον
2318 2229 2370 2292 ἐς
2403 2229 2480 2300 μὴ
2513 2227 2678 2303 λόγον
2732 2231 3026 2301 τιθέμενοι,
3075 2229 3113 2300 ἥ
3154 2233 3352 2306 ὡραῖον
3401 2233 3584 2308 γάμου
3644 2236 3850 2310 κόριον

428 2325 786 2401 ὠλοφύροντο
817 2325 1049 2400 ἀρπαγὶν
1081 2322 1228 2398 παρά
1254 2341 1350 2377 του
1380 2321 1470 2378 καὶ
1529 2320 1876 2396 διακορηθέν,
1929 2319 1966 2389 ἢ
2022 2317 2238 2398 ἀλόχου
2277 2319 2528 2396 στέρησιν
2567 2317 2943 2395 ἀπωδύροντο,
3001 2321 3092 2376 καὶ
3149 2320 3322 2384 ἀλλος
3389 2321 3532 2377 ἄλλο
3575 2345 3632 2379 τι
3669 2327 3853 2380 κακὸν

427 2415 695 2489 ἀνῴμωξε
732 2413 1120 2488 πορευόμενος.

493 2507 548 2560 3.
581 2504 655 2562 Ut
700 2509 894 2560 autem
955 2506 1026 2559 de
1083 2517 1176 2557 me
1232 2518 1466 2576 quoque
1523 2501 1745 2572 aliquid
1799 2501 2069 2567 referam,

424 2593 594 2650 multi
627 2611 695 2649 ex
726 2593 1112 2650 familiaribus
1143 2593 1241 2651 illo
1273 2593 1426 2648 tristi
1457 2596 1514 2646 et
1537 2607 1669 2647 vere
1719 2591 1949 2646 nefasto
1979 2589 2072 2644 die

421 2685 479 2738 in
515 2699 704 2739 meam
741 2683 982 2738 domum
1050 2682 1372 2754 porticibus
1433 2681 1791 2753 impositam,
1836 2682 2073 2751 propter

421 2773 839 2829 obscuritatem
863 2773 1023 2827 aditu
1048 2773 1346 2828 ditficilem
1372 2774 1530 2842 (nam
1574 2768 1980 2842 pulcherrimae
2015 2773 2073 2822 et

424 2863 805 2934 amplissimis
837 2865 986 2918 aedes
1011 2867 1220 2918 nostra;
1274 2862 1330 2916 in
1383 2861 1702 2933 Spboracio
1733 2860 1860 2914 sitae
1888 2859 2072 2914 altero

420 2953 690 3008 incendio
715 2951 1054 3023 perierant),
1088 2951 1500 3018 conﬂuebant;
1547 2955 1605 3005 et
1626 2948 1842 3019 alioqui
1865 2965 2072 3020 oppor-

421 3047 603 3096 tunus
633 3051 752 3097 erat
793 3041 929 3095 inde
961 3043 1017 3094 in
1081 3042 1398 3094 niaximum
1465 3038 1748 3109 templum
1799 3039 1942 3093 777
1979 3053 2072 3092 re-

423 3135 650 3199 ceptus,
682 3131 776 3183 cui
807 3129 994 3184 vicina
1023 3135 1162 3183 erat.
1221 3131 1326 3183 Sed
1391 3128 1602 3184 milites
1661 3127 1802 3181 nihil
1856 3127 2072 3196 imper-

2248 2505 2316 2572 γ’,
2373 2499 2486 2554 Ἰνα
2543 2495 2601 2553 δὲ
2654 2498 2745 2553 καὶ
2808 2498 2875 2554 τὰ
2929 2505 3044 2556 κατ’
3081 2498 3180 2574 ἐμὶ
3209 2500 3432 2569 συνείρει)
3469 2505 3538 2576 τῇ
3599 2504 3861 2581 ἱστορίῗν

2177 2585 2385 2644 πολλοὶ
2416 2590 2523 2642 τῶν
2554 2589 2798 2658 συνήθων
2832 2587 2912 2651 εἷς
2982 2587 3188 2662 τούμὸν
3247 2587 3586 2665 συνέδραμον
3629 2593 3864 2667 οἳκημα

2178 2683 2279 2746 τῆς
2334 2683 2570 2751 στυγνῆς
2643 2675 2858 2747 ἐκείνης
2943 2677 3033 2732 καὶ
3103 2675 3430 2754 δυσωνύμου
3489 2679 3663 2743 ὄντως
3733 2683 3862 2738 ἐπι-

2179 2767 2460 2844 φαυσάσης
2525 2765 2755 2838 ἡμέρας,
2820 2766 3102 2822 ὑπόστωον
3185 2766 3348 2824 οὖσαν
3433 2771 3524 2824 καὶ
3583 2770 3861 2846 χαλεπήν

2178 2852 2555 2928 προσπελάσαι
2604 2853 2695 2908 καί
2761 2852 2983 2931 ζοφώδη
3041 2856 3140 2924 τήν
3199 2853 3435 2912 εἴσοδον
3493 2859 3521 2913 ὁ
3560 2859 3670 2934 γὰρ
3707 2859 3860 2933 ἅμα·

2182 2961 2283 3018 χος
2312 2947 2394 3015 τῷ
2420 2941 2614 2998 κάλλει
2646 2943 2842 3016 καὶτῷ
2880 2947 3091 3019 μεγέθει
3152 2945 3410 3024 μέγιστος
3459 2947 3618 3010 οἶκος
3675 2951 3855 3023 ἡμῶν

2179 3031 2232 3086 ἐν
2273 3037 2388 3094 τοῖς
2439 3032 2764 3109 Σφωρακίου
2816 3029 3108 3108 ἱδρυμένος
3149 3035 3254 3090 ὑπὸ
3292 3041 3390 3090 τοῦ
3420 3033 3681 3112 δευτέρου
3741 3061 3854 3094 πυ-

2183 3119 2277 3195 ρὸς
2303 3121 2617 3194 ἠφάνισται.
2675 3122 2777 3178 Ἦν
2835 3119 2892 3178 δὲ
2937 3123 3029 3178 καὶ
3075 3121 3266 3185 ἄλλως
3315 3125 3574 3201 εὐμαρῶς
3635 3127 3846 3183 ἐκεῖθεν

423 3217 777 3289 vestigatum
837 3217 1292 3288 relinquebant;
1353 3233 1460 3271 nec
1508 3216 1671 3271 locus
1725 3215 1882 3271 ullus
1911 3232 2065 3272 sacer

2185 3210 2262 3272 εἰς
2291 3210 2386 3265 τὸν
2417 3209 2674 3284 μέγιστον
2733 3207 2972 3266 εἴσδῦναι
3026 3211 3174 3279 ναὸν,
3231 3211 3347 3268 ἐπεὶ
3403 3214 3493 3268 καὶ
3551 3219 3636 3286 τῷ
3671 3218 3854 3290 τεμέ-

423 3311 524 3360 aut
559 3313 674 3359 διιυ
710 3305 976 3360 munitus
999 3308 1293 3376 supplices
1317 3306 1681 3360 defendebat.
1711 3307 2069 3375 Quocunque

425 3411 784 3462 accurreres,
817 3395 889 3449 ab
918 3394 1189 3451 hostibus
1245 3397 1597 3462 abstractus,
1655 3411 1770 3465 quo
1802 3394 1918 3449 illis
1949 3400 2070 3450 erat

427 3484 706 3548 lubitum,
738 3483 1146 3540 abducebaris.
1175 3487 1329 3548 Quas
1351 3483 1596 3552 injurias
1618 3500 1750 3537 cum
1801 3499 2066 3538 cernere-

425 3587 579 3641 mus,
616 3579 680 3626 ut
710 3578 945 3644 tempus
979 3573 1216 3637 ferebat,
1249 3573 1426 3628 rebus
1459 3573 1672 3628 nostris
1711 3572 2068 3628 consuleba-

423 3679 575 3718 mus.
611 3663 744 3717 Erat
775 3661 918 3718 mihi
952 3660 1257 3718 familiaris
1287 3663 1526 3733 quidam
1578 3667 1754 3733 atque
1795 3661 2069 3716 domesti—

420 3767 522 3805 cus
555 3751 792 3806 natione
822 3751 1102 3816 Venetus,
1161 3753 1260 3821 qui
1320 3751 1480 3805 domi
1539 3766 1678 3804 mea:
1725 3766 1858 3806 cum
1891 3764 2068 3804 uxore

419 3845 477 3895 et
501 3843 675 3896 rebus
698 3841 825 3897 suis
849 3840 1062 3896 victum
1090 3845 1406 3910 tutumque
1437 3845 1733 3910 receptum
1775 3839 2026 3893 habebat
2051 3854 2065 3905 ;

419 3931 470 3986 is
492 3947 558 3986 eo
593 3939 853 4001 tempore
889 3931 1057 3986 nobis
1091 3929 1254 3985 utilis
1285 3929 1411 3984 fuit.
1447 3929 1591 3985 Nam
1615 3929 1796 3986 armis
1830 3934 1888 3984 et
1918 3929 2068 3984 mili-

419 4021 527 4075 tari
572 4021 776 4076 habitu
823 4038 923 4090 pro
973 4021 1322 4076 mercatoria
1380 4021 1656 4090 sumptis,
1717 4019 2067 4090 praedatores

421 4110 765 4180 aliquandiu
824 4109 1048 4164 fortiter
1105 4110 1310 4164 mdium
1377 4113 1645 4180 ingressu
1701 4106 1944 4178 depulit,
2005 4123 2068 4163 se

419 4199 879 4254 commilitonem
913 4214 1132 4267 corum,
1168 4203 1225 4253 et
1279 4197 1434 4253 ardes
1490 4212 1589 4253 eas
1639 4211 2068 4267 praeoccupasse

418 4288 729 4350 simulans,
762 4292 819 4341 et
849 4287 1032 4358 patria
1056 4286 1257 4358 lingua
1285 4302 1418 4342 cum
1450 4287 1537 4342 eis
1559 4302 1687 4356 qua:
1748 4301 1834 4340 res
1866 4291 2068 4356 postu—

419 4373 580 4430 labat
637 4372 995 4444 colloquens.
1056 4373 1200 4429 Cum
1250 4381 1444 4428 autem
1533 4371 1650 4428 illis
1728 4371 2068 4427 catervatim

415 4462 800 4527 irruentibus,
837 4462 1075 4517 Francis
1106 4462 1450 4532 praesertim,
1507 4462 1633 4532 qui,
1685 4464 1909 4516 ceteris
1962 4475 2068 4515 nec

410 4550 664 4620 ingeniis
695 4567 799 4605 nec
827 4551 1171 4621 corporibus
1204 4550 1450 4614 similes,
1483 4551 1541 4604 id
1584 4566 1766 4604 unum
1788 4565 1851 4604 se
1879 4549 2064 4606 vereri
2093 4587 2141 4652 Β

404 4639 635 4710 jactant
658 4655 726 4693 ne
750 4640 958 4694 cretum
983 4650 1130 4707 ruat,
1149 4639 1417 4694 resistere
1441 4656 1553 4694 non
1614 4644 1826 4709 posset,
1858 4648 2061 4694 auctor

414 4727 584 4782 nobis
618 4727 725 4782 fuit
758 4728 890 4782 inde
913 4728 1272 4796 discedendi,
1306 4744 1377 4782 ne
1399 4730 1553 4798 capti
1595 4745 1629 4782 a
1661 4729 1926 4784 Barbarie
1956 4744 2061 4784 nos

411 4817 472 4871 in
508 4816 739 4870 vincula
763 4818 1213 4886 conjiceremur,
1265 4815 1540 4872 mulieres
1589 4833 1719 4872 vero
1751 4819 1821 4871 ad
1855 4824 2062 4888 stupra

411 4913 470 4963 et
501 4906 802 4961 libidinem
865 4913 1224 4973 raperentur.
1284 4906 1428 4961 Cum
1483 4911 1683 4960 autem
1746 4905 1931 4962 bonus
1963 4905 2062 4962 ille

414 5000 640 5071 pridem
701 4995 958 5052 famulus
1010 4999 1069 5051 et
1125 4994 1330 5061 cliens,
1389 5001 1515 5049 tum
1575 5011 1706 5050 vero
1747 4993 1976 5066 adjutor
2003 5001 2062 5050 et

413 5097 673 5158 tempore
715 5086 967 5142 maxime
999 5083 1328 5140 necessario
1354 5084 1504 5140 778
1556 5083 1826 5139 defensor
1864 5099 1972 5138 nos
2001 5083 2059 5138 in

411 5178 553 5233 alias
575 5178 754 5244 zedes,
788 5175 886 5230 ubi
913 5175 1082 5230 nobis
1104 5172 1228 5228 noti
1251 5175 1453 5229 Veneti
1484 5173 1678 5230 habita
1692 5173 1852 5238 bant,
1886 5173 2064 5228 duce-

410 5273 514 5333 ret,
547 5267 714 5336 pauci
772 5263 945 5320 simul
997 5263 1320 5328 exibamus,
1353 5262 1454 5318 illo
1503 5262 1774 5318 manibus
1817 5277 1920 5318 nos
1953 5268 2066 5318 tra-

413 5354 582 5410 hente
611 5361 668 5411 et
700 5360 763 5410 ut
823 5356 1077 5427 praedam
1139 5368 1308 5409 suam
1372 5351 1710 5419 comitante,
1771 5351 1966 5408 tristes
2007 5358 2065 5407 et

409 5443 562 5492 male
587 5442 920 5497 vestitiﬁsd
958 5441 1053 5496 ubi
1087 5441 1160 5496 ad
1190 5442 1346 5496 illam
1384 5438 1546 5495 urbis
1607 5446 1829 5510 partem
1882 5439 2066 5496 Fran-

407 5543 491 5577 eis
530 5529 888 5598 assignatam
925 5546 1128 5585 rursus
1171 5531 1565 5602 pervenimus,
1607 5530 1741 5585 inde
1800 5529 2063 5602 profugi-

411 5627 562 5678 nius,
595 5630 625 5665 a
657 5615 891 5671 famulis
920 5619 1137 5673 nostris
1162 5619 1456 5689 omnibus,
1486 5620 1617 5675 aliis
1668 5619 1782 5675 alio
1834 5620 2066 5690 disper-

407 5700 515 5769 sis,
545 5699 949 5757 inhumaniter
988 5706 1227 5774 descrti,
1267 5707 1467 5764 liberis
1517 5709 1755 5780 nostris,
1788 5709 1883 5780 qui
1918 5725 2065 5766 non-

2177 3319 2254 3354 νει
2313 3299 2603 3356 συνέκειτο.
2659 3296 2816 3356 Ἀλλ’
2871 3299 2937 3368 ἦν
3024 3301 3433 3376 ἀνεξερεύνητον
3502 3301 3660 3359 οὐδὲν
3723 3312 3846 3367 τοῖς

2177 3387 2590 3462 στρατεύμασιν,
2625 3385 2750 3444 ούδὶ
2795 3388 2964 3451 τόπος
3021 3389 3221 3463 εὐαγής
3274 3392 3364 3446 καὶ
3420 3397 3492 3466 τῇ
3523 3394 3668 3449 θέσει
3701 3415 3851 3470 παρ-

2175 3474 2319 3552 έχων
2388 3475 2685 3555 ἀσφάλειαν
2755 3477 2932 3540 ἀσινὲς
3019 3477 3202 3554 ἐτήρει
3280 3479 3345 3535 τὸ
3403 3483 3846 3556 προσρυόμενον,

2173 3564 2298 3620 ἀλλ’
2332 3565 2440 3636 ὅπη
2499 3586 2582 3627 τις
2643 3564 2704 3621 ἄν
2755 3565 2846 3622 καὶ
2903 3566 3302 3643 προσέδραμεν,
3363 3570 3644 3628 ἀπεσπᾶτο
3703 3575 3846 3646 πρὸς

2172 3659 2280 3709 τῶν
2311 3653 2588 3711 εἰσιόντων
2621 3654 2732 3711 ἐκεῖ
2760 3657 3070 3730 πολεμίων,
3117 3658 3209 3713 καὶ
3263 3656 3389 3724 ἔνθα
3444 3663 3586 3734 πρὸς
3630 3663 3849 3737 βουλῇς

2173 3743 2400 3806 ἐκείνοις
2480 3745 2746 3820 ἀπήγετο.
2821 3747 2984 3803 Ταῦθ’
3069 3747 3304 3821 ὁρῶντες
3379 3750 3548 3822 ἡμεῖς
3609 3751 3847 3825 ἀνομού-

2177 3855 2328 3908 μενα,
2360 3835 2438 3897 ὠς
2492 3837 2555 3890 εκ
2613 3840 2720 3890 τῶν
2775 3835 3062 3911 παρόντων
3120 3836 3371 3916 εἲχομεν,
3424 3840 3490 3895 τὸ
3551 3842 3842 3918 σύμφορον

2176 3924 2418 3996 μέτιμεν,
2460 3925 2558 3978 ”Ην
2589 3922 2684 3978 οὖν
2731 3922 2858 3997 ὲμοί
2909 3945 2993 3986 τις
3050 3927 3288 3998 συνήθης
3344 3948 3402 3982 τε
3432 3929 3524 3983 καὶ
3558 3930 3836 3993 συνέστιος

2172 4011 2232 4067 ἑκ
2294 4017 2390 4068 τοῦ
2445 4017 2553 4069 τῶν
2613 4012 2908 4070 Βενετίκων
2964 4013 3254 4089 προελθὼς
3311 4016 3532 4094 γένους,
3594 4017 3840 4093 κομιδῆς

2173 4101 2494 4175 ἀξιούμενος
2525 4101 2614 4157 καὶ
2655 4108 2755 4172 τῆς
2814 4104 2866 4165 ἐς
2924 4103 2986 4158 τὸ
3046 4109 3207 4177 σῶμα
3263 4104 3568 4184 ἀσφαλείας
3623 4109 3836 4182 κομιδῆ

2175 4191 2424 4264 μετέχων
2455 4195 2572 4252 τοῖς
2604 4187 2753 4246 οὖσιν
2813 4192 2928 4262 ἅμα
2979 4192 3071 4247 καί
3127 4193 3366 4268 γυναικί.
3425 4196 3608 4258 Οὗτος
3631 4201 3842 4272 χρήσι-

2175 4299 2278 4352 μος
2309 4281 2444 4352 ἡμῖν
2489 4280 2543 4334 ἐν
2606 4285 2724 4341 τοῖς
2773 4281 2899 4336 τότε
2959 4286 3172 4354 καιροῖς
3228 4282 3456 4356 γίνεταιο
3514 4288 3842 4359 Θωρακισά-

2177 4388 2331 4440 μενος
2379 4369 2482 4444 γὰρ
2541 4367 2632 4424 καὶ
2689 4369 2781 4424 τὸν
2836 4363 3080 4442 ἔμπορον
3135 4369 3213 4433 είς
3272 4374 3620 4446 στρατιώτην
3683 4395 3846 4449 μετα-

2177 4458 2513 4531 μειψάμενος
2630 4457 2780 4530 μάλα
2892 4453 3171 4534 ἐμϐριθῶς
3277 4460 3619 4536 ἀπεκρούετο
3713 4466 3844 4526 τοὺς
3883 4517 3894 4524 ,

2175 4544 2445 4606 εἰσιόντας
2505 4545 2673 4620 μέχρι
2727 4547 2880 4607 τινὸς
2934 4547 2998 4601 τὸ
3084 4547 3295 4622 οἳκημα
3355 4550 3679 4616 αυλευτάς,
3747 4554 3839 4608 τὸν

2173 4631 2501 4704 συνοπλίτην
2559 4632 2786 4696 ἐκείνοις
2850 4635 3280 4709 ὑποκρινόμενος
3361 4638 3453 4692 καὶ
3505 4638 3846 4716 προειλησέο

2168 4742 2255 4778 ναι
2331 4725 2430 4792 τήν
2515 4722 2692 4778 οἰκίαν
2779 4721 3286 4799 σχηματιζόμενος,
3365 4723 3839 4804 συμϐαρὸαρίζων

2169 4812 2282 4884 ἅμα
2312 4812 2460 4888 σφίσι
2487 4811 2576 4866 καὶ
2603 4811 2671 4867 τὰ
2721 4811 2902 4868 εἰκότα
2933 4809 3345 4888 διαλεγόμενος.
3378 4816 3468 4879 Ὠς
3503 4815 3562 4872 δί
3620 4818 3675 4871 οἱ
3739 4819 3834 4893 μὲν

2168 4901 2305 4956 κατά
2357 4899 2572 4970 πλῆθος
2627 4899 2916 4977 είσὲῥρεον,
2995 4903 3024 4956 ὁ
3082 4901 3131 4958 δ’
3213 4903 3456 4978 ἀντέχειν
3541 4906 3836 4982 ἀπείρηκε,

2169 4989 2258 5044 καὶ
2323 4989 2562 5061 μάλιστα
2617 4989 2745 5052 τοὺς
2805 4988 2867 5046 ἐκ
2919 4995 3030 5046 τῶν
3113 4993 3476 5068 Φραγκίσκων
3538 4995 3837 5062 εἰσιόντας,

2174 5079 2251 5152 μὴ
2282 5085 2398 5141 τοῖς
2429 5076 2624 5141 ἄλλοις
2655 5079 2810 5140 ὄντας
2849 5080 3267 5155 παραπλησίους
3320 5083 3411 5138 καὶ
3445 5085 3539 5140 τὰς
3607 5087 3836 5161 γνώμας

2172 5168 2265 5224 καὶ
2305 5169 2370 5222 τὰ
2400 5167 2652 5241 σώματα,
2684 5167 2849 5240 μόνον
2881 5166 2940 5224 δὶ
2995 5171 3088 5226 τὸν
3137 5170 3364 5246 οὐρανὸν
3395 5169 3627 5230 δεδιέναι
3685 5195 3834 5247 κομ-

2171 5257 2444 5326 πάζοντας
2533 5257 2608 5326 μὴ
2696 5255 2781 5325 ε’ἰη
2872 5256 3052 5335 σρίσιν
3131 5257 3422 5330 ἐπιπεσὼν,
3485 5269 3834 5338 μεταχωρεῖν

2180 5344 2379 5402 ἐκεῖθεν
2413 5346 2548 5418 ἡμῖν
2592 5343 2932 5416 ὑποτίθησιν,
2990 5347 3078 5402 ἳνα
3137 5349 3216 5422 μὴ
3271 5349 3409 5422 πρὸς
3440 5354 3563 5413 τοῖς
3623 5347 3835 5426 Βαρόά.

2179 5457 2294 5511 ροις
2326 5434 2604 5512 γενόμενοι
2661 5433 2711 5490 ἐν
2775 5436 2869 5510 μὲν
2925 5433 3148 5509 δεσμοῖς
3207 5438 3260 5493 οἱ
3291 5436 3484 5512 ἄνδρες
3517 5442 3689 5514 ἡμεῖς
3746 5439 3834 5497 διὰ

2173 5530 2436 5603 χρήματα
2465 5521 2677 5597 εἴημεν,
2709 5525 2763 5580 αἱ
2824 5523 2880 5581 δὲ
2936 5532 3188 5604 γυναῖκες
3243 5526 3299 5583 ἰν
3358 5523 3545 5603 ὕϐρεσι
3585 5532 3676 5585 καὶ
3711 5531 3828 5586 ἀσί-

2178 5635 2334 5689 μνοις
2365 5613 2702 5690 ἇπαγωγαῖς.
2762 5615 2875 5671 Τοῦ
2933 5618 3182 5694 χρηστοῦ
3237 5614 3420 5671 τοίνυν
3473 5615 3684 5672 ἐκείνου
3741 5616 3826 5672 καὶ

2173 5703 2364 5780 πρώην
2408 5697 2718 5778 οἰκότριϐός
2770 5723 2829 5760 τε
2886 5705 2978 5761 καὶ
3025 5706 3362 5786 πρόσφυγος,
3415 5705 3541 5763 τότε
3598 5705 3646 5764 δ’
3704 5706 3822 5786 ἀγι-
