4028 6218
177 444 307 505 973

1597 447 1800 510 UHBS
1844 446 2090 507 CAPTA
2108 491 2121 504 .

3492 458 3609 515 974

181 578 285 632 θοῦ
342 577 669 652 συνεργάτου
727 576 823 632 κάν
881 584 1000 641 τοῖς
1057 580 1298 656 καιρίοις
1386 580 1848 657 ὑπερασπίζοντος

1983 580 2104 634 tum
2154 578 2382 651 ingredi
2438 582 2722 650 poterant,
2804 581 3064 638 humeris
3143 584 3457 659 impositis.
3542 596 3614 647 Et

184 666 241 728 ἃς
309 663 489 735 ἄλλην
564 664 737 720 οἰκίαν
795 666 1175 743 ἡγησαμένου,
1208 668 1488 743 γνωστοὺς
1544 671 1680 743 ἡμῖν
1751 670 1852 725 Βε-

182 755 431 817 νετίκους
487 756 806 832 τρέφουσαν,
880 758 1018 812 κατᾶ
1080 760 1309 834 βραχεῖς
1393 756 1571 832 ἔξιμεν
1628 758 1850 825 ἐκεῖθεν,

188 848 267 908 ὡς
298 844 632 921 δορύκτητος
659 845 849 917 ἐκείνῳ
894 853 1126 917 κλῆρος,
1185 848 1248 903 ἐκ
1303 848 1496 923 χειρὸς
1563 848 1852 921 ἑλκόμενοι

190 941 455 1015 κατηφεῖς
488 936 579 989 καὶ
650 932 963 1008 δυσείμονες
1018 938 1109 991 καὶ
1141 938 1286 994 οὕτω
1335 938 1850 1015 παραπεμπόμενοι.

190 1030 346 1086 Ἐπεὶ
408 1026 453 1082 δ’
511 1028 683 1082 ἐκεῖνο
747 1027 810 1082 τὸ
879 1028 1045 1102 μίρος
1093 1036 1194 1100 τῆς
1250 1025 1469 1093 πόλεως
1507 1029 1585 1091 είς
1646 1028 1851 1102 κλῆρον

187 1123 310 1179 τοῖς
360 1114 721 1191 Φραγκίσκοις
779 1114 1038 1192 ἐπὲλαχε,
1101 1119 1424 1190 μετανάσται
1481 1117 1647 1173 πάλιν
1702 1116 1853 1190 γινό-

194 1209 357 1280 μεθα,
399 1206 491 1261 ἣτε
527 1204 753 1259 καὶτῶν
795 1204 883 1259 ἐπὶ
942 1213 1042 1275 τῆς
1103 1206 1390 1281 θεραπείας
1448 1210 1611 1279 ἡμῶν
1670 1203 1859 1260 ἃλλων

189 1294 345 1370 am
385 1292 787 1369 διασπαρέντων
843 1295 935 1349 καὶ
993 1297 1211 1351 παντων
1267 1296 1648 1371 ἀπανθρώπως
1710 1297 1859 1367 ἡμᾶς

190 1385 532 1461 παρεικότων
598 1380 887 1454 ἱπωμάδια
971 1385 1152 1464 φερειν
1229 1388 1394 1458 ἡμεῖς
1471 1383 1861 1461 ἠναγκάσμεθα

193 1476 271 1529 τὰ
373 1476 539 1553 μήπω
619 1477 727 1526 τῶν
777 1470 1083 1545 παιδαρίων
1140 1474 1271 1529 ποσὶ
1333 1474 1616 1550 χρώμενα,
1684 1471 1859 1547 στέγει

196 1560 261 1617 δὲ
302 1563 403 1616 ὑπὸ
468 1562 650 1635 μέλην
679 1561 770 1617 καὶ
822 1561 1019 1638 ὰρρενα
1075 1561 1244 1618 παῖδα
1296 1561 1712 1635 ὑπομαστίδιον,
1768 1561 1856 1615 καὶ

193 1657 405 1727 χωρεῖν
443 1652 589 1706 οὓτω
647 1648 736 1705 διά
791 1651 957 1723 μέσου
1014 1657 1123 1706 τῶν
1182 1655 1408 1728 ἀγυιῶν.
1443 1650 1681 1727 Ἡμέρας
1739 1648 1859 1705 τοί-

193 1762 295 1795 νυν
334 1738 489 1795 πέντε
523 1740 656 1812 μετᾶ
694 1740 794 1807 τὴν
830 1740 1035 1795 ἅλωσιν
1088 1744 1158 1817 τῇ
1218 1740 1379 1796 πόλει
1437 1737 1859 1815 προσμείναντες

197 1829 510 1903 ἀπαίρομεν
542 1828 632 1883 καὶ
664 1832 850 1903 ἡμεῖς.
885 1831 970 1903 [Ρ.
1034 1833 1158 1904 3'79]
1192 1832 1291 1886 Ἢν
1353 1827 1410 1885 δὶ
1456 1830 1584 1885 τότε
1644 1822 1862 1883 Σάϐϐα-

198 1938 321 1988 τον,
354 1919 489 1972 κατά
520 1917 662 1981 θείαν
715 1920 877 1992 οἶμαι
934 1917 1025 1973 καὶ
1087 1921 1161 1990 μὴ
1221 1919 1469 1994 τυχηρὰν
1526 1918 1859 1992 περίπτωσιν

198 2006 244 2077 ἤ
279 2008 562 2082 συγκυρίαν
596 2008 798 2063 οὑτωσί
842 2028 961 2062 πωι·
1016 2004 1228 2081 συμϐὰν
1294 2006 1522 2083 ἄλογον,
1579 2010 1668 2062 καὶ
1737 2026 1865 2081 χει-

205 2097 354 2170 μὼν,
384 2096 471 2151 ἐπὶ
504 2093 562 2151 δὲ
615 2097 706 2151 καὶ
758 2096 897 2171 πρὸς
951 2094 1142 2152 ὠδῖσιν
1196 2094 1273 2152 ἔτι
1307 2099 1468 2170 ἡμῶν
1520 2099 1555 2166 ἡ
1618 2096 1858 2171 σύζυγος

202 2188 466 2245 ὥστεκαὶ
495 2190 559 2243 τὸ
616 2193 714 2243 τοῦ
762 2192 1002 2263 Χριστοῦ
1068 2188 1458 2264 προαγόρευμα
1500 2188 1532 2244 ὅ
1560 2210 1721 2267 φησιν
1772 2185 1864 2243 εὕ-

197 2281 392 2349 ξασθαι
428 2279 504 2350 μὴ
564 2277 809 2353 γενέσθαι
862 2279 963 2347 τὴν
1018 2279 1199 2355 φυγὴν
1256 2281 1416 2351 ἡμῶν
1476 2283 1757 2359 χειμῶνος
1825 2274 1861 2347 ἤ

200 2363 658 2437 Σαϐϐάτου,καῖ,
692 2389 716 2421 ε
750 2367 891 2424 Οὐαὶ
945 2373 1065 2430 ταῖς
1123 2366 1175 2423 ἐν
1231 2368 1425 2443 γαστρὶ
1483 2368 1740 2443 ἐχούσαις
1808 2366 1860 2421 ιν

203 2457 446 2518 ἐκείναις
473 2462 595 2517 ταῖς
634 2456 889 2531 ἡμέραις,
934 2480 962 2509 ››
1021 2456 1097 2519 ὡς
1130 2455 1283 2531 εἴπερ
1344 2456 1429 2530 ἐφ’
1482 2459 1619 2529 ἡμῖν
1675 2455 1864 2530 προεί-

204 2568 367 2622 ρητο,
411 2547 581 2621 πέρας
612 2545 851 2624 ἀτεχνῶς
912 2545 1154 2625 εἴληφεν.
1185 2546 1274 2607 Ὠς
1315 2544 1362 2601 δ’
1409 2547 1581 2601 ἱκανοί
1614 2547 1862 2616 συνήθεις

200 2638 299 2691 καὶ
343 2640 621 2709 συγγενεῖς
670 2636 759 2690 καὶ
818 2632 1033 2705 πλῆθος
1090 2634 1275 2709 ἓτερον
1331 2636 1468 2690 κατὰ
1523 2633 1644 2689 θέαν
1703 2637 1865 2707 ἡμῶν

208 2722 516 2799 συνδραμὸν
568 2730 669 2793 τῆς
725 2722 948 2799 πορείας
1003 2724 1290 2799 εἰχόμεθα,
1350 2721 1431 2779 ἔπ’
1512 2722 1638 2794 ἴσης
1697 2725 1867 2799 ἀγορᾷ

221 2817 533 2890 μυρμήκων
635 2811 859 2875 διιόντες
935 2816 1030 2876 τὰς
1115 2812 1391 2889 τριόδους,
1465 2816 1862 2888 προσυπήντων

206 2907 350 2977 ἡμῖν
411 2905 464 2959 οἱ
521 2902 763 2973 στρατοὶ,
818 2902 926 2981 οὐχ
982 2901 1323 2976 ὠπλισμένοι
1372 2902 1508 2978 πρὸς
1563 2898 1864 2977 ἀκρίϐειαν,

212 2994 494 3069 μαχαίρας
551 2990 597 3047 δ’
638 2990 927 3064 ἐπιμήκεις
982 2992 1129 3067 παρὰ
1182 2991 1417 3066 πλευρὸν
1474 2991 1711 3069 πλάγιον
1770 2996 1866 3047 τοῦ

203 3085 385 3139 ἳππου
469 3082 833 3156 ἐξηρτημένοι
896 3083 986 3137 καὶ
1073 3079 1427 3162 παραξιφίδια
1496 3087 1617 3143 ταῖς
1676 3083 1869 3151 ζώναις

207 3174 455 3246 ἀνιέμενα
515 3172 789 3249 φέροντες,
849 3171 904 3225 ol
964 3173 1059 3245 μὶν
1116 3175 1224 3225 τῶν
1308 3170 1525 3226 σκύλων
1575 3169 1867 3247 ἕμιρορτοι⁹

1962 666 2209 723 filiolum
2242 665 2553 723 lactentem
2612 668 2806 724 adhuc
2860 669 2967 725 sub
2999 671 3091 728 ala
3134 673 3282 731 ferre
3311 682 3370 733 et
3398 677 3478 735 ita
3508 697 3611 752 per

1962 757 2188 812 medios
2217 757 2375 812 vicos
2404 757 2671 813 incedere
2701 759 2882 814 coacti
2911 777 3139 818 sumus.
3174 767 3241 819 Et
3270 766 3393 823 dies
3436 770 3609 840 quin-

1966 862 2080 917 que
2119 850 2497 918 postcaptam
2520 848 2721 902 urbem
2765 851 3109 907 commorati
3139 858 3197 909 et
3245 855 3355 926 ipsi
3388 858 3610 915 disces-

1963 935 2154 991 simus
2176 936 2268 988 die
2300 934 2559 991 Sabbati.
2593 937 2751 1001 Quod
2778 938 2975 994 divina
3018 941 3377 1010 providentia
3407 952 3466 1002 et
3496 965 3613 1004 non

1966 1023 2204 1079 fortuito
2234 1040 2370 1078 casu
2406 1025 2621 1079 factum
2657 1024 2902 1081 videtur.
2939 1030 3262 1087 Accedebat
3290 1037 3348 1089 et
3400 1034 3614 1104 hiems,

1965 1121 2020 1168 et
2052 1117 2253 1167 nostra
2282 1129 2430 1168 uxor
2459 1113 2648 1169 vicina
2699 1119 2820 1170 erat
2876 1119 3090 1187 partui,
3150 1124 3214 1176 ut
3272 1121 3369 1178 illa
3400 1124 3617 1182 Christi

1968 1201 2418 1273 praedictionum
2442 1205 2940 1260 monetorandum
2985 1224 3116 1264 esse
3160 1226 3231 1266 ne
3254 1212 3391 1285 fuga
3415 1220 3618 1272 nostra

1968 1292 2027 1345 in
2058 1292 2309 1347 Sabbato
2332 1296 2390 1347 et
2413 1291 2602 1347 hieme
2627 1293 2745 1360 ﬂat,
2779 1298 2834 1349 et
2856 1299 3292 1369 praegnantibus
3324 1300 3382 1357 in
3409 1303 3616 1361 diebus

1968 1379 2084 1436 illis
2118 1379 2266 1436 male
2295 1381 2614 1447 ominatur,
2649 1398 2760 1437 non
2794 1399 2964 1440 secus
2997 1403 3063 1441 ac
3111 1388 3159 1443 si
3212 1394 3409 1447 nostra
3441 1410 3620 1450 causa

1969 1469 2125 1525 dicta
2151 1474 2327 1538 esset,
2360 1470 2580 1524 exitum
2612 1471 2947 1528 sortiretur.
2990 1474 3063 1529 Ut
3106 1491 3242 1532 vero
3283 1480 3615 1551 complures

1971 1557 2288 1613 familiares
2316 1562 2374 1612 et
2428 1560 2659 1628 cognati
2717 1559 2949 1629 aliaque
3015 1563 3187 1619 turba
3246 1567 3313 1621 ad
3349 1575 3617 1627 nostrum

1970 1651 2350 1718 conspectum
2383 1646 2809 1714 conﬂuxerant,
2842 1666 2957 1705 non
2990 1650 3159 1707 aliter
3213 1671 3391 1725 quam
3442 1662 3622 1717 cmtus

1973 1738 2348 1793 formicarum
2383 1751 2485 1807 per
2514 1735 2687 1792 trivia
2719 1738 3130 1808 pergobamus,
3180 1747 3623 1805 occurrentibus

1974 1825 2143 1882 nabis
2173 1824 2520 1880 exercitibus
2550 1842 2665 1880 non
2702 1832 2969 1883 accurate
3026 1834 3291 1901 armatis,
3329 1836 3479 1892 779
3519 1839 3621 1894 sed

1898 1949 1944 2016 Β
1975 1915 2285 1987 praelongis
2314 1914 2557 1970 ensibus
2584 1914 2657 1970 ad
2689 1916 2870 1971 latera
2908 1934 3191 1989 equorum
3225 1926 3627 1995 suspensis,et

1975 2005 2258 2077 pugiones
2305 2002 2558 2074 cingulis
2616 2003 2868 2060 insertos
2923 2009 3328 2077 gestantibus;
3372 2029 3622 2083 quorum

1976 2094 2073 2150 alii
2102 2092 2400 2148 manubiis
2458 2093 2650 2148 onusti
2712 2103 2896 2161 erant,
2929 2095 3026 2149 alii
3080 2103 3495 2168 praetereuntes
3525 2120 3621 2160 ca-

1975 2184 2164 2255 ptivos
2182 2182 2649 2250 excutiebant,an
2677 2184 2788 2238 sub
2818 2183 3005 2241 lacsra
3026 2188 3227 2244 tunica
3250 2189 3620 2260 splendidam

1972 2277 2195 2328 vestem
2225 2270 2480 2328 celarent
2536 2277 2638 2328 aut
2694 2278 3004 2344 argentum
3066 2292 3344 2335 aurumve
3392 2280 3451 2336 in
3486 2283 3622 2339 sinu

1976 2361 2356 2418 occultarent.
2413 2361 2527 2417 Alii
2582 2361 2855 2418 mulieres
2914 2364 3103 2421 forma
3150 2373 3494 2439 prestantes
3542 2373 3622 2429 ita

1974 2452 2179 2507 deﬁxis
2209 2450 2395 2505 oculis
2426 2450 2825 2518 intuebantur,
2860 2455 3023 2524 quasi
3059 2471 3191 2511 mox
3244 2473 3345 2514 eas
3384 2461 3452 2515 ad
3487 2466 3617 2518 stu-

1976 2556 2147 2613 prum
2180 2539 2402 2610 rapturi
2429 2543 2643 2594 essent.
2675 2540 2791 2595 Nos
2849 2542 3028 2611 igitur
3089 2543 3388 2616 mulieres,
3418 2565 3621 2606 earum

1976 2638 2271 2712 pudicitia
2301 2641 2647 2702 metuentes,
2680 2637 2739 2693 in
2774 2640 3033 2695 medium
3089 2658 3297 2714 agmen
3339 2648 3619 2718 tanquam

1976 2728 2035 2782 in
2093 2725 2241 2780 ovile
2292 2725 2636 2796 recepimus,
2695 2726 3161 2786 adolescentulas
3240 2749 3373 2789 vero
3461 2752 3623 2793 emno

1977 2815 2179 2871 faciem
2211 2812 2437 2869 illinere
2470 2819 2533 2869 ut
2562 2815 2785 2887 pridem
2839 2817 3006 2887 fucis,
3038 2824 3213 2891 atque
3243 2822 3323 2877 ita
3353 2824 3623 2882 ruborem

1978 2920 2259 2977 genarum
2290 2903 2657 2975 exstinguere
2679 2904 2984 2976 jussimus,
3018 2925 3089 2965 ne
3120 2909 3315 2966 forma:
3351 2919 3624 2973 venustas

1979 2992 2288 3064 principio,
2321 2996 2385 3047 ut
2435 2991 2685 3049 viatores
2743 2998 2917 3049 noctu
2966 2995 3156 3053 elatus
3186 3000 3357 3070 ignis.
3391 3008 3616 3074 specta-

1980 3087 2157 3149 tores,
2188 3081 2399 3137 deinde
2430 3086 2740 3152 amatores,
2797 3088 3091 3153 postremo
3139 3092 3399 3161 raptores
3426 3091 3621 3149 allice-

1982 3178 2091 3240 ret,
2124 3187 2257 3226 cum
2291 3170 2404 3226 sibi
2433 3170 2607 3228 licere
2645 3173 2915 3230 viderent
2960 3176 3178 3232 omnia.
3221 3179 3460 3235 Interim
3493 3198 3630 3254 sup-

208 3266 262 3320 ol
332 3262 390 3318 δὲ
443 3262 572 3323 τοὺς
655 3260 950 3333 παριόντας
1006 3260 1406 3339 αἰχμαλώτους
1472 3259 1870 3336 ἐξιχνιάζοντες

1984 3260 2163 3332 plices
2190 3260 2301 3333 ipsi
2353 3276 2566 3319 manus
2615 3264 2686 3317 ad
2732 3262 2915 3318 Deum
2960 3265 3363 3336 tendebamus,
3396 3270 3632 3327 afﬂictis

207 3354 254 3409 εῖ
343 3351 606 3427 λαμπρὰν
664 3350 862 3419 ἐσθῆτα
920 3351 1249 3425 περίκεινται
1336 3348 1660 3427 διερῤωγότι
1715 3370 1871 3425 περι-

206 3440 588 3512 στελλομένην
647 3444 847 3516 χιτῶνι
887 3440 923 3508 ἢ
978 3444 1111 3514 γοῦν
1174 3438 1436 3515 ἀργύριον
1496 3441 1584 3495 καὶ
1646 3438 1872 3520 χρυσίον

209 3536 294 3602 τῷ
347 3529 548 3602 κόλπῳ
598 3528 971 3595 ἐνθάπτουσιν,
1033 3529 1085 3584 οἱ
1160 3526 1218 3583 δὲ
1272 3530 1363 3584 καὶ
1421 3534 1693 3605 γυναικῶν
1752 3535 1874 3592 ταῖς

212 3618 412 3677 κάλλει
472 3616 858 3696 διαφερούσαις
920 3618 1199 3691 πεπηγόσι
1261 3616 1546 3692 βλέμμασι
1607 3616 1748 3691 μηδὲ
1778 3620 1876 3693 ῥᾳ-

221 3707 358 3770 δίως
438 3704 856 3780 ἀποσπωμένοις
933 3705 1325 3776 ινατενίζοντες
1389 3708 1466 3771 ὡς
1549 3708 1875 3782 ἀρπάσοντες

221 3798 417 3854 αὐτίκα
474 3796 565 3854 καί
624 3796 965 3872 βιασόμενοι.
1029 3795 1155 3871 Περὶ
1231 3803 1350 3859 ταῖς
1430 3797 1638 3872 γυναιξὶ
1696 3797 1876 3854 τοίνυν

223 3892 391 3960 ἡμεῖς
425 3884 697 3948 δείσαντες
722 3887 819 3949 τὰς
853 3887 949 3959 μὲν
977 3886 1053 3947 ὡς
1113 3885 1165 3942 ἂν
1222 3891 1376 3957 σηκῷ
1424 3891 1506 3959 τῷ
1541 3887 1688 3959 μέσῳ
1716 3890 1877 3959 ἡμῶν

222 3978 651 4054 ἀπειλήφαμεν,
708 3982 825 4037 ταῖς
902 3973 959 4030 δὲ
1045 3976 1276 4031 νεάνισιν
1330 3974 1712 4050 ἐπεσκήψαμεν
1794 3973 1882 4030 ἒν-

219 4067 515 4140 τρίψασθαι
548 4065 716 4138 πηλῷ
756 4065 822 4120 τὰ
850 4065 1119 4138 πρόσωπα
1174 4063 1469 4141 ἀντίρῤοπα
1524 4069 1632 4119 τῶν
1685 4066 1878 4141 πρώην

217 4154 569 4226 κομμώσεων
621 4154 714 4207 καὶ
769 4152 863 4207 τὸν
919 4155 1124 4227 πυρσὸν
1182 4154 1331 4207 οὕτω
1387 4146 1718 4207 κατασϐέσαι
1776 4156 1883 4207 τῶν

218 4246 485 4318 παρειῶν,
512 4240 604 4296 ’ἱνα
649 4242 726 4314 μή
786 4242 862 4305 ὡς
915 4240 971 4296 ἐν
1027 4242 1177 4296 νυκτῖ
1233 4240 1721 4317 φρυκτωρούμενον
1776 4244 1883 4314 πῦρ

216 4329 575 4404 προκαλῆται
608 4331 737 4391 τοὺς
768 4327 991 4393 ὁδευτᾶς
1023 4335 1213 4405 πρῶτα
1273 4330 1368 4402 μὶν
1430 4328 1642 4396 θεατὰς,
1700 4325 1885 4382 Errare:

220 4417 271 4475 δ’
329 4418 575 4493 ἐραστὰς,
657 4417 718 4473 ἐκ
770 4416 827 4473 δὲ
880 4418 1081 4475 τούτου
1136 4417 1229 4473 καὶ
1305 4416 1547 4492 βιαστᾶς,
1608 4416 1886 4479 ἀνεύθυνον

221 4510 468 4583 ὁρῶντας
520 4508 582 4562 τὸ
635 4503 774 4562 ἴδιον
825 4506 1064 4578 θέλημα,
1125 4506 1240 4579 ἃμα
1289 4505 1377 4560 καὶ
1429 4510 1620 4581 χεῖρας
1647 4502 1885 4567 ἱκέτιδας

223 4596 466 4671 αἴροντες
524 4597 600 4657 εἰς
683 4596 817 4652 Θεὸν
871 4596 963 4651 καὶ
1045 4596 1183 4668 μετὰ
1240 4598 1478 4674 σὺνοχῆς
1545 4590 1769 4669 καρδίας
1822 4595 1887 4649 τὸ

1982 3350 2198 3407 animis
2228 3353 2460 3420 pectora
2492 3350 2837 3423 plangentes
2861 3357 2917 3408 et
2939 3354 3141 3411 oculos
3166 3355 3421 3428 rigantes
3454 3358 3635 3432 lacry-

1982 3441 2113 3506 mis,
2143 3442 2190 3495 si
2224 3456 2337 3512 quo
2370 3440 2542 3496 modo
2564 3444 3078 3501 omnesimmanes
3127 3446 3269 3503 istas
3306 3448 3459 3506 feras
3486 3450 3631 3507 salvi

1980 3534 2037 3585 et
2093 3528 2372 3584 inviolata
2429 3529 2715 3599 pudicitia
2764 3533 3167 3589 evaderemus.
3228 3539 3369 3591 Cum
3429 3544 3626 3594 autem

1982 3619 2152 3674 nobis
2174 3634 2274 3690 per
2304 3625 2552 3674 Auream
2589 3624 2812 3690 portam
2865 3625 3195 3678 exeundum
3248 3630 3419 3691 esset,
3456 3631 3521 3681 ut
3551 3628 3621 3682 ad

1983 3708 2182 3780 inclyti
2216 3707 2486 3779 martyris
2506 3707 2673 3763 Mocii
2705 3709 2885 3764 eadem
2947 3711 3237 3781 venimus,
3270 3713 3529 3769 insolens
3571 3721 3627 3771 et

1984 3797 2245 3853 nefarius
2267 3796 2502 3868 quidam
2526 3797 2808 3852 barbarus
2829 3797 2982 3854 780
3002 3799 3254 3871 puellam
3287 3801 3627 3873 formosam,

1981 3886 2198 3958 judicia
2225 3886 2531 3955 cujusdam
2559 3885 2761 3951 ﬁliam,
2788 3902 2818 3941 e
2841 3888 3034 3942 medio
3058 3893 3323 3943 nostrum
3355 3894 3633 3960 tanquam

1986 3976 2161 4045 lupus
2191 3989 2399 4043 agnam
2441 3973 2678 4043 abripit.
2740 3974 2863 4037 Quo
2923 3976 3252 4032 miserrimo
3311 3980 3641 4051 spectaculo

1986 4067 2144 4118 totus
2175 4066 2358 4117 cretus
2383 4066 2581 4116 noster
2603 4066 3012 4118 consternatus
3043 4064 3428 4134 exclamavit;
3475 4068 3640 4139 puel-

1990 4151 2058 4206 lae
2087 4167 2222 4205 vero
2243 4155 2423 4220 pater,
2454 4149 2618 4205 senio
2647 4155 2701 4204 et
2735 4152 2937 4207 morbo
2968 4153 3243 4221 afﬂictus,
3275 4159 3399 4210 tum
3465 4158 3638 4214 etiam

1990 4241 2050 4297 in
2073 4255 2302 4295 omnum
2330 4240 2636 4309 prolapsus
2662 4255 2728 4295 ac
2750 4242 3412 4316 contaminatus,jncens
3439 4248 3639 4303 crebro

1992 4345 2085 4385 me
2113 4333 2399 4399 tanquam
2442 4327 2723 4383 ﬁculnum
2778 4331 3115 4400 praesidium
3171 4336 3529 4403 intuebatur,
3583 4342 3643 4394 et

1993 4416 2335 4473 nominatim
2394 4416 2599 4472 orabat
2658 4425 2714 4471 ut
2772 4418 2884 4473 sibi
2948 4436 3049 4491 pro
3093 4421 3245 4477 virili
3285 4425 3351 4478 ad
3388 4424 3641 4497 puellam

1992 4507 2449 4576 recuperandam
2507 4507 2847 4577 adjumento
2902 4525 3117 4567 essem.
3190 4513 3392 4585 Itaque
3448 4516 3647 4572 statim

1995 4612 2315 4653 conversus
2344 4596 2587 4667 vestigia
2618 4599 2869 4669 raptoris
2919 4616 3259 4673 persequor,
3292 4620 3425 4659 cum
3472 4604 3657 4679 lacry-

222 4670 427 4755 στῆθος
456 4685 744 4747 τύπτοντες
802 4684 895 4740 καὶ
954 4682 1214 4760 δακρύοις
1264 4684 1331 4739 τὰ
1372 4670 1621 4757 νόμματα
1675 4683 1861 4757 τὲγγον

2001 4687 2113 4742 mis
2143 4685 2257 4739 vim
2285 4686 2497 4740 factam
2531 4685 2921 4757 proclamans,
2955 4693 3011 4743 et
3063 4670 3431 4762 supplicibus
3477 4670 3652 4758 gesti-

218 4796 332 4844 τες,
391 4773 444 4830 εἶ’
523 4795 641 4837 πως
709 4775 941 4837 ἅπαντες
1008 4773 1100 4831 καὶ
1183 4779 1352 4829 πᾶσαι
1435 4773 1563 4834 τοὺς
1627 4772 1891 4846 ώμηστὰς

222 4863 458 4925 ἆκείνους
517 4865 683 4937 θῆρας
772 4864 1052 4938 σχοίημεν
1131 4857 1517 4931 ἀδιαλώόητοι
1575 4859 1890 4933 παρελθεῖν.

219 4950 375 5010 "Eds:
434 4950 493 5007 δὲ
552 4950 645 5007 διὰ
701 4959 801 5022 τῆς
845 4951 1111 5027 Χρυσείας
1171 4951 1357 5020 πύλης
1431 4953 1583 5025 ἡμᾶς
1637 4950 1891 5021 ἐξελθεῖν.

225 5050 315 5104 Ὠς
374 5037 440 5097 δῖ
460 5042 586 5115 περὶ
642 5042 736 5096 τὸν
793 5041 925 5096 νεὼν
988 5043 1196 5115 ἥκομεν
1254 5038 1486 5098 Μωκίου
1542 5044 1639 5095 τοῦ
1695 5038 1892 5094 καλλι-

237 5134 541 5207 μάρτυρος,
603 5126 868 5207 ὕϐριστὴς
917 5131 1009 5186 καὶ
1063 5132 1281 5192 ἀνόσιος
1341 5125 1616 5205 βάρϐαρος
1676 5129 1751 5192 ὡς
1832 5129 1895 5185 ἂ-

232 5220 410 5296 μνάδα
465 5221 631 5284 λύκος
690 5222 752 5276 ἐκ
839 5221 1016 5295 μέσων
1086 5223 1251 5294 ἡμῶν
1333 5220 1636 5295 ἀφαρπάζει
1722 5222 1892 5291 κόρην

228 5312 612 5383 εὐπλόκαμον,
667 5311 814 5374 τινὸς
874 5315 983 5367 τῶν
1038 5308 1127 5365 ἐπὶ
1185 5314 1266 5381 τῷ
1311 5306 1546 5379 δικάζειν
1580 5309 1894 5384 θυγάτριον.

225 5403 373 5476 Πρὸς
436 5403 537 5471 τὴν
592 5402 953 5474 οἰκτροτάτην
1011 5402 1196 5456 τοίνυν
1253 5401 1473 5469 ταυτηνί
1532 5397 1653 5453 θὲαν
1710 5401 1744 5467 ἡ
1798 5400 1893 5469 μὶν

230 5488 457 5546 συνοδία
487 5496 632 5546 πᾶσα
665 5488 1079 5566 διαθροηθὲντες
1136 5484 1516 5561 ἐξεϐοήσαμεν,
1551 5487 1580 5542 ὁ
1629 5484 1687 5542 δὲ
1714 5489 1895 5561 πατὴρ

223 5585 327 5645 τῆς
369 5577 564 5643 παιδὸς
620 5582 767 5656 γήρᾳ
823 5580 915 5634 καὶ
972 5579 1117 5653 νόσῳ
1166 5575 1609 5657 τετρυχωμένος,
1667 5575 1790 5631 τότε
1842 5574 1898 5631 δὲ

225 5670 317 5724 καὶ
354 5668 583 5749 σφαλεῖς
635 5671 775 5725 κατὰ
830 5667 1137 5741 πέλματος,
1192 5666 1601 5745 ὀλοφυρόμενος
1658 5665 1749 5720 καὶ
1820 5669 1899 5739 τῷ

226 5757 397 5831 πηλῷ
453 5758 764 5840 φυρόμενος
825 5755 1068 5833 δόχμιος
1121 5757 1325 5827 ἒκειτο,
1386 5756 1461 5822 ὡς
1538 5755 1615 5819 εἲς
1676 5755 1899 5829 συκίνην

2005 4776 2111 4831 bus
2143 4790 2309 4845 opem
2354 4777 2829 4845 praetereuntium
2873 4775 3125 4833 militum
3174 4779 3519 4851 implorans,
3551 4781 3652 4853 qui

2003 4866 2220 4939 lingua-
2250 4869 2462 4921 nostris
2496 4882 2611 4921 non
2642 4866 2814 4938 plane
2839 4868 3015 4923 rudes
3048 4874 3232 4939 erant,
3258 4873 3651 4942 quorumdam

2004 4955 2179 5010 etiam
2210 4953 2487 5010 manibus
2530 4954 2915 5027 prehensatis.
2974 4958 3045 5012 Et
3097 4960 3191 5014 vix
3249 4961 3529 5030 quosdam
3584 4961 3654 5015 ad

2008 5043 2560 5099 commiserationem
2595 5044 2677 5098 ita
2708 5044 2858 5109 ﬂexi,
2893 5050 2956 5100 ut
3007 5046 3405 5118 impudentem
3442 5052 3498 5103 et
3527 5049 3665 5102 libi-

2009 5134 2283 5188 dinosum
2317 5130 2481 5187 illum
2517 5131 2745 5186 hircum
2781 5131 2982 5187 ulcisci
3044 5135 3341 5205 cupientes
3392 5152 3425 5191 a
3469 5151 3561 5191 me
3593 5139 3664 5194 ad

2006 5222 2158 5277 aedes
2183 5221 2315 5275 illas
2363 5219 2843 5291 perducerentur.
2878 5223 3000 5286 Quo
3047 5238 3179 5277 cum
3216 5228 3450 5279 ventum
3484 5231 3662 5298 esset,

2006 5311 2365 5366 mulierosus
2387 5309 2486 5364 ille
2503 5310 2723 5378 virgine
2747 5310 3079 5367 introducta
3101 5312 3158 5367 in
3193 5313 3418 5369 foribus
3442 5317 3659 5389 stabat,

2007 5406 2073 5454 ut
2103 5399 2272 5471 siqui
2321 5400 2439 5453 vim
2503 5399 2709 5453 facturi
2767 5404 2981 5467 essent,
3040 5418 3139 5457 eos
3183 5402 3508 5475 repelleret.
3546 5406 3659 5479 Ego

2006 5505 2139 5544 vero
2171 5488 2356 5558 digito
2383 5502 2518 5541 eum
2550 5494 3089 5559 commonstrans,«
3114 5492 3248 5562 Iste,
3275 5515 3303 5543 ››
3326 5493 3588 5567 inquam,
3627 5520 3649 5551 ι

2004 5579 2133 5635 luce
2159 5575 2578 5645 testeinjurius
2601 5582 2803 5632 vestrae
2828 5579 3147 5636 nobilitatis
3184 5583 3370 5639 edicta
3402 5591 3657 5643 contem-

2008 5669 2140 5741 psit.
2171 5667 2314 5722 781
2342 5663 2457 5719 Vos
2478 5665 2633 5720 enim
2657 5666 2940 5736 edixistis,
2975 5670 3044 5724 de
3094 5672 3416 5745 conjugatze
3450 5676 3657 5731 mulie-

2008 5758 2093 5815 ris
2115 5761 2216 5815 aut
2231 5752 2475 5829 virginis
2495 5758 2599 5811 aut
2617 5756 2896 5813 dedicata
2945 5763 3059 5816 Deo
3109 5760 3315 5833 puellae
3346 5762 3434 5820 vel
3465 5763 3662 5836 impu-
