4032 6216
282 308 403 370 977
1737 314 1939 378 URBS
1982 315 2260 379 GAPTA.
3587 332 3706 391 978

281 443 375 499 καὶ
410 442 631 518 βασιλὶς
675 444 768 517 μὲν
833 434 956 501 τῶν
1005 445 1327 522 βασιλίδων,
1381 447 1623 518 πόλεων,
1684 447 1829 521 ἆσμα
1887 447 1916 505 δ

2053 467 2275 521 corum,
2303 450 2581 523 splendor
2608 452 3010 525 splendorum,
3043 462 3101 513 et
3130 459 3305 516 rebus
3359 460 3491 517 visu
3545 464 3701 520 788

285 532 548 606 ᾀσμάτων
602 534 693 589 xii
747 534 1076 610 λαμπρότης
1176 534 1610 612 λαμπροτητων,
1674 538 1765 593 καὶ
1838 544 1917 594 τῶ

2059 541 2206 597 raris
2223 542 2618 613 spectaculum
2650 544 2860 613 rarius,
2894 546 3028 617 quis
3074 564 3178 603 nos
3200 556 3303 603 ate
3330 551 3546 606 avulsit
3578 560 3641 607 ut
3669 571 3703 609 a

291 620 538 678 σπανίων
612 631 868 699 πανταχῆ
945 624 1229 698 θεαμάτων
1307 627 1671 701 σπανιώτερον
1745 626 1919 702 ὅραμα

2056 647 2192 687 cara
2233 641 2416 689 mulre
2472 649 2636 689 caros
2686 635 2947 690 liberos?
2999 637 3101 708 qui
3148 640 3412 695 erimus?
3445 659 3560 714 quo
3594 660 3701 698 nos

286 711 378 800 τίς
407 711 437 766 ό
469 709 771 775 διασπάσας
807 716 958 786 ἡμᾶς
989 714 1096 770 ἀπὸ
1129 720 1227 770 σοῦ
1280 717 1357 779 ὡς
1411 716 1471 772 ἐκ
1517 716 1725 791 μητρὸς
1777 714 1912 789 φίλη

2053 722 2396 777 vertamus?
2426 738 2603 793 quam
2632 724 3090 781 consolationem
3152 709 3522 800 inveniemus,
3558 732 3701 787 nudi

282 799 449 859 τέκνα
477 803 789 891 φιλούμενοι
815 827 829 877 ;
860 807 1003 868 τίνες
1035 806 1323 884 γενοίμεθα
1349 828 1364 877 ς
1415 814 1514 864 ποῖ
1562 810 1904 883 τραποίμεθα

2054 826 2088 865 a
2118 814 2220 867 tuo
2246 812 2377 868 sinu
2410 819 2477 868 ut
2506 830 2575 869 ex
2627 819 2790 871 utero
2852 817 3053 873 matris
3084 819 3324 874 avulsi?
3352 823 3585 891 quando
3645 826 3700 878 te

280 894 449 948 ποίαν
504 888 843 969 παραψυχήν
902 893 1153 971 εὕροιμεν
1204 897 1427 973 γυμνοὶ,
1486 898 1563 960 ὡς
1620 897 1680 953 ἐκ
1728 896 1946 961 κοιλίας

285 984 500 1057 μητρὸς
523 989 632 1039 τῶν
667 989 775 1055 σῶν
827 983 1212 1049 ἐκσπασθέντες
1260 984 1511 1055 κόλπων,
1557 988 1646 1042 καὶ
1696 987 1942 1064 φανέντες

276 1073 412 1145 παρ’
458 1065 634 1129 ἔθνεσι
687 1072 879 1149 κιθάρα
932 1076 1024 1130 καὶ
1083 1072 1407 1151 θρύλΛημα,
1468 1072 1695 1154 ἀδελφοὶ
1751 1078 1944 1151 Σειρή-

277 1181 417 1229 νων,
491 1160 697 1237 ἆταῖροι
791 1165 1092 1239 στρουθῶν,
1192 1164 1284 1219 καὶ
1385 1165 1769 1237 ψωμιςόμενοι
1848 1165 1942 1237 μὲν

273 1249 534 1324 ἀνάγκας,
597 1250 747 1327 ὕδωρ
803 1248 860 1307 δὲ
935 1251 1118 1331 χολῆς
1192 1253 1591 1327 ποτιζόμενοι;
1668 1255 1809 1309 Πότε
1883 1274 1941 1309 σε

274 1338 580 1423 θεασόμεθα
609 1340 721 1415 οὐχ
751 1339 826 1403 ὡς
855 1345 948 1395 νῦν
978 1338 1165 1398 πεδίον
1215 1342 1520 1422 ἀφανισμοῦ
1564 1343 1654 1399 καὶ
1706 1340 1940 1400 κοιλάδα

274 1426 641 1508 κλαυθμῶνος
691 1428 796 1487 καὶΔ
829 1430 1177 1504 πατουμένην
1232 1430 1336 1487 ὑπὸ
1386 1431 1787 1508 στρατοπέδων,
1831 1432 1937 1488 εἴτε

282 1520 400 1591 μὴν
455 1506 883 1593 ἓξουθενηλμένην
939 1521 1027 1575 καὶ
1082 1506 1459 1596 ἀπωσμένηνξ
1510 1521 1639 1578 ἀλλ’
1693 1521 1939 1597 ἐξαιρου-

280 1606 452 1681 μένην
480 1607 572 1663 καὶ
602 1608 953 1682 σωζομένην,¹
987 1610 1078 1665 καὶ
1126 1612 1611 1685 προσκυνουμένην
1663 1611 1773 1667 ὑπὸ
1824 1616 1933 1666 τῶν

273 1697 757 1779 ταπεινωσάντων⁴
792 1693 995 1754 σὲτὶιαί
1043 1701 1456 1776 παροξυνάντων
1514 1722 1593 1771 σε,
1643 1700 1733 1755 καὶ
1790 1702 1937 1777 γάλα

2052 900 2466 971 spectabimus,
2498 919 2617 958 non
2647 904 2822 959 talem
2854 905 3047 975 qualis
3093 923 3249 963 nunc
3308 924 3391 975 es,
3427 926 3698 982 campum

2051 989 2576 1059 vastitatis,vallem
2609 991 2828 1060 luctus,
2875 994 3271 1052 conculcatam
3323 999 3395 1053 ab
3434 1001 3701 1057 exerciti-

2051 1076 2185 1146 bus,
2213 1080 2510 1136 redactam
2543 1082 2614 1136 ad
2633 1081 2885 1139 nihilum
2920 1092 2973 1140 el
2994 1085 3383 1158 proﬂigatam,
3408 1089 3511 1145 sed
3540 1089 3699 1145 exal-

2048 1168 2229 1222 tatam
2259 1172 2317 1223 et
2361 1168 2738 1239 incolumem,
2772 1176 2829 1226 et
2879 1171 3237 1230 adorandam
3271 1176 3342 1231 ab
3393 1177 3466 1233 iis
3510 1178 3609 1249 qui
3644 1182 3700 1234 te

2048 1257 2463 1330 depresserunt
2491 1265 2549 1316 et
2570 1261 2897 1329 irritarunt,
2931 1268 2986 1317 et
3010 1266 3163 1321 bona
3195 1267 3459 1337 gentium
3480 1284 3698 1339 sugen-

2049 1349 2494 1416 tem,etdivilias
2514 1366 2716 1423 regum
2744 1356 2806 1406 ut
2828 1357 2963 1407 ante
3001 1356 3695 1428 comedentem?quando

2048 1439 2306 1505 tandem,
2336 1443 2401 1495 ut
2430 1439 2643 1495 ﬁculna
2666 1440 2802 1496 folia
2825 1444 2882 1495 et
2926 1441 3194 1511 pelliceas
3239 1447 3494 1514 tunicas,
3542 1447 3696 1504 lace-

2047 1541 2143 1581 ros
2168 1528 2312 1583 istos
2335 1545 2559 1597 pannos
2585 1545 2689 1585 nec
2739 1534 2925 1585 totum
2977 1547 3188 1601 corpus
3228 1533 3563 1605 obtegcntes
3591 1536 3696 1590 ab-

2041 1618 2314 1693 jiciemus
2332 1619 2359 1673 ‘I
2381 1620 2597 1685 quibus
2618 1636 2724 1674 nos
2746 1620 2979 1675 barbari
3001 1626 3060 1675 ut
3082 1621 3348 1679 insidiosi
3366 1630 3689 1695 serpentes,

2047 1709 2201 1765 mala
2224 1708 2533 1778 conjuncta
2555 1714 2610 1763 et
2626 1708 3518 1784 infestactrcumdederunt?age
3538 1730 3692 1779 vero,

276 1786 445 1893 ἐθνῶν
476 1786 823 1858 θηλάζουσαν
850 1791 941 1843 καὶ
996 1787 1236 1845 πλοῦτον
1297 1787 1565 1866 βασιλέων
1616 1790 1691 1853 ὡς
1738 1790 1919 1866 πρώηι

2046 1799 2188 1854 urbs
2210 1798 2606 1867 sanctissima,
2640 1796 2865 1869 placato
2886 1797 3093 1865 Deum,
3128 1802 3422 1871 prsztende
3451 1801 3693 1873 templa,

273 1870 542 1945 ἔδουσανς
574 1876 705 1932 πότε
738 1874 795 1933 δὲ
834 1875 922 1933 καὶ
969 1879 1044 1942 ὡς
1094 1876 1279 1955 φύλλα
1336 1886 1504 1949 συκῆς
1548 1880 1641 1935 καὶ
1688 1884 1919 1956 χιτῶνας

2043 1892 2365 1959 martyrum
2425 1885 2721 1956 reliquias,
2775 1885 2936 1957 ipsas
2993 1887 3372 1958 calamitates,
3435 1870 3690 1948 cladium

277 1963 633 2041 δερματίνους
699 1964 1126 2040 ἀποϐαλούμεθα
1180 1968 1244 2024 τὸ
1315 1967 1470 2045 ῥικνὰ
1540 1973 1710 2026 ταῦτα
1788 1969 1919 2046 ῥάκη

2042 1977 2505 2049 magnitudinem
2541 1976 2758 2044 quibus
2789 1992 2852 2032 es
2872 1994 3170 2049 oppressa,
3202 1980 3438 2036 nefariis
3455 1981 3593 2037 viris
3617 1983 3690 2037 ad

272 2056 367 2112 καὶ
400 2053 547 2129 μηδὲ
587 2061 684 2113 τοῦ
731 2058 933 2120 παντὸς
990 2058 1342 2132 ἐξικνούμενα
1380 2059 1656 2133 σώματος,
1705 2059 1739 2114 ἆ
1786 2062 1919 2134 ἡμῖν

2037 2066 2469 2122 incendendum
2501 2065 2658 2120 data.
2678 2064 2857 2121 Jubet
2873 2066 3031 2120 enim
3058 2067 3312 2124 invocari
3338 2084 3399 2123 se
3429 2075 3691 2139 tempore

269 2144 584 2219 περιέθεντο
639 2148 693 2202 σί
751 2142 1042 2204 ἐπίϐουλοι
1095 2148 1169 2211 ὠς
1247 2144 1396 2225 ὄφεις
1472 2147 1807 2229 ἀλλόφυλοι,
1859 2149 1919 2206 τᾶ

2037 2156 2403 2212 necessitatis
2429 2157 2581 2209 tute:
2645 2170 2778 2209 nam
2838 2155 2959 2210 fore
3016 2161 3081 2209 ut
3112 2155 3235 2226 ipse
3267 2163 3321 2211 te
3361 2156 3591 2228 eripiat,
3626 2162 3685 2212 tu

269 2234 496 2289 σύνοικα
556 2236 693 2309 ἡμῖν
748 2238 884 2291 κατὰ
938 2234 1029 2293 καὶ
1106 2234 1372 2295 ἐπίϐουλα
1450 2239 1539 2295 καὶ
1619 2236 1923 2313 βαρύζηλα,

270 2314 670 2398 ἐπενδυσόμεθα
728 2324 785 2382 δ’
842 2328 998 2392 αὗθις
1045 2327 1174 2392 τοὺς
1233 2328 1282 2399 ἐξ
1343 2330 1482 2407 ὑφῆς
1531 2328 1925 2403 στιλπνοτέρας

270 2415 383 2484 καὶ,
418 2413 732 2491 χλιδῶντας
789 2423 1052 2497 χιτῶνας,
1115 2417 1207 2482 οὕς
1264 2422 1458 2496 πρώην
1509 2419 1922 2496 περιεκείμεθας

268 2501 433 2559 Ἀλλ’
459 2503 650 2560 ’ἰλασαι
688 2506 844 2574 Θεὸο,
875 2505 1152 2582 ἀγιωτᾶτη
1200 2510 1312 2562 τῶτ
1354 2505 1594 2562 πόλεων·
1638 2502 1925 2582 προϐαλοῦ

268 2594 394 2655 τεὺς
418 2594 576 2671 νεῶς,
614 2593 681 2649 τὰ
730 2599 838 2651 τῶν
901 2595 1191 2671 μαρτύρων
1250 2593 1572 2669 λειπόμενα,
1626 2596 1726 2658 τὰς
1783 2617 1926 2670 συμ-

272 2684 444 2762 φορὰς
475 2669 666 2749 αὑτὰς,
708 2688 818 2739 τῶν
863 2669 1230 2761 πειρατηρίων
1288 2686 1350 2740 τὸ
1410 2687 1658 2761 μέγεθος,
1717 2685 1794 2741 ὦν
1848 2685 1924 2747 είς

274 2773 443 2849 κόρον¹
491 2772 854 2847 μετέσχηκας,
914 2772 1169 2851 ἀνδράσιν
1228 2774 1464 2838 ἀνοσίοις
1516 2772 1795 2839 ἐκδοθεῖσα
1851 2776 1928 2838 εἰς

268 2862 540 2937 πύρωσιν.
617 2861 970 2935 Ἐπικάλεσαι
1032 2865 1138 2939 γάρ
1217 2884 1305 2937 με,
1383 2864 1569 2943 φησὶν,
1646 2862 1698 2918 ἐν
1744 2863 1928 2939 ἡμέρᾳ

264 2949 507 3025 θλίψεώς
563 2972 683 3022 σου,
739 2948 831 3007 καὶ
884 2950 1177 3027 ἐξελοῦμαί
1217 2973 1297 3021 σε,
1366 2952 1456 3009 καὶ
1525 2949 1765 3023 δοξάσεις
1837 2974 1924 3027 με.

258 3042 404 3115 Ἅρα
432 3037 490 3095 δὲ
527 3043 827 3115 προσθήσω
856 3042 945 3096 καὶ
997 3041 1075 3105 εἷς
1118 3040 1177 3097 σέ
1223 3062 1357 3098 ποτε
1403 3037 1725 3117 ἐπιϐλέψαι,
1776 3063 1927 3117 παμ-

2034 2261 2170 2302 vero
2193 2261 2326 2301 eum
2349 2244 2571 2300 laudes.
2592 2242 2912 2315 Numquid,
2937 2242 3220 2315 templum
3251 2246 3686 2315 amplissimum

2036 2333 2830 2404 etdivinissimum,unquam
2856 2333 3100 2404 posthac
3123 2338 3181 2389 te
3213 2334 3440 2403 videbo,
3473 2336 3685 2391 cmlum

2036 2431 2352 2492 terrenum,
2383 2423 2586 2480 solium
2642 2423 2794 2478 784
2814 2423 3006 2492 glorias
3065 2423 3182 2489 Dei,
3214 2425 3524 2481 cberubice
3557 2443 3683 2481 cur-

2035 2530 2157 2580 rus,
2187 2513 2623 2568 ﬁrmamentum
2657 2511 3219 2577 alterum,fabricam
3262 2530 3543 2569 manuum
3577 2515 3682 2570 Dei

2034 2602 2416 2668 annuntians,
2448 2599 2843 2671 spectaculum
2876 2605 2932 2655 et
2960 2616 3108 2672 opus
3123 2600 3680 2673 singulareﬁrmum

2034 2691 2314 2747 universaa
2346 2701 2510 2745 terra:
2539 2689 2762 2745 decus?
2820 2693 2878 2744 et
2934 2690 3071 2761 quis
3100 2695 3191 2745 est
3221 2694 3321 2761 qui
3354 2692 3682 2762 pollicetur,

2035 2778 2151 2833 nisi
2181 2777 2231 2833 is
2262 2779 2423 2832 solus
2453 2792 2524 2847 qu
2586 2776 2645 2830 in
2693 2786 2900 2845 suopte
2959 2776 3245 2847 supplicio
3307 2784 3583 2849 tentatus,
3613 2780 3687 2835 iis

2035 2863 2137 2936 qui
2159 2869 2477 2929 tentantur,
2530 2878 2872 2918 succurrere
2930 2861 3182 2918 didicit?
3210 2863 3308 2933 qui
3352 2865 3580 2937 inopem
3618 2882 3688 2921 ex

2039 2971 2215 3011 manu
2258 2953 2564 3009 fortiorum
2595 2958 2653 3007 et
2686 2967 2997 3024 pauperem
3019 2957 3076 3008 et
3098 2954 3431 3010 mendicum
3458 2972 3491 3010 ιι
3542 2973 3686 3026 prae-

2037 3043 2336 3100 datoribus
2365 3041 2556 3113 eripit,
2593 3042 2693 3112 qui
2726 3041 2923 3097 omnia
2979 3041 3116 3097 facit
3147 3058 3214 3098 ac
3249 3042 3500 3098 subinde
3531 3059 3687 3120 com:

265 3114 484 3204 μέγιστε
540 3114 628 3185 ναὶ
687 3130 776 3185 καὶ
851 3131 1111 3198 θειότατε,
1201 3129 1395 3207 οὐρανέ
1459 3114 1907 3207 ἐπίγειείθρόνε

2032 3138 2209 3190 mutat
2242 3132 2299 3187 in
2334 3131 2568 3187 melius.

262 3216 639 3290 δόξηςΘεοῦ,
686 3215 1018 3295 Χερουῦικὸν
1070 3217 1287 3297 ὄχημα,
1348 3220 1627 3296 στερέωμα
1678 3220 1950 3298 δεύτερον,
2006 3218 2284 3297 ἀγγέλλον
2336 3219 2435 3288 τὴν
2486 3224 2594 3274 τῶν
2652 3224 2857 3295 χειρῶν
2915 3224 3050 3275 Θεοῦ
3098 3219 3346 3293 ποίησιν,
3382 3219 3557 3293 θέαμα
3589 3221 3680 3276 καὶ

260 3307 419 3384 ἔργον
468 3305 712 3364 ἰναδικὸν
758 3311 850 3383 καὶ
899 3308 1110 3385 εὔριξον
1156 3310 1332 3381 πάσης
1387 3313 1487 3377 τῆς
1536 3312 1639 3388 γῆς
1688 3310 2049 3387 ἄγαλλίαμα;
2104 3309 2202 3365 Καὶ
2251 3308 2333 3371 τίς
2376 3308 2405 3362 ὁ
2455 3307 2945 3384 έπαγγαλλόμενος
2994 3309 3042 3364 εί
3091 3311 3168 3384 μὴ
3227 3309 3393 3383 μόνος
3442 3312 3470 3365 ὁ
3513 3310 3563 3365 ἐν
3595 3314 3679 3375 οἷς

261 3398 497 3483 πέπονθε
541 3399 850 3474 πειρασθείς
905 3406 1024 3464 τοῖς
1071 3398 1487 3476 πειραζομένοις
1541 3401 1763 3475 βοηθεῖν
1816 3400 2193 3473 ἐπιστάμενος,
2244 3399 2334 3454 καὶ
2388 3398 2653 3473 ῥυόμενος
2707 3400 2931 3474 πτωχὸν
2986 3400 3046 3455 ἐκ
3095 3400 3284 3476 χειρὸς
3311 3399 3675 3477 στεῤῥοτέρων

263 3489 430 3544 αὐτοῦ
466 3488 559 3543 καὶ
588 3490 814 3564 πτωχὸν
837 3488 927 3544 καὶ
956 3490 1164 3560 πένητα
1212 3488 1320 3545 ἂπὸ
1347 3490 1456 3545 τῶν
1522 3487 1931 3566 διαρπαζόντων
1970 3490 2155 3559 αὐτὸν,
2211 3488 2304 3544 καὶ
2360 3492 2537 3543 ποιῶν
2569 3488 2742 3545 πάντα
2770 3488 2861 3544 καὶ
2894 3491 3302 3563 μετασκευάζων
3331 3491 3412 3546 ἀεὶ
3444 3491 3582 3567 πρὸς
3608 3492 3671 3546 τὸ

257 3576 484 3655 βέλτιον
511 3596 526 3646 ;
560 3602 589 3630 ››

332 3668 393 3739 ε’,
448 3668 608 3723 Ταῦτ’
675 3666 727 3738 ἐξ
795 3666 1131 3743 ὑπεράντλου
1194 3673 1314 3730 ταῖς
1379 3666 1655 3744 ἀχθηδόσι
1724 3672 1910 3744 ψυχῆς

253 3756 584 3819 κενώσαντες
622 3757 987 3832 πορευόμενοι
1047 3756 1440 3833 ἐπορευόμεθα,
1482 3756 1767 3822 κλαίοντες
1820 3759 1910 3812 καὶ

256 3846 559 3922 βάλλοντες
614 3846 746 3912 τοὺς
799 3850 1032 3922 θρήνους
1087 3849 1164 3914 ὡς
1220 3848 1525 3925 σπέρματα.
1583 3848 1646 3907 Ei
1706 3847 1764 3904 δὲ
1818 3849 1911 3904 καὶ

254 3932 549 4012 ἐρχόμενοι
604 3937 830 4011 ἥξομεν,
887 3937 1132 4011 αἳροντες
1185 3938 1239 3994 ἰν
1308 3936 1635 4012 ἀγαλλιάσει
1698 3939 1766 3993 τὰ
1809 3940 1909 4006 τῆς

254 4024 575 4102 δεξιωτέρας
603 4025 961 4090 ἀλλοιώσεως
1020 4024 1331 4103 δράγματα,
1381 4026 1557 4104 δῶρον
1583 4032 1747 4083 τοῦτο
1775 4031 1909 4083 Θεοῦ

256 4121 356 4173 τοῦ
383 4114 834 4192 παρακαλοῦντος
891 4117 1020 4179 τοὺς
1078 4114 1458 4195 ὀλιγοψύχους
1513 4116 1603 4171 καὶ
1636 4117 1907 4191 σωτηρίου

256 4203 626 4285 «spumosi-ro:
678 4207 897 4280 ἱματιον
955 4206 1048 4261 καὶ
1102 4210 1315 4285 χιτῶνα
1372 4204 1709 4281 εὐφροσύνης
1757 4202 1908 4261 ἐνδύ-

257 4275 721 4373 σαντος.ῙΪιροῆγε
751 4292 808 4350 δὶ
860 4297 1021 4368 ἡμῶν
1054 4297 1082 4350 ὁ
1105 4275 1492 4368 ὀἷκουμενικῦς
1540 4295 1907 4370 ἀρχιποιμήν,

261 4389 337 4461 μὴ
370 4387 550 4462 πήραν
607 4384 807 4465 φέρων,
869 4385 945 4456 μή
1001 4383 1205 4460 χρυσὸν
1256 4383 1346 4439 ἐπὶ
1386 4384 1487 4452 τήν
1537 4381 1726 4462 ὀσφὺν,
1772 4381 1908 4466 ἄρα·

255 4470 387 4539 ϐὂος
418 4474 506 4530 καὶ
538 4470 841 4535 ἆσανδαλος
908 4473 999 4527 καὶ
1066 4473 1323 4548 χιτώνιον
1390 4470 1443 4527 ἔν
1507 4472 1903 4547 περικείμενος,

2088 3669 2142 3724 5.
2178 3674 2318 3738 Quas
2375 3685 2509 3726 cum
2567 3686 2635 3726 ex
2694 3670 2889 3725 animo
2939 3669 3241 3727 doloribus
3301 3671 3666 3726 redundante

2018 3759 2825 3825 etfudissemus,continenter
2864 3760 3099 3816 ibamus
3158 3760 3451 3830 plorantes
3494 3763 3553 3815 et
3583 3758 3669 3814 la—

2018 3866 2250 3921 crymas
2280 3855 2559 3921 tanquam
2592 3850 2823 3906 semina
2852 3853 3216 3921 spargentes.
3248 3847 3303 3903 Si
3341 3863 3477 3903 vero
3521 3847 3672 3902 redi-

2018 3939 2135 3993 turi
2167 3955 2376 3993 sumus
2400 3938 2787 4009 prosperioris
2811 3939 3155 3993 mutationis
3178 3935 3513 4003 manipulos
3545 3936 3670 3991 Gul-

2016 4027 2243 4097 lecturi,
2276 4027 2378 4083 Dei
2410 4044 2624 4084 munus
2651 4026 2710 4082 id
2742 4028 2873 4095 erit,
2917 4028 3017 4099 qui
3070 4026 3474 4097 pusillanimes
3528 4042 3671 4081 con-

2017 4115 2238 4184 ﬁrmat,
2272 4117 2496 4189 quineos
2526 4116 2731 4173 salutis
2760 4122 2919 4172 veste
2949 4117 3146 4172 induit
3187 4124 3239 4172 et
3295 4116 3490 4171 tunica
3535 4115 3674 4170 ἰωιὶ-

2013 4207 2106 4262 tiaa
2138 4176 2815 4264 amicitrAntecedebat
2861 4210 3055 4261 autem
3108 4222 3215 4261 nos
3272 4204 3671 4260 mcumenicus

2015 4311 2280 4351 summus
2313 4301 2534 4367 pastor,
2569 4312 2681 4351 non
2716 4310 2913 4366 peram
2944 4297 3156 4357 terens,
3181 4311 3296 4350 non
3356 4311 3566 4350 aurum
3607 4295 3667 4350 in

2011 4401 2177 4453 zona,
2211 4385 2338 4441 sine
2383 4382 2615 4450 baculo,
2644 4384 2770 4439 sine
2797 4381 3025 4453 calceis,
3055 4400 3172 4439 una
3201 4382 3462 4441 tunicula
3494 4384 3666 4437 indu-

2015 4478 2131 4541 tus,
2190 4473 2415 4547 integer
2495 4472 2865 4546 evangelicus
2927 4474 3250 4545 apostolus,
3316 4478 3419 4529 aut
3470 4474 3663 4544 pclius

253 4565 475 4635 ἐντελὴς
504 4563 855 4643 εὖαγγελικός
906 4540 1237 4633 ἀπόστόλος,
1294 4563 1330 4633 ἢ
1394 4540 1608 4638 μᾶλλον
1635 4540 1734 4617 τοῦ
1769 4564 1905 4636 Χρι-

2032 4540 2229 4620 Ibi-isti
2258 4540 2592 4643 eili'emplarﬂ
2608 4540 2902 4635 quatenus
2935 4540 3182 4635 paupere
3237 4540 3419 4619 asello
3464 4540 3662 4618 rectus

253 4661 382 4711 στοῦ
415 4654 898 4733 ἆντίμιμος,-ριαθ’
957 4654 1084 4709 ὅσον
1122 4652 1322 4729 δναρίῳ
1366 4656 1637 4728 πτωχικῷ
1666 4650 1903 4728 ἐποχού-

256 4765 415 4820 μενος
484 4744 774 4820 μεθίστατο
827 4744 929 4813 τῆς
978 4743 1096 4805 νέας
1153 4742 1321 4812 Σιὼν,
1371 4740 1434 4805 οὐ
1479 4742 1570 4797 τὸν
1614 4739 1699 4796 ἐπ’
1729 4741 1903 4810 αὐτῆς

255 4830 543 4910 ἐσχεδίαζε
601 4829 890 4908 θρίαμϐον.
944 4831 1086 4889 Τότε
1154 4827 1201 4885 δ’
1246 4828 1342 4886 οὖν
1387 4832 1555 4906 πέρας
1619 4836 1720 4900 τῆς
1775 4826 1905 4885 ὁδοῦ

250 4924 354 4991 τὴν
423 4923 510 4997 [Ρ.
546 4924 672 4996 382]
738 4916 1058 4996 Σηλυϐρίαν
1124 4921 1237 4994 (61)
1303 4921 1468 4992 ἡμεῖς
1532 4918 1745 4993 θέμενοι
1808 4922 1906 4975 τοῦ

256 5010 461 5069 λοιποῦ
504 5011 610 5075 »τοῦ
665 5009 879 5066 πλάνου
930 5010 1274 5083 πεπαύμεθα,
1304 5003 1621 5084 ἀνύϐριστοι
1663 5008 1906 5081 πανοικὶ,

250 5104 318 5160 τὸ
370 5103 511 5178 μέγα
555 5104 654 5157 τοῦ
702 5099 836 5157 Θεοῦ
884 5098 1010 5175 περὶ
1061 5100 1211 5173 ἡμᾶς
1260 5096 1615 5176 φιλοτίμημα
1662 5097 1752 5153 καὶ
1794 5097 1908 5153 ἀεί-

255 5212 495 5268 μνηστον
532 5189 622 5246 καὶ
659 5186 870 5247 τέλειον
930 5185 1187 5265 δώρημα,
1249 5184 1383 5261 μηδ’
1434 5182 1789 5262 ἀρθρέμόολα
1817 5187 1907 5242 καὶ

2015 4671 2163 4711 nova
2181 4655 2350 4709 Sione
2372 4651 2847 4721 discedebath
2870 4657 3067 4710 autem
3090 4654 3465 4725 triumphans
3498 4654 3660 4710 illam

2012 4742 2471 4815 ingrediebatur.
2520 4749 2603 4800 Ac
2664 4748 2788 4799 tum
2841 4760 2949 4799 nos
3016 4742 3340 4816 Selybriam
3417 4741 3661 4816 proiecti

2016 4834 2285 4889 oberrare
2340 4833 2700 4904 destitimus,
2761 4835 2883 4889 tota
2939 4832 3160 4888 familia
3213 4833 3508 4902 inviolata,
3534 4850 3660 4903 qua

2019 4938 2226 4995 magna
2250 4921 2348 4979 Dei
2372 4922 2692 4979 liberalitas
2714 4926 2804 4977 est
2824 4926 2882 4977 et
2901 4920 3258 4993 sempiterna
3294 4922 3663 4992 perfectaque

2019 5012 2443 5080 muniﬁcentia,
2482 5011 2629 5066 785
2660 5027 2775 5065 non
2809 5009 3011 5065 ferreis
3042 5010 3310 5075 manicis,
3347 5025 3462 5064 non
3508 5008 3662 5062 funi-

2019 5101 2132 5157 bus
2160 5101 2363 5166 vincti,
2397 5117 2514 5156 non
2547 5099 2758 5171 pugnis
2796 5098 2955 5169 cesi,
3015 5103 3081 5154 ut
3133 5097 3304 5152 multi
3348 5114 3417 5153 ex
3447 5098 3663 5155 nostris

2021 5191 2278 5262 pecunia!
2305 5188 2510 5245 dandas
2533 5204 2749 5256 causa;
2774 5193 2831 5242 et
2878 5204 2911 5241 a
2955 5187 3079 5243 solo
3112 5187 3226 5242 Deo
3270 5186 3531 5255 enutriti,
3566 5187 3668 5259 qui

1632 5334 1803 5399 Hier.
1835 5334 2051 5396 Wolﬁi
2080 5340 2267 5397 nota.

330 5501 443 5575 (61)
475 5454 815 5571 sig-3.36am.
855 5485 1242 5575 ξηλυμϐρίαν.
1278 5493 1465 5552 Etiam
1496 5496 1649 5575 apud
1697 5494 1902 5575 Demo-

257 5567 530 5631 sthenem
548 5567 828 5628 nostrum
855 5568 979 5639 hagc
1005 5567 1115 5624 vox
1138 5568 1472 5639 alia§_cum,
1504 5567 1651 5624 alias
1699 5569 1827 5624 sine
1859 5586 1901 5639 μ

257 5645 557 5714 scribitur,
585 5646 733 5700 utet
761 5633 1010 5719 ἀρύμϐας
1039 5643 1096 5697 et
1137 5631 1396 5716 ἀρύϐϐας.
1428 5631 1588 5707 Quod
1638 5631 1898 5698 accidere

526 5768 623 5785 ιδ’..
638 5774 653 5779 η

2009 5493 2260 5622 sideturl
2285 5494 2516 5565 propter
2543 5492 2864 5549 litterarum
2892 5490 3000 5567 βοι
3029 5511 3070 5565 μ
3102 5495 3269 5551 notas
3296 5494 3508 5553 alicubi
3546 5512 3662 5555 non

2052 5581 2237 5622 18811111
2265 5581 2349 5621 es.
3629 5580 3633 5584 ’

2052 5580 2349 5623 18811111168.
3629 5580 3633 5584 ’
