4072 6218
383 277 498 335 979

1707 273 2024 337 ΝΙΟΕΤᾸΞ.
2063 273 2484 335 (ΣΗΟΝΙΑΤΑΞ

3684 271 3801 332 980

381 413 580 465 cibum
602 408 880 465 omnibus
909 413 1236 479 opportuno
1290 409 1548 480 tempore
1586 407 2026 478 curatetpullos

2166 401 2566 480 χοινοόέσμους
2627 402 2758 459 κάπὶ
2797 406 2905 459 τῶν
2961 402 3248 476 κροτάφων
3297 398 3676 478 ἀστραγάλους
3720 400 3800 461 ὡς

383 514 687 555 corvorum
719 514 778 554 se
805 497 1140 552 invocantes
1185 495 1423 568 largiter
1447 497 1652 568 pascit,
1685 503 1744 553 et
1783 498 2036 568 agrestia

382 587 682 660 lilia,quze
704 603 891 658 neque
933 591 1072 640 nent
1127 602 1313 656 neque
1364 588 1678 654 seminant,
1725 585 2036 658 splendide

383 677 730 734 vestit.Nam
753 675 954 731 rustici
977 678 1034 730 et
1056 672 1263 746 plebeii
1287 675 1554 731 homines
1602 675 1770 732 nobis
1815 675 2034 748 Byzan-

383 767 524 822 tinis
556 764 747 836 magis
775 763 1158 830 insultabant,
1183 769 1239 818 et
1261 765 1650 822 mendicitatis
1667 781 1734 820 ac
1752 763 2036 820 nuditatis

387 856 684 913 miseriam
713 855 1106 928 atqualitstem
1154 864 1410 915 amenter
1454 855 1856 924 nominabant,
1897 855 2034 915 vici-

387 963 600 1002 norum
631 946 804 1003 malis
836 946 1021 1002 nihilo
1053 948 1187 1004 facti
1220 948 1637 1018 prudentiores.
1658 946 1826 1003 Multi
1857 945 2034 1000 etiam

390 1037 662 1093 homines
712 1035 912 1107 injurii
973 1038 1147 1092 Deum
1203 1037 1520 1093 laudabant
1577 1035 1822 1101 scilicet,
1880 1033 2034 1104 quod

392 1127 562 1184 ditati
593 1135 788 1182 essent
819 1127 1192 1198 popularium
1227 1127 1495 1197 pretiosis
1535 1124 1912 1181 facultatibus
1943 1121 2042 1179 vili

392 1216 581 1288 pretio
610 1215 948 1287 redemptis.
975 1216 1234 1272 Necdum
1265 1216 1420 1272 enim
1455 1216 1776 1271 taurivoros
1806 1213 2042 1269 Latinos

393 1303 452 1357 in
485 1303 640 1360 mdes
665 1320 804 1360 suas
822 1310 1180 1376 receperant,
1214 1321 1403 1376 neque
1436 1307 1667 1370 norant,
1707 1309 1774 1358 ut
1816 1319 2038 1358 merum

394 1390 593 1458 simul,
626 1393 1125 1463 quemadmodum
1157 1399 1216 1450 et
1251 1393 1446 1462 bilem,
1487 1393 1823 1464 importune
1855 1393 2042 1448 eil‘un-

395 1482 618 1548 derent,
677 1485 734 1537 et
793 1481 1085 1538 Romanos
1142 1483 1396 1554 superbe
1439 1487 1498 1538 et
1526 1481 1907 1554 contemptim
1943 1481 2042 1536 ha-

392 1567 620 1625 herent.

2143 491 2350 549 πολλοὶ
2405 494 2514 548 τῶν
2573 494 2691 556 καθ’
2750 494 2898 566 ἡμᾶς
2975 489 3259 564 δεξάμενοι
3336 487 3428 545 διά
3487 490 3798 565 χρημάτων

2143 581 2427 653 ἀπόδοσιν,
2485 581 2574 637 καὶ
2629 581 2763 657 πρὸς
2827 582 2992 654 μόνου
3040 585 3176 636 Θεοῦ
3218 579 3546 658 τρεφόμενοι
3576 583 3678 634 τοῦ
3701 579 3803 645 τήν

2141 675 2350 752 τροφὴν
2399 671 2452 728 ἐν
2499 673 2746 748 εὐκαιρίᾳ
2793 677 2922 728 πᾶσι
2976 667 3339 748 βραϐεύοντος
3371 668 3623 732 καὶτοὺς
3651 689 3804 723 νεοσ-

2146 783 2273 824 σους
2322 767 2430 818 τῶν
2496 765 2742 838 κοράκων
2790 762 2920 826 τοὺς
2969 759 3436 834 ἐπικαλουμένους
3487 759 3652 815 αὐτὸν
3688 755 3806 813 δει-

2145 851 2428 921 πνίζοντος
2457 850 2510 914 ές
2540 852 2603 906 τὸ
2633 849 2884 929 ἄφθονον,
2911 844 2989 906 ἔτι
3026 871 3090 927 γε
3129 858 3238 924 μὴν
3276 849 3346 906 τὰ
3386 851 3530 923 μήτε
3565 852 3807 916 νήθοντα

2150 943 2292 1014 μήτε
2355 940 2642 1016 σπείροντα
2704 941 2858 1018 κρίνα
2909 944 3006 996 τοῦ
3053 941 3222 1017 ἀγροῦ
3277 939 3591 1018 φιλοτίμως
3651 935 3807 992 ἐνδύ-

2149 1051 2322 1093 οντος.
2389 1033 2454 1086 Οἱ
2521 1028 2570 1086 δ’
2625 1032 2878 1106 ἀγροῖκοι
2941 1031 3030 1086 καὶ
3099 1029 3350 1104 ἀγελαῖοι
3401 1029 3808 1102 έπεκερτόμουν

2153 1118 2368 1194 μᾶλλον
2413 1125 2531 1183 τοῖς
2579 1119 2640 1176 ἐκ
2685 1118 2982 1190 Βυζαντίου
3029 1121 3186 1191 ἡμῖν,
3216 1118 3307 1174 καὶ
3339 1121 3440 1187 τὴν
3469 1117 3524 1172 ἐν
3554 1116 3812 1191 πτωχείᾳ

2149 1209 2238 1264 καὶ
2331 1209 2638 1284 γυμνότητι
2725 1209 3030 1284 κακουχίαν
3107 1206 3478 1264 ἰσοπολιτείαν
3554 1207 3812 1282 ἀφρόνως

2151 1299 2462 1374 ὠνόμαζον,
2511 1298 2572 1355 ού
2611 1305 2728 1362 τοῖς
2779 1304 2888 1355 τῶν
2937 1297 3109 1360 πέλας
3156 1303 3345 1360 κακοῖς
3385 1295 3810 1369 παιδεύόμενοι.

2154 1388 2366 1444 Πολλοὶ
2397 1388 2456 1444 δὶ
2479 1390 2570 1444 καὶ
2604 1387 2830 1461 ἀνομίαν
2879 1383 3384 1461 ὑπολαμϐάνοντες,
3416 1411 3445 1438 ι(
3482 1384 3810 1461 Εὖλογητὸς

2153 1477 2378 1554 Κύριος,
2409 1477 2494 1533 ὅτι
2517 1475 2997 1550 πεπλουτήκαμεν,
3029 1501 3058 1528 ››
3101 1474 3315 1552 ἔλεγον,
3345 1477 3540 1551 ὀλίγου
3569 1474 3671 1536 τὰς
3697 1479 3808 1529 τῶν

2159 1565 2518 1642 συμφυλετῶν
2564 1566 2754 1628 οὐσίας
2797 1563 3200 1640 ἀποδιδομένας
3225 1565 3553 1638 ὠνούμενοι.
3587 1564 3670 1621 Οὔ
3703 1566 3811 1638 γάρ

395 1657 484 1710 πὼ
517 1657 802 1730 βουθοίνας
831 1657 1503 1730 εἷσῳκίσαντοηΛατίνους,
1552 1657 1642 1714 καὶ
1675 1655 1888 1714 ε’ἰδοσαν
1936 1658 2084 1720 ὅπως
2138 1657 2234 1731 μὲν
2280 1657 2374 1712 τὸν
2429 1654 2660 1732 ἄκρατον
2693 1657 2834 1711 οἶνον
2867 1657 3010 1728 ὁμοῦ
3037 1657 3130 1710 καὶ
3160 1655 3464 1730 ζωρότερον
3497 1651 3688 1728 ὥσπερ
3719 1653 3812 1708 καὶ

395 1745 488 1799 τὸν
517 1745 692 1822 χόλον
719 1747 1012 1822 ἀκέραστον
1045 1748 1287 1825 χέουσιν,
1330 1748 1478 1810 ὅπως
1507 1747 1564 1803 δὲ
1592 1747 1882 1822 Ῥωμαίοις
1911 1746 1965 1802 έν
1998 1746 2342 1823 ὑπερηφανίᾳ
2368 1744 2460 1801 καὶ
2489 1743 2834 1816 ἐξουδενώσει
2872 1743 3296 1822 προσφέρονται.

470 1845 551 1896 Ac
584 1845 780 1896 noster
809 1846 1016 1907 status,
1050 1857 1374 1912 eorumque
1403 1841 1504 1912 qui
1535 1842 1799 1911 ejusdem
1842 1841 2044 1896 condi-
2075 1841 2125 1908 Β

407 1929 587 1985 tionis
615 1939 668 1985 et
700 1929 910 1986 litteris
962 1931 1174 1986 eruditi
1235 1937 1422 2000 erant,
1482 1931 1616 1986 talis
1659 1931 1785 1986 luit.
1830 1929 2052 2000 Impro-

408 2017 522 2075 bus
553 2023 747 2074 autem
782 2035 921 2091 grex
951 2026 1006 2074 et
1035 2019 1498 2076 circumforanea
1528 2019 1692 2075 turba
1737 2018 2059 2075 ditescebat

410 2108 791 2178 profanandis
823 2109 1014 2164 denuo
1041 2111 1244 2174 sacris,
1278 2125 1404 2178 quas
1464 2109 1648 2164 Latini
1708 2107 2056 2172 vendebant,

409 2197 604 2268 iisque
628 2197 778 2253 780
801 2205 1080 2267 tanquam
1103 2199 1400 2252 communi
1423 2213 1612 2253 merce
1625 2197 2054 2266 cauponandis,

410 2287 579 2358 quasi
610 2303 742 2342 vero
771 2287 1000 2358 direpta
1051 2301 1081 2341 θ
1137 2284 1374 2357 templis
1421 2286 1520 2342 Dei
1561 2302 1686 2342 esse
1719 2286 2049 2342 desiissent.

409 2375 622 2432 Hostes
645 2392 816 2448 porro
843 2376 1000 2431 luxui
1032 2381 1090 2431 et
1118 2375 1344 2432 deliciis
1375 2376 1680 2446 vacabant,
1704 2375 1777 2432 iis
1808 2391 2052 2447 praeser-

409 2465 517 2520 tim
551 2481 679 2536 quin
728 2465 801 2520 ad
854 2463 1247 2520 Romanorum
1306 2465 1564 2520 derisum
1619 2468 1677 2520 et
1731 2463 2054 2522 ludibrium

413 2553 790 2626 pertinerent.
822 2551 964 2608 Nam
999 2553 1260 2608 vestibus
1287 2553 1388 2608 lati
1423 2553 1566 2609 clavi
1601 2569 1714 2609 non
1751 2553 2056 2609 necessita-

411 2645 492 2700 tis
519 2644 620 2700 sed
655 2644 810 2700 risus
837 2643 1020 2714 gratia
1069 2643 1257 2698 induti
1311 2660 1412 2715 per
1466 2643 1624 2699 vicos
1686 2644 2052 2712 incedebant,

409 2733 598 2790 lineas
628 2733 830 2790 mitras
859 2749 1144 2804 equorum
1177 2733 1492 2789 verticibus
1553 2732 1966 2804 imponebant;
1999 2737 2058 2789 et

411 2841 541 2896 quas
572 2823 631 2880 in
661 2821 927 2879 humeris
958 2822 1308 2892 dependent,
1341 2821 1506 2877 albas
1538 2823 1748 2878 fascias
1809 2821 2058 2878 maxillis

411 2913 734 2970 bestiarum
768 2911 1112 2982 alligabant,
1145 2916 1318 2982 atque
1349 2910 1430 2966 ita
1461 2912 1680 2982 passim
1715 2911 1917 2967 urbem
1938 2927 2062 2982 per-

415 3003 780 3074 equitabant.
809 3001 925 3057 Alii
955 3000 1214 3056 calamos
1252 2999 1614 3072 scriptorios,
1645 3001 2066 3056 atramentaria

413 3098 470 3146 et
499 3089 728 3146 libellos
759 3089 1084 3161 gestabant,
1115 3106 1229 3160 qua
1260 3104 1320 3143 re
1347 3105 1453 3144 nos
1486 3094 1552 3144 ut
1611 3088 1834 3144 scribas
1885 3088 2066 3160 sugil-

2228 1837 2330 1895 Καὶ
2359 1837 2583 1893 τοίαῦτα
2634 1837 2731 1908 μὲν
2775 1837 2840 1891 τὰ
2885 1837 3126 1912 ἡμέτερα
3165 1835 3257 1890 καὶ
3305 1839 3415 1892 τῶν
3469 1833 3525 1890 οἶ
3566 1855 3819 1890 συνεκοι-

2157 1928 2364 1982 νώνουν
2441 1927 2734 2002 σχήματος
2807 1927 2899 1982 καὶ
2971 1929 3080 1981 τῶν
3156 1924 3402 2000 λογικῶν
3478 1924 3530 1980 ἐν
3611 1926 3818 1998 μεθέξει

2159 2013 2512 2073 παιδεύσεων.
2553 2017 2621 2073 Οἱ
2681 2013 2730 2070 δ’
2795 2014 2855 2072 ἐκ
2918 2023 3020 2086 τῆς
3085 2014 3301 2090 φαύλης
3361 2016 3678 2090 συμμορίας
3727 2016 3815 2070 καὶ

2159 2105 2415 2180 ἀγοραῖοι
2479 2105 2938 2181 ἱχρηματίζοντο,
3004 2105 3095 2160 καὶ
3160 2103 3327 2160 πάλιν
3369 2105 3437 2160 τὰ
3495 2106 3616 2158 θεῖα
3653 2100 3816 2178 βεϐη-

2162 2194 2384 2259 λοῦντες
2451 2196 2556 2250 ὑπὸ
2610 2196 2856 2250 Λατίνων
2908 2191 3282 2266 ἀποδιδόμενα
3343 2194 3433 2248 καὶ
3501 2194 3582 2254 ὡς
3625 2194 3804 2248 κοινὸν

2163 2282 2420 2358 ἀργύριον
2467 2281 2922 2356 ἐμπορευόμενοι,
2973 2283 3048 2344 ὡς
3106 2279 3257 2356 εἷ’περ
3311 2287 3420 2337 τῶν
3484 2285 3630 2336 ναῶν
3680 2283 3812 2359 errr,-

2159 2375 2373 2446 ρημένα
2435 2373 2527 2426 καὶ
2585 2372 2648 2426 τὸ
2701 2372 2834 2428 εἶναι
2881 2376 3017 2427 Θεοῦ
3065 2369 3432 2428 ἆπεϐάλοντο.
3487 2373 3568 2428 Τὸ
3641 2369 3700 2426 δέ
3760 2391 3819 2446 γε

2159 2461 2452 2518 ἀντίπαλον
2498 2462 2552 2516 ἐν
2599 2460 2905 2536 ἀσελγείαις
2951 2460 3021 2530 ἦν
3059 2461 3147 2516 καὶ
3197 2465 3450 2537 τρυφαῖς,
3481 2460 3816 2516 καὶτούτων

2159 2555 2278 2614 ταῖς
2328 2549 2582 2624 ἀσέμνοις
2637 2550 2898 2624 μάλιστα,
2947 2551 3038 2606 καὶ
3085 2555 3194 2606 τῶν
3243 2553 3570 2624 Ῥωμαϊκῶν
3617 2549 3673 2604 ἐν
3706 2571 3819 2604 γω-

2167 2637 2350 2713 μῳδίᾳ
2385 2639 2545 2704 ἐθῶν.
2608 2641 2732 2697 Τῶν
2792 2639 2898 2716 γὰρ
2958 2638 3193 2712 ἱματίων
3254 2639 3320 2694 τὰ
3356 2639 3705 2712 πΛατύσημα
3748 2641 3820 2711 μή

2162 2728 2299 2783 κατά
2337 2727 2552 2802 χρείαν,
2611 2733 2749 2805 πρὸς
2823 2725 2881 2783 δὲ
2951 2727 3129 2802 γέλων
3199 2723 3678 2802 περιϐαλλόμενοι
3729 2729 3826 2790 τάς

2163 2817 2351 2894 ἀγυιάς
2416 2817 2729 2894 περιῄεσαν,
2797 2819 2888 2874 καὶ
2952 2819 3051 2882 τὰς
3115 2819 3494 2883 ὀθονοσγεπεῖς
3561 2839 3828 2895 περικρα-

2163 2909 2312 2970 νίους
2348 2905 2664 2982 καλύπτρας
2700 2913 2820 2970 ταῖς
2857 2913 3124 2985 κορυφαῖς
3158 2912 3267 2965 τῶν
3321 2909 3634 2984 ὀχημάτων
3677 2929 3829 2980 περι-

2165 2998 2399 3058 τιθέντες
2457 2997 2548 3052 καὶ
2613 2998 2680 3052 τά
2742 2996 2879 3053 κατὰ
2939 2997 3116 3053 νώτου
3193 2997 3469 3072 κεχυμέναι
3532 2995 3832 3053 λευκύλινα

2165 3091 2287 3148 ταῖς
2329 3085 2570 3149 ἱππείαις
2633 3087 2848 3161 γένυσιν
2915 3087 3096 3142 αὐτῶν
3163 3085 3502 3161 περιδέοντες
3553 3085 3708 3161 ἄλλῃ
3741 3087 3830 3141 καὶ

413 3178 633 3236 labant.
667 3179 920 3236 Maxima
948 3194 1082 3233 vero
1115 3194 1250 3250 pars
1279 3177 1560 3234 mulieres
1593 3195 1627 3234 a
1656 3194 1718 3234 se
1764 3182 2056 3250 stuprata

2169 3173 2313 3248 ἄλλῃ
2351 3181 2450 3244 τῆς
2482 3173 2696 3238 πόλεως
2740 3174 3118 3246 έξιππάζοντο.
3168 3177 3237 3234 O't
3286 3173 3344 3231 δέ
3395 3177 3643 3254 γραφέας
3675 3174 3830 3231 δόναο

411 3267 603 3338 longis
636 3265 821 3338 peplis
850 3267 1089 3322 indutas
1119 3271 1179 3322 et
1225 3265 1450 3336 capillis
1500 3265 1560 3321 in
1615 3282 1798 3323 unum
1835 3267 2054 3324 nodum

413 3355 583 3412 tortis
611 3362 670 3413 et
699 3357 759 3412 in
789 3359 1021 3428 tergum
1051 3355 1282 3424 rejectis
1307 3355 1366 3410 in
1389 3355 1560 3428 equis
1588 3355 1893 3412 vehebant.
1928 3357 2056 3412 Mu-

413 3445 698 3502 liebribus
753 3461 887 3501 vero
941 3443 1189 3515 pileolis,
1221 3452 1277 3500 et
1335 3444 1798 3516 dependentibus
1847 3454 2058 3502 atem-

415 3535 655 3608 poribus
681 3533 893 3606 crispis
923 3539 980 3590 et
1007 3532 1157 3590 albis
1187 3533 1467 3602 crinibus,
1503 3550 1685 3606 equos
1717 3551 1855 3591 suos
1886 3551 2060 3592 orna-

415 3627 572 3694 bant,
607 3639 673 3678 ao
729 3627 881 3679 totos
937 3622 1065 3678 dies
1116 3623 1598 3678 comessahantur
1648 3627 1707 3680 et
1761 3625 2060 3696 potabant,

417 3715 515 3772 alii
547 3713 807 3786 cupediis
837 3717 895 3768 et
933 3711 1183 3768 lautitiis
1241 3713 1470 3782 intenti,
1530 3711 1630 3768 alii
1687 3713 1878 3785 patrio
1933 3715 2064 3771 cibo

415 3808 740 3871 vescentes,
772 3817 902 3874 quae
921 3807 1267 3872 erantterga
1289 3800 1645 3858 bubularum
1682 3803 1947 3859 carnium
1981 3803 2062 3858 le-

416 3894 650 3950 betibus
673 3892 955 3960 immissa,
979 3896 1035 3947 et
1055 3891 1322 3948 succidias
1345 3907 1478 3946 cum
1502 3891 1739 3948 fabacea
1762 3892 1946 3948 farina
1969 3891 2065 3948 eli.

415 3999 523 4048 κω,
555 3989 616 4036 ut
648 3985 705 4037 et
737 3981 880 4037 787
933 3981 1216 4036 intinctus
1273 3996 1336 4036 ex
1365 3979 1519 4036 alliis
1549 3985 1606 4036 et
1626 3980 1817 4052 liquor
1837 3997 1906 4036 ex
1932 3981 2065 4038 aliis

419 4071 654 4129 acribus
691 4071 1038 4126 humoribus
1085 4069 1408 4126 confectus.
1469 4070 1605 4126 Post
1652 4070 2064 4127 manubiarum

418 4161 790 4234 partitionem
824 4176 991 4216 sacra
1024 4159 1264 4216 minime
1295 4176 1329 4216 a
1359 4161 1598 4232 profano
1619 4160 2064 4232 distingueban-

421 4250 641 4316 tur,sed
671 4267 738 4306 ex
769 4265 934 4321 requo
965 4249 1225 4321 corporis
1283 4248 1488 4304 usibus
1529 4253 1774 4318 utraque
1824 4248 2066 4304 adhibe-

419 4340 653 4408 banlur,
687 4339 813 4396 sine
845 4338 964 4394 ullo
1020 4338 1294 4394 Numinis
1351 4342 1408 4394 et
1439 4337 1738 4410 religionis
1773 4343 2062 4410 respectu,

423 4430 568 4485 adeo
600 4433 664 4483 ut
693 4428 906 4484 Christi
955 4432 1013 4482 et
1067 4434 1403 4484 sanctorum
1453 4427 1665 4484 divinis
1707 4427 2067 4499 imaginibus

423 4534 526 4587 pro
555 4516 717 4572 sellis
746 4521 804 4572 et
833 4515 1108 4572 scabellis
1139 4520 1461 4572 uterentur.

2165 3285 2261 3327 κας
2334 3265 2425 3319 καὶ
2487 3262 2680 3340 δοχεῖα
2731 3262 2964 3337 μέλανος
3011 3265 3265 3342 φέροντες
3290 3266 3487 3340 τόμοις
3517 3267 3620 3333 την
3667 3272 3828 3342 χεῖρα

2167 3351 2435 3423 ἔδίδοσαν,
2487 3355 2564 3418 ὡς
2605 3353 2958 3430 γραμματέας
3007 3357 3158 3428 ἡμᾶς
3209 3356 3565 3425 τωθάζοντες.
3627 3357 3701 3414 Οἱ
3769 3354 3825 3410 δὲ

2169 3444 2394 3508 πλείους
2424 3447 2521 3509 τὰς
2565 3448 2659 3520 μὶν
2709 3447 2813 3502 ὑπὸ
2861 3451 3010 3524 αφῶν
3059 3447 3368 3522 βιασθείσας
3418 3447 3506 3503 ἐπὶ
3561 3453 3678 3504 τῶν
3731 3448 3828 3502 ῗπο

2169 3555 2287 3590 πων
2336 3535 2574 3610 ἀνεῖχον,
2625 3533 3002 3598 τανυπέπλους
3051 3536 3204 3600 τινὰς
3266 3537 3357 3590 καὶ
3423 3536 3833 3607 ἀπηνηκὼτους

2173 3629 2284 3702 (62)
2312 3625 2528 3689 καὶτὰς
2567 3625 2762 3702 τρίχας
2809 3625 3282 3700 συνεστραμμένας
3325 3625 3402 3690 εἲς
3445 3627 3702 3692 ὀπίσθιον
3741 3627 3830 3682 ἕνα

2171 3715 2456 3791 πλοχμὸν,
2519 3715 2584 3770 τὰ
2640 3713 2698 3770 δὲ
2752 3721 3030 3791 γυναικεῖα
3083 3715 3362 3788 τυμπάνια
3417 3717 3506 3772 καὶ
3592 3719 3666 3772 τὰ
3725 3723 3826 3772 τῶν

2174 3803 2352 3862 οὔλων
2413 3804 2503 3860 καὶ
2563 3803 2770 3860 λευκῶι
2847 3809 3058 3880 τριχῶν
3127 3805 3492 3880 ὶπικροτάφια
3554 3807 3828 3878 καθέμιτα

2173 3900 2291 3958 τοῖς
2345 3893 2537 3957 ’ίπποις
2595 3893 2986 3968 περιετίθεσαν.
3047 3893 3366 3968 Ἐκώμαζὸν
3420 3915 3482 3950 τε
3536 3897 3632 3950 καὶ
3663 3897 3834 3970 ἡκρα-

2171 3983 2383 4052 τίζοντο
2421 3981 2784 4058 πανημέριοι,
2839 3983 2892 4037 οἱ
2951 3983 3046 4058 μὶν
3106 3983 3414 4058 βρωμάτων
3477 3983 3833 4060 μαγγανείαις

2174 4071 2582 4146 προσκείμενοι,
2623 4073 2676 4128 οἱ
2727 4069 2784 4128 δὲ
2825 4071 2918 4127 καὶ
2965 4073 3066 4142 τὴν
3117 4073 3348 4146 πάτριαν
3399 4069 3614 4142 ἐδωδήν
3662 4094 3832 4148 παρα-

2171 4164 2446 4234 τιθέμενοι
2479 4157 2828 4230 ἑπιδείπνιον,
2888 4159 3010 4230 ἣτις
3071 4161 3138 4230 ἦν
3193 4166 3359 4216 νῶτοι
3422 4161 3617 4236 βοείων
3663 4166 3830 4237 κρεῶν

2175 4248 2590 4326 διαχαλώμενοι
2653 4245 2852 4320 λέϐησι
2899 4249 2989 4304 καὶ
3061 4254 3201 4304 συῶν
3257 4253 3480 4329 τεμάχη
3550 4253 3832 4326 ταριχηρᾶ

2173 4341 2406 4412 κυάμοις
2479 4338 2712 4409 ἀλητοῖς
2787 4339 3144 4414 συνεψόμενα,
3220 4336 3406 4412 ὥσπερ
3480 4341 3572 4394 καὶ
3655 4342 3717 4396 τὸ
3775 4339 3833 4394 ἐκ

2177 4423 2454 4496 σκορόδων
2486 4421 2827 4501 ἐπέμϐαμμά
2855 4448 2915 4483 τε
2943 4427 3033 4482 καὶ
3065 4427 3300 4499 σύνθεμα
3330 4427 3382 4498 ἐξ
3411 4427 3604 4484 ἄλλων
3633 4434 3830 4504 χυμῶν

2175 4515 2582 4592 δριμυσσόντων
2628 4518 2728 4585 τὴν
2775 4515 3048 4587 αἴσθησιν.
3106 4515 3258 4574 Ἐπεὶ
3309 4515 3368 4572 δὲ
3417 4517 3508 4572 καὶ
3556 4519 3624 4573 τὰ
3667 4519 3834 4573 σκῦλα

424 4603 780 4677 διενείμαντο,
815 4601 913 4658 οὐκ
957 4603 1025 4672 ἦν
1075 4624 1158 4665 τις
1208 4603 1334 4675 παρ’
1385 4602 1613 4666 ἐκείνοις
1667 4601 1930 4676 διαστολή
1985 4603 2232 4662 ἐπίπλων
2286 4606 2378 4662 καὶ
2431 4610 2634 4662 σκευῶν
2689 4601 2944 4681 βεϐήλων
2983 4605 3160 4661 τεκαὶ
3199 4606 3393 4680 ἁγίων,
3432 4605 3564 4662 ἀλλ’
3597 4607 3683 4662 ἐπ’
3715 4608 3830 4677 ἴσης

423 4695 619 4750 ἃπασιν
648 4691 724 4754 εἷς
756 4692 851 4754 τάς
882 4693 1196 4765 σωματικάς
1235 4690 1423 4766 χρείας
1456 4691 1779 4768 ἐκέχρηντο,
1810 4698 1944 4749 Θεοῦ
1973 4695 2063 4750 καὶ
2090 4692 2314 4768 θέμιδος
2345 4697 2480 4751 κατᾶ
2514 4691 2681 4768 μηδὲν
2713 4691 3107 4769 ἒμπαζόμενοι.
3142 4696 3226 4752 Τὸ.
3255 4693 3315 4751 δὲ
3344 4699 3440 4751 τοῦ
3473 4697 3716 4771 Χριστοῦ
3745 4695 3828 4750 καί

419 4791 531 4841 τῶν
563 4785 730 4858 ἁγίων
761 4786 845 4857 [Ρ.
881 4785 1006 4856 383]
1039 4788 1151 4847 θεῖα
1183 4782 1483 4854 εἰκάσματα
1514 4782 1590 4848 είς
1621 4779 1782 4859 ἕδρας
1817 4785 1906 4840 καὶ
1938 4783 2120 4841 ποδῶν
2153 4783 2404 4861 θρανίδας
2440 4792 2711 4861 παρῆγον.

493 4877 871 4947 6.Postquam
894 4874 1222 4946 provincias
1242 4878 1300 4930 et
1323 4875 1496 4931 urbes
1526 4875 1725 4932 sortiri
1745 4880 2068 4948 cmperunt,

424 4965 777 5031 vecordiam,
809 4980 881 5019 ne
913 4963 1208 5019 insaniam
1240 4963 1452 5034 dicam,
1481 4964 1742 5020 virorum
1801 4965 2074 5036 superbia

424 5055 779 5113 tumentium
812 5052 1330 5124 incomparabilem
1362 5069 1479 5108 non
1529 5053 1656 5110 sine
1704 5070 1940 5110 summa
1971 5057 2073 5110 ad-

427 5146 735 5204 miratione
760 5159 1046 5201 cerneres.
1077 5143 1254 5208 Quasi
1285 5141 1442 5198 enim
1492 5143 1620 5214 jam
1673 5158 1840 5214 reges
1870 5159 2072 5213 regum

425 5235 613 5292 effecti
643 5240 699 5292 et
728 5234 929 5291 orbem
961 5237 1248 5290 terrarum
1281 5231 1404 5288 suis
1438 5231 1710 5288 manibus
1766 5233 2073 5304 complexi,

427 5325 486 5381 in
505 5325 797 5382 Romanas
838 5321 1164 5396 provincias
1221 5320 1612 5392 descriptores
1669 5320 1976 5392 miserunt,
2012 5327 2076 5380 ut

2252 4875 2317 4938 ς’.
2349 4875 2438 4937 Ὠς
2470 4871 2530 4930 δὲ
2556 4874 2648 4929 καὶ
2671 4873 2918 4950 κλήρους
2966 4871 3184 4930 πόλεων
3227 4876 3318 4930 καὶ
3358 4879 3564 4950 χωρῶν
3598 4874 3826 4952 ἤρξαντο

2186 4962 2436 5034 βάλλειν,
2470 4963 2538 5034 ἦν
2571 4961 2773 5018 ἰδέσθαι
2822 4963 2914 5019 καὶ
2963 4963 3144 5028 θέσθαι
3195 4965 3280 5020 ὅτι
3331 4961 3422 5019 διὰ
3449 4963 3712 5022 πλείστου
3738 4969 3830 5020 τοῦ

2183 5054 2460 5126 θαύματος
2489 5049 2696 5128 ἀνδρῶν
2731 5057 3065 5133 τυφομανῶν
3099 5054 3176 5124 μή
3205 5049 3528 5126 ξυμϐλητὴν
3563 5053 3828 5122 ἀπόνοιαν,

2182 5139 2282 5197 εἴτ’
2313 5139 2406 5196 οὖν
2451 5143 2747 5216 παράνοιαν
2809 5141 2980 5197 εἰπεῖν
3038 5141 3388 5218 οἰκειότερον.
3420 5147 3510 5218 Ὧς
3541 5143 3648 5220 γάρ
3683 5145 3830 5220 βασι-

2183 5228 2326 5286 λέων
2351 5228 2459 5302 ἢδη
2497 5228 2744 5308 βασιλεῖς
2775 5232 3108 5295 καθεστῶτες
3154 5230 3246 5286 καὶ
3293 5231 3355 5286 τὸ
3385 5234 3667 5309 περὶγειον
3697 5237 3828 5288 ἁπαν

2181 5321 2232 5378 ἐν
2265 5319 2451 5400 χερσῖν
2480 5321 2720 5401 ἔχοντες,
2767 5327 2886 5386 τοῖς
2942 5324 3038 5398 μὲν
3087 5323 3422 5399 Ῥωμαϊκοῖς
3451 5326 3827 5400 eluvie-paeni

1822 5450 1992 5514 Hier.
2026 5450 2238 5514 Wolﬂi
2269 5457 2463 5514 notas.

502 5584 611 5656 (62)
643 5582 1087 5653 Ἀπηνηκώτους.
1119 5581 1632 5654 Ἀπηνηνηκώτους.
1669 5587 1990 5658 Utrumque
2021 5602 2056 5659 p

2167 5601 2326 5644 eram
2352 5601 2482 5644 esse
2512 5584 2789 5659 arbitror,
2821 5589 3098 5646 neutrum
3127 5589 3286 5646 certe
3315 5585 3602 5662 intelligo.
