4032 6216
241 291 366 351 98!

1716 293 1917 357 URBS
1963 294 2242 359 GAPTA.

3567 309 3684 367 982

245 424 594 501 ἀπογραφεῖς
651 416 968 492 ἐπέστησαν,
1026 425 1233 496 γνῶναι
1292 425 1558 498 πρότερον
1632 424 1729 488 τὰς
1796 426 1914 482 ἐπε.

2033 432 2249 489 annuis
2278 433 2560 491 reditibus
2583 434 2642 490 in
2674 434 2882 506 primis
2903 436 3399 510 cognitis,deinde
3421 455 3520 495 eas
3555 455 3678 497 sor-

252 511 436 574 τείους
502 509 781 589 ἀποφορὰς
830 509 1102 583 θέλοντες,
1161 511 1256 567 εἶθ’
1325 511 1471 568 οὕτω
1528 515 1663 570 κατᾶ
1709 513 1918 579 πάλους

259 601 399 656 αύτὰ
457 601 803 675 μερίσασθαι,
858 600 953 661 τὰς
1034 598 1091 656 δὲ
1155 603 1282 677 παρ’
1340 600 1536 666 ἄλλοις
1600 599 1767 660 ἔθνεσι
1828 608 1918 662 καὶ

265 690 554 767 βασιλεῦσι
599 691 979 764 καρπουμένας
1035 690 1213 766 ἀρχὰς
1270 691 1360 747 καὶ
1412 691 1655 763 ἐξουσίας
1714 693 1775 750 ἐκ
1822 699 1920 752 τοῦ

260 779 460 835 αὐτίκα
516 777 810 836 διείλοντο.
869 781 941 837 ’Ἡ
997 801 1055 835 τε
1112 781 1206 835 οὗν
1255 778 1308 835 ἐν
1365 780 1590 838 πόλεσιν
1645 781 1916 856 εὐδαίμων

257 870 357 924 καὶ
413 869 551 944 πρὸς
606 869 687 940 τῷ
744 867 933 941 Νειλῳ
1001 864 1226 943 κειμένη
1290 868 1673 948 Ἀλεξάνδρεια
1724 878 1806 945 τῷ
1862 892 1918 929 τε

255 957 460 1031 κλήρῳ
489 959 738 1013 ὑπέκειτο
788 957 879 1013 καὶ
936 953 1136 1030 Λιϐύη,
1167 959 1258 1014 καὶ
1313 956 1520 1031 Λιϐύης
1550 960 1617 1016 τὰ
1647 962 1700 1024 ἐς
1725 964 1918 1035 Νομά-

256 1043 358 1108 δας
408 1048 501 1104 καὶ
544 1045 776 1122 Γάδειρα
822 1050 1236 1123 παρατείνοντα,
1288 1050 1494 1124 Πάρθοι
1549 1071 1610 1105 τε
1664 1051 1920 1127 καὶυέρτ

257 1161 378 1210 σαι,
433 1139 522 1194 ἐπὶ
579 1137 637 1193 δὲ
694 1133 909 1212 Ἴϐηρες
967 1136 1098 1210 ἔῷοι
1179 1138 1270 1195 καὶ
1356 1140 1618 1214 Ἀσσυρία
1689 1148 1761 1216 γῆ
1826 1125 1919 1197 κνοιὶ

251 1237 529 1312 Ὑρκανοὶ,
585 1235 674 1290 καὶ
734 1235 833 1290 ὅσα
899 1237 951 1290 oi.
1008 1236 1143 1309 πρὸς
1216 1233 1291 1292 ἓω
1350 1238 1596 1312 μέγιστοι
1676 1240 1918 1313 ποταμοὶ

253 1330 381 1388 τοῖς
411 1323 562 1380 ὕδασι
596 1322 969 1402 διειλήφασιν,
1028 1323 1190 1381 Ἀλλ’
1245 1323 1369 1381 οὐδὲ
1424 1326 1491 1381 τὰ
1547 1329 1683 1403 πρὸς
1718 1327 1918 1405 βορῥᾶν

262 1416 551 1472 νενευκότα
597 1412 850 1487 ’κλίματα
908 1414 1060 1485 εἶάθη
1122 1414 1437 1491 ἀκλήρωτα,
1499 1415 1646 1473 ἀλλὰ
1697 1420 1917 1473 κάκεῖνα

264 1507 322 1562 οἱ
355 1505 508 1561 αὐτοὶ
540 1502 901 1577 διενείμαντο.
940 1505 1047 1560 Καὶ
1100 1505 1128 1559 6
1181 1506 1276 1579 μὶν
1317 1506 1390 1568 ὡς
1425 1506 1799 1586 ἰπποιρόφους
1826 1508 1917 1562 καὶ

263 1595 460 1675 φόροις
509 1590 846 1670 περιϐριθεῖς
894 1595 956 1656 ἅς
1010 1591 1371 1669 ἐκληρώσατο
1421 1594 1613 1657 πόλεις
1662 1593 1731 1650 δι’
1761 1595 1919 1652 ἐπαί-

260 1706 362 1741 νου
416 1684 619 1740 ἐτίθετο
675 1683 766 1739 καὶ
820 1686 919 1738 ταῦ
966 1682 1181 1758 κλήρου
1238 1685 1426 1740 ἑαυτὸν
1484 1684 1829 1761 ἐμακάριζεν,
1888 1687 1916 1741 6

2030 520 2135 576 tito
2164 522 2603 581 distribuerant.
2636 524 2894 581 Aliarum
2928 542 3060 583 vero
3101 529 3402 584 nationum
3462 529 3676 601 princi-

2029 618 2200 684 patus
2230 620 2287 669 et
2316 631 2495 687 regna
2526 620 2724 673 statim
2761 617 3103 674 diviserunt.
3154 620 3269 674 Sub
3315 625 3530 676 sortem
3578 635 3673 675 oe-

2030 700 2173 757 cidit
2200 704 2368 758 beata
2401 706 2540 759 urbs
2570 705 2699 761 Nilo
2731 707 3004 777 adjacens
3059 708 3416 773 Alexandria,
3470 710 3672 781 Libya,

2029 804 2098 845 ea
2128 806 2255 862 quae
2287 808 2322 847 a
2352 792 2532 866 Libya
2556 810 2742 865 usque
2769 794 2841 850 ad
2872 795 3207 851 Numidiam
3236 804 3292 852 et
3323 797 3508 853 Gades
3541 814 3670 869 per-

2029 879 2237 947 tinent,
2270 879 2412 937 item
2471 881 2664 938 Parthi
2726 888 2783 939 et
2840 884 3051 953 Persae,
3113 885 3427 942 orientales
3458 887 3672 955 Iberes,

2028 969 2287 1040 Assyria,
2326 972 2631 1042 Hyrcania,
2659 975 2716 1027 et
2760 989 2893 1043 quae
2943 972 3016 1027 ad
3065 973 3357 1029 Orientem
3402 976 3675 1033 maximis

2033 1058 2182 1114 788
2212 1059 2561 1116 ﬂuminibus
2582 1061 3089 1118 disterminantur.
3122 1066 3200 1118 Ac
3228 1080 3298 1118 ne
3321 1065 3673 1136 septentrio-

2030 1146 2194 1203 nales
2250 1148 2489 1216 quidem
2548 1151 2813 1221 regiones
2871 1157 3010 1206 sunt
3070 1154 3390 1222 praeteritae,
3441 1155 3539 1208 sed
3595 1170 3671 1210 cae

2028 1255 2258 1312 quoque
2297 1242 2501 1298 sortito
2559 1243 2909 1299 distributas.
2968 1244 3133 1300 Alius
3183 1263 3322 1300 suas
3378 1248 3552 1301 urbes
3610 1252 3674 1303 ut

2029 1345 2309 1401 magnum
2330 1332 2570 1404 vectigal
2593 1335 2911 1404 pendentes
2933 1340 2988 1388 et
3012 1334 3179 1404 equis
3223 1335 3446 1390 alendis
3508 1340 3673 1407 aptas

2026 1416 2324 1485 laudabat,
2358 1425 2415 1475 et
2446 1428 2659 1477 sortem
2694 1438 2860 1477 suam
2896 1422 3203 1478 extollebat
3227 1441 3241 1492 ;
3264 1424 3413 1479 alius
3451 1433 3508 1479 ut
3542 1424 3673 1479 aliis

2027 1514 2196 1571 bonis
2236 1516 2506 1574 ﬂorentes
2541 1519 2735 1574 mirari
2767 1536 2865 1575 eas
2897 1537 3009 1575 non
3044 1521 3399 1591 desistebat;
3464 1522 3559 1578 alii
3601 1524 3673 1578 de

2027 1604 2331 1662 sortitione
2365 1606 2596 1662 urbium
2630 1609 2973 1664 rixabantur
3004 1629 3019 1678 ;
3048 1610 3146 1665 alii
3189 1612 3341 1666 inter
3386 1627 3448 1668 se
3500 1613 3673 1667 urbes

2026 1697 2083 1750 et
2112 1694 2259 1751 fines
2288 1697 2698 1767 permutabant
2731 1718 2746 1766 ;
2808 1699 2905 1753 alii
2968 1715 3317 1772 magnOpere
3357 1702 3674 1757 contende-

264 1773 325 1831 δὲ
356 1775 429 1836 ὡς
455 1773 716 1847 κομώσας
745 1771 940 1833 ἄλλοις
989 1772 1208 1848 ἀγαθοῖς
1247 1774 1536 1847 θαυμάζων
1567 1773 1665 1829 οὐκ
1693 1773 1914 1851 ἔληγεν.

2031 1784 2174 1840 bant
2196 1789 2255 1840 ut
2288 1786 2476 1841 Iconio
2509 1787 2854 1857 potirentur,
2886 1792 3086 1859 portas
3115 1771 3249 1845 vero
3295 1791 3459 1846 urbis
3490 1796 3547 1847 et
3576 1808 3673 1847 ca-

261 1866 333 1923 Oi.
363 1862 421 1919 δὲ
450 1864 541 1919 καὶ
571 1862 696 1936 περὶ
734 1860 947 1934 κλήρου
1000 1861 1217 1917 πόλεων
1260 1864 1477 1936 ἤρισαν,
1510 1863 1599 1918 καὶ
1633 1861 1918 1919 ἀντέδοσαν

259 1952 460 2015 ἄλλοις
496 1952 674 2028 ἓτεροι
709 1951 798 2005 καὶ
856 1945 1154 2006 ἀντέλαϐον
1209 1950 1401 2014 πόλεις
1446 1952 1538 2008 καὶ
1587 1952 1728 2024 ὅρια.
1762 1956 1914 2015 Τινὶς

261 2045 322 2103 δὲ
352 2045 440 2102 καὶ
474 2043 626 2120 μάλα
673 2041 828 2114 δόξαν
877 2042 1138 2100 ἀσπάσιον
1193 2044 1285 2100 τὸν
1345 2045 1568 2102 Ἰκόνιον
1601 2045 1678 2108 εἷς
1708 2046 1917 2121 κλῆρον

256 2134 540 2213 εἰληφέναι
592 2135 956 2209 ἠγωνίσαντο.
1019 2134 1120 2190 Καὶ
1182 2132 1358 2196 πύλας
1407 2141 1506 2205 τῆς
1570 2133 1785 2198 πόλεως
1824 2136 1915 2190 καὶ

256 2224 504 2298 τέμαχος
558 2228 659 2291 τῆς
733 2219 999 2292 ἁλύσεως,
1058 2219 1095 2291 ἤ
1154 2219 1466 2278 διαταθεῖσα
1541 2230 1758 2300 συνεῖχε
1821 2225 1913 2279 τὸν

259 2313 618 2385 ναύσταθμον,
664 2316 784 2372 τοῖς
835 2310 887 2365 ὲν
940 2310 1111 2385 Συρίᾳ
1157 2313 1445 2388 ὁμογενέσι
1478 2314 1611 2386 μετὰ
1639 2311 1912 2370 πλείστων

264 2402 474 2459 πλοίων
527 2401 869 2477 πεπόμφασι,
928 2401 1017 2455 καὶ
1081 2398 1346 2479 διαφῆκαν
1416 2401 1688 2477 ἀγγέλους
1745 2405 1916 2460 ἁπαν-

261 2497 408 2566 ταχῆ
442 2492 544 2559 τὴν
592 2495 693 2558 τῆς
741 2487 957 2553 πόλεως
1004 2486 1470 2563 διατρανώσοντας
1519 2488 1744 2547 ἅλωσιν.
1779 2500 1914 2563 Δεῆ-

263 2600 359 2634 σαν
414 2577 474 2633 δὶ
530 2578 619 2633 καὶ
685 2575 912 2653 βασιλέα
987 2584 1310 2657 χρισθῆναι,
1366 2578 1442 2641 εἰς
1508 2579 1601 2635 τόν
1666 2579 1914 2657 μέγιστον

259 2669 397 2723 νεὼν
445 2666 823 2743 παραγίνονται
870 2670 977 2722 τῶν
1025 2664 1245 2723 ὀπαδῶν
1294 2672 1393 2723 τοῦ
1442 2670 1704 2745 Χριστοῦ·
1744 2670 1912 2726 ἐκεῖσε

260 2759 368 2833 γὰρ
418 2758 811 2832 συνερχόμενοι
859 2756 984 2833 περί
1033 2761 1141 2811 τῶν
1189 2757 1468 2833 πρακτέων
1519 2758 1697 2837 σφίσιν
1755 2756 1915 2815 ἐϐου-

260 2849 518 2920 λεύοητο.
556 2848 651 2903 Καὶ
682 2849 749 2904 τὰ
802 2848 895 2921 μὲν
943 2852 1136 2922 πρῶτα
1188 2848 1323 2903 κατᾶ
1369 2871 1422 2904 τι
1472 2848 1695 2926 πάτριον
1718 2849 1909 2923 ἓθιμον

254 2944 534 3013 κρατῆρας
589 2937 848 3012 τέσσαρας
917 2934 1181 3012 στιχηδὸν
1245 2939 1559 2994 ἑσκέπτοννο
1619 2937 1909 3008 διαθέσθαι,

259 3030 335 3083 ὢν
388 3029 466 3090 εἷς
524 3029 623 3097 τήν
682 3024 1015 3100 ἀναίμακτον
1073 3026 1258 3081 θυσίαν
1317 3026 1521 3102 στέγειν
1552 3026 1790 3101 ἤμελλε,
1821 3029 1910 3084 καὶ

260 3116 435 3180 οὕτως
492 3115 737 3172 ἐνδοῦναι
791 3122 907 3178 τοῖς
964 3115 1268 3187 θυηπόλοις
1326 3116 1398 3188 ὲε’
1453 3117 1649 3191 ἑκάστῂ
1717 3118 1909 3189 κλήσει

258 3211 370 3262 τῶν
431 3207 509 3268 εἰς
566 3205 744 3282 ἀρχὴν
795 3204 1147 3280 έπιλεγέντων
1206 3205 1374 3279 α’ἶρειν
1423 3204 1515 3262 ἕνα
1554 3212 1662 3262 τῶν
1696 3207 1911 3286 σκύφων
1954 3177 1996 3244 C

260 3296 354 3351 καὶ
388 3295 674 3370 προσάγειν
729 3294 935 3357 αὐτοῖς·
1000 3295 1206 3357 ἐκεῖνος
1264 3293 1311 3349 δ’
1366 3295 1432 3364 ἦν
1484 3296 1512 3350 6
1558 3300 1665 3351 τῶν
1708 3295 1918 3351 λοιπῶν

266 3385 345 3447 εἰς
384 3387 485 3454 τήν
541 3383 723 3462 ἀρχὴν
782 3383 1311 3458 προκριθησόμενος,
1371 3385 1399 3438 6
1457 3383 1545 3439 καὶ
1614 3382 1807 3463 λαχὼν
1854 3386 1918 3440 τὸ

267 3474 532 3549 ποτήριον
587 3475 650 3528 τὸ
706 3476 802 3527 τοῦ
861 3472 1006 3537 θείου
1062 3473 1316 3544 σώματος
1371 3473 1462 3527 καὶ
1529 3474 1763 3547 αἳματος
1821 3478 1917 3528 τοῦ

266 3565 512 3638 Χριστοῦ
574 3564 832 3638 μέτοχον.
898 3561 1060 3633 Δόξαν
1108 3559 1166 3616 δὲ
1217 3566 1296 3634 τῷ
1344 3564 1595 3626 Βενετίας
1637 3561 1788 3619 δουκὶ
1837 3568 1917 3637 τῷ

266 3650 558 3725 Δανδούλῳ
614 3650 689 3713 εἰς
761 3654 942 3729 ψῆφον
1016 3649 1364 3722 ἀπολυθῆναι
1422 3654 1521 3723 τὴν
1581 3649 1917 3730 πρόϐλησιν,

264 3740 575 3816 ἐκλέγονται
606 3740 930 3820 ψηφηφόροι
974 3741 1129 3796 πέντε
1181 3742 1275 3815 μὲν
1326 3741 1387 3797 ἐκ
1431 3747 1531 3797 τοῦ
1579 3748 1689 3799 τῶν
1730 3748 1915 3818 Φραγ-

257 3834 460 3888 κίσκων
528 3832 649 3888 καὶ·
694 3829 1045 3907 Λαμπάρδων
1105 3834 1311 3909 γένους,
1381 3835 1432 3889 οἰ
1497 3837 1622 3909 παρ’
1688 3833 1916 3897 ἐκείνοις

260 3922 493 3998 ἄριστοι,
546 3922 606 3978 ἐκ
655 3920 712 3978 δὲ
767 3927 873 3977 τῶν
935 3924 1227 3979 Βενετίκων
1283 3923 1492 3998 ὁμοίως
1535 3922 1710 4000 ἕτεροι
1741 3925 1914 3982 πέντε.

260 4023 365 4079 Καὶ
422 4030 522 4092 τῆς
576 4028 689 4077 τῶν
746 4020 1017 4077 πλειόνων
1074 4023 1260 4100 ψήφου
1327 4024 1679 4099 κρατησάσης
1740 4024 1768 4078 ὁ
1816 4030 1915 4093 τῆς

258 4110 439 4189 ἀρχῆς
482 4105 636 4167 ἔπεσε
664 4107 877 4184 κλῆρος
926 4112 1064 4181 πρὸς
1118 4108 1446 4167 Βαλὲουΐνον
1480 4113 1571 4167 τὸν
1601 4118 1700 4180 τῆς
1735 4111 1918 4166 Φλάν-

259 4221 391 4276 τρας
455 4202 696 4274 κόμητα,
764 4199 912 4271 πλὴν
981 4201 1055 4263 ὡς
1120 4196 1284 4275 ᾔδετο
1370 4202 1513 4277 παρὰ
1580 4206 1731 4270 πᾶσι,
1780 4202 1915 4257 κατὰ

262 4289 426 4348 δόλον
456 4312 515 4347 τε
543 4291 633 4346 καὶ
674 4290 944 4365 περίνοιαν
997 4294 1096 4345 τοῦ
1154 4288 1347 4352 δουκὸς
1405 4291 1646 4353 Βενενίας
1679 4288 1916 4346 Δανδού-

269 4381 373 4437 λου
426 4380 609 4455 Πηρὸς
641 4381 744 4456 γὰρ
778 4378 852 4434 ὥν
904 4379 1061 4443 οὗτος
1107 4380 1204 4443 τὰς
1249 4375 1423 4454 ὄψεις,
1453 4378 1667 4436 καὶτοῦ
1700 4379 1912 4455 κλήρου

261 4469 399 4525 κατᾶ
462 4474 623 4524 τοῦτο
699 4474 807 4524 τῶν
870 4467 1138 4544 ἀρξόντων
1232 4466 1572 4549 διαγραφεὶς,
1640 4465 1912 4540 ἠϐούλετο

2031 1878 2183 1930 tense
2212 1881 2458 1947 partem,
2486 1893 2614 1948 quis
2645 1877 2720 1933 ad
2750 1878 2975 1933 navalia
3005 1880 3356 1935 continenda
3407 1882 3677 1937 extende-

2030 1963 2225 2031 batur,
2284 1968 2408 2020 suis
2467 1966 2525 2021 in
2587 1966 2754 2038 Syria
2807 1966 3191 2039 popularibus
3239 1985 3371 2023 cum
3407 1970 3676 2039 plurimis

2033 2053 2280 2123 navigiis
2312 2055 2615 2125 miserunt,
2684 2057 2904 2127 passim
2965 2057 3228 2112 dimissis
3286 2059 3528 2126 nuntiis,
3576 2060 3676 2129 qui

2032 2149 2260 2214 captam
2293 2160 2423 2199 esse
2453 2145 2655 2199 urbem
2680 2144 3005 2217 vulgarent.
3028 2146 3160 2202 Jam
3195 2164 3327 2202 cum
3361 2148 3675 2217 imperator

2029 2233 2316 2288 creandus
2348 2236 2522 2297 esset,
2555 2235 2612 2288 in
2644 2236 2825 2289 aedem
2869 2235 3213 2290 Sanctorum
3262 2237 3672 2306 Apostolorum

2029 2321 2387 2379 deliberandi
2418 2338 2555 2396 ergo
2585 2340 2902 2380 convenere
2940 2345 2954 2391 ;
3013 2341 3077 2380 ac
3135 2326 3439 2397 principio.
3485 2327 3671 2397 patrio

2030 2411 2281 2482 quodam
2317 2413 2455 2479 ritu,
2486 2430 2588 2484 pro
2637 2430 2878 2469 numero
2929 2414 3372 2469 candidatorum
3423 2421 3673 2484 quatuor

2029 2498 2237 2555 calices
2259 2501 2463 2557 ordine
2494 2500 3198 2571 collocareinstituerunt,
3233 2520 3482 2574 quorum
3514 2521 3670 2559 unus

2030 2589 2392 2645 incruentam
2425 2591 2721 2647 victimam
2762 2592 3105 2656 contineret.
3137 2591 3360 2648 caeteris
3416 2593 3618 2648 vacuis
3651 2612 3666 2661 ;

2027 2693 2241 2749 eosque
2271 2681 2498 2735 tradere
2529 2679 2771 2736 totidem
2804 2681 3218 2750 sacerdotibus,
3252 2687 3316 2736 ut
3362 2683 3431 2737 ad
3468 2685 3667 2753 cujus-

2028 2784 2141 2839 que
2173 2768 2324 2825 789
2359 2770 2639 2842 principis
2700 2787 2911 2827 nomen
2971 2789 3153 2827 unum
3189 2771 3458 2828 tollerent
3500 2776 3557 2828 et
3586 2773 3671 2827 eis

2026 2859 2349 2914 redderent.
2386 2859 2701 2930 Imperium
2727 2876 2860 2916 vero
2879 2877 3054 2933 penes
3081 2878 3211 2917 eum
3242 2863 3497 2917 futurum
3528 2866 3670 2932 erat,

2026 2947 2121 3017 qui
2150 2964 2281 3003 eum
2313 2948 2553 3004 calicem
2579 2949 2922 3020 accepisset,
2956 2950 3016 3005 in
3034 2967 3146 3022 quo
3170 2950 3426 3006 divinum
3460 2967 3672 3024 corpus

2026 3044 2084 3091 et
2115 3037 2355 3109 sanguis
2385 3038 2599 3094 Christi
2631 3044 2806 3095 esset.
2838 3038 3058 3095 Deinde
3114 3056 3248 3095 cum
3290 3045 3507 3096 Veneto
3538 3040 3672 3095 duci

2025 3125 2289 3182 Dandulo
2309 3126 2767 3199 designationem
2794 3128 3090 3199 suffragiis
3107 3130 3471 3184 committere
3483 3130 3670 3184 visum

2026 3219 2200 3281 esset,
2231 3233 2299 3271 ex
2330 3216 2566 3272 Francis
2591 3223 2649 3272 et
2682 3219 3079 3290 Longobardis
3118 3220 3379 3291 quinque
3423 3221 3671 3289 Optima-

2023 3304 2181 3360 tibus
2205 3311 2260 3361 et
2279 3323 2345 3361 ex
2370 3306 2611 3362 Venetis
2633 3307 2869 3362 totidem
2896 3306 3189 3364 iudicibus
3212 3308 3665 3381 lectis,p1urium

2023 3394 2318 3466 sulfragiis
2348 3394 2577 3468 imperii
2611 3412 2738 3452 sors
2784 3396 3066 3453 Balduino
3126 3396 3410 3453 Flandriaa
3467 3399 3669 3454 comiti

2023 3482 2249 3555 obtigit.
2282 3487 2496 3540 Verum
2532 3485 2750 3557 ubique
2775 3486 2998 3541 celebre
3030 3490 3118 3542 est
3148 3485 3279 3542 dolo
3322 3491 3379 3541 et
3431 3487 3669 3542 solertia

2022 3571 2273 3628 Danduli
2303 3573 2359 3627 id
2391 3590 2518 3631 esse
2550 3575 2789 3631 factum.
2849 3575 2956 3640 Qui
3012 3592 3148 3632 cum
3210 3575 3280 3630 ob
3340 3576 3661 3630 caecitatem

2023 3687 2268 3728 numero
2299 3672 2742 3730 candidatorum
2773 3672 3198 3740 excluderetur,
3234 3673 3548 3744 imperium
3580 3690 3672 3745 pe-

2024 3776 2127 3817 nes
2145 3777 2277 3816 eum
2307 3778 2432 3817 esse
2458 3762 2642 3818 voluit
2672 3763 2771 3834 qui
2802 3761 3171 3818 hilarioribus
3217 3769 3371 3818 esset
3406 3763 3669 3819 moribus

2021 3853 2079 3903 et
2111 3848 2343 3919 ingenio
2374 3848 2568 3905 minus
2598 3849 2933 3916 ambitioso,
2966 3865 3304 3921 quanquam
3344 3849 3400 3904 id
3434 3855 3667 3921 specta-

2022 3937 2101 3992 vit
2131 3936 2344 4008 potius,
2379 3942 2442 3991 ut
2469 3937 2725 4006 privatus
2756 3937 3128 4008 imperatoris
3177 3937 3464 4010 designati
3507 3938 3668 4009 priu-

2021 4025 2244 4095 cipatus
2278 4041 2451 4097 quem
2486 4025 2916 4080 remotissimus
2947 4031 3100 4081 esset
3129 4044 3160 4081 a
3191 4026 3411 4081 ditione
3432 4028 3671 4083 Veneto-

2022 4131 2175 4184 rum,
2212 4129 2280 4169 ne
2312 4113 2359 4169 si
2388 4131 2503 4185 qua
2560 4113 2950 4169 controversia
3009 4131 3143 4170 cum
3197 4114 3299 4170 illo
3340 4115 3664 4186 incidisset,

2022 4202 2218 4274 plures
2249 4201 2445 4273 cepias
2479 4202 2671 4257 subito
2728 4218 2797 4257 ex
2843 4219 2951 4258 suo
3011 4204 3302 4258 territorio
3345 4220 3661 4270 accersere,

2020 4296 2120 4347 aut
2142 4289 2388 4347 Venetos
2422 4292 2564 4347 lines
2596 4292 2897 4347 commode
2929 4292 3199 4348 invadere
3242 4298 3345 4348 aut
3383 4293 3666 4348 incursio-

2020 4380 2192 4435 nibus
2225 4397 2424 4437 vexare
2455 4386 2671 4451 posset.
2703 4380 2837 4446 Quae
2869 4382 3063 4437 omnia
3116 4383 3175 4437 in
3225 4383 3495 4455 expedito
3535 4400 3664 4439 esse

2021 4468 2314 4526 Bonifacio
2402 4470 2722 4526 marcbioni
2782 4488 2849 4527 ex
2908 4472 3306 4543 Longobardia
3380 4473 3665 4546 originem

258 4557 525 4634 χειρίζειν
558 4559 658 4628 τὴν
695 4556 979 4633 βασιλείαν
1034 4557 1125 4612 τὸν
1185 4558 1248 4613 τὸ
1302 4546 1453 4627 ἦθός
1480 4579 1539 4613 τε
1570 4555 1905 4628 ἰλαρώτατον

2025 4560 2275 4616 trahenti
2308 4565 2630 4632 norat,quaa
2654 4560 2951 4617 maritima
2992 4568 3167 4631 esset,
3204 4562 3358 4619 unde
3402 4561 3569 4618 facile
3601 4562 3660 4619 in

258 4649 351 4703 καὶ
415 4647 491 4720 μή
550 4647 614 4702 τὸ
672 4651 888 4724 φροκεῖν
950 4647 1351 4722 ἀρχικώτερον,
1379 4648 1440 4703 τὸ
1490 4644 1537 4702 8⁷
1592 4646 1644 4702 έν
1698 4647 1905 4720 μείζονι

259 4737 388 4812 παρ’
420 4736 604 4808 ἐκείνῳ
659 4735 873 4811 μᾶλλον
934 4733 1169 4811 σπουδῇ,
1228 4736 1317 4792 καὶ
1372 4738 1473 4806 τήν
1530 4733 1669 4791 ἰδίαν
1720 4737 1906 4815 χώραν

258 4825 641 4901 κΑηρούμενον
674 4828 756 4901 [Ρ.
790 4826 918 4900 384]
964 4829 1073 4880 τῶν
1120 4827 1217 4894 τῆς
1257 4823 1501 4888 Βενετίας
1530 4825 1669 4899 ὅρων
1704 4820 1908 4879 διιστα-

267 4918 435 4991 μενην
465 4916 603 4973 κατὰ
626 4916 797 4987 πολὺ,
834 4915 931 4987 ὡς,
977 4914 1025 4971 εἲ
1057 4936 1191 4972 ποτε
1222 4911 1601 4990 διχονοῆσειαν
1633 4914 1910 4986 ἀλλήλοις

266 5004 528 5081 βασιλεὺς
558 5008 644 5061 καὶ
680 5005 973 5076 Βενέτικοι,
1008 5004 1085 5078 μὴ
1117 5002 1200 5073 εἴη
1236 5003 1296 5058 ἐκ
1340 5002 1436 5059 to?)
1468 5003 1663 5080 σχεδὸν
1694 5004 1915 5082 βασιλεῖ

263 5095 523 5172 δυνάμεις
580 5094 805 5160 πλείους
862 5096 1135 5157 οἰκειακὰς
1193 5094 1636 5169 μεταπέμπεσθαι
1688 5096 1721 5166 ἢ
1780 5095 1909 5172 γοῦν

262 5186 519 5263 εὐμαρῶς
588 5187 807 5243 εἰσιέναι
894 5186 961 5241 τὰ
1046 5184 1340 5242 Βενετίκων
1408 5183 1532 5260 ὅρια
1596 5184 1685 5239 καὶ
1762 5184 1912 5247 ταῦθ’

262 5274 488 5346 ὁπωσδὴ
556 5275 905 5355 κατατρέχειν
962 5273 1049 5330 καὶ
1112 5273 1365 5345 σίνεσθαι,
1411 5268 1443 5327 ἃ
1489 5270 1555 5344 δὴ
1590 5276 1763 5329 πάντα
1789 5270 1887 5348 ᾔδε

262 5366 399 5440 πρὸς
436 5364 631 5444 ἰσχύος
669 5361 868 5443 ἔχοντα
926 5361 1052 5439 δρᾷν
1090 5363 1182 5419 τὸν
1238 5362 1557 5439 Βονιφάτιον
1620 5360 1912 5438 μαρκέσιον

263 5452 326 5511 ἐκ
398 5451 759 5530 Λαμπαρόίας
814 5455 915 5525 τὴν
982 5452 1187 5527 γένεσιν
1263 5446 1479 5528 ἔχοντα*
1556 5449 1912 5527 Λαμπαρδίαν

271 5541 331 5600 δὲ
355 5543 620 5600 οἰκεῖσθαι
660 5543 949 5618 παράλιον,
1007 5541 1096 5598 καὶ
1156 5538 1341 5618 ῥάδίας
1398 5541 1534 5597 εἶναι
1587 5541 1686 5605 τὰς
1716 5541 1914 5606 ἐκεῖθεν

271 5631 346 5697 εἷς
422 5634 524 5704 τὴν
597 5630 886 5708 Ῥωμαίων
961 5628 1245 5704 έκπλοίας,
1346 5632 1435 5687 καὶ
1535 5630 1781 5687 Βενετίαν
1859 5629 1916 5687 δὲ

2018 4649 2310 4705 Romanae
2334 4650 2660 4722 provincias
2684 4650 3051 4722 trajiceretur
3070 4655 3128 4708 et
3148 4652 3220 4707 ob
3256 4651 3664 4725 propinquita-

2018 4742 2135 4795 tem
2171 4756 2395 4812 magnze
2427 4740 2619 4797 clades
2650 4740 2887 4797 Venetis
2916 4758 3146 4814 quoque
3176 4743 3479 4813 importari
3530 4760 3664 4814 pos-

2020 4833 2170 4885 sent.
2206 4829 2306 4887 His
2340 4830 2516 4901 igitur
2551 4832 2702 4887 790
2733 4831 3058 4888 rationibus
3088 4832 3238 4888 haud
3272 4851 3412 4889 sane
3455 4834 3665 4889 absur—

2021 4918 2112 4975 dis
2144 4918 2435 4991 impulsus
2468 4920 2794 4991 Dandulus,
2826 4924 2884 4976 et
2914 4921 3094 4976 multa
3124 4923 3298 4977 etiam
3330 4923 3663 4977 videntibus

2021 5007 2272 5064 obscura
2331 5008 2551 5064 lumine
2612 5008 2830 5081 ingenii
2889 5010 3246 5083 perspiciens
3303 5026 3488 5064 caecus
3544 5010 3661 5076 ille,

2022 5096 2384 5153 Bonifacium
2451 5096 2847 5153 marchionem
2908 5096 3142 5167 repulit,
3204 5095 3439 5167 praelato
3478 5097 3665 5153 illids

2024 5185 2371 5241 Francorum
2406 5192 2463 5240 et
2488 5186 2839 5241 Venetorum
2861 5184 3147 5241 sententia
3179 5184 3663 5257 Balduino,quem

2023 5290 2092 5329 ex
2119 5273 2496 5331 inferioribus
2517 5275 2716 5330 Galliis
2738 5280 2931 5330 ortum
2960 5273 3435 5341 esse,Galliarum
3466 5281 3664 5332 autem

2023 5368 2081 5419 et
2103 5362 2474 5420 Venetiarum
2508 5363 2721 5419 limites
2750 5368 2980 5418 tantum
3013 5362 3228 5417 distare
3278 5370 3445 5419 norat
3493 5382 3667 5436 quan-

2025 5458 2152 5509 tum
2183 5452 2433 5508 Venetia
2459 5472 2492 5509 a
2513 5454 2791 5510 Romanis
2815 5451 3128 5524 provinciis
3160 5454 3665 5512 disterminentur.

2026 5545 2103 5599 Eo
2136 5544 2448 5600 accedebat
2505 5545 2658 5617 quod
2713 5541 3035 5600 Balduinus
3090 5546 3209 5598 toto
3278 5550 3509 5615 pectore
3582 5547 3668 5604 illi

2026 5632 2366 5694 studebatet
2393 5648 2529 5690 eum
2561 5638 2627 5691 ut
2661 5637 2886 5707 patrem
2936 5632 3177 5703 colebat,
3236 5650 3343 5692 nec
3391 5637 3667 5695 diuturno
