4072 6218
246 327 378 388 985

1706 334 1913 398 URBS
1956 336 2234 400 ΟΑΡΤΑ.

3556 340 3679 407 986

241 459 346 513 καὶ
402 456 670 524 συνέθετο,
710 455 857 513 ἀλλὰ
905 457 1043 514 κατὰ
1086 464 1252 516 τοῦτο
1305 463 1550 536 προϊέναι
1598 465 1690 519 καὶ
1721 466 1903 520 συντό-

2030 470 2496 542 Didymotichum
2553 475 2820 544 occupat,
2870 489 3054 545 ecquo
3133 473 3411 530 omnibus
3488 474 3679 534 modis

248 570 363 602 νου
394 544 612 626 ἔχεσθαι
645 554 745 617 τῆς
793 548 1020 622 πορείας
1067 548 1143 611 ὡς
1189 552 1287 619 τήν
1339 550 1502 606 πόλιν
1554 552 1735 607 εἰσιὼν
1771 551 1921 609 tam.

244 656 438 703 σαιτο,
471 634 602 698 αὖος
635 637 700 705 ἦν
732 635 815 710 ἐφ’
845 637 1056 707 ἱκανὸν,
1105 637 1286 714 ὣσπερ
1321 640 1423 695 ὑπὸ
1471 646 1733 717 κεραυνοῦ
1777 642 1922 719 βλη-

243 725 393 789 θείς.
468 726 680 782 Οὐκοῦν
760 726 850 781 ὑπ’
924 727 1154 799 ἀθυμίας
1243 729 1427 805 φανεῗς
1524 733 1919 809 κατακώχιμος

240 817 583 888 παλίμπους
645 817 885 890 φέρεται.
945 822 1190 892 Γραικῶν
1246 818 1660 895 ἀπατηλότερον
1712 822 1799 877 καί
1856 822 1919 877 τὸ

240 905 400 974 ἦθος
433 900 738 979 σκαμϐώδη
800 906 889 960 καὶ
950 904 1178 964 ἄπιστον
1236 909 1329 963 καὶ
1386 905 1742 984 παλίμϐολον
1785 911 1919 987 ὑπὲρ

241 992 521 1068 ὄστρακον
594 996 682 1049 καὶ
760 992 929 1050 κύϐον
1004 997 1095 1051 τὸν
1190 995 1519 1053 Βαλδουϊνον
1597 997 1916 1059 ἀποκαλῶν.

239 1080 483 1155 Ἀμέλει
539 1106 625 1139 τοι
683 1085 773 1139 καὶ
839 1080 1168 1140 καταλαϐὼν
1223 1088 1285 1142 τὸ
1354 1085 1757 1163 Διδυμότοιχον
1828 1079 1919 1144 καἰ

236 1182 526 1243 παντοίως
575 1182 707 1239 αὐτὸ
764 1183 1192 1259 κρατυνάμενος,
1255 1184 1344 1241 ἐπὶ
1411 1185 1469 1241 δὲ
1528 1188 1622 1250 τὰς
1682 1188 1917 1264 Θρᾳκίας

236 1272 446 1334 πόλεις
519 1272 829 1327 ἀναπατῶν
906 1272 1053 1342 πλὴν
1118 1281 1222 1344 τῆς
1285 1274 1626 1350 ὐρεστιάδος
1690 1278 1915 1351 (ταύτην

240 1361 366 1437 γὰρ
398 1363 836 1437 ἀντιπαρήρχετο
888 1361 1142 1417 πλεῖστον
1194 1364 1319 1418 ὅσον
1360 1364 1422 1419 τὸ
1472 1365 1532 1421 ἐκ
1578 1363 1914 1422 Βαλδουίνου

245 1452 547 1525 στέγουσαν
617 1452 972 1527 ὁπλομαχον)
1025 1455 1226 1530 φόρους
1296 1456 1579 1512 συνέταττε
1628 1457 1719 1511 καὶ
1768 1458 1914 1514 Ῥω-

247 1542 460 1614 μαίους
488 1544 818 1616 συνήγειρεν,
880 1545 968 1616 [Ρ.
1000 1546 1126 1617 387]
1179 1543 1231 1599 εἷ’
1284 1566 1336 1600 τι
1398 1544 1671 1623 φοικῶδες
1701 1547 1910 1622 ἀνθρώο

244 1651 382 1693 ποις
418 1631 506 1686 καὶ
566 1626 840 1687 θειότατον
900 1628 1077 1705 ὄνομα
1128 1633 1303 1712 φέρων
1361 1632 1451 1689 διὰ
1503 1634 1781 1711 γλώττης,
1820 1639 1911 1691 καί

249 1720 670 1796 μαρτυρόμενος
716 1720 1041 1776 ἀπείπασθαι
1110 1723 1204 1796 μὲν
1260 1724 1354 1786 τὰς
1421 1725 1539 1797 μεθ’
1607 1723 1908 1804 ὁμοφύλων

246 1806 493 1872 σπονδὰς
524 1810 616 1864 καὶ
670 1812 770 1879 τήν
825 1810 1086 1885 πρότερον
1147 1812 1474 1884 σύμπνοιαν,
1527 1814 1821 1887 Ῥωμαίοις
1853 1812 1910 1870 εὶ

244 1902 655 1974 προσχωρῆσαι
725 1899 1015 1975 λαμπρῶς.
1066 1903 1246 1958 Ταῦτα
1295 1900 1467 1977 λέγων
1533 1903 1620 1959 καὶ
1681 1900 1904 1977 διομνύ-

244 2010 417 2061 μενος
465 1990 1008 2067 προσεμηχανήσατὸ
1062 2012 1115 2047 τι
1170 1992 1261 2047 καὶ
1318 1988 1499 2065 ἕτερον
1576 1996 1769 2048 ποιοῦν
1844 1995 1912 2048 τὰ

239 2078 474 2152 ῥήματα
515 2078 906 2153 εὐπαράδεκτα·
962 2080 1055 2134 τὸν
1107 2081 1210 2156 γὰρ
1266 2081 1618 2154 πρωτότοκον
1664 2081 1782 2137 υἱέα
1809 2089 1910 2152 τῆς

239 2166 642 2241 συζευχθείσης
713 2167 860 2239 αὐτῷ
935 2168 1146 2243 Μαρίας
1224 2169 1442 2239 (κλῆτις
1515 2168 1718 2227 τουτωί
1792 2178 1911 2227 Μα-

238 2256 451 2330 νουήλ)
527 2257 757 2331 βασιλέα
820 2257 1112 2330 Ῥωμαίων
1187 2258 1568 2336 ἆνηγορεύκει,
1648 2261 1910 2324 ὑπεκστὰς

243 2345 441 2418 ἐκείνῳ
494 2346 585 2401 καὶ
643 2348 932 2421 σχήματος
985 2348 1075 2402 καὶ
1137 2348 1406 2420 ὀνόματος
1466 2349 1556 2403 καὶ
1599 2348 1663 2404 τὸ
1700 2370 1911 2422 προσω-

240 2440 406 2491 πεῖον
436 2440 604 2490 τοῦτο
662 2436 753 2490 καὶ
810 2436 1119 2510 πρόσχημα
1167 2442 1306 2493 κατὰ
1366 2437 1526 2514 στίφη
1583 2436 1717 2500 τοὺς
1771 2438 1912 2495 Ῥω-

246 2525 451 2597 μαίους
480 2525 712 2600 ἆγήοχι.
746 2526 851 2581 Καὶ
881 2525 1153 2588 τοιούτοις
1205 2526 1300 2597 μὲν
1350 2525 1595 2582 ὲνεπόλει
1639 2526 1913 2605 σοφίσμα-

241 2637 332 2670 σιν
366 2616 396 2670 6
431 2615 747 2689 μαρκέσιος,
781 2616 860 2688 μὴ
914 2616 1051 2691 πρὸς
1094 2614 1356 2687 ἀλήθειαν
1386 2616 1537 2679 ὅλως
1579 2613 1910 2691 δρωμένοις,

240 2714 326 2776 ὡς
357 2714 423 2767 τὰ
456 2715 749 2787 μετέπειτα
804 2715 1170 2791 ηθυπὲφηνε·
1202 2718 1302 2770 τοῦ
1355 2713 1414 2770 δέ
1472 2735 1536 2789 γε
1566 2712 1911 2771 Βαλδουίνου

244 2806 320 2876 τῇ
382 2802 750 2877 Θεσσαλονίκῃ
821 2801 1133 2877 ἐγγίσαντος
1201 2806 1330 2865 ἅοας
1389 2803 1711 2879 ἐξερρύησαν
1744 2803 1909 2872 λεὼς,

241 2892 342 2945 καί
377 2893 492 2964 μετ’
524 2891 778 2963 εὐσήμων
810 2894 958 2966 βοῶν
1007 2898 1141 2969 σφᾶς
1208 2913 1267 2948 τε
1321 2894 1522 2957 αὐτοὺς
1554 2892 1645 2948 καὶ
1672 2893 1773 2962 τήν
1803 2893 1907 2947 πόο

238 2978 337 3036 λιν
399 2986 723 3056 περιχαρῶς
786 2978 1111 3039 ἐνδιδόασιν.
1179 2982 1472 3039 Ἱκέτευσαν
1545 2984 1730 3055 μέντοι
1780 2982 1910 3055 μήτ’

238 3070 414 3125 αὐτὸν
473 3067 810 3127 Βαλδουῖνον
873 3064 1131 3141 ἐπιϐῆναι
1185 3077 1286 3140 τῆς
1342 3069 1583 3141 πόλεως,
1643 3073 1782 3144 μήτε
1811 3070 1913 3139 τὴν

238 3159 380 3214 εἲσω
432 3160 496 3214 τὸ
557 3180 864 3235 στρατευμα
917 3167 1275 3235 συγχωρῆσαι
1329 3160 1640 3234 παρελθεῖν
1675 3158 1907 3216 δεδιέναι

240 3249 353 3325 γαρ
424 3249 502 3322 μή
577 3248 646 3317 τὶ.
709 3248 918 3304 ἐκείνου
984 3251 1534 3325 παραγκωνισάμενον
1597 3248 1908 3325 ἐντάλματα

239 3341 350 3408 τὴν
409 3336 573 3393 πόλιν
633 3337 996 3407 σκυλεύσειιν,
1031 3341 1118 3393 οἷα
1155 3336 1285 3412 μηδ’
1319 3339 1405 3417 ὑφ’
1434 3336 1530 3394 ἕνα
1577 3342 1905 3414 ταττόμενον

241 3428 518 3501 ἡγεμόνα,
572 3426 701 3483 ἀλλ’
757 3426 816 3483 ἐκ
873 3426 1106 3483 πολλῶν
1168 3428 1539 3505 ἁγ›,γιρμὲνον
1582 3429 1907 3506 φυλαρχιῶν

239 3517 338 3572 καὶ
371 3516 652 3579 πλείστοις
711 3518 1069 3590 ὑποκείμενον
1125 3516 1409 3593 ἄρχουσιν.
1465 3520 1527 3576 Ὁ
1572 3518 1903 3584 Βαλδουῖνος

237 3607 427 3661 τοίνυν
456 3610 624 3662 τοῦτο
685 3607 781 3679 μὲν
837 3612 959 3671 ταῖς
1008 3611 1117 3662 τῶν
1176 3608 1442 3678 αἶτήσεως
1486 3607 1739 3685 εὐλόγοις
1773 3613 1905 3666 καθ-

238 3695 537 3771 υπαχθεὲς,
566 3700 729 3750 τοῦτο
785 3692 843 3750 ὃὶ
897 3694 1209 3771 βάλλουσαν
1260 3694 1405 3771 ἔχων
1463 3698 1539 3769 μὴ
1593 3698 1768 3775 ἀγαθὰ
1817 3696 1902 3754 δι-

239 3782 443 3839 δοῦσαν
475 3785 830 3854 φαντάζεσθαι
884 3786 984 3853 τήν
1048 3785 1342 3862 μαρκεσίου
1414 3788 1526 3860 μετ’
1560 3786 1735 3863 όργῆς
1765 3789 1902 3844 ὑπο-

236 3875 518 3949 χὼρήσιν,
547 3872 602 3929 ἐν
628 3872 865 3935 πολλοῖς
915 3872 972 3933 δὶ
1023 3875 1113 3929 καὶ
1159 3879 1451 3932 κεντοῦντα
1496 3877 1599 3945 τήν
1630 3875 1801 3947 ἀκοὴν
1833 3881 1902 3934 τὰ

235 3964 333 4019 ὑπ’
388 3963 599 4019 ἐκείνου
647 3965 928 4039 γινόμενα,
979 3970 1096 4027 τοῖς
1145 3965 1595 4023 Θεσσαλονικεῦσι
1624 3967 1900 4045 προσέσχε

229 4056 328 4107 καὶ
385 4052 620 4127 γράμμα
674 4053 854 4130 σφίσιν
930 4052 1338 4133 ἑρυθρόγραφον
1396 4053 1705 4132 ἐνεχείρισε,
1767 4062 1897 4113 πᾶσι

225 4147 353 4205 τοῖς
407 4141 618 4216 ὲθίμοις
676 4145 746 4216 τῇ
832 4141 993 4198 πόλει
1060 4144 1124 4198 τὸ
1202 4138 1439 4217 ἔμπεδον
1498 4146 1892 4223 χαριζόμενον.

228 4237 464 4311 Ἀμέλει
521 4239 611 4295 καὶ
686 4240 822 4315 πρὸς
890 4240 1102 4316 ἡμέρας
1195 4240 1614 4316 ἰναυλισάμενος
1682 4241 1893 4315 ἔξωθεν,

226 4330 327 4385 καὶ
405 4328 831 4410 φιλοφρονηθεὶς
893 4331 961 4385 τὰ
1025 4330 1228 4400 εἰκότα,
1288 4332 1559 4388 ἐπάνεισιν
1622 4333 1774 4396 αὖθις
1816 4333 1892 4396 εἰς

225 4421 296 4475 τὸ
364 4420 674 4490 Βυζάντιον·
740 4417 850 4489 ἤδη
920 4421 1022 4495 γὰρ
1084 4421 1176 4477 καὶ
1245 4419 1498 4497 ἀγγελίαν
1561 4424 1709 4477 τοῦτ’
1759 4421 1890 4478 αὐτὸ

229 4508 675 4578 ὲπισκῆπτουσαν
753 4504 1043 4581 δεξάμενος
1118 4508 1185 4576 ἦν
1280 4511 1416 4585 πρὸς
1515 4514 1618 4565 τοῦ
1692 4506 1888 4572 δουκὸς

2027 562 2259 617 ﬁrmato
2292 562 2569 618 Thracias
2603 564 2776 620 urbes
2805 566 3027 630 evertit,
3059 564 3361 621 Orestiade
3417 572 3674 639 excepta,

2027 666 2204 719 quam
2239 650 2491 707 maximo
2525 654 2790 723 przrsidio
2822 670 2856 708 a
2885 653 3171 709 Balduino
3205 654 3492 710 firmatam
3530 672 3677 726 pra:—

2026 738 2204 794 teriit.
2242 741 2559 813 Vectigalia
2625 744 2875 809 ordinat,
2920 743 3212 799 Romanas
3266 744 3504 814 colligit,
3537 761 3673 800 ean—

2026 827 2287 885 Otissimo
2310 831 2696 901 jurejurando
2729 832 2885 899 dato,
2918 838 2978 887 et
3007 830 3109 888 Dei
3173 848 3385 888 nomen
3428 832 3678 889 subinde

2026 918 2274 973 testatus
2317 934 2380 974 se
2436 918 2805 991 popularium
2857 937 3099 976 suorum
3160 921 3435 975 societate
3475 921 3677 979 relicta

2024 1021 2267 1077 prorsus
2296 1009 2367 1063 ad
2398 1009 2688 1065 Romanos
2727 1009 3029 1065 defecisse.
3058 1013 3272 1065 Prester
3289 1010 3683 1079 dejerationes

2025 1093 2171 1151 istas
2201 1096 2362 1152 aliud
2391 1101 2569 1154 etiam
2604 1098 2999 1164 machinatus,
3033 1102 3099 1153 ut
3122 1098 3314 1154 verbis
3368 1099 3517 1155 798
3551 1100 3677 1159 suis

2025 1183 2200 1241 ﬁdem
2232 1187 3006 1259 astrueret,primogenitum
3037 1189 3307 1260 conjugis
3336 1205 3451 1245 suae
3484 1187 3673 1247 Maria

2022 1273 2208 1328 ﬁlium
2243 1274 2570 1331 Manuelem
2603 1275 3000 1333 Romanorum
3054 1277 3464 1347 imperatorem
3498 1277 3669 1348 dixit,

2020 1359 2190 1431 eique
2219 1368 2275 1416 et
2297 1360 2495 1418 habitu
2554 1370 2611 1419 et
2662 1362 2832 1420 titulo
2889 1363 3082 1420 cessit.
3146 1364 3267 1428 Quo
3334 1369 3667 1421 commento

2021 1448 2313 1506 Romanos
2335 1452 2671 1507 catervatim
2700 1452 2774 1508 ad
2804 1469 2863 1508 se
2890 1453 3144 1524 pellexit,
3171 1456 3433 1525 quamvis
3453 1469 3521 1509 ea
3550 1470 3666 1515 non

2020 1554 2260 1608 prorsus
2291 1556 2359 1595 ex
2391 1542 2587 1595 animo
2622 1542 2856 1609 iaceret,
2889 1552 2947 1595 ut
2979 1550 3112 1612 post
3166 1547 3409 1597 eventus
3450 1543 3665 1603 docuit.

2018 1626 2160 1684 Cum
2187 1633 2383 1685 autem
2412 1628 2738 1686 Balduinus
2770 1646 2883 1685 non
2918 1629 3117 1702 procul
3167 1649 3197 1684 ει
3248 1630 3669 1689 Thessalonica

2018 1720 2271 1785 abesset,
2303 1721 2498 1776 omnis
2530 1726 2784 1791 populus
2839 1719 2891 1775 ei
2948 1720 3223 1787 occurrit,
3254 1728 3311 1776 et
3341 1720 3496 1777 clara
3527 1734 3667 1781 voce

2017 1808 2219 1864 urbem
2252 1813 2307 1864 et
2328 1826 2457 1865 sese
2486 1810 2750 1865 hilariter
2771 1809 3025 1865 dedidit:
3089 1815 3285 1867 tamen
3344 1811 3531 1865 oravit
3590 1826 3667 1867 ne

2013 1897 2098 1953 vel
2132 1898 2257 1969 ipse
2314 1900 2518 1955 urbem
2578 1899 2823 1956 intraret
2878 1897 2964 1955 vel
3032 1900 3349 1955 exercitum
3432 1899 3660 1967 ingredi

2014 1990 2324 2056 pateretur,
2385 1989 2484 2057 qui
2544 2002 2677 2043 cum
2738 2004 2853 2044 non
2912 1987 3013 2045 uni
3064 1986 3199 2043 duci
3248 1997 3470 2058 pareret
3504 1992 3561 2044 et
3594 2005 3663 2045 ex

2012 2073 2186 2130 Variis
2216 2074 2491 2146 gentibus
2522 2079 2841 2143 constaret,
2875 2075 3054 2132 vereri
3078 2091 3140 2131 se
3175 2092 3244 2131 ne
3276 2076 3435 2132 illius
3469 2076 3665 2137 edicto

2013 2176 2209 2241 spreto
2243 2170 2455 2227 milites
2481 2174 2684 2228 urbem
2720 2172 3061 2243 spoliarent.
3095 2172 3283 2237 Quare
3340 2172 3666 2231 Balduinus

2015 2260 2228 2331 partim
2261 2261 2532 2331 aequitate
2564 2260 2979 2332 postulationis
3005 2263 3314 2328 adductus,
3350 2262 3563 2332 partim
3594 2278 3663 2320 ex

2016 2348 2151 2409 irati
2203 2348 2556 2405 marchionis
2615 2351 2883 2407 discessu
2943 2351 3090 2407 nihil
3150 2353 3285 2407 boni
3341 2369 3665 2424 augurans,

2017 2440 2228 2509 partim
2254 2439 2328 2496 ob
2362 2440 2509 2496 facta
2541 2440 2722 2504 illius,
2748 2457 2874 2512 quae
2908 2440 3064 2497 fama
3089 2440 3391 2507 aﬂ‘erebat,
3434 2441 3666 2509 anxius,

2015 2528 2645 2586 Thessalonicensibus
2694 2530 2923 2601 annuit,
2975 2536 3034 2586 et
3088 2532 3398 2588 rubricatis
3455 2531 3669 2589 littoris

2015 2618 2216 2675 omnia
2274 2619 2432 2676 urbis
2490 2619 2762 2675 instituta
2818 2628 2873 2676 et
2930 2620 3391 2678 consuetudines
3458 2622 3665 2677 confir-

2016 2706 2198 2763 mavit
2226 2726 2242 2777 ;
2275 2713 2332 2764 et
2359 2706 2583 2779 aliquot
2614 2710 2823 2765 diebus
2850 2715 3014 2766 extra
3072 2710 3286 2767 mcenia
3323 2711 3664 2779 honoriﬁce,

2016 2801 2082 2851 ut
2114 2796 2572 2861 decuit.habitus
2594 2798 2935 2869 Byzantium
2992 2800 3320 2856 revertitur.
3351 2801 3479 2856 lam
3505 2800 3663 2857 enim

2015 2887 2194 2942 etiam
2231 2885 2600 2944 Venetiarum
2660 2890 2828 2945 ducis
2886 2889 3164 2956 Danduli,
3194 2897 3249 2946 et
3284 2890 3533 2946 aliorum
3564 2907 3665 2946 co-

2018 2975 2229 3031 mitum
2285 2974 2386 3048 qui
2444 2977 2503 3030 in
2573 2978 2717 3033 urbe
2775 2983 3241 3050 permanserant,
3278 2979 3668 3035 1941itteris

2017 3065 2418 3122 revocabatur.
2473 3065 2759 3125 Balduino
2816 3084 3046 3123 reverso
3118 3067 3377 3123 marchio
3433 3084 3668 3140 quoque

2023 3169 2126 3226 per
2154 3154 2445 3211 Iol‘redum
2480 3156 2797 3226 quemdam
2831 3172 3058 3227 magnae
3112 3157 3479 3213 auctoritatis
3510 3159 3664 3229 apud

2021 3243 2252 3299 Latinas
2330 3244 2526 3315 copias
2585 3245 2795 3312 virum,
2854 3261 3029 3317 quem
3089 3244 3172 3300 illi
3233 3246 3671 3318 mariscalcum,

2018 3332 2198 3391 Greci
2230 3338 2741 3406 prostostratorem
2769 3340 2996 3406 vocant,
3028 3341 3334 3391 revocatur
3365 3355 3381 3404 ;
3443 3341 3502 3393 et
3551 3337 3667 3393 [ide

2014 3420 2388 3494 impunitatis
2420 3428 2662 3495 accepta
2690 3423 2749 3479 in
2783 3423 2985 3480 urbem
3019 3424 3315 3496 profectus
3364 3441 3431 3480 ac
3462 3442 3667 3481 recon-

2015 3519 2215 3576 ciliata
2235 3518 2508 3576 Balduini
2536 3521 2742 3592 gratia,
2762 3520 3167 3594 Didymoticbo
3201 3522 3355 3578 cedit
3384 3527 3441 3577 et
3480 3521 3665 3577 Thes.

2015 3610 2337 3667 salonicam
2370 3611 2710 3679 descendit;
2742 3611 2838 3667 ubi
2867 3612 2939 3667 ab
2969 3611 3247 3668 omnibus
3303 3612 3444 3667 citra
3492 3612 3666 3666 dimi-

2013 3700 2300 3756 cationem
2320 3705 2634 3772 susceptus
2664 3700 2867 3757 urbem
2894 3700 3240 3773 ingreditur,
3273 3700 3331 3754 in
3357 3700 3665 3771 praesentia

2010 3788 2260 3860 tempori
2282 3789 2793 3861 serviens,ingenii
2818 3790 3042 3845 malitia
3084 3795 3143 3845 et
3182 3788 3375 3843 animo
3411 3787 3660 3859 bilingui

2009 3876 2401 3935 dissimulato.
2422 3878 2617 3949 Neque
2635 3885 2831 3933 tamen
2849 3880 3070 3934 diutius
3109 3877 3441 3932 institutum
3467 3887 3661 3932 tenere

2010 3967 2200 4037 potuit
2229 3985 2244 4034 ;
2273 3967 2374 4021 sed
2412 3971 2474 4022 ut
2506 3966 2818 4022 mustelam
2861 3968 3063 4023 sebum
3113 3965 3392 4037 prodidit,
3423 3965 3504 4021 ita
3533 3965 3660 4037 ipse

2006 4055 2582 4122 Thessalonicenses,
2614 4055 2865 4126 cognitis
2895 4071 3093 4111 eorum
3128 4054 3364 4126 opibus,
3414 4053 3662 4126 pecunia

2007 4143 2295 4199 multavit.
2333 4144 2548 4199 Deinde
2582 4143 3005 4213 pulcherrimas
3063 4143 3220 4199 mdes
3251 4144 3507 4199 dominis
3535 4159 3658 4200 ero-

2006 4238 2136 4304 ptas
2167 4233 2471 4305 equitibus
2501 4233 2628 4288 suis
2659 4232 2998 4289 incolendas
3048 4232 3325 4302 tradidit;
3359 4233 3659 4304 Mariaque

2004 4322 2253 4395 conjuge
2285 4328 2344 4379 et
2365 4328 2527 4395 parte
2557 4323 2849 4378 exercitus
2881 4322 2961 4378 ibi
2992 4322 3212 4390 relicta,
3255 4322 3500 4379 urbibus
3530 4338 3653 4392 qua

2003 4411 2191 4468 Serris
2242 4416 2300 4468 et
2359 4411 2637 4469 Bcrrhmaa
2693 4412 2955 4469 finitimae
3022 4421 3158 4469 sunt
3215 4418 3271 4468 et
3328 4413 3400 4468 ad
3434 4413 3653 4483 Tempe

1998 4501 2414 4558 Thessalonica
2436 4503 2750 4572 pertinent,
2784 4507 2987 4572 praeter
3023 4501 3360 4573 opinionem
3407 4502 3654 4573 potitus,

230 4600 489 4663 Βενετίας
568 4597 884 4656 Δανδοῦλου
956 4600 1049 4654 καὶ
1114 4599 1235 4656 ὅσοι
1306 4602 1414 4657 τῶν
1481 4603 1742 4673 κομήτών
1815 4606 1886 4678 τῇ

2011 4607 2229 4664 semper
2249 4607 2318 4646 ea
2333 4608 2460 4662 quas
2488 4594 2714 4647 teneret
2763 4591 2974 4663 exigua
3010 4598 3196 4658 ratus,
3227 4597 3284 4648 et
3312 4592 3386 4648 ob
3436 4595 3653 4648 Roma-

228 4688 814 4747 Κωνσταντινουπόλει
888 4689 1213 4761 παρέμενον.
1289 4689 1378 4752 Ὧς
1461 4689 1699 4760 ἐπανῆκε
1768 4690 1890 4745 τοί-

224 4803 326 4835 νυν
364 4780 393 4834 ὁ
433 4777 792 4849 Βαλδουῖνος,
864 4780 1255 4852 μετάπεμπτος
1295 4779 1505 4861 γίνεται
1580 4779 1673 4835 καί
1752 4799 1885 4857 μαρ-

225 4873 435 4942 κὲσιος,
503 4870 679 4950 Ἰοφρὲ
739 4889 891 4933 τινος
968 4865 1440 4941 ὲπιδεὸημηκότος
1512 4869 1681 4944 αὐτῷ,
1753 4874 1888 4948 μέγα

226 4964 379 5038 παρὰ
450 4968 570 5024 τοῖς
646 4965 755 5015 τῶν
821 4959 1066 5016 Λατίνων
1146 4957 1444 5037 δυναμένου
1521 4962 1886 5039 στρατεύμασι

222 5050 658 5127 (μαρισκάλκος
709 5050 775 5119 ἦν
823 5049 1073 5123 τάξίωμα
1119 5051 1148 5105 ὁ
1196 5050 1359 5128 ἀνὴρ,
1421 5049 1589 5124 δηλοῖ
1665 5050 1723 5108 δὶ
1770 5056 1888 5108 καθ’

220 5138 509 5210 Ἓλληνας
574 5141 610 5209 ἡ
678 5139 832 5218 φωνή
899 5138 989 5193 τὸν
1057 5140 1563 5215 πρωτοστράτορα),
1625 5146 1716 5195 καί
1780 5142 1885 5196 πί-

222 5250 374 5291 στεις
440 5226 628 5291 δόντος
687 5228 761 5289 ὡς
822 5224 973 5282 οὐδὲν
1035 5248 1088 5282 τι
1162 5230 1599 5304 παραγενόμενος
1644 5229 1885 5285 πείσεται

220 5316 416 5391 ἀηδές.
490 5317 826 5380 Ἀπαντύσας
897 5315 988 5371 καὶ
1080 5320 1161 5390 τῷ
1234 5316 1551 5391 Βαλδουίνῳ
1660 5320 1879 5375 σπεισάο

225 5429 393 5485 μενος
467 5408 755 5486 ἀφίσταται
834 5406 927 5479 μὶν
1015 5409 1112 5462 τοῦ
1189 5404 1618 5483 Διδυμοτοίχου,
1694 5405 1748 5470 ἒς
1827 5405 1883 5463 δὲ

223 5496 633 5569 Θεσσαλονίκην
698 5496 929 5565 κάτεισι,
995 5495 1083 5551 καὶ
1170 5497 1317 5572 παρὰ
1389 5495 1601 5551 πάντῶν
1673 5496 1879 5571 ἀμαχεὶ

221 5586 641 5666 παρεισόεχθεὶς
695 5588 794 5657 τὴν
849 5583 1012 5641 πόλιν
1074 5582 1284 5655 εἳσεισι,
1342 5584 1433 5640 τὸν
1488 5586 1674 5660 καιρὸν
1718 5583 1769 5641 ἒν
1804 5590 1883 5660 τῷ

219 5678 420 5739 αὐτίκα
471 5671 782 5744 καθυποδυς
831 5673 924 5730 καὶ
973 5673 1038 5731 τὸ
1094 5677 1193 5730 τοῦ
1237 5672 1450 5755 τρόπου
1494 5671 1755 5747 σκαιῷδῄ
1821 5696 1881 5737 τε

2007 4698 2215 4738 norum
2249 4680 2685 4752 simplicitatem
2747 4680 2991 4738 ulterius
3059 4684 3326 4754 progredi
3385 4684 3654 4754 cupiens.

1999 4780 2177 4836 etiam
2210 4779 2500 4836 Larissam
2534 4779 2807 4837 invadere
2836 4784 2895 4835 et
2926 4796 3026 4851 per
3064 4779 3343 4836 Graeciam
3398 4781 3653 4837 transitu

1996 4868 2150 4925 facto
2189 4867 2659 4941 Peloponnesum
2693 4885 2978 4941 occupare
3003 4870 3654 4941 statuit.Sequehantur

1996 4974 2131 5013 eum
2163 4958 2411 5015 Romani
2442 4975 2680 5032 quoque
2709 4958 3003 5027 nonnulli,
3034 4960 3178 5016 105
3233 4959 3389 5028 iique
3426 4957 3650 5013 nobiles

1997 5049 2057 5103 in
2091 5049 2320 5121 primis,
2350 5050 2453 5121 qui
2484 5049 2813 5122 provincias
2862 5050 3168 5107 allicerent
3220 5057 3276 5103 et
3331 5048 3455 5102 vias
3486 5062 3645 5100 com-

1996 5138 2325 5209 planarent.
2357 5140 2582 5194 Fraude
2638 5138 2873 5210 quidem
2927 5142 2986 5193 et
3041 5135 3177 5192 dolo
3215 5134 3411 5190 Maria
3437 5133 3649 5205 primo-

1996 5226 2193 5296 genita
2222 5224 2341 5281 filio
2372 5225 2551 5296 (hunc
2580 5226 2739 5280 enim
2768 5224 2971 5281 habitu
3004 5222 3383 5295 imperatorio
3421 5226 3481 5278 et
3508 5237 3644 5277 cum

1996 5320 2203 5377 faustis
2225 5318 2751 5377 acclamationibus
2771 5320 3181 5389 deductum,ut
3194 5317 3357 5389 prius
3372 5320 3457 5375 Th
3467 5334 3648 5389 races,

1992 5406 2077 5462 ita
2107 5411 2233 5463 tum
2267 5409 2611 5464 Macedones
2641 5416 2699 5465 et
2727 5408 2991 5464 Thessali
3019 5416 3076 5464 et
3104 5406 3339 5463 Graeciaa
3385 5408 3646 5464 ﬁnitima

1992 5500 2190 5568 partes
2226 5496 2439 5566 cupide
2490 5497 2893 5568 accipiebant),
2944 5512 3006 5552 re
3035 5513 3169 5553 vera
3217 5497 3436 5553 Latinis
3484 5498 3636 5553 viam

1992 5586 2419 5657 monstrabant,
2450 5591 2505 5642 et
2537 5585 2677 5661 quid
2736 5587 3030 5660 agendum
3088 5591 3242 5644 esset
3292 5587 3638 5669 praescribe-

1990 5675 2157 5751 bant,
2212 5675 2414 5752 patria
2471 5675 2816 5750 proditores.
2852 5678 2962 5759 :Ita
3016 5676 3279 5745 marebio
3359 5675 3635 5757 gentibus
