4032 6216
400 328 531 391 987
1724 323 2045 386 NICETE
2085 321 2504 386 CHONIAT/E
3703 325 3851 389 988

412 460 682 519 maximis
713 464 770 517 et
800 460 1049 518 urbibus
1079 459 1512 531 potentissimis
1565 458 1737 532 longe
1787 459 2059 532 pluribus
2088 514 2097 529 ,

2209 458 2261 512 αἱ
2302 452 2729 532 στρεϐλόχειλον
2789 456 3245 535 ἐπικρυψάμενος.
3298 458 3477 530 νΠλήν
3552 460 3663 514 οὔκ
3740 458 3847 514 ἐπὶ

414 568 595 625 quam
630 568 730 624 pro
764 567 1007 606 numero
1065 550 1361 621 copiarum
1426 551 1575 620 ejus,
1636 549 1687 604 si
1738 549 1970 606 urbium
2012 552 2069 604 et

2206 545 2319 600 τολῦ
2357 552 2477 607 τοῖς
2516 543 2869 621 δεδογμένοις
2908 547 3190 621 ἐμμείνας,
3231 552 3299 624 τῇ
3352 547 3408 604 δὲ
3456 549 3610 624 γαλῇ
3658 569 3850 619 παρο-

420 641 679 697 virorum
747 656 1057 695 numerum
1127 644 1516 711 comparetur,
1593 638 1767 693 citra
1813 652 2067 710 pugnam

2206 636 2435 697 ιοιωθεῖς
2497 631 2566 704 ἤν
2632 633 2885 713 διήλεγξε
2948 637 3011 691 τὸ
3086 637 3244 713 στέαρ
3310 638 3702 714 παρεισπεσὸν,
3792 637 3851 699 ἐς

423 731 807 803 potiebantur.
868 730 1187 786 Bald'iinus
1246 746 1475 801 quoque
1533 729 1873 801 Byzantium
1934 743 2065 782 cum

2206 726 2442 798 [ρήματα
2499 724 2626 786 τοὺς
2695 725 3108 788 Θεσσαλονικεῖς
3177 726 3505 801 ἐζημίωσεν,
3576 725 3855 787 εὐθαλεῖς

421 821 696 887 venisset,
730 836 834 875 nec
864 820 989 891 ipse
1020 819 1407 875 desidendum
1439 818 1549 874 sibi
1583 835 1710 874 esse
1749 822 1849 873 aut
1890 832 2065 872 suum

2210 812 2270 874 ἃς
2303 812 2553 885 ὑπάρξεις
2593 813 2725 867 εἶναι
2790 815 2995 886 μαθών.
3058 816 3190 871 Εἶτα
3245 816 3334 871 καὶ
3381 816 3479 879 τὰς
3510 821 3623 871 τῶν
3656 817 3851 891 οἰχή-

419 910 736 965 exerciturn
767 910 826 965 in
855 910 971 965 otio
1003 909 1443 978 continendum,
1475 909 1576 963 sed
1618 908 1678 962 in
1729 908 1917 963 Asiam
1948 911 2066 962 tra-

2206 926 2311 961 ewv
2360 903 2656 968 καλλίστας
2706 904 2765 960 ἐκ
2808 910 2918 961 τῶν
2969 905 3209 981 ἐχόντων
3256 906 3593 986 ἀφελόμενος
3624 912 3756 969 τοῖς
3788 905 3850 962 ἐκ

410 999 742 1071 jiciendum
811 1003 867 1055 et
920 999 1097 1055 urbes
1153 997 1287 1054 illas
1344 997 1763 1070 oppugnandas
1818 995 2066 1065 censuit,

2206 1001 2278 1064 ἧς
2339 991 2577 1058 ἱππάδος
2634 993 2821 1068 ἐκείνῳ
2880 992 3203 1051 διαδὲδωκεν
3257 996 3332 1059 είς
3382 997 3687 1067 ἐνείκησιν.
3746 998 3849 1052 Ἐκ

415 1092 749 1144 Latinorum
824 1088 1222 1159 potissimum,
1282 1086 1381 1158 qui
1444 1085 1801 1158 Hellesponti
1862 1085 2065 1139 urbem

2206 1085 2234 1139 ὶ
2288 1083 2483 1140 τούτου
2539 1086 2638 1154 τὴν
2695 1083 3026 1160 σύλλεκτρον
3082 1086 3295 1161 Μαρίαν
3344 1088 3434 1142 καὶ
3479 1092 3684 1162 μοῖραν
3743 1092 3852 1154 τῆς

419 1182 603 1251 Pegas
635 1179 915 1244 incolunt,
950 1183 1006 1235 et
1055 1179 1439 1249 'I‘rojanorum
1499 1175 1905 1230 Armeniorum
1958 1174 2069 1229 im-

2206 1178 2428 1247 τρατιᾶς
2485 1174 2656 1229 ἐκεῖσε
2710 1172 3032 1230 καταλιπὼν
3089 1170 3276 1246 ἔξεισιν
3346 1176 3526 1246 αὐτὸς,
3589 1177 3687 1230 καὶ
3750 1176 3854 1236 τας

423 1266 619 1336 pulsu,
653 1269 754 1339 qui
783 1284 917 1323 eum
950 1272 1007 1323 et
1045 1278 1275 1323 cateros
1307 1265 1548 1321 comites
1592 1269 1655 1320 ut
1703 1264 1776 1321 ad
1814 1264 2071 1320 Orienta-

2206 1261 2369 1325 πόλεις
2403 1264 2657 1336 μέτεισιν,
2705 1262 2825 1318 ὅσαι
2871 1284 2931 1318 τε
2976 1264 3101 1339 περὶ
3150 1263 3355 1341 Σέῤῥας
3400 1267 3854 1333 καθυπτιάζουσι

424 1355 509 1413 les
541 1364 714 1414 urbes
746 1364 1023 1429 tanquam
1082 1361 1343 1429 paratam
1395 1356 1647 1428 praedam
1699 1358 2068 1426 occupandas

2206 1353 2265 1407 ιαὶ
2314 1358 2431 1415 τοῖς
2472 1350 2621 1428 ὅροις
2674 1356 2776 1418 τῆς
2836 1351 3093 1427 Βερῥοίας
3150 1357 3557 1431 προσηνῶν-ται,
3594 1353 3691 1409 καὶ
3724 1355 3852 1407 ὅσαι

423 1448 892 1520 proficisceretur
919 1448 1163 1503 incitare
1195 1463 1495 1517 nunquam
1528 1445 1909 1500 desistebant.

2206 1443 2314 1517 πρὸς
2366 1442 2432 1498 τὰ
2484 1445 2566 1516 [Ρ.
2602 1446 2728 1517 388]
2787 1442 2983 1516 Τέμπη
3037 1448 3145 1499 τῶν
3228 1444 3509 1501 Θετταλῶν
3573 1443 3851 1521 παρατεί-

418 1554 589 1592 νουσι.
650 1537 939 1608 Κρατήσας
997 1531 1087 1588 οὖν
1145 1532 1376 1588 τουτωνὶ
1434 1532 1581 1607 παρὰ
1637 1528 1791 1601 δόξαν
1852 1525 1992 1608 ἔγνω
2047 1532 2138 1586 καὶ
2196 1531 2470 1607 Λαρίσσης
2530 1531 2696 1602 αὐτῆς
2754 1529 3013 1603 ἐπιϐῆναι
3068 1534 3159 1589 καὶ
3214 1533 3287 1590 δι’
3343 1532 3622 1598 Ἑλλάδος
3654 1532 3859 1589 ἐλάσαι

422 1623 511 1677 καὶ
572 1626 946 1699 χειρώσασθαι
987 1626 1087 1694 τήν
1136 1628 1233 1679 τοῦ
1287 1621 1561 1692 Πέλοπος,
1606 1622 1807 1698 κρίνων
1856 1621 1944 1677 ἀοὶ
1983 1622 2051 1678 τὰ
2098 1620 2410 1695 εἰλημμένα
2462 1623 2631 1698 μικρᾶ
2676 1622 2765 1678 καὶ
2812 1629 2933 1686 τοῖς
2975 1622 3279 1700 ἔμπροσθεν
3335 1620 3659 1695 προϐαίνειν
3716 1624 3861 1699 ἐρῶν

423 1709 515 1767 διὰ
566 1714 664 1781 τὴν
721 1718 828 1768 τῶν
882 1713 1172 1786 Ῥωμαίων
1233 1710 1508 1789 ἀφέλειαν.
1569 1710 1892 1767 Συνείποντο
1949 1708 2007 1766 δὲ
2066 1711 2119 1766 οἱ
2175 1712 2266 1766 καὶ
2316 1708 2423 1766 τῶν
2476 1711 2763 1785 Ῥωμαίων
2799 1714 2961 1784 τινες,
3010 1714 3100 1768 καὶ
3156 1713 3395 1787 μάλιστα
3442 1718 3555 1769 τῶν
3587 1712 3648 1769 εὖ
3690 1734 3864 1789 γεγο-

424 1803 618 1874 νότων,
651 1803 984 1866 παλεύοντες
1040 1804 1135 1866 τὰς
1186 1804 1373 1879 χώρας
1429 1803 1524 1857 xvi
1582 1803 1677 1865 τὰς
1733 1798 1957 1878 τρίϐους
2016 1799 2449 1876 διομαλίζοντες,
2497 1803 2586 1858 καὶ
2643 1805 2738 1877 μὶν
2787 1803 3002 1875 ἀπάτην
3052 1804 3143 1859 καὶ
3192 1802 3466 1878 δόλοντῷ
3496 1805 3865 1879 πρωτοτόκῳ

425 1899 527 1962 τῆς
576 1892 788 1968 Μαρίας
855 1895 955 1966 οίῴ
1020 1896 1262 1967 (τοῦτον
1328 1894 1432 1969 γάρ
1486 1891 1785 1968 βασιλικῶς
1848 1889 2179 1965 ἐσταλμένον
2212 1892 2301 1946 καὶ
2337 1892 2452 1966 μετ’
2511 1893 2776 1966 εὐφήμων
2808 1898 3002 1972 φωνῶν
3033 1894 3521 1969 προπεμπόμενον,
3571 1892 3775 1967 ὥσπερ
3818 1894 3871 1946 οἱ

428 1986 629 2055 Θρᾷκες
688 1983 973 2058 πρότερον,
1025 1982 1168 2037 οὕτω
1219 1982 1309 2037 καὶ
1372 1979 1672 2041 Μακεδόνες
1728 1980 1851 2035 τότε
1926 1980 2015 2034 καὶ
2100 1981 2387 2049 Θετταλοὶ,
2467 1981 2557 2035 καὶ
2616 1980 2715 2036 ὅσα
2771 1980 2826 2045 ἐς
2879 1980 3121 2038 Ἐλλάδα
3173 1985 3530 2054 καθήκουσιν,
3594 1980 3867 2055 ἁσμένως

427 2068 898 2148 ἐδέχοντο),πρὸς
927 2070 1109 2142 ἀληθῆ
1171 2071 1362 2148 πρᾶξιν
1434 2069 1710 2145 μαρκεσίῳ
1777 2070 1867 2125 καὶ
1933 2069 2185 2133 Λατίνοις
2253 2066 2578 2144 προοδευταί
2641 2071 2732 2125 καὶ
2797 2074 2904 2126 τῶν
2967 2072 3250 2147 πρακτέων
3287 2072 3582 2149 εἰσηγηταὶ
3624 2072 3727 2127 καὶ
3762 2075 3867 2136 τῆς

423 2158 689 2236 πατρίδος
738 2160 1063 2235 προαγωγοὶ
1119 2159 1426 2236 γινόμενοι.
1488 2159 1587 2214 Καὶ
1644 2160 1937 2237 μαρκὲσιος
1993 2160 2085 2233 μὲν
2128 2158 2293 2215 ἐθνῶν
2339 2157 2483 2214 οὕτω
2536 2161 2809 2237 μεγίστων
2854 2160 2944 2215 καὶ
2994 2159 3210 2217 πόλεων
3237 2163 3544 2235 κρατίστων
3580 2160 3865 2235 ἐγκρατῆς

424 2249 632 2325 ἀμαχεὶ
679 2246 1026 2322 διεδείκνυτο,
1058 2250 1147 2305 καὶ
1199 2249 1401 2321 πολλῷ
1439 2248 1709 2305 πλειόνων
1766 2254 1864 2304 τοῦ
1921 2250 2047 2323 παρ’
2107 2247 2297 2322 ἐκείνῳ
2353 2250 2778 2325 στρατεύματος,
2836 2250 2882 2306 εί
2934 2250 3099 2307 πόλιν
3144 2250 3236 2306 καὶ
3287 2249 3455 2326 ἄιδρα
3502 2256 3589 2323 τῷ
3624 2251 3864 2325 ἀριθμῷ

424 2359 508 2401 τις
555 2334 883 2395 ὑπέϐαλλεν
937 2340 964 2393 6
1015 2336 1072 2395 δέ
1118 2360 1180 2415 γε
1232 2336 1568 2401 Βαλδουῖνος
1625 2338 1701 2399 εἰς
1753 2339 1817 2393 τὸ
1874 2338 2162 2407 Βυζάντιον
2213 2336 2540 2417 ἀφικόμενος
2587 2334 2724 2414 ἔγνω
2772 2336 2901 2411 μηδ’
2949 2338 3109 2401 αὐτὸς
3157 2343 3341 2415 ἡσυχῆ
3392 2341 3674 2408 καθῆσθαι
3723 2337 3861 2413 μηδ’

428 2427 722 2504 ἀπόμαχον
773 2428 894 2504 εἰκῇ
946 2429 1047 2497 τὴν
1096 2429 1201 2483 ὑπὸ
1249 2428 1300 2482 οί
1349 2429 1681 2505 τεταγμένην
1731 2426 2001 2503 οἰκουρεῖν
2043 2427 2318 2501 στρατιὰν,
2375 2425 2504 2482 ἀλλ’
2554 2426 2607 2490 ἐς
2656 2427 2843 2486 Ἀσίαν
2897 2429 3098 2499 ταύτην
3132 2424 3444 2484 διαϐιϐάσαι
3472 2430 3711 2484 καὶτῶν
3746 2428 3864 2483 ἐκεῖ

430 2517 779 2592 πειράσασθαι
846 2516 1083 2586 πόλεων,
1151 2518 1496 2592 ἐξερεθισθεὶς
1565 2516 1641 2580 είς
1703 2513 1831 2572 τόδε
1894 2516 1958 2572 τὸ
2024 2537 2183 2594 εργον
2241 2516 2381 2591 πρὸς
2426 2538 2485 2572 τε
2540 2521 2647 2574 τῶν
2704 2516 3174 2589 Ἑλλησποντίων,
3216 2518 3481 2589 Λατίνιον,
3513 2517 3869 2589 ὦνὴπόλις

435 2607 615 2682 Πηγαὶ
679 2606 1117 2681 κατωνόμασται,
1185 2608 1273 2661 καὶ
1342 2610 1450 2661 τῶν
1505 2607 1763 2683 Τρωϊκῶν
1823 2606 2146 2682 Ἀρμενίων.
2206 2607 2357 2661 οὗτοι
2418 2606 2521 2683 γὰρ
2562 2604 2693 2662 οὗδὲ
2733 2607 2915 2684 βραχύ
2951 2629 3003 2662 τι
3042 2612 3169 2684 γοῦν
3210 2609 3526 2683 καθυφῆκαν
3567 2609 3666 2662 τὸν
3710 2606 3873 2664 Βαλ-

432 2693 643 2752 δουῖνον
677 2695 972 2770 ἐνάγοντες,
1003 2697 1093 2752 καὶ
1122 2697 1249 2758 τοὺς
1281 2695 1487 2759 ἄλλους
1518 2696 1767 2771 κόμητας
1798 2694 2185 2771 ἐξερεθίζοντες
2237 2695 2313 2757 ὡς
2366 2695 2440 2757 εἰς
2488 2697 2847 2772 προκείμενον
2887 2694 3116 2772 ἕρμαιον
3147 2692 3397 2767 διαϐῆναι
3420 2699 3524 2767 τὴν
3555 2702 3676 2752 τῶν
3712 2697 3872 2769 ἑῴων

432 2783 648 2842 πόλεων
679 2786 957 2861 χείρωσιν.

507 2877 656 2932 706
685 2878 718 2931 8
755 2879 934 2950 Igitur
980 2877 1212 2934 Octobri
1271 2894 1472 2933 mense
1536 2878 1769 2933 Erricus
1815 2875 2085 2932 Balduini

2266 2879 2335 2944 η’.
2382 2876 2511 2948 Περὶ
2566 2882 2713 2949 μῆνα
2750 2876 2927 2931 τοίνυν
2974 2876 3064 2931 τὸν
3116 2874 3439 2954 φυλλοχόον
3471 2878 3586 2949 (64)
3617 2881 3730 2945 τῆς
3763 2876 3869 2929 πό-

434 2967 615 3023 t'rater
661 2971 719 3021 et
773 2967 974 3022 Petrus
1034 2966 1327 3035 Plancius,
1388 2967 1481 3021 vir
1564 2966 1796 3021 beroico
1860 2966 2088 3029 robore.

440 3055 709 3126 Gallipoli
744 3055 801 3109 in
841 3055 1135 3112 Orientem
1169 3054 1495 3125 trajiciunt.
1528 3058 1606 3111 Ac
1657 3055 1891 3110 Erricus
1941 3053 2096 3109 auxi-

437 3144 689 3201 liaribus
723 3146 1133 3200 Armeniorum
1178 3146 1362 3216 copiis
1406 3144 1595 3216 Trosz
1637 3149 1866 3209 auctus,
1919 3144 2094 3199 urbes

445 3250 573 3305 quae
614 3233 927 3306 imperium
963 3234 1313 3291 recusabant
1362 3235 1513 3289 male
1554 3233 1838 3289 tractabat
1874 3237 1932 3288 et
1961 3248 2093 3288 vas-

445 3323 659 3390 stabat,
691 3328 748 3378 et
775 3323 961 3379 victor
988 3341 1089 3394 per
1103 3324 1212 3378 Idas
1237 3326 1451 3379 montis
1475 3323 1776 3393 angustias
1800 3323 1876 3378 Ad
1889 3324 2097 3394 ramyt—

444 3411 593 3466 tium
628 3429 815 3484 usque
846 3416 1147 3484 processit.
1207 3417 1372 3469 Petro
1422 3417 1612 3468 autem
1668 3410 1900 3467 Plancio
1931 3409 2095 3479 Pegis

444 3499 760 3572 Lopadium
796 3501 1184 3572 proficiscenti
1219 3501 1562 3558 Theodorus
1620 3499 1885 3557 Lascaris
1942 3501 2096 3555 circa

439 3591 850 3647 Pmmaninum
875 3607 1008 3647 cum
1036 3590 1308 3647 maximis
1326 3590 1608 3647 Romanis
1630 3588 2092 3659 cepiisoccurrit.

439 3680 578 3745 Quae
607 3697 742 3736 cum
777 3678 1116 3736 Latinorum
1149 3695 1529 3753 congressum
1578 3696 1694 3735 non
1734 3682 1981 3733 ferentes
2010 3677 2094 3732 fu-

441 3786 523 3839 gas
557 3786 616 3826 se
648 3769 1049 3840 mandassent,
1083 3770 1202 3835 ille,
1229 3770 1370 3841 quia
1418 3784 1589 3825 nemo
1638 3772 1766 3823 erat
1819 3768 1919 3838 qui
1951 3765 2096 3822 resi-

443 3863 644 3926 staret,
674 3860 775 3914 sed
807 3860 879 3915 ab
938 3859 1214 3916 omnibus
1270 3874 1405 3914 cum
1469 3856 1741 3914 crucibus
1797 3861 1856 3911 et
1910 3855 2097 3911 sacris

441 3950 770 4022 Evangeliis
801 3950 1262 4022 suscipiebatur,
1297 3949 1620 4021 Lopadium
1647 3946 1770 4003 abit
1792 3950 1851 4002 et
1872 3944 2096 4017 suppli-

441 4040 609 4096 cibus
644 4040 850 4113 pareit.
885 4040 1163 4097 Eamdem
1196 4038 1567 4096 clementiam
1619 4042 1836 4095 cetera:
1869 4051 2099 4108 quoque

439 4129 615 4185 urbes
674 4146 807 4202 quae
864 4132 1038 4186 armis
1118 4130 1536 4186 abstinuerunt
1608 4131 1749 4183 sunt
1826 4132 2096 4197 expertae,

442 4220 713 4309 quamvis
744 4220 981 4276 ditﬁcile
1012 4224 1090 4275 sit
1119 4220 1385 4275 Latinum
1417 4234 1555 4274 voce
1579 4235 1611 4272 a
1633 4215 1850 4274 Gracia
1870 4216 2089 4272 dissen-
2125 4243 2168 4309 ο

445 4306 712 4376 tieutem,
745 4327 917 4365 avaro
972 4308 1227 4380 ingenio,
1285 4307 1450 4365 oculo
1510 4305 1858 4379 impudenti,
1901 4312 2096 4360 ventre

447 4396 792 4467 insatiabili,
825 4399 1019 4454 animo
1052 4398 1332 4455 iracundo
1363 4401 1420 4453 et
1449 4397 1675 4464 acerbo,
1734 4410 1915 4451 manu
1976 4410 2099 4465 per-

444 4490 619 4557 petuo
652 4502 852 4543 ensem
882 4488 1185 4559 quaerenti,
1218 4485 1402 4543 lenire
1447 4484 1768 4558 obsequiis.
1816 4482 2098 4539 Caeterum

446 4577 868 4632 Prusaensium
930 4592 1164 4648 quoque
1220 4573 1543 4647 periculum
1617 4572 1827 4629 tacturi
1884 4572 2097 4628 Latini.

450 4664 550 4735 qui
583 4671 915 4722 commeatu
940 4668 1011 4721 ad
1026 4668 1370 4722 diuturnam
1402 4663 1769 4721 obsidionem
1800 4662 2097 4718 ferendam

453 4757 771 4826 praeparato
799 4753 1030 4827 locique
1060 4757 1178 4810 situ
1238 4756 1369 4811 freti
1424 4757 1585 4822 (nam
1645 4756 1831 4808 Prusa
1872 4749 2098 4806 tumulo

456 4844 602 4900 797
638 4843 918 4917 imposita
944 4849 1034 4902 est
1060 4853 1113 4900 et
1144 4844 1330 4901 firmis
1361 4842 1721 4900 circumdata
1765 4840 2100 4911 manibus),

451 4940 509 4992 et
538 4951 602 4993 se
632 4934 1118 5008 inexpugnabiles
1143 4951 1272 4992 esse
1304 4935 1433 5002 rati,
1486 4948 1602 4989 non
1658 4930 1962 4987 cedebant.
1995 4929 2100 4986 Lo-

450 5028 624 5097 padio
658 5025 859 5083 relicto
890 5043 1016 5083 eam
1053 5026 1253 5082 urbem
1292 5025 1462 5095 juxta
1519 5020 1757 5089 mania,
1787 5035 1901 5089 qua
1934 5035 2103 5075 mons

448 5117 732 5190 Olympus
764 5117 1072 5189 paululum
1106 5115 1178 5171 ab
1210 5131 1278 5172 ea
1308 5109 1625 5170 reﬂectitur
1655 5113 1711 5164 et
1742 5124 1987 5165 saxosus
2018 5113 2104 5162 tu-

448 5208 645 5265 mulus
698 5208 801 5278 qui
862 5223 989 5265 eam
1050 5204 1236 5261 ambit
1293 5200 1765 5270 interrumpitur,
1809 5195 2103 5264 obsident,

2200 2961 2342 3025 λεως
2370 2959 2558 3033 ἔξεισιν
2592 2964 2794 3040 Ἐῥρἧς
2822 2965 2851 3019 6
2879 2968 2976 3020 τοῦ
3027 2962 3364 3022 Βαλδουίνου
3402 2962 3748 3039 κασίγνητος
3776 2964 3870 3018 καὶ

2199 3052 2403 3128 Πέτρος
2462 3054 2489 3107 6
2556 3054 2617 3109 ἐκ
2669 3053 2951 3125 Πλάντζης
3010 3054 3361 3129 ὁρμώμενος,
3420 3054 3561 3127 ἀνὴρ
3606 3054 3869 3127 ἡρωϊκὸς

2197 3144 2298 3212 τήν
2329 3141 2513 3217 ίσχὺν,
2581 3143 2672 3198 καὶ
2730 3144 2863 3218 πρὸς
2900 3150 2969 3213 τῆ
3024 3143 3257 3219 παράλῳ
3307 3141 3659 3199 Καλλιπόλει
3709 3146 3871 3218 73w}-

2205 3252 2357 3304 μενοι
2435 3229 2490 3293 ἐς
2545 3228 2620 3287 ἕω
2695 3228 3145 3303 διαπλωίζονται.
3233 3231 3341 3289 Καὶ
3399 3232 3429 3285 6
3490 3232 3588 3306 μὲν
3656 3230 3869 3305 Ἐῥηὶἧς

2202 3319 2475 3395 συμμίξας
2541 3319 2591 3377 ἐν
2667 3322 2856 3397 Τρωῗᾳ
2917 3327 3035 3384 τοῖς
3104 3321 3443 3394 ’Δρμενίοις,
3509 3322 3602 3374 καί
3685 3320 3868 3394 μαχίο

2202 3408 2298 3472 δας
2397 3409 2522 3473 ἴλας
2624 3410 2823 3467 ἐκεῖθεν
2926 3409 3372 3484 ἐπαμησάμενος,
3486 3404 3665 3482 ἔκειρε
3764 3410 3870 3469 τὰς

2201 3497 2401 3562 πύλαις
2430 3500 2521 3555 καὶ
2561 3496 2778 3565 διετίθει
2817 3504 3022 3566 κακῶς,
3078 3497 3199 3553 ὅσαι
3253 3500 3328 3571 μὴ
3383 3497 3578 3569 ἐκείνῳ
3609 3492 3868 3553 cavisti.-

2202 3609 2316 3658 νον,
2357 3591 2628 3662 κρατήσας
2687 3586 2745 3645 δὶ
2799 3590 2888 3644 καὶ
2947 3594 3047 3657 τῆς
3099 3584 3250 3658 Ἴδης
3299 3592 3397 3641 τοῦ
3456 3584 3621 3659 ὅρους
3650 3586 3748 3640 καὶ
3780 3584 3870 3640 ὂιὶ

2166 3682 2311 3752 ⁵τῶν
2367 3676 2567 3748 ταύτης
2627 3682 2824 3733 στενῶν
2868 3674 3155 3752 παρελθὶιν
3216 3676 3292 3738 εἷς
3342 3676 3404 3731 τὸ
3455 3674 3865 3750 Ἀτραμύττιον

2202 3770 2653 3841 προκεχώρηκεν·
2697 3767 2725 3821 6
2781 3763 2828 3821 δ’
2885 3764 2945 3821 ἐκ
3000 3763 3284 3835 Πλάντζης
3345 3769 3551 3841 Πετρος
3611 3761 3750 3837 ἄρας
3804 3761 3865 3816 ἐκ

2201 3860 2299 3909 τοῦ
2328 3860 2436 3910 τῶν
2469 3860 2664 3929 Πηγῶν
2692 3853 3035 3929 πολίσματος
3060 3864 3160 3924 την
3192 3852 3247 3915 ἐς
3280 3853 3343 3908 τὸ
3385 3848 3668 3907 Λοπάδιον
3703 3851 3865 3907 στέλ-

2206 3942 2377 4001 λεται.
2419 3945 2703 4014 ’Λπήντων
2773 3942 2830 4000 δὶ
2896 3945 3045 4017 αύτῷ
3105 3943 3240 4018 μετὰ
3292 3940 3570 3997 πλείστων
3606 3942 3863 4013 Ῥωμαῖ-

2203 4038 2314 4089 κῶν
2383 4031 2663 4106 δυνάμεων
2729 4033 2852 4110 περὶ
2915 4033 2979 4087 τὸ
3046 4031 3345 4107 λεγόμενον
3416 4029 3752 4105 Ποιμανινὸν
3809 4030 3867 4084 οἱ

2204 4123 2329 4198 περὶ
2356 4122 2448 4177 τὸν
2482 4123 2747 4198 Λάσκαριν
2804 4120 3104 4198 Θεόδωρον.
3173 4122 3239 4178 Οἱ
3295 4119 3354 4175 δὲ
3401 4120 3503 4189 τὴν
3535 4125 3658 4175 κατ’
3686 4119 3864 4175 αὐτῶν

2206 4207 2454 4284 ἐμϐολὴν
2483 4212 2591 4267 τῶν
2643 4212 2886 4268 Λατίνων
2933 4210 3033 4266 οὐκ
3083 4208 3411 4287 ἐνεγκόντες,
3443 4209 3494 4263 οἱ
3545 4209 3641 4282 μὶν
3679 4208 3734 4270 ἐς
3768 4230 3869 4286 φυ-

2204 4300 2304 4374 γὴν
2365 4299 2587 4371 ὁρῶσιν,
2644 4302 2671 4356 6
2731 4298 2787 4356 δὲ
2846 4299 3044 4375 Πέτρος
3105 4297 3156 4362 ἐς
3213 4298 3277 4353 τὸ
3335 4293 3614 4353 Λοπάδιον
3660 4298 3865 4364 ἄπεισι,

2211 4386 2421 4462 μηδένα
2477 4387 2622 4465 ἔχων
2683 4391 2773 4446 τὸν
2834 4388 2911 4450 εἲς
2971 4394 3164 4468 χεῖρας
3223 4387 3397 4457 ἰόντα,
3429 4384 3560 4441 ἀλλ’
3592 4385 3864 4461 εὗρίσκων

2207 4480 2411 4541 πάντας
2444 4480 2580 4553 μετά
2627 4484 2927 4556 σταυρικῶν
2975 4478 3220 4552 σημείων
3267 4475 3358 4531 καὶ
3406 4479 3515 4530 τῶν
3564 4474 3725 4530 θείων
3769 4473 3867 4531 λο-

2207 4568 2341 4645 γίων
2410 4565 2784 4641 δεξιουμένους
2848 4568 3032 4636 αὐτὸν,
3101 4566 3157 4621 οἳ
3221 4565 3311 4621 καὶ
3379 4568 3562 4620 κακῶν
3634 4565 3866 4628 ἀπαθεῖς

2210 4653 2497 4730 διέμειναν.
2566 4660 2738 4713 Τοῦτο
2805 4653 2862 4711 δέ
2926 4656 3016 4711 καὶ
3102 4659 3219 4716 ταῖς
3294 4651 3517 4715 λοιπαῖς
3587 4647 3872 4707 συνέϐαινε

2210 4744 2453 4816 πόλεσιν,
2486 4747 2608 4801 ὅσαι
2641 4748 2716 4821 μή
2776 4750 2978 4821 χωρεῖν
3048 4741 3137 4798 διὰ
3196 4745 3383 4817 μάχης
3440 4747 3560 4805 τοῖς
3614 4743 3867 4803 Λατίνοις

2212 4835 2554 4910 ἐγνώκεισαν,
2596 4834 2641 4891 εί
2693 4836 2780 4891 καὶ
2832 4833 3073 4907 πονηρὸν
3148 4838 3347 4909 χρῆμα
3412 4830 3489 4895 εἷς
3571 4832 3863 4905 θεραπείαν

2212 4931 2460 4993 Λατῖνος,
2492 4926 2645 5003 φωνή
2680 4923 3006 5002 ἀσύμφωνος
3051 4920 3312 4992 Ἕλλησι,
3341 4919 3538 4996 γνώμη
3582 4918 3867 4999 φιλοχρῆ-

2217 5035 2406 5088 ματος,
2443 5012 2730 5091 ὀφθαλμὸς
2785 5010 3265 5089 ἀπαιδαγώγητος,
3304 5011 3515 5084 γαστὴρ
3546 5009 3865 5086 ἀκόρεστδς,

2216 5102 2440 5180 ὀργίλος
2472 5104 2558 5158 καὶ
2594 5099 2814 5178 δριμεῖα
2842 5102 3021 5176 ψυχὴ,
3070 5099 3162 5154 καὶ
3220 5098 3345 5177 χεὶρ
3380 5094 3595 5177 διφῶσα
3620 5098 3686 5153 τὸ
3718 5100 3868 5170 eteo;

2216 5189 2308 5248 διὰ
2366 5191 2584 5255 παντός.
2642 5197 2836 5267 Πεῖραν
2895 5187 2951 5245 δὲ
3015 5187 3105 5244 καὶ
3160 5191 3266 5243 τῶν
3326 5208 3377 5243 εν
3440 5190 3509 5261 τῇ
3566 5184 3731 5242 πόλει
3797 5191 3863 5260 τῇ

1797 5325 1990 5395 Hier.
2023 5321 2278 5393 Wolﬁi
2317 5325 2531 5392 notae.

519 5480 787 5557 (6i)_llapt
831 5487 977 5557 μῆνα
1007 5472 1351 5557 φυλλοχόοι.
1386 5469 1672 5557 Φιλοχόον
1720 5471 1888 5557 ambo
1938 5469 2099 5526 codi-

449 5560 546 5601 ces
579 5540 807 5607 habent.
831 5540 951 5609 ’Βόα
984 5540 1255 5608 νέῑυθιίιέ
1284 5540 1626 5617 ’Ὁκτώὸριον
1689 5543 1895 5617 ροῑιὶῑκ
1921 5557 2097 5617 quem

449 5623 687 5698 secutus
717 5638 873 5698 sum,
902 5624 1013 5698 etsi
1067 5638 1249 5693 supra
1297 5618 1457 5674 idem
1511 5611 1607 5670 τὸν
1629 5611 1960 5698 ﬂammeo;
1991 5615 2099 5686 (sic

450 5689 609 5747 enim
666 5692 1043 5748 scribendum
1100 5687 1236 5749 est:
1284 5705 1423 5747 nam
1508 5704 1543 5743 a
1626 5687 1941 5743 tondendis
1992 5700 2098 5743 seu

2209 5466 2599 5523 deﬂuentibus
2631 5465 2905 5522 arborum
2939 5462 3094 5519 foliis
3152 5477 3365 5518 nomen
3419 5460 3618 5531 habet)
3680 5461 3861 5531 Νοέμ-

2208 5532 2825 5614 ϐριον-ἱοίονρτθιαίιιτ.
2884 5536 3090 5614 Utrum
3149 5534 3377 5614 rectius.
3425 5531 3692 5614 sil,.uon
3740 5551 3864 5614 pro-

2208 5603 2413 5667 nuntio
2446 5627 2458 5667 :
2496 5603 2632 5667 nam
2688 5608 2787 5667 alii
2840 5608 3242 5675 maturiorem,
3275 5603 3380 5662 alii
3439 5603 3719 5664 seriorem
3744 5603 3866 5661 bie-

2209 5698 2367 5740 mem
2402 5681 2648 5743 habent.
