  <div class='ocr_page' id='page_1' title='image "/cluster/home/n/w/nwhite01/storage/ocr_20150623/139/hvd.32044023361710/500.png"; bbox 0 0 4072 6218; ppageno 0'>
   <div class='ocr_carea' id='block_1_1' title="bbox 209 388 322 452">
    <p class='ocr_par' dir='ltr' id='par_1_1' title="bbox 209 388 322 452">
     <span class='ocr_line' id='line_1_1' title="bbox 209 388 322 452; baseline 0.044 -5"><span class='ocrx_word' id='word_1_1' title='bbox 209 388 322 452; x_wconf 89' lang='lat'>989</span> 
     </span>
    </p>
   </div>
   <div class='ocr_carea' id='block_1_2' title="bbox 1643 390 2167 455">
    <p class='ocr_par' dir='ltr' id='par_1_2' title="bbox 1643 390 2167 455">
     <span class='ocr_line' id='line_1_2' title="bbox 1643 390 2167 455; baseline -0.013 0"><span class='ocrx_word' id='word_1_2' title='bbox 1643 392 1844 455; x_wconf 79' lang='lat' dir='ltr'>URBS</span> <span class='ocrx_word' id='word_1_3' title='bbox 1886 390 2167 450; x_wconf 70' lang='lat' dir='ltr'>tIAPTA.</span> 
     </span>
    </p>
   </div>
   <div class='ocr_carea' id='block_1_3' title="bbox 3498 391 3619 452">
    <p class='ocr_par' dir='ltr' id='par_1_3' title="bbox 3498 391 3619 452">
     <span class='ocr_line' id='line_1_3' title="bbox 3498 391 3619 452; baseline 0 0"><span class='ocrx_word' id='word_1_4' title='bbox 3498 391 3619 452; x_wconf 87' lang='lat'>990</span> 
     </span>
    </p>
   </div>
   <div class='ocr_carea' id='block_1_4' title="bbox 211 516 1862 596">
    <p class='ocr_par' dir='ltr' id='par_1_4' title="bbox 211 516 1857 596">
     <span class='ocr_line' id='line_1_4' title="bbox 211 516 1857 596; baseline 0.001 -23"><span class='ocrx_word' id='word_1_5' title='bbox 211 518 428 594; x_wconf 77' lang='grc' dir='ltr'>Προύσῃ</span> <span class='ocrx_word' id='word_1_6' title='bbox 489 516 679 575; x_wconf 77' lang='grc' dir='ltr'>λαϐεῖν</span> <span class='ocrx_word' id='word_1_7' title='bbox 736 521 789 575; x_wconf 80' lang='grc' dir='ltr'>οἱ</span> <span class='ocrx_word' id='word_1_8' title='bbox 849 522 933 593; x_wconf 87' lang='grc' dir='ltr'>[Ρ.</span> <span class='ocrx_word' id='word_1_9' title='bbox 986 524 1111 596; x_wconf 84' lang='lat'>389]</span> <span class='ocrx_word' id='word_1_10' title='bbox 1170 527 1390 578; x_wconf 87' lang='grc' dir='ltr'>Λατῖνοι</span> <span class='ocrx_word' id='word_1_11' title='bbox 1454 523 1703 584; x_wconf 79' lang='grc' dir='ltr'>θέλοντες</span> <span class='ocrx_word' id='word_1_12' title='bbox 1768 523 1857 577; x_wconf 82' lang='grc' dir='ltr'>καὶ</span> 
     </span>
    </p>
   </div>
   <div class='ocr_carea' id='block_1_5' title="bbox 1972 516 3624 596">
    <p class='ocr_par' dir='ltr' id='par_1_5' title="bbox 1976 519 3624 596">
     <span class='ocr_line' id='line_1_5' title="bbox 1976 519 3624 596; baseline 0.002 -20"><span class='ocrx_word' id='word_1_13' title='bbox 1976 520 2340 592; x_wconf 74' lang='lat' dir='ltr'>postulantes</span> <span class='ocrx_word' id='word_1_14' title='bbox 2387 522 2452 574; x_wconf 90' lang='lat' dir='ltr'>ut</span> <span class='ocrx_word' id='word_1_15' title='bbox 2509 519 2653 574; x_wconf 84' lang='lat' dir='ltr'>urbe</span> <span class='ocrx_word' id='word_1_16' title='bbox 2710 519 3082 589; x_wconf 89' lang='lat' dir='ltr'><strong>recipiantur.</strong></span> <span class='ocrx_word' id='word_1_17' title='bbox 3136 525 3220 577; x_wconf 90' lang='lat' dir='ltr'>lta</span> <span class='ocrx_word' id='word_1_18' title='bbox 3276 522 3433 578; x_wconf 87' lang='lat' dir='ltr'><strong>enim</strong></span> <span class='ocrx_word' id='word_1_19' title='bbox 3496 540 3624 596; x_wconf 72' lang='lat' dir='ltr'><strong>quis</strong></span> 
     </span>
    </p>
   </div>
   <div class='ocr_carea' id='block_1_6' title="bbox 208 608 1865 690">
    <p class='ocr_par' dir='ltr' id='par_1_6' title="bbox 208 608 1865 690">
     <span class='ocr_line' id='line_1_6' title="bbox 208 608 1865 690; baseline 0.002 -27"><span class='ocrx_word' id='word_1_20' title='bbox 208 614 410 682; x_wconf 79' lang='grc' dir='ltr'>γνῶναι</span> <span class='ocrx_word' id='word_1_21' title='bbox 468 610 605 684; x_wconf 86' lang='grc' dir='ltr'>πρὸς</span> <span class='ocrx_word' id='word_1_22' title='bbox 665 610 750 671; x_wconf 80' lang='grc' dir='ltr'>οἷς</span> <span class='ocrx_word' id='word_1_23' title='bbox 793 608 950 679; x_wconf 83' lang='grc' dir='ltr'>εἰσιν,</span> <span class='ocrx_word' id='word_1_24' title='bbox 1007 609 1124 665; x_wconf 77' lang='grc' dir='ltr'>ἐπεὶ</span> <span class='ocrx_word' id='word_1_25' title='bbox 1185 608 1326 685; x_wconf 62' lang='grc' dir='ltr'>μηδὲ</span> <span class='ocrx_word' id='word_1_26' title='bbox 1383 613 1681 687; x_wconf 86' lang='grc' dir='ltr'>προσεῖχόν</span> <span class='ocrx_word' id='word_1_27' title='bbox 1715 633 1865 690; x_wconf 74' lang='grc' dir='ltr'>σφισι</span> 
     </span>
    </p>
   </div>
   <div class='ocr_carea' id='block_1_7' title="bbox 211 696 1859 777">
    <p class='ocr_par' dir='ltr' id='par_1_7' title="bbox 211 696 1859 777">
     <span class='ocr_line' id='line_1_7' title="bbox 211 696 1859 777; baseline 0.002 -25"><span class='ocrx_word' id='word_1_28' title='bbox 211 704 510 774; x_wconf 85' lang='grc' dir='ltr'>ΙΙρουσαῖοι</span> <span class='ocrx_word' id='word_1_29' title='bbox 567 702 705 770; x_wconf 77' lang='grc'>(65),</span> <span class='ocrx_word' id='word_1_30' title='bbox 766 696 912 753; x_wconf 65' lang='grc' dir='ltr'>ἀλλὰ</span> <span class='ocrx_word' id='word_1_31' title='bbox 973 705 1093 755; x_wconf 84' lang='grc' dir='ltr'>σῖτα</span> <span class='ocrx_word' id='word_1_32' title='bbox 1148 704 1607 775; x_wconf 74' lang='grc' dir='ltr'>παρεσκευακότες</span> <span class='ocrx_word' id='word_1_33' title='bbox 1667 699 1859 777; x_wconf 79' lang='grc' dir='ltr'>διαρκῆ</span> 
     </span>
    </p>
   </div>
   <div class='ocr_carea' id='block_1_8' title="bbox 208 788 1864 866">
    <p class='ocr_par' dir='ltr' id='par_1_8' title="bbox 208 788 1864 866">
     <span class='ocr_line' id='line_1_8' title="bbox 208 788 1864 866; baseline 0.002 -24"><span class='ocrx_word' id='word_1_34' title='bbox 208 788 346 859; x_wconf 80' lang='grc' dir='ltr'>πρὸς</span> <span class='ocrx_word' id='word_1_35' title='bbox 402 788 734 862; x_wconf 78' lang='grc' dir='ltr'>πολιορκίαν</span> <span class='ocrx_word' id='word_1_36' title='bbox 796 789 1026 866; x_wconf 82' lang='grc' dir='ltr'>χρονίαν</span> <span class='ocrx_word' id='word_1_37' title='bbox 1081 791 1172 844; x_wconf 77' lang='grc' dir='ltr'>καὶ</span> <span class='ocrx_word' id='word_1_38' title='bbox 1228 794 1296 865; x_wconf 80' lang='grc' dir='ltr'>τῇ</span> <span class='ocrx_word' id='word_1_39' title='bbox 1356 792 1493 847; x_wconf 87' lang='grc' dir='ltr'>θέσει</span> <span class='ocrx_word' id='word_1_40' title='bbox 1549 796 1647 847; x_wconf 78' lang='grc' dir='ltr'>τοῦ</span> <span class='ocrx_word' id='word_1_41' title='bbox 1694 792 1864 845; x_wconf 82' lang='grc' dir='ltr'>τόπου</span> 
     </span>
    </p>
   </div>
   <div class='ocr_carea' id='block_1_9' title="bbox 205 876 1865 954">
    <p class='ocr_par' dir='ltr' id='par_1_9' title="bbox 205 876 1865 954">
     <span class='ocr_line' id='line_1_9' title="bbox 205 876 1865 954; baseline 0.001 -23"><span class='ocrx_word' id='word_1_42' title='bbox 205 877 551 941; x_wconf 72' lang='grc' dir='ltr'>πιστεύοντες</span> <span class='ocrx_word' id='word_1_43' title='bbox 610 879 687 950; x_wconf 83' lang='grc' dir='ltr'>μὴ</span> <span class='ocrx_word' id='word_1_44' title='bbox 749 876 811 931; x_wconf 80' lang='grc' dir='ltr'>ἄν</span> <span class='ocrx_word' id='word_1_45' title='bbox 873 899 1007 933; x_wconf 89' lang='grc' dir='ltr'>ποτε</span> <span class='ocrx_word' id='word_1_46' title='bbox 1074 878 1166 954; x_wconf 77' lang='grc' dir='ltr'>βία</span> <span class='ocrx_word' id='word_1_47' title='bbox 1231 879 1460 946; x_wconf 79' lang='grc' dir='ltr'>ἁλῶναι,</span> <span class='ocrx_word' id='word_1_48' title='bbox 1509 880 1591 936; x_wconf 77' lang='grc' dir='ltr'>ὅτι</span> <span class='ocrx_word' id='word_1_49' title='bbox 1639 881 1727 935; x_wconf 79' lang='grc' dir='ltr'>καὶ</span> <span class='ocrx_word' id='word_1_50' title='bbox 1775 878 1865 935; x_wconf 82' lang='grc' dir='ltr'>ἐπὶ</span> 
     </span>
    </p>
   </div>
   <div class='ocr_carea' id='block_1_10' title="bbox 206 966 1868 1045">
    <p class='ocr_par' dir='ltr' id='par_1_10' title="bbox 206 966 1868 1045">
     <span class='ocr_line' id='line_1_10' title="bbox 206 966 1868 1045; baseline 0.001 -24"><span class='ocrx_word' id='word_1_51' title='bbox 206 966 461 1044; x_wconf 62' lang='grc' dir='ltr'>γηλόφου</span> <span class='ocrx_word' id='word_1_52' title='bbox 520 966 749 1038; x_wconf 74' lang='grc' dir='ltr'>ᾤκισται</span> <span class='ocrx_word' id='word_1_53' title='bbox 792 971 1011 1041; x_wconf 82' lang='grc' dir='ltr'>[Ιροῦσα</span> <span class='ocrx_word' id='word_1_54' title='bbox 1065 969 1157 1022; x_wconf 83' lang='grc' dir='ltr'>καὶ</span> <span class='ocrx_word' id='word_1_55' title='bbox 1204 975 1392 1045; x_wconf 82' lang='grc' dir='ltr'>τεῖχος</span> <span class='ocrx_word' id='word_1_56' title='bbox 1444 970 1648 1045; x_wconf 85' lang='grc' dir='ltr'>ὀχυρὸν</span> <span class='ocrx_word' id='word_1_57' title='bbox 1711 988 1868 1042; x_wconf 86' lang='grc' dir='ltr'>περι-</span> 
     </span>
    </p>
   </div>
   <div class='ocr_carea' id='block_1_11' title="bbox 207 1053 1864 1135">
    <p class='ocr_par' dir='ltr' id='par_1_11' title="bbox 207 1053 1864 1135">
     <span class='ocr_line' id='line_1_11' title="bbox 207 1053 1864 1135; baseline 0.001 -24"><span class='ocrx_word' id='word_1_58' title='bbox 207 1053 498 1127; x_wconf 70' lang='grc' dir='ltr'>ϐέϐληται,</span> <span class='ocrx_word' id='word_1_59' title='bbox 549 1056 771 1132; x_wconf 76' lang='grc' dir='ltr'>ἄραντες</span> <span class='ocrx_word' id='word_1_60' title='bbox 822 1056 882 1112; x_wconf 90' lang='grc' dir='ltr'>ἐκ</span> <span class='ocrx_word' id='word_1_61' title='bbox 926 1056 1203 1114; x_wconf 80' lang='grc' dir='ltr'>Λοπαδίου</span> <span class='ocrx_word' id='word_1_62' title='bbox 1234 1063 1302 1133; x_wconf 77' lang='grc' dir='ltr'>τῇ</span> <span class='ocrx_word' id='word_1_63' title='bbox 1340 1060 1555 1134; x_wconf 76' lang='grc' dir='ltr'>Προύσῃ</span> <span class='ocrx_word' id='word_1_64' title='bbox 1586 1060 1864 1135; x_wconf 81' lang='grc' dir='ltr'>προσίασι,</span> 
     </span>
    </p>
   </div>
   <div class='ocr_carea' id='block_1_12' title="bbox 207 1143 1867 1226">
    <p class='ocr_par' dir='ltr' id='par_1_12' title="bbox 207 1143 1867 1226">
     <span class='ocr_line' id='line_1_12' title="bbox 207 1143 1867 1226; baseline 0.001 -26"><span class='ocrx_word' id='word_1_65' title='bbox 207 1147 298 1200; x_wconf 83' lang='grc' dir='ltr'>καὶ</span> <span class='ocrx_word' id='word_1_66' title='bbox 335 1148 394 1202; x_wconf 79' lang='grc' dir='ltr'>τὸ</span> <span class='ocrx_word' id='word_1_67' title='bbox 430 1143 808 1221; x_wconf 59' lang='grc' dir='ltr'>μεημϐρινὸν</span> <span class='ocrx_word' id='word_1_68' title='bbox 853 1152 1045 1221; x_wconf 88' lang='grc' dir='ltr'>τεῖχος</span> <span class='ocrx_word' id='word_1_69' title='bbox 1092 1145 1460 1226; x_wconf 71' lang='grc' dir='ltr'>διειληφότες,</span> <span class='ocrx_word' id='word_1_70' title='bbox 1508 1149 1642 1212; x_wconf 84' lang='grc' dir='ltr'>καθὸ</span> <span class='ocrx_word' id='word_1_71' title='bbox 1673 1148 1737 1204; x_wconf 88' lang='grc' dir='ltr'>τὸ</span> <span class='ocrx_word' id='word_1_72' title='bbox 1775 1147 1867 1221; x_wconf 75' lang='grc' dir='ltr'>μὲν</span> 
     </span>
    </p>
   </div>
   <div class='ocr_carea' id='block_1_13' title="bbox 210 1233 1866 1316">
    <p class='ocr_par' dir='ltr' id='par_1_13' title="bbox 210 1233 1866 1316">
     <span class='ocr_line' id='line_1_13' title="bbox 210 1233 1866 1316; baseline 0.001 -27"><span class='ocrx_word' id='word_1_73' title='bbox 210 1233 338 1310; x_wconf 84' lang='grc' dir='ltr'>ὂρος</span> <span class='ocrx_word' id='word_1_74' title='bbox 367 1237 394 1290; x_wconf 88' lang='grc' dir='ltr'><strong>ὁ</strong></span> <span class='ocrx_word' id='word_1_75' title='bbox 423 1234 717 1309; x_wconf 81' lang='grc' dir='ltr'>Ὄλυμπος</span> <span class='ocrx_word' id='word_1_76' title='bbox 770 1235 1052 1311; x_wconf 85' lang='grc' dir='ltr'>ἀναχωρεῖ</span> <span class='ocrx_word' id='word_1_77' title='bbox 1097 1258 1149 1292; x_wconf 92' lang='grc' dir='ltr'>τι</span> <span class='ocrx_word' id='word_1_78' title='bbox 1203 1237 1386 1316; x_wconf 77' lang='grc' dir='ltr'>βραχὺ</span> <span class='ocrx_word' id='word_1_79' title='bbox 1435 1244 1537 1307; x_wconf 83' lang='grc' dir='ltr'>τῆς</span> <span class='ocrx_word' id='word_1_80' title='bbox 1565 1236 1802 1305; x_wconf 88' lang='grc' dir='ltr'>πόλεως,</span> <span class='ocrx_word' id='word_1_81' title='bbox 1838 1237 1866 1291; x_wconf 89' lang='grc' dir='ltr'>ὁ</span> 
     </span>
    </p>
   </div>
   <div class='ocr_carea' id='block_1_14' title="bbox 212 1321 1863 1402">
    <p class='ocr_par' dir='ltr' id='par_1_14' title="bbox 212 1321 1863 1402">
     <span class='ocr_line' id='line_1_14' title="bbox 212 1321 1863 1402; baseline 0.001 -24"><span class='ocrx_word' id='word_1_82' title='bbox 212 1321 270 1378; x_wconf 78' lang='grc' dir='ltr'>δὲ</span> <span class='ocrx_word' id='word_1_83' title='bbox 320 1322 605 1398; x_wconf 80' lang='grc' dir='ltr'>πετρώδης</span> <span class='ocrx_word' id='word_1_84' title='bbox 656 1324 826 1402; x_wconf 80' lang='grc' dir='ltr'>λόφος</span> <span class='ocrx_word' id='word_1_85' title='bbox 875 1327 903 1380; x_wconf 85' lang='grc' dir='ltr'><strong>ὁ</strong></span> <span class='ocrx_word' id='word_1_86' title='bbox 945 1328 1044 1394; x_wconf 78' lang='grc' dir='ltr'>τὴν</span> <span class='ocrx_word' id='word_1_87' title='bbox 1090 1326 1253 1381; x_wconf 75' lang='grc' dir='ltr'>πόλιν</span> <span class='ocrx_word' id='word_1_88' title='bbox 1303 1321 1692 1400; x_wconf 76' lang='grc' dir='ltr'>διαλαμϐάνων</span> <span class='ocrx_word' id='word_1_89' title='bbox 1737 1336 1863 1398; x_wconf 80' lang='grc' dir='ltr'>μεθ-</span> 
     </span>
    </p>
   </div>
   <div class='ocr_carea' id='block_1_15' title="bbox 213 1411 1865 1488">
    <p class='ocr_par' dir='ltr' id='par_1_15' title="bbox 213 1411 1865 1488">
     <span class='ocr_line' id='line_1_15' title="bbox 213 1411 1865 1488; baseline 0.001 -21"><span class='ocrx_word' id='word_1_90' title='bbox 213 1411 359 1481; x_wconf 76' lang='grc' dir='ltr'>ίησιν</span> <span class='ocrx_word' id='word_1_91' title='bbox 389 1413 555 1468; x_wconf 83' lang='grc' dir='ltr'>ἐκεῖσε</span> <span class='ocrx_word' id='word_1_92' title='bbox 584 1415 684 1482; x_wconf 79' lang='grc' dir='ltr'>τήν</span> <span class='ocrx_word' id='word_1_93' title='bbox 735 1411 873 1483; x_wconf 80' lang='grc' dir='ltr'>ὃλην</span> <span class='ocrx_word' id='word_1_94' title='bbox 928 1419 1025 1469; x_wconf 72' lang='grc' dir='ltr'>τοῦ</span> <span class='ocrx_word' id='word_1_95' title='bbox 1074 1416 1266 1488; x_wconf 86' lang='grc' dir='ltr'>χώρου</span> <span class='ocrx_word' id='word_1_96' title='bbox 1298 1413 1576 1486; x_wconf 82' lang='grc' dir='ltr'>διάζωσιν,</span> <span class='ocrx_word' id='word_1_97' title='bbox 1608 1414 1865 1469; x_wconf 85' lang='grc' dir='ltr'>ἐνέκειντο</span> 
     </span>
    </p>
   </div>
   <div class='ocr_carea' id='block_1_16' title="bbox 208 1499 1863 1583">
    <p class='ocr_par' dir='ltr' id='par_1_16' title="bbox 208 1499 1863 1583">
     <span class='ocr_line' id='line_1_16' title="bbox 208 1499 1863 1583; baseline 0.001 -27"><span class='ocrx_word' id='word_1_98' title='bbox 208 1501 339 1563; x_wconf 78' lang='grc' dir='ltr'>τοὺς</span> <span class='ocrx_word' id='word_1_99' title='bbox 392 1499 537 1557; x_wconf 75' lang='grc' dir='ltr'>ἓνδον</span> <span class='ocrx_word' id='word_1_100' title='bbox 596 1502 916 1574; x_wconf 85' lang='grc' dir='ltr'>αἰτούμενοι</span> <span class='ocrx_word' id='word_1_101' title='bbox 960 1507 1028 1577; x_wconf 79' lang='grc' dir='ltr'>τῇ</span> <span class='ocrx_word' id='word_1_102' title='bbox 1085 1503 1247 1560; x_wconf 88' lang='grc' dir='ltr'>πόλει</span> <span class='ocrx_word' id='word_1_103' title='bbox 1323 1509 1457 1583; x_wconf 79' lang='grc' dir='ltr'>σφᾶς</span> <span class='ocrx_word' id='word_1_104' title='bbox 1512 1503 1863 1577; x_wconf 70' lang='grc' dir='ltr'>εἰσδέξασθαι,</span> 
     </span>
    </p>
   </div>
   <div class='ocr_carea' id='block_1_17' title="bbox 209 1590 1864 1667">
    <p class='ocr_par' dir='ltr' id='par_1_17' title="bbox 209 1590 1864 1667">
     <span class='ocr_line' id='line_1_17' title="bbox 209 1590 1864 1667; baseline 0.002 -23"><span class='ocrx_word' id='word_1_105' title='bbox 209 1590 286 1651; x_wconf 79' lang='grc' dir='ltr'>ὡς</span> <span class='ocrx_word' id='word_1_106' title='bbox 353 1592 497 1645; x_wconf 82' lang='grc' dir='ltr'>οὓτω</span> <span class='ocrx_word' id='word_1_107' title='bbox 552 1595 660 1645; x_wconf 83' lang='grc' dir='ltr'>τῶν</span> <span class='ocrx_word' id='word_1_108' title='bbox 739 1592 876 1666; x_wconf 89' lang='grc' dir='ltr'>πρὸς</span> <span class='ocrx_word' id='word_1_109' title='bbox 943 1591 1153 1667; x_wconf 76' lang='grc' dir='ltr'>βουλῆς</span> <span class='ocrx_word' id='word_1_110' title='bbox 1220 1592 1653 1667; x_wconf 78' lang='grc' dir='ltr'>ἐπιτευξόμενοι,</span> <span class='ocrx_word' id='word_1_111' title='bbox 1733 1593 1864 1667; x_wconf 76' lang='grc' dir='ltr'>ὅπερ</span> 
     </span>
    </p>
   </div>
   <div class='ocr_carea' id='block_1_18' title="bbox 207 1680 1865 1758">
    <p class='ocr_par' dir='ltr' id='par_1_18' title="bbox 207 1680 1865 1758">
     <span class='ocr_line' id='line_1_18' title="bbox 207 1680 1865 1758; baseline 0.002 -26"><span class='ocrx_word' id='word_1_112' title='bbox 207 1680 412 1753; x_wconf 69' lang='grc' dir='ltr'>ἀνάγκη</span> <span class='ocrx_word' id='word_1_113' title='bbox 480 1681 558 1751; x_wconf 79' lang='grc' dir='ltr'>μὴ</span> <span class='ocrx_word' id='word_1_114' title='bbox 613 1680 786 1753; x_wconf 79' lang='grc' dir='ltr'>εύρεῖν</span> <span class='ocrx_word' id='word_1_115' title='bbox 838 1680 1083 1758; x_wconf 66' lang='grc' dir='ltr'>ὕστερον,</span> <span class='ocrx_word' id='word_1_116' title='bbox 1114 1682 1275 1751; x_wconf 78' lang='grc' dir='ltr'>ἡνίκα</span> <span class='ocrx_word' id='word_1_117' title='bbox 1321 1684 1420 1751; x_wconf 77' lang='grc' dir='ltr'>τήν</span> <span class='ocrx_word' id='word_1_118' title='bbox 1470 1682 1563 1754; x_wconf 74' lang='grc' dir='ltr'>μὲν</span> <span class='ocrx_word' id='word_1_119' title='bbox 1595 1680 1759 1737; x_wconf 85' lang='grc' dir='ltr'>πόλιν</span> <span class='ocrx_word' id='word_1_120' title='bbox 1791 1683 1865 1745; x_wconf 83' lang='grc' dir='ltr'>ὡς</span> 
     </span>
    </p>
   </div>
   <div class='ocr_carea' id='block_1_19' title="bbox 208 1767 1867 1845">
    <p class='ocr_par' dir='ltr' id='par_1_19' title="bbox 208 1767 1867 1845">
     <span class='ocr_line' id='line_1_19' title="bbox 208 1767 1867 1845; baseline 0.001 -23"><span class='ocrx_word' id='word_1_121' title='bbox 208 1767 283 1828; x_wconf 80' lang='grc' dir='ltr'>εἷς</span> <span class='ocrx_word' id='word_1_122' title='bbox 345 1767 606 1842; x_wconf 83' lang='grc' dir='ltr'>χείρωσιν</span> <span class='ocrx_word' id='word_1_123' title='bbox 666 1768 825 1825; x_wconf 73' lang='grc' dir='ltr'>αότοῖ</span> <span class='ocrx_word' id='word_1_124' title='bbox 879 1768 1247 1845; x_wconf 78' lang='grc' dir='ltr'>περιέλθοιεν,</span> <span class='ocrx_word' id='word_1_125' title='bbox 1305 1770 1370 1824; x_wconf 83' lang='grc' dir='ltr'>τὰ</span> <span class='ocrx_word' id='word_1_126' title='bbox 1428 1768 1487 1825; x_wconf 73' lang='grc' dir='ltr'>δὲ</span> <span class='ocrx_word' id='word_1_127' title='bbox 1535 1770 1697 1845; x_wconf 81' lang='grc' dir='ltr'>τείχη</span> <span class='ocrx_word' id='word_1_128' title='bbox 1747 1775 1867 1834; x_wconf 87' lang='grc' dir='ltr'>ταῖς</span> 
     </span>
    </p>
   </div>
   <div class='ocr_carea' id='block_1_20' title="bbox 208 1855 1941 1962">
    <p class='ocr_par' dir='ltr' id='par_1_20' title="bbox 208 1855 1941 1962">
     <span class='ocr_line' id='line_1_20' title="bbox 208 1855 1941 1962; baseline 0.002 -52"><span class='ocrx_word' id='word_1_129' title='bbox 208 1855 494 1911; x_wconf 84' lang='grc' dir='ltr'>ἐλεπόλεσι</span> <span class='ocrx_word' id='word_1_130' title='bbox 570 1856 880 1913; x_wconf 86' lang='grc' dir='ltr'>τύπτοιντο.</span> <span class='ocrx_word' id='word_1_131' title='bbox 959 1856 1139 1930; x_wconf 75' lang='grc' dir='ltr'>Μηδὲν</span> <span class='ocrx_word' id='word_1_132' title='bbox 1197 1856 1254 1913; x_wconf 75' lang='grc' dir='ltr'>δὲ</span> <span class='ocrx_word' id='word_1_133' title='bbox 1311 1858 1654 1939; x_wconf 71' lang='grc' dir='ltr'>φρονούντων</span> <span class='ocrx_word' id='word_1_134' title='bbox 1729 1860 1864 1933; x_wconf 79' lang='grc' dir='ltr'>πρὸς</span> <span class='ocrx_word' id='word_1_135' title='bbox 1897 1896 1941 1962; x_wconf 77' lang='grc' dir='ltr'><strong>Β</strong></span> 
     </span>
     <span class='ocr_line' id='line_1_21' title="bbox 278 1943 1797 1962; baseline 0.001 -2"><span class='ocrx_word' id='word_1_136' title='bbox 278 1951 303 1960; x_wconf 83' lang='lat'>-</span> <span class='ocrx_word' id='word_1_137' title='bbox 423 1944 438 1962; x_wconf 73' lang='lat'><em>.</em></span> <span class='ocrx_word' id='word_1_138' title='bbox 480 1943 536 1962; x_wconf 57' lang='grc' dir='ltr'>α,</span> <span class='ocrx_word' id='word_1_139' title='bbox 792 1952 819 1962; x_wconf 76' lang='lat'>-</span> <span class='ocrx_word' id='word_1_140' title='bbox 908 1947 923 1962; x_wconf 67' lang='grc' dir='ltr'><strong>ς</strong></span> <span class='ocrx_word' id='word_1_141' title='bbox 1000 1949 1012 1962; x_wconf 78' lang='lat'>.</span> <span class='ocrx_word' id='word_1_142' title='bbox 1132 1947 1147 1962; x_wconf 81' lang='grc'>.</span> <span class='ocrx_word' id='word_1_143' title='bbox 1193 1946 1204 1962; x_wconf 86' lang='grc'><strong><em>,</em></strong></span> <span class='ocrx_word' id='word_1_144' title='bbox 1339 1946 1381 1962; x_wconf 67' lang='grc' dir='ltr'>ρ..</span> <span class='ocrx_word' id='word_1_145' title='bbox 1508 1949 1522 1962; x_wconf 93' lang='grc'>.</span> <span class='ocrx_word' id='word_1_146' title='bbox 1569 1960 1581 1962; x_wconf 94' lang='lat'><em>_</em></span> <span class='ocrx_word' id='word_1_147' title='bbox 1640 1947 1691 1962; x_wconf 86' lang='lat'>..</span> <span class='ocrx_word' id='word_1_148' title='bbox 1788 1947 1797 1962; x_wconf 88' lang='lat'><em>.</em></span> 
     </span>
    </p>
   </div>
   <div class='ocr_carea' id='block_1_21' title="bbox 206 1943 1861 2024">
    <p class='ocr_par' dir='ltr' id='par_1_21' title="bbox 206 1943 1861 2024">
     <span class='ocr_line' id='line_1_22' title="bbox 206 1943 1861 2024; baseline 0.001 -25"><span class='ocrx_word' id='word_1_149' title='bbox 206 1951 373 2000; x_wconf 70' lang='grc' dir='ltr'>ταῦτα</span> <span class='ocrx_word' id='word_1_150' title='bbox 419 1943 705 2019; x_wconf 83' lang='grc' dir='ltr'>ἐνδόσιμον</span> <span class='ocrx_word' id='word_1_151' title='bbox 752 1952 860 2002; x_wconf 83' lang='grc' dir='ltr'>τῶν</span> <span class='ocrx_word' id='word_1_152' title='bbox 905 1947 1076 2016; x_wconf 81' lang='grc' dir='ltr'>ἐντὸς,</span> <span class='ocrx_word' id='word_1_153' title='bbox 1130 1946 1285 2002; x_wconf 90' lang='grc' dir='ltr'>ἐνίων</span> <span class='ocrx_word' id='word_1_154' title='bbox 1335 1946 1393 2002; x_wconf 72' lang='grc' dir='ltr'>δὲ</span> <span class='ocrx_word' id='word_1_155' title='bbox 1438 1949 1524 2003; x_wconf 79' lang='grc' dir='ltr'>καὶ</span> <span class='ocrx_word' id='word_1_156' title='bbox 1561 1947 1861 2024; x_wconf 75' lang='grc' dir='ltr'>οαῤῥησάν-</span> 
     </span>
    </p>
   </div>
   <div class='ocr_carea' id='block_1_22' title="bbox 204 2033 1866 2112">
    <p class='ocr_par' dir='ltr' id='par_1_22' title="bbox 204 2033 1866 2112">
     <span class='ocr_line' id='line_1_23' title="bbox 204 2033 1866 2112; baseline 0.001 -24"><span class='ocrx_word' id='word_1_157' title='bbox 204 2056 318 2089; x_wconf 89' lang='grc' dir='ltr'>των</span> <span class='ocrx_word' id='word_1_158' title='bbox 368 2037 465 2103; x_wconf 79' lang='grc' dir='ltr'>τήν</span> <span class='ocrx_word' id='word_1_159' title='bbox 516 2033 703 2108; x_wconf 82' lang='grc' dir='ltr'>ἔξοδον</span> <span class='ocrx_word' id='word_1_160' title='bbox 750 2037 839 2091; x_wconf 82' lang='grc' dir='ltr'>καὶ</span> <span class='ocrx_word' id='word_1_161' title='bbox 885 2035 1137 2099; x_wconf 80' lang='grc' dir='ltr'>πολλοὺς</span> <span class='ocrx_word' id='word_1_162' title='bbox 1185 2041 1295 2091; x_wconf 83' lang='grc' dir='ltr'>τῶν</span> <span class='ocrx_word' id='word_1_163' title='bbox 1346 2037 1632 2110; x_wconf 76' lang='grc' dir='ltr'>ἐπισήμων</span> <span class='ocrx_word' id='word_1_164' title='bbox 1669 2035 1866 2112; x_wconf 83' lang='grc' dir='ltr'>βαλόν-</span> 
     </span>
    </p>
   </div>
   <div class='ocr_carea' id='block_1_23' title="bbox 200 2120 1861 2201">
    <p class='ocr_par' dir='ltr' id='par_1_23' title="bbox 200 2120 1861 2201">
     <span class='ocr_line' id='line_1_24' title="bbox 200 2120 1861 2201; baseline 0 -22"><span class='ocrx_word' id='word_1_165' title='bbox 200 2145 316 2179; x_wconf 88' lang='grc' dir='ltr'>των</span> <span class='ocrx_word' id='word_1_166' title='bbox 371 2124 550 2198; x_wconf 82' lang='grc' dir='ltr'>βὲλεσι</span> <span class='ocrx_word' id='word_1_167' title='bbox 603 2126 691 2180; x_wconf 85' lang='grc' dir='ltr'>καὶ</span> <span class='ocrx_word' id='word_1_168' title='bbox 738 2120 1184 2197; x_wconf 73' lang='grc' dir='ltr'>καταϐαλόντων,</span> <span class='ocrx_word' id='word_1_169' title='bbox 1218 2125 1428 2196; x_wconf 74' lang='grc' dir='ltr'>αὐτίκα,</span> <span class='ocrx_word' id='word_1_170' title='bbox 1461 2127 1536 2188; x_wconf 84' lang='grc' dir='ltr'>ὡς</span> <span class='ocrx_word' id='word_1_171' title='bbox 1577 2123 1685 2201; x_wconf 72' lang='grc' dir='ltr'>οὔχ</span> <span class='ocrx_word' id='word_1_172' title='bbox 1713 2126 1861 2199; x_wconf 73' lang='grc' dir='ltr'>αἱρε-</span> 
     </span>
    </p>
   </div>
   <div class='ocr_carea' id='block_1_24' title="bbox 202 2211 1862 2292">
    <p class='ocr_par' dir='ltr' id='par_1_24' title="bbox 202 2211 1862 2292">
     <span class='ocr_line' id='line_1_25' title="bbox 202 2211 1862 2292; baseline 0.001 -25"><span class='ocrx_word' id='word_1_173' title='bbox 202 2214 325 2268; x_wconf 79' lang='grc' dir='ltr'>τέον</span> <span class='ocrx_word' id='word_1_174' title='bbox 374 2212 549 2269; x_wconf 81' lang='grc' dir='ltr'>ἐδόκει</span> <span class='ocrx_word' id='word_1_175' title='bbox 608 2216 671 2271; x_wconf 80' lang='grc' dir='ltr'>τὸ</span> <span class='ocrx_word' id='word_1_176' title='bbox 722 2221 932 2290; x_wconf 82' lang='grc' dir='ltr'>τεῖχος,</span> <span class='ocrx_word' id='word_1_177' title='bbox 989 2216 1078 2270; x_wconf 88' lang='grc' dir='ltr'>καὶ</span> <span class='ocrx_word' id='word_1_178' title='bbox 1137 2214 1374 2289; x_wconf 84' lang='grc' dir='ltr'>μάλιστα</span> <span class='ocrx_word' id='word_1_179' title='bbox 1402 2220 1519 2277; x_wconf 88' lang='grc' dir='ltr'>τοῖς</span> <span class='ocrx_word' id='word_1_180' title='bbox 1569 2214 1620 2285; x_wconf 79' lang='grc' dir='ltr'>ἐξ</span> <span class='ocrx_word' id='word_1_181' title='bbox 1667 2211 1862 2292; x_wconf 67' lang='grc' dir='ltr'>ἐφόδου</span> 
     </span>
    </p>
   </div>
   <div class='ocr_carea' id='block_1_25' title="bbox 201 2298 1862 2378">
    <p class='ocr_par' dir='ltr' id='par_1_25' title="bbox 201 2298 1862 2378">
     <span class='ocr_line' id='line_1_26' title="bbox 201 2298 1862 2378; baseline 0.001 -21"><span class='ocrx_word' id='word_1_182' title='bbox 201 2298 676 2378; x_wconf 75' lang='grc' dir='ltr'>προσϐάλλουσιν,</span> <span class='ocrx_word' id='word_1_183' title='bbox 719 2303 918 2359; x_wconf 84' lang='grc' dir='ltr'>ἐκεῖθεν</span> <span class='ocrx_word' id='word_1_184' title='bbox 970 2305 1341 2377; x_wconf 79' lang='grc' dir='ltr'>μεθίστανται.</span> <span class='ocrx_word' id='word_1_185' title='bbox 1375 2305 1442 2363; x_wconf 90' lang='grc' dir='ltr'>Οἰ</span> <span class='ocrx_word' id='word_1_186' title='bbox 1474 2301 1532 2359; x_wconf 79' lang='grc' dir='ltr'>δὲ</span> <span class='ocrx_word' id='word_1_187' title='bbox 1565 2310 1862 2377; x_wconf 83' lang='grc' dir='ltr'>Προυσαῖοι</span> 
     </span>
    </p>
   </div>
   <div class='ocr_carea' id='block_1_26' title="bbox 201 2388 1865 2468">
    <p class='ocr_par' dir='ltr' id='par_1_26' title="bbox 201 2388 1865 2468">
     <span class='ocr_line' id='line_1_27' title="bbox 201 2388 1865 2468; baseline 0 -21"><span class='ocrx_word' id='word_1_188' title='bbox 201 2394 344 2466; x_wconf 83' lang='grc' dir='ltr'>πρὸς</span> <span class='ocrx_word' id='word_1_189' title='bbox 402 2394 501 2463; x_wconf 68' lang='grc' dir='ltr'>τὴν</span> <span class='ocrx_word' id='word_1_190' title='bbox 545 2398 652 2448; x_wconf 82' lang='grc' dir='ltr'>τῶν</span> <span class='ocrx_word' id='word_1_191' title='bbox 710 2394 951 2449; x_wconf 87' lang='grc' dir='ltr'>Λατίνων</span> <span class='ocrx_word' id='word_1_192' title='bbox 1012 2393 1240 2468; x_wconf 81' lang='grc' dir='ltr'>ἄπαρσιν</span> <span class='ocrx_word' id='word_1_193' title='bbox 1301 2388 1382 2449; x_wconf 74' lang='grc' dir='ltr'>ἔτι</span> <span class='ocrx_word' id='word_1_194' title='bbox 1444 2390 1660 2466; x_wconf 78' lang='grc' dir='ltr'>μᾶλλον</span> <span class='ocrx_word' id='word_1_195' title='bbox 1714 2392 1865 2462; x_wconf 77' lang='grc' dir='ltr'>πλη-</span> 
     </span>
    </p>
   </div>
   <div class='ocr_carea' id='block_1_27' title="bbox 204 2479 1862 2557">
    <p class='ocr_par' dir='ltr' id='par_1_27' title="bbox 204 2479 1862 2557">
     <span class='ocr_line' id='line_1_28' title="bbox 204 2479 1862 2557; baseline -0.001 -21"><span class='ocrx_word' id='word_1_196' title='bbox 204 2484 422 2545; x_wconf 63' lang='grc' dir='ltr'>σθέντες</span> <span class='ocrx_word' id='word_1_197' title='bbox 479 2484 832 2557; x_wconf 76' lang='grc' dir='ltr'>φρονήματος</span> <span class='ocrx_word' id='word_1_198' title='bbox 891 2482 1026 2537; x_wconf 83' lang='grc' dir='ltr'>κατὰ</span> <span class='ocrx_word' id='word_1_199' title='bbox 1078 2480 1305 2544; x_wconf 88' lang='grc' dir='ltr'>πλείους</span> <span class='ocrx_word' id='word_1_200' title='bbox 1364 2482 1660 2537; x_wconf 78' lang='grc' dir='ltr'>ἐπέκειντο.</span> <span class='ocrx_word' id='word_1_201' title='bbox 1704 2482 1784 2538; x_wconf 84' lang='grc' dir='ltr'>Τὰ</span> <span class='ocrx_word' id='word_1_202' title='bbox 1817 2479 1862 2535; x_wconf 87' lang='grc' dir='ltr'>δ’</span> 
     </span>
    </p>
   </div>
   <div class='ocr_carea' id='block_1_28' title="bbox 201 2565 1864 2646">
    <p class='ocr_par' dir='ltr' id='par_1_28' title="bbox 201 2565 1864 2646">
     <span class='ocr_line' id='line_1_29' title="bbox 201 2565 1864 2646; baseline -0.001 -20"><span class='ocrx_word' id='word_1_203' title='bbox 201 2571 343 2626; x_wconf 70' lang='grc' dir='ltr'>αύτά</span> <span class='ocrx_word' id='word_1_204' title='bbox 392 2566 563 2646; x_wconf 80' lang='grc' dir='ltr'>ἔδρων</span> <span class='ocrx_word' id='word_1_205' title='bbox 608 2572 696 2625; x_wconf 82' lang='grc' dir='ltr'>καὶ</span> <span class='ocrx_word' id='word_1_206' title='bbox 747 2570 802 2625; x_wconf 78' lang='grc' dir='ltr'>οἳ</span> <span class='ocrx_word' id='word_1_207' title='bbox 849 2576 956 2626; x_wconf 83' lang='grc' dir='ltr'>τῶν</span> <span class='ocrx_word' id='word_1_208' title='bbox 1009 2569 1332 2643; x_wconf 71' lang='grc' dir='ltr'>ὑπερδεξίων</span> <span class='ocrx_word' id='word_1_209' title='bbox 1370 2565 1655 2641; x_wconf 78' lang='grc' dir='ltr'>ἐλάϐοντο,</span> <span class='ocrx_word' id='word_1_210' title='bbox 1688 2567 1759 2625; x_wconf 83' lang='grc' dir='ltr'>δι’</span> <span class='ocrx_word' id='word_1_211' title='bbox 1789 2569 1864 2624; x_wconf 84' lang='grc' dir='ltr'>ὧν</span> 
     </span>
    </p>
   </div>
   <div class='ocr_carea' id='block_1_29' title="bbox 200 2658 1863 2735">
    <p class='ocr_par' dir='ltr' id='par_1_29' title="bbox 200 2658 1863 2735">
     <span class='ocr_line' id='line_1_30' title="bbox 200 2658 1863 2735; baseline -0.002 -18"><span class='ocrx_word' id='word_1_212' title='bbox 200 2662 267 2717; x_wconf 85' lang='grc' dir='ltr'>τὸ</span> <span class='ocrx_word' id='word_1_213' title='bbox 293 2659 564 2733; x_wconf 81' lang='grc' dir='ltr'>πολέμιον</span> <span class='ocrx_word' id='word_1_214' title='bbox 615 2659 744 2718; x_wconf 77' lang='grc' dir='ltr'>ἵετο.</span> <span class='ocrx_word' id='word_1_215' title='bbox 797 2659 875 2717; x_wconf 79' lang='grc' dir='ltr'>Ού</span> <span class='ocrx_word' id='word_1_216' title='bbox 932 2661 1158 2735; x_wconf 86' lang='grc' dir='ltr'>βραχεῖς</span> <span class='ocrx_word' id='word_1_217' title='bbox 1193 2658 1251 2715; x_wconf 72' lang='grc' dir='ltr'>δὲ</span> <span class='ocrx_word' id='word_1_218' title='bbox 1279 2661 1366 2715; x_wconf 82' lang='grc' dir='ltr'>καὶ</span> <span class='ocrx_word' id='word_1_219' title='bbox 1396 2660 1723 2722; x_wconf 85' lang='grc' dir='ltr'>ἀποστάντες</span> <span class='ocrx_word' id='word_1_220' title='bbox 1757 2667 1863 2714; x_wconf 85' lang='grc' dir='ltr'>Λα-</span> 
     </span>
    </p>
   </div>
   <div class='ocr_carea' id='block_1_30' title="bbox 198 2748 1859 2825">
    <p class='ocr_par' dir='ltr' id='par_1_30' title="bbox 198 2748 1859 2825">
     <span class='ocr_line' id='line_1_31' title="bbox 198 2748 1859 2825; baseline -0.001 -17"><span class='ocrx_word' id='word_1_221' title='bbox 198 2753 364 2808; x_wconf 81' lang='grc' dir='ltr'>τίνων</span> <span class='ocrx_word' id='word_1_222' title='bbox 391 2750 483 2806; x_wconf 72' lang='grc' dir='ltr'>ἴσα</span> <span class='ocrx_word' id='word_1_223' title='bbox 519 2757 636 2814; x_wconf 86' lang='grc' dir='ltr'>τοῖς</span> <span class='ocrx_word' id='word_1_224' title='bbox 673 2754 747 2824; x_wconf 80' lang='grc' dir='ltr'><strong>μή</strong></span> <span class='ocrx_word' id='word_1_225' title='bbox 783 2748 1094 2825; x_wconf 64' lang='grc' dir='ltr'>δεξαμένοις</span> <span class='ocrx_word' id='word_1_226' title='bbox 1151 2751 1413 2814; x_wconf 86' lang='grc' dir='ltr'>Λατίνους</span> <span class='ocrx_word' id='word_1_227' title='bbox 1451 2751 1588 2806; x_wconf 85' lang='grc' dir='ltr'>κατὰ</span> <span class='ocrx_word' id='word_1_228' title='bbox 1618 2752 1859 2806; x_wconf 79' lang='grc' dir='ltr'>Λατίνιον</span> 
     </span>
    </p>
   </div>
   <div class='ocr_carea' id='block_1_31' title="bbox 201 2838 1863 2909">
    <p class='ocr_par' dir='ltr' id='par_1_31' title="bbox 201 2838 1863 2909">
     <span class='ocr_line' id='line_1_32' title="bbox 201 2838 1863 2909; baseline 0 -13"><span class='ocrx_word' id='word_1_229' title='bbox 201 2840 547 2909; x_wconf 83' lang='grc' dir='ltr'>ὡπλίσαντο,</span> <span class='ocrx_word' id='word_1_230' title='bbox 603 2841 692 2895; x_wconf 83' lang='grc' dir='ltr'>γαὶ</span> <span class='ocrx_word' id='word_1_231' title='bbox 743 2838 993 2901; x_wconf 82' lang='grc' dir='ltr'>πολλοὺς</span> <span class='ocrx_word' id='word_1_232' title='bbox 1048 2842 1230 2896; x_wconf 80' lang='grc' dir='ltr'>αὐτῶν</span> <span class='ocrx_word' id='word_1_233' title='bbox 1302 2841 1639 2897; x_wconf 76' lang='grc' dir='ltr'>ἀπέκτειναν.</span> <span class='ocrx_word' id='word_1_234' title='bbox 1693 2844 1863 2896; x_wconf 81' lang='grc' dir='ltr'>Ἦσαν</span> 
     </span>
    </p>
   </div>
   <div class='ocr_carea' id='block_1_32' title="bbox 202 2930 1864 3007">
    <p class='ocr_par' dir='ltr' id='par_1_32' title="bbox 202 2930 1864 3007">
     <span class='ocr_line' id='line_1_33' title="bbox 202 2930 1864 3007; baseline -0.002 -20"><span class='ocrx_word' id='word_1_235' title='bbox 202 2930 265 2987; x_wconf 73' lang='grc' dir='ltr'>δὲ</span> <span class='ocrx_word' id='word_1_236' title='bbox 315 2932 404 2986; x_wconf 85' lang='grc' dir='ltr'>καὶ</span> <span class='ocrx_word' id='word_1_237' title='bbox 462 2930 605 2986; x_wconf 74' lang='grc' dir='ltr'>οὕτω</span> <span class='ocrx_word' id='word_1_238' title='bbox 660 2931 725 2985; x_wconf 81' lang='grc' dir='ltr'>τὰ</span> <span class='ocrx_word' id='word_1_239' title='bbox 783 2933 1031 2986; x_wconf 84' lang='grc' dir='ltr'>Λατίνων</span> <span class='ocrx_word' id='word_1_240' title='bbox 1088 2931 1241 2993; x_wconf 82' lang='grc' dir='ltr'>αὖθις</span> <span class='ocrx_word' id='word_1_241' title='bbox 1301 2930 1740 3007; x_wconf 73' lang='grc' dir='ltr'>ἐπικρατέστερα,</span> <span class='ocrx_word' id='word_1_242' title='bbox 1772 2931 1864 2987; x_wconf 84' lang='grc' dir='ltr'>καὶ</span> 
     </span>
    </p>
   </div>
   <div class='ocr_carea' id='block_1_33' title="bbox 202 3014 1862 3100">
    <p class='ocr_par' dir='ltr' id='par_1_33' title="bbox 202 3014 1862 3100">
     <span class='ocr_line' id='line_1_34' title="bbox 202 3014 1862 3100; baseline -0.001 -24"><span class='ocrx_word' id='word_1_243' title='bbox 202 3022 413 3100; x_wconf 69' lang='grc' dir='ltr'>σφαγαὶ</span> <span class='ocrx_word' id='word_1_244' title='bbox 468 3014 785 3094; x_wconf 74' lang='grc' dir='ltr'>προύϐησαν</span> <span class='ocrx_word' id='word_1_245' title='bbox 847 3019 1044 3099; x_wconf 86' lang='grc' dir='ltr'>συχναὶ</span> <span class='ocrx_word' id='word_1_246' title='bbox 1092 3020 1182 3075; x_wconf 79' lang='grc' dir='ltr'>καὶ</span> <span class='ocrx_word' id='word_1_247' title='bbox 1240 3018 1388 3091; x_wconf 76' lang='grc' dir='ltr'>ἄλλη</span> <span class='ocrx_word' id='word_1_248' title='bbox 1451 3021 1568 3094; x_wconf 77' lang='grc' dir='ltr'>μὲν,</span> <span class='ocrx_word' id='word_1_249' title='bbox 1619 3020 1766 3075; x_wconf 82' lang='grc' dir='ltr'>ἄλλά</span> <span class='ocrx_word' id='word_1_250' title='bbox 1795 3018 1862 3090; x_wconf 82' lang='grc' dir='ltr'>δὴ</span> 
     </span>
    </p>
   </div>
   <div class='ocr_carea' id='block_1_34' title="bbox 201 3105 1865 3182">
    <p class='ocr_par' dir='ltr' id='par_1_34' title="bbox 201 3105 1865 3182">
     <span class='ocr_line' id='line_1_35' title="bbox 201 3105 1865 3182; baseline -0.001 -17"><span class='ocrx_word' id='word_1_251' title='bbox 201 3112 296 3165; x_wconf 75' lang='grc' dir='ltr'>καὶ</span> <span class='ocrx_word' id='word_1_252' title='bbox 345 3109 484 3164; x_wconf 78' lang='grc' dir='ltr'>κατὰ</span> <span class='ocrx_word' id='word_1_253' title='bbox 533 3110 596 3163; x_wconf 88' lang='grc' dir='ltr'>τὸ</span> <span class='ocrx_word' id='word_1_254' title='bbox 653 3108 907 3181; x_wconf 84' lang='grc' dir='ltr'>πόλισμα</span> <span class='ocrx_word' id='word_1_255' title='bbox 955 3110 1055 3178; x_wconf 82' lang='grc' dir='ltr'>τήν</span> <span class='ocrx_word' id='word_1_256' title='bbox 1127 3109 1474 3182; x_wconf 86' lang='grc' dir='ltr'>Καισάρειαν.</span> <span class='ocrx_word' id='word_1_257' title='bbox 1533 3109 1609 3164; x_wconf 82' lang='grc' dir='ltr'>Τὰ</span> <span class='ocrx_word' id='word_1_258' title='bbox 1665 3107 1756 3163; x_wconf 74' lang='grc' dir='ltr'>’ἶσα</span> <span class='ocrx_word' id='word_1_259' title='bbox 1808 3105 1865 3163; x_wconf 69' lang='grc' dir='ltr'>δὶ</span> 
     </span>
    </p>
   </div>
   <div class='ocr_carea' id='block_1_35' title="bbox 200 3195 1861 3274">
    <p class='ocr_par' dir='ltr' id='par_1_35' title="bbox 200 3195 1861 3274">
     <span class='ocr_line' id='line_1_36' title="bbox 200 3195 1861 3274; baseline -0.002 -19"><span class='ocrx_word' id='word_1_260' title='bbox 200 3200 427 3260; x_wconf 83' lang='grc' dir='ltr'>τούτοις</span> <span class='ocrx_word' id='word_1_261' title='bbox 491 3198 583 3253; x_wconf 90' lang='grc' dir='ltr'>καὶ</span> <span class='ocrx_word' id='word_1_262' title='bbox 649 3199 676 3252; x_wconf 85' lang='grc' dir='ltr'>ὁ</span> <span class='ocrx_word' id='word_1_263' title='bbox 735 3195 1116 3274; x_wconf 77' lang='grc' dir='ltr'>Φιλαδελφεὺς</span> <span class='ocrx_word' id='word_1_264' title='bbox 1182 3196 1464 3271; x_wconf 79' lang='grc' dir='ltr'>Θεόδωρος</span> <span class='ocrx_word' id='word_1_265' title='bbox 1528 3199 1861 3272; x_wconf 68' lang='grc' dir='ltr'>προθέμενος</span> 
     </span>
    </p>
   </div>
   <div class='ocr_carea' id='block_1_36' title="bbox 200 3263 1942 3366">
    <p class='ocr_par' dir='ltr' id='par_1_36' title="bbox 200 3263 1942 3366">
     <span class='ocr_line' id='line_1_37' title="bbox 200 3263 1942 3366; baseline -0.001 -21"><span class='ocrx_word' id='word_1_266' title='bbox 200 3289 598 3364; x_wconf 79' lang='grc' dir='ltr'>διαπράξασθαι</span> <span class='ocrx_word' id='word_1_267' title='bbox 652 3285 739 3342; x_wconf 80' lang='grc' dir='ltr'>διὰ</span> <span class='ocrx_word' id='word_1_268' title='bbox 786 3263 1206 3366; x_wconf 44' lang='grc' dir='ltr'>μάχηςΙχωρεῖ</span> <span class='ocrx_word' id='word_1_269' title='bbox 1258 3292 1336 3360; x_wconf 78' lang='grc' dir='ltr'>τῷ</span> <span class='ocrx_word' id='word_1_270' title='bbox 1370 3263 1730 3363; x_wconf 39' lang='grc' dir='ltr'>ΙἙῤῥῇΙπερὶ</span> <span class='ocrx_word' id='word_1_271' title='bbox 1797 3286 1858 3343; x_wconf 87' lang='grc' dir='ltr'>τὸ</span> <span class='ocrx_word' id='word_1_272' title='bbox 1900 3263 1942 3330; x_wconf 74' lang='lat' dir='ltr'><strong>C</strong></span> 
     </span>
    </p>
   </div>
   <div class='ocr_carea' id='block_1_37' title="bbox 198 3372 1860 3453">
    <p class='ocr_par' dir='ltr' id='par_1_37' title="bbox 198 3372 1860 3453">
     <span class='ocr_line' id='line_1_38' title="bbox 198 3372 1860 3453; baseline -0.001 -20"><span class='ocrx_word' id='word_1_273' title='bbox 198 3377 603 3453; x_wconf 74' lang='grc' dir='ltr'>Ἀτραμύττιον</span> <span class='ocrx_word' id='word_1_274' title='bbox 654 3372 1008 3453; x_wconf 74' lang='grc' dir='ltr'>διατρίϐοντι.</span> <span class='ocrx_word' id='word_1_275' title='bbox 1081 3375 1303 3450; x_wconf 83' lang='grc' dir='ltr'>Ἀμέλει</span> <span class='ocrx_word' id='word_1_276' title='bbox 1352 3378 1442 3431; x_wconf 79' lang='grc' dir='ltr'>καὶ</span> <span class='ocrx_word' id='word_1_277' title='bbox 1499 3378 1574 3450; x_wconf 83' lang='grc' dir='ltr'>μή</span> <span class='ocrx_word' id='word_1_278' title='bbox 1625 3375 1860 3452; x_wconf 86' lang='grc' dir='ltr'>προσδό-</span> 
     </span>
    </p>
   </div>
   <div class='ocr_carea' id='block_1_38' title="bbox 197 3464 1858 3541">
    <p class='ocr_par' dir='ltr' id='par_1_38' title="bbox 197 3464 1858 3541">
     <span class='ocr_line' id='line_1_39' title="bbox 197 3464 1858 3541; baseline -0.002 -18"><span class='ocrx_word' id='word_1_279' title='bbox 197 3488 372 3540; x_wconf 83' lang='grc' dir='ltr'>κιμος</span> <span class='ocrx_word' id='word_1_280' title='bbox 401 3466 569 3521; x_wconf 87' lang='grc' dir='ltr'>ἐπιὼν</span> <span class='ocrx_word' id='word_1_281' title='bbox 595 3470 676 3537; x_wconf 79' lang='grc' dir='ltr'>τῷ</span> <span class='ocrx_word' id='word_1_282' title='bbox 707 3464 862 3540; x_wconf 82' lang='grc' dir='ltr'>ἀνδρὶ</span> <span class='ocrx_word' id='word_1_283' title='bbox 893 3467 960 3520; x_wconf 84' lang='grc' dir='ltr'>τὰ</span> <span class='ocrx_word' id='word_1_284' title='bbox 1003 3466 1098 3539; x_wconf 71' lang='grc' dir='ltr'>μὲν</span> <span class='ocrx_word' id='word_1_285' title='bbox 1149 3471 1340 3539; x_wconf 82' lang='grc' dir='ltr'>πρῶτα</span> <span class='ocrx_word' id='word_1_286' title='bbox 1370 3467 1505 3541; x_wconf 82' lang='grc' dir='ltr'>πρὸς</span> <span class='ocrx_word' id='word_1_287' title='bbox 1535 3466 1596 3521; x_wconf 89' lang='grc' dir='ltr'>τὸ</span> <span class='ocrx_word' id='word_1_288' title='bbox 1627 3465 1858 3535; x_wconf 84' lang='grc' dir='ltr'>πλῆθος,</span> 
     </span>
    </p>
   </div>
   <div class='ocr_carea' id='block_1_39' title="bbox 199 3552 1861 3631">
    <p class='ocr_par' dir='ltr' id='par_1_39' title="bbox 199 3552 1861 3631">
     <span class='ocr_line' id='line_1_40' title="bbox 199 3552 1861 3631; baseline -0.001 -20"><span class='ocrx_word' id='word_1_289' title='bbox 199 3556 231 3611; x_wconf 79' lang='grc' dir='ltr'>ὅ</span> <span class='ocrx_word' id='word_1_290' title='bbox 294 3556 551 3631; x_wconf 78' lang='grc' dir='ltr'>ἐπήγετο,</span> <span class='ocrx_word' id='word_1_291' title='bbox 610 3554 913 3625; x_wconf 82' lang='grc' dir='ltr'>ἀποκνῆσαι</span> <span class='ocrx_word' id='word_1_292' title='bbox 1002 3559 1197 3610; x_wconf 78' lang='grc' dir='ltr'>τοῦτον</span> <span class='ocrx_word' id='word_1_293' title='bbox 1281 3556 1597 3626; x_wconf 83' lang='grc' dir='ltr'>πεποίηκεν·</span> <span class='ocrx_word' id='word_1_294' title='bbox 1668 3555 1745 3618; x_wconf 85' lang='grc' dir='ltr'>ὡς</span> <span class='ocrx_word' id='word_1_295' title='bbox 1805 3552 1861 3610; x_wconf 74' lang='grc' dir='ltr'>δὲ</span> 
     </span>
    </p>
   </div>
   <div class='ocr_carea' id='block_1_40' title="bbox 201 3642 1865 3721">
    <p class='ocr_par' dir='ltr' id='par_1_40' title="bbox 201 3642 1865 3721">
     <span class='ocr_line' id='line_1_41' title="bbox 201 3642 1865 3721; baseline -0.001 -21"><span class='ocrx_word' id='word_1_296' title='bbox 201 3642 643 3700; x_wconf 76' lang='grc' dir='ltr'>διακινδυνευτέα</span> <span class='ocrx_word' id='word_1_297' title='bbox 692 3649 772 3717; x_wconf 81' lang='grc' dir='ltr'>τῷ</span> <span class='ocrx_word' id='word_1_298' title='bbox 1056 3642 1250 3717; x_wconf 87' lang='grc' dir='ltr'>ἐδόκει,</span> <span class='ocrx_word' id='word_1_299' title='bbox 1285 3647 1319 3714; x_wconf 80' lang='grc' dir='ltr'>ἠ</span> <span class='ocrx_word' id='word_1_300' title='bbox 1354 3644 1522 3706; x_wconf 77' lang='grc' dir='ltr'>ἱππάς</span> <span class='ocrx_word' id='word_1_301' title='bbox 1570 3644 1647 3708; x_wconf 81' lang='grc' dir='ltr'>εἰς</span> <span class='ocrx_word' id='word_1_302' title='bbox 1689 3644 1865 3719; x_wconf 80' lang='grc' dir='ltr'>παρά·-</span> 
     </span>
    </p>
   </div>
   <div class='ocr_carea' id='block_1_41' title="bbox 196 3731 1860 3810">
    <p class='ocr_par' dir='ltr' id='par_1_41' title="bbox 196 3731 1860 3810">
     <span class='ocr_line' id='line_1_42' title="bbox 196 3731 1860 3810; baseline 0 -21"><span class='ocrx_word' id='word_1_303' title='bbox 196 3738 351 3807; x_wconf 77' lang='grc' dir='ltr'>ταξιν</span> <span class='ocrx_word' id='word_1_304' title='bbox 416 3732 733 3797; x_wconf 79' lang='grc' dir='ltr'>διατίθεται.</span> <span class='ocrx_word' id='word_1_305' title='bbox 792 3735 855 3791; x_wconf 87' lang='grc' dir='ltr'><strong>Ἣ</strong></span> <span class='ocrx_word' id='word_1_306' title='bbox 916 3731 973 3789; x_wconf 80' lang='grc' dir='ltr'>δὲ</span> <span class='ocrx_word' id='word_1_307' title='bbox 1031 3734 1163 3808; x_wconf 70' lang='grc' dir='ltr'>ὀρθὰ</span> <span class='ocrx_word' id='word_1_308' title='bbox 1208 3734 1275 3789; x_wconf 84' lang='grc' dir='ltr'>τὰ</span> <span class='ocrx_word' id='word_1_309' title='bbox 1314 3732 1515 3810; x_wconf 86' lang='grc' dir='ltr'>δόρατα</span> <span class='ocrx_word' id='word_1_310' title='bbox 1543 3734 1860 3790; x_wconf 82' lang='grc' dir='ltr'>ἀνατείνασα</span> 
     </span>
    </p>
   </div>
   <div class='ocr_carea' id='block_1_42' title="bbox 193 3822 1858 3900">
    <p class='ocr_par' dir='ltr' id='par_1_42' title="bbox 193 3822 1858 3900">
     <span class='ocr_line' id='line_1_43' title="bbox 193 3822 1858 3900; baseline 0.001 -22"><span class='ocrx_word' id='word_1_311' title='bbox 193 3825 304 3891; x_wconf 73' lang='grc' dir='ltr'>τήν</span> <span class='ocrx_word' id='word_1_312' title='bbox 359 3823 468 3878; x_wconf 83' lang='grc' dir='ltr'>ἀπὸ</span> <span class='ocrx_word' id='word_1_313' title='bbox 519 3828 627 3877; x_wconf 79' lang='grc' dir='ltr'>τῶν</span> <span class='ocrx_word' id='word_1_314' title='bbox 686 3823 975 3896; x_wconf 78' lang='grc' dir='ltr'>Ῥωμαίων</span> <span class='ocrx_word' id='word_1_315' title='bbox 1032 3822 1343 3900; x_wconf 82' lang='grc' dir='ltr'>ἐγχείρησιν</span> <span class='ocrx_word' id='word_1_316' title='bbox 1400 3823 1671 3899; x_wconf 80' lang='grc' dir='ltr'>ἐπέμενεν.</span> <span class='ocrx_word' id='word_1_317' title='bbox 1703 3824 1858 3881; x_wconf 80' lang='grc' dir='ltr'>Ἐπεὶ</span> 
     </span>
    </p>
   </div>
   <div class='ocr_carea' id='block_1_43' title="bbox 198 3909 1857 3987">
    <p class='ocr_par' dir='ltr' id='par_1_43' title="bbox 198 3909 1857 3987">
     <span class='ocr_line' id='line_1_44' title="bbox 198 3909 1857 3987; baseline 0.001 -22"><span class='ocrx_word' id='word_1_318' title='bbox 198 3909 261 3965; x_wconf 70' lang='grc' dir='ltr'>δὲ</span> <span class='ocrx_word' id='word_1_319' title='bbox 324 3910 586 3987; x_wconf 77' lang='grc' dir='ltr'>ῥᾳθύμως</span> <span class='ocrx_word' id='word_1_320' title='bbox 647 3911 796 3986; x_wconf 78' lang='grc' dir='ltr'>εἶχον</span> <span class='ocrx_word' id='word_1_321' title='bbox 837 3913 1109 3985; x_wconf 88' lang='grc' dir='ltr'>Ῥωμαῖοι</span> <span class='ocrx_word' id='word_1_322' title='bbox 1171 3911 1307 3986; x_wconf 83' lang='grc' dir='ltr'>πρὸς</span> <span class='ocrx_word' id='word_1_323' title='bbox 1363 3913 1464 3981; x_wconf 81' lang='grc' dir='ltr'>τήν</span> <span class='ocrx_word' id='word_1_324' title='bbox 1521 3918 1621 3982; x_wconf 81' lang='grc' dir='ltr'>τῆς</span> <span class='ocrx_word' id='word_1_325' title='bbox 1670 3909 1857 3986; x_wconf 77' lang='grc' dir='ltr'>μάχης</span> 
     </span>
    </p>
   </div>
   <div class='ocr_carea' id='block_1_44' title="bbox 193 3997 1856 4077">
    <p class='ocr_par' dir='ltr' id='par_1_44' title="bbox 193 3997 1856 4077">
     <span class='ocr_line' id='line_1_45' title="bbox 193 3997 1856 4077; baseline 0.001 -23"><span class='ocrx_word' id='word_1_326' title='bbox 193 3999 653 4077; x_wconf 82' lang='grc' dir='ltr'>πρωτούργησιν,</span> <span class='ocrx_word' id='word_1_327' title='bbox 697 3999 833 4054; x_wconf 77' lang='grc' dir='ltr'>κατὰ</span> <span class='ocrx_word' id='word_1_328' title='bbox 883 4002 978 4074; x_wconf 79' lang='grc' dir='ltr'>μὶν</span> <span class='ocrx_word' id='word_1_329' title='bbox 1036 3997 1301 4075; x_wconf 89' lang='grc' dir='ltr'>δράκοντα</span> <span class='ocrx_word' id='word_1_330' title='bbox 1340 3998 1636 4075; x_wconf 84' lang='grc' dir='ltr'>φλογωπὸν</span> <span class='ocrx_word' id='word_1_331' title='bbox 1667 4002 1856 4064; x_wconf 73' lang='grc' dir='ltr'>ὁλκοῖς</span> 
     </span>
    </p>
   </div>
   <div class='ocr_carea' id='block_1_45' title="bbox 194 4086 1858 4169">
    <p class='ocr_par' dir='ltr' id='par_1_45' title="bbox 194 4086 1858 4169">
     <span class='ocr_line' id='line_1_46' title="bbox 194 4086 1858 4169; baseline 0 -25"><span class='ocrx_word' id='word_1_332' title='bbox 194 4086 572 4163; x_wconf 82' lang='grc' dir='ltr'>λορδούμενοι</span> <span class='ocrx_word' id='word_1_333' title='bbox 649 4088 1061 4164; x_wconf 76' lang='grc' dir='ltr'>στρατευμάτων</span> <span class='ocrx_word' id='word_1_334' title='bbox 1151 4089 1241 4143; x_wconf 88' lang='grc' dir='ltr'>καὶ</span> <span class='ocrx_word' id='word_1_335' title='bbox 1316 4089 1530 4154; x_wconf 79' lang='grc' dir='ltr'>φολίσιν</span> <span class='ocrx_word' id='word_1_336' title='bbox 1608 4089 1858 4169; x_wconf 74' lang='grc' dir='ltr'>ἐπιφρίσ-</span> 
     </span>
    </p>
   </div>
   <div class='ocr_carea' id='block_1_46' title="bbox 1972 608 3627 683">
    <p class='ocr_par' dir='ltr' id='par_1_46' title="bbox 1972 608 3627 683">
     <span class='ocr_line' id='line_1_47' title="bbox 1972 608 3627 683; baseline 0.002 -18"><span class='ocrx_word' id='word_1_337' title='bbox 1972 610 2154 665; x_wconf 83' lang='lat' dir='ltr'>velint</span> <span class='ocrx_word' id='word_1_338' title='bbox 2203 608 2671 681; x_wconf 76' lang='lat' dir='ltr'>impetraturos:</span> <span class='ocrx_word' id='word_1_339' title='bbox 2732 612 2824 665; x_wconf 90' lang='lat' dir='ltr'>sin</span> <span class='ocrx_word' id='word_1_340' title='bbox 2883 611 3085 666; x_wconf 84' lang='lat' dir='ltr'>urbem</span> <span class='ocrx_word' id='word_1_341' title='bbox 3157 628 3497 683; x_wconf 80' lang='lat' dir='ltr'>oppugnare</span> <span class='ocrx_word' id='word_1_342' title='bbox 3572 622 3627 668; x_wconf 86' lang='lat' dir='ltr'>et</span> 
     </span>
    </p>
   </div>
   <div class='ocr_carea' id='block_1_47' title="bbox 1975 701 3620 771">
    <p class='ocr_par' dir='ltr' id='par_1_47' title="bbox 1975 701 3620 771">
     <span class='ocr_line' id='line_1_48' title="bbox 1975 701 3620 771; baseline 0.002 -15"><span class='ocrx_word' id='word_1_343' title='bbox 1975 701 2181 757; x_wconf 86' lang='lat' dir='ltr'><strong>arietes</strong></span> <span class='ocrx_word' id='word_1_344' title='bbox 2205 717 2437 757; x_wconf 89' lang='lat' dir='ltr'><strong>murum</strong></span> <span class='ocrx_word' id='word_1_345' title='bbox 2463 705 2761 771; x_wconf 83' lang='lat' dir='ltr'>percutere</span> <span class='ocrx_word' id='word_1_346' title='bbox 2782 703 3080 771; x_wconf 61' lang='lat' dir='ltr'><strong>coeperint,</strong></span> <span class='ocrx_word' id='word_1_347' title='bbox 3113 702 3288 758; x_wconf 89' lang='lat' dir='ltr'><strong>aliam</strong></span> <span class='ocrx_word' id='word_1_348' title='bbox 3337 705 3620 759; x_wconf 83' lang='lat' dir='ltr'><strong>rationem</strong></span> 
     </span>
    </p>
   </div>
   <div class='ocr_carea' id='block_1_48' title="bbox 1976 788 3616 847">
    <p class='ocr_par' dir='ltr' id='par_1_48' title="bbox 1976 788 3616 847">
     <span class='ocr_line' id='line_1_49' title="bbox 1976 788 3616 847; baseline 0.002 -3"><span class='ocrx_word' id='word_1_349' title='bbox 1976 791 2113 844; x_wconf 87' lang='lat' dir='ltr'><strong>fore.</strong></span> <span class='ocrx_word' id='word_1_350' title='bbox 2159 788 2272 844; x_wconf 87' lang='lat' dir='ltr'><strong>Sed</strong></span> <span class='ocrx_word' id='word_1_351' title='bbox 2303 805 2434 844; x_wconf 89' lang='lat' dir='ltr'>cum</span> <span class='ocrx_word' id='word_1_352' title='bbox 2468 791 2621 845; x_wconf 88' lang='lat' dir='ltr'><strong>cives</strong></span> <span class='ocrx_word' id='word_1_353' title='bbox 2654 807 2764 845; x_wconf 91' lang='lat' dir='ltr'>non</span> <span class='ocrx_word' id='word_1_354' title='bbox 2800 791 2970 845; x_wconf 78' lang='lat' dir='ltr'><strong>modo</strong></span> <span class='ocrx_word' id='word_1_355' title='bbox 3004 808 3036 846; x_wconf 90' lang='lat' dir='ltr'>a</span> <span class='ocrx_word' id='word_1_356' title='bbox 3062 790 3357 847; x_wconf 83' lang='lat' dir='ltr'>deditione</span> <span class='ocrx_word' id='word_1_357' title='bbox 3405 792 3616 847; x_wconf 87' lang='lat' dir='ltr'><strong>abhor-</strong></span> 
     </span>
    </p>
   </div>
   <div class='ocr_carea' id='block_1_49' title="bbox 1975 878 3627 952">
    <p class='ocr_par' dir='ltr' id='par_1_49' title="bbox 1975 878 3627 952">
     <span class='ocr_line' id='line_1_50' title="bbox 1975 878 3627 952; baseline 0.002 -20"><span class='ocrx_word' id='word_1_358' title='bbox 1975 882 2187 945; x_wconf 79' lang='lat' dir='ltr'><strong>rerent,</strong></span> <span class='ocrx_word' id='word_1_359' title='bbox 2221 879 2319 933; x_wconf 89' lang='lat' dir='ltr'>sed</span> <span class='ocrx_word' id='word_1_360' title='bbox 2381 878 2619 949; x_wconf 89' lang='lat' dir='ltr'><strong>quidam</strong></span> <span class='ocrx_word' id='word_1_361' title='bbox 2680 879 2852 933; x_wconf 81' lang='lat' dir='ltr'><strong>etiam</strong></span> <span class='ocrx_word' id='word_1_362' title='bbox 2910 879 2971 934; x_wconf 90' lang='lat' dir='ltr'>in</span> <span class='ocrx_word' id='word_1_363' title='bbox 3031 881 3213 935; x_wconf 89' lang='lat' dir='ltr'><strong>aciem</strong></span> <span class='ocrx_word' id='word_1_364' title='bbox 3265 881 3457 952; x_wconf 83' lang='lat' dir='ltr'><strong>egredi</strong></span> <span class='ocrx_word' id='word_1_365' title='bbox 3491 880 3627 936; x_wconf 83' lang='lat' dir='ltr'><strong>ausi</strong></span> 
     </span>
    </p>
   </div>
   <div class='ocr_carea' id='block_1_50' title="bbox 1976 966 3625 1039">
    <p class='ocr_par' dir='ltr' id='par_1_50' title="bbox 1976 966 3625 1039">
     <span class='ocr_line' id='line_1_51' title="bbox 1976 966 3625 1039; baseline 0.002 -17"><span class='ocrx_word' id='word_1_366' title='bbox 1976 966 2197 1023; x_wconf 91' lang='lat' dir='ltr'><strong>multos</strong></span> <span class='ocrx_word' id='word_1_367' title='bbox 2228 968 2451 1023; x_wconf 85' lang='lat' dir='ltr'>nobiles</span> <span class='ocrx_word' id='word_1_368' title='bbox 2484 969 2716 1039; x_wconf 80' lang='lat' dir='ltr'>sagittis</span> <span class='ocrx_word' id='word_1_369' title='bbox 2773 969 3246 1039; x_wconf 85' lang='lat' dir='ltr'><strong>prostravissent,</strong></span> <span class='ocrx_word' id='word_1_370' title='bbox 3301 970 3500 1024; x_wconf 88' lang='lat' dir='ltr'><strong>statim</strong></span> <span class='ocrx_word' id='word_1_371' title='bbox 3560 975 3625 1025; x_wconf 92' lang='lat' dir='ltr'>ut</span> 
     </span>
    </p>
   </div>
   <div class='ocr_carea' id='block_1_51' title="bbox 1976 1055 3622 1129">
    <p class='ocr_par' dir='ltr' id='par_1_51' title="bbox 1976 1055 3622 1129">
     <span class='ocr_line' id='line_1_52' title="bbox 1976 1055 3622 1129; baseline 0.002 -18"><span class='ocrx_word' id='word_1_372' title='bbox 1976 1073 2089 1111; x_wconf 90' lang='lat' dir='ltr'>non</span> <span class='ocrx_word' id='word_1_373' title='bbox 2122 1055 2443 1126; x_wconf 81' lang='lat' dir='ltr'><strong>expugnari</strong></span> <span class='ocrx_word' id='word_1_374' title='bbox 2503 1073 2673 1127; x_wconf 88' lang='lat' dir='ltr'><strong>posse</strong></span> <span class='ocrx_word' id='word_1_375' title='bbox 2732 1057 3007 1124; x_wconf 79' lang='lat' dir='ltr'><strong>munitio,</strong></span> <span class='ocrx_word' id='word_1_376' title='bbox 3066 1058 3256 1129; x_wconf 89' lang='lat' dir='ltr'><strong>primo</strong></span> <span class='ocrx_word' id='word_1_377' title='bbox 3297 1059 3622 1129; x_wconf 67' lang='lat' dir='ltr'><strong>praesertim</strong></span> 
     </span>
    </p>
   </div>
   <div class='ocr_carea' id='block_1_52' title="bbox 1976 1143 3626 1215">
    <p class='ocr_par' dir='ltr' id='par_1_52' title="bbox 1976 1143 3626 1215">
     <span class='ocr_line' id='line_1_53' title="bbox 1976 1143 3626 1215; baseline 0.002 -16"><span class='ocrx_word' id='word_1_378' title='bbox 1976 1143 2222 1215; x_wconf 86' lang='lat' dir='ltr'><strong>impetu,</strong></span> <span class='ocrx_word' id='word_1_379' title='bbox 2253 1145 2582 1213; x_wconf 81' lang='lat' dir='ltr'><strong>videbatur,</strong></span> <span class='ocrx_word' id='word_1_380' title='bbox 2641 1146 2776 1201; x_wconf 90' lang='lat' dir='ltr'><strong>inde</strong></span> <span class='ocrx_word' id='word_1_381' title='bbox 2809 1148 3105 1202; x_wconf 88' lang='lat' dir='ltr'><strong>recedunt.</strong></span> <span class='ocrx_word' id='word_1_382' title='bbox 3131 1147 3346 1201; x_wconf 71' lang='lat' dir='ltr'><strong>Prussai</strong></span> <span class='ocrx_word' id='word_1_383' title='bbox 3396 1163 3528 1202; x_wconf 91' lang='lat' dir='ltr'><strong>vero</strong></span> <span class='ocrx_word' id='word_1_384' title='bbox 3554 1148 3626 1202; x_wconf 90' lang='lat' dir='ltr'>ad</span> 
     </span>
    </p>
   </div>
   <div class='ocr_carea' id='block_1_53' title="bbox 1975 1233 3627 1306">
    <p class='ocr_par' dir='ltr' id='par_1_53' title="bbox 1975 1233 3627 1306">
     <span class='ocr_line' id='line_1_54' title="bbox 1975 1233 3627 1306; baseline 0.001 -18"><span class='ocrx_word' id='word_1_385' title='bbox 1975 1233 2230 1289; x_wconf 86' lang='lat' dir='ltr'><strong>hostium</strong></span> <span class='ocrx_word' id='word_1_386' title='bbox 2265 1233 2591 1289; x_wconf 78' lang='lat' dir='ltr'><strong>discessum</strong></span> <span class='ocrx_word' id='word_1_387' title='bbox 2623 1234 2811 1290; x_wconf 86' lang='lat' dir='ltr'><strong>auctis</strong></span> <span class='ocrx_word' id='word_1_388' title='bbox 2843 1235 3417 1305; x_wconf 85' lang='lat' dir='ltr'><strong>animis,majoribus</strong></span> <span class='ocrx_word' id='word_1_389' title='bbox 3439 1235 3627 1306; x_wconf 86' lang='lat' dir='ltr'><strong>copiis</strong></span> 
     </span>
    </p>
   </div>
   <div class='ocr_carea' id='block_1_54' title="bbox 1978 1325 3621 1396">
    <p class='ocr_par' dir='ltr' id='par_1_54' title="bbox 1978 1325 3621 1396">
     <span class='ocr_line' id='line_1_55' title="bbox 1978 1325 3621 1396; baseline -0.001 -16"><span class='ocrx_word' id='word_1_390' title='bbox 1978 1327 2207 1381; x_wconf 87' lang='lat' dir='ltr'><strong>Latinos</strong></span> <span class='ocrx_word' id='word_1_391' title='bbox 2238 1342 2271 1381; x_wconf 90' lang='lat' dir='ltr'>a</span> <span class='ocrx_word' id='word_1_392' title='bbox 2299 1330 2459 1394; x_wconf 69' lang='lat' dir='ltr'><strong>tergo</strong></span> <span class='ocrx_word' id='word_1_393' title='bbox 2490 1328 2797 1396; x_wconf 85' lang='lat' dir='ltr'><strong>urgebant.</strong></span> <span class='ocrx_word' id='word_1_394' title='bbox 2831 1327 2987 1381; x_wconf 88' lang='lat' dir='ltr'><strong>Idem</strong></span> <span class='ocrx_word' id='word_1_395' title='bbox 3050 1332 3106 1381; x_wconf 90' lang='lat' dir='ltr'>et</span> <span class='ocrx_word' id='word_1_396' title='bbox 3162 1325 3259 1380; x_wconf 89' lang='lat' dir='ltr'><strong>alii</strong></span> <span class='ocrx_word' id='word_1_397' title='bbox 3307 1326 3621 1393; x_wconf 82' lang='lat' dir='ltr'><strong>faciebant,</strong></span> 
     </span>
    </p>
   </div>
   <div class='ocr_carea' id='block_1_55' title="bbox 1977 1413 3626 1485">
    <p class='ocr_par' dir='ltr' id='par_1_55' title="bbox 1977 1413 3626 1485">
     <span class='ocr_line' id='line_1_56' title="bbox 1977 1413 3626 1485; baseline 0 -16"><span class='ocrx_word' id='word_1_398' title='bbox 1977 1414 2271 1470; x_wconf 88' lang='lat' dir='ltr'><strong>montanis</strong></span> <span class='ocrx_word' id='word_1_399' title='bbox 2310 1414 2634 1485; x_wconf 81' lang='lat' dir='ltr'><strong>occupatis,</strong></span> <span class='ocrx_word' id='word_1_400' title='bbox 2667 1430 2767 1485; x_wconf 84' lang='lat' dir='ltr'>per</span> <span class='ocrx_word' id='word_1_401' title='bbox 2806 1431 2933 1485; x_wconf 65' lang='lat' dir='ltr'><strong>quae</strong></span> <span class='ocrx_word' id='word_1_402' title='bbox 2993 1413 3260 1469; x_wconf 78' lang='lat' dir='ltr'><strong>hostibus</strong></span> <span class='ocrx_word' id='word_1_403' title='bbox 3317 1419 3626 1469; x_wconf 82' lang='lat' dir='ltr'><strong>transeun-</strong></span> 
     </span>
    </p>
   </div>
   <div class='ocr_carea' id='block_1_56' title="bbox 1976 1504 3621 1576">
    <p class='ocr_par' dir='ltr' id='par_1_56' title="bbox 1976 1504 3621 1576">
     <span class='ocr_line' id='line_1_57' title="bbox 1976 1504 3621 1576; baseline 0.002 -17"><span class='ocrx_word' id='word_1_404' title='bbox 1976 1505 2115 1560; x_wconf 87' lang='lat' dir='ltr'>dum</span> <span class='ocrx_word' id='word_1_405' title='bbox 2144 1509 2494 1575; x_wconf 88' lang='lat' dir='ltr'><strong>erat.Neque</strong></span> <span class='ocrx_word' id='word_1_406' title='bbox 2527 1504 2693 1576; x_wconf 84' lang='lat' dir='ltr'><strong>pauci</strong></span> <span class='ocrx_word' id='word_1_407' title='bbox 2728 1505 2878 1561; x_wconf 75' lang='lat'>798</span> <span class='ocrx_word' id='word_1_408' title='bbox 2912 1522 2946 1560; x_wconf 88' lang='lat' dir='ltr'>a</span> <span class='ocrx_word' id='word_1_409' title='bbox 2993 1506 3207 1560; x_wconf 83' lang='lat' dir='ltr'><strong>Latinis</strong></span> <span class='ocrx_word' id='word_1_410' title='bbox 3256 1507 3621 1573; x_wconf 86' lang='lat' dir='ltr'><strong>defecerunt,</strong></span> 
     </span>
    </p>
   </div>
   <div class='ocr_carea' id='block_1_57' title="bbox 1974 1593 3622 1664">
    <p class='ocr_par' dir='ltr' id='par_1_57' title="bbox 1974 1593 3622 1664">
     <span class='ocr_line' id='line_1_58' title="bbox 1974 1593 3622 1664; baseline 0.001 -16"><span class='ocrx_word' id='word_1_411' title='bbox 1974 1597 2030 1649; x_wconf 92' lang='lat' dir='ltr'>et</span> <span class='ocrx_word' id='word_1_412' title='bbox 2060 1608 2157 1648; x_wconf 87' lang='lat' dir='ltr'>eos</span> <span class='ocrx_word' id='word_1_413' title='bbox 2184 1609 2350 1663; x_wconf 62' lang='lat' dir='ltr'><strong>teque</strong></span> <span class='ocrx_word' id='word_1_414' title='bbox 2381 1602 2797 1664; x_wconf 83' lang='lat' dir='ltr'><strong>oppugnarunt</strong></span> <span class='ocrx_word' id='word_1_415' title='bbox 2855 1609 2920 1647; x_wconf 90' lang='lat' dir='ltr'>ac</span> <span class='ocrx_word' id='word_1_416' title='bbox 2977 1593 3012 1647; x_wconf 90' lang='lat' dir='ltr'>ii</span> <span class='ocrx_word' id='word_1_417' title='bbox 3056 1594 3153 1661; x_wconf 86' lang='lat' dir='ltr'>qui</span> <span class='ocrx_word' id='word_1_418' title='bbox 3183 1610 3283 1649; x_wconf 91' lang='lat' dir='ltr'>eos</span> <span class='ocrx_word' id='word_1_419' title='bbox 3316 1611 3428 1650; x_wconf 90' lang='lat' dir='ltr'>non</span> <span class='ocrx_word' id='word_1_420' title='bbox 3463 1611 3622 1650; x_wconf 91' lang='lat' dir='ltr'><strong>rece-</strong></span> 
     </span>
    </p>
   </div>
   <div class='ocr_carea' id='block_1_58' title="bbox 1975 1681 3621 1753">
    <p class='ocr_par' dir='ltr' id='par_1_58' title="bbox 1975 1681 3621 1753">
     <span class='ocr_line' id='line_1_59' title="bbox 1975 1681 3621 1753; baseline 0.001 -16"><span class='ocrx_word' id='word_1_421' title='bbox 1975 1686 2198 1753; x_wconf 81' lang='lat' dir='ltr'><strong>perant,</strong></span> <span class='ocrx_word' id='word_1_422' title='bbox 2231 1685 2287 1736; x_wconf 92' lang='lat' dir='ltr'>et</span> <span class='ocrx_word' id='word_1_423' title='bbox 2319 1683 2539 1737; x_wconf 89' lang='lat' dir='ltr'><strong>multos</strong></span> <span class='ocrx_word' id='word_1_424' title='bbox 2579 1681 2937 1737; x_wconf 86' lang='lat' dir='ltr'><strong>occiderunt.</strong></span> <span class='ocrx_word' id='word_1_425' title='bbox 2996 1682 3378 1739; x_wconf 85' lang='lat' dir='ltr'><strong>Nihilominus</strong></span> <span class='ocrx_word' id='word_1_426' title='bbox 3422 1688 3621 1738; x_wconf 88' lang='lat' dir='ltr'><strong>tamen</strong></span> 
     </span>
    </p>
   </div>
   <div class='ocr_carea' id='block_1_59' title="bbox 1974 1768 3624 1843">
    <p class='ocr_par' dir='ltr' id='par_1_59' title="bbox 1974 1768 3624 1843">
     <span class='ocr_line' id='line_1_60' title="bbox 1974 1768 3624 1843; baseline 0.001 -20"><span class='ocrx_word' id='word_1_427' title='bbox 1974 1769 2150 1824; x_wconf 89' lang='lat' dir='ltr'><strong>etiam</strong></span> <span class='ocrx_word' id='word_1_428' title='bbox 2209 1768 2292 1825; x_wconf 90' lang='lat' dir='ltr'>sic</span> <span class='ocrx_word' id='word_1_429' title='bbox 2376 1785 2470 1824; x_wconf 90' lang='lat' dir='ltr'>res</span> <span class='ocrx_word' id='word_1_430' title='bbox 2532 1770 2735 1825; x_wconf 86' lang='lat' dir='ltr'><strong>Latina</strong></span> <span class='ocrx_word' id='word_1_431' title='bbox 2787 1769 3053 1841; x_wconf 87' lang='lat' dir='ltr'><strong>superior</strong></span> <span class='ocrx_word' id='word_1_432' title='bbox 3131 1771 3259 1840; x_wconf 86' lang='lat' dir='ltr'><strong>fuit,</strong></span> <span class='ocrx_word' id='word_1_433' title='bbox 3317 1772 3624 1843; x_wconf 66' lang='lat' dir='ltr'><strong>caedesque</strong></span> 
     </span>
    </p>
   </div>
   <div class='ocr_carea' id='block_1_60' title="bbox 1974 1848 3618 1917">
    <p class='ocr_par' dir='ltr' id='par_1_60' title="bbox 1974 1848 3618 1917">
     <span class='ocr_line' id='line_1_61' title="bbox 1974 1848 3618 1917; baseline 0.001 -4"><span class='ocrx_word' id='word_1_434' title='bbox 1974 1857 2172 1914; x_wconf 74' lang='lat' dir='ltr'><strong>multas</strong></span> <span class='ocrx_word' id='word_1_435' title='bbox 2201 1874 2329 1913; x_wconf 89' lang='lat' dir='ltr'>cum</span> <span class='ocrx_word' id='word_1_436' title='bbox 2367 1858 2504 1914; x_wconf 89' lang='lat' dir='ltr'><strong>alibi</strong></span> <span class='ocrx_word' id='word_1_437' title='bbox 2539 1864 2661 1914; x_wconf 92' lang='lat' dir='ltr'>tum</span> <span class='ocrx_word' id='word_1_438' title='bbox 2696 1860 2767 1914; x_wconf 90' lang='lat' dir='ltr'>ad</span> <span class='ocrx_word' id='word_1_439' title='bbox 2830 1862 3033 1915; x_wconf 88' lang='lat' dir='ltr'><strong>urbem</strong></span> <span class='ocrx_word' id='word_1_440' title='bbox 3075 1848 3392 1916; x_wconf 65' lang='lat' dir='ltr'><strong>Caesaream</strong></span> <span class='ocrx_word' id='word_1_441' title='bbox 3452 1860 3618 1917; x_wconf 68' lang='lat' dir='ltr'><strong>facta:</strong></span> 
     </span>
    </p>
   </div>
   <div class='ocr_carea' id='block_1_61' title="bbox 1971 1948 3615 2021">
    <p class='ocr_par' dir='ltr' id='par_1_61' title="bbox 1971 1948 3615 2021">
     <span class='ocr_line' id='line_1_62' title="bbox 1971 1948 3615 2021; baseline 0.001 -17"><span class='ocrx_word' id='word_1_442' title='bbox 1971 1951 2278 2004; x_wconf 88' lang='lat' dir='ltr'><strong>suut.Nam</strong></span> <span class='ocrx_word' id='word_1_443' title='bbox 2314 1950 2556 2003; x_wconf 81' lang='lat' dir='ltr'><strong>Romani</strong></span> <span class='ocrx_word' id='word_1_444' title='bbox 2586 1948 2827 2019; x_wconf 88' lang='lat' dir='ltr'><strong>quidam</strong></span> <span class='ocrx_word' id='word_1_445' title='bbox 2888 1948 3184 2021; x_wconf 77' lang='lat' dir='ltr'><strong>signifero,</strong></span> <span class='ocrx_word' id='word_1_446' title='bbox 3230 1950 3329 2020; x_wconf 86' lang='lat' dir='ltr'><strong>qui</strong></span> <span class='ocrx_word' id='word_1_447' title='bbox 3382 1950 3615 2005; x_wconf 89' lang='lat' dir='ltr'><strong>Latino-</strong></span> 
     </span>
    </p>
   </div>
   <div class='ocr_carea' id='block_1_62' title="bbox 1969 2037 3614 2110">
    <p class='ocr_par' dir='ltr' id='par_1_62' title="bbox 1969 2037 3614 2110">
     <span class='ocr_line' id='line_1_63' title="bbox 1969 2037 3614 2110; baseline 0.001 -19"><span class='ocrx_word' id='word_1_448' title='bbox 1969 2054 2100 2092; x_wconf 89' lang='lat' dir='ltr'>rum</span> <span class='ocrx_word' id='word_1_449' title='bbox 2136 2037 2450 2092; x_wconf 78' lang='lat' dir='ltr'><strong>exercitutn</strong></span> <span class='ocrx_word' id='word_1_450' title='bbox 2485 2038 2879 2104; x_wconf 86' lang='lat' dir='ltr'><strong>antecedebat,</strong></span> <span class='ocrx_word' id='word_1_451' title='bbox 2940 2037 3155 2103; x_wconf 87' lang='lat' dir='ltr'><strong>occiso,</strong></span> <span class='ocrx_word' id='word_1_452' title='bbox 3197 2037 3524 2110; x_wconf 80' lang='lat' dir='ltr'><strong>vexillaque</strong></span> <span class='ocrx_word' id='word_1_453' title='bbox 3554 2039 3614 2094; x_wconf 89' lang='lat' dir='ltr'>in</span> 
     </span>
    </p>
   </div>
   <div class='ocr_carea' id='block_1_63' title="bbox 1971 2124 3615 2197">
    <p class='ocr_par' dir='ltr' id='par_1_63' title="bbox 1971 2124 3615 2197">
     <span class='ocr_line' id='line_1_64' title="bbox 1971 2124 3615 2197; baseline 0 -16"><span class='ocrx_word' id='word_1_454' title='bbox 1971 2125 2193 2181; x_wconf 88' lang='lat' dir='ltr'><strong>tumulo</strong></span> <span class='ocrx_word' id='word_1_455' title='bbox 2225 2124 2525 2191; x_wconf 89' lang='lat' dir='ltr'><strong>collocato,</strong></span> <span class='ocrx_word' id='word_1_456' title='bbox 2581 2125 2847 2181; x_wconf 87' lang='lat' dir='ltr'><strong>cohortes</strong></span> <span class='ocrx_word' id='word_1_457' title='bbox 2896 2143 3025 2197; x_wconf 64' lang='lat' dir='ltr'><strong>quas</strong></span> <span class='ocrx_word' id='word_1_458' title='bbox 3081 2127 3477 2197; x_wconf 78' lang='lat' dir='ltr'><strong>sequebantur</strong></span> <span class='ocrx_word' id='word_1_459' title='bbox 3517 2126 3615 2182; x_wconf 93' lang='lat' dir='ltr'><strong>illo</strong></span> 
     </span>
    </p>
   </div>
   <div class='ocr_carea' id='block_1_64' title="bbox 1969 2214 3617 2287">
    <p class='ocr_par' dir='ltr' id='par_1_64' title="bbox 1969 2214 3617 2287">
     <span class='ocr_line' id='line_1_65' title="bbox 1969 2214 3617 2287; baseline 0 -16"><span class='ocrx_word' id='word_1_460' title='bbox 1969 2218 2281 2286; x_wconf 84' lang='lat' dir='ltr'><strong>conspecto</strong></span> <span class='ocrx_word' id='word_1_461' title='bbox 2310 2216 2376 2269; x_wconf 83' lang='lat' dir='ltr'>ad</span> <span class='ocrx_word' id='word_1_462' title='bbox 2412 2231 2473 2270; x_wconf 89' lang='lat' dir='ltr'>se</span> <span class='ocrx_word' id='word_1_463' title='bbox 2506 2214 2888 2286; x_wconf 82' lang='lat' dir='ltr'><strong>pellexerunt,</strong></span> <span class='ocrx_word' id='word_1_464' title='bbox 2912 2231 2946 2270; x_wconf 90' lang='lat' dir='ltr'>a</span> <span class='ocrx_word' id='word_1_465' title='bbox 2984 2214 3200 2287; x_wconf 87' lang='lat' dir='ltr'><strong>quibus</strong></span> <span class='ocrx_word' id='word_1_466' title='bbox 3257 2215 3355 2269; x_wconf 90' lang='lat' dir='ltr'>ubi</span> <span class='ocrx_word' id='word_1_467' title='bbox 3408 2216 3617 2271; x_wconf 78' lang='lat' dir='ltr'><strong>Roma-</strong></span> 
     </span>
    </p>
   </div>
   <div class='ocr_carea' id='block_1_65' title="bbox 1970 2303 3620 2377">
    <p class='ocr_par' dir='ltr' id='par_1_65' title="bbox 1970 2303 3620 2377">
     <span class='ocr_line' id='line_1_66' title="bbox 1970 2303 3620 2377; baseline 0.001 -18"><span class='ocrx_word' id='word_1_468' title='bbox 1970 2321 2077 2359; x_wconf 89' lang='lat' dir='ltr'>nos</span> <span class='ocrx_word' id='word_1_469' title='bbox 2108 2320 2237 2360; x_wconf 90' lang='lat' dir='ltr'><strong>esse</strong></span> <span class='ocrx_word' id='word_1_470' title='bbox 2270 2309 2694 2375; x_wconf 84' lang='lat' dir='ltr'><strong>cognoverunt,</strong></span> <span class='ocrx_word' id='word_1_471' title='bbox 2727 2303 3001 2360; x_wconf 83' lang='lat' dir='ltr'><strong>facillime</strong></span> <span class='ocrx_word' id='word_1_472' title='bbox 3031 2321 3097 2359; x_wconf 90' lang='lat' dir='ltr'>ac</span> <span class='ocrx_word' id='word_1_473' title='bbox 3139 2303 3440 2360; x_wconf 89' lang='lat' dir='ltr'><strong>celerrime</strong></span> <span class='ocrx_word' id='word_1_474' title='bbox 3482 2322 3620 2377; x_wconf 85' lang='lat' dir='ltr'><strong>pro-</strong></span> 
     </span>
    </p>
   </div>
   <div class='ocr_carea' id='block_1_66' title="bbox 1970 2392 3617 2464">
    <p class='ocr_par' dir='ltr' id='par_1_66' title="bbox 1970 2392 3617 2464">
     <span class='ocr_line' id='line_1_67' title="bbox 1970 2392 3617 2464; baseline 0.001 -15"><span class='ocrx_word' id='word_1_475' title='bbox 1970 2392 2151 2464; x_wconf 81' lang='lat' dir='ltr'><strong>ﬂigati</strong></span> <span class='ocrx_word' id='word_1_476' title='bbox 2207 2410 2271 2448; x_wconf 89' lang='lat' dir='ltr'>ac</span> <span class='ocrx_word' id='word_1_477' title='bbox 2327 2396 2475 2448; x_wconf 86' lang='lat' dir='ltr'><strong>male</strong></span> <span class='ocrx_word' id='word_1_478' title='bbox 2531 2392 2766 2448; x_wconf 84' lang='lat' dir='ltr'><strong>multati</strong></span> <span class='ocrx_word' id='word_1_479' title='bbox 2821 2398 2982 2449; x_wconf 87' lang='lat' dir='ltr'><strong>sunt.</strong></span> <span class='ocrx_word' id='word_1_480' title='bbox 3061 2394 3220 2449; x_wconf 90' lang='lat' dir='ltr'><strong>Idem</strong></span> <span class='ocrx_word' id='word_1_481' title='bbox 3281 2394 3617 2450; x_wconf 88' lang='lat' dir='ltr'><strong>institutum</strong></span> 
     </span>
    </p>
   </div>
   <div class='ocr_carea' id='block_1_67' title="bbox 1969 2482 3620 2555">
    <p class='ocr_par' dir='ltr' id='par_1_67' title="bbox 1969 2482 3620 2555">
     <span class='ocr_line' id='line_1_68' title="bbox 1969 2482 3620 2555; baseline 0.002 -18"><span class='ocrx_word' id='word_1_482' title='bbox 1969 2484 2308 2539; x_wconf 84' lang='lat' dir='ltr'><strong>Theodorus</strong></span> <span class='ocrx_word' id='word_1_483' title='bbox 2341 2482 2872 2555; x_wconf 86' lang='lat' dir='ltr'><strong>Philadelphiensis</strong></span> <span class='ocrx_word' id='word_1_484' title='bbox 2904 2483 3186 2552; x_wconf 82' lang='lat' dir='ltr'><strong>imitatos,</strong></span> <span class='ocrx_word' id='word_1_485' title='bbox 3225 2484 3423 2540; x_wconf 90' lang='lat' dir='ltr'><strong>Errico</strong></span> <span class='ocrx_word' id='word_1_486' title='bbox 3464 2485 3620 2541; x_wconf 90' lang='lat' dir='ltr'><strong>circa</strong></span> 
     </span>
    </p>
   </div>
   <div class='ocr_carea' id='block_1_68' title="bbox 1969 2573 3615 2645">
    <p class='ocr_par' dir='ltr' id='par_1_68' title="bbox 1969 2573 3615 2645">
     <span class='ocr_line' id='line_1_69' title="bbox 1969 2573 3615 2645; baseline 0.001 -16"><span class='ocrx_word' id='word_1_487' title='bbox 1969 2573 2394 2645; x_wconf 79' lang='lat' dir='ltr'><strong>Adramyttium</strong></span> <span class='ocrx_word' id='word_1_488' title='bbox 2428 2573 2624 2645; x_wconf 81' lang='lat' dir='ltr'><strong>agenti</strong></span> <span class='ocrx_word' id='word_1_489' title='bbox 2665 2589 2829 2628; x_wconf 90' lang='lat' dir='ltr'><strong>arma</strong></span> <span class='ocrx_word' id='word_1_490' title='bbox 2866 2574 3059 2641; x_wconf 78' lang='lat' dir='ltr'><strong>infert,</strong></span> <span class='ocrx_word' id='word_1_491' title='bbox 3108 2589 3175 2629; x_wconf 87' lang='lat' dir='ltr'>ac</span> <span class='ocrx_word' id='word_1_492' title='bbox 3225 2573 3615 2645; x_wconf 85' lang='lat' dir='ltr'><strong>inexspectato</strong></span> 
     </span>
    </p>
   </div>
   <div class='ocr_carea' id='block_1_69' title="bbox 1969 2662 3616 2734">
    <p class='ocr_par' dir='ltr' id='par_1_69' title="bbox 1969 2662 3616 2734">
     <span class='ocr_line' id='line_1_70' title="bbox 1969 2662 3616 2734; baseline -0.002 -14"><span class='ocrx_word' id='word_1_493' title='bbox 1969 2666 2321 2734; x_wconf 77' lang='lat' dir='ltr'><strong>superventu</strong></span> <span class='ocrx_word' id='word_1_494' title='bbox 2354 2666 2412 2717; x_wconf 90' lang='lat' dir='ltr'>et</span> <span class='ocrx_word' id='word_1_495' title='bbox 2444 2662 2816 2718; x_wconf 88' lang='lat' dir='ltr'><strong>multitudine</strong></span> <span class='ocrx_word' id='word_1_496' title='bbox 2865 2662 3150 2734; x_wconf 87' lang='lat' dir='ltr'><strong>principio</strong></span> <span class='ocrx_word' id='word_1_497' title='bbox 3196 2670 3470 2719; x_wconf 86' lang='lat' dir='ltr'><strong>terrorem</strong></span> <span class='ocrx_word' id='word_1_498' title='bbox 3521 2664 3616 2718; x_wconf 87' lang='lat' dir='ltr'><strong>in-</strong></span> 
     </span>
    </p>
   </div>
   <div class='ocr_carea' id='block_1_70' title="bbox 1969 2751 3623 2829">
    <p class='ocr_par' dir='ltr' id='par_1_70' title="bbox 1969 2751 3623 2829">
     <span class='ocr_line' id='line_1_71' title="bbox 1969 2751 3623 2829; baseline 0.001 -21"><span class='ocrx_word' id='word_1_499' title='bbox 1969 2752 2135 2808; x_wconf 91' lang='lat' dir='ltr'><strong>cutit.</strong></span> <span class='ocrx_word' id='word_1_500' title='bbox 2161 2754 2270 2807; x_wconf 86' lang='lat' dir='ltr'><strong>Sed</strong></span> <span class='ocrx_word' id='word_1_501' title='bbox 2306 2768 2437 2807; x_wconf 92' lang='lat' dir='ltr'>cum</span> <span class='ocrx_word' id='word_1_502' title='bbox 2473 2753 2668 2808; x_wconf 86' lang='lat' dir='ltr'><strong>Errico</strong></span> <span class='ocrx_word' id='word_1_503' title='bbox 2727 2752 2928 2808; x_wconf 78' lang='lat' dir='ltr'><strong>Martis</strong></span> <span class='ocrx_word' id='word_1_504' title='bbox 2985 2751 3112 2808; x_wconf 88' lang='lat' dir='ltr'><strong>alea</strong></span> <span class='ocrx_word' id='word_1_505' title='bbox 3156 2753 3432 2808; x_wconf 82' lang='lat' dir='ltr'><strong>tentanda</strong></span> <span class='ocrx_word' id='word_1_506' title='bbox 3463 2754 3623 2829; x_wconf 36' lang='lat' dir='ltr'><strong>vide:</strong></span> 
     </span>
    </p>
   </div>
   <div class='ocr_carea' id='block_1_71' title="bbox 1970 2842 3617 2914">
    <p class='ocr_par' dir='ltr' id='par_1_71' title="bbox 1970 2842 3617 2914">
     <span class='ocr_line' id='line_1_72' title="bbox 1970 2842 3617 2914; baseline 0.001 -17"><span class='ocrx_word' id='word_1_507' title='bbox 1970 2848 2151 2909; x_wconf 88' lang='lat' dir='ltr'><strong>retur,</strong></span> <span class='ocrx_word' id='word_1_508' title='bbox 2186 2842 2450 2913; x_wconf 86' lang='lat' dir='ltr'><strong>equitum</strong></span> <span class='ocrx_word' id='word_1_509' title='bbox 2485 2842 2666 2897; x_wconf 88' lang='lat' dir='ltr'><strong>aciem</strong></span> <span class='ocrx_word' id='word_1_510' title='bbox 2717 2842 2960 2897; x_wconf 86' lang='lat' dir='ltr'><strong>instruit</strong></span> <span class='ocrx_word' id='word_1_511' title='bbox 2989 2861 3003 2911; x_wconf 89' lang='lat'><strong>;</strong></span> <span class='ocrx_word' id='word_1_512' title='bbox 3038 2843 3139 2914; x_wconf 90' lang='lat' dir='ltr'>qui</span> <span class='ocrx_word' id='word_1_513' title='bbox 3196 2842 3384 2898; x_wconf 86' lang='lat' dir='ltr'><strong>hastis</strong></span> <span class='ocrx_word' id='word_1_514' title='bbox 3440 2843 3499 2898; x_wconf 92' lang='lat' dir='ltr'>in</span> <span class='ocrx_word' id='word_1_515' title='bbox 3532 2842 3617 2899; x_wconf 79' lang='lat' dir='ltr'><strong>al-</strong></span> 
     </span>
    </p>
   </div>
   <div class='ocr_carea' id='block_1_72' title="bbox 1969 2930 3618 3004">
    <p class='ocr_par' dir='ltr' id='par_1_72' title="bbox 1969 2930 3618 3004">
     <span class='ocr_line' id='line_1_73' title="bbox 1969 2930 3618 3004; baseline 0.001 -18"><span class='ocrx_word' id='word_1_516' title='bbox 1969 2936 2093 2986; x_wconf 90' lang='lat' dir='ltr'>tum</span> <span class='ocrx_word' id='word_1_517' title='bbox 2122 2930 2292 2987; x_wconf 87' lang='lat' dir='ltr'><strong>elatis</strong></span> <span class='ocrx_word' id='word_1_518' title='bbox 2324 2932 2718 2987; x_wconf 83' lang='lat' dir='ltr'><strong>Romanorum</strong></span> <span class='ocrx_word' id='word_1_519' title='bbox 2758 2945 3139 3003; x_wconf 82' lang='lat' dir='ltr'><strong>congressum</strong></span> <span class='ocrx_word' id='word_1_520' title='bbox 3184 2932 3618 3004; x_wconf 76' lang='lat' dir='ltr'><strong>exspectabant.</strong></span> 
     </span>
    </p>
   </div>
   <div class='ocr_carea' id='block_1_73' title="bbox 1969 3018 3619 3086">
    <p class='ocr_par' dir='ltr' id='par_1_73' title="bbox 1969 3018 3619 3086">
     <span class='ocr_line' id='line_1_74' title="bbox 1969 3018 3619 3086; baseline 0.001 -11"><span class='ocrx_word' id='word_1_521' title='bbox 1969 3020 2074 3083; x_wconf 87' lang='lat' dir='ltr'><strong>Qui</strong></span> <span class='ocrx_word' id='word_1_522' title='bbox 2113 3036 2242 3075; x_wconf 90' lang='lat' dir='ltr'>cum</span> <span class='ocrx_word' id='word_1_523' title='bbox 2276 3037 2309 3074; x_wconf 87' lang='lat' dir='ltr'>a</span> <span class='ocrx_word' id='word_1_524' title='bbox 2340 3019 2680 3077; x_wconf 81' lang='lat' dir='ltr'><strong>lacessendo</strong></span> <span class='ocrx_word' id='word_1_525' title='bbox 2709 3018 3112 3086; x_wconf 87' lang='lat' dir='ltr'><strong>abhorrerent,</strong></span> <span class='ocrx_word' id='word_1_526' title='bbox 3146 3026 3204 3075; x_wconf 90' lang='lat' dir='ltr'>et</span> <span class='ocrx_word' id='word_1_527' title='bbox 3231 3023 3417 3076; x_wconf 90' lang='lat' dir='ltr'><strong>instar</strong></span> <span class='ocrx_word' id='word_1_528' title='bbox 3447 3020 3619 3076; x_wconf 84' lang='lat' dir='ltr'><strong>ﬂam-</strong></span> 
     </span>
    </p>
   </div>
   <div class='ocr_carea' id='block_1_74' title="bbox 1971 3108 3619 3181">
    <p class='ocr_par' dir='ltr' id='par_1_74' title="bbox 1971 3108 3619 3181">
     <span class='ocr_line' id='line_1_75' title="bbox 1971 3108 3619 3181; baseline 0.001 -17"><span class='ocrx_word' id='word_1_529' title='bbox 1971 3108 2530 3181; x_wconf 88' lang='lat' dir='ltr'><strong>mivomiserpentie</strong></span> <span class='ocrx_word' id='word_1_530' title='bbox 2589 3109 2951 3165; x_wconf 72' lang='lat' dir='ltr'><strong>anfractibus</strong></span> <span class='ocrx_word' id='word_1_531' title='bbox 3008 3108 3309 3181; x_wconf 89' lang='lat' dir='ltr'><strong>copiarum</strong></span> <span class='ocrx_word' id='word_1_532' title='bbox 3371 3126 3495 3166; x_wconf 84' lang='lat' dir='ltr'><strong>sese</strong></span> <span class='ocrx_word' id='word_1_533' title='bbox 3525 3110 3619 3166; x_wconf 86' lang='lat' dir='ltr'>ﬂe-</span> 
     </span>
    </p>
   </div>
   <div class='ocr_carea' id='block_1_75' title="bbox 1972 3197 3616 3269">
    <p class='ocr_par' dir='ltr' id='par_1_75' title="bbox 1972 3197 3616 3269">
     <span class='ocr_line' id='line_1_76' title="bbox 1972 3197 3616 3269; baseline 0.001 -17"><span class='ocrx_word' id='word_1_534' title='bbox 1972 3205 2213 3264; x_wconf 84' lang='lat' dir='ltr'><strong>cterent,</strong></span> <span class='ocrx_word' id='word_1_535' title='bbox 2246 3202 2304 3253; x_wconf 92' lang='lat' dir='ltr'>et</span> <span class='ocrx_word' id='word_1_536' title='bbox 2333 3197 2600 3269; x_wconf 88' lang='lat' dir='ltr'><strong>squamis</strong></span> <span class='ocrx_word' id='word_1_537' title='bbox 2615 3214 2914 3253; x_wconf 85' lang='lat' dir='ltr'><strong>armorum</strong></span> <span class='ocrx_word' id='word_1_538' title='bbox 2968 3198 3288 3265; x_wconf 87' lang='lat' dir='ltr'><strong>horrerent,</strong></span> <span class='ocrx_word' id='word_1_539' title='bbox 3319 3202 3376 3253; x_wconf 90' lang='lat' dir='ltr'>et</span> <span class='ocrx_word' id='word_1_540' title='bbox 3400 3198 3616 3253; x_wconf 86' lang='lat' dir='ltr'><strong>utrius-</strong></span> 
     </span>
    </p>
   </div>
   <div class='ocr_carea' id='block_1_76' title="bbox 1973 3287 3615 3359">
    <p class='ocr_par' dir='ltr' id='par_1_76' title="bbox 1973 3287 3615 3359">
     <span class='ocr_line' id='line_1_77' title="bbox 1973 3287 3615 3359; baseline 0 -17"><span class='ocrx_word' id='word_1_541' title='bbox 1973 3303 2088 3359; x_wconf 86' lang='lat' dir='ltr'>que</span> <span class='ocrx_word' id='word_1_542' title='bbox 2120 3303 2297 3343; x_wconf 89' lang='lat' dir='ltr'><strong>cornu</strong></span> <span class='ocrx_word' id='word_1_543' title='bbox 2357 3287 2744 3358; x_wconf 83' lang='lat' dir='ltr'><strong>explicatione</strong></span> <span class='ocrx_word' id='word_1_544' title='bbox 2797 3288 2954 3343; x_wconf 90' lang='lat' dir='ltr'><strong>velut</strong></span> <span class='ocrx_word' id='word_1_545' title='bbox 3009 3287 3259 3343; x_wconf 91' lang='lat' dir='ltr'><strong>hitatum</strong></span> <span class='ocrx_word' id='word_1_546' title='bbox 3293 3289 3615 3359; x_wconf 88' lang='lat' dir='ltr'><strong>quemdam</strong></span> 
     </span>
    </p>
   </div>
   <div class='ocr_carea' id='block_1_77' title="bbox 1973 3376 3615 3449">
    <p class='ocr_par' dir='ltr' id='par_1_77' title="bbox 1973 3376 3615 3449">
     <span class='ocr_line' id='line_1_78' title="bbox 1973 3376 3615 3449; baseline -0.002 -17"><span class='ocrx_word' id='word_1_547' title='bbox 1973 3393 2088 3449; x_wconf 83' lang='lat' dir='ltr'><strong>prae</strong></span> <span class='ocrx_word' id='word_1_548' title='bbox 2118 3392 2180 3432; x_wconf 86' lang='lat' dir='ltr'>se</span> <span class='ocrx_word' id='word_1_549' title='bbox 2210 3377 2446 3444; x_wconf 82' lang='lat' dir='ltr'><strong>ferrent,</strong></span> <span class='ocrx_word' id='word_1_550' title='bbox 2480 3383 2531 3431; x_wconf 89' lang='lat' dir='ltr'>et</span> <span class='ocrx_word' id='word_1_551' title='bbox 2571 3376 2719 3431; x_wconf 73' lang='lat'><strong>799</strong></span> <span class='ocrx_word' id='word_1_552' title='bbox 2751 3380 2944 3431; x_wconf 90' lang='lat' dir='ltr'><strong>tamen</strong></span> <span class='ocrx_word' id='word_1_553' title='bbox 2977 3376 3217 3449; x_wconf 88' lang='lat' dir='ltr'><strong>segnius</strong></span> <span class='ocrx_word' id='word_1_554' title='bbox 3249 3382 3425 3447; x_wconf 90' lang='lat' dir='ltr'><strong>atque</strong></span> <span class='ocrx_word' id='word_1_555' title='bbox 3452 3376 3615 3447; x_wconf 86' lang='lat' dir='ltr'><strong>igna-</strong></span> 
     </span>
    </p>
   </div>
   <div class='ocr_carea' id='block_1_78' title="bbox 1971 3466 3620 3539">
    <p class='ocr_par' dir='ltr' id='par_1_78' title="bbox 1971 3466 3620 3539">
     <span class='ocr_line' id='line_1_79' title="bbox 1971 3466 3620 3539; baseline 0.001 -18"><span class='ocrx_word' id='word_1_556' title='bbox 1971 3467 2102 3524; x_wconf 87' lang='lat' dir='ltr'><strong>vius</strong></span> <span class='ocrx_word' id='word_1_557' title='bbox 2134 3468 2497 3534; x_wconf 87' lang='lat' dir='ltr'><strong>invaderent,</strong></span> <span class='ocrx_word' id='word_1_558' title='bbox 2532 3467 2724 3522; x_wconf 88' lang='lat' dir='ltr'><strong>Latini</strong></span> <span class='ocrx_word' id='word_1_559' title='bbox 2758 3466 2933 3522; x_wconf 89' lang='lat' dir='ltr'><strong>veluti</strong></span> <span class='ocrx_word' id='word_1_560' title='bbox 2986 3467 3152 3539; x_wconf 84' lang='lat' dir='ltr'><strong>signo</strong></span> <span class='ocrx_word' id='word_1_561' title='bbox 3212 3469 3348 3523; x_wconf 88' lang='lat' dir='ltr'><strong>dato</strong></span> <span class='ocrx_word' id='word_1_562' title='bbox 3381 3468 3620 3523; x_wconf 74' lang='lat' dir='ltr'><strong>directis</strong></span> 
     </span>
    </p>
   </div>
   <div class='ocr_carea' id='block_1_79' title="bbox 1972 3556 3623 3629">
    <p class='ocr_par' dir='ltr' id='par_1_79' title="bbox 1972 3556 3623 3629">
     <span class='ocr_line' id='line_1_80' title="bbox 1972 3556 3623 3629; baseline -0.001 -18"><span class='ocrx_word' id='word_1_563' title='bbox 1972 3556 2159 3611; x_wconf 81' lang='lat' dir='ltr'><strong>hastis</strong></span> <span class='ocrx_word' id='word_1_564' title='bbox 2182 3560 2240 3612; x_wconf 90' lang='lat' dir='ltr'>et</span> <span class='ocrx_word' id='word_1_565' title='bbox 2259 3556 2510 3612; x_wconf 89' lang='lat' dir='ltr'><strong>clamore</strong></span> <span class='ocrx_word' id='word_1_566' title='bbox 2534 3558 2605 3612; x_wconf 91' lang='lat' dir='ltr'>de</span> <span class='ocrx_word' id='word_1_567' title='bbox 2628 3572 2787 3611; x_wconf 88' lang='lat' dir='ltr'><strong>more</strong></span> <span class='ocrx_word' id='word_1_568' title='bbox 2816 3556 3066 3624; x_wconf 89' lang='lat' dir='ltr'><strong>sublato,</strong></span> <span class='ocrx_word' id='word_1_569' title='bbox 3092 3560 3217 3629; x_wconf 89' lang='lat' dir='ltr'><strong>ipso</strong></span> <span class='ocrx_word' id='word_1_570' title='bbox 3260 3557 3458 3611; x_wconf 87' lang='lat' dir='ltr'><strong>Errico</strong></span> <span class='ocrx_word' id='word_1_571' title='bbox 3489 3563 3623 3610; x_wconf 88' lang='lat' dir='ltr'><strong>ante</strong></span> 
     </span>
    </p>
   </div>
   <div class='ocr_carea' id='block_1_80' title="bbox 1972 3645 3619 3719">
    <p class='ocr_par' dir='ltr' id='par_1_80' title="bbox 1972 3645 3619 3719">
     <span class='ocr_line' id='line_1_81' title="bbox 1972 3645 3619 3719; baseline -0.002 -16"><span class='ocrx_word' id='word_1_572' title='bbox 1972 3647 2116 3703; x_wconf 86' lang='lat' dir='ltr'><strong>alios</strong></span> <span class='ocrx_word' id='word_1_573' title='bbox 2142 3652 2482 3719; x_wconf 87' lang='lat' dir='ltr'><strong>erumpente</strong></span> <span class='ocrx_word' id='word_1_574' title='bbox 2504 3650 2561 3702; x_wconf 88' lang='lat' dir='ltr'>et</span> <span class='ocrx_word' id='word_1_575' title='bbox 2587 3664 2691 3718; x_wconf 89' lang='lat' dir='ltr'>per</span> <span class='ocrx_word' id='word_1_576' title='bbox 2710 3646 2956 3701; x_wconf 89' lang='lat' dir='ltr'><strong>mediam</strong></span> <span class='ocrx_word' id='word_1_577' title='bbox 2983 3646 3239 3701; x_wconf 89' lang='lat' dir='ltr'><strong>hostium</strong></span> <span class='ocrx_word' id='word_1_578' title='bbox 3265 3645 3445 3701; x_wconf 81' lang='lat' dir='ltr'><strong>aciem</strong></span> <span class='ocrx_word' id='word_1_579' title='bbox 3472 3660 3619 3714; x_wconf 90' lang='lat' dir='ltr'><strong>equo</strong></span> 
     </span>
    </p>
   </div>
   <div class='ocr_carea' id='block_1_81' title="bbox 1969 3734 3616 3808">
    <p class='ocr_par' dir='ltr' id='par_1_81' title="bbox 1969 3734 3616 3808">
     <span class='ocr_line' id='line_1_82' title="bbox 1969 3734 3616 3808; baseline -0.004 -16"><span class='ocrx_word' id='word_1_580' title='bbox 1969 3738 2698 3808; x_wconf 84' lang='lat' dir='ltr'><strong>perrumpente,Romanos</strong></span> <span class='ocrx_word' id='word_1_581' title='bbox 2729 3736 3040 3805; x_wconf 74' lang='lat' dir='ltr'><strong>dissipant,</strong></span> <span class='ocrx_word' id='word_1_582' title='bbox 3062 3742 3113 3790; x_wconf 91' lang='lat' dir='ltr'>et</span> <span class='ocrx_word' id='word_1_583' title='bbox 3135 3734 3491 3805; x_wconf 86' lang='lat' dir='ltr'><strong>fugientibus</strong></span> <span class='ocrx_word' id='word_1_584' title='bbox 3524 3735 3616 3786; x_wconf 92' lang='lat' dir='ltr'><strong>in-</strong></span> 
     </span>
    </p>
   </div>
   <div class='ocr_carea' id='block_1_82' title="bbox 1969 3820 3614 3896">
    <p class='ocr_par' dir='ltr' id='par_1_82' title="bbox 1969 3820 3614 3896">
     <span class='ocr_line' id='line_1_83' title="bbox 1969 3820 3614 3896; baseline -0.004 -15"><span class='ocrx_word' id='word_1_585' title='bbox 1969 3827 2317 3882; x_wconf 86' lang='lat' dir='ltr'><strong>cumbentes</strong></span> <span class='ocrx_word' id='word_1_586' title='bbox 2341 3826 2623 3896; x_wconf 89' lang='lat' dir='ltr'><strong>plurimos</strong></span> <span class='ocrx_word' id='word_1_587' title='bbox 2645 3823 2937 3880; x_wconf 89' lang='lat' dir='ltr'><strong>occidunt.</strong></span> <span class='ocrx_word' id='word_1_588' title='bbox 2958 3823 3100 3878; x_wconf 89' lang='lat' dir='ltr'><strong>Nam</strong></span> <span class='ocrx_word' id='word_1_589' title='bbox 3122 3822 3363 3877; x_wconf 81' lang='lat' dir='ltr'><strong>Romani</strong></span> <span class='ocrx_word' id='word_1_590' title='bbox 3388 3820 3614 3892; x_wconf 81' lang='lat' dir='ltr'><strong>equites</strong></span> 
     </span>
    </p>
   </div>
   <div class='ocr_carea' id='block_1_83' title="bbox 1968 3908 3618 3987">
    <p class='ocr_par' dir='ltr' id='par_1_83' title="bbox 1968 3908 3618 3987">
     <span class='ocr_line' id='line_1_84' title="bbox 1968 3908 3618 3987; baseline -0.004 -17"><span class='ocrx_word' id='word_1_591' title='bbox 1968 3916 2038 3971; x_wconf 88' lang='lat' dir='ltr'>ad</span> <span class='ocrx_word' id='word_1_592' title='bbox 2066 3915 2316 3987; x_wconf 86' lang='lat' dir='ltr'><strong>primam</strong></span> <span class='ocrx_word' id='word_1_593' title='bbox 2335 3915 2673 3969; x_wconf 88' lang='lat' dir='ltr'><strong>Latinorum</strong></span> <span class='ocrx_word' id='word_1_594' title='bbox 2690 3914 3135 3984; x_wconf 84' lang='lat' dir='ltr'><strong>impressionem</strong></span> <span class='ocrx_word' id='word_1_595' title='bbox 3150 3922 3199 3966; x_wconf 91' lang='lat' dir='ltr'>et</span> <span class='ocrx_word' id='word_1_596' title='bbox 3216 3912 3517 3966; x_wconf 85' lang='lat' dir='ltr'><strong>hastarum</strong></span> <span class='ocrx_word' id='word_1_597' title='bbox 3535 3908 3618 3965; x_wconf 90' lang='lat' dir='ltr'><strong>di-</strong></span> 
     </span>
    </p>
   </div>
   <div class='ocr_carea' id='block_1_84' title="bbox 1969 3999 3623 4074">
    <p class='ocr_par' dir='ltr' id='par_1_84' title="bbox 1969 3999 3623 4074">
     <span class='ocr_line' id='line_1_85' title="bbox 1969 3999 3623 4074; baseline -0.004 -15"><span class='ocrx_word' id='word_1_598' title='bbox 1969 4005 2284 4060; x_wconf 86' lang='lat' dir='ltr'><strong>rectionem</strong></span> <span class='ocrx_word' id='word_1_599' title='bbox 2302 4002 2607 4060; x_wconf 85' lang='lat' dir='ltr'><strong>concitatis</strong></span> <span class='ocrx_word' id='word_1_600' title='bbox 2628 4002 2796 4072; x_wconf 88' lang='lat' dir='ltr'><strong>equis</strong></span> <span class='ocrx_word' id='word_1_601' title='bbox 2816 4001 3101 4074; x_wconf 82' lang='lat' dir='ltr'><strong>fugientes</strong></span> <span class='ocrx_word' id='word_1_602' title='bbox 3145 4002 3441 4073; x_wconf 87' lang='lat' dir='ltr'><strong>pedestres</strong></span> <span class='ocrx_word' id='word_1_603' title='bbox 3468 3999 3623 4054; x_wconf 87' lang='lat' dir='ltr'><strong>ordi-</strong></span> 
     </span>
    </p>
   </div>
   <div class='ocr_carea' id='block_1_85' title="bbox 1970 4088 3620 4162">
    <p class='ocr_par' dir='ltr' id='par_1_85' title="bbox 1970 4088 3620 4162">
     <span class='ocr_line' id='line_1_86' title="bbox 1970 4088 3620 4162; baseline -0.002 -14"><span class='ocrx_word' id='word_1_604' title='bbox 1970 4109 2076 4148; x_wconf 87' lang='lat' dir='ltr'>nes</span> <span class='ocrx_word' id='word_1_605' title='bbox 2099 4092 2368 4148; x_wconf 85' lang='lat' dir='ltr'><strong>hostibus</strong></span> <span class='ocrx_word' id='word_1_606' title='bbox 2399 4091 2778 4146; x_wconf 86' lang='lat' dir='ltr'><strong>trucidandos</strong></span> <span class='ocrx_word' id='word_1_607' title='bbox 2802 4090 3155 4162; x_wconf 89' lang='lat' dir='ltr'><strong>reliquerant</strong></span> <span class='ocrx_word' id='word_1_608' title='bbox 3174 4095 3231 4145; x_wconf 89' lang='lat' dir='ltr'>et</span> <span class='ocrx_word' id='word_1_609' title='bbox 3260 4088 3620 4161; x_wconf 87' lang='lat' dir='ltr'><strong>spoliandos.</strong></span> 
     </span>
    </p>
   </div>
   <div class='ocr_carea' id='block_1_86' title="bbox 204 4174 3625 4254">
    <p class='ocr_par' dir='ltr' id='par_1_86' title="bbox 204 4174 3625 4254">
     <span class='ocr_line' id='line_1_87' title="bbox 204 4174 3625 4254; baseline -0.001 -21"><span class='ocrx_word' id='word_1_610' title='bbox 204 4200 405 4239; x_wconf 81' lang='grc' dir='ltr'>σοντες</span> <span class='ocrx_word' id='word_1_611' title='bbox 479 4175 669 4233; x_wconf 81' lang='grc' dir='ltr'>ὅπλων</span> <span class='ocrx_word' id='word_1_612' title='bbox 744 4177 835 4232; x_wconf 87' lang='grc' dir='ltr'>καὶ</span> <span class='ocrx_word' id='word_1_613' title='bbox 911 4177 985 4240; x_wconf 85' lang='grc' dir='ltr'>ὡς</span> <span class='ocrx_word' id='word_1_614' title='bbox 1063 4178 1140 4241; x_wconf 79' lang='grc' dir='ltr'>εἰς</span> <span class='ocrx_word' id='word_1_615' title='bbox 1216 4179 1407 4254; x_wconf 85' lang='grc' dir='ltr'>χάσμα</span> <span class='ocrx_word' id='word_1_616' title='bbox 1481 4174 1884 4254; x_wconf 85' lang='grc' dir='ltr'>διανοιγόμενοι</span> <span class='ocrx_word' id='word_1_617' title='bbox 1961 4180 2232 4253; x_wconf 89' lang='grc' dir='ltr'>στόματος</span> <span class='ocrx_word' id='word_1_618' title='bbox 2285 4185 2410 4241; x_wconf 84' lang='grc' dir='ltr'>ταῖς</span> <span class='ocrx_word' id='word_1_619' title='bbox 2469 4175 2733 4252; x_wconf 74' lang='grc' dir='ltr'>ἑκατέρων</span> <span class='ocrx_word' id='word_1_620' title='bbox 2788 4182 2896 4232; x_wconf 83' lang='grc' dir='ltr'>τῶν</span> <span class='ocrx_word' id='word_1_621' title='bbox 2968 4180 3207 4251; x_wconf 77' lang='grc' dir='ltr'>κεράτων</span> <span class='ocrx_word' id='word_1_622' title='bbox 3281 4176 3625 4246; x_wconf 76' lang='grc' dir='ltr'>ἀναπτύξεσι,</span> 
     </span>
    </p>
   </div>
   <div class='ocr_carea' id='block_1_87' title="bbox 192 4263 3624 4348">
    <p class='ocr_par' dir='ltr' id='par_1_87' title="bbox 192 4263 3624 4348">
     <span class='ocr_line' id='line_1_88' title="bbox 192 4263 3624 4348; baseline -0.001 -23"><span class='ocrx_word' id='word_1_623' title='bbox 192 4271 343 4343; x_wconf 83' lang='grc' dir='ltr'>πρὸς</span> <span class='ocrx_word' id='word_1_624' title='bbox 376 4267 436 4324; x_wconf 67' lang='grc' dir='ltr'>δὲ</span> <span class='ocrx_word' id='word_1_625' title='bbox 473 4269 569 4331; x_wconf 78' lang='grc' dir='ltr'>τὰς</span> <span class='ocrx_word' id='word_1_626' title='bbox 601 4267 883 4332; x_wconf 84' lang='grc' dir='ltr'>ἐπελάσεις</span> <span class='ocrx_word' id='word_1_627' title='bbox 919 4267 1255 4341; x_wconf 76' lang='grc' dir='ltr'>ἀτονώτερον</span> <span class='ocrx_word' id='word_1_628' title='bbox 1306 4263 1529 4348; x_wconf 79' lang='grc' dir='ltr'>ἔχοντες</span> <span class='ocrx_word' id='word_1_629' title='bbox 1567 4269 1657 4324; x_wconf 84' lang='grc' dir='ltr'>καὶ</span> <span class='ocrx_word' id='word_1_630' title='bbox 1696 4268 2045 4344; x_wconf 70' lang='grc' dir='ltr'>νωθέστερον,</span> <span class='ocrx_word' id='word_1_631' title='bbox 2100 4272 2175 4333; x_wconf 84' lang='grc' dir='ltr'>ὡς</span> <span class='ocrx_word' id='word_1_632' title='bbox 2234 4271 2323 4346; x_wconf 82' lang='grc' dir='ltr'>ἀφ’</span> <span class='ocrx_word' id='word_1_633' title='bbox 2379 4271 2496 4333; x_wconf 73' lang='grc' dir='ltr'>ἐνὸς</span> <span class='ocrx_word' id='word_1_634' title='bbox 2537 4272 2881 4343; x_wconf 64' lang='grc' dir='ltr'>συνθήματος</span> <span class='ocrx_word' id='word_1_635' title='bbox 2922 4270 3072 4324; x_wconf 77' lang='grc' dir='ltr'>οὗτοι</span> <span class='ocrx_word' id='word_1_636' title='bbox 3137 4269 3205 4324; x_wconf 78' lang='grc' dir='ltr'>τὰ</span> <span class='ocrx_word' id='word_1_637' title='bbox 3262 4269 3421 4340; x_wconf 83' lang='grc' dir='ltr'>ξυστὰ</span> <span class='ocrx_word' id='word_1_638' title='bbox 3458 4268 3624 4323; x_wconf 85' lang='grc' dir='ltr'>ἀπευ-</span> 
     </span>
    </p>
   </div>
   <div class='ocr_carea' id='block_1_88' title="bbox 195 4355 3619 4435">
    <p class='ocr_par' dir='ltr' id='par_1_88' title="bbox 195 4355 3619 4435">
     <span class='ocr_line' id='line_1_89' title="bbox 195 4355 3619 4435; baseline -0.001 -22"><span class='ocrx_word' id='word_1_639' title='bbox 195 4358 466 4419; x_wconf 82' lang='grc' dir='ltr'>θύναντες</span> <span class='ocrx_word' id='word_1_640' title='bbox 496 4358 588 4412; x_wconf 81' lang='grc' dir='ltr'>καὶ</span> <span class='ocrx_word' id='word_1_641' title='bbox 636 4357 773 4413; x_wconf 77' lang='grc' dir='ltr'>κατὰ</span> <span class='ocrx_word' id='word_1_642' title='bbox 817 4357 881 4412; x_wconf 88' lang='grc' dir='ltr'>τὸ</span> <span class='ocrx_word' id='word_1_643' title='bbox 936 4357 1163 4426; x_wconf 80' lang='grc' dir='ltr'>σύνηθες</span> <span class='ocrx_word' id='word_1_644' title='bbox 1220 4357 1603 4427; x_wconf 63' lang='grc' dir='ltr'>ἀλαλάξαντες,</span> <span class='ocrx_word' id='word_1_645' title='bbox 1652 4357 1818 4413; x_wconf 74' lang='grc' dir='ltr'>αὐτοῦ</span> <span class='ocrx_word' id='word_1_646' title='bbox 1875 4356 1941 4429; x_wconf 82' lang='grc' dir='ltr'>δὴ</span> <span class='ocrx_word' id='word_1_647' title='bbox 1992 4362 2088 4413; x_wconf 83' lang='grc' dir='ltr'>τοῦ</span> <span class='ocrx_word' id='word_1_648' title='bbox 2150 4357 2316 4435; x_wconf 70' lang='grc' dir='ltr'>Ἐῥρῆ</span> <span class='ocrx_word' id='word_1_649' title='bbox 2364 4364 2473 4414; x_wconf 84' lang='grc' dir='ltr'>τῶν</span> <span class='ocrx_word' id='word_1_650' title='bbox 2517 4356 2701 4414; x_wconf 76' lang='grc' dir='ltr'>ἄλλων</span> <span class='ocrx_word' id='word_1_651' title='bbox 2735 4358 3172 4435; x_wconf 81' lang='grc' dir='ltr'>προεκθορόντος</span> <span class='ocrx_word' id='word_1_652' title='bbox 3200 4355 3412 4413; x_wconf 83' lang='grc' dir='ltr'>καὶδιᾶ</span> <span class='ocrx_word' id='word_1_653' title='bbox 3445 4357 3619 4430; x_wconf 82' lang='grc' dir='ltr'>μέσων</span> 
     </span>
    </p>
   </div>
   <div class='ocr_carea' id='block_1_89' title="bbox 190 4442 3623 4525">
    <p class='ocr_par' dir='ltr' id='par_1_89' title="bbox 190 4442 3623 4525">
     <span class='ocr_line' id='line_1_90' title="bbox 190 4442 3623 4525; baseline -0.001 -23"><span class='ocrx_word' id='word_1_654' title='bbox 190 4452 311 4502; x_wconf 82' lang='grc' dir='ltr'>τῶν</span> <span class='ocrx_word' id='word_1_655' title='bbox 344 4448 550 4517; x_wconf 82' lang='grc' dir='ltr'>τάξεων</span> <span class='ocrx_word' id='word_1_656' title='bbox 579 4447 670 4502; x_wconf 86' lang='grc' dir='ltr'>τὸν</span> <span class='ocrx_word' id='word_1_657' title='bbox 698 4444 872 4502; x_wconf 68' lang='grc' dir='ltr'>’ίππον</span> <span class='ocrx_word' id='word_1_658' title='bbox 923 4445 1237 4517; x_wconf 82' lang='grc' dir='ltr'>ἐλάσαντος,</span> <span class='ocrx_word' id='word_1_659' title='bbox 1270 4442 1679 4515; x_wconf 84' lang='grc' dir='ltr'>διασκεδάζουσι</span> <span class='ocrx_word' id='word_1_660' title='bbox 1729 4447 2060 4521; x_wconf 82' lang='grc' dir='ltr'>Ῥωμαίους,</span> <span class='ocrx_word' id='word_1_661' title='bbox 2115 4448 2205 4502; x_wconf 85' lang='grc' dir='ltr'>καὶ</span> <span class='ocrx_word' id='word_1_662' title='bbox 2266 4448 2444 4525; x_wconf 79' lang='grc' dir='ltr'>σιρίσιν</span> <span class='ocrx_word' id='word_1_663' title='bbox 2502 4446 2835 4518; x_wconf 84' lang='grc' dir='ltr'>ἐπικείμενοι</span> <span class='ocrx_word' id='word_1_664' title='bbox 2869 4446 3128 4525; x_wconf 78' lang='grc' dir='ltr'>φεύγουσι</span> <span class='ocrx_word' id='word_1_665' title='bbox 3158 4446 3320 4524; x_wconf 82' lang='grc' dir='ltr'>φόνου</span> <span class='ocrx_word' id='word_1_666' title='bbox 3350 4447 3623 4521; x_wconf 86' lang='grc' dir='ltr'>πάρεργον</span> 
     </span>
    </p>
   </div>
   <div class='ocr_carea' id='block_1_90' title="bbox 189 4530 3621 4613">
    <p class='ocr_par' dir='ltr' id='par_1_90' title="bbox 189 4530 3621 4613">
     <span class='ocr_line' id='line_1_91' title="bbox 189 4530 3621 4613; baseline -0.001 -21"><span class='ocrx_word' id='word_1_667' title='bbox 189 4538 502 4597; x_wconf 62' lang='grc' dir='ltr'>πλείστους</span> <span class='ocrx_word' id='word_1_668' title='bbox 533 4530 733 4604; x_wconf 78' lang='grc' dir='ltr'>ἔθεντο,</span> <span class='ocrx_word' id='word_1_669' title='bbox 774 4539 864 4591; x_wconf 84' lang='grc' dir='ltr'>οἷα</span> <span class='ocrx_word' id='word_1_670' title='bbox 894 4540 1001 4591; x_wconf 82' lang='grc' dir='ltr'>τῶν</span> <span class='ocrx_word' id='word_1_671' title='bbox 1031 4538 1239 4591; x_wconf 79' lang='grc' dir='ltr'>ἱππέων</span> <span class='ocrx_word' id='word_1_672' title='bbox 1273 4538 1356 4608; x_wconf 85' lang='grc' dir='ltr'>[Ρ.</span> <span class='ocrx_word' id='word_1_673' title='bbox 1387 4537 1512 4608; x_wconf 87' lang='grc'>390]</span> <span class='ocrx_word' id='word_1_674' title='bbox 1543 4534 1835 4610; x_wconf 85' lang='grc' dir='ltr'>Ῥωμαίων</span> <span class='ocrx_word' id='word_1_675' title='bbox 1866 4536 1959 4591; x_wconf 79' lang='grc' dir='ltr'>καὶ</span> <span class='ocrx_word' id='word_1_676' title='bbox 1988 4537 2123 4613; x_wconf 85' lang='grc' dir='ltr'>πρὸς</span> <span class='ocrx_word' id='word_1_677' title='bbox 2155 4539 2256 4606; x_wconf 75' lang='grc' dir='ltr'>τὴν</span> <span class='ocrx_word' id='word_1_678' title='bbox 2286 4538 2508 4612; x_wconf 81' lang='grc' dir='ltr'>πρώτην</span> <span class='ocrx_word' id='word_1_679' title='bbox 2542 4530 2821 4610; x_wconf 73' lang='grc' dir='ltr'>ἔμπτωσιν</span> <span class='ocrx_word' id='word_1_680' title='bbox 2850 4541 2959 4591; x_wconf 82' lang='grc' dir='ltr'>τῶν</span> <span class='ocrx_word' id='word_1_681' title='bbox 2992 4537 3234 4592; x_wconf 87' lang='grc' dir='ltr'>Λατίνων</span> <span class='ocrx_word' id='word_1_682' title='bbox 3265 4537 3355 4592; x_wconf 83' lang='grc' dir='ltr'>καὶ</span> <span class='ocrx_word' id='word_1_683' title='bbox 3385 4537 3484 4605; x_wconf 79' lang='grc' dir='ltr'>τὴν</span> <span class='ocrx_word' id='word_1_684' title='bbox 3515 4540 3621 4591; x_wconf 81' lang='grc' dir='ltr'>τῶν</span> 
     </span>
    </p>
   </div>
   <div class='ocr_carea' id='block_1_91' title="bbox 193 4622 3623 4703">
    <p class='ocr_par' dir='ltr' id='par_1_91' title="bbox 193 4622 3623 4703">
     <span class='ocr_line' id='line_1_92' title="bbox 193 4622 3623 4703; baseline 0 -24"><span class='ocrx_word' id='word_1_685' title='bbox 193 4622 455 4700; x_wconf 87' lang='grc' dir='ltr'>δοράτων</span> <span class='ocrx_word' id='word_1_686' title='bbox 487 4624 775 4699; x_wconf 67' lang='grc' dir='ltr'>άγκώνισιρ</span> <span class='ocrx_word' id='word_1_687' title='bbox 808 4623 964 4687; x_wconf 80' lang='grc' dir='ltr'>ὅλοις</span> <span class='ocrx_word' id='word_1_688' title='bbox 998 4624 1350 4699; x_wconf 83' lang='grc' dir='ltr'>ἀποδράντων</span> <span class='ocrx_word' id='word_1_689' title='bbox 1385 4624 1636 4699; x_wconf 82' lang='grc' dir='ltr'>ῥυτῆρσι,</span> <span class='ocrx_word' id='word_1_690' title='bbox 1667 4626 1757 4680; x_wconf 85' lang='grc' dir='ltr'>καὶ</span> <span class='ocrx_word' id='word_1_691' title='bbox 1789 4624 1883 4689; x_wconf 78' lang='grc' dir='ltr'>τάς</span> <span class='ocrx_word' id='word_1_692' title='bbox 1915 4626 2141 4695; x_wconf 81' lang='grc' dir='ltr'>πεζικὰς</span> <span class='ocrx_word' id='word_1_693' title='bbox 2186 4626 2362 4700; x_wconf 82' lang='grc' dir='ltr'>τάξεις</span> <span class='ocrx_word' id='word_1_694' title='bbox 2409 4627 2745 4701; x_wconf 87' lang='grc' dir='ltr'>παρεικότων</span> <span class='ocrx_word' id='word_1_695' title='bbox 2777 4624 2852 4688; x_wconf 61' lang='grc' dir='ltr'>είς</span> <span class='ocrx_word' id='word_1_696' title='bbox 2880 4627 3119 4701; x_wconf 84' lang='grc' dir='ltr'>κεράϊσιν</span> <span class='ocrx_word' id='word_1_697' title='bbox 3148 4632 3265 4688; x_wconf 82' lang='grc' dir='ltr'>τοῖς</span> <span class='ocrx_word' id='word_1_698' title='bbox 3295 4626 3623 4703; x_wconf 82' lang='grc' dir='ltr'>άντιμάχοις</span> 
     </span>
    </p>
   </div>
   <div class='ocr_carea' id='block_1_92' title="bbox 189 4715 644 4790">
    <p class='ocr_par' dir='ltr' id='par_1_92' title="bbox 189 4715 644 4790">
     <span class='ocr_line' id='line_1_93' title="bbox 189 4715 644 4790; baseline 0 -21"><span class='ocrx_word' id='word_1_699' title='bbox 189 4716 293 4769; x_wconf 83' lang='grc' dir='ltr'>καὶ</span> <span class='ocrx_word' id='word_1_700' title='bbox 327 4715 644 4790; x_wconf 75' lang='grc' dir='ltr'>προνομήν.</span> 
     </span>
    </p>
   </div>
   <div class='ocr_carea' id='block_1_93' title="bbox 273 4799 587 4877">
    <p class='ocr_par' dir='ltr' id='par_1_93' title="bbox 273 4799 587 4877">
     <span class='ocr_line' id='line_1_94' title="bbox 273 4799 587 4877; baseline -0.006 -18"><span class='ocrx_word' id='word_1_701' title='bbox 273 4804 378 4859; x_wconf 74' lang='grc' dir='ltr'>Καὶ</span> <span class='ocrx_word' id='word_1_702' title='bbox 454 4799 587 4877; x_wconf 76' lang='grc' dir='ltr'>τῇδε</span> 
     </span>
    </p>
   </div>
   <div class='ocr_carea' id='block_1_94' title="bbox 188 4892 1867 4972">
    <p class='ocr_par' dir='ltr' id='par_1_94' title="bbox 188 4892 1867 4972">
     <span class='ocr_line' id='line_1_95' title="bbox 188 4892 1867 4972; baseline 0 -23"><span class='ocrx_word' id='word_1_703' title='bbox 188 4892 453 4949; x_wconf 83' lang='grc' dir='ltr'>Θετταλά</span> <span class='ocrx_word' id='word_1_704' title='bbox 497 4892 690 4967; x_wconf 75' lang='grc' dir='ltr'>Τέμπη</span> <span class='ocrx_word' id='word_1_705' title='bbox 741 4892 1107 4965; x_wconf 82' lang='grc' dir='ltr'>ἐκπεριελθὼν</span> <span class='ocrx_word' id='word_1_706' title='bbox 1162 4893 1456 4968; x_wconf 84' lang='grc' dir='ltr'>μαρκέσιος</span> <span class='ocrx_word' id='word_1_707' title='bbox 1511 4894 1600 4972; x_wconf 78' lang='grc' dir='ltr'>ὑφ’</span> <span class='ocrx_word' id='word_1_708' title='bbox 1631 4893 1867 4970; x_wconf 77' lang='grc' dir='ltr'>ἡγεμόσι</span> 
     </span>
    </p>
   </div>
   <div class='ocr_carea' id='block_1_95' title="bbox 183 4979 1865 5057">
    <p class='ocr_par' dir='ltr' id='par_1_95' title="bbox 183 4979 1865 5057">
     <span class='ocr_line' id='line_1_96' title="bbox 183 4979 1865 5057; baseline 0.001 -20"><span class='ocrx_word' id='word_1_709' title='bbox 183 4982 502 5056; x_wconf 82' lang='grc' dir='ltr'>Ῥωμαίοις</span> <span class='ocrx_word' id='word_1_710' title='bbox 532 4985 630 5055; x_wconf 72' lang='grc' dir='ltr'>ἦγε</span> <span class='ocrx_word' id='word_1_711' title='bbox 670 4979 760 5036; x_wconf 79' lang='grc' dir='ltr'>διά</span> <span class='ocrx_word' id='word_1_712' title='bbox 815 4983 1031 5055; x_wconf 81' lang='grc' dir='ltr'>ταχέων</span> <span class='ocrx_word' id='word_1_713' title='bbox 1080 4981 1133 5036; x_wconf 89' lang='grc' dir='ltr'>ἐν</span> <span class='ocrx_word' id='word_1_714' title='bbox 1190 4988 1309 5045; x_wconf 85' lang='grc' dir='ltr'>τοῖς</span> <span class='ocrx_word' id='word_1_715' title='bbox 1370 4983 1445 5055; x_wconf 84' lang='grc' dir='ltr'><strong>μή</strong></span> <span class='ocrx_word' id='word_1_716' title='bbox 1504 4981 1736 5057; x_wconf 86' lang='grc' dir='ltr'>ὀριαίοις</span> <span class='ocrx_word' id='word_1_717' title='bbox 1766 4985 1865 5055; x_wconf 83' lang='grc' dir='ltr'>τήν</span> 
     </span>
    </p>
   </div>
   <div class='ocr_carea' id='block_1_96' title="bbox 184 5069 1864 5147">
    <p class='ocr_par' dir='ltr' id='par_1_96' title="bbox 184 5069 1864 5147">
     <span class='ocr_line' id='line_1_97' title="bbox 184 5069 1864 5147; baseline 0 -20"><span class='ocrx_word' id='word_1_718' title='bbox 184 5070 459 5146; x_wconf 77' lang='grc' dir='ltr'>δύναμιν,</span> <span class='ocrx_word' id='word_1_719' title='bbox 492 5069 631 5126; x_wconf 79' lang='grc' dir='ltr'>ὥστε</span> <span class='ocrx_word' id='word_1_720' title='bbox 660 5072 751 5126; x_wconf 86' lang='grc' dir='ltr'>καὶ</span> <span class='ocrx_word' id='word_1_721' title='bbox 809 5069 972 5126; x_wconf 83' lang='grc' dir='ltr'>ἔλαθε</span> <span class='ocrx_word' id='word_1_722' title='bbox 1024 5073 1093 5126; x_wconf 76' lang='grc' dir='ltr'>τὰ</span> <span class='ocrx_word' id='word_1_723' title='bbox 1147 5069 1334 5127; x_wconf 86' lang='grc' dir='ltr'>πεδινὰ</span> <span class='ocrx_word' id='word_1_724' title='bbox 1374 5075 1482 5129; x_wconf 81' lang='grc' dir='ltr'>τῶν</span> <span class='ocrx_word' id='word_1_725' title='bbox 1516 5075 1864 5147; x_wconf 89' lang='grc' dir='ltr'>Λαρισσαίων</span> 
     </span>
    </p>
   </div>
   <div class='ocr_carea' id='block_1_97' title="bbox 178 5160 1864 5241">
    <p class='ocr_par' dir='ltr' id='par_1_97' title="bbox 178 5160 1864 5241">
     <span class='ocr_line' id='line_1_98' title="bbox 178 5160 1864 5241; baseline 0 -23"><span class='ocrx_word' id='word_1_726' title='bbox 178 5163 458 5241; x_wconf 76' lang='grc' dir='ltr'>κατέχων</span> <span class='ocrx_word' id='word_1_727' title='bbox 525 5162 653 5223; x_wconf 72' lang='grc' dir='ltr'>τοὺς</span> <span class='ocrx_word' id='word_1_728' title='bbox 718 5167 837 5225; x_wconf 85' lang='grc' dir='ltr'>ταῖς</span> <span class='ocrx_word' id='word_1_729' title='bbox 905 5160 1091 5238; x_wconf 79' lang='grc' dir='ltr'>ἄκραις</span> <span class='ocrx_word' id='word_1_730' title='bbox 1178 5162 1484 5240; x_wconf 79' lang='grc' dir='ltr'>ἐφεστῶτας</span> <span class='ocrx_word' id='word_1_731' title='bbox 1551 5164 1864 5237; x_wconf 78' lang='grc' dir='ltr'>Ῥωμαίους</span> 
     </span>
    </p>
   </div>
   <div class='ocr_carea' id='block_1_98' title="bbox 176 5245 1862 5326">
    <p class='ocr_par' dir='ltr' id='par_1_98' title="bbox 176 5245 1862 5326">
     <span class='ocr_line' id='line_1_99' title="bbox 176 5245 1862 5326; baseline -0.002 -18"><span class='ocrx_word' id='word_1_732' title='bbox 176 5252 286 5308; x_wconf 81' lang='grc' dir='ltr'>καὶ</span> <span class='ocrx_word' id='word_1_733' title='bbox 332 5252 436 5313; x_wconf 73' lang='grc' dir='ltr'>τὰς</span> <span class='ocrx_word' id='word_1_734' title='bbox 491 5245 801 5322; x_wconf 75' lang='grc' dir='ltr'>ὑπερϐολὰς</span> <span class='ocrx_word' id='word_1_735' title='bbox 847 5255 1150 5326; x_wconf 78' lang='grc' dir='ltr'>τηροῦντας</span> <span class='ocrx_word' id='word_1_736' title='bbox 1201 5251 1505 5324; x_wconf 80' lang='grc' dir='ltr'>ἐπιμελῶς,</span> <span class='ocrx_word' id='word_1_737' title='bbox 1538 5253 1594 5306; x_wconf 83' lang='grc' dir='ltr'>αἳ</span> <span class='ocrx_word' id='word_1_738' title='bbox 1642 5253 1734 5307; x_wconf 89' lang='grc' dir='ltr'>τὸν</span> <span class='ocrx_word' id='word_1_739' title='bbox 1768 5253 1862 5324; x_wconf 76' lang='grc' dir='ltr'>μὶν</span> 
     </span>
    </p>
   </div>
   <div class='ocr_carea' id='block_1_99' title="bbox 177 5339 1867 5417">
    <p class='ocr_par' dir='ltr' id='par_1_99' title="bbox 177 5339 1867 5417">
     <span class='ocr_line' id='line_1_100' title="bbox 177 5339 1867 5417; baseline 0.001 -24"><span class='ocrx_word' id='word_1_740' title='bbox 177 5341 444 5411; x_wconf 81' lang='grc' dir='ltr'>Πηνειὸν</span> <span class='ocrx_word' id='word_1_741' title='bbox 503 5341 754 5414; x_wconf 86' lang='grc' dir='ltr'>ποταμὸν</span> <span class='ocrx_word' id='word_1_742' title='bbox 807 5339 861 5403; x_wconf 86' lang='grc' dir='ltr'>ἐς</span> <span class='ocrx_word' id='word_1_743' title='bbox 916 5340 979 5395; x_wconf 84' lang='grc' dir='ltr'>τὸ</span> <span class='ocrx_word' id='word_1_744' title='bbox 1039 5341 1368 5398; x_wconf 85' lang='grc' dir='ltr'>στενώτατον</span> <span class='ocrx_word' id='word_1_745' title='bbox 1409 5341 1580 5411; x_wconf 84' lang='grc' dir='ltr'>πάντη</span> <span class='ocrx_word' id='word_1_746' title='bbox 1613 5342 1867 5417; x_wconf 82' lang='grc' dir='ltr'>ξυνάγου-</span> 
     </span>
    </p>
   </div>
   <div class='ocr_carea' id='block_1_100' title="bbox 667 4802 1862 4880">
    <p class='ocr_par' dir='ltr' id='par_1_100' title="bbox 667 4802 1862 4879">
     <span class='ocr_line' id='line_1_101' title="bbox 667 4802 1862 4879; baseline 0.002 -21"><span class='ocrx_word' id='word_1_747' title='bbox 667 4803 761 4877; x_wconf 73' lang='grc' dir='ltr'>μέν</span> <span class='ocrx_word' id='word_1_748' title='bbox 818 4804 884 4858; x_wconf 80' lang='grc' dir='ltr'>τά</span> <span class='ocrx_word' id='word_1_749' title='bbox 939 4804 1057 4858; x_wconf 84' lang='grc' dir='ltr'>κατ’</span> <span class='ocrx_word' id='word_1_750' title='bbox 1112 4803 1294 4860; x_wconf 70' lang='grc' dir='ltr'>Ἀσίαν</span> <span class='ocrx_word' id='word_1_751' title='bbox 1352 4803 1594 4879; x_wconf 72' lang='grc' dir='ltr'>ἐφέρετο·</span> <span class='ocrx_word' id='word_1_752' title='bbox 1671 4805 1739 4860; x_wconf 80' lang='grc' dir='ltr'>τὰ</span> <span class='ocrx_word' id='word_1_753' title='bbox 1812 4802 1862 4861; x_wconf 69' lang='grc' dir='ltr'>δὲ</span> 
     </span>
    </p>
   </div>
   <div class='ocr_carea' id='block_1_101' title="bbox 1972 4802 3626 4880">
    <p class='ocr_par' dir='ltr' id='par_1_101' title="bbox 2045 4806 3626 4880">
     <span class='ocr_line' id='line_1_102' title="bbox 2045 4806 3626 4880; baseline 0 -18"><span class='ocrx_word' id='word_1_754' title='bbox 2045 4811 2166 4864; x_wconf 87' lang='grc' dir='ltr'>Ηοο</span> <span class='ocrx_word' id='word_1_755' title='bbox 2199 4806 2349 4863; x_wconf 84' lang='lat' dir='ltr'><strong>Asiae</strong></span> <span class='ocrx_word' id='word_1_756' title='bbox 2376 4811 2558 4876; x_wconf 77' lang='lat' dir='ltr'><strong>statu,</strong></span> <span class='ocrx_word' id='word_1_757' title='bbox 2617 4807 2877 4866; x_wconf 84' lang='lat' dir='ltr'><strong>marchiu</strong></span> <span class='ocrx_word' id='word_1_758' title='bbox 2935 4824 3037 4880; x_wconf 89' lang='lat' dir='ltr'>per</span> <span class='ocrx_word' id='word_1_759' title='bbox 3090 4806 3368 4864; x_wconf 88' lang='lat' dir='ltr'><strong>Thessala</strong></span> <span class='ocrx_word' id='word_1_760' title='bbox 3407 4807 3626 4878; x_wconf 88' lang='lat' dir='ltr'><strong>Tempe</strong></span> 
     </span>
    </p>
   </div>
   <div class='ocr_carea' id='block_1_102' title="bbox 1980 4896 3621 4969">
    <p class='ocr_par' dir='ltr' id='par_1_102' title="bbox 1980 4896 3621 4969">
     <span class='ocr_line' id='line_1_103' title="bbox 1980 4896 3621 4969; baseline -0.003 -16"><span class='ocrx_word' id='word_1_761' title='bbox 1980 4897 2257 4953; x_wconf 80' lang='lat' dir='ltr'><strong>Romanis</strong></span> <span class='ocrx_word' id='word_1_762' title='bbox 2285 4897 2627 4953; x_wconf 89' lang='lat' dir='ltr'><strong>ductoribus</strong></span> <span class='ocrx_word' id='word_1_763' title='bbox 2657 4913 2933 4969; x_wconf 85' lang='lat' dir='ltr'><strong>egressus</strong></span> <span class='ocrx_word' id='word_1_764' title='bbox 2963 4898 3161 4969; x_wconf 89' lang='lat' dir='ltr'><strong>copias</strong></span> <span class='ocrx_word' id='word_1_765' title='bbox 3207 4898 3264 4951; x_wconf 90' lang='lat' dir='ltr'>in</span> <span class='ocrx_word' id='word_1_766' title='bbox 3325 4896 3469 4951; x_wconf 90' lang='lat' dir='ltr'><strong>locis</strong></span> <span class='ocrx_word' id='word_1_767' title='bbox 3509 4911 3621 4948; x_wconf 92' lang='lat' dir='ltr'>non</span> 
     </span>
    </p>
   </div>
   <div class='ocr_carea' id='block_1_103' title="bbox 1979 4984 3622 5054">
    <p class='ocr_par' dir='ltr' id='par_1_103' title="bbox 1979 4984 3622 5054">
     <span class='ocr_line' id='line_1_104' title="bbox 1979 4984 3622 5054; baseline -0.005 -12"><span class='ocrx_word' id='word_1_768' title='bbox 1979 4985 2271 5042; x_wconf 88' lang='lat' dir='ltr'><strong>montanis</strong></span> <span class='ocrx_word' id='word_1_769' title='bbox 2305 4986 2449 5042; x_wconf 88' lang='lat' dir='ltr'><strong>adeo</strong></span> <span class='ocrx_word' id='word_1_770' title='bbox 2480 4986 2747 5042; x_wconf 88' lang='lat' dir='ltr'><strong>celeriter</strong></span> <span class='ocrx_word' id='word_1_771' title='bbox 2776 4985 2962 5054; x_wconf 86' lang='lat' dir='ltr'><strong>duxit,</strong></span> <span class='ocrx_word' id='word_1_772' title='bbox 2995 4995 3055 5041; x_wconf 88' lang='lat' dir='ltr'>ut</span> <span class='ocrx_word' id='word_1_773' title='bbox 3085 4986 3141 5039; x_wconf 92' lang='lat' dir='ltr'>in</span> <span class='ocrx_word' id='word_1_774' title='bbox 3174 4984 3415 5039; x_wconf 72' lang='lat' dir='ltr'><strong>Larissa:</strong></span> <span class='ocrx_word' id='word_1_775' title='bbox 3463 4998 3622 5035; x_wconf 87' lang='lat' dir='ltr'><strong>cam-</strong></span> 
     </span>
    </p>
   </div>
   <div class='ocr_carea' id='block_1_104' title="bbox 1977 5070 3624 5148">
    <p class='ocr_par' dir='ltr' id='par_1_104' title="bbox 1977 5070 3624 5148">
     <span class='ocr_line' id='line_1_105' title="bbox 1977 5070 3624 5148; baseline -0.004 -18"><span class='ocrx_word' id='word_1_776' title='bbox 1977 5076 2193 5148; x_wconf 83' lang='lat' dir='ltr'><strong>pestria</strong></span> <span class='ocrx_word' id='word_1_777' title='bbox 2219 5077 2544 5147; x_wconf 86' lang='lat' dir='ltr'><strong>perveniret</strong></span> <span class='ocrx_word' id='word_1_778' title='bbox 2594 5076 2814 5147; x_wconf 87' lang='lat' dir='ltr'><strong>ignaris</strong></span> <span class='ocrx_word' id='word_1_779' title='bbox 2871 5074 3151 5130; x_wconf 82' lang='lat' dir='ltr'><strong>Romanis</strong></span> <span class='ocrx_word' id='word_1_780' title='bbox 3183 5072 3283 5143; x_wconf 85' lang='lat' dir='ltr'>qui</span> <span class='ocrx_word' id='word_1_781' title='bbox 3332 5070 3624 5126; x_wconf 87' lang='lat' dir='ltr'><strong>montium</strong></span> 
     </span>
    </p>
   </div>
   <div class='ocr_carea' id='block_1_105' title="bbox 1978 5160 3627 5231">
    <p class='ocr_par' dir='ltr' id='par_1_105' title="bbox 1978 5160 3627 5231">
     <span class='ocr_line' id='line_1_106' title="bbox 1978 5160 3627 5231; baseline -0.004 -12"><span class='ocrx_word' id='word_1_782' title='bbox 1978 5166 2288 5221; x_wconf 86' lang='lat' dir='ltr'><strong>cacumina</strong></span> <span class='ocrx_word' id='word_1_783' title='bbox 2316 5165 2605 5220; x_wconf 88' lang='lat' dir='ltr'><strong>accuratis</strong></span> <span class='ocrx_word' id='word_1_784' title='bbox 2635 5163 2895 5220; x_wconf 86' lang='lat' dir='ltr'><strong>excubiis</strong></span> <span class='ocrx_word' id='word_1_785' title='bbox 2925 5163 3197 5217; x_wconf 87' lang='lat' dir='ltr'><strong>tenebant</strong></span> <span class='ocrx_word' id='word_1_786' title='bbox 3222 5178 3236 5228; x_wconf 91' lang='lat'><strong>;</strong></span> <span class='ocrx_word' id='word_1_787' title='bbox 3271 5160 3488 5231; x_wconf 82' lang='lat' dir='ltr'><strong>quibus</strong></span> <span class='ocrx_word' id='word_1_788' title='bbox 3518 5161 3627 5213; x_wconf 88' lang='lat' dir='ltr'>Pe-</span> 
     </span>
    </p>
   </div>
   <div class='ocr_carea' id='block_1_106' title="bbox 1976 5249 3625 5324">
    <p class='ocr_par' dir='ltr' id='par_1_106' title="bbox 1976 5249 3625 5324">
     <span class='ocr_line' id='line_1_107' title="bbox 1976 5249 3625 5324; baseline -0.004 -16"><span class='ocrx_word' id='word_1_789' title='bbox 1976 5270 2123 5309; x_wconf 85' lang='lat' dir='ltr'><strong>neus</strong></span> <span class='ocrx_word' id='word_1_790' title='bbox 2181 5252 2396 5309; x_wconf 85' lang='lat' dir='ltr'><strong>ﬂuvius</strong></span> <span class='ocrx_word' id='word_1_791' title='bbox 2454 5253 2672 5324; x_wconf 88' lang='lat' dir='ltr'><strong>ubique</strong></span> <span class='ocrx_word' id='word_1_792' title='bbox 2730 5253 2788 5307; x_wconf 92' lang='lat' dir='ltr'>in</span> <span class='ocrx_word' id='word_1_793' title='bbox 2845 5250 3331 5321; x_wconf 80' lang='lat' dir='ltr'><strong>angustissimum</strong></span> <span class='ocrx_word' id='word_1_794' title='bbox 3392 5249 3625 5304; x_wconf 90' lang='lat' dir='ltr'><strong>alveum</strong></span> 
     </span>
    </p>
   </div>
   <div class='ocr_carea' id='block_1_107' title="bbox 1978 5337 3627 5412">
    <p class='ocr_par' dir='ltr' id='par_1_107' title="bbox 1978 5337 3627 5412">
     <span class='ocr_line' id='line_1_108' title="bbox 1978 5337 3627 5412; baseline -0.004 -13"><span class='ocrx_word' id='word_1_795' title='bbox 1978 5347 2217 5399; x_wconf 86' lang='lat' dir='ltr'><strong>coactus</strong></span> <span class='ocrx_word' id='word_1_796' title='bbox 2243 5342 2304 5396; x_wconf 89' lang='lat' dir='ltr'>in</span> <span class='ocrx_word' id='word_1_797' title='bbox 2343 5357 2585 5412; x_wconf 89' lang='lat' dir='ltr'><strong>magnos</strong></span> <span class='ocrx_word' id='word_1_798' title='bbox 2646 5341 2860 5396; x_wconf 83' lang='lat' dir='ltr'><strong>ﬂuetus</strong></span> <span class='ocrx_word' id='word_1_799' title='bbox 2918 5337 3227 5409; x_wconf 87' lang='lat' dir='ltr'><strong>attollitur,</strong></span> <span class='ocrx_word' id='word_1_800' title='bbox 3260 5338 3405 5409; x_wconf 87' lang='lat' dir='ltr'><strong>ripis</strong></span> <span class='ocrx_word' id='word_1_801' title='bbox 3464 5353 3627 5393; x_wconf 84' lang='lat' dir='ltr'><strong>reso-</strong></span> 
     </span>
    </p>
   </div>
   <div class='ocr_carea' id='block_1_108' title="bbox 1614 5486 2250 5549">
    <p class='ocr_par' dir='ltr' id='par_1_108' title="bbox 1614 5486 2250 5549">
     <span class='ocr_line' id='line_1_109' title="bbox 1614 5486 2250 5549; baseline 0.002 -2"><span class='ocrx_word' id='word_1_802' title='bbox 1614 5486 1782 5547; x_wconf 86' lang='lat' dir='ltr'><strong>Hier.</strong></span> <span class='ocrx_word' id='word_1_803' title='bbox 1818 5486 2032 5549; x_wconf 83' lang='lat' dir='ltr'><strong>Wolﬁi</strong></span> <span class='ocrx_word' id='word_1_804' title='bbox 2062 5492 2250 5548; x_wconf 62' lang='lat' dir='ltr'><strong>nota.</strong></span> 
     </span>
    </p>
   </div>
   <div class='ocr_carea' id='block_1_109' title="bbox 266 5607 1862 5690">
    <p class='ocr_par' dir='ltr' id='par_1_109' title="bbox 266 5607 1862 5690">
     <span class='ocr_line' id='line_1_110' title="bbox 266 5607 1862 5690; baseline -0.005 -17"><span class='ocrx_word' id='word_1_805' title='bbox 266 5618 392 5689; x_wconf 80' lang='lat'>(65)</span> <span class='ocrx_word' id='word_1_806' title='bbox 425 5618 746 5690; x_wconf 82' lang='grc' dir='ltr'>Προυσαῖοι.</span> <span class='ocrx_word' id='word_1_807' title='bbox 783 5616 1076 5690; x_wconf 77' lang='grc' dir='ltr'>Προυσαεῖς</span> <span class='ocrx_word' id='word_1_808' title='bbox 1108 5617 1167 5670; x_wconf 87' lang='lat' dir='ltr'>et</span> <span class='ocrx_word' id='word_1_809' title='bbox 1200 5607 1527 5685; x_wconf 86' lang='grc' dir='ltr'>Προυσηνοὶ,</span> <span class='ocrx_word' id='word_1_810' title='bbox 1553 5609 1606 5664; x_wconf 76' lang='grc' dir='ltr'>οἱ</span> <span class='ocrx_word' id='word_1_811' title='bbox 1635 5607 1689 5665; x_wconf 82' lang='grc' dir='ltr'>ἐν</span> <span class='ocrx_word' id='word_1_812' title='bbox 1719 5612 1789 5684; x_wconf 82' lang='grc' dir='ltr'>τῇ</span> <span class='ocrx_word' id='word_1_813' title='bbox 1820 5615 1862 5665; x_wconf 89' lang='grc' dir='ltr'>Π</span> 
     </span>
    </p>
   </div>
   <div class='ocr_carea' id='block_1_110' title="bbox 1972 5607 3628 5690">
    <p class='ocr_par' dir='ltr' id='par_1_110' title="bbox 1973 5608 3628 5684">
     <span class='ocr_line' id='line_1_111' title="bbox 1973 5608 3628 5684; baseline 0 -14"><span class='ocrx_word' id='word_1_814' title='bbox 1973 5629 2058 5684; x_wconf 79' lang='grc' dir='ltr'>σῃ.</span> <span class='ocrx_word' id='word_1_815' title='bbox 2090 5609 2240 5668; x_wconf 81' lang='lat' dir='ltr'><strong>Aliis</strong></span> <span class='ocrx_word' id='word_1_816' title='bbox 2272 5613 2452 5684; x_wconf 85' lang='lat' dir='ltr'><strong>atque</strong></span> <span class='ocrx_word' id='word_1_817' title='bbox 2490 5608 2625 5669; x_wconf 86' lang='lat' dir='ltr'><strong>aliis</strong></span> <span class='ocrx_word' id='word_1_818' title='bbox 2674 5611 2736 5668; x_wconf 88' lang='lat' dir='ltr'>in</span> <span class='ocrx_word' id='word_1_819' title='bbox 2797 5609 2944 5669; x_wconf 84' lang='lat' dir='ltr'><strong>locis</strong></span> <span class='ocrx_word' id='word_1_820' title='bbox 3002 5611 3089 5668; x_wconf 67' lang='lat' dir='ltr'>ha</span> <span class='ocrx_word' id='word_1_821' title='bbox 3120 5611 3501 5671; x_wconf 83' lang='lat' dir='ltr'><strong>formationes</strong></span> <span class='ocrx_word' id='word_1_822' title='bbox 3530 5613 3628 5670; x_wconf 83' lang='lat' dir='ltr'><strong>in-</strong></span> 
     </span>
    </p>
   </div>
   <div class='ocr_carea' id='block_1_111' title="bbox 170 5691 545 5753">
    <p class='ocr_par' dir='ltr' id='par_1_111' title="bbox 170 5691 545 5753">
     <span class='ocr_line' id='line_1_112' title="bbox 170 5691 545 5753; baseline -0.005 -5"><span class='ocrx_word' id='word_1_823' title='bbox 170 5691 545 5753; x_wconf 76' lang='lat' dir='ltr'><strong>veniuntur.</strong></span> 
     </span>
    </p>
   </div>
  </div>
