4072 6218
464 290 573 357 991

1776 287 2079 349 meam
2122 252 2547 350 caninum

3760 294 3902 355 993

458 418 740 483 nantibus
770 435 786 488 ;
818 423 876 477 et
908 434 1109 488 unum,
1142 435 1398 493 eumque
1437 424 1758 492 angustum
1813 420 2108 476 tramitem

2223 440 2325 491 σιν,
2359 421 2433 480 ὡς
2462 420 2552 476 καὶ
2608 419 2907 497 καχλάζειν
2960 421 3013 477 έν
3070 422 3310 485 πολλοῖς
3357 420 3446 478 ἐπὶ
3514 422 3658 500 μέγα
3683 423 3754 477 τὸ
3789 421 3893 497 ῥό-

460 516 519 565 et
549 511 797 571 transitu
824 508 981 569 haud
1009 509 1236 566 facilem
1260 510 1555 581 aperiunt,
1589 515 1653 565 ut
1699 510 1792 565 vix
1851 508 2119 581 quaterni

465 599 683 655 milites
707 616 818 668 prae
852 599 1101 671 rupibus
1123 605 1180 654 et
1201 600 1555 655 torrentibus
1579 600 1808 672 possint
1829 599 2117 655 incedere.

466 688 701 745 Larissa
722 687 1025 761 digressus
1060 687 1305 744 ulterius
1362 689 1659 761 pergebat,
1693 688 1925 745 nemine
1975 688 2118 743 resi-

466 784 617 837 stere
645 780 925 847 audente,
982 782 1167 838 donec
1221 797 1351 837 sero
1404 798 1471 836 ac
1496 781 1588 836 vix
1634 782 1869 838 tandem
1901 786 2119 836 Seurus

460 869 574 925 Leo
605 869 763 926 circa
800 869 1221 943 Thermopylas
1280 870 1436 927 800
1493 871 1741 927 insidias
1791 871 1844 926 ei
1885 870 2117 926 struxit.

456 959 567 1015 Sed
601 959 763 1017 nullo
795 960 928 1015 forti
961 960 1117 1016 edito
1148 960 1429 1028 facinore,
1488 961 1561 1016 ad
1620 959 1813 1016 solum
1872 975 2117 1031 conspe-

459 1053 620 1104 ctum
655 1048 1001 1106 Latinorum
1034 1048 1301 1120 equitum
1334 1048 1575 1105 territus
1627 1047 2116 1105 Acrocorinthum

461 1138 746 1209 confugit.
776 1137 997 1193 Scurus
1057 1137 1151 1193 hic
1209 1137 1461 1211 Nauplio
1502 1144 1665 1194 ortus
1695 1136 2033 1209 aliquandiu
2064 1135 2117 1191 vi

463 1227 651 1297 magis
698 1243 875 1299 quam
929 1227 1230 1283 voluntate
1285 1226 1662 1300 popularium
1723 1226 2117 1299 principatum

460 1315 651 1371 tenuit
685 1334 718 1372 a
750 1322 910 1387 patre
958 1321 1324 1389 susceptum,
1387 1318 1458 1371 ad
1514 1317 1683 1387 cujus
1739 1315 2117 1371 imitationem

462 1421 580 1460 non
621 1406 748 1461 sine
780 1406 1070 1477 sanguine
1098 1405 1429 1478 imperavit.
1489 1407 1594 1461 Sed
1655 1404 1999 1462 confusione
2031 1412 2118 1459 re-

461 1510 592 1550 rum
622 1499 850 1563 auctus,
885 1500 941 1549 et
972 1493 1330 1550 turbulentis
1352 1496 1718 1566 temporibus
1742 1500 1806 1549 ut
1837 1498 2121 1550 torrentes

462 1581 756 1638 imbribus
788 1590 847 1639 et
879 1584 1218 1639 turbinibus
1250 1584 1420 1639 unde
1470 1585 1841 1649 tumefactus,
1873 1598 1904 1639 e
1944 1598 2119 1654 parvo

465 1686 717 1743 magnus
749 1673 991 1729 exstitit.
1025 1680 1215 1743 Argos
1254 1671 1406 1741 dolo,
1439 1671 1781 1727 Corinthum
1812 1670 2118 1727 latrocinio

462 1760 617 1832 cepit
637 1775 651 1817 :
668 1761 1678 1833 etgrassandosubindeprogressus
1692 1761 1847 1831 ipsas
1862 1760 2118 1816 Athenas

464 1864 600 1904 cum
634 1848 854 1905 bellicis
887 1851 1136 1906 navibus
1166 1855 1224 1906 et
1253 1851 1503 1908 exercitu
1540 1868 1639 1923 per
1670 1850 1955 1907 Isthmum
2004 1853 2114 1907 tra-

463 1938 639 1993 ducto
674 1945 762 1994 est
783 1939 1045 2007 adortus,
1080 1956 1149 1995 ea
1194 1955 1299 2012 spe
1320 1956 1385 1996 se
1406 1939 1558 1995 arcis
1582 1938 1747 1996 facile
1767 1940 2111 2012 potiturum,

462 2031 564 2085 aut
594 2026 887 2083 machinis
946 2028 1218 2085 adductis
1273 2027 1509 2084 imbelle
1557 2027 1895 2100 praesidium
1945 2026 2115 2084 facile

463 2118 825 2177 territurum.
856 2120 1135 2176 Caeterum
1169 2136 1239 2176 ea
1268 2120 1530 2192 agitabat
1583 2120 1779 2176 animo
1809 2123 1868 2175 et
1898 2119 2116 2176 frustra

459 2209 801 2276 conabatur,
834 2226 961 2281 quae
994 2209 1066 2265 ad
1099 2210 1321 2266 exitum
1355 2209 1591 2281 perduci
1650 2226 1766 2266 non
1826 2213 2112 2279 poterant.

458 2297 607 2355 Nam
632 2299 998 2357 Athenarum
1022 2317 1296 2357 summus
1313 2306 1507 2372 pastor
1522 2299 1768 2356 Michael
1785 2299 2114 2370 Choniates,

462 2387 642 2443 frater
673 2405 841 2445 meus
873 2388 1064 2462 (meus
1095 2390 1338 2461 inquam
1365 2406 1379 2445 :
1406 2407 1541 2445 nam
1573 2388 1731 2445 laudi
1771 2388 1917 2444 mihi
1964 2387 2114 2444 duco

461 2476 871 2547 cognationem
902 2478 1055 2550 ejus,
1086 2484 1144 2535 et
1172 2494 1221 2534 et
1252 2494 1346 2535 me
1382 2477 1667 2550 sanguine
1717 2476 2115 2551 prepinquum

462 2581 592 2622 esse
623 2567 866 2638 gaudeo,
900 2566 1035 2624 licet
1065 2585 1099 2623 a
1134 2568 1344 2624 virtute
1401 2573 1460 2624 et
1490 2566 1824 2640 eloquentia
1864 2568 1993 2637 ejus
2027 2582 2115 2621 re-

466 2656 873 2728 motissimus),
928 2674 1062 2714 cum
1123 2657 1212 2714 sui
1276 2657 1533 2714 muneris
1589 2673 1719 2713 esse
1770 2651 2118 2726 intelligeret

465 2745 709 2803 consilio
740 2752 798 2802 et
826 2746 1103 2819 precibus
1167 2763 1291 2804 rem
1349 2746 1644 2818 publicam
1681 2747 1911 2817 juvare,
1950 2746 2117 2802 Scuri

467 2835 677 2892 castris
709 2836 877 2905 visis,
907 2835 1002 2906 pie
1032 2852 1167 2891 cum
1199 2853 1265 2892 eo
1295 2852 1467 2909 agere
1496 2836 1773 2903 instituit,
1805 2850 1882 2891 an
1928 2833 2118 2890 homi-

467 2939 626 2985 nem.
660 2926 983 2995 praesertim
1015 2942 1129 2981 non
1162 2924 1306 2981 θοι
1366 2925 1633 2996 ignotum
1682 2924 1784 2980 sed
1814 2940 1965 2995 sazpe
1997 2922 2119 2980 col-

465 3010 1029 3075 locutum,amovere
1051 3017 1269 3086 posset.
1304 3014 1505 3085 itaque
1552 3029 1621 3069 ex
1648 3013 1791 3068 urbe
1836 3018 2115 3084 tanquam

465 3102 769 3171 superiore
800 3103 924 3158 loco
986 3101 1340 3159 monitorum
1403 3101 1642 3173 sagittas
1684 3102 2024 3172 ejaculatur,
2054 3105 2115 3157 et

464 3190 741 3261 pastorali
774 3191 828 3247 fu
840 3191 957 3251 nde
979 3191 1181 3249 divina
1201 3171 1556 3263 verbajacit.
1584 3171 1913 3263 Aliquando
1935 3196 2112 3247 etiam
2142 3171 2187 3238 ο

467 3278 877 3351 spiritualibus
936 3281 1115 3337 minis
1168 3287 1450 3353 tanquam
1509 3279 1793 3337 arietibus
1852 3284 2117 3336 animum

472 3366 636 3423 illius
661 3373 923 3425 sternere
955 3370 1230 3430 instituit.
1266 3370 1392 3428 Non
1422 3370 1578 3427 enim
1609 3371 1815 3427 decere
1851 3386 1984 3427 eum
2017 3369 2119 3442 qui

477 3456 844 3515 Christianus
867 3459 947 3517 sit
966 3465 1023 3515 et
1045 3460 1196 3517 inter
1215 3460 1506 3519 Romanos
1527 3476 1739 3521 nomen
1766 3477 1941 3517 suum
1984 3476 2119 3532 pro-

476 3545 733 3616 fiteatur,
769 3546 1063 3609 Romanos
1095 3547 1246 3605 bello
1276 3552 1491 3621 petere,
1524 3547 1638 3605 nisi
1675 3550 1821 3605 forte
1868 3546 2014 3605 solis
2044 3548 2123 3604 la-

475 3634 590 3692 biis
622 3636 1020 3694 Christianum
1061 3642 1218 3710 agat,
1252 3643 1315 3694 ut
1361 3642 1420 3694 ct
1465 3642 1622 3694 veste
1647 3643 1705 3693 et
1733 3636 1935 3709 lingua
1965 3637 2121 3694 dun-

476 3728 633 3785 taxat
664 3725 1020 3793 Romanum,
1052 3728 1227 3783 corde
1256 3744 1389 3785 vero
1453 3744 1487 3784 a
1535 3725 1880 3787 Christianis
1924 3727 2000 3783 sit
2030 3742 2121 3784 re-

481 3814 867 3872 motissimus.
926 3816 1111 3881 Quam
1169 3833 1306 3873 vero
1353 3833 1594 3875 causam
1660 3816 1874 3873 habeat
1934 3833 2123 3889 oppu-

476 3905 698 3976 gnandi
730 3904 1040 3961 Athenas?
1064 3921 1198 3962 nam
1237 3905 1461 3977 Argivis
1494 3905 1567 3962 ob
1593 3904 1953 3961 vicinitatem
1989 3921 2121 3976 pos-

476 3997 568 4049 set
624 3993 866 4057 torsitan
924 3994 1144 4067 aliquid
1203 3994 1437 4051 crimini
1493 3995 1655 4063 dare,
1714 4011 1830 4066 quo
1881 3993 2115 4051 illorum

476 4084 829 4155 expugnatio
849 4090 1180 4152 excusetur,
1208 4084 1707 4156 quemadmodum
1730 4089 1790 4140 et
1803 4083 2118 4143 Corinthiis

477 4186 664 4242 nuper
692 4171 1112 4249 archiepiscopi
1169 4189 1371 4231 eorum
1404 4173 1637 4233 crebras
1666 4171 1912 4229 insidias
1961 4173 2121 4242 obje-

475 4260 638 4327 cerit,
672 4261 825 4319 unde
849 4266 1179 4323 Romanum
1211 4261 1528 4321 exercitum
1579 4261 1897 4334 Nauplium
1925 4279 2123 4319 accur-

475 4366 600 4406 rere
629 4357 688 4407 et
718 4368 894 4408 naves
917 4351 1160 4411 hostiles
1196 4351 1491 4426 appellere
1539 4351 1772 4408 viderit.
1801 4351 2118 4409 Athenien-

2225 520 2339 572 otov
2414 510 2505 563 καὶ
2576 509 2673 573 τὰς
2748 505 2920 585 ὄχθας
2992 515 3062 585 τῇ
3136 516 3246 568 τῶν
3306 510 3523 568 κτύπων
3583 511 3903 584 ἀνιπέμψει

2223 602 2576 671 συνεπηχεῐν,
2634 597 2757 672 περὶ
2815 596 2873 654 δὲ
2925 599 3022 662 τὰς
3075 605 3184 657 τῶν
3245 600 3391 676 ὀρῶν
3422 594 3727 662 ὑποϐἀσεις
3764 599 3897 673 μίαν

2223 684 2460 760 ἀτραπὸν
2518 687 2926 763 παρανοίγουσι,
2997 690 3433 766 συνεπτυγμέντμ
3506 689 3601 745 καὶ
3673 689 3900 761 ταύτην

2222 774 2310 827 καὶ
2339 772 2592 849 χαλεπήν
2624 780 2741 839 τοῖς
2791 773 3100 851 βαδίζουσι,
3149 777 3291 833 ὣστε
3340 800 3417 849 πη
3473 776 3607 851 μηδ’
3638 779 3736 836 ἐπὶ
3766 800 3903 834 tec-

2221 863 2401 936 σάρων
2472 862 2716 920 ἀσπίδων
2789 869 2900 939 (66)
2978 867 3146 937 αὐτὴν
3245 867 3702 940 ἆναπτύσσεσθαι,
3786 869 3901 925 ὑπὸ

2221 957 2433 1026 πετρῶν
2503 951 2775 1010 λισσάδων
2834 954 2924 1011 καὶ
2982 957 3259 1029 ποταμίου
3362 956 3633 1033 ῥεύματος
3708 958 3767 1021 ές
3834 959 3902 1013 τὸ

2223 1044 2400 1114 πάντη
2447 1049 2728 1102 συνιοῦσαν
2777 1046 3122 1121 στενόπορον.
3176 1049 3275 1105 Ἐκ
3321 1045 3380 1103 δὲ
3423 1050 3711 1125 Λαρίσσης
3757 1050 3895 1123 ἄρας

2222 1132 2544 1212 προύχώρει
2592 1140 2711 1196 τοῖς
2758 1130 3080 1211 ἔμπροσθεν,
3116 1134 3350 1211 μηδενὸς
3384 1138 3461 1201 εἰς
3505 1144 3710 1213 χεῖρας
3743 1138 3897 1209 αὖτῷ

2219 1221 2501 1294 προσιέναι
2549 1220 2764 1297 θαρῥεῖν
2816 1221 3063 1300 ἔχοντος.
3120 1227 3250 1299 Ὀψὲ
3304 1223 3360 1281 δὲ
3410 1228 3499 1281 καὶ
3556 1225 3733 1299 μόλις
3764 1226 3895 1301 περὶ

2219 1308 2314 1369 τὰς
2361 1307 2721 1382 Θερμοπύλας
2763 1307 2935 1387 λόχον
2983 1313 3011 1367 ὁ
3063 1312 3307 1390 Σγουρὸς
3338 1314 3488 1369 Λέων
3520 1313 3896 1381 ὑποκαθίσας,

2227 1395 2395 1472 μηδὲν
2456 1396 2601 1454 δέτι
2659 1402 2749 1454 καὶ
2802 1398 3001 1477 δράσας
3056 1407 3322 1477 γενναῖον,
3382 1400 3528 1458 ἀλλὰ
3589 1402 3690 1458 καὶ
3752 1405 3893 1479 πρὸς

2226 1482 2396 1560 μόνην
2422 1487 2522 1556 τήν
2580 1492 2691 1543 τῶν
2749 1489 2957 1544 ἱππέων
3012 1491 3253 1548 Λατίνων
3285 1486 3407 1565 ὄψιν
3449 1490 3895 1569 ἀλλοφρονγςσας

2224 1576 2398 1654 φυγὰς
2453 1576 2654 1642 ἐκεῖθεν
2714 1577 2767 1642 ἐς
2822 1580 2912 1635 τὸν
2974 1580 3386 1656 Ἀκροκόρινθον
3451 1580 3664 1656 ᾤχετο.
3718 1583 3782 1635 '0
3842 1580 3872 1636 ὂ

2222 1666 2465 1740 Σγουρὸς
2498 1667 2658 1732 οὗτος
2707 1666 2768 1724 ix
2818 1673 2919 1725 τοῦ
2971 1669 3260 1727 Ναυπλίου
3287 1672 3654 1747 γεγενημένος
3692 1672 3869 1746 χρόνο

2228 1755 2324 1828 μὲν
2353 1777 2473 1812 τινα
2500 1761 2608 1812 τῶν
2641 1755 2703 1813 ἐκ
2741 1762 2840 1815 τοῦ
2886 1761 3073 1833 γένους
3125 1760 3215 1835 βίᾳ
3271 1760 3487 1833 μᾶλλον
3517 1758 3669 1836 ἤπερ
3702 1763 3899 1816 πειθοῖ

2220 1844 2508 1920 κατίσχυε,
2549 1847 2800 1921 πατρῷόν
2846 1868 2900 1903 τι
2952 1850 3147 1924 μέτρον
3196 1845 3528 1924 ἀναπληρῶν
3578 1850 3673 1904 καὶ
3709 1849 3896 1924 χειρί-

2224 1937 2311 2003 ζον
2358 1933 2466 2010 οὐχ
2520 1935 2768 2009 αἱμάτων
2826 1938 3119 2008 καθαρεῦον
3160 1934 3563 2012 κληρούχημα·
3601 1938 3689 1993 ἀεὶ
3724 1936 3788 1992 δὲ
3817 1942 3897 2009 τῷ

2220 2027 2328 2078 τῶν
2382 2024 2716 2098 πραγμάτων
2770 2024 3051 2099 ἀνωμάλῳ
3109 2024 3389 2090 ἐπιδιδοὺς
3441 2028 3533 2083 καὶ
3586 2033 3712 2088 τοῖς
3771 2049 3895 2084 στας

2224 2109 2444 2167 σιώδεσι
2473 2118 2684 2190 καιροῖς
2717 2112 3088 2188 οἰδαινόμενος
3140 2116 3307 2191 μέγας
3350 2113 3410 2170 ὲκ
3465 2120 3663 2190 μικροῦ
3696 2118 3896 2191 πρόει-

2224 2223 2330 2272 σιν,
2376 2202 2450 2264 ὡς
2497 2204 2550 2257 οἱ
2598 2203 2894 2282 χείμαρροι
2941 2209 3063 2268 τοῖς
3112 2198 3345 2280 ὄμϐροις
3390 2206 3481 2261 καὶ
3526 2211 3638 2266 τοῖς
3670 2206 3891 2279 βιαίοις

2220 2290 2288 2347 τὰ
2344 2291 2560 2367 κύματα
2614 2292 2906 2369 πνεύμασι.
2981 2295 3061 2352 Τὸ
3144 2295 3251 2371 γὰρ
3311 2290 3619 2350 ἱππόϐοτον
3678 2297 3900 2370 Ἀργος

2227 2381 2606 2451 ὑπονοοεύσας,
2637 2381 2726 2438 καὶ
2757 2380 2845 2438 ἐπὶ
2875 2380 3017 2455 τῷδε
3060 2384 3159 2453 τήν
3211 2383 3473 2459 Κόρινθον
3505 2383 3890 2458 ληϊσάμενος,

2223 2470 2312 2526 καὶ
2353 2471 2577 2545 πρωϊὼν
2636 2470 2718 2526 ἀεὶ
2763 2476 2881 2533 τοῖς
2941 2472 3331 2547 λῃστεύμασιν,
3406 2474 3523 2528 εἶτα
3600 2474 3697 2529 καὶ
3774 2480 3895 2536 ταῖς

2223 2560 2481 2629 ’Δθήναις
2548 2560 2738 2622 αὐταῖς
2792 2562 3103 2636 προσήραξε
3165 2562 3301 2635 μετὰ
3353 2562 3689 2635 πολεμικῶν
3749 2569 3896 2634 νηῶν

2223 2649 2313 2705 καὶ
2369 2648 2461 2705 τὸν
2522 2649 2736 2722 Ἰσθμὸν
2822 2646 3135 2713 διελθόντος
3202 2651 3636 2728 στρατεύματος,
3710 2650 3895 2707 ἐλπίσι

2227 2737 2575 2813 θαλπόμενος
2623 2739 2699 2804 ὡς
2749 2738 3001 2816 εὐμαρῶς
3054 2742 3316 2816 κρατήσει
3361 2747 3461 2811 τῆς
3500 2739 3895 2816 ἀκροπόλεως,

2226 2825 2262 2897 ἤ
2294 2832 2423 2902 γοῦν
2458 2826 2743 2891 ἑλεπόλεις
2775 2827 3070 2902 έπιστήσας
3120 2829 3196 2894 ὡς
3241 2828 3522 2903 ἀπόλεμον
3570 2832 3811 2904 apertast
3839 2831 3896 2885 τὸ

2222 2913 2377 2973 ἓνδον
2461 2917 2916 2994 ἀπομαχόμενον.
2984 2923 3084 2975 Ἦν
3153 2916 3201 2974 δ’
3266 2918 3681 2992 ἀναπεμπάζων
3744 2915 3895 2999 φρεσέ

2222 3006 2313 3061 καὶ
2352 3004 2575 3069 είκαίως
2644 3006 3026 3082 διανοούμενος
3077 3008 3145 3063 τὰ
3213 3009 3290 3082 μὴ
3349 3008 3516 3083 πέρας
3551 3007 3712 3071 ὅλως
3745 3004 3892 3082 δεξό-

2227 3116 2375 3169 μενα.
2432 3098 2493 3154 Ὀ
2548 3097 2650 3173 γὰρ
2691 3097 3041 3173 ἀρχιποιμὴν
3103 3099 3348 3169 ’Δθηνῶν
3404 3098 3650 3175 Μιχαὴλ
3706 3101 3735 3154 ὁ
3767 3102 3891 3157 Χω-

2222 3182 2409 3255 νιᾶτης
2467 3185 2813 3261 (κασίγνητος
2879 3187 3039 3253 οὗτος
3094 3186 3247 3260 ἐμὸς,
3308 3187 3399 3243 καὶ
3468 3186 3637 3261 ἐμὸςο
3702 3188 3893 3266 ἐγκαλ·

2226 3272 2541 3348 λωπίζομαι
2598 3276 2702 3352 γὰρ
2756 3279 2825 3350 τῇ
2912 3276 3294 3352 ὁμογνιότητι,
3350 3278 3440 3332 καὶ
3511 3277 3710 3356 χαίρω
3777 3279 3891 3341 καθ’

2224 3366 2363 3438 αἷμα
2416 3367 2494 3435 τῷ
2539 3360 2694 3439 ἀνδρὶ
2760 3365 3189 3439 συναπτόμενος,
3243 3366 3288 3422 εἰ
3370 3367 3463 3421 καὶ
3515 3373 3631 3436 τῆς
3690 3366 3882 3442 iper-3,:

2223 3454 2311 3511 καῖ
2369 3457 2467 3511 τοῦ
2524 3451 2693 3529 λόγου
2742 3454 2879 3512 κατᾶ
2935 3452 3225 3531 διάμετρον
3275 3453 3657 3531 ἐκδιίσταμαι)
3716 3459 3783 3513 τὸ
3813 3457 3881 3511 οἰ-

2224 3548 2371 3598 κεῖον
2402 3541 2577 3618 λάχος
2636 3544 2777 3619 ὀρῶν
2826 3547 2943 3618 (67)
2990 3548 3100 3601 τῶν
3132 3545 3297 3602 αὐτοῦ
3324 3544 3546 3623 βουλῶν
3576 3548 3674 3603 καὶ
3707 3549 3880 3624 εὐχῶν

2225 3632 2569 3708 ἐξεχόμενον,
2628 3632 2743 3690 ἐπεὶ
2799 3629 3217 3706 παρευϐαλόντα
3274 3636 3527 3692 θεάσαιτο
3571 3638 3676 3694 τὸν
3711 3644 3880 3713 Σγου-

2228 3724 2342 3799 ρὸν,
2375 3720 2512 3798 ἔγνω
2546 3721 2787 3798 μετιέναι
2840 3727 3038 3780 τοῦτον
3096 3724 3392 3804 θεοφιλῶς,
3423 3725 3478 3782 εἷ’
3531 3749 3661 3788 πως
3692 3726 3879 3793 Eata?st

2224 3811 2530 3882 ἀποστῆσαι
2563 3808 2871 3885 δυνήσεται,
2934 3811 3064 3887 μηδ’
3125 3813 3316 3879 ἄλλως
3357 3817 3657 3887 ἀσυνήθως
3693 3814 3880 3893 ἔχοντα

2224 3900 2361 3977 πρὸς
2411 3899 2593 3968 αὐτὸν,
2637 3899 2691 3964 ές
2736 3898 2795 3963 δὶ
2842 3901 3048 3980 λόγους
3102 3901 3416 3974 ὶληλυθότα
3446 3904 3756 3969 πολλάκις.
3787 3906 3880 3965 Καὶ

2226 3988 2293 4061 δὴ
2327 3991 2401 4053 ὡς
2458 3990 2509 4064 ἒξ
2570 3987 2893 4067 ὑπερδεξίων
2949 3998 3049 4063 τῆς
3117 3987 3334 4057 πόλεως
3383 3993 3598 4066 τοξεῦει
3638 3991 3879 4070 παραινέ·

2224 4101 2360 4136 σεων
2409 4078 2671 4156 βέλεμνα,
2718 4081 2809 4137 καὶ
2846 4085 2915 4155 τῇ
2953 4086 3291 4157 ποιμαντικῇ
3342 4080 3618 4161 σφενδόνῃ
3651 4080 3875 4160 ἂκροῶ

2226 4169 2432 4242 λίζεται
2473 4167 2706 4247 διαφεὶς
2747 4169 3023 4237 θεόπλοκα
3072 4170 3313 4249 ῥήματα.
3345 4173 3502 4228 Ἐστι
3543 4170 3594 4229 δ’
3646 4175 3761 4246 ὅπη
3798 4175 3878 4229 ui

2226 4261 2300 4324 ὡς
2367 4259 2417 4332 ἐξ
2484 4258 2767 4317 έλεπόλειν
2811 4266 2919 4318 τῶν
2986 4267 3263 4337 πατρικῶν
3330 4261 3580 4319 ἀπειλῶν
3636 4271 3878 4338 πειρᾶται

2223 4347 2524 4405 κατασείειν
2554 4348 2617 4405 τὸ
2650 4345 2857 4405 ἐκείνου
2906 4349 3183 4427 φρόνημα,
3254 4351 3332 4421 μὴ
3392 4347 3504 4406 δεῖν
3570 4350 3754 4427 λέγων
3785 4350 3878 4406 ἀπὸ

3878 1628 3903 1659 ν

474 4457 570 4501 ses
595 4458 728 4498 vero
749 4452 802 4499 et
833 4442 1123 4515 ipsum,ut
1143 4442 1283 4500 locis
1313 4441 1546 4511 distent,
1580 4443 1659 4505 ita
1682 4441 1828 4501 nihil
1869 4440 2117 4497 invicem

2227 4435 2466 4512 Χριστοῦ
2503 4437 2843 4510 καλούμενον
2898 4437 2991 4494 καὶ
3045 4438 3349 4512 Ῥωμαίοις
3396 4441 3878 4515 συνεξεταζόμενον

476 4528 692 4591 habere
722 4531 964 4605 negotii,
995 4537 1052 4587 et
1103 4531 1175 4591 ab
1230 4530 1393 4587 omni
1448 4530 1821 4590 aemulatione
1865 4536 2117 4587 remotos

2230 4524 2319 4584 διὰ
2351 4528 2539 4604 μάχης
2593 4528 2885 4601 Ῥωμαίοις
2944 4534 3173 4605 χωρεῖν,
3230 4530 3277 4585 εί
3336 4532 3413 4603 μή
3456 4536 3755 4587 πιστοῦται
3785 4530 3876 4605 μόο

474 4634 622 4675 esse.
652 4622 799 4677 Cum
829 4622 991 4677 urbis
1022 4638 1194 4692 porro
1220 4622 1518 4679 sacerdote
1566 4622 1714 4677 nihil
1763 4623 2116 4678 intercedere

2223 4640 2340 4681 νοις
2399 4622 2488 4693 [P.
2521 4621 2648 4694 391]
2707 4619 2921 4695 χείλεσι
2973 4621 3037 4675 τὸ
3096 4621 3516 4695 Χριστώνυμον,
3576 4623 3654 4686 ὡς
3701 4622 3873 4690 ἐσθῆτι

475 4708 592 4773 nisi
622 4711 720 4784 pia
746 4718 801 4767 et
833 4710 1165 4784 spiritualia
1220 4713 1588 4779 commercia,
1624 4711 1902 4784 quoniam
1960 4710 2117 4771 hunc

2223 4708 2315 4763 καὶ
2346 4707 2568 4783 γλώττῃ
2613 4710 2707 4763 τὸν
2754 4706 3052 4781 ’Βωμαίοις
3105 4709 3420 4784 ὁμόφωνον,
3471 4714 3543 4783 τῇ
3589 4707 3647 4766 δὲ
3691 4708 3877 4786 καρδία

472 4798 600 4871 ipse
628 4783 941 4872 patrem’et
968 4805 1261 4872 pastorem
1291 4800 1584 4873 appellare
1615 4783 1913 4872 nunquam
1956 4816 2117 4858 recu-

2226 4799 2418 4877 πόῤῥω
2482 4798 2755 4871 πλάζοιτο
2819 4804 2927 4855 τῶν
2983 4783 3336 4874 καλουμένων
3375 4800 3483 4857 ἀπὸ
3523 4783 3789 4876 Χριστοῦ..
3817 4783 3878 4860 Τί

473 4888 639 4955 sarit,
671 4893 730 4951 et
758 4888 1045 4949 suavitate
1076 4888 1358 4947 orationis
1415 4889 1544 4961 ejus
1600 4889 1787 4961 magis
1830 4888 2117 4951 afﬁcietur

2229 4889 2288 4947 δὲ
2358 4889 2450 4945 καὶ
2523 4886 2671 4965 ἔχων
2747 4889 3058 4959 Ἀθηναίοις
3108 4887 3430 4967 ὲπεγκαλεῖν
3507 4896 3579 4966 τῇ
3659 4894 3872 4964 ’Δττικῇ

473 4996 652 5053 quam
684 4979 878 5043 mellis
907 4978 1233 5046 dulcedine,
1264 4994 1444 5050 eaque
1471 4995 1706 5052 semper
1753 4979 1866 5035 frui
1898 4979 2117 5051 cupiat,

2228 4979 2654 5054 έπεστράτευσες
2704 4984 2822 5042 τοῖς
2875 4979 2971 5053 μὲν
3025 4979 3127 5054 γὰρ
3156 4980 3389 5055 γείτοσιν
3419 4982 3699 5055 Ἀργείοις
3737 4984 3869 5057 εἶχεν

470 5070 566 5133 hic
584 5089 717 5131 vero
742 5071 936 5151 ipsum
958 5071 1020 5128 in
1050 5069 1445 5144 spiritualium
1466 5068 1785 5133 liberorum
1810 5086 2116 5133 numerum

2229 5067 2291 5129 ἄν
2319 5090 2375 5125 τι
2402 5068 2495 5126 καὶ
2533 5067 2745 5144 ἐπάγειν
2805 5068 2879 5132 ὡς
2938 5069 3168 5144 ὁμόροις
3224 5067 3475 5144 αἰτίαμα,
3504 5075 3705 5128 ποιοῦν
3733 5071 3871 5128 ἀνεύ-

1841 5189 2010 5251 Bier.
2056 5188 2271 5251 Wolﬁi
2313 5195 2503 5252 notas.

544 5331 655 5401 (66)
683 5331 807 5407 ’βπί
864 5326 1150 5407 τεσσάρων.
1196 5320 1456 5380 ἀσπίδων.
1488 5320 1643 5407 ,Ἐπὶ
1705 5324 1833 5407 μιᾷς
1890 5317 2117 5407 ἀσπίδος

2302 5323 2415 5394 (δη
2442 5321 2526 5404 τὸ
2585 5319 3247 5407 οῖδεεῖοῖ..λάχ9εηδρίῖξνε
3287 5327 3576 5407 οοιξνεςιί.
3609 5346 3763 5407 ,ραηι
3796 5328 3868 5382 σαί

473 5395 911 5483 παραταξάμενοι
944 5395 1443 5483 ψὰρ-Ιεοοιδιιιειη
1486 5396 1544 5452 in
1590 5396 1943 5483 archidamo
1976 5395 2119 5467 legi-
2229 5395 2479 5483 muneris
2508 5411 2621 5451 esse
2649 5395 2999 5464 intelligeret.
3033 5395 3249 5483 Quodsi
3307 5400 3402 5454 cui
3461 5395 3764 5473 displicet,
3781 5418 3863 5483 re;

472 5466 591 5527 tur.
624 5466 785 5535 Quod
819 5474 914 5528 vix
942 5466 1220 5529 credibile
1248 5470 1498 5533 videtur,
1532 5468 1717 5524 aciem
1757 5468 1823 5539 in
1874 5466 2119 5539 longum
2230 5471 2408 5538 ponat
2435 5483 2559 5522 cum
2587 5482 2750 5539 suum
2778 5483 3015 5537 gregem,
3048 5466 3136 5523 vel
3166 5469 3321 5526 cives
3349 5486 3516 5539 suos,
3546 5466 3589 5529 ἆ
3634 5466 3867 5530 consilii:

472 5544 911 5669 ἓέιρῗέἒῧὶίοὲἓ
938 5559 1053 5602 uno
1084 5542 1206 5602 viro
1236 5541 1677 5616 profundiorem
1708 5537 1911 5598 multis
1942 5537 2120 5597 milli;
2228 5537 2279 5596 ιι
2304 5540 2561 5613 precibus
2586 5538 2707 5597 suis
2728 5539 2975 5612 pendere
3001 5539 3230 5599 videret.

809 5630 838 5668 s
908 5652 924 5669 .
