4072 6218
189 406 313 469 993

1640 400 1844 464 UIlBS
1888 403 2171 465 CAPTA.

3489 404 3610 470 994

183 541 350 595 θυνον
380 534 606 607 ὁπωσδὴ
656 539 758 608 τὴν
812 534 1030 592 ἐκείνων
1080 532 1459 612 καταδρομὴν,
1511 535 1587 598 ὡς
1645 537 1845 610 Κοριν-

1963 536 2237 593 retulerit.
2269 540 2354 595 Ac
2371 538 2525 596 802
2574 539 2916 613 hujusmodi
2966 540 3147 598 armis
3178 558 3321 601 usus
3357 543 3603 603 Michael

186 630 337 695 οίοις
394 631 678 704 προσῆψεν
736 625 975 704 ἔναγχος
1025 625 1279 703 ἔγκλημα
1310 627 1406 689 τὰς
1461 631 1557 681 τοῦ
1594 625 1850 701 ἀρχιποί-

188 741 358 794 μενος
420 718 692 794 Κορίνθου
773 719 887 772 κατ’
974 717 1143 772 αὐτοῦ
1198 714 1472 778 πολλάκις
1527 711 1849 782 ἐπιϐουλὰς,

182 810 385 865 ὁπόθεν
409 809 498 863 καὶ
531 808 595 863 τὸ
654 805 937 862 Ναύπλιον
997 806 1248 881 στρατιὰν
1305 806 1595 879 Ῥωμαίων
1625 802 1849 880 emam-

187 908 398 976 μοῦσαν
421 902 631 975 ἑώρακε
659 900 748 954 καὶ
802 906 936 968 νῆας
991 898 1044 961 ἐς
1075 897 1204 953 αὐτὸ
1241 896 1688 959 καταπλευσάσας
1745 916 1845 951 πο-

187 988 451 1063 λεμικάς.
515 989 799 1056 Ἀθηναῖοι
865 984 922 1041 δὲ
974 987 1066 1041 καὶ
1135 985 1318 1059 αὐτὸς,
1376 984 1557 1060 ὣσπερ
1610 989 1854 1048 τοπικῶς

185 1078 578 1157 ἀφεστήκασιν,
634 1075 781 1131 οὕτω
854 1075 944 1130 καὶ
1002 1078 1100 1130 τοῦ
1185 1068 1333 1150 ἔχειν
1396 1074 1690 1150 πράγματα
1765 1073 1852 1129 καὶ

188 1170 313 1223 κατ’
364 1165 635 1237 ἀλλήλων
718 1170 921 1240 χωρεῖν
1011 1163 1339 1243 φιλονείκως
1410 1163 1671 1220 πλεῖστον
1730 1163 1855 1219 ὅσον

190 1255 548 1334 διείργονται.
581 1257 660 1311 Τά
688 1252 746 1309 δὲ
776 1255 917 1331 πρὸς
952 1254 1044 1310 τὸν
1077 1253 1223 1329 ἱερέα
1277 1260 1378 1324 τῆς
1441 1251 1660 1315 πόλεως
1701 1251 1854 1309 οὐδὲν

188 1349 279 1404 ὅτι
317 1349 392 1421 μὴ
443 1346 511 1401 τὰ
567 1344 743 1401 πάντα
805 1346 1038 1422 θεοφιλῆ
1089 1345 1180 1399 καὶ
1237 1345 1597 1417 πνευματικὰ,
1656 1343 1770 1420 εἲγε
1824 1343 1854 1398 ὁ

190 1436 300 1510 μὶν
363 1432 566 1508 πατέρα
646 1434 737 1488 καὶ
821 1435 1055 1507 ποιμένα
1110 1436 1301 1488 τοῦτον
1380 1432 1668 1506 ὀνομάζειν
1729 1429 1855 1488 οὐδέ

186 1545 332 1581 ποτε
362 1526 698 1596 ἀπηνήνατο,
732 1523 821 1578 καὶ
848 1522 917 1578 τὰ
945 1530 1047 1592 τῆς
1078 1521 1244 1578 αὐτοῦ
1290 1523 1546 1598 γλώττης
1610 1522 1854 1596 ῥήματα,

196 1614 302 1670 ὅσα
355 1613 444 1669 καὶ
513 1613 689 1688 γλυκὺ
750 1610 1052 1688 μελίκηρον
1117 1610 1376 1688 βλίττειν,
1460 1609 1693 1685 ὠρεκτία
1767 1609 1856 1667 διὰ

195 1704 401 1766 παντὸς
433 1700 745 1778 δρέπεσθαι,
777 1703 809 1757 ὁ
838 1699 896 1756 δὶ
926 1701 1080 1757 παισὶ
1137 1705 1256 1764 τοῖς
1317 1702 1456 1756 κατά
1511 1704 1727 1775 πνεῦμα
1761 1701 1857 1758 τὸν

193 1793 442 1868 Σγουρὸν
520 1789 796 1869 ἐνέγραφε.
857 1793 957 1846 Καὶ
1018 1787 1257 1846 τοιοῖσδε
1331 1790 1623 1865 χρώμενος
1659 1788 1857 1853 ὅπλοις

1958 628 2303 698 precabatur
2356 636 2423 685 ut
2489 630 2625 685 inde
2677 632 2990 687 recederet.
3047 637 3264 690 Scurns
3322 650 3454 692 vero
3487 653 3602 693 non

1956 716 2401 774 dissimulanter
2431 719 2790 790 praetendens
2820 736 2882 775 se
2914 720 3030 777 vim
3092 739 3259 794 posse
3310 724 3515 794 facere,
3548 729 3605 782 et

1960 817 2213 880 tempora
2248 811 2460 865 intueri
2485 811 2727 881 jubens,
2758 826 2888 885 qum
2919 830 3021 883 pro
3052 815 3275 871 viribus
3316 832 3606 890 quemque

1957 913 2125 968 agere
2157 905 2481 969 mouerent,
2541 916 2674 956 cum
2735 903 2997 959 omnium
3060 905 3289 959 urbium
3341 908 3611 979 princeps

1957 986 2347 1043 at’ﬂictissima
2375 992 2550 1059 esset,
2602 990 2853 1061 denique
2912 993 3247 1060 postulabat
3277 1000 3340 1048 ut
3370 995 3607 1065 quidam

1958 1076 2297 1132 adolescens
2315 1077 2384 1132 ad
2410 1093 2609 1134 necem
2626 1079 2737 1135 sibi
2762 1080 3085 1138 dederetur.
3117 1081 3295 1145 Quem
3323 1083 3428 1138 etsi
3459 1084 3610 1139 alius

1956 1164 2170 1236 aliquis
2189 1165 2362 1222 etiam
2398 1184 2511 1223 non
2563 1169 2778 1240 petenti
2836 1168 3217 1226 libentissime
3262 1172 3607 1240 dedidisset,

1960 1260 2025 1310 ut
2055 1271 2253 1310 semen
2287 1256 2556 1329 iniquum
2606 1267 2655 1314 et
2720 1258 2924 1315 multis
2977 1267 3275 1317 auctorem
3310 1261 3602 1331 interitus,

1961 1345 2214 1415 pessima
2239 1361 2482 1417 quaeque
2512 1352 2570 1402 et
2601 1362 2776 1402 manu
2799 1352 2856 1404 et
2875 1349 3120 1405 consilio
3138 1356 3339 1405 contra
3362 1352 3608 1422 patriam

1959 1431 2280 1487 machinari
2312 1431 2572 1498 solitum,
2605 1432 2703 1489 ille
2752 1440 3014 1504 apertum
3074 1437 3274 1506 patrias
3329 1453 3613 1508 persecu-

1959 1525 2142 1576 torem
2175 1524 2233 1576 et
2270 1520 2596 1592 spiritualis
2641 1523 2889 1579 nutricis
2947 1523 3213 1580 Ecclesia;
3268 1525 3609 1583 violatorem

1958 1616 2014 1665 et
2043 1610 2471 1676 insidiatorem,
2503 1615 2674 1683 cujus
2697 1611 2977 1669 violentos
3023 1619 3268 1670 conatus
3308 1617 3524 1687 saepius
3556 1621 3614 1672 et

1959 1699 2086 1770 ipse
2116 1703 2390 1772 expertus
2419 1704 2565 1769 erat,
2598 1703 2655 1756 in
2685 1716 2885 1757 eorum
2940 1718 3184 1759 numero
3213 1703 3422 1759 habuit
3462 1721 3612 1777 quos

1960 1788 2292 1862 evangelica
2321 1790 2612 1862 diligeret,
2645 1790 3026 1864 neglectaque
3056 1791 3234 1847 Scuro
3283 1793 3608 1864 supplicem

197 1884 397 1939 ἰκεῖθεν
455 1886 757 1958 παρῃτεῖτο
784 1880 879 1936 τὸν
937 1877 1106 1955 ἄνδρα
1165 1885 1528 1956 μεταχωρεῖν.
1560 1880 1624 1938 Ὁ
1681 1876 1739 1934 δὲ
1792 1881 1855 1981 te

1964 1879 2242 1938 defendit.
2276 1881 2388 1937 Sed
2413 1898 2545 1938 cum
2575 1882 2797 1939 leonem
2821 1883 2985 1940 illum
3046 1884 3405 1956 sapientibus
3450 1885 3613 1942 hisce

195 1971 457 2029 δύνασθαι
557 1971 833 2047 βιάζεσθαι
933 1971 1203 2049 πρόφασιν
1298 1968 1670 2045 ἀπαραίτητον
1766 1964 1854 2025 καὶ

198 2059 659 2137 ἄπαρακάλυπτον
690 2056 1174 2135 προϐαλλόμενος,
1230 2058 1320 2114 καί
1376 2059 1466 2114 τὸν
1512 2058 1701 2134 καιρὸν
1738 2057 1859 2114 ἐνά-

195 2174 318 2231 γων
352 2153 477 2227 ὁρᾷν
509 2151 672 2206 παντὶ
730 2151 791 2205 τὸ
843 2148 983 2225 πρὸς
1045 2149 1239 2227 ἰσχύος
1288 2145 1417 2223 δρᾷν
1476 2143 1861 2204 ὑποϐάλλοντα

196 2239 278 2301 ὡς
312 2240 397 2294 οἷα
428 2244 529 2308 τῆς
587 2241 694 2293 τῶν
749 2235 968 2293 πόλεων
1015 2240 1201 2291 πασῶν
1259 2232 1561 2313 κορωνίδος
1615 2235 1683 2290 τὰ
1749 2239 1858 2291 τῶν

192 2329 344 2385 ’ὁλων
388 2327 715 2403 πασχούσης
774 2326 1044 2402 χείριστα,
1073 2323 1158 2382 ἓτι
1213 2322 1271 2380 δὲ
1333 2324 1424 2380 καί
1477 2345 1599 2381 τινα
1650 2324 1858 2380 νεανίαν

195 2415 488 2487 ἐκδοθῆναι
532 2418 583 2472 o't
620 2417 759 2491 πρὸς
793 2416 1022 2480 θάνατον
1082 2412 1260 2477 πολὺς
1311 2413 1542 2469 ἐνέκειτο
1591 2412 1857 2488 ἐκζητῶν,

190 2508 252 2562 ὃν
294 2506 467 2568 ἄλλος
503 2506 599 2580 μὶν
641 2505 732 2560 καὶ
794 2506 870 2577 μή
939 2501 1284 2577 αἶτησαμένῳ
1341 2502 1477 2578 μετᾶ
1504 2503 1861 2582 περιχαρείας

188 2592 512 2671 προῦδωκεν
569 2593 655 2663 ἄν,
720 2594 935 2667 σπέρμα
991 2590 1176 2648 ἄδικον
1227 2592 1321 2647 καὶ
1390 2591 1594 2665 ἄνομον
1661 2594 1863 2669 κρίνων

191 2687 275 2749 ὡς
307 2683 545 2747 πολλοῖς
609 2684 896 2760 παραίτιον
942 2680 1244 2753 ἀπωλείας,
1275 2683 1366 2736 καὶ
1406 2687 1510 2737 πᾶν
1539 2680 1569 2736 δ
1597 2703 1649 2738 τι
1681 2682 1860 2759 χείρι-

193 2797 328 2832 στον
386 2775 522 2831 κατᾶ
578 2780 680 2845 τῆς
739 2775 931 2829 ἑαυτοῦ
985 2770 1250 2849 πατρίδος
1304 2779 1406 2842 τῆς
1447 2775 1712 2841 Ἀττικῆς
1766 2772 1858 2827 καὶ

193 2866 471 2943 χειρίκαὶ
508 2866 701 2941 γνώμῃ
764 2862 1213 2940 διαπραξάμενον·
1247 2863 1276 2917 ὁ
1337 2859 1393 2917 δὲ
1452 2861 1545 2917 τὸν
1606 2860 1859 2937 λαμπρὸν

196 2953 443 3026 διώκτην
475 2961 577 3024 τῆς
630 2952 954 3029 ἐνεγκούσης
1008 2950 1099 3007 καὶ
1157 2957 1256 3020 τῆς
1317 2952 1455 3006 κατὰ
1503 2954 1717 3024 πνεῦμα
1770 2971 1857 3005 τι-

195 3043 737 3117 θηνοῦΈκκλησίας
789 3037 1049 3118 ὑϐριστὴν
1095 3041 1186 3097 καὶ
1246 3036 1559 3113 ἐπίϐουλον,
1609 3042 1699 3096 καὶ
1758 3042 1859 3111 τήν

187 3140 369 3210 ’χεῖρα
407 3136 526 3189 κατ’
574 3133 739 3188 αὐτοῦ
797 3130 1069 3194 ποΛλάκις
1111 3130 1431 3201 ὁπλίσαντα,
1484 3136 1603 3192 τοῖς
1658 3129 1858 3209 φιλου-

196 3226 391 3302 μένοις
464 3224 830 3300 εύαγγελικῶς
913 3221 1204 3300 ἐγγράφων
1269 3221 1359 3277 καὶ
1424 3220 1697 3297 περιέπων
1776 3222 1851 3282 ὡς

1971 1970 2211 2025 monitis
2244 1969 2467 2040 placare
2500 1988 2615 2027 non
2649 1978 2865 2044 posset,
2897 1974 3118 2046 aspidis
3173 1975 3230 2029 iu
3278 1989 3496 2030 morem
3531 1974 3614 2029 ul-

1968 2062 2055 2113 tro
2069 2075 2242 2115 aures
2263 2060 2635 2115 obturantem
2660 2069 2711 2116 et
2734 2061 2927 2118 omnis
2951 2061 3306 2134 generistela
3325 2063 3383 2117 in
3419 2079 3607 2119 arcem

1970 2148 2389 2220 conjicientem,
2445 2155 2606 2205 orato
2664 2149 2780 2205 Deo
2811 2157 2876 2205 ut
2902 2150 2957 2205 in
2994 2152 3277 2206 nefarium
3312 2151 3611 2207 hominem

1968 2240 2028 2292 et
2047 2236 2525 2293 subnascentium
2560 2236 2851 2293 malorum
2885 2243 3182 2295 auctorem
3233 2237 3456 2295 cladem
3489 2256 3613 2295 om-

1970 2340 2102 2380 nem
2135 2329 2512 2394 converteret,
2574 2326 2881 2383 machinas
2937 2335 2995 2383 et
3040 2328 3169 2399 ipse
3229 2326 3288 2381 in
3323 2328 3615 2384 mwnibus

1970 2414 2249 2487 disponit,
2282 2415 2615 2488 ibidemque
2645 2415 2979 2488 sagittarios
3010 2421 3066 2471 et
3089 2416 3414 2473 funditores
3435 2416 3615 2473 collo-

1971 2512 2078 2559 cat.
2110 2504 2257 2561 Nam
2288 2506 2423 2577 quid
2480 2504 2578 2561 ille
2626 2506 2697 2561 ad
2752 2504 3181 2577 prepulsandos
3236 2505 3437 2563 hostes
3494 2523 3610 2563 non

1969 2595 2275 2663 eﬂecisset,
2308 2594 2396 2650 vir
2413 2594 2572 2650 omni
2597 2595 2860 2650 doctrina
2875 2594 3029 2650 808
3068 2611 3367 2651 sacrarum
3392 2604 3444 2652 et
3478 2613 3612 2668 pro-

1969 2683 2235 2738 fanarum
2263 2682 2587 2739 litterarum
2622 2683 2944 2755 perpolitus
2975 2700 3326 2756 summaque
3344 2685 3616 2741 facundia

1968 2772 2358 2845 ornatus?qui
2373 2773 2422 2829 si
2441 2771 2865 2845 voluisset,igni
2882 2773 3078 2845 pluere
3094 2789 3266 2846 super
3279 2776 3615 2831 temerarios

1968 2864 2070 2917 aut
2090 2862 2404 2917 crabrones
2428 2863 2486 2917 in
2509 2862 2822 2918 exercitum
2853 2863 3167 2919 immittere
3195 2863 3486 2935 potuisset
3517 2868 3619 2920 aut

1967 2950 2187 3022 aliquid
2212 2950 2361 3006 alius
2389 2951 2472 3007 eis
2522 2951 2910 3023 perniciosum
2943 2952 3227 3008 divinitus
3275 2954 3609 3025 impetrare.

1965 3039 2332 3112 Nequeenim
2349 3044 2655 3096 cunctatus
2668 3045 3067 3107 essetDeus,si
3088 3058 3297 3098 manus
3312 3042 3406 3098 ille
3419 3046 3613 3099 sustu-

1965 3129 2131 3185 lisset
2153 3135 2254 3185 aut
2276 3129 2428 3186 labia
2449 3132 2519 3186 ad
2536 3129 2960 3186 invocationem
2978 3132 3237 3187 numinis
3263 3131 3612 3203 aperuisset.

1962 3219 2071 3275 Sed
2090 3236 2123 3274 a
2141 3218 2242 3275 tali
2271 3218 2356 3275 vel
2381 3220 2751 3291 cogitatione,
2781 3219 2997 3276 nedum
3022 3221 3190 3287 facto,
3215 3237 3348 3277 eum
3374 3221 3614 3278 abduxit

188 3282 508 3393 irpéarp'oya,
741 3282 1438 3389 Eyvoupézlnrtezpemtémto.
1497 3282 1586 3375 :0:
1646 3308 1694 3365 δ’
1752 3311 1852 3366 οὔκ

1964 3311 2049 3367 eis
2071 3310 2169 3382 qui
2185 3308 2331 3366 tllios
2347 3282 2585 3366 ιοηῇτυὶ
2603 3282 3063 3381 compescuit,ne
3078 3282 3269 3381 ignem
3290 3311 3432 3367 coelo
3448 3313 3614 3369 elice-

190 3406 320 3481 εἶχε
366 3403 457 3459 καὶ
511 3402 713 3459 πείθειν
795 3406 913 3466 ταῖς
970 3407 1163 3480 σοφαῖς
1225 3400 1447 3463 ταύταις
1489 3400 1852 3474 ὑποθημοσύ-

1962 3409 2250 3469 rent,cum
2270 3399 2484 3457 diceret
2504 3417 2517 3456 :
2537 3422 2566 3452 ‹‹
2582 3406 2666 3455 An
2683 3401 2918 3457 nescitis
2938 3417 3108 3472 οιηυε
3124 3401 3368 3473 Spiritus
3399 3402 3529 3458 sitis
3544 3403 3570 3457 i
3588 3425 3615 3453 ››

190 3515 320 3556 ναις
344 3493 548 3549 ἐκεῖνον
575 3494 669 3548 τὸν
710 3492 1084 3567 θηριώνυμον,
1122 3488 1336 3563 μᾶλλον
1389 3490 1484 3564 μὲν
1542 3490 1635 3545 οὗν
1687 3488 1777 3544 καὶ
1829 3490 1944 3545 κατ’
1996 3485 2197 3544 ἀσπίδα
2233 3489 2579 3567 κωφεύουσαν
2626 3489 2802 3544 ἑκοντὶ
2831 3489 2896 3545 τὰ
2938 3490 3051 3544 ὦτα
3081 3490 3217 3566 πρὸς
3246 3489 3443 3554 ταύτας
3472 3491 3618 3565 ἒώρα

194 3582 402 3660 βύοντα
455 3583 545 3637 καὶ
606 3578 743 3656 βέλη
779 3577 1095 3636 παντοδαπά
1149 3584 1266 3641 τοῖς
1325 3579 1417 3634 ἒπῖ
1480 3584 1582 3649 τῆς
1631 3576 1990 3654 ἀκροπόλεως
2020 3578 2260 3655 ἀφιέντα,
2301 3580 2441 3635 κατά
2476 3582 2573 3634 τοῦ
2602 3578 2824 3634 ἀνοσίου
2854 3580 2940 3634 καὶ
2976 3578 3152 3634 αἰτίου
3183 3584 3290 3635 τῶν
3324 3579 3611 3657 φυομένων

191 3677 378 3729 κακῶν
420 3673 558 3726 ἅπαν
598 3670 974 3745 ἀποτρόπαιον
1002 3668 1293 3743 τραπέσθαι
1320 3668 1448 3724 Θεὸν
1477 3667 1809 3741 ἱλασάμενος
1839 3670 1974 3743 (68),
2005 3672 2112 3723 τῶν
2145 3673 2345 3748 τειχῶν
2379 3667 2581 3724 ἃνωθεν
2610 3669 2857 3734 κάκεῖνος
2885 3668 3162 3740 ἀνθίστησι
3208 3670 3608 3742 μηχανήματα,

193 3764 434 3824 καὶτοῖς
463 3761 674 3840 τείχεσι
704 3758 953 3839 ἐφίστησι
984 3760 1047 3815 τὸ
1081 3756 1309 3834 βάλλειν
1369 3757 1429 3813 ἐκ
1478 3758 1668 3837 χειρὸς
1723 3755 2036 3831 δυνάμενον.
2093 3758 2192 3812 Καὶ
2221 3759 2273 3812 τί
2312 3757 2416 3834 γὰρ
2448 3758 2548 3813 οὐκ
2578 3755 2637 3813 ἄν
2668 3757 3027 3833 διαπεπράχει
3055 3760 3165 3813 τῶν
3195 3756 3477 3829 πολεμίων
3535 3755 3613 3819 εἷς

196 3848 544 3924 ἀποσόϐησιν
577 3852 711 3926 ἀνὴρ
740 3851 890 3920 ἥκων
949 3846 1037 3905 διὰ
1090 3848 1270 3919 πάσης
1320 3847 1508 3929 σοφίας
1563 3848 1654 3902 καὶ
1694 3847 1954 3903 παντοίαν
2017 3847 2249 3921 μάθησιν
2278 3847 2511 3923 λογικήν
2543 3849 2621 3912 ὡς
2667 3846 2930 3922 οὐδεμίαν
2958 3847 3139 3922 ἓτερος
3174 3846 3366 3915 ἒπιὼν,
3400 3846 3520 3900 ὅσαι
3551 3864 3611 3899 τε

201 3946 424 4017 ουραῖαι
452 3942 542 3995 καὶ
566 3939 686 3995 ὅσαι
717 3941 979 4013 ἡμέτεραι
1017 3957 1030 4008 ;
1065 3936 1133 3993 Ei
1164 3934 1209 3992 δ’
1239 3931 1536 4008 ἠϐούλετο,
1567 3938 1713 4016 εἶχεν
1745 3935 1807 3992 ἄν
1842 3936 1933 3992 καὶ
1965 3942 2072 4011 πῦρ
2105 3937 2248 3993 ὕσειν
2287 3935 2369 3992 ἐπ’
2408 3936 2744 4002 ἀτασθάλους
2802 3936 2838 4007 ἤ
2898 3945 3106 4015 σφῆκας
3165 3936 3445 4013 ἐπαφεῖναι
3529 3939 3608 4007 τῷ

201 4028 584 4106 στρατοπέδῳ,
618 4027 727 4084 εἴτε
765 4049 816 4082 τι
847 4026 1031 4102 ἓτερον
1064 4025 1292 4089 ἐκείνοις
1326 4025 1580 4101 ὀλέθριον
1615 4026 1937 4096 αίτῆσασθαι
1969 4025 2147 4091 θεόθεν
2180 4026 2271 4081 καὶ
2297 4026 2585 4100 λήψεσθαι·
2621 4025 2745 4082 οὐδὲ
2775 4027 2879 4101 γὰρ
2911 4025 2971 4080 ἄν
3003 4027 3066 4081 τὸ
3100 4030 3252 4080 Θεῖον
3302 4019 3615 4099 ἐϐράδυνεν,

186 4121 236 4177 εί
271 4124 454 4196 χεῖρες
491 4119 782 4193 ὑψώθησαν
825 4116 1026 4172 ἐκεῖναι
1056 4114 1093 4186 ἥ
1118 4114 1283 4190 χείλη
1320 4112 1624 4190 διηρθησαν
1654 4114 1830 4170 ἐκεῖνα
1870 4116 2006 4188 πρὸς
2030 4119 2164 4170 Θεοῦ
2195 4113 2506 4185 ἒπίκλησιν.
2565 4116 2774 4192 ’Λπῆγε
2805 4111 2851 4169 3’
2909 4113 3069 4169 αὐτὸν
3126 4118 3223 4169 τοῦ
3282 4112 3528 4168 τοιοῦτόν
3558 4134 3610 4168 τι

184 4210 340 4273 ’ὀλως
374 4206 659 4276 διανοῆσαί
688 4226 745 4261 τε
775 4205 865 4261 καὶ
899 4202 1289 4280 διαπράξασθαι
1321 4205 1349 4259 ὁ
1375 4203 1502 4266 τοὺς
1535 4203 1687 4267 υἱοὺς
1720 4211 1821 4273 τῆς
1855 4204 2091 4280 βροντῆς
2122 4202 2367 4279 ἐπισχὼν
2400 4208 2498 4259 τοῦ
2530 4208 2636 4279 πῦρ
2689 4203 2889 4278 ὑψόθεν
2922 4207 3007 4279 [Ρ.
3042 4205 3169 4277 392]
3199 4207 3533 4279 κατενεγκεῖν
3567 4201 3617 4258 ἐν

180 4302 269 4370 τῷ
312 4297 509 4368 εἰπεῖν,
545 4319 572 4348 ‹‹
602 4296 720 4353 Οὐκ
750 4292 932 4350 οἳδατε
960 4293 1127 4350 ποίου
1158 4292 1277 4348 ἐστὶ
1306 4292 1638 4365 πνεύματος.
1676 4314 1704 4345 ι)

258 4389 322 4445 θ’.
380 4387 521 4461 Πρὸς
582 4384 673 4440 οῦν
728 4388 976 4439 τοιοῦτον
1034 4383 1366 4462 ἀντίμαχον,
1399 4381 1544 4437 οὕτω
1572 4382 1670 4456 μὲν
1713 4379 1853 4457 ἴδριν

2029 4383 2084 4439 9.
2118 4384 2337 4440 Scurus
2369 4385 2917 4457 autem,desperata
2966 4384 3229 4450 victoria,
3294 4383 3611 4440 adVersarii

184 4483 297 4535 τῶν
327 4479 621 4541 τακτικῶν,
653 4475 797 4531 οὕτω
838 4472 896 4530 δὲ
922 4475 1015 4529 τὸν
1048 4472 1212 4549 λόγον
1243 4472 1445 4543 πολὺν,
1478 4472 1623 4528 οὕτω
1674 4469 1732 4527 δὶ
1758 4473 1855 4540 τήν

185 4568 390 4641 ἀρετὴν
418 4561 833 4640 ἂπαράμιλλον,
883 4564 912 4618 ὁ
950 4562 1250 4624 ἀντίπαλος
1285 4561 1530 4637 Σγουρὸς
1588 4561 1856 4632 ἀπειπὼν,

187 4656 282 4712 καὶ
328 4653 493 4729 γνοὺς
551 4653 626 4716 ὡς
687 4651 806 4723 είκῆ
864 4657 985 4715 ταῖς
1041 4655 1141 4725 τῇς
1220 4649 1577 4726 ἀκροπόλεως
1637 4649 1855 4727 ῥαχίαις

191 4741 619 4818 διακυρίττεται,
678 4741 773 4796 τὸν
834 4740 1004 4814 θυμὸν
1087 4738 1352 4815 ἐκριπίζει
1407 4738 1546 4794 κατὰ
1596 4741 1695 4808 τῆς
1752 4738 1883 4794 πόα-ς

189 4832 336 4897 λεως
364 4833 433 4901 ἧς
465 4830 565 4886 ούκ
617 4827 753 4905 ἔσχε
814 4829 1183 4903 Χειρώσασθαι
1229 4829 1331 4898 τήν
1361 4826 1689 4903 ἀκρὸπολιν,
1764 4829 1852 4883 καὶ

187 4921 257 4992 δὴ
291 4928 412 4983 τοῖς
445 4917 756 4982 οἰκοπέδοις
789 4919 965 4989 ἐνίησι
998 4921 1128 4993 πῦρ,
1195 4918 1284 4972 καὶ
1354 4918 1685 4993 προνομεύει
1740 4920 1851 4975 τῶν

183 5014 347 5084 ζώων
399 5013 466 5065 τά
521 5008 599 5072 εἷς
660 5006 897 5083 ζεύγλην
956 5006 1044 5061 καὶ
1115 4996 1324 5061 δίαιταν
1386 5003 1687 5077 ἐπιτήδεια.
1745 5008 1852 5064 Καὶ

184 5102 308 5176 μεθ’
339 5098 553 5175 ἡμέρας
608 5097 805 5153 ἐκεῖθεν
872 5095 1176 5158 ἀπαναστὰς
1241 5100 1360 5158 ταῖς
1417 5091 1625 5167 Θήϐαις
1684 5117 1857 5172 προσ.

179 5186 398 5246 ϐάλλοι
450 5193 571 5250 ταῖς
615 5185 972 5248 ἑπταπύλοις.
1007 5187 1106 5242 Καὶ
1167 5187 1363 5247 ταύτας
1416 5186 1491 5247 ὡς
1556 5185 1607 5256 ἐξ
1656 5184 1853 5263 ἒφόδου

180 5278 685 5355 παραστησάμενος
754 5275 1003 5331 ἐπιτείνει
1060 5281 1196 5350 πρὸς
1245 5276 1313 5331 τὰ
1351 5276 1542 5350 πρόσω
1596 5276 1659 5329 τὸ
1717 5271 1857 5349 πρό-

179 5371 389 5442 θυμον.
443 5366 654 5426 Οὐκοῦν
711 5363 1079 5442 Θερμοπύλας
1139 5363 1294 5420 διιὼν
1352 5365 1441 5418 καὶ
1524 5364 1625 5433 τήν
1682 5362 1852 5435 Οἴτην

182 5451 575 5534 ὑπερκαταϐἁς
633 5454 713 5518 εἷς
766 5454 1036 5531 Λάρισσαν
1103 5449 1287 5528 ἔξεισι,
1343 5452 1436 5507 καὶ
1499 5455 1579 5525 τῷ
1641 5452 1856 5528 βασιλεῖ

1969 4473 2107 4528 aciei
2141 4474 2502 4529 instruendae
2536 4483 2649 4530 tam
2685 4475 2879 4548 periti,
2932 4479 3049 4530 tam
3106 4475 3333 4539 diserti,
3365 4478 3484 4529 tam
3524 4474 3618 4529 in-

1968 4562 2349 4633 comparabili
2382 4562 2592 4620 virtute
2625 4565 2871 4637 praediti,
2900 4571 2957 4620 et
2986 4564 3153 4619 irrita
3184 4563 3620 4635 oppugnatione

1964 4651 2197 4722 rupium
2227 4653 2380 4708 arcis
2432 4653 2747 4720 intellecta,
2809 4655 2953 4709 iram
3008 4670 3173 4710 suam
3234 4658 3439 4709 contra
3490 4669 3618 4709 eam

1965 4742 2168 4795 urbem
2201 4742 2544 4798 exstimulat
2581 4744 2750 4815 cujus
2781 4759 2968 4799 arcem
3004 4760 3336 4816 expugnare
3371 4756 3483 4798 non
3518 4759 3619 4814 po-

1966 4836 2132 4895 terat,
2159 4831 2328 4887 villas
2355 4833 2634 4904 incendit,
2659 4849 2862 4908 greges
2894 4840 3277 4904 armentaque
3333 4832 3507 4903 rapit.
3550 4838 3621 4888 Et

1965 4929 2097 4991 post
2128 4920 2252 4977 dies
2281 4920 2507 4994 aliquot
2565 4923 2755 4979 soluta
2811 4924 3114 4980 obsidione
3169 4923 3398 4978 Thebas
3430 4935 3619 4991 oppu.

1962 5015 2102 5080 gnat
2135 5028 2148 5077 ;
2179 5012 2391 5083 quibus
2424 5012 2614 5084 primo
2647 5014 2869 5084 impetu
2925 5014 3132 5084 captis,
3183 5010 3429 5066 ulterius
3485 5023 3619 5063 con-

1964 5099 2171 5165 tendit,
2195 5117 2261 5156 ac
2292 5100 2701 5172 Thermopylis
2735 5103 3027 5173 superatis
3085 5115 3187 5170 per
3216 5097 3420 5154 OEtam
3455 5112 3614 5152 mon-

1963 5193 2079 5243 tem
2114 5189 2519 5245 descendendo
2554 5189 2793 5245 Larissae
2827 5204 2959 5244 cum
3020 5187 3220 5244 Alexio
3273 5186 3621 5256 imperatore

1965 5293 2028 5334 se
2059 5278 2380 5349 conjungit.
2416 5280 2470 5334 Is
2500 5279 2655 5334 enim
2687 5295 2722 5333 a
2747 5276 3307 5350 septentrionalibus
3337 5274 3616 5332 lateribus

1966 5364 2203 5421 avulsus
2232 5372 2289 5421 et
2313 5366 2451 5421 urbe
2474 5365 2841 5438 imperatrice
2871 5381 3154 5421 excussus
3192 5366 3252 5421 in
3279 5362 3617 5420 Thessalica

1964 5455 2120 5515 804
2151 5457 2368 5530 Tempe
2424 5461 2783 5530 pervenerat.
2840 5464 2927 5512 Ac
2984 5454 3165 5514 tiliam
3224 5455 3388 5514 illius
3416 5455 3614 5512 Eudo-

1596 5570 1766 5632 Hier.
1800 5573 2014 5634 Wolﬁi
2046 5579 2235 5636 notae.

260 5705 386 5778 (68)
416 5701 781 5762 Constructio
812 5698 1159 5773 bujusmodi
1190 5702 1318 5757 est:
1350 5692 1704 5773 Ἱλασάμενος
1732 5696 1826 5754 τὸν

1963 5719 2029 5770 ιν,
2062 5697 2201 5755 ἀπαν
2258 5696 2628 5778 ἀποτρόπαιον
2678 5699 2978 5778 τραπέσθαι
3018 5698 3158 5757 κατὰ
3209 5703 3311 5756 τοῦ
3367 5698 3615 5767 ἀνοσίου,

173 5786 301 5836 etc.
