  <div class='ocr_page' id='page_1' title='image "/cluster/home/n/w/nwhite01/storage/ocr_20150623/139/hvd.32044023361710/503.png"; bbox 0 0 4072 6218; ppageno 0'>
   <div class='ocr_carea' id='block_1_1' title="bbox 457 360 579 424">
    <p class='ocr_par' dir='ltr' id='par_1_1' title="bbox 457 360 579 424">
     <span class='ocr_line' id='line_1_1' title="bbox 457 360 579 424; baseline 0.008 -2"><span class='ocrx_word' id='word_1_1' title='bbox 457 360 579 424; x_wconf 79' lang='lat'><strong>995</strong></span> 
     </span>
    </p>
   </div>
   <div class='ocr_carea' id='block_1_2' title="bbox 1767 357 2537 425">
    <p class='ocr_par' dir='ltr' id='par_1_2' title="bbox 1767 357 2537 425">
     <span class='ocr_line' id='line_1_2' title="bbox 1767 357 2537 425; baseline 0.01 -8"><span class='ocrx_word' id='word_1_2' title='bbox 1767 357 2079 419; x_wconf 66' lang='grc' dir='ltr'><strong>ΝΙΟΕΤΕ</strong></span> <span class='ocrx_word' id='word_1_3' title='bbox 2111 358 2537 425; x_wconf 66' lang='lat' dir='ltr'><strong>CHONIATIE</strong></span> 
     </span>
    </p>
   </div>
   <div class='ocr_carea' id='block_1_3' title="bbox 3751 371 3885 431">
    <p class='ocr_par' dir='ltr' id='par_1_3' title="bbox 3751 371 3885 431">
     <span class='ocr_line' id='line_1_3' title="bbox 3751 371 3885 431; baseline -0.007 0"><span class='ocrx_word' id='word_1_4' title='bbox 3751 371 3885 431; x_wconf 77' lang='lat'><strong>996</strong></span> 
     </span>
    </p>
   </div>
   <div class='ocr_carea' id='block_1_4' title="bbox 453 488 2099 575">
    <p class='ocr_par' dir='ltr' id='par_1_4' title="bbox 453 488 2099 563">
     <span class='ocr_line' id='line_1_4' title="bbox 453 488 2099 563; baseline -0.002 -14"><span class='ocrx_word' id='word_1_5' title='bbox 453 494 604 551; x_wconf 89' lang='lat' dir='ltr'><strong>ciam</strong></span> <span class='ocrx_word' id='word_1_6' title='bbox 639 507 874 549; x_wconf 81' lang='lat' dir='ltr'><strong>uxorem</strong></span> <span class='ocrx_word' id='word_1_7' title='bbox 903 489 1083 556; x_wconf 90' lang='lat' dir='ltr'><strong>ducit,</strong></span> <span class='ocrx_word' id='word_1_8' title='bbox 1116 506 1244 562; x_wconf 62' lang='lat' dir='ltr'><strong>qua</strong></span> <span class='ocrx_word' id='word_1_9' title='bbox 1276 488 1439 561; x_wconf 86' lang='lat' dir='ltr'><strong>prius</strong></span> <span class='ocrx_word' id='word_1_10' title='bbox 1470 490 1765 563; x_wconf 74' lang='lat' dir='ltr'><strong>Stephano</strong></span> <span class='ocrx_word' id='word_1_11' title='bbox 1814 489 2099 545; x_wconf 88' lang='lat' dir='ltr'><strong>Triballo-</strong></span> 
     </span>
    </p>
   </div>
   <div class='ocr_carea' id='block_1_5' title="bbox 2208 488 3890 575">
    <p class='ocr_par' dir='ltr' id='par_1_5' title="bbox 2217 491 3890 575">
     <span class='ocr_line' id='line_1_5' title="bbox 2217 491 3890 575; baseline 0.002 -26"><span class='ocrx_word' id='word_1_12' title='bbox 2217 491 2448 567; x_wconf 70' lang='grc' dir='ltr'><strong>’Δλιξίῳ</strong></span> <span class='ocrx_word' id='word_1_13' title='bbox 2487 495 2792 573; x_wconf 82' lang='grc' dir='ltr'>συγγίνεται</span> <span class='ocrx_word' id='word_1_14' title='bbox 2846 497 3025 571; x_wconf 82' lang='grc' dir='ltr'>(οὗτος</span> <span class='ocrx_word' id='word_1_15' title='bbox 3079 496 3183 572; x_wconf 76' lang='grc' dir='ltr'><strong>γὰρ</strong></span> <span class='ocrx_word' id='word_1_16' title='bbox 3239 500 3347 552; x_wconf 80' lang='grc' dir='ltr'><strong>τῶν</strong></span> <span class='ocrx_word' id='word_1_17' title='bbox 3408 501 3523 572; x_wconf 67' lang='lat'><strong>{69)</strong></span> <span class='ocrx_word' id='word_1_18' title='bbox 3566 503 3668 555; x_wconf 70' lang='grc' dir='ltr'><strong>τοῦ</strong></span> <span class='ocrx_word' id='word_1_19' title='bbox 3700 498 3890 575; x_wconf 77' lang='grc' dir='ltr'>βορῥᾷ</span> 
     </span>
    </p>
   </div>
   <div class='ocr_carea' id='block_1_6' title="bbox 455 578 2109 653">
    <p class='ocr_par' dir='ltr' id='par_1_6' title="bbox 455 578 2109 653">
     <span class='ocr_line' id='line_1_6' title="bbox 455 578 2109 653; baseline -0.004 -13"><span class='ocrx_word' id='word_1_20' title='bbox 455 600 587 639; x_wconf 79' lang='lat' dir='ltr'><strong>rum</strong></span> <span class='ocrx_word' id='word_1_21' title='bbox 620 582 748 639; x_wconf 89' lang='lat' dir='ltr'><strong>duci</strong></span> <span class='ocrx_word' id='word_1_22' title='bbox 781 583 985 653; x_wconf 82' lang='lat' dir='ltr'><strong>nupta,</strong></span> <span class='ocrx_word' id='word_1_23' title='bbox 1021 581 1092 635; x_wconf 92' lang='lat' dir='ltr'><strong>ab</strong></span> <span class='ocrx_word' id='word_1_24' title='bbox 1123 595 1308 650; x_wconf 89' lang='lat' dir='ltr'><strong>eoque</strong></span> <span class='ocrx_word' id='word_1_25' title='bbox 1338 580 1642 651; x_wconf 80' lang='lat' dir='ltr'><strong>repudiata</strong></span> <span class='ocrx_word' id='word_1_26' title='bbox 1671 584 1729 635; x_wconf 91' lang='lat' dir='ltr'><strong>et</strong></span> <span class='ocrx_word' id='word_1_27' title='bbox 1767 578 2109 651; x_wconf 81' lang='lat' dir='ltr'><strong>Byzantium</strong></span> 
     </span>
    </p>
   </div>
   <div class='ocr_carea' id='block_1_7' title="bbox 455 667 2111 743">
    <p class='ocr_par' dir='ltr' id='par_1_7' title="bbox 455 667 2111 743">
     <span class='ocr_line' id='line_1_7' title="bbox 455 667 2111 743; baseline -0.005 -14"><span class='ocrx_word' id='word_1_28' title='bbox 455 690 705 735; x_wconf 87' lang='lat' dir='ltr'><strong>reversa,</strong></span> <span class='ocrx_word' id='word_1_29' title='bbox 738 677 867 743; x_wconf 83' lang='lat' dir='ltr'><strong>post</strong></span> <span class='ocrx_word' id='word_1_30' title='bbox 926 676 1161 741; x_wconf 84' lang='lat' dir='ltr'><strong>captam</strong></span> <span class='ocrx_word' id='word_1_31' title='bbox 1220 671 1423 724; x_wconf 78' lang='lat' dir='ltr'><strong>urbem</strong></span> <span class='ocrx_word' id='word_1_32' title='bbox 1483 674 1538 724; x_wconf 87' lang='lat' dir='ltr'><strong>et</strong></span> <span class='ocrx_word' id='word_1_33' title='bbox 1595 670 1877 724; x_wconf 67' lang='lat' dir='ltr'><strong>desertam</strong></span> <span class='ocrx_word' id='word_1_34' title='bbox 1914 667 2111 725; x_wconf 84' lang='lat' dir='ltr'><strong>Alexio</strong></span> 
     </span>
    </p>
   </div>
   <div class='ocr_carea' id='block_1_8' title="bbox 463 758 2106 832">
    <p class='ocr_par' dir='ltr' id='par_1_8' title="bbox 463 758 2106 832">
     <span class='ocr_line' id='line_1_8' title="bbox 463 758 2106 832; baseline -0.002 -15"><span class='ocrx_word' id='word_1_35' title='bbox 463 762 634 818; x_wconf 64' lang='lat' dir='ltr'><strong>Ducas</strong></span> <span class='ocrx_word' id='word_1_36' title='bbox 666 766 1046 832; x_wconf 83' lang='lat' dir='ltr'><strong>cognomento</strong></span> <span class='ocrx_word' id='word_1_37' title='bbox 1078 759 1378 822; x_wconf 74' lang='lat' dir='ltr'><strong>Murzuﬂo,</strong></span> <span class='ocrx_word' id='word_1_38' title='bbox 1412 760 1509 829; x_wconf 87' lang='lat' dir='ltr'><strong>qui</strong></span> <span class='ocrx_word' id='word_1_39' title='bbox 1543 759 1872 813; x_wconf 81' lang='lat' dir='ltr'><strong>Romanum</strong></span> <span class='ocrx_word' id='word_1_40' title='bbox 1923 758 2106 828; x_wconf 83' lang='lat' dir='ltr'><strong>impe-</strong></span> 
     </span>
    </p>
   </div>
   <div class='ocr_carea' id='block_1_9' title="bbox 461 846 2107 920">
    <p class='ocr_par' dir='ltr' id='par_1_9' title="bbox 461 846 2107 920">
     <span class='ocr_line' id='line_1_9' title="bbox 461 846 2107 920; baseline -0.003 -15"><span class='ocrx_word' id='word_1_41' title='bbox 461 850 612 905; x_wconf 88' lang='lat' dir='ltr'><strong>rium</strong></span> <span class='ocrx_word' id='word_1_42' title='bbox 648 860 972 920; x_wconf 88' lang='lat' dir='ltr'><strong>postremus</strong></span> <span class='ocrx_word' id='word_1_43' title='bbox 1005 848 1219 903; x_wconf 77' lang='lat' dir='ltr'><strong>invasit</strong></span> <span class='ocrx_word' id='word_1_44' title='bbox 1254 855 1550 919; x_wconf 78' lang='lat' dir='ltr'><strong>nupserat.</strong></span> <span class='ocrx_word' id='word_1_45' title='bbox 1613 849 1723 902; x_wconf 82' lang='lat' dir='ltr'><strong>Sed</strong></span> <span class='ocrx_word' id='word_1_46' title='bbox 1784 862 1853 901; x_wconf 78' lang='lat' dir='ltr'><strong>ne</strong></span> <span class='ocrx_word' id='word_1_47' title='bbox 1886 847 1936 902; x_wconf 85' lang='lat' dir='ltr'><strong>is</strong></span> <span class='ocrx_word' id='word_1_48' title='bbox 1985 846 2107 918; x_wconf 77' lang='lat' dir='ltr'><strong>qui~</strong></span> 
     </span>
    </p>
   </div>
   <div class='ocr_carea' id='block_1_10' title="bbox 457 936 2112 1007">
    <p class='ocr_par' dir='ltr' id='par_1_10' title="bbox 457 936 2112 1007">
     <span class='ocr_line' id='line_1_10' title="bbox 457 936 2112 1007; baseline -0.002 -13"><span class='ocrx_word' id='word_1_49' title='bbox 457 940 590 994; x_wconf 88' lang='lat' dir='ltr'><strong>dem</strong></span> <span class='ocrx_word' id='word_1_50' title='bbox 625 938 787 994; x_wconf 81' lang='lat' dir='ltr'><strong>illam</strong></span> <span class='ocrx_word' id='word_1_51' title='bbox 816 939 885 993; x_wconf 87' lang='lat' dir='ltr'><strong>ad</strong></span> <span class='ocrx_word' id='word_1_52' title='bbox 919 944 1277 993; x_wconf 88' lang='lat' dir='ltr'><strong>senectutem</strong></span> <span class='ocrx_word' id='word_1_53' title='bbox 1314 953 1496 1007; x_wconf 69' lang='lat' dir='ltr'><strong>usque</strong></span> <span class='ocrx_word' id='word_1_54' title='bbox 1553 937 1762 991; x_wconf 82' lang='lat' dir='ltr'><strong>tenuit.</strong></span> <span class='ocrx_word' id='word_1_55' title='bbox 1823 936 1967 990; x_wconf 84' lang='lat' dir='ltr'><strong>Nam</strong></span> <span class='ocrx_word' id='word_1_56' title='bbox 2003 936 2112 991; x_wconf 88' lang='lat' dir='ltr'><strong>Eu-</strong></span> 
     </span>
    </p>
   </div>
   <div class='ocr_carea' id='block_1_11' title="bbox 456 1024 2104 1098">
    <p class='ocr_par' dir='ltr' id='par_1_11' title="bbox 456 1024 2104 1098">
     <span class='ocr_line' id='line_1_11' title="bbox 456 1024 2104 1098; baseline -0.002 -15"><span class='ocrx_word' id='word_1_57' title='bbox 456 1029 636 1085; x_wconf 72' lang='lat' dir='ltr'><strong>dociaa</strong></span> <span class='ocrx_word' id='word_1_58' title='bbox 660 1033 823 1098; x_wconf 85' lang='lat' dir='ltr'><strong>pater</strong></span> <span class='ocrx_word' id='word_1_59' title='bbox 851 1026 1107 1089; x_wconf 83' lang='lat' dir='ltr'><strong>Alexius,</strong></span> <span class='ocrx_word' id='word_1_60' title='bbox 1139 1028 1289 1081; x_wconf 88' lang='lat' dir='ltr'><strong>haud</strong></span> <span class='ocrx_word' id='word_1_61' title='bbox 1352 1025 1473 1080; x_wconf 88' lang='lat' dir='ltr'><strong>scio</strong></span> <span class='ocrx_word' id='word_1_62' title='bbox 1531 1041 1646 1096; x_wconf 86' lang='lat' dir='ltr'><strong>qua</strong></span> <span class='ocrx_word' id='word_1_63' title='bbox 1694 1042 1755 1080; x_wconf 90' lang='lat' dir='ltr'><strong>re</strong></span> <span class='ocrx_word' id='word_1_64' title='bbox 1796 1024 2104 1095; x_wconf 87' lang='lat' dir='ltr'><strong>impulsus,</strong></span> 
     </span>
    </p>
   </div>
   <div class='ocr_carea' id='block_1_12' title="bbox 456 1113 2105 1186">
    <p class='ocr_par' dir='ltr' id='par_1_12' title="bbox 456 1113 2105 1186">
     <span class='ocr_line' id='line_1_12' title="bbox 456 1113 2105 1186; baseline -0.002 -13"><span class='ocrx_word' id='word_1_65' title='bbox 456 1118 590 1174; x_wconf 90' lang='lat' dir='ltr'><strong>dolo</strong></span> <span class='ocrx_word' id='word_1_66' title='bbox 621 1134 753 1173; x_wconf 89' lang='lat' dir='ltr'><strong>eum</strong></span> <span class='ocrx_word' id='word_1_67' title='bbox 786 1118 1272 1186; x_wconf 89' lang='lat' dir='ltr'><strong>comprehensum</strong></span> <span class='ocrx_word' id='word_1_68' title='bbox 1330 1114 1647 1169; x_wconf 83' lang='lat' dir='ltr'><strong>luminibus</strong></span> <span class='ocrx_word' id='word_1_69' title='bbox 1702 1113 1948 1179; x_wconf 78' lang='lat' dir='ltr'><strong>orbavit,</strong></span> <span class='ocrx_word' id='word_1_70' title='bbox 1978 1130 2105 1169; x_wconf 88' lang='lat' dir='ltr'><strong>erro</strong></span> 
     </span>
    </p>
   </div>
   <div class='ocr_carea' id='block_1_13' title="bbox 458 1202 2106 1275">
    <p class='ocr_par' dir='ltr' id='par_1_13' title="bbox 458 1202 2106 1275">
     <span class='ocr_line' id='line_1_13' title="bbox 458 1202 2106 1275; baseline -0.003 -14"><span class='ocrx_word' id='word_1_71' title='bbox 458 1208 634 1262; x_wconf 87' lang='lat' dir='ltr'><strong>errori</strong></span> <span class='ocrx_word' id='word_1_72' title='bbox 671 1206 1107 1273; x_wconf 77' lang='lat' dir='ltr'><strong>infestissimus,</strong></span> <span class='ocrx_word' id='word_1_73' title='bbox 1130 1210 1186 1260; x_wconf 87' lang='lat' dir='ltr'><strong>et</strong></span> <span class='ocrx_word' id='word_1_74' title='bbox 1233 1204 1475 1275; x_wconf 90' lang='lat' dir='ltr'><strong>imperio</strong></span> <span class='ocrx_word' id='word_1_75' title='bbox 1500 1205 1759 1273; x_wconf 86' lang='lat' dir='ltr'><strong>dejectns</strong></span> <span class='ocrx_word' id='word_1_76' title='bbox 1794 1202 1969 1256; x_wconf 86' lang='lat' dir='ltr'><strong>simili</strong></span> <span class='ocrx_word' id='word_1_77' title='bbox 2009 1219 2106 1257; x_wconf 88' lang='lat' dir='ltr'><strong>ca-</strong></span> 
     </span>
    </p>
   </div>
   <div class='ocr_carea' id='block_1_14' title="bbox 458 1293 2104 1363">
    <p class='ocr_par' dir='ltr' id='par_1_14' title="bbox 458 1293 2104 1363">
     <span class='ocr_line' id='line_1_14' title="bbox 458 1293 2104 1363; baseline -0.003 -13"><span class='ocrx_word' id='word_1_78' title='bbox 458 1295 721 1351; x_wconf 83' lang='lat' dir='ltr'><strong>lamitate</strong></span> <span class='ocrx_word' id='word_1_79' title='bbox 751 1296 1078 1351; x_wconf 80' lang='lat' dir='ltr'><strong>conﬂictata</strong></span> <span class='ocrx_word' id='word_1_80' title='bbox 1136 1293 1605 1348; x_wconf 89' lang='lat' dir='ltr'><strong>inimicissimus.</strong></span> <span class='ocrx_word' id='word_1_81' title='bbox 1666 1293 1861 1363; x_wconf 86' lang='lat' dir='ltr'><strong>Neque</strong></span> <span class='ocrx_word' id='word_1_82' title='bbox 1920 1293 2104 1347; x_wconf 80' lang='lat' dir='ltr'><strong>multo</strong></span> 
     </span>
    </p>
   </div>
   <div class='ocr_carea' id='block_1_15' title="bbox 458 1380 2105 1457">
    <p class='ocr_par' dir='ltr' id='par_1_15' title="bbox 458 1380 2105 1457">
     <span class='ocr_line' id='line_1_15' title="bbox 458 1380 2105 1457; baseline -0.002 -17"><span class='ocrx_word' id='word_1_83' title='bbox 458 1395 589 1457; x_wconf 86' lang='lat' dir='ltr'><strong>post</strong></span> <span class='ocrx_word' id='word_1_84' title='bbox 619 1385 1055 1441; x_wconf 62' lang='lat' dir='ltr'><strong>excecationem</strong></span> <span class='ocrx_word' id='word_1_85' title='bbox 1089 1400 1123 1438; x_wconf 91' lang='lat' dir='ltr'><strong>a</strong></span> <span class='ocrx_word' id='word_1_86' title='bbox 1156 1381 1380 1437; x_wconf 78' lang='lat' dir='ltr'><strong>Latinis</strong></span> <span class='ocrx_word' id='word_1_87' title='bbox 1410 1382 1865 1453; x_wconf 86' lang='lat' dir='ltr'><strong>comprehensus</strong></span> <span class='ocrx_word' id='word_1_88' title='bbox 1912 1380 2105 1436; x_wconf 88' lang='lat' dir='ltr'><strong>Ducas</strong></span> 
     </span>
    </p>
   </div>
   <div class='ocr_carea' id='block_1_16' title="bbox 457 1466 2103 1546">
    <p class='ocr_par' dir='ltr' id='par_1_16' title="bbox 457 1466 2103 1546">
     <span class='ocr_line' id='line_1_16' title="bbox 457 1466 2103 1546; baseline -0.002 -17"><span class='ocrx_word' id='word_1_89' title='bbox 457 1466 803 1546; x_wconf 57' lang='lat' dir='ltr'><strong>Byzantium‘</strong></span> <span class='ocrx_word' id='word_1_90' title='bbox 833 1471 1150 1534; x_wconf 87' lang='lat' dir='ltr'><strong>reducitur,</strong></span> <span class='ocrx_word' id='word_1_91' title='bbox 1182 1479 1239 1526; x_wconf 88' lang='lat' dir='ltr'><strong>et</strong></span> <span class='ocrx_word' id='word_1_92' title='bbox 1268 1472 1341 1526; x_wconf 93' lang='lat' dir='ltr'><strong>ob</strong></span> <span class='ocrx_word' id='word_1_93' title='bbox 1381 1472 1686 1526; x_wconf 89' lang='lat' dir='ltr'><strong>dominum</strong></span> <span class='ocrx_word' id='word_1_94' title='bbox 1743 1479 1795 1525; x_wconf 91' lang='lat' dir='ltr'><strong>et</strong></span> <span class='ocrx_word' id='word_1_95' title='bbox 1854 1470 2103 1541; x_wconf 87' lang='lat' dir='ltr'><strong>impera-</strong></span> 
     </span>
    </p>
   </div>
   <div class='ocr_carea' id='block_1_17' title="bbox 453 1559 2102 1632">
    <p class='ocr_par' dir='ltr' id='par_1_17' title="bbox 453 1559 2102 1632">
     <span class='ocr_line' id='line_1_17' title="bbox 453 1559 2102 1632; baseline -0.002 -14"><span class='ocrx_word' id='word_1_96' title='bbox 453 1569 638 1619; x_wconf 82' lang='lat' dir='ltr'><strong>torem</strong></span> <span class='ocrx_word' id='word_1_97' title='bbox 674 1579 842 1617; x_wconf 88' lang='lat' dir='ltr'><strong>suum</strong></span> <span class='ocrx_word' id='word_1_98' title='bbox 878 1560 1365 1632; x_wconf 85' lang='lat' dir='ltr'><strong>comprehensum</strong></span> <span class='ocrx_word' id='word_1_99' title='bbox 1398 1564 1457 1615; x_wconf 84' lang='lat' dir='ltr'><strong>et</strong></span> <span class='ocrx_word' id='word_1_100' title='bbox 1486 1559 1693 1630; x_wconf 80' lang='lat' dir='ltr'><strong>laqueo</strong></span> <span class='ocrx_word' id='word_1_101' title='bbox 1742 1563 2010 1614; x_wconf 82' lang='lat' dir='ltr'><strong>enectum</strong></span> <span class='ocrx_word' id='word_1_102' title='bbox 2044 1561 2102 1615; x_wconf 92' lang='lat' dir='ltr'><strong>in</strong></span> 
     </span>
    </p>
   </div>
   <div class='ocr_carea' id='block_1_18' title="bbox 450 1648 2105 1721">
    <p class='ocr_par' dir='ltr' id='par_1_18' title="bbox 450 1648 2105 1721">
     <span class='ocr_line' id='line_1_18' title="bbox 450 1648 2105 1721; baseline -0.001 -15"><span class='ocrx_word' id='word_1_103' title='bbox 450 1652 747 1721; x_wconf 85' lang='lat' dir='ltr'><strong>judicium</strong></span> <span class='ocrx_word' id='word_1_104' title='bbox 810 1651 1122 1715; x_wconf 89' lang='lat' dir='ltr'><strong>adductus,</strong></span> <span class='ocrx_word' id='word_1_105' title='bbox 1183 1666 1287 1720; x_wconf 88' lang='lat' dir='ltr'><strong>pro</strong></span> <span class='ocrx_word' id='word_1_106' title='bbox 1366 1648 1459 1704; x_wconf 92' lang='lat' dir='ltr'><strong>sui</strong></span> <span class='ocrx_word' id='word_1_107' title='bbox 1516 1648 1854 1704; x_wconf 80' lang='lat' dir='ltr'><strong>defensione</strong></span> <span class='ocrx_word' id='word_1_108' title='bbox 1909 1648 2105 1704; x_wconf 88' lang='lat' dir='ltr'><strong>attulit</strong></span> 
     </span>
    </p>
   </div>
   <div class='ocr_carea' id='block_1_19' title="bbox 457 1739 2102 1811">
    <p class='ocr_par' dir='ltr' id='par_1_19' title="bbox 457 1739 2102 1811">
     <span class='ocr_line' id='line_1_19' title="bbox 457 1739 2102 1811; baseline -0.001 -16"><span class='ocrx_word' id='word_1_109' title='bbox 457 1740 620 1797; x_wconf 89' lang='lat' dir='ltr'><strong>illum</strong></span> <span class='ocrx_word' id='word_1_110' title='bbox 657 1740 857 1810; x_wconf 77' lang='lat' dir='ltr'><strong>patrize</strong></span> <span class='ocrx_word' id='word_1_111' title='bbox 890 1739 1243 1810; x_wconf 80' lang='lat' dir='ltr'><strong>proditorem</strong></span> <span class='ocrx_word' id='word_1_112' title='bbox 1304 1739 1593 1795; x_wconf 84' lang='lat' dir='ltr'><strong>exstitisse</strong></span> <span class='ocrx_word' id='word_1_113' title='bbox 1652 1742 1711 1795; x_wconf 88' lang='lat' dir='ltr'><strong>et</strong></span> <span class='ocrx_word' id='word_1_114' title='bbox 1754 1739 1962 1811; x_wconf 81' lang='lat' dir='ltr'><strong>dignas</strong></span> <span class='ocrx_word' id='word_1_115' title='bbox 1994 1755 2102 1794; x_wconf 89' lang='lat' dir='ltr'><strong>suo</strong></span> 
     </span>
    </p>
   </div>
   <div class='ocr_carea' id='block_1_20' title="bbox 453 1825 2183 1927">
    <p class='ocr_par' dir='ltr' id='par_1_20' title="bbox 453 1825 2183 1927">
     <span class='ocr_line' id='line_1_20' title="bbox 453 1825 2183 1927; baseline 0 -43"><span class='ocrx_word' id='word_1_116' title='bbox 453 1827 673 1884; x_wconf 88' lang='lat' dir='ltr'><strong>scelere</strong></span> <span class='ocrx_word' id='word_1_117' title='bbox 703 1829 934 1927; x_wconf 80' lang='lat' dir='ltr'><strong>dedisse</strong></span> <span class='ocrx_word' id='word_1_118' title='bbox 956 1844 1177 1927; x_wconf 75' lang='lat' dir='ltr'><strong>pcenas.</strong></span> <span class='ocrx_word' id='word_1_119' title='bbox 1209 1825 1409 1898; x_wconf 87' lang='lat' dir='ltr'><strong>Neque</strong></span> <span class='ocrx_word' id='word_1_120' title='bbox 1465 1844 1751 1927; x_wconf 49' lang='lat' dir='ltr'><strong>senunum</strong></span> <span class='ocrx_word' id='word_1_121' title='bbox 1782 1828 2102 1927; x_wconf 45' lang='lat' dir='ltr'><strong>iii-fecisse,</strong></span> <span class='ocrx_word' id='word_1_122' title='bbox 2139 1864 2183 1927; x_wconf 77' lang='grc' dir='ltr'><strong>Β</strong></span> 
     </span>
    </p>
   </div>
   <div class='ocr_carea' id='block_1_21' title="bbox 455 1916 2106 1988">
    <p class='ocr_par' dir='ltr' id='par_1_21' title="bbox 455 1916 2106 1988">
     <span class='ocr_line' id='line_1_21' title="bbox 455 1916 2106 1988; baseline -0.001 -14"><span class='ocrx_word' id='word_1_123' title='bbox 455 1919 558 1974; x_wconf 90' lang='lat' dir='ltr'><strong>sed</strong></span> <span class='ocrx_word' id='word_1_124' title='bbox 591 1925 649 1974; x_wconf 89' lang='lat' dir='ltr'><strong>et</strong></span> <span class='ocrx_word' id='word_1_125' title='bbox 680 1917 941 1988; x_wconf 89' lang='lat' dir='ltr'><strong>reliquos</strong></span> <span class='ocrx_word' id='word_1_126' title='bbox 976 1918 1134 1971; x_wconf 90' lang='lat' dir='ltr'><strong>illius</strong></span> <span class='ocrx_word' id='word_1_127' title='bbox 1165 1923 1462 1987; x_wconf 84' lang='lat' dir='ltr'><strong>cognatos.</strong></span> <span class='ocrx_word' id='word_1_128' title='bbox 1516 1916 1728 1972; x_wconf 86' lang='lat' dir='ltr'><strong>Verum</strong></span> <span class='ocrx_word' id='word_1_129' title='bbox 1779 1917 1884 1982; x_wconf 87' lang='lat' dir='ltr'><strong>illi,</strong></span> <span class='ocrx_word' id='word_1_130' title='bbox 1917 1924 2106 1988; x_wconf 87' lang='lat' dir='ltr'><strong>spreta</strong></span> 
     </span>
    </p>
   </div>
   <div class='ocr_carea' id='block_1_22' title="bbox 452 2005 2109 2079">
    <p class='ocr_par' dir='ltr' id='par_1_22' title="bbox 452 2005 2109 2079">
     <span class='ocr_line' id='line_1_22' title="bbox 452 2005 2109 2079; baseline 0.001 -17"><span class='ocrx_word' id='word_1_131' title='bbox 452 2009 582 2078; x_wconf 84' lang='lat' dir='ltr'><strong>ejus</strong></span> <span class='ocrx_word' id='word_1_132' title='bbox 613 2007 896 2075; x_wconf 84' lang='lat' dir='ltr'><strong>oratione,</strong></span> <span class='ocrx_word' id='word_1_133' title='bbox 930 2011 984 2061; x_wconf 85' lang='lat' dir='ltr'><strong>et</strong></span> <span class='ocrx_word' id='word_1_134' title='bbox 1019 2005 1087 2059; x_wconf 79' lang='lat' dir='ltr'><strong>iis</strong></span> <span class='ocrx_word' id='word_1_135' title='bbox 1119 2023 1249 2076; x_wconf 67' lang='lat' dir='ltr'><strong>quae</strong></span> <span class='ocrx_word' id='word_1_136' title='bbox 1278 2006 1600 2078; x_wconf 85' lang='lat' dir='ltr'><strong>adjungere</strong></span> <span class='ocrx_word' id='word_1_137' title='bbox 1639 2009 1912 2077; x_wconf 88' lang='lat' dir='ltr'><strong>cupiebat</strong></span> <span class='ocrx_word' id='word_1_138' title='bbox 1945 2007 2109 2079; x_wconf 85' lang='lat' dir='ltr'><strong>plane</strong></span> 
     </span>
    </p>
   </div>
   <div class='ocr_carea' id='block_1_23' title="bbox 456 2095 2109 2165">
    <p class='ocr_par' dir='ltr' id='par_1_23' title="bbox 456 2095 2109 2165">
     <span class='ocr_line' id='line_1_23' title="bbox 456 2095 2109 2165; baseline 0.001 -13"><span class='ocrx_word' id='word_1_139' title='bbox 456 2095 803 2165; x_wconf 84' lang='lat' dir='ltr'><strong>repudiatis,</strong></span> <span class='ocrx_word' id='word_1_140' title='bbox 837 2097 1044 2165; x_wconf 88' lang='lat' dir='ltr'><strong>capitis</strong></span> <span class='ocrx_word' id='word_1_141' title='bbox 1079 2095 1379 2150; x_wconf 87' lang='lat' dir='ltr'>hominem</span> <span class='ocrx_word' id='word_1_142' title='bbox 1430 2101 1842 2164; x_wconf 85' lang='lat' dir='ltr'><strong>condemnant,</strong></span> <span class='ocrx_word' id='word_1_143' title='bbox 1878 2113 2021 2153; x_wconf 91' lang='lat' dir='ltr'><strong>novo</strong></span> <span class='ocrx_word' id='word_1_144' title='bbox 2053 2102 2109 2153; x_wconf 88' lang='lat' dir='ltr'><strong>et</strong></span> 
     </span>
    </p>
   </div>
   <div class='ocr_carea' id='block_1_24' title="bbox 455 2184 2106 2256">
    <p class='ocr_par' dir='ltr' id='par_1_24' title="bbox 455 2184 2106 2256">
     <span class='ocr_line' id='line_1_24' title="bbox 455 2184 2106 2256; baseline 0.001 -16"><span class='ocrx_word' id='word_1_145' title='bbox 455 2185 886 2240; x_wconf 87' lang='lat' dir='ltr'><strong>violentissimo</strong></span> <span class='ocrx_word' id='word_1_146' title='bbox 918 2185 1192 2256; x_wconf 87' lang='lat' dir='ltr'><strong>supplicii</strong></span> <span class='ocrx_word' id='word_1_147' title='bbox 1225 2198 1453 2254; x_wconf 78' lang='lat' dir='ltr'><strong>genere.</strong></span> <span class='ocrx_word' id='word_1_148' title='bbox 1486 2184 1631 2240; x_wconf 87' lang='lat' dir='ltr'><strong>Nam</strong></span> <span class='ocrx_word' id='word_1_149' title='bbox 1663 2186 1720 2241; x_wconf 91' lang='lat' dir='ltr'><strong>in</strong></span> <span class='ocrx_word' id='word_1_150' title='bbox 1753 2185 2106 2242; x_wconf 76' lang='lat' dir='ltr'><strong>altissimam</strong></span> 
     </span>
    </p>
   </div>
   <div class='ocr_carea' id='block_1_25' title="bbox 459 2272 2108 2346">
    <p class='ocr_par' dir='ltr' id='par_1_25' title="bbox 459 2272 2108 2346">
     <span class='ocr_line' id='line_1_25' title="bbox 459 2272 2108 2346; baseline -0.002 -16"><span class='ocrx_word' id='word_1_151' title='bbox 459 2274 818 2339; x_wconf 89' lang='lat' dir='ltr'><strong>columnam,</strong></span> <span class='ocrx_word' id='word_1_152' title='bbox 852 2289 978 2343; x_wconf 74' lang='lat' dir='ltr'><strong>quas</strong></span> <span class='ocrx_word' id='word_1_153' title='bbox 1010 2272 1068 2326; x_wconf 92' lang='lat' dir='ltr'><strong>in</strong></span> <span class='ocrx_word' id='word_1_154' title='bbox 1096 2272 1289 2328; x_wconf 88' lang='lat' dir='ltr'><strong>Tauro</strong></span> <span class='ocrx_word' id='word_1_155' title='bbox 1321 2275 1811 2345; x_wconf 71' lang='lat' dir='ltr'><strong>stat,perductum</strong></span> <span class='ocrx_word' id='word_1_156' title='bbox 1843 2275 2108 2346; x_wconf 59' lang='lat' dir='ltr'><strong>praecipi-</strong></span> 
     </span>
    </p>
   </div>
   <div class='ocr_carea' id='block_1_26' title="bbox 457 2362 2105 2434">
    <p class='ocr_par' dir='ltr' id='par_1_26' title="bbox 457 2362 2105 2434">
     <span class='ocr_line' id='line_1_26' title="bbox 457 2362 2105 2434; baseline 0.001 -17"><span class='ocrx_word' id='word_1_157' title='bbox 457 2364 766 2419; x_wconf 77' lang='lat' dir='ltr'><strong>tant.805</strong></span> <span class='ocrx_word' id='word_1_158' title='bbox 794 2363 848 2418; x_wconf 93' lang='lat' dir='ltr'><strong>Is</strong></span> <span class='ocrx_word' id='word_1_159' title='bbox 876 2377 1010 2417; x_wconf 85' lang='lat' dir='ltr'><strong>vero</strong></span> <span class='ocrx_word' id='word_1_160' title='bbox 1033 2362 1375 2432; x_wconf 81' lang='lat' dir='ltr'><strong>aliquandiu</strong></span> <span class='ocrx_word' id='word_1_161' title='bbox 1398 2362 1457 2417; x_wconf 91' lang='lat' dir='ltr'><strong>in</strong></span> <span class='ocrx_word' id='word_1_162' title='bbox 1507 2364 1679 2434; x_wconf 90' lang='lat' dir='ltr'><strong>pedes</strong></span> <span class='ocrx_word' id='word_1_163' title='bbox 1722 2363 2105 2431; x_wconf 86' lang='lat' dir='ltr'><strong>descendens,</strong></span> 
     </span>
    </p>
   </div>
   <div class='ocr_carea' id='block_1_27' title="bbox 456 2451 2104 2522">
    <p class='ocr_par' dir='ltr' id='par_1_27' title="bbox 456 2451 2104 2522">
     <span class='ocr_line' id='line_1_27' title="bbox 456 2451 2104 2522; baseline 0.001 -15"><span class='ocrx_word' id='word_1_164' title='bbox 456 2452 669 2508; x_wconf 86' lang='lat' dir='ltr'><strong>deinde</strong></span> <span class='ocrx_word' id='word_1_165' title='bbox 699 2453 757 2507; x_wconf 90' lang='lat' dir='ltr'><strong>in</strong></span> <span class='ocrx_word' id='word_1_166' title='bbox 789 2455 967 2522; x_wconf 89' lang='lat' dir='ltr'><strong>caput</strong></span> <span class='ocrx_word' id='word_1_167' title='bbox 998 2452 1310 2505; x_wconf 87' lang='lat' dir='ltr'><strong>subversus</strong></span> <span class='ocrx_word' id='word_1_168' title='bbox 1350 2456 1407 2506; x_wconf 87' lang='lat' dir='ltr'><strong>et</strong></span> <span class='ocrx_word' id='word_1_169' title='bbox 1449 2451 1613 2507; x_wconf 91' lang='lat' dir='ltr'><strong>humi</strong></span> <span class='ocrx_word' id='word_1_170' title='bbox 1673 2451 1879 2509; x_wconf 88' lang='lat' dir='ltr'><strong>allisus</strong></span> <span class='ocrx_word' id='word_1_171' title='bbox 1933 2454 2104 2509; x_wconf 89' lang='lat' dir='ltr'><strong>mise-</strong></span> 
     </span>
    </p>
   </div>
   <div class='ocr_carea' id='block_1_28' title="bbox 460 2541 2107 2608">
    <p class='ocr_par' dir='ltr' id='par_1_28' title="bbox 460 2541 2107 2608">
     <span class='ocr_line' id='line_1_28' title="bbox 460 2541 2107 2608; baseline 0.001 -11"><span class='ocrx_word' id='word_1_172' title='bbox 460 2541 1217 2599; x_wconf 83' lang='lat' dir='ltr'><strong>rabiliterinteriit.Scurus</strong></span> <span class='ocrx_word' id='word_1_173' title='bbox 1235 2547 1424 2598; x_wconf 88' lang='lat' dir='ltr'><strong>autem</strong></span> <span class='ocrx_word' id='word_1_174' title='bbox 1439 2544 1613 2597; x_wconf 85' lang='lat' dir='ltr'><strong>ducta</strong></span> <span class='ocrx_word' id='word_1_175' title='bbox 1651 2542 1924 2608; x_wconf 85' lang='lat' dir='ltr'><strong>Eudocia,</strong></span> <span class='ocrx_word' id='word_1_176' title='bbox 1958 2558 2107 2598; x_wconf 85' lang='lat' dir='ltr'><strong>mar-</strong></span> 
     </span>
    </p>
   </div>
   <div class='ocr_carea' id='block_1_29' title="bbox 459 2629 2102 2703">
    <p class='ocr_par' dir='ltr' id='par_1_29' title="bbox 459 2629 2102 2703">
     <span class='ocr_line' id='line_1_29' title="bbox 459 2629 2102 2703; baseline -0.001 -16"><span class='ocrx_word' id='word_1_177' title='bbox 459 2631 667 2687; x_wconf 79' lang='lat' dir='ltr'><strong>chiune</strong></span> <span class='ocrx_word' id='word_1_178' title='bbox 698 2629 756 2684; x_wconf 92' lang='lat' dir='ltr'><strong>in</strong></span> <span class='ocrx_word' id='word_1_179' title='bbox 779 2630 1058 2686; x_wconf 61' lang='lat' dir='ltr'><strong>Graeciam</strong></span> <span class='ocrx_word' id='word_1_180' title='bbox 1093 2631 1437 2695; x_wconf 88' lang='lat' dir='ltr'><strong>transituro,</strong></span> <span class='ocrx_word' id='word_1_181' title='bbox 1469 2636 1535 2686; x_wconf 91' lang='lat' dir='ltr'><strong>ut</strong></span> <span class='ocrx_word' id='word_1_182' title='bbox 1568 2630 1740 2703; x_wconf 86' lang='lat' dir='ltr'><strong>paulo</strong></span> <span class='ocrx_word' id='word_1_183' title='bbox 1771 2635 1905 2686; x_wconf 86' lang='lat' dir='ltr'><strong>ante</strong></span> <span class='ocrx_word' id='word_1_184' title='bbox 1964 2631 2102 2700; x_wconf 83' lang='lat' dir='ltr'><strong>dixi,</strong></span> 
     </span>
    </p>
   </div>
   <div class='ocr_carea' id='block_1_30' title="bbox 455 2721 2105 2795">
    <p class='ocr_par' dir='ltr' id='par_1_30' title="bbox 455 2721 2105 2795">
     <span class='ocr_line' id='line_1_30' title="bbox 455 2721 2105 2795; baseline 0.001 -18"><span class='ocrx_word' id='word_1_185' title='bbox 455 2721 977 2794; x_wconf 84' lang='lat' dir='ltr'><strong>Thermopylarum</strong></span> <span class='ocrx_word' id='word_1_186' title='bbox 1012 2724 1312 2795; x_wconf 81' lang='lat' dir='ltr'><strong>angustias</strong></span> <span class='ocrx_word' id='word_1_187' title='bbox 1367 2727 1426 2778; x_wconf 87' lang='lat' dir='ltr'><strong>et</strong></span> <span class='ocrx_word' id='word_1_188' title='bbox 1480 2722 1660 2777; x_wconf 88' lang='lat' dir='ltr'><strong>altum</strong></span> <span class='ocrx_word' id='word_1_189' title='bbox 1720 2727 1978 2778; x_wconf 88' lang='lat' dir='ltr'><strong>montem</strong></span> <span class='ocrx_word' id='word_1_190' title='bbox 2020 2721 2105 2778; x_wconf 89' lang='lat' dir='ltr'><strong>eis</strong></span> 
     </span>
    </p>
   </div>
   <div class='ocr_carea' id='block_1_31' title="bbox 458 2811 2103 2884">
    <p class='ocr_par' dir='ltr' id='par_1_31' title="bbox 458 2811 2103 2884">
     <span class='ocr_line' id='line_1_31' title="bbox 458 2811 2103 2884; baseline 0 -19"><span class='ocrx_word' id='word_1_191' title='bbox 458 2811 893 2876; x_wconf 86' lang='lat' dir='ltr'><strong>imminentem,</strong></span> <span class='ocrx_word' id='word_1_192' title='bbox 926 2817 1251 2884; x_wconf 64' lang='lat' dir='ltr'><strong>ceteraque</strong></span> <span class='ocrx_word' id='word_1_193' title='bbox 1280 2811 1404 2867; x_wconf 86' lang='lat' dir='ltr'><strong>loca</strong></span> <span class='ocrx_word' id='word_1_194' title='bbox 1432 2828 1559 2883; x_wconf 73' lang='lat' dir='ltr'><strong>quas</strong></span> <span class='ocrx_word' id='word_1_195' title='bbox 1590 2812 1821 2867; x_wconf 67' lang='lat' dir='ltr'><strong>Graeciaa</strong></span> <span class='ocrx_word' id='word_1_196' title='bbox 1879 2811 2103 2867; x_wconf 87' lang='lat' dir='ltr'><strong>aditum</strong></span> 
     </span>
    </p>
   </div>
   <div class='ocr_carea' id='block_1_32' title="bbox 460 2899 2105 2970">
    <p class='ocr_par' dir='ltr' id='par_1_32' title="bbox 460 2899 2105 2970">
     <span class='ocr_line' id='line_1_32' title="bbox 460 2899 2105 2970; baseline 0.001 -16"><span class='ocrx_word' id='word_1_197' title='bbox 460 2899 886 2970; x_wconf 90' lang='lat' dir='ltr'><strong>intercludunt,</strong></span> <span class='ocrx_word' id='word_1_198' title='bbox 918 2910 1184 2956; x_wconf 84' lang='lat' dir='ltr'><strong>accurate</strong></span> <span class='ocrx_word' id='word_1_199' title='bbox 1212 2900 1601 2957; x_wconf 77' lang='lat' dir='ltr'><strong>custodiebat.</strong></span> <span class='ocrx_word' id='word_1_200' title='bbox 1636 2900 1846 2955; x_wconf 86' lang='lat' dir='ltr'><strong>Verum</strong></span> <span class='ocrx_word' id='word_1_201' title='bbox 1897 2899 2105 2955; x_wconf 83' lang='lat' dir='ltr'><strong>nihilo-</strong></span> 
     </span>
    </p>
   </div>
   <div class='ocr_carea' id='block_1_33' title="bbox 460 2988 2106 3061">
    <p class='ocr_par' dir='ltr' id='par_1_33' title="bbox 460 2988 2106 3061">
     <span class='ocr_line' id='line_1_33' title="bbox 460 2988 2106 3061; baseline -0.001 -17"><span class='ocrx_word' id='word_1_202' title='bbox 460 2991 656 3045; x_wconf 89' lang='lat' dir='ltr'><strong>minus</strong></span> <span class='ocrx_word' id='word_1_203' title='bbox 687 2989 784 3045; x_wconf 87' lang='lat' dir='ltr'><strong>ille</strong></span> <span class='ocrx_word' id='word_1_204' title='bbox 816 2990 889 3044; x_wconf 91' lang='lat' dir='ltr'><strong>iis</strong></span> <span class='ocrx_word' id='word_1_205' title='bbox 920 2989 1062 3045; x_wconf 87' lang='lat' dir='ltr'><strong>locis</strong></span> <span class='ocrx_word' id='word_1_206' title='bbox 1092 2988 1368 3044; x_wconf 85' lang='lat' dir='ltr'><strong>facillime</strong></span> <span class='ocrx_word' id='word_1_207' title='bbox 1399 2990 1615 3061; x_wconf 84' lang='lat' dir='ltr'><strong>potitus</strong></span> <span class='ocrx_word' id='word_1_208' title='bbox 1637 2993 1722 3043; x_wconf 87' lang='lat' dir='ltr'><strong>est</strong></span> <span class='ocrx_word' id='word_1_209' title='bbox 1772 2988 1844 3043; x_wconf 91' lang='lat' dir='ltr'><strong>ob</strong></span> <span class='ocrx_word' id='word_1_210' title='bbox 1882 2993 2106 3043; x_wconf 87' lang='lat' dir='ltr'><strong>nostro-</strong></span> 
     </span>
    </p>
   </div>
   <div class='ocr_carea' id='block_1_34' title="bbox 456 3077 2103 3150">
    <p class='ocr_par' dir='ltr' id='par_1_34' title="bbox 456 3077 2103 3150">
     <span class='ocr_line' id='line_1_34' title="bbox 456 3077 2103 3150; baseline 0.001 -18"><span class='ocrx_word' id='word_1_211' title='bbox 456 3094 586 3132; x_wconf 88' lang='lat' dir='ltr'><strong>rum</strong></span> <span class='ocrx_word' id='word_1_212' title='bbox 622 3078 914 3150; x_wconf 86' lang='lat' dir='ltr'><strong>ignaviam</strong></span> <span class='ocrx_word' id='word_1_213' title='bbox 948 3094 1011 3133; x_wconf 89' lang='lat' dir='ltr'><strong>ac</strong></span> <span class='ocrx_word' id='word_1_214' title='bbox 1072 3078 1389 3149; x_wconf 75' lang='lat' dir='ltr'><strong>degeneres</strong></span> <span class='ocrx_word' id='word_1_215' title='bbox 1446 3078 1823 3148; x_wconf 27' lang='lat' dir='ltr'><strong>abje‘ctosque</strong></span> <span class='ocrx_word' id='word_1_216' title='bbox 1851 3077 2103 3143; x_wconf 88' lang='lat' dir='ltr'><strong>animos,</strong></span> 
     </span>
    </p>
   </div>
   <div class='ocr_carea' id='block_1_35' title="bbox 452 3164 2094 3238">
    <p class='ocr_par' dir='ltr' id='par_1_35' title="bbox 452 3164 2094 3238">
     <span class='ocr_line' id='line_1_35' title="bbox 452 3164 2094 3238; baseline 0 -17"><span class='ocrx_word' id='word_1_217' title='bbox 452 3166 704 3221; x_wconf 85' lang='lat' dir='ltr'><strong>subinde</strong></span> <span class='ocrx_word' id='word_1_218' title='bbox 736 3166 1089 3238; x_wconf 85' lang='lat' dir='ltr'><strong>potentiores</strong></span> <span class='ocrx_word' id='word_1_219' title='bbox 1126 3164 1315 3222; x_wconf 89' lang='lat' dir='ltr'><strong>colere</strong></span> <span class='ocrx_word' id='word_1_220' title='bbox 1344 3166 1661 3222; x_wconf 90' lang='lat' dir='ltr'><strong>volentium</strong></span> <span class='ocrx_word' id='word_1_221' title='bbox 1690 3184 1705 3234; x_wconf 88' lang='lat'><strong>;</strong></span> <span class='ocrx_word' id='word_1_222' title='bbox 1755 3167 1932 3237; x_wconf 90' lang='lat' dir='ltr'><strong>idque</strong></span> <span class='ocrx_word' id='word_1_223' title='bbox 1962 3182 2094 3221; x_wconf 89' lang='lat' dir='ltr'><strong>cum</strong></span> 
     </span>
    </p>
   </div>
   <div class='ocr_carea' id='block_1_36' title="bbox 452 3256 2093 3327">
    <p class='ocr_par' dir='ltr' id='par_1_36' title="bbox 452 3256 2093 3327">
     <span class='ocr_line' id='line_1_36' title="bbox 452 3256 2093 3327; baseline -0.001 -17"><span class='ocrx_word' id='word_1_224' title='bbox 452 3271 564 3311; x_wconf 90' lang='lat' dir='ltr'><strong>non</strong></span> <span class='ocrx_word' id='word_1_225' title='bbox 595 3271 871 3327; x_wconf 83' lang='lat' dir='ltr'><strong>magnum</strong></span> <span class='ocrx_word' id='word_1_226' title='bbox 896 3256 1212 3311; x_wconf 87' lang='lat' dir='ltr'><strong>adduceret</strong></span> <span class='ocrx_word' id='word_1_227' title='bbox 1230 3258 1550 3312; x_wconf 80' lang='lat' dir='ltr'><strong>exercitum</strong></span> <span class='ocrx_word' id='word_1_228' title='bbox 1574 3272 1678 3311; x_wconf 90' lang='lat' dir='ltr'><strong>nec</strong></span> <span class='ocrx_word' id='word_1_229' title='bbox 1700 3256 1852 3311; x_wconf 90' lang='lat' dir='ltr'><strong>inter</strong></span> <span class='ocrx_word' id='word_1_230' title='bbox 1875 3272 1935 3311; x_wconf 90' lang='lat' dir='ltr'><strong>se</strong></span> <span class='ocrx_word' id='word_1_231' title='bbox 1958 3271 2093 3310; x_wconf 88' lang='lat' dir='ltr'><strong>con-</strong></span> 
     </span>
    </p>
   </div>
   <div class='ocr_carea' id='block_1_37' title="bbox 452 3343 2096 3415">
    <p class='ocr_par' dir='ltr' id='par_1_37' title="bbox 452 3343 2096 3415">
     <span class='ocr_line' id='line_1_37' title="bbox 452 3343 2096 3415; baseline 0 -16"><span class='ocrx_word' id='word_1_232' title='bbox 452 3343 826 3409; x_wconf 83' lang='lat' dir='ltr'><strong>sentientem,</strong></span> <span class='ocrx_word' id='word_1_233' title='bbox 858 3346 955 3400; x_wconf 89' lang='lat' dir='ltr'><strong>sed</strong></span> <span class='ocrx_word' id='word_1_234' title='bbox 983 3343 1278 3415; x_wconf 88' lang='lat' dir='ltr'><strong>plerisque</strong></span> <span class='ocrx_word' id='word_1_235' title='bbox 1300 3346 1354 3398; x_wconf 91' lang='lat' dir='ltr'><strong>in</strong></span> <span class='ocrx_word' id='word_1_236' title='bbox 1382 3346 1572 3411; x_wconf 78' lang='lat' dir='ltr'><strong>rebus,</strong></span> <span class='ocrx_word' id='word_1_237' title='bbox 1606 3343 1823 3415; x_wconf 89' lang='lat' dir='ltr'><strong>quippe</strong></span> <span class='ocrx_word' id='word_1_238' title='bbox 1844 3360 1913 3399; x_wconf 85' lang='lat' dir='ltr'><strong>ex</strong></span> <span class='ocrx_word' id='word_1_239' title='bbox 1943 3343 2096 3399; x_wconf 86' lang='lat' dir='ltr'><strong>mul-</strong></span> 
     </span>
    </p>
   </div>
   <div class='ocr_carea' id='block_1_38' title="bbox 450 3433 2096 3505">
    <p class='ocr_par' dir='ltr' id='par_1_38' title="bbox 450 3433 2096 3505">
     <span class='ocr_line' id='line_1_38' title="bbox 450 3433 2096 3505; baseline 0 -16"><span class='ocrx_word' id='word_1_240' title='bbox 450 3434 530 3489; x_wconf 86' lang='lat' dir='ltr'><strong>tis</strong></span> <span class='ocrx_word' id='word_1_241' title='bbox 563 3433 808 3489; x_wconf 88' lang='lat' dir='ltr'><strong>urbibus</strong></span> <span class='ocrx_word' id='word_1_242' title='bbox 839 3433 1170 3498; x_wconf 88' lang='lat' dir='ltr'><strong>collectum,</strong></span> <span class='ocrx_word' id='word_1_243' title='bbox 1202 3434 1610 3489; x_wconf 88' lang='lat' dir='ltr'><strong>dissidentem.</strong></span> <span class='ocrx_word' id='word_1_244' title='bbox 1646 3434 1715 3489; x_wconf 90' lang='lat' dir='ltr'><strong>Et</strong></span> <span class='ocrx_word' id='word_1_245' title='bbox 1743 3448 1873 3489; x_wconf 92' lang='lat' dir='ltr'><strong>cum</strong></span> <span class='ocrx_word' id='word_1_246' title='bbox 1906 3434 2096 3505; x_wconf 84' lang='lat' dir='ltr'><strong>ipsam</strong></span> 
     </span>
    </p>
   </div>
   <div class='ocr_carea' id='block_1_39' title="bbox 452 3522 2099 3596">
    <p class='ocr_par' dir='ltr' id='par_1_39' title="bbox 452 3522 2099 3596">
     <span class='ocr_line' id='line_1_39' title="bbox 452 3522 2099 3596; baseline 0 -18"><span class='ocrx_word' id='word_1_247' title='bbox 452 3522 729 3578; x_wconf 71' lang='lat' dir='ltr'><strong>Bmotiam</strong></span> <span class='ocrx_word' id='word_1_248' title='bbox 788 3522 1111 3591; x_wconf 86' lang='lat' dir='ltr'><strong>invaderet,</strong></span> <span class='ocrx_word' id='word_1_249' title='bbox 1197 3528 1319 3578; x_wconf 87' lang='lat' dir='ltr'><strong>tam</strong></span> <span class='ocrx_word' id='word_1_250' title='bbox 1379 3523 1589 3594; x_wconf 90' lang='lat' dir='ltr'><strong>cupide</strong></span> <span class='ocrx_word' id='word_1_251' title='bbox 1645 3527 1950 3596; x_wconf 89' lang='lat' dir='ltr'><strong>susceptus</strong></span> <span class='ocrx_word' id='word_1_252' title='bbox 2008 3526 2099 3579; x_wconf 86' lang='lat' dir='ltr'><strong>est</strong></span> 
     </span>
    </p>
   </div>
   <div class='ocr_carea' id='block_1_40' title="bbox 448 3610 2095 3685">
    <p class='ocr_par' dir='ltr' id='par_1_40' title="bbox 448 3610 2095 3685">
     <span class='ocr_line' id='line_1_40' title="bbox 448 3610 2095 3685; baseline 0.001 -18"><span class='ocrx_word' id='word_1_253' title='bbox 448 3628 624 3685; x_wconf 90' lang='lat' dir='ltr'><strong>quam</strong></span> <span class='ocrx_word' id='word_1_254' title='bbox 652 3610 961 3683; x_wconf 87' lang='lat' dir='ltr'><strong>quisquam</strong></span> <span class='ocrx_word' id='word_1_255' title='bbox 986 3612 1086 3682; x_wconf 88' lang='lat' dir='ltr'><strong>qui</strong></span> <span class='ocrx_word' id='word_1_256' title='bbox 1118 3628 1184 3668; x_wconf 81' lang='lat' dir='ltr'><strong>ex</strong></span> <span class='ocrx_word' id='word_1_257' title='bbox 1220 3611 1538 3684; x_wconf 84' lang='lat' dir='ltr'><strong>longinqua</strong></span> <span class='ocrx_word' id='word_1_258' title='bbox 1556 3612 1905 3668; x_wconf 84' lang='lat' dir='ltr'><strong>etdiuturna</strong></span> <span class='ocrx_word' id='word_1_259' title='bbox 1936 3629 2095 3683; x_wconf 90' lang='lat' dir='ltr'><strong>pere-</strong></span> 
     </span>
    </p>
   </div>
   <div class='ocr_carea' id='block_1_41' title="bbox 448 3700 2095 3772">
    <p class='ocr_par' dir='ltr' id='par_1_41' title="bbox 448 3700 2095 3772">
     <span class='ocr_line' id='line_1_41' title="bbox 448 3700 2095 3772; baseline 0.001 -18"><span class='ocrx_word' id='word_1_260' title='bbox 448 3700 778 3772; x_wconf 83' lang='lat' dir='ltr'><strong>grinatione</strong></span> <span class='ocrx_word' id='word_1_261' title='bbox 832 3700 1072 3756; x_wconf 89' lang='lat' dir='ltr'><strong>domum</strong></span> <span class='ocrx_word' id='word_1_262' title='bbox 1134 3702 1457 3756; x_wconf 83' lang='lat' dir='ltr'><strong>revertitur.</strong></span> <span class='ocrx_word' id='word_1_263' title='bbox 1520 3700 1868 3772; x_wconf 83' lang='lat' dir='ltr'><strong>Progressus</strong></span> <span class='ocrx_word' id='word_1_264' title='bbox 1919 3701 2095 3757; x_wconf 85' lang='lat' dir='ltr'><strong>etiam</strong></span> 
     </span>
    </p>
   </div>
   <div class='ocr_carea' id='block_1_42' title="bbox 443 3788 2093 3861">
    <p class='ocr_par' dir='ltr' id='par_1_42' title="bbox 443 3788 2093 3861">
     <span class='ocr_line' id='line_1_42' title="bbox 443 3788 2093 3861; baseline 0 -17"><span class='ocrx_word' id='word_1_265' title='bbox 443 3788 637 3845; x_wconf 82' lang='lat' dir='ltr'><strong>Attica</strong></span> <span class='ocrx_word' id='word_1_266' title='bbox 669 3792 901 3861; x_wconf 84' lang='lat' dir='ltr'><strong>potitur.</strong></span> <span class='ocrx_word' id='word_1_267' title='bbox 927 3795 982 3844; x_wconf 90' lang='lat' dir='ltr'><strong>et</strong></span> <span class='ocrx_word' id='word_1_268' title='bbox 1008 3789 1122 3845; x_wconf 87' lang='lat' dir='ltr'><strong>arci</strong></span> <span class='ocrx_word' id='word_1_269' title='bbox 1148 3790 1484 3860; x_wconf 69' lang='lat' dir='ltr'><strong>praesidium</strong></span> <span class='ocrx_word' id='word_1_270' title='bbox 1519 3788 1783 3861; x_wconf 85' lang='lat' dir='ltr'><strong>imponit.</strong></span> <span class='ocrx_word' id='word_1_271' title='bbox 1816 3790 1956 3845; x_wconf 87' lang='lat' dir='ltr'><strong>Cum</strong></span> <span class='ocrx_word' id='word_1_272' title='bbox 1989 3807 2093 3844; x_wconf 84' lang='lat' dir='ltr'><strong>au-</strong></span> 
     </span>
    </p>
   </div>
   <div class='ocr_carea' id='block_1_43' title="bbox 447 3878 2097 3951">
    <p class='ocr_par' dir='ltr' id='par_1_43' title="bbox 447 3878 2097 3951">
     <span class='ocr_line' id='line_1_43' title="bbox 447 3878 2097 3951; baseline 0 -18"><span class='ocrx_word' id='word_1_273' title='bbox 447 3882 568 3934; x_wconf 89' lang='lat' dir='ltr'><strong>tem</strong></span> <span class='ocrx_word' id='word_1_274' title='bbox 603 3879 759 3935; x_wconf 90' lang='lat' dir='ltr'><strong>idem</strong></span> <span class='ocrx_word' id='word_1_275' title='bbox 792 3878 1290 3951; x_wconf 83' lang='lat' dir='ltr'><strong>archiepiscOpus,</strong></span> <span class='ocrx_word' id='word_1_276' title='bbox 1323 3884 1388 3932; x_wconf 85' lang='lat' dir='ltr'><strong>ut</strong></span> <span class='ocrx_word' id='word_1_277' title='bbox 1444 3878 1670 3949; x_wconf 89' lang='lat' dir='ltr'><strong>pridem</strong></span> <span class='ocrx_word' id='word_1_278' title='bbox 1714 3882 1983 3946; x_wconf 88' lang='lat' dir='ltr'><strong>Scurum,</strong></span> <span class='ocrx_word' id='word_1_279' title='bbox 2014 3879 2097 3933; x_wconf 89' lang='lat' dir='ltr'><strong>ita</strong></span> 
     </span>
    </p>
   </div>
   <div class='ocr_carea' id='block_1_44' title="bbox 443 3968 2093 4039">
    <p class='ocr_par' dir='ltr' id='par_1_44' title="bbox 443 3968 2093 4039">
     <span class='ocr_line' id='line_1_44' title="bbox 443 3968 2093 4039; baseline 0 -16"><span class='ocrx_word' id='word_1_280' title='bbox 443 3975 498 4023; x_wconf 85' lang='lat' dir='ltr'><strong>et</strong></span> <span class='ocrx_word' id='word_1_281' title='bbox 557 3976 695 4024; x_wconf 90' lang='lat' dir='ltr'><strong>tunc</strong></span> <span class='ocrx_word' id='word_1_282' title='bbox 755 3968 1149 4025; x_wconf 89' lang='lat' dir='ltr'><strong>marchionem</strong></span> <span class='ocrx_word' id='word_1_283' title='bbox 1219 3968 1561 4039; x_wconf 88' lang='lat' dir='ltr'><strong>propulsare</strong></span> <span class='ocrx_word' id='word_1_284' title='bbox 1621 3973 1836 4039; x_wconf 83' lang='lat' dir='ltr'><strong>posset,</strong></span> <span class='ocrx_word' id='word_1_285' title='bbox 1901 3974 2093 4023; x_wconf 84' lang='lat' dir='ltr'><strong>tamen</strong></span> 
     </span>
    </p>
   </div>
   <div class='ocr_carea' id='block_1_45' title="bbox 447 4058 2095 4129">
    <p class='ocr_par' dir='ltr' id='par_1_45' title="bbox 447 4058 2095 4129">
     <span class='ocr_line' id='line_1_45' title="bbox 447 4058 2095 4129; baseline 0.001 -17"><span class='ocrx_word' id='word_1_286' title='bbox 447 4060 679 4129; x_wconf 88' lang='lat' dir='ltr'><strong>tempus</strong></span> <span class='ocrx_word' id='word_1_287' title='bbox 738 4075 771 4113; x_wconf 91' lang='lat' dir='ltr'><strong>a</strong></span> <span class='ocrx_word' id='word_1_288' title='bbox 828 4059 1153 4113; x_wconf 87' lang='lat' dir='ltr'><strong>resistendo</strong></span> <span class='ocrx_word' id='word_1_289' title='bbox 1213 4058 1465 4113; x_wconf 87' lang='lat' dir='ltr'><strong>alienum</strong></span> <span class='ocrx_word' id='word_1_290' title='bbox 1507 4073 1636 4112; x_wconf 89' lang='lat' dir='ltr'><strong>esse</strong></span> <span class='ocrx_word' id='word_1_291' title='bbox 1665 4063 1850 4125; x_wconf 85' lang='lat' dir='ltr'><strong>ratus,</strong></span> <span class='ocrx_word' id='word_1_292' title='bbox 1882 4058 2095 4129; x_wconf 88' lang='lat' dir='ltr'><strong>quippe</strong></span> 
     </span>
    </p>
   </div>
   <div class='ocr_carea' id='block_1_46' title="bbox 450 4145 2092 4217">
    <p class='ocr_par' dir='ltr' id='par_1_46' title="bbox 450 4145 2092 4217">
     <span class='ocr_line' id='line_1_46' title="bbox 450 4145 2092 4217; baseline 0.001 -17"><span class='ocrx_word' id='word_1_293' title='bbox 450 4148 590 4201; x_wconf 83' lang='lat' dir='ltr'><strong>urbe</strong></span> <span class='ocrx_word' id='word_1_294' title='bbox 620 4145 989 4215; x_wconf 88' lang='lat' dir='ltr'><strong>imperatrice</strong></span> <span class='ocrx_word' id='word_1_295' title='bbox 1013 4153 1339 4217; x_wconf 78' lang='lat' dir='ltr'><strong>expugnata</strong></span> <span class='ocrx_word' id='word_1_296' title='bbox 1394 4155 1447 4201; x_wconf 87' lang='lat' dir='ltr'><strong>et</strong></span> <span class='ocrx_word' id='word_1_297' title='bbox 1507 4151 1626 4201; x_wconf 85' lang='lat' dir='ltr'><strong>tam</strong></span> <span class='ocrx_word' id='word_1_298' title='bbox 1676 4146 2092 4215; x_wconf 85' lang='lat' dir='ltr'><strong>Orientalibus,</strong></span> 
     </span>
    </p>
   </div>
   <div class='ocr_carea' id='block_1_47' title="bbox 451 4234 2093 4306">
    <p class='ocr_par' dir='ltr' id='par_1_47' title="bbox 451 4234 2093 4306">
     <span class='ocr_line' id='line_1_47' title="bbox 451 4234 2093 4306; baseline 0.001 -18"><span class='ocrx_word' id='word_1_299' title='bbox 451 4251 624 4306; x_wconf 89' lang='lat' dir='ltr'><strong>quam</strong></span> <span class='ocrx_word' id='word_1_300' title='bbox 653 4234 1129 4290; x_wconf 84' lang='lat' dir='ltr'><strong>Occidentalibus</strong></span> <span class='ocrx_word' id='word_1_301' title='bbox 1159 4234 1475 4305; x_wconf 89' lang='lat' dir='ltr'><strong>provinciis</strong></span> <span class='ocrx_word' id='word_1_302' title='bbox 1508 4234 1720 4289; x_wconf 62' lang='lat' dir='ltr'><strong>Latinas</strong></span> <span class='ocrx_word' id='word_1_303' title='bbox 1751 4234 1931 4289; x_wconf 74' lang='lat' dir='ltr'><strong>hastae</strong></span> <span class='ocrx_word' id='word_1_304' title='bbox 1966 4250 2093 4289; x_wconf 89' lang='lat' dir='ltr'><strong>um-</strong></span> 
     </span>
    </p>
   </div>
   <div class='ocr_carea' id='block_1_48' title="bbox 444 4322 2095 4391">
    <p class='ocr_par' dir='ltr' id='par_1_48' title="bbox 444 4322 2095 4391">
     <span class='ocr_line' id='line_1_48' title="bbox 444 4322 2095 4391; baseline 0 -12"><span class='ocrx_word' id='word_1_305' title='bbox 444 4325 608 4380; x_wconf 87' lang='lat' dir='ltr'><strong>bram</strong></span> <span class='ocrx_word' id='word_1_306' title='bbox 638 4324 1052 4391; x_wconf 89' lang='lat' dir='ltr'><strong>subeuntibus,</strong></span> <span class='ocrx_word' id='word_1_307' title='bbox 1086 4328 1235 4378; x_wconf 83' lang='lat' dir='ltr'><strong>cttra</strong></span> <span class='ocrx_word' id='word_1_308' title='bbox 1277 4322 1713 4379; x_wconf 86' lang='lat' dir='ltr'><strong>dimicationem</strong></span> <span class='ocrx_word' id='word_1_309' title='bbox 1772 4323 2095 4379; x_wconf 89' lang='lat' dir='ltr'><strong>munitione</strong></span> 
     </span>
    </p>
   </div>
   <div class='ocr_carea' id='block_1_49' title="bbox 440 4413 2095 4484">
    <p class='ocr_par' dir='ltr' id='par_1_49' title="bbox 440 4413 2095 4484">
     <span class='ocr_line' id='line_1_49' title="bbox 440 4413 2095 4484; baseline 0.001 -15"><span class='ocrx_word' id='word_1_310' title='bbox 440 4414 927 4469; x_wconf 89' lang='lat' dir='ltr'><strong>cedit.Postremo</strong></span> <span class='ocrx_word' id='word_1_311' title='bbox 950 4413 1108 4468; x_wconf 70' lang='lat'><strong>80¢</strong></span> <span class='ocrx_word' id='word_1_312' title='bbox 1143 4413 1357 4467; x_wconf 84' lang='lat' dir='ltr'><strong>Eubcsa</strong></span> <span class='ocrx_word' id='word_1_313' title='bbox 1414 4429 1668 4484; x_wconf 89' lang='lat' dir='ltr'><strong>quoque,</strong></span> <span class='ocrx_word' id='word_1_314' title='bbox 1728 4413 1950 4470; x_wconf 90' lang='lat' dir='ltr'><strong>omissa</strong></span> <span class='ocrx_word' id='word_1_315' title='bbox 1999 4416 2095 4472; x_wconf 89' lang='lat' dir='ltr'><strong>de-</strong></span> 
     </span>
    </p>
   </div>
   <div class='ocr_carea' id='block_1_50' title="bbox 443 4501 2091 4574">
    <p class='ocr_par' dir='ltr' id='par_1_50' title="bbox 443 4501 2091 4574">
     <span class='ocr_line' id='line_1_50' title="bbox 443 4501 2091 4574; baseline 0.002 -18"><span class='ocrx_word' id='word_1_316' title='bbox 443 4502 726 4568; x_wconf 81' lang='lat' dir='ltr'><strong>fensione,</strong></span> <span class='ocrx_word' id='word_1_317' title='bbox 762 4502 1060 4572; x_wconf 89' lang='lat' dir='ltr'><strong>supplices</strong></span> <span class='ocrx_word' id='word_1_318' title='bbox 1090 4502 1159 4556; x_wconf 88' lang='lat' dir='ltr'><strong>ad</strong></span> <span class='ocrx_word' id='word_1_319' title='bbox 1196 4501 1593 4556; x_wconf 88' lang='lat' dir='ltr'><strong>marchionem</strong></span> <span class='ocrx_word' id='word_1_320' title='bbox 1628 4517 1836 4558; x_wconf 88' lang='lat' dir='ltr'><strong>manus</strong></span> <span class='ocrx_word' id='word_1_321' title='bbox 1886 4505 2091 4574; x_wconf 83' lang='lat' dir='ltr'><strong>tendit,</strong></span> 
     </span>
    </p>
   </div>
   <div class='ocr_carea' id='block_1_51' title="bbox 2218 581 3888 667">
    <p class='ocr_par' dir='ltr' id='par_1_51' title="bbox 2218 581 3888 667">
     <span class='ocr_line' id='line_1_51' title="bbox 2218 581 3888 667; baseline 0.002 -30"><span class='ocrx_word' id='word_1_322' title='bbox 2218 581 2475 658; x_wconf 78' lang='grc' dir='ltr'>πλευρῶν</span> <span class='ocrx_word' id='word_1_323' title='bbox 2513 586 2832 661; x_wconf 79' lang='grc' dir='ltr'>κατασυρεῖς</span> <span class='ocrx_word' id='word_1_324' title='bbox 2885 587 2975 642; x_wconf 70' lang='grc' dir='ltr'><strong>καὶ</strong></span> <span class='ocrx_word' id='word_1_325' title='bbox 3016 593 3117 655; x_wconf 75' lang='grc' dir='ltr'><strong>τῆς</strong></span> <span class='ocrx_word' id='word_1_326' title='bbox 3180 585 3236 641; x_wconf 77' lang='grc' dir='ltr'>ἐν</span> <span class='ocrx_word' id='word_1_327' title='bbox 3294 587 3523 642; x_wconf 85' lang='grc' dir='ltr'>πόλεσιν</span> <span class='ocrx_word' id='word_1_328' title='bbox 3581 588 3888 667; x_wconf 69' lang='grc' dir='ltr'>ἀρχοῦτης</span> 
     </span>
    </p>
   </div>
   <div class='ocr_carea' id='block_1_52' title="bbox 2218 671 3888 749">
    <p class='ocr_par' dir='ltr' id='par_1_52' title="bbox 2218 671 3888 749">
     <span class='ocr_line' id='line_1_52' title="bbox 2218 671 3888 749; baseline 0.002 -23"><span class='ocrx_word' id='word_1_329' title='bbox 2218 671 2614 749; x_wconf 73' lang='grc' dir='ltr'>ἐκσφαιρισθσὶς</span> <span class='ocrx_word' id='word_1_330' title='bbox 2676 681 2793 738; x_wconf 85' lang='grc' dir='ltr'>τοῖς</span> <span class='ocrx_word' id='word_1_331' title='bbox 2847 675 3139 738; x_wconf 80' lang='grc' dir='ltr'>θετταλοῖς</span> <span class='ocrx_word' id='word_1_332' title='bbox 3213 671 3492 749; x_wconf 73' lang='grc' dir='ltr'>παρέϐαλε</span> <span class='ocrx_word' id='word_1_333' title='bbox 3547 678 3888 748; x_wconf 69' lang='grc' dir='ltr'>Τέμπεσιν),</span> 
     </span>
    </p>
   </div>
   <div class='ocr_carea' id='block_1_53' title="bbox 2219 759 3891 841">
    <p class='ocr_par' dir='ltr' id='par_1_53' title="bbox 2219 759 3891 841">
     <span class='ocr_line' id='line_1_53' title="bbox 2219 759 3891 841; baseline 0.002 -25"><span class='ocrx_word' id='word_1_334' title='bbox 2219 759 2306 816; x_wconf 74' lang='grc' dir='ltr'>ἐπὶ</span> <span class='ocrx_word' id='word_1_335' title='bbox 2339 759 2397 816; x_wconf 75' lang='grc' dir='ltr'>δὲ</span> <span class='ocrx_word' id='word_1_336' title='bbox 2441 765 2536 818; x_wconf 82' lang='grc' dir='ltr'><strong>καὶ</strong></span> <span class='ocrx_word' id='word_1_337' title='bbox 2599 769 2700 830; x_wconf 78' lang='grc' dir='ltr'><strong>τῆς</strong></span> <span class='ocrx_word' id='word_1_338' title='bbox 2756 765 2959 821; x_wconf 70' lang='grc' dir='ltr'>ἆκείνου</span> <span class='ocrx_word' id='word_1_339' title='bbox 3001 765 3265 841; x_wconf 81' lang='grc' dir='ltr'>θυγατρὸς</span> <span class='ocrx_word' id='word_1_340' title='bbox 3318 762 3593 827; x_wconf 80' lang='grc' dir='ltr'>Εὖδοκίας</span> <span class='ocrx_word' id='word_1_341' title='bbox 3652 766 3891 835; x_wconf 69' lang='grc' dir='ltr'>εὐνέτης</span> 
     </span>
    </p>
   </div>
   <div class='ocr_carea' id='block_1_54' title="bbox 2216 849 3890 930">
    <p class='ocr_par' dir='ltr' id='par_1_54' title="bbox 2216 849 3890 930">
     <span class='ocr_line' id='line_1_54' title="bbox 2216 849 3890 930; baseline 0.002 -26"><span class='ocrx_word' id='word_1_342' title='bbox 2216 849 2439 925; x_wconf 80' lang='grc' dir='ltr'>γίνεται.</span> <span class='ocrx_word' id='word_1_343' title='bbox 2475 851 2624 922; x_wconf 76' lang='grc' dir='ltr'>Αὕτη</span> <span class='ocrx_word' id='word_1_344' title='bbox 2666 851 2726 908; x_wconf 70' lang='grc' dir='ltr'>δὲ</span> <span class='ocrx_word' id='word_1_345' title='bbox 2766 854 3023 930; x_wconf 73' lang='grc' dir='ltr'>Στεφάνῳ</span> <span class='ocrx_word' id='word_1_346' title='bbox 3080 855 3405 926; x_wconf 76' lang='grc' dir='ltr'>συναφθεῖσα</span> <span class='ocrx_word' id='word_1_347' title='bbox 3460 854 3734 929; x_wconf 86' lang='grc' dir='ltr'>πρότερον</span> <span class='ocrx_word' id='word_1_348' title='bbox 3806 853 3890 925; x_wconf 80' lang='grc' dir='ltr'><strong>τῷ</strong></span> 
     </span>
    </p>
   </div>
   <div class='ocr_carea' id='block_1_55' title="bbox 2218 937 3891 1015">
    <p class='ocr_par' dir='ltr' id='par_1_55' title="bbox 2218 937 3891 1015">
     <span class='ocr_line' id='line_1_55' title="bbox 2218 937 3891 1015; baseline 0.003 -23"><span class='ocrx_word' id='word_1_349' title='bbox 2218 938 2556 1014; x_wconf 82' lang='grc' dir='ltr'>ἀρχηγοῦντι</span> <span class='ocrx_word' id='word_1_350' title='bbox 2614 945 2721 995; x_wconf 76' lang='grc' dir='ltr'><strong>τῶν</strong></span> <span class='ocrx_word' id='word_1_351' title='bbox 2771 937 3105 1015; x_wconf 74' lang='grc' dir='ltr'>Τριϐαλλῶν</span> <span class='ocrx_word' id='word_1_352' title='bbox 3171 940 3318 1015; x_wconf 86' lang='grc' dir='ltr'>παρᾶ</span> <span class='ocrx_word' id='word_1_353' title='bbox 3377 943 3471 1015; x_wconf 76' lang='grc' dir='ltr'><strong>μὶν</strong></span> <span class='ocrx_word' id='word_1_354' title='bbox 3525 940 3744 996; x_wconf 83' lang='grc' dir='ltr'>ἐκείνου</span> <span class='ocrx_word' id='word_1_355' title='bbox 3787 942 3891 1014; x_wconf 82' lang='grc' dir='ltr'><strong>ἐμ-</strong></span> 
     </span>
    </p>
   </div>
   <div class='ocr_carea' id='block_1_56' title="bbox 2217 1021 3889 1108">
    <p class='ocr_par' dir='ltr' id='par_1_56' title="bbox 2217 1021 3889 1108">
     <span class='ocr_line' id='line_1_56' title="bbox 2217 1021 3889 1108; baseline 0.004 -28"><span class='ocrx_word' id='word_1_356' title='bbox 2217 1021 2422 1100; x_wconf 77' lang='grc' dir='ltr'>ϐριθῶς</span> <span class='ocrx_word' id='word_1_357' title='bbox 2472 1028 2879 1101; x_wconf 67' lang='grc' dir='ltr'>ἀποπεμπεται,</span> <span class='ocrx_word' id='word_1_358' title='bbox 2928 1031 2990 1085; x_wconf 83' lang='grc' dir='ltr'>τὸ</span> <span class='ocrx_word' id='word_1_359' title='bbox 3042 1027 3100 1084; x_wconf 69' lang='grc' dir='ltr'>δὲ</span> <span class='ocrx_word' id='word_1_360' title='bbox 3160 1032 3453 1099; x_wconf 79' lang='grc' dir='ltr'>Βυζάντιον</span> <span class='ocrx_word' id='word_1_361' title='bbox 3506 1031 3889 1108; x_wconf 67' lang='grc' dir='ltr'><strong>κατειληφυῖα</strong></span> 
     </span>
    </p>
   </div>
   <div class='ocr_carea' id='block_1_57' title="bbox 2217 1115 3887 1195">
    <p class='ocr_par' dir='ltr' id='par_1_57' title="bbox 2217 1115 3887 1195">
     <span class='ocr_line' id='line_1_57' title="bbox 2217 1115 3887 1195; baseline 0.004 -25"><span class='ocrx_word' id='word_1_362' title='bbox 2217 1115 2292 1179; x_wconf 79' lang='grc' dir='ltr'><strong>εἰς</strong></span> <span class='ocrx_word' id='word_1_363' title='bbox 2339 1124 2568 1190; x_wconf 84' lang='grc' dir='ltr'>γυναῖκα</span> <span class='ocrx_word' id='word_1_364' title='bbox 2625 1119 2807 1194; x_wconf 82' lang='grc' dir='ltr'>ἃγεται</span> <span class='ocrx_word' id='word_1_365' title='bbox 2866 1121 3093 1195; x_wconf 76' lang='grc' dir='ltr'>ὓστερον</span> <span class='ocrx_word' id='word_1_366' title='bbox 3158 1120 3294 1192; x_wconf 66' lang='grc' dir='ltr'>μετὰ</span> <span class='ocrx_word' id='word_1_367' title='bbox 3345 1123 3442 1191; x_wconf 74' lang='grc' dir='ltr'>τὴν</span> <span class='ocrx_word' id='word_1_368' title='bbox 3506 1117 3722 1176; x_wconf 70' lang='grc' dir='ltr'>ἅλωσιν</span> <span class='ocrx_word' id='word_1_369' title='bbox 3782 1127 3887 1186; x_wconf 73' lang='grc' dir='ltr'><strong>τῆς</strong></span> 
     </span>
    </p>
   </div>
   <div class='ocr_carea' id='block_1_58' title="bbox 2214 1205 3887 1283">
    <p class='ocr_par' dir='ltr' id='par_1_58' title="bbox 2214 1205 3887 1283">
     <span class='ocr_line' id='line_1_58' title="bbox 2214 1205 3887 1283; baseline 0.003 -23"><span class='ocrx_word' id='word_1_370' title='bbox 2214 1205 2432 1270; x_wconf 90' lang='grc' dir='ltr'>πόλεως</span> <span class='ocrx_word' id='word_1_371' title='bbox 2473 1209 2561 1264; x_wconf 73' lang='grc' dir='ltr'>καὶ</span> <span class='ocrx_word' id='word_1_372' title='bbox 2592 1212 2691 1279; x_wconf 71' lang='grc' dir='ltr'>τὴν</span> <span class='ocrx_word' id='word_1_373' title='bbox 2720 1208 2779 1264; x_wconf 82' lang='grc' dir='ltr'>ἐκ</span> <span class='ocrx_word' id='word_1_374' title='bbox 2833 1211 3035 1280; x_wconf 80' lang='grc' dir='ltr'><strong>ταύτης</strong></span> <span class='ocrx_word' id='word_1_375' title='bbox 3093 1209 3467 1279; x_wconf 66' lang='grc' dir='ltr'><strong>ἀπονόστησιν</strong></span> <span class='ocrx_word' id='word_1_376' title='bbox 3509 1209 3755 1283; x_wconf 82' lang='grc' dir='ltr'>Ἀλεξίῳ</span> <span class='ocrx_word' id='word_1_377' title='bbox 3808 1216 3887 1282; x_wconf 80' lang='grc' dir='ltr'>τῷ</span> 
     </span>
    </p>
   </div>
   <div class='ocr_carea' id='block_1_59' title="bbox 2215 1295 3891 1377">
    <p class='ocr_par' dir='ltr' id='par_1_59' title="bbox 2215 1295 3891 1377">
     <span class='ocr_line' id='line_1_59' title="bbox 2215 1295 3891 1377; baseline 0.002 -25"><span class='ocrx_word' id='word_1_378' title='bbox 2215 1296 2413 1366; x_wconf 79' lang='grc' dir='ltr'>Δούκᾳ,</span> <span class='ocrx_word' id='word_1_379' title='bbox 2446 1298 2504 1358; x_wconf 77' lang='grc' dir='ltr'>ὃς</span> <span class='ocrx_word' id='word_1_380' title='bbox 2534 1295 2918 1370; x_wconf 75' lang='grc' dir='ltr'><strong>ἐπωνομάζετο</strong></span> <span class='ocrx_word' id='word_1_381' title='bbox 2979 1297 3413 1377; x_wconf 75' lang='grc' dir='ltr'>Μούρτζουφλος</span> <span class='ocrx_word' id='word_1_382' title='bbox 3473 1301 3565 1355; x_wconf 73' lang='grc' dir='ltr'><strong>καὶ</strong></span> <span class='ocrx_word' id='word_1_383' title='bbox 3624 1301 3697 1355; x_wconf 72' lang='grc' dir='ltr'><strong>τὰ</strong></span> <span class='ocrx_word' id='word_1_384' title='bbox 3748 1307 3891 1369; x_wconf 73' lang='grc' dir='ltr'>σκῆ-</span> 
     </span>
    </p>
   </div>
   <div class='ocr_carea' id='block_1_60' title="bbox 2212 1385 3887 1462">
    <p class='ocr_par' dir='ltr' id='par_1_60' title="bbox 2212 1385 3887 1462">
     <span class='ocr_line' id='line_1_60' title="bbox 2212 1385 3887 1462; baseline 0.002 -23"><span class='ocrx_word' id='word_1_385' title='bbox 2212 1405 2354 1458; x_wconf 91' lang='grc' dir='ltr'>πτρα</span> <span class='ocrx_word' id='word_1_386' title='bbox 2383 1390 2491 1440; x_wconf 81' lang='grc' dir='ltr'><strong>τῶν</strong></span> <span class='ocrx_word' id='word_1_387' title='bbox 2528 1387 2818 1459; x_wconf 84' lang='grc' dir='ltr'>Ῥωμαίων</span> <span class='ocrx_word' id='word_1_388' title='bbox 2852 1386 3072 1450; x_wconf 81' lang='grc' dir='ltr'><strong>λοῖσθος</strong></span> <span class='ocrx_word' id='word_1_389' title='bbox 3129 1385 3521 1462; x_wconf 74' lang='grc' dir='ltr'>ἐνεχειρίσατο.</span> <span class='ocrx_word' id='word_1_390' title='bbox 3573 1389 3737 1457; x_wconf 65' lang='grc' dir='ltr'>Πλὴν</span> <span class='ocrx_word' id='word_1_391' title='bbox 3770 1386 3887 1443; x_wconf 72' lang='grc' dir='ltr'>οὐδ’</span> 
     </span>
    </p>
   </div>
   <div class='ocr_carea' id='block_1_61' title="bbox 2214 1471 3887 1551">
    <p class='ocr_par' dir='ltr' id='par_1_61' title="bbox 2214 1471 3887 1551">
     <span class='ocr_line' id='line_1_61' title="bbox 2214 1471 3887 1551; baseline 0.002 -23"><span class='ocrx_word' id='word_1_392' title='bbox 2214 1473 2375 1537; x_wconf 78' lang='grc' dir='ltr'>οὗτος</span> <span class='ocrx_word' id='word_1_393' title='bbox 2407 1476 2435 1530; x_wconf 81' lang='grc' dir='ltr'>ὁ</span> <span class='ocrx_word' id='word_1_394' title='bbox 2466 1475 2671 1537; x_wconf 81' lang='grc' dir='ltr'>Δούκας</span> <span class='ocrx_word' id='word_1_395' title='bbox 2701 1474 2803 1538; x_wconf 73' lang='grc' dir='ltr'>ἓως</span> <span class='ocrx_word' id='word_1_396' title='bbox 2833 1478 3021 1551; x_wconf 76' lang='grc' dir='ltr'>γήρως</span> <span class='ocrx_word' id='word_1_397' title='bbox 3064 1477 3155 1531; x_wconf 84' lang='grc' dir='ltr'><strong>καὶ</strong></span> <span class='ocrx_word' id='word_1_398' title='bbox 3194 1471 3483 1547; x_wconf 74' lang='grc' dir='ltr'>πρεσϐείου</span> <span class='ocrx_word' id='word_1_399' title='bbox 3532 1482 3605 1551; x_wconf 76' lang='grc' dir='ltr'><strong>τῇ</strong></span> <span class='ocrx_word' id='word_1_400' title='bbox 3640 1475 3887 1549; x_wconf 55' lang='lat' dir='ltr'><strong>Etiamsi;</strong></span> 
     </span>
    </p>
   </div>
   <div class='ocr_carea' id='block_1_62' title="bbox 2214 1564 3887 1640">
    <p class='ocr_par' dir='ltr' id='par_1_62' title="bbox 2214 1564 3887 1640">
     <span class='ocr_line' id='line_1_62' title="bbox 2214 1564 3887 1640; baseline 0.002 -23"><span class='ocrx_word' id='word_1_401' title='bbox 2214 1565 2542 1636; x_wconf 81' lang='grc' dir='ltr'><strong>συνῴκησεν·</strong></span> <span class='ocrx_word' id='word_1_402' title='bbox 2579 1565 2608 1619; x_wconf 82' lang='grc' dir='ltr'><strong>ὁ</strong></span> <span class='ocrx_word' id='word_1_403' title='bbox 2664 1566 2766 1640; x_wconf 80' lang='grc' dir='ltr'><strong>γὰρ</strong></span> <span class='ocrx_word' id='word_1_404' title='bbox 2804 1564 3009 1634; x_wconf 75' lang='grc' dir='ltr'>ταύτης</span> <span class='ocrx_word' id='word_1_405' title='bbox 3058 1567 3239 1637; x_wconf 78' lang='grc' dir='ltr'>πατὴρ</span> <span class='ocrx_word' id='word_1_406' title='bbox 3299 1566 3566 1635; x_wconf 75' lang='grc' dir='ltr'>’Δλὲξιος,</span> <span class='ocrx_word' id='word_1_407' title='bbox 3600 1566 3713 1621; x_wconf 77' lang='grc' dir='ltr'>οὐκ</span> <span class='ocrx_word' id='word_1_408' title='bbox 3770 1566 3887 1620; x_wconf 80' lang='grc' dir='ltr'><strong>οἶδ’</strong></span> 
     </span>
    </p>
   </div>
   <div class='ocr_carea' id='block_1_63' title="bbox 2214 1651 3879 1732">
    <p class='ocr_par' dir='ltr' id='par_1_63' title="bbox 2214 1651 3879 1732">
     <span class='ocr_line' id='line_1_63' title="bbox 2214 1651 3879 1732; baseline 0.001 -24"><span class='ocrx_word' id='word_1_409' title='bbox 2214 1655 2243 1708; x_wconf 81' lang='grc' dir='ltr'>ὅ</span> <span class='ocrx_word' id='word_1_410' title='bbox 2308 1676 2362 1708; x_wconf 90' lang='grc' dir='ltr'><strong>τι</strong></span> <span class='ocrx_word' id='word_1_411' title='bbox 2417 1655 2623 1723; x_wconf 84' lang='grc' dir='ltr'>παθὼν,</span> <span class='ocrx_word' id='word_1_412' title='bbox 2692 1654 2786 1708; x_wconf 70' lang='grc' dir='ltr'><strong>σὺν</strong></span> <span class='ocrx_word' id='word_1_413' title='bbox 2839 1651 2989 1725; x_wconf 85' lang='grc' dir='ltr'>δόλῳ</span> <span class='ocrx_word' id='word_1_414' title='bbox 3037 1655 3129 1709; x_wconf 85' lang='grc' dir='ltr'><strong>τὸν</strong></span> <span class='ocrx_word' id='word_1_415' title='bbox 3184 1652 3348 1728; x_wconf 77' lang='grc' dir='ltr'>ἄνδρα</span> <span class='ocrx_word' id='word_1_416' title='bbox 3423 1653 3729 1732; x_wconf 61' lang='grc' dir='ltr'>συνείληφε</span> <span class='ocrx_word' id='word_1_417' title='bbox 3788 1658 3879 1710; x_wconf 74' lang='grc' dir='ltr'>καὶ</span> 
     </span>
    </p>
   </div>
   <div class='ocr_carea' id='block_1_64' title="bbox 2211 1740 3875 1817">
    <p class='ocr_par' dir='ltr' id='par_1_64' title="bbox 2211 1740 3875 1817">
     <span class='ocr_line' id='line_1_64' title="bbox 2211 1740 3875 1817; baseline 0.001 -21"><span class='ocrx_word' id='word_1_418' title='bbox 2211 1747 2396 1804; x_wconf 77' lang='grc' dir='ltr'>κακῶς</span> <span class='ocrx_word' id='word_1_419' title='bbox 2426 1740 2479 1804; x_wconf 82' lang='grc' dir='ltr'>ἐς</span> <span class='ocrx_word' id='word_1_420' title='bbox 2508 1743 2604 1804; x_wconf 83' lang='grc' dir='ltr'><strong>τὰς</strong></span> <span class='ocrx_word' id='word_1_421' title='bbox 2657 1743 2824 1816; x_wconf 85' lang='grc' dir='ltr'>κόρας</span> <span class='ocrx_word' id='word_1_422' title='bbox 2901 1740 3127 1813; x_wconf 83' lang='grc' dir='ltr'>διέθετο,</span> <span class='ocrx_word' id='word_1_423' title='bbox 3158 1740 3375 1813; x_wconf 84' lang='grc' dir='ltr'>πλάνης</span> <span class='ocrx_word' id='word_1_424' title='bbox 3406 1741 3661 1813; x_wconf 75' lang='grc' dir='ltr'>πλάνητα</span> <span class='ocrx_word' id='word_1_425' title='bbox 3698 1750 3875 1817; x_wconf 76' lang='grc' dir='ltr'>μισῶν</span> 
     </span>
    </p>
   </div>
   <div class='ocr_carea' id='block_1_65' title="bbox 2212 1827 3877 1908">
    <p class='ocr_par' dir='ltr' id='par_1_65' title="bbox 2212 1827 3877 1908">
     <span class='ocr_line' id='line_1_65' title="bbox 2212 1827 3877 1908; baseline 0.001 -23"><span class='ocrx_word' id='word_1_426' title='bbox 2212 1827 2418 1904; x_wconf 79' lang='grc' dir='ltr'>κομιδῆ</span> <span class='ocrx_word' id='word_1_427' title='bbox 2476 1832 2566 1886; x_wconf 87' lang='grc' dir='ltr'><strong>καὶ</strong></span> <span class='ocrx_word' id='word_1_428' title='bbox 2604 1831 2777 1908; x_wconf 72' lang='grc' dir='ltr'>φυγὰς</span> <span class='ocrx_word' id='word_1_429' title='bbox 2811 1829 3093 1906; x_wconf 78' lang='grc' dir='ltr'>βασιλείας</span> <span class='ocrx_word' id='word_1_430' title='bbox 3141 1837 3222 1905; x_wconf 80' lang='grc' dir='ltr'><strong>τῷ</strong></span> <span class='ocrx_word' id='word_1_431' title='bbox 3278 1832 3612 1888; x_wconf 80' lang='grc' dir='ltr'>ἀποπισόντι</span> <span class='ocrx_word' id='word_1_432' title='bbox 3665 1833 3877 1904; x_wconf 69' lang='grc' dir='ltr'>ταύτης</span> 
     </span>
    </p>
   </div>
   <div class='ocr_carea' id='block_1_66' title="bbox 2214 1919 3877 1997">
    <p class='ocr_par' dir='ltr' id='par_1_66' title="bbox 2214 1919 3877 1997">
     <span class='ocr_line' id='line_1_66' title="bbox 2214 1919 3877 1997; baseline 0.002 -22"><span class='ocrx_word' id='word_1_433' title='bbox 2214 1921 2661 1994; x_wconf 70' lang='grc' dir='ltr'>ἁντικαθήμενος.</span> <span class='ocrx_word' id='word_1_434' title='bbox 2708 1922 2838 1977; x_wconf 87' lang='grc' dir='ltr'>Μετ’</span> <span class='ocrx_word' id='word_1_435' title='bbox 2897 1920 2959 1975; x_wconf 81' lang='grc' dir='ltr'>οὗ</span> <span class='ocrx_word' id='word_1_436' title='bbox 3012 1920 3186 1977; x_wconf 78' lang='grc' dir='ltr'>πολὺν</span> <span class='ocrx_word' id='word_1_437' title='bbox 3235 1919 3292 1977; x_wconf 76' lang='grc' dir='ltr'><strong>δέ</strong></span> <span class='ocrx_word' id='word_1_438' title='bbox 3346 1942 3468 1977; x_wconf 88' lang='grc' dir='ltr'>τινα</span> <span class='ocrx_word' id='word_1_439' title='bbox 3506 1923 3717 1997; x_wconf 81' lang='grc' dir='ltr'>χρόνον</span> <span class='ocrx_word' id='word_1_440' title='bbox 3777 1931 3877 1993; x_wconf 75' lang='grc' dir='ltr'>τῆς</span> 
     </span>
    </p>
   </div>
   <div class='ocr_carea' id='block_1_67' title="bbox 2213 2008 3875 2088">
    <p class='ocr_par' dir='ltr' id='par_1_67' title="bbox 2213 2008 3875 2088">
     <span class='ocr_line' id='line_1_67' title="bbox 2213 2008 3875 2088; baseline 0.002 -24"><span class='ocrx_word' id='word_1_441' title='bbox 2213 2010 2514 2084; x_wconf 84' lang='grc' dir='ltr'>πηρώσεως</span> <span class='ocrx_word' id='word_1_442' title='bbox 2554 2009 2631 2072; x_wconf 82' lang='grc' dir='ltr'><strong>είς</strong></span> <span class='ocrx_word' id='word_1_443' title='bbox 2665 2015 2855 2088; x_wconf 80' lang='grc' dir='ltr'>χεῖρας</span> <span class='ocrx_word' id='word_1_444' title='bbox 2886 2008 3138 2080; x_wconf 79' lang='grc' dir='ltr'>ἐμπεσὼν</span> <span class='ocrx_word' id='word_1_445' title='bbox 3165 2016 3274 2064; x_wconf 87' lang='grc' dir='ltr'><strong>τῶν</strong></span> <span class='ocrx_word' id='word_1_446' title='bbox 3307 2012 3555 2067; x_wconf 83' lang='grc' dir='ltr'>Λατίνων</span> <span class='ocrx_word' id='word_1_447' title='bbox 3601 2013 3629 2066; x_wconf 79' lang='grc' dir='ltr'><strong>ὁ</strong></span> <span class='ocrx_word' id='word_1_448' title='bbox 3662 2014 3875 2075; x_wconf 72' lang='grc' dir='ltr'>Δοῦκας</span> 
     </span>
    </p>
   </div>
   <div class='ocr_carea' id='block_1_68' title="bbox 2214 2097 3876 2176">
    <p class='ocr_par' dir='ltr' id='par_1_68' title="bbox 2214 2097 3876 2176">
     <span class='ocr_line' id='line_1_68' title="bbox 2214 2097 3876 2176; baseline 0.002 -23"><span class='ocrx_word' id='word_1_449' title='bbox 2214 2098 2290 2161; x_wconf 85' lang='grc' dir='ltr'><strong>είς</strong></span> <span class='ocrx_word' id='word_1_450' title='bbox 2310 2099 2373 2153; x_wconf 86' lang='grc' dir='ltr'>τὸ</span> <span class='ocrx_word' id='word_1_451' title='bbox 2434 2098 2723 2167; x_wconf 86' lang='grc' dir='ltr'>Βυζάντιον</span> <span class='ocrx_word' id='word_1_452' title='bbox 2769 2099 3177 2171; x_wconf 78' lang='grc' dir='ltr'>ἀνακομίζεται,</span> <span class='ocrx_word' id='word_1_453' title='bbox 3210 2099 3301 2153; x_wconf 86' lang='grc' dir='ltr'><strong>καὶ</strong></span> <span class='ocrx_word' id='word_1_454' title='bbox 3334 2100 3438 2155; x_wconf 82' lang='grc' dir='ltr'>ὑπὸ</span> <span class='ocrx_word' id='word_1_455' title='bbox 3491 2097 3650 2170; x_wconf 82' lang='grc' dir='ltr'>δίκην</span> <span class='ocrx_word' id='word_1_456' title='bbox 3680 2102 3876 2176; x_wconf 79' lang='grc' dir='ltr'><strong>ἆχθεῖς</strong></span> 
     </span>
    </p>
   </div>
   <div class='ocr_carea' id='block_1_69' title="bbox 2214 2185 3869 2263">
    <p class='ocr_par' dir='ltr' id='par_1_69' title="bbox 2214 2185 3869 2263">
     <span class='ocr_line' id='line_1_69' title="bbox 2214 2185 3869 2263; baseline 0.002 -22"><span class='ocrx_word' id='word_1_457' title='bbox 2214 2187 2287 2250; x_wconf 84' lang='grc' dir='ltr'>ὡς</span> <span class='ocrx_word' id='word_1_458' title='bbox 2326 2185 2418 2241; x_wconf 82' lang='grc' dir='ltr'><strong>τὸν</strong></span> <span class='ocrx_word' id='word_1_459' title='bbox 2480 2187 2671 2242; x_wconf 70' lang='grc' dir='ltr'>ἑαυτοῦ</span> <span class='ocrx_word' id='word_1_460' title='bbox 2733 2188 2920 2261; x_wconf 82' lang='grc' dir='ltr'>κύριον</span> <span class='ocrx_word' id='word_1_461' title='bbox 2973 2193 3064 2241; x_wconf 84' lang='grc' dir='ltr'><strong>καί</strong></span> <span class='ocrx_word' id='word_1_462' title='bbox 3128 2186 3354 2263; x_wconf 66' lang='grc' dir='ltr'>βασιλέα</span> <span class='ocrx_word' id='word_1_463' title='bbox 3392 2188 3738 2261; x_wconf 67' lang='grc' dir='ltr'>συνειληφὼς</span> <span class='ocrx_word' id='word_1_464' title='bbox 3775 2191 3869 2245; x_wconf 80' lang='grc' dir='ltr'>καί</span> 
     </span>
    </p>
   </div>
   <div class='ocr_carea' id='block_1_70' title="bbox 2211 2271 3864 2351">
    <p class='ocr_par' dir='ltr' id='par_1_70' title="bbox 2211 2271 3864 2351">
     <span class='ocr_line' id='line_1_70' title="bbox 2211 2271 3864 2351; baseline 0.001 -20"><span class='ocrx_word' id='word_1_465' title='bbox 2211 2279 2308 2331; x_wconf 82' lang='grc' dir='ltr'><strong>τοῦ</strong></span> <span class='ocrx_word' id='word_1_466' title='bbox 2378 2278 2472 2349; x_wconf 84' lang='grc' dir='ltr'><strong>ζῇν</strong></span> <span class='ocrx_word' id='word_1_467' title='bbox 2532 2273 2802 2349; x_wconf 78' lang='grc' dir='ltr'>ἐξαγαγὼν</span> <span class='ocrx_word' id='word_1_468' title='bbox 2863 2271 2931 2329; x_wconf 86' lang='grc' dir='ltr'>δι’</span> <span class='ocrx_word' id='word_1_469' title='bbox 2997 2274 3246 2350; x_wconf 81' lang='grc' dir='ltr'>ἀγχόνης</span> <span class='ocrx_word' id='word_1_470' title='bbox 3330 2276 3706 2351; x_wconf 70' lang='grc' dir='ltr'>ἀπελογήσατο</span> <span class='ocrx_word' id='word_1_471' title='bbox 3767 2279 3864 2343; x_wconf 67' lang='grc' dir='ltr'>μὲν</span> 
     </span>
    </p>
   </div>
   <div class='ocr_carea' id='block_1_71' title="bbox 2212 2361 3873 2444">
    <p class='ocr_par' dir='ltr' id='par_1_71' title="bbox 2212 2361 3873 2444">
     <span class='ocr_line' id='line_1_71' title="bbox 2212 2361 3873 2444; baseline 0.002 -26"><span class='ocrx_word' id='word_1_472' title='bbox 2212 2364 2414 2418; x_wconf 81' lang='grc' dir='ltr'>ἐκεῖνον</span> <span class='ocrx_word' id='word_1_473' title='bbox 2470 2361 2745 2438; x_wconf 72' lang='grc' dir='ltr'>προδότην</span> <span class='ocrx_word' id='word_1_474' title='bbox 2794 2370 2894 2432; x_wconf 74' lang='grc' dir='ltr'><strong>τῆς</strong></span> <span class='ocrx_word' id='word_1_475' title='bbox 2949 2361 3208 2438; x_wconf 82' lang='grc' dir='ltr'>πατρίδος</span> <span class='ocrx_word' id='word_1_476' title='bbox 3264 2365 3496 2444; x_wconf 71' lang='grc' dir='ltr'>ὀφθῆναι</span> <span class='ocrx_word' id='word_1_477' title='bbox 3556 2366 3648 2420; x_wconf 79' lang='grc' dir='ltr'><strong>καὶ</strong></span> <span class='ocrx_word' id='word_1_478' title='bbox 3710 2367 3873 2439; x_wconf 75' lang='grc' dir='ltr'>ἀξίως</span> 
     </span>
    </p>
   </div>
   <div class='ocr_carea' id='block_1_72' title="bbox 2208 2450 3873 2531">
    <p class='ocr_par' dir='ltr' id='par_1_72' title="bbox 2208 2450 3873 2531">
     <span class='ocr_line' id='line_1_72' title="bbox 2208 2450 3873 2531; baseline 0.002 -23"><span class='ocrx_word' id='word_1_479' title='bbox 2208 2454 2277 2508; x_wconf 70' lang='grc' dir='ltr'><strong>τὰ</strong></span> <span class='ocrx_word' id='word_1_480' title='bbox 2305 2452 2490 2509; x_wconf 80' lang='grc' dir='ltr'>εἷ’κότα</span> <span class='ocrx_word' id='word_1_481' title='bbox 2519 2455 2729 2522; x_wconf 78' lang='grc' dir='ltr'>παθεῖν,</span> <span class='ocrx_word' id='word_1_482' title='bbox 2766 2454 2842 2524; x_wconf 85' lang='grc' dir='ltr'>μή</span> <span class='ocrx_word' id='word_1_483' title='bbox 2880 2452 3034 2527; x_wconf 83' lang='grc' dir='ltr'>μόνῳ</span> <span class='ocrx_word' id='word_1_484' title='bbox 3065 2450 3122 2509; x_wconf 80' lang='grc' dir='ltr'>δέ</span> <span class='ocrx_word' id='word_1_485' title='bbox 3152 2454 3204 2507; x_wconf 70' lang='grc' dir='ltr'><strong>οἱ</strong></span> <span class='ocrx_word' id='word_1_486' title='bbox 3232 2459 3401 2510; x_wconf 83' lang='grc' dir='ltr'>ταῦτα</span> <span class='ocrx_word' id='word_1_487' title='bbox 3437 2453 3873 2531; x_wconf 62' lang='grc' dir='ltr'>διαπραχθῄαι,</span> 
     </span>
    </p>
   </div>
   <div class='ocr_carea' id='block_1_73' title="bbox 2210 2539 3873 2619">
    <p class='ocr_par' dir='ltr' id='par_1_73' title="bbox 2210 2539 3873 2619">
     <span class='ocr_line' id='line_1_73' title="bbox 2210 2539 3873 2619; baseline 0.002 -21"><span class='ocrx_word' id='word_1_488' title='bbox 2210 2541 2359 2598; x_wconf 84' lang='grc' dir='ltr'>ἀλλὰ</span> <span class='ocrx_word' id='word_1_489' title='bbox 2387 2542 2477 2597; x_wconf 84' lang='grc' dir='ltr'><strong>καὶ</strong></span> <span class='ocrx_word' id='word_1_490' title='bbox 2506 2547 2623 2604; x_wconf 85' lang='grc' dir='ltr'>τοῖς</span> <span class='ocrx_word' id='word_1_491' title='bbox 2675 2539 2897 2607; x_wconf 77' lang='grc' dir='ltr'>ἄλλοις,</span> <span class='ocrx_word' id='word_1_492' title='bbox 2930 2542 3051 2598; x_wconf 75' lang='grc' dir='ltr'>ὅσοι</span> <span class='ocrx_word' id='word_1_493' title='bbox 3107 2545 3226 2599; x_wconf 83' lang='grc' dir='ltr'>κατ’</span> <span class='ocrx_word' id='word_1_494' title='bbox 3258 2542 3535 2599; x_wconf 81' lang='grc' dir='ltr'>οἷκείωσιν</span> <span class='ocrx_word' id='word_1_495' title='bbox 3595 2546 3690 2599; x_wconf 78' lang='grc' dir='ltr'>καὶ</span> <span class='ocrx_word' id='word_1_496' title='bbox 3722 2544 3873 2619; x_wconf 68' lang='grc' dir='ltr'>γένος</span> 
     </span>
    </p>
   </div>
   <div class='ocr_carea' id='block_1_74' title="bbox 2210 2627 3875 2710">
    <p class='ocr_par' dir='ltr' id='par_1_74' title="bbox 2210 2627 3875 2710">
     <span class='ocr_line' id='line_1_74' title="bbox 2210 2627 3875 2710; baseline -0.001 -22"><span class='ocrx_word' id='word_1_497' title='bbox 2210 2631 2403 2705; x_wconf 78' lang='grc' dir='ltr'>ἐκείνῳ</span> <span class='ocrx_word' id='word_1_498' title='bbox 2445 2634 2805 2702; x_wconf 71' lang='grc' dir='ltr'>συνήπτοντο.</span> <span class='ocrx_word' id='word_1_499' title='bbox 2838 2632 2904 2687; x_wconf 78' lang='grc' dir='ltr'><strong>υἱ</strong></span> <span class='ocrx_word' id='word_1_500' title='bbox 2936 2627 2995 2686; x_wconf 77' lang='grc' dir='ltr'>δὶ</span> <span class='ocrx_word' id='word_1_501' title='bbox 3038 2634 3114 2704; x_wconf 73' lang='grc' dir='ltr'>μὴ</span> <span class='ocrx_word' id='word_1_502' title='bbox 3166 2634 3541 2708; x_wconf 73' lang='grc' dir='ltr'>προσσχόντες</span> <span class='ocrx_word' id='word_1_503' title='bbox 3596 2635 3688 2695; x_wconf 81' lang='grc' dir='ltr'>οἷς</span> <span class='ocrx_word' id='word_1_504' title='bbox 3723 2634 3875 2710; x_wconf 69' lang='grc' dir='ltr'>εἴρη-</span> 
     </span>
    </p>
   </div>
   <div class='ocr_carea' id='block_1_75' title="bbox 2209 2715 3860 2793">
    <p class='ocr_par' dir='ltr' id='par_1_75' title="bbox 2209 2715 3860 2793">
     <span class='ocr_line' id='line_1_75' title="bbox 2209 2715 3860 2793; baseline 0.001 -17"><span class='ocrx_word' id='word_1_505' title='bbox 2209 2742 2319 2791; x_wconf 84' lang='grc' dir='ltr'>κεν,</span> <span class='ocrx_word' id='word_1_506' title='bbox 2353 2720 2476 2775; x_wconf 77' lang='grc' dir='ltr'>οὕτε</span> <span class='ocrx_word' id='word_1_507' title='bbox 2508 2722 2616 2793; x_wconf 73' lang='grc' dir='ltr'>μὴν</span> <span class='ocrx_word' id='word_1_508' title='bbox 2646 2721 2732 2784; x_wconf 81' lang='grc' dir='ltr'>οἷς</span> <span class='ocrx_word' id='word_1_509' title='bbox 2764 2716 2843 2776; x_wconf 77' lang='grc' dir='ltr'>ἔτι</span> <span class='ocrx_word' id='word_1_510' title='bbox 2866 2715 3052 2775; x_wconf 79' lang='grc' dir='ltr'>ὤδινεν</span> <span class='ocrx_word' id='word_1_511' title='bbox 3086 2720 3255 2776; x_wconf 74' lang='grc' dir='ltr'>εἰπεῖν</span> <span class='ocrx_word' id='word_1_512' title='bbox 3290 2722 3387 2784; x_wconf 80' lang='grc' dir='ltr'><strong>τὰς</strong></span> <span class='ocrx_word' id='word_1_513' title='bbox 3418 2722 3589 2784; x_wconf 72' lang='grc' dir='ltr'>ἀκοὰς</span> <span class='ocrx_word' id='word_1_514' title='bbox 3653 2725 3860 2779; x_wconf 84' lang='grc' dir='ltr'>ὁποσον</span> 
     </span>
    </p>
   </div>
   <div class='ocr_carea' id='block_1_76' title="bbox 2211 2810 3875 2888">
    <p class='ocr_par' dir='ltr' id='par_1_76' title="bbox 2211 2810 3875 2888">
     <span class='ocr_line' id='line_1_76' title="bbox 2211 2810 3875 2888; baseline 0.001 -22"><span class='ocrx_word' id='word_1_515' title='bbox 2211 2814 2302 2867; x_wconf 82' lang='grc' dir='ltr'>οὖν</span> <span class='ocrx_word' id='word_1_516' title='bbox 2362 2810 2720 2888; x_wconf 77' lang='grc' dir='ltr'>ὓποσχόντες,</span> <span class='ocrx_word' id='word_1_517' title='bbox 2802 2810 3269 2885; x_wconf 72' lang='grc' dir='ltr'>καταψηφίζονται</span> <span class='ocrx_word' id='word_1_518' title='bbox 3336 2812 3565 2867; x_wconf 66' lang='grc' dir='ltr'>θανατον</span> <span class='ocrx_word' id='word_1_519' title='bbox 3635 2818 3740 2868; x_wconf 69' lang='grc' dir='ltr'><strong>τοῦ</strong></span> <span class='ocrx_word' id='word_1_520' title='bbox 3798 2815 3875 2867; x_wconf 74' lang='grc' dir='ltr'>αν·</span> 
     </span>
    </p>
   </div>
   <div class='ocr_carea' id='block_1_77' title="bbox 2211 2886 3869 2977">
    <p class='ocr_par' dir='ltr' id='par_1_77' title="bbox 2211 2886 3869 2977">
     <span class='ocr_line' id='line_1_77' title="bbox 2211 2886 3869 2977; baseline 0.001 -21"><span class='ocrx_word' id='word_1_521' title='bbox 2211 2898 2338 2974; x_wconf 88' lang='grc' dir='ltr'>δρὸς</span> <span class='ocrx_word' id='word_1_522' title='bbox 2369 2886 2728 2976; x_wconf 75' lang='grc' dir='ltr'>καινότροπὸν</span> <span class='ocrx_word' id='word_1_523' title='bbox 2751 2922 2811 2957; x_wconf 90' lang='grc' dir='ltr'><strong>τε</strong></span> <span class='ocrx_word' id='word_1_524' title='bbox 2839 2900 2927 2956; x_wconf 82' lang='grc' dir='ltr'><strong>καὶ</strong></span> <span class='ocrx_word' id='word_1_525' title='bbox 2962 2901 3296 2976; x_wconf 77' lang='grc' dir='ltr'>βιαιότατον.</span> <span class='ocrx_word' id='word_1_526' title='bbox 3356 2902 3451 2963; x_wconf 75' lang='grc' dir='ltr'><strong>Εἷς</strong></span> <span class='ocrx_word' id='word_1_527' title='bbox 3508 2903 3618 2977; x_wconf 68' lang='grc' dir='ltr'><strong>γὰρ</strong></span> <span class='ocrx_word' id='word_1_528' title='bbox 3675 2903 3772 2958; x_wconf 81' lang='grc' dir='ltr'>τὸν</span> <span class='ocrx_word' id='word_1_529' title='bbox 3823 2904 3869 2957; x_wconf 78' lang='grc' dir='ltr'>ἐν</span> 
     </span>
    </p>
   </div>
   <div class='ocr_carea' id='block_1_78' title="bbox 2208 2990 3873 3069">
    <p class='ocr_par' dir='ltr' id='par_1_78' title="bbox 2208 2990 3873 3069">
     <span class='ocr_line' id='line_1_78' title="bbox 2208 2990 3873 3069; baseline -0.001 -22"><span class='ocrx_word' id='word_1_530' title='bbox 2208 2996 2288 3062; x_wconf 78' lang='grc' dir='ltr'>τῷ</span> <span class='ocrx_word' id='word_1_531' title='bbox 2326 2991 2528 3065; x_wconf 81' lang='grc' dir='ltr'>Ταύρῳ</span> <span class='ocrx_word' id='word_1_532' title='bbox 2587 2990 2870 3064; x_wconf 69' lang='grc' dir='ltr'>ἱστάμενον</span> <span class='ocrx_word' id='word_1_533' title='bbox 2922 2990 3142 3064; x_wconf 73' lang='grc' dir='ltr'>ὓψιτενῆ</span> <span class='ocrx_word' id='word_1_534' title='bbox 3202 2990 3361 3046; x_wconf 86' lang='grc' dir='ltr'>κίονα</span> <span class='ocrx_word' id='word_1_535' title='bbox 3414 2996 3613 3047; x_wconf 77' lang='grc' dir='ltr'>τοῦτον</span> <span class='ocrx_word' id='word_1_536' title='bbox 3667 2993 3873 3069; x_wconf 73' lang='grc' dir='ltr'>ἀνενεγο</span> 
     </span>
    </p>
   </div>
   <div class='ocr_carea' id='block_1_79' title="bbox 2211 3077 3871 3155">
    <p class='ocr_par' dir='ltr' id='par_1_79' title="bbox 2211 3077 3871 3155">
     <span class='ocr_line' id='line_1_79' title="bbox 2211 3077 3871 3155; baseline 0.001 -20"><span class='ocrx_word' id='word_1_537' title='bbox 2211 3081 2391 3143; x_wconf 86' lang='grc' dir='ltr'>κόντες</span> <span class='ocrx_word' id='word_1_538' title='bbox 2445 3078 2741 3155; x_wconf 79' lang='grc' dir='ltr'>βάλλουσιν</span> <span class='ocrx_word' id='word_1_539' title='bbox 2802 3079 3000 3144; x_wconf 85' lang='grc' dir='ltr'>ἐκεῖθεν</span> <span class='ocrx_word' id='word_1_540' title='bbox 3060 3081 3230 3135; x_wconf 63' lang='grc' dir='ltr'>κάτω</span> <span class='ocrx_word' id='word_1_541' title='bbox 3300 3081 3327 3135; x_wconf 87' lang='grc' dir='ltr'><strong>ό</strong></span> <span class='ocrx_word' id='word_1_542' title='bbox 3397 3077 3444 3135; x_wconf 86' lang='grc' dir='ltr'>δ’</span> <span class='ocrx_word' id='word_1_543' title='bbox 3525 3081 3619 3136; x_wconf 79' lang='grc' dir='ltr'>ἐπὶ</span> <span class='ocrx_word' id='word_1_544' title='bbox 3701 3080 3871 3144; x_wconf 81' lang='grc' dir='ltr'>πόδας</span> 
     </span>
    </p>
   </div>
   <div class='ocr_carea' id='block_1_80' title="bbox 2215 3170 3871 3247">
    <p class='ocr_par' dir='ltr' id='par_1_80' title="bbox 2215 3170 3871 3247">
     <span class='ocr_line' id='line_1_80' title="bbox 2215 3170 3871 3247; baseline 0.002 -22"><span class='ocrx_word' id='word_1_545' title='bbox 2215 3170 2384 3245; x_wconf 72' lang='grc' dir='ltr'>μέχρι</span> <span class='ocrx_word' id='word_1_546' title='bbox 2421 3170 2570 3231; x_wconf 87' lang='grc' dir='ltr'>τινὸς</span> <span class='ocrx_word' id='word_1_547' title='bbox 2627 3171 2850 3240; x_wconf 80' lang='grc' dir='ltr'>κατιὼν,</span> <span class='ocrx_word' id='word_1_548' title='bbox 2893 3171 3007 3225; x_wconf 69' lang='grc' dir='ltr'>εἶτα</span> <span class='ocrx_word' id='word_1_549' title='bbox 3076 3170 3395 3245; x_wconf 77' lang='grc' dir='ltr'>ἀνατραπεὶς</span> <span class='ocrx_word' id='word_1_550' title='bbox 3436 3172 3740 3247; x_wconf 73' lang='grc' dir='ltr'>κατωκάρα</span> <span class='ocrx_word' id='word_1_551' title='bbox 3786 3174 3871 3228; x_wconf 72' lang='grc' dir='ltr'><strong>καὶ</strong></span> 
     </span>
    </p>
   </div>
   <div class='ocr_carea' id='block_1_81' title="bbox 2215 3256 3872 3338">
    <p class='ocr_par' dir='ltr' id='par_1_81' title="bbox 2215 3256 3872 3338">
     <span class='ocr_line' id='line_1_81' title="bbox 2215 3256 3872 3338; baseline 0.003 -25"><span class='ocrx_word' id='word_1_552' title='bbox 2215 3260 2350 3333; x_wconf 83' lang='grc' dir='ltr'><strong>μετά</strong></span> <span class='ocrx_word' id='word_1_553' title='bbox 2383 3258 2562 3335; x_wconf 77' lang='grc' dir='ltr'>βραχὺ</span> <span class='ocrx_word' id='word_1_554' title='bbox 2591 3257 2950 3334; x_wconf 62' lang='grc' dir='ltr'>καταρραγεὶς</span> <span class='ocrx_word' id='word_1_555' title='bbox 3009 3256 3249 3338; x_wconf 85' lang='grc' dir='ltr'>δόχμιος</span> <span class='ocrx_word' id='word_1_556' title='bbox 3313 3257 3595 3336; x_wconf 72' lang='grc' dir='ltr'>διέρρηξεν</span> <span class='ocrx_word' id='word_1_557' title='bbox 3657 3262 3872 3338; x_wconf 68' lang='grc' dir='ltr'>οἰκτρό-</span> 
     </span>
    </p>
   </div>
   <div class='ocr_carea' id='block_1_82' title="bbox 2204 3345 3870 3426">
    <p class='ocr_par' dir='ltr' id='par_1_82' title="bbox 2204 3345 3870 3426">
     <span class='ocr_line' id='line_1_82' title="bbox 2204 3345 3870 3426; baseline 0.001 -23"><span class='ocrx_word' id='word_1_558' title='bbox 2204 3367 2337 3403; x_wconf 85' lang='grc' dir='ltr'>τατα</span> <span class='ocrx_word' id='word_1_559' title='bbox 2389 3347 2490 3415; x_wconf 68' lang='grc' dir='ltr'>τήν</span> <span class='ocrx_word' id='word_1_560' title='bbox 2548 3348 2756 3421; x_wconf 75' lang='grc' dir='ltr'>ψυχήν.</span> <span class='ocrx_word' id='word_1_561' title='bbox 2817 3350 2899 3420; x_wconf 80' lang='grc' dir='ltr'><strong>Τῇ</strong></span> <span class='ocrx_word' id='word_1_562' title='bbox 2967 3351 3092 3421; x_wconf 78' lang='grc' dir='ltr'>γοῦν</span> <span class='ocrx_word' id='word_1_563' title='bbox 3177 3345 3413 3419; x_wconf 58' lang='lat' dir='ltr'><strong>Eudoxi;</strong></span> <span class='ocrx_word' id='word_1_564' title='bbox 3469 3351 3768 3426; x_wconf 64' lang='grc' dir='ltr'>συναφθεὶς</span> <span class='ocrx_word' id='word_1_565' title='bbox 3846 3352 3870 3404; x_wconf 82' lang='grc' dir='ltr'><strong>ὁ</strong></span> 
     </span>
    </p>
   </div>
   <div class='ocr_carea' id='block_1_83' title="bbox 2208 3437 3871 3515">
    <p class='ocr_par' dir='ltr' id='par_1_83' title="bbox 2208 3437 3871 3515">
     <span class='ocr_line' id='line_1_83' title="bbox 2208 3437 3871 3515; baseline 0.002 -22"><span class='ocrx_word' id='word_1_566' title='bbox 2208 3438 2453 3511; x_wconf 79' lang='grc' dir='ltr'>Σγουρὸς</span> <span class='ocrx_word' id='word_1_567' title='bbox 2538 3440 2634 3492; x_wconf 77' lang='grc' dir='ltr'>τοῦ</span> <span class='ocrx_word' id='word_1_568' title='bbox 2696 3437 2988 3511; x_wconf 86' lang='grc' dir='ltr'>μαρκεσίου</span> <span class='ocrx_word' id='word_1_569' title='bbox 3069 3442 3137 3511; x_wconf 76' lang='grc' dir='ltr'><strong>τῇ</strong></span> <span class='ocrx_word' id='word_1_570' title='bbox 3195 3437 3424 3495; x_wconf 79' lang='grc' dir='ltr'>Ἑλλάδι</span> <span class='ocrx_word' id='word_1_571' title='bbox 3486 3440 3871 3515; x_wconf 70' lang='grc' dir='ltr'>προσάγοντος</span> 
     </span>
    </p>
   </div>
   <div class='ocr_carea' id='block_1_84' title="bbox 2205 3525 3869 3603">
    <p class='ocr_par' dir='ltr' id='par_1_84' title="bbox 2205 3525 3869 3603">
     <span class='ocr_line' id='line_1_84' title="bbox 2205 3525 3869 3603; baseline 0.003 -24"><span class='ocrx_word' id='word_1_572' title='bbox 2205 3526 2390 3593; x_wconf 82' lang='grc' dir='ltr'>αὐτὸς,</span> <span class='ocrx_word' id='word_1_573' title='bbox 2422 3525 2495 3587; x_wconf 83' lang='grc' dir='ltr'>ὡς</span> <span class='ocrx_word' id='word_1_574' title='bbox 2531 3530 2713 3600; x_wconf 84' lang='grc' dir='ltr'>μικρῷ</span> <span class='ocrx_word' id='word_1_575' title='bbox 2743 3526 2971 3601; x_wconf 81' lang='grc' dir='ltr'>πρόσθεν</span> <span class='ocrx_word' id='word_1_576' title='bbox 3028 3525 3290 3603; x_wconf 68' lang='grc' dir='ltr'>εἲρὴκειν,</span> <span class='ocrx_word' id='word_1_577' title='bbox 3345 3528 3409 3583; x_wconf 83' lang='grc' dir='ltr'>τὸ</span> <span class='ocrx_word' id='word_1_578' title='bbox 3474 3529 3529 3583; x_wconf 80' lang='grc' dir='ltr'>ἐν</span> <span class='ocrx_word' id='word_1_579' title='bbox 3563 3532 3869 3603; x_wconf 74' lang='grc' dir='ltr'>Θερμοπῦ-</span> 
     </span>
    </p>
   </div>
   <div class='ocr_carea' id='block_1_85' title="bbox 2206 3612 3868 3691">
    <p class='ocr_par' dir='ltr' id='par_1_85' title="bbox 2206 3612 3868 3691">
     <span class='ocr_line' id='line_1_85' title="bbox 2206 3612 3868 3691; baseline 0.002 -20"><span class='ocrx_word' id='word_1_580' title='bbox 2206 3613 2328 3677; x_wconf 87' lang='grc' dir='ltr'>λαις</span> <span class='ocrx_word' id='word_1_581' title='bbox 2382 3612 2561 3688; x_wconf 76' lang='grc' dir='ltr'>ἐτήρει</span> <span class='ocrx_word' id='word_1_582' title='bbox 2618 3614 2844 3690; x_wconf 69' lang='grc' dir='ltr'>τέναγος</span> <span class='ocrx_word' id='word_1_583' title='bbox 2883 3614 2973 3670; x_wconf 82' lang='grc' dir='ltr'><strong>καὶ</strong></span> <span class='ocrx_word' id='word_1_584' title='bbox 3022 3616 3085 3671; x_wconf 88' lang='grc' dir='ltr'>τὸ</span> <span class='ocrx_word' id='word_1_585' title='bbox 3136 3613 3569 3691; x_wconf 75' lang='grc' dir='ltr'>ἒπικρεμάμινον</span> <span class='ocrx_word' id='word_1_586' title='bbox 3650 3620 3868 3680; x_wconf 71' lang='grc' dir='ltr'>ταῦταις</span> 
     </span>
    </p>
   </div>
   <div class='ocr_carea' id='block_1_86' title="bbox 2204 3699 3865 3778">
    <p class='ocr_par' dir='ltr' id='par_1_86' title="bbox 2204 3699 3865 3778">
     <span class='ocr_line' id='line_1_86' title="bbox 2204 3699 3865 3778; baseline 0.004 -21"><span class='ocrx_word' id='word_1_587' title='bbox 2204 3704 2380 3758; x_wconf 86' lang='grc' dir='ltr'>σκιόεν</span> <span class='ocrx_word' id='word_1_588' title='bbox 2435 3699 2561 3777; x_wconf 76' lang='grc' dir='ltr'>ὅρος</span> <span class='ocrx_word' id='word_1_589' title='bbox 2615 3704 2709 3758; x_wconf 79' lang='grc' dir='ltr'>καὶ</span> <span class='ocrx_word' id='word_1_590' title='bbox 2768 3699 3145 3778; x_wconf 77' lang='grc' dir='ltr'>ὑψικόρυμϐον</span> <span class='ocrx_word' id='word_1_591' title='bbox 3182 3707 3273 3760; x_wconf 82' lang='grc' dir='ltr'><strong>καὶ</strong></span> <span class='ocrx_word' id='word_1_592' title='bbox 3306 3703 3469 3761; x_wconf 69' lang='grc' dir='ltr'>τᾶλλ’</span> <span class='ocrx_word' id='word_1_593' title='bbox 3527 3708 3717 3763; x_wconf 83' lang='grc' dir='ltr'>ὁπόσα</span> <span class='ocrx_word' id='word_1_594' title='bbox 3774 3712 3865 3778; x_wconf 65' lang='grc' dir='ltr'>τὴν</span> 
     </span>
    </p>
   </div>
   <div class='ocr_carea' id='block_1_87' title="bbox 2203 3788 3866 3867">
    <p class='ocr_par' dir='ltr' id='par_1_87' title="bbox 2203 3788 3866 3867">
     <span class='ocr_line' id='line_1_87' title="bbox 2203 3788 3866 3867; baseline 0.001 -17"><span class='ocrx_word' id='word_1_595' title='bbox 2203 3788 2450 3850; x_wconf 80' lang='grc' dir='ltr'>Ἐλλάδα</span> <span class='ocrx_word' id='word_1_596' title='bbox 2473 3789 2844 3867; x_wconf 86' lang='grc' dir='ltr'>δυσπρόσοδον</span> <span class='ocrx_word' id='word_1_597' title='bbox 2872 3792 3105 3863; x_wconf 78' lang='grc' dir='ltr'>τίθησιν.</span> <span class='ocrx_word' id='word_1_598' title='bbox 3140 3792 3315 3849; x_wconf 85' lang='grc' dir='ltr'>Ἀλλᾶ</span> <span class='ocrx_word' id='word_1_599' title='bbox 3371 3794 3463 3849; x_wconf 85' lang='grc' dir='ltr'><strong>καὶ</strong></span> <span class='ocrx_word' id='word_1_600' title='bbox 3524 3795 3683 3852; x_wconf 73' lang='grc' dir='ltr'>οὕτω</span> <span class='ocrx_word' id='word_1_601' title='bbox 3740 3800 3866 3852; x_wconf 79' lang='grc' dir='ltr'>κατᾶ</span> 
     </span>
    </p>
   </div>
   <div class='ocr_carea' id='block_1_88' title="bbox 2204 3880 3865 3958">
    <p class='ocr_par' dir='ltr' id='par_1_88' title="bbox 2204 3880 3865 3958">
     <span class='ocr_line' id='line_1_88' title="bbox 2204 3880 3865 3958; baseline 0.001 -20"><span class='ocrx_word' id='word_1_602' title='bbox 2204 3888 2376 3938; x_wconf 79' lang='grc' dir='ltr'>πᾶσαν</span> <span class='ocrx_word' id='word_1_603' title='bbox 2407 3881 2699 3955; x_wconf 78' lang='grc' dir='ltr'>εὐμάρειαν</span> <span class='ocrx_word' id='word_1_604' title='bbox 2740 3882 2791 3936; x_wconf 79' lang='grc' dir='ltr'><strong>οἱ</strong></span> <span class='ocrx_word' id='word_1_605' title='bbox 2847 3880 3021 3936; x_wconf 86' lang='grc' dir='ltr'>ἐκεῖσε</span> <span class='ocrx_word' id='word_1_606' title='bbox 3078 3887 3159 3955; x_wconf 80' lang='grc' dir='ltr'><strong>τῷ</strong></span> <span class='ocrx_word' id='word_1_607' title='bbox 3213 3884 3496 3958; x_wconf 84' lang='grc' dir='ltr'>μαρκεσίῳ</span> <span class='ocrx_word' id='word_1_608' title='bbox 3557 3885 3865 3941; x_wconf 75' lang='grc' dir='ltr'>ὗπὲκυπτον</span> 
     </span>
    </p>
   </div>
   <div class='ocr_carea' id='block_1_89' title="bbox 2203 3965 3865 4051">
    <p class='ocr_par' dir='ltr' id='par_1_89' title="bbox 2203 3965 3865 4051">
     <span class='ocr_line' id='line_1_89' title="bbox 2203 3965 3865 4051; baseline 0.003 -26"><span class='ocrx_word' id='word_1_609' title='bbox 2203 3970 2418 4045; x_wconf 83' lang='grc' dir='ltr'>ἀγεννεῖ</span> <span class='ocrx_word' id='word_1_610' title='bbox 2501 3969 2594 4025; x_wconf 77' lang='grc' dir='ltr'><strong>καὶ</strong></span> <span class='ocrx_word' id='word_1_611' title='bbox 2676 3965 3148 4044; x_wconf 66' lang='grc' dir='ltr'>κπαόεόλημὲνῳ</span> <span class='ocrx_word' id='word_1_612' title='bbox 3214 3974 3303 4047; x_wconf 83' lang='grc' dir='ltr'><strong>[Ρ.</strong></span> <span class='ocrx_word' id='word_1_613' title='bbox 3362 3975 3491 4047; x_wconf 86' lang='grc'><strong>393]</strong></span> <span class='ocrx_word' id='word_1_614' title='bbox 3547 3978 3865 4051; x_wconf 61' lang='grc' dir='ltr'>φρονήματι</span> 
     </span>
    </p>
   </div>
   <div class='ocr_carea' id='block_1_90' title="bbox 2200 4058 3865 4138">
    <p class='ocr_par' dir='ltr' id='par_1_90' title="bbox 2200 4058 3865 4138">
     <span class='ocr_line' id='line_1_90' title="bbox 2200 4058 3865 4138; baseline 0.002 -24"><span class='ocrx_word' id='word_1_615' title='bbox 2200 4059 2292 4115; x_wconf 82' lang='grc' dir='ltr'><strong>καὶ</strong></span> <span class='ocrx_word' id='word_1_616' title='bbox 2349 4064 2696 4134; x_wconf 82' lang='grc' dir='ltr'>προσχωρεῖν</span> <span class='ocrx_word' id='word_1_617' title='bbox 2754 4058 2838 4113; x_wconf 82' lang='grc' dir='ltr'><strong>ἀεί</strong></span> <span class='ocrx_word' id='word_1_618' title='bbox 2890 4080 3009 4122; x_wconf 88' lang='grc' dir='ltr'><strong>πως</strong></span> <span class='ocrx_word' id='word_1_619' title='bbox 3067 4058 3331 4135; x_wconf 75' lang='grc' dir='ltr'>ἐγνωκότι</span> <span class='ocrx_word' id='word_1_620' title='bbox 3384 4066 3503 4122; x_wconf 85' lang='grc' dir='ltr'>τοῖς</span> <span class='ocrx_word' id='word_1_621' title='bbox 3562 4063 3865 4138; x_wconf 75' lang='grc' dir='ltr'>κρείττοσι,</span> 
     </span>
    </p>
   </div>
   <div class='ocr_carea' id='block_1_91' title="bbox 2202 4148 3866 4225">
    <p class='ocr_par' dir='ltr' id='par_1_91' title="bbox 2202 4148 3866 4225">
     <span class='ocr_line' id='line_1_91' title="bbox 2202 4148 3866 4225; baseline 0.004 -22"><span class='ocrx_word' id='word_1_622' title='bbox 2202 4149 2291 4203; x_wconf 80' lang='grc' dir='ltr'><strong>καὶ</strong></span> <span class='ocrx_word' id='word_1_623' title='bbox 2358 4151 2526 4203; x_wconf 81' lang='grc' dir='ltr'>ταῦτα</span> <span class='ocrx_word' id='word_1_624' title='bbox 2574 4150 2649 4221; x_wconf 79' lang='grc' dir='ltr'>μὴ</span> <span class='ocrx_word' id='word_1_625' title='bbox 2713 4149 2968 4223; x_wconf 75' lang='grc' dir='ltr'>στρατιὰν</span> <span class='ocrx_word' id='word_1_626' title='bbox 3032 4148 3216 4223; x_wconf 76' lang='grc' dir='ltr'>ἄγοντι</span> <span class='ocrx_word' id='word_1_627' title='bbox 3289 4151 3666 4225; x_wconf 78' lang='grc' dir='ltr'>μυριάριθμον</span> <span class='ocrx_word' id='word_1_628' title='bbox 3730 4152 3866 4225; x_wconf 68' lang='grc' dir='ltr'>μηδὲ</span> 
     </span>
    </p>
   </div>
   <div class='ocr_carea' id='block_1_92' title="bbox 2203 4232 3861 4318">
    <p class='ocr_par' dir='ltr' id='par_1_92' title="bbox 2203 4232 3861 4318">
     <span class='ocr_line' id='line_1_92' title="bbox 2203 4232 3861 4318; baseline 0.002 -25"><span class='ocrx_word' id='word_1_629' title='bbox 2203 4232 2604 4311; x_wconf 75' lang='grc' dir='ltr'>συμϐαίνουσαν</span> <span class='ocrx_word' id='word_1_630' title='bbox 2685 4242 2803 4298; x_wconf 82' lang='grc' dir='ltr'>ταῖς</span> <span class='ocrx_word' id='word_1_631' title='bbox 2859 4240 3126 4313; x_wconf 83' lang='grc' dir='ltr'>γνώμαις,</span> <span class='ocrx_word' id='word_1_632' title='bbox 3200 4238 3327 4294; x_wconf 84' lang='grc' dir='ltr'>ἀλλ’</span> <span class='ocrx_word' id='word_1_633' title='bbox 3403 4239 3744 4318; x_wconf 62' lang='grc' dir='ltr'>ἀσύμφωνον</span> <span class='ocrx_word' id='word_1_634' title='bbox 3814 4243 3861 4297; x_wconf 80' lang='grc' dir='ltr'>ἐν</span> 
     </span>
    </p>
   </div>
   <div class='ocr_carea' id='block_1_93' title="bbox 2200 4322 3861 4400">
    <p class='ocr_par' dir='ltr' id='par_1_93' title="bbox 2200 4322 3861 4400">
     <span class='ocr_line' id='line_1_93' title="bbox 2200 4322 3861 4400; baseline 0.002 -20"><span class='ocrx_word' id='word_1_635' title='bbox 2200 4326 2483 4387; x_wconf 73' lang='grc' dir='ltr'>πλείστοις</span> <span class='ocrx_word' id='word_1_636' title='bbox 2524 4326 2598 4386; x_wconf 82' lang='grc' dir='ltr'>ὡς</span> <span class='ocrx_word' id='word_1_637' title='bbox 2625 4323 2684 4380; x_wconf 68' lang='grc' dir='ltr'>ἐκ</span> <span class='ocrx_word' id='word_1_638' title='bbox 2713 4322 2931 4380; x_wconf 89' lang='grc' dir='ltr'>πόλεων</span> <span class='ocrx_word' id='word_1_639' title='bbox 2973 4325 3282 4400; x_wconf 76' lang='grc' dir='ltr'>ἡλισμένην</span> <span class='ocrx_word' id='word_1_640' title='bbox 3336 4325 3593 4384; x_wconf 78' lang='grc' dir='ltr'>πολλῶν.</span> <span class='ocrx_word' id='word_1_641' title='bbox 3633 4328 3861 4392; x_wconf 72' lang='grc' dir='ltr'>Ἐλάσας</span> 
     </span>
    </p>
   </div>
   <div class='ocr_carea' id='block_1_94' title="bbox 2202 4411 3861 4487">
    <p class='ocr_par' dir='ltr' id='par_1_94' title="bbox 2202 4411 3861 4487">
     <span class='ocr_line' id='line_1_94' title="bbox 2202 4411 3861 4487; baseline 0.001 -19"><span class='ocrx_word' id='word_1_642' title='bbox 2202 4411 2260 4468; x_wconf 76' lang='grc' dir='ltr'>δὶ</span> <span class='ocrx_word' id='word_1_643' title='bbox 2287 4412 2418 4468; x_wconf 83' lang='grc' dir='ltr'><strong>κάπὶ</strong></span> <span class='ocrx_word' id='word_1_644' title='bbox 2450 4415 2550 4482; x_wconf 71' lang='grc' dir='ltr'>τὴν</span> <span class='ocrx_word' id='word_1_645' title='bbox 2615 4412 2885 4470; x_wconf 84' lang='grc' dir='ltr'>Βοιωτίαν</span> <span class='ocrx_word' id='word_1_646' title='bbox 2936 4413 3128 4483; x_wconf 75' lang='grc' dir='ltr'>αὐτὴν,</span> <span class='ocrx_word' id='word_1_647' title='bbox 3170 4415 3245 4477; x_wconf 85' lang='grc' dir='ltr'><strong>ὡς</strong></span> <span class='ocrx_word' id='word_1_648' title='bbox 3277 4412 3400 4470; x_wconf 75' lang='grc' dir='ltr'>οὐδὲ</span> <span class='ocrx_word' id='word_1_649' title='bbox 3462 4436 3549 4479; x_wconf 86' lang='grc' dir='ltr'><strong>τις</strong></span> <span class='ocrx_word' id='word_1_650' title='bbox 3574 4417 3861 4487; x_wconf 68' lang='grc' dir='ltr'>ὶτπαντςκων</span> 
     </span>
    </p>
   </div>
   <div class='ocr_carea' id='block_1_95' title="bbox 2201 4499 3857 4580">
    <p class='ocr_par' dir='ltr' id='par_1_95' title="bbox 2201 4499 3857 4580">
     <span class='ocr_line' id='line_1_95' title="bbox 2201 4499 3857 4580; baseline 0.001 -22"><span class='ocrx_word' id='word_1_651' title='bbox 2201 4500 2387 4558; x_wconf 81' lang='grc' dir='ltr'>οἷ’καδε</span> <span class='ocrx_word' id='word_1_652' title='bbox 2425 4502 2665 4580; x_wconf 66' lang='grc' dir='ltr'><strong>χρόνιοςτ</strong></span> <span class='ocrx_word' id='word_1_653' title='bbox 2704 4502 2808 4557; x_wconf 83' lang='grc' dir='ltr'>ὑπὸ</span> <span class='ocrx_word' id='word_1_654' title='bbox 2837 4506 2945 4557; x_wconf 80' lang='grc' dir='ltr'>τῶν</span> <span class='ocrx_word' id='word_1_655' title='bbox 3001 4499 3291 4575; x_wconf 85' lang='grc' dir='ltr'>Καδμείων</span> <span class='ocrx_word' id='word_1_656' title='bbox 3347 4503 3601 4575; x_wconf 68' lang='grc' dir='ltr'>ἀσμένως</span> <span class='ocrx_word' id='word_1_657' title='bbox 3632 4503 3857 4579; x_wconf 75' lang='grc' dir='ltr'>προσδέ-</span> 
     </span>
    </p>
   </div>
   <div class='ocr_carea' id='block_1_96' title="bbox 438 4585 2099 4669">
    <p class='ocr_par' dir='ltr' id='par_1_96' title="bbox 438 4590 2085 4661">
     <span class='ocr_line' id='line_1_96' title="bbox 438 4590 2085 4661; baseline 0.003 -16"><span class='ocrx_word' id='word_1_658' title='bbox 438 4597 497 4645; x_wconf 87' lang='lat' dir='ltr'><strong>et</strong></span> <span class='ocrx_word' id='word_1_659' title='bbox 526 4591 805 4645; x_wconf 84' lang='lat' dir='ltr'><strong>exercitui</strong></span> <span class='ocrx_word' id='word_1_660' title='bbox 844 4590 1053 4661; x_wconf 87' lang='lat' dir='ltr'><strong>Euripo</strong></span> <span class='ocrx_word' id='word_1_661' title='bbox 1112 4590 1471 4645; x_wconf 86' lang='lat' dir='ltr'><strong>concitatiori</strong></span> <span class='ocrx_word' id='word_1_662' title='bbox 1535 4595 1768 4660; x_wconf 89' lang='lat' dir='ltr'><strong>pontem</strong></span> <span class='ocrx_word' id='word_1_663' title='bbox 1827 4594 2085 4650; x_wconf 88' lang='lat' dir='ltr'><strong>subster-</strong></span> 
     </span>
    </p>
   </div>
   <div class='ocr_carea' id='block_1_97' title="bbox 2208 4585 3855 4669">
    <p class='ocr_par' dir='ltr' id='par_1_97' title="bbox 2208 4588 3855 4669">
     <span class='ocr_line' id='line_1_97' title="bbox 2208 4588 3855 4669; baseline 0.002 -23"><span class='ocrx_word' id='word_1_664' title='bbox 2208 4611 2375 4667; x_wconf 64' lang='lat' dir='ltr'><strong>x_e&#39;rat.</strong></span> <span class='ocrx_word' id='word_1_665' title='bbox 2415 4591 2627 4665; x_wconf 85' lang='grc' dir='ltr'>Προϊὼν</span> <span class='ocrx_word' id='word_1_666' title='bbox 2661 4588 2718 4646; x_wconf 70' lang='grc' dir='ltr'>δὲ</span> <span class='ocrx_word' id='word_1_667' title='bbox 2747 4596 2938 4665; x_wconf 86' lang='grc' dir='ltr'>κρατεῖ</span> <span class='ocrx_word' id='word_1_668' title='bbox 2991 4591 3083 4647; x_wconf 79' lang='grc' dir='ltr'><strong>καὶ</strong></span> <span class='ocrx_word' id='word_1_669' title='bbox 3141 4599 3242 4661; x_wconf 79' lang='grc' dir='ltr'><strong>τῆς</strong></span> <span class='ocrx_word' id='word_1_670' title='bbox 3312 4594 3591 4663; x_wconf 78' lang='grc' dir='ltr'>Ἀττικῆς,</span> <span class='ocrx_word' id='word_1_671' title='bbox 3627 4596 3721 4650; x_wconf 72' lang='grc' dir='ltr'><strong>καὶ</strong></span> <span class='ocrx_word' id='word_1_672' title='bbox 3793 4599 3855 4669; x_wconf 74' lang='grc' dir='ltr'><strong>τῇ</strong></span> 
     </span>
    </p>
   </div>
   <div class='ocr_carea' id='block_1_98' title="bbox 441 4678 2092 4756">
    <p class='ocr_par' dir='ltr' id='par_1_98' title="bbox 441 4678 2092 4756">
     <span class='ocr_line' id='line_1_98' title="bbox 441 4678 2092 4756; baseline 0.004 -23"><span class='ocrx_word' id='word_1_673' title='bbox 441 4679 524 4733; x_wconf 89' lang='lat' dir='ltr'><strong>nit</strong></span> <span class='ocrx_word' id='word_1_674' title='bbox 558 4680 722 4743; x_wconf 88' lang='lat' dir='ltr'><strong>;etin</strong></span> <span class='ocrx_word' id='word_1_675' title='bbox 748 4679 874 4749; x_wconf 88' lang='lat' dir='ltr'><strong>ipso</strong></span> <span class='ocrx_word' id='word_1_676' title='bbox 892 4680 1034 4734; x_wconf 82' lang='lat' dir='ltr'><strong>freto</strong></span> <span class='ocrx_word' id='word_1_677' title='bbox 1057 4678 1362 4734; x_wconf 86' lang='lat' dir='ltr'><strong>castellum</strong></span> <span class='ocrx_word' id='word_1_678' title='bbox 1387 4679 1756 4745; x_wconf 63' lang='lat' dir='ltr'><strong>aedificatum,</strong></span> <span class='ocrx_word' id='word_1_679' title='bbox 1791 4681 1850 4735; x_wconf 90' lang='lat' dir='ltr'><strong>in</strong></span> <span class='ocrx_word' id='word_1_680' title='bbox 1908 4700 2092 4756; x_wconf 84' lang='lat' dir='ltr'><strong>eoque</strong></span> 
     </span>
    </p>
   </div>
   <div class='ocr_carea' id='block_1_99' title="bbox 444 4765 2093 4836">
    <p class='ocr_par' dir='ltr' id='par_1_99' title="bbox 444 4765 2093 4836">
     <span class='ocr_line' id='line_1_99' title="bbox 444 4765 2093 4836; baseline 0.004 -16"><span class='ocrx_word' id='word_1_681' title='bbox 444 4766 745 4821; x_wconf 87' lang='lat' dir='ltr'><strong>sedentem</strong></span> <span class='ocrx_word' id='word_1_682' title='bbox 776 4766 1093 4821; x_wconf 82' lang='lat' dir='ltr'><strong>exercitum</strong></span> <span class='ocrx_word' id='word_1_683' title='bbox 1117 4765 1320 4832; x_wconf 88' lang='lat' dir='ltr'><strong>cernit,</strong></span> <span class='ocrx_word' id='word_1_684' title='bbox 1345 4781 1379 4822; x_wconf 92' lang='lat' dir='ltr'><strong>a</strong></span> <span class='ocrx_word' id='word_1_685' title='bbox 1408 4781 1521 4836; x_wconf 89' lang='lat' dir='ltr'><strong>quo</strong></span> <span class='ocrx_word' id='word_1_686' title='bbox 1572 4768 1890 4825; x_wconf 87' lang='lat' dir='ltr'><strong>mutabiles</strong></span> <span class='ocrx_word' id='word_1_687' title='bbox 1934 4771 2093 4826; x_wconf 91' lang='lat' dir='ltr'><strong>insu-</strong></span> 
     </span>
    </p>
   </div>
   <div class='ocr_carea' id='block_1_100' title="bbox 446 4855 2086 4917">
    <p class='ocr_par' dir='ltr' id='par_1_100' title="bbox 446 4855 2086 4917">
     <span class='ocr_line' id='line_1_100' title="bbox 446 4855 2086 4917; baseline 0.004 -6"><span class='ocrx_word' id='word_1_688' title='bbox 446 4856 655 4911; x_wconf 90' lang='lat' dir='ltr'><strong>larium</strong></span> <span class='ocrx_word' id='word_1_689' title='bbox 692 4855 875 4912; x_wconf 90' lang='lat' dir='ltr'><strong>animi</strong></span> <span class='ocrx_word' id='word_1_690' title='bbox 900 4861 958 4911; x_wconf 90' lang='lat' dir='ltr'><strong>et</strong></span> <span class='ocrx_word' id='word_1_691' title='bbox 989 4855 1202 4910; x_wconf 85' lang='lat' dir='ltr'><strong>callida</strong></span> <span class='ocrx_word' id='word_1_692' title='bbox 1231 4855 1477 4910; x_wconf 88' lang='lat' dir='ltr'><strong>consilia</strong></span> <span class='ocrx_word' id='word_1_693' title='bbox 1505 4872 1537 4909; x_wconf 87' lang='lat' dir='ltr'><strong>a</strong></span> <span class='ocrx_word' id='word_1_694' title='bbox 1567 4858 1890 4915; x_wconf 85' lang='lat' dir='ltr'><strong>delectione</strong></span> <span class='ocrx_word' id='word_1_695' title='bbox 1928 4877 2086 4917; x_wconf 87' lang='lat' dir='ltr'><strong>coer-</strong></span> 
     </span>
    </p>
   </div>
   <div class='ocr_carea' id='block_1_101' title="bbox 439 4946 2088 5021">
    <p class='ocr_par' dir='ltr' id='par_1_101' title="bbox 439 4946 2088 5021">
     <span class='ocr_line' id='line_1_101' title="bbox 439 4946 2088 5021; baseline 0.002 -20"><span class='ocrx_word' id='word_1_696' title='bbox 439 4952 732 5002; x_wconf 87' lang='lat' dir='ltr'><strong>cerentur.</strong></span> <span class='ocrx_word' id='word_1_697' title='bbox 768 4946 883 5001; x_wconf 89' lang='lat' dir='ltr'><strong>Sed</strong></span> <span class='ocrx_word' id='word_1_698' title='bbox 912 4946 1051 5017; x_wconf 90' lang='lat' dir='ltr'><strong>quid</strong></span> <span class='ocrx_word' id='word_1_699' title='bbox 1085 4959 1277 4999; x_wconf 87' lang='lat' dir='ltr'><strong>meam</strong></span> <span class='ocrx_word' id='word_1_700' title='bbox 1308 4946 1628 5001; x_wconf 86' lang='lat' dir='ltr'><strong>orationem</strong></span> <span class='ocrx_word' id='word_1_701' title='bbox 1663 4946 1895 5021; x_wconf 77' lang='lat' dir='ltr'><strong>barbari</strong></span> <span class='ocrx_word' id='word_1_702' title='bbox 1926 4960 2088 5004; x_wconf 73' lang='lat' dir='ltr'><strong>ante-</strong></span> 
     </span>
    </p>
   </div>
   <div class='ocr_carea' id='block_1_102' title="bbox 2200 4685 3859 4763">
    <p class='ocr_par' dir='ltr' id='par_1_102' title="bbox 2200 4685 3859 4763">
     <span class='ocr_line' id='line_1_102' title="bbox 2200 4685 3859 4763; baseline 0.001 -21"><span class='ocrx_word' id='word_1_703' title='bbox 2200 4685 2499 4761; x_wconf 75' lang='grc' dir='ltr'>ἀκροπόλει</span> <span class='ocrx_word' id='word_1_704' title='bbox 2557 4687 2795 4763; x_wconf 73' lang='grc' dir='ltr'>φρουρὰν</span> <span class='ocrx_word' id='word_1_705' title='bbox 2860 4686 3261 4763; x_wconf 77' lang='grc' dir='ltr'>ἐγκαθίστησιν.</span> <span class='ocrx_word' id='word_1_706' title='bbox 3321 4687 3459 4762; x_wconf 77' lang='grc' dir='ltr'><strong>Εἶχε</strong></span> <span class='ocrx_word' id='word_1_707' title='bbox 3544 4685 3604 4743; x_wconf 68' lang='grc' dir='ltr'>δὲ</span> <span class='ocrx_word' id='word_1_708' title='bbox 3646 4690 3675 4744; x_wconf 85' lang='grc' dir='ltr'>ὁ</span> <span class='ocrx_word' id='word_1_709' title='bbox 3726 4710 3859 4763; x_wconf 85' lang='grc' dir='ltr'>προ-</span> 
     </span>
    </p>
   </div>
   <div class='ocr_carea' id='block_1_103' title="bbox 2201 4772 3855 4851">
    <p class='ocr_par' dir='ltr' id='par_1_103' title="bbox 2201 4772 3855 4851">
     <span class='ocr_line' id='line_1_103' title="bbox 2201 4772 3855 4851; baseline 0.001 -20"><span class='ocrx_word' id='word_1_710' title='bbox 2201 4772 2432 4850; x_wconf 84' lang='grc' dir='ltr'>εδρεύων</span> <span class='ocrx_word' id='word_1_711' title='bbox 2460 4776 2749 4848; x_wconf 84' lang='grc' dir='ltr'>ἰερατικῶς</span> <span class='ocrx_word' id='word_1_712' title='bbox 2787 4781 2889 4844; x_wconf 83' lang='grc' dir='ltr'><strong>τῆς</strong></span> <span class='ocrx_word' id='word_1_713' title='bbox 2946 4774 3188 4841; x_wconf 85' lang='grc' dir='ltr'>πόλεως,</span> <span class='ocrx_word' id='word_1_714' title='bbox 3238 4772 3419 4850; x_wconf 82' lang='grc' dir='ltr'>ὥσπερ</span> <span class='ocrx_word' id='word_1_715' title='bbox 3452 4779 3693 4851; x_wconf 75' lang='grc' dir='ltr'>Σγουρὸν</span> <span class='ocrx_word' id='word_1_716' title='bbox 3725 4779 3855 4851; x_wconf 84' lang='grc' dir='ltr'>πρό-</span> 
     </span>
    </p>
   </div>
   <div class='ocr_carea' id='block_1_104' title="bbox 2197 4862 3851 4940">
    <p class='ocr_par' dir='ltr' id='par_1_104' title="bbox 2197 4862 3851 4940">
     <span class='ocr_line' id='line_1_104' title="bbox 2197 4862 3851 4940; baseline 0 -21"><span class='ocrx_word' id='word_1_717' title='bbox 2197 4884 2377 4940; x_wconf 84' lang='grc' dir='ltr'>τερον,</span> <span class='ocrx_word' id='word_1_718' title='bbox 2455 4862 2597 4919; x_wconf 75' lang='grc' dir='ltr'>οὕτω</span> <span class='ocrx_word' id='word_1_719' title='bbox 2665 4863 2758 4917; x_wconf 80' lang='grc' dir='ltr'><strong>καὶ</strong></span> <span class='ocrx_word' id='word_1_720' title='bbox 2832 4865 2956 4918; x_wconf 85' lang='grc' dir='ltr'>τότε</span> <span class='ocrx_word' id='word_1_721' title='bbox 3018 4865 3313 4938; x_wconf 78' lang='grc' dir='ltr'>μαρκὲσιον</span> <span class='ocrx_word' id='word_1_722' title='bbox 3399 4866 3851 4940; x_wconf 68' lang='grc' dir='ltr'>ἀποπέμψασῦαι·</span> 
     </span>
    </p>
   </div>
   <div class='ocr_carea' id='block_1_105' title="bbox 2202 4948 3853 5027">
    <p class='ocr_par' dir='ltr' id='par_1_105' title="bbox 2202 4948 3853 5027">
     <span class='ocr_line' id='line_1_105' title="bbox 2202 4948 3853 5027; baseline 0.001 -19"><span class='ocrx_word' id='word_1_723' title='bbox 2202 4954 2278 5026; x_wconf 80' lang='grc' dir='ltr'>μή</span> <span class='ocrx_word' id='word_1_724' title='bbox 2313 4953 2451 5008; x_wconf 75' lang='grc' dir='ltr'>εἶναι</span> <span class='ocrx_word' id='word_1_725' title='bbox 2482 4950 2540 5006; x_wconf 73' lang='grc' dir='ltr'>δὶ</span> <span class='ocrx_word' id='word_1_726' title='bbox 2598 4948 2913 5024; x_wconf 79' lang='grc' dir='ltr'>δοκιμάζων</span> <span class='ocrx_word' id='word_1_727' title='bbox 2946 4952 3134 5027; x_wconf 85' lang='grc' dir='ltr'>καιρὸν</span> <span class='ocrx_word' id='word_1_728' title='bbox 3195 4953 3581 5023; x_wconf 80' lang='grc' dir='ltr'>ἀντιστάσεως,</span> <span class='ocrx_word' id='word_1_729' title='bbox 3605 4957 3703 5011; x_wconf 83' lang='grc' dir='ltr'>οἷα</span> <span class='ocrx_word' id='word_1_730' title='bbox 3757 4963 3853 5024; x_wconf 71' lang='grc' dir='ltr'>τῆς</span> 
     </span>
    </p>
   </div>
   <div class='ocr_carea' id='block_1_106' title="bbox 439 5036 2099 5117">
    <p class='ocr_par' dir='ltr' id='par_1_106' title="bbox 439 5036 2088 5106">
     <span class='ocr_line' id='line_1_106' title="bbox 439 5036 2088 5106; baseline 0.003 -15"><span class='ocrx_word' id='word_1_731' title='bbox 439 5042 667 5093; x_wconf 87' lang='lat' dir='ltr'><strong>vertunt</strong></span> <span class='ocrx_word' id='word_1_732' title='bbox 701 5043 757 5092; x_wconf 89' lang='lat' dir='ltr'><strong>et</strong></span> <span class='ocrx_word' id='word_1_733' title='bbox 791 5036 1042 5092; x_wconf 75' lang='lat' dir='ltr'><strong>historiae</strong></span> <span class='ocrx_word' id='word_1_734' title='bbox 1073 5050 1313 5090; x_wconf 89' lang='lat' dir='ltr'><strong>cursum</strong></span> <span class='ocrx_word' id='word_1_735' title='bbox 1346 5040 1651 5106; x_wconf 81' lang='lat' dir='ltr'><strong>occupant,</strong></span> <span class='ocrx_word' id='word_1_736' title='bbox 1684 5051 1789 5091; x_wconf 91' lang='lat' dir='ltr'><strong>nec</strong></span> <span class='ocrx_word' id='word_1_737' title='bbox 1844 5038 1916 5093; x_wconf 89' lang='lat' dir='ltr'><strong>ab</strong></span> <span class='ocrx_word' id='word_1_738' title='bbox 1970 5039 2088 5096; x_wconf 89' lang='lat' dir='ltr'><strong>ullo</strong></span> 
     </span>
    </p>
   </div>
   <div class='ocr_carea' id='block_1_107' title="bbox 2208 5036 3853 5117">
    <p class='ocr_par' dir='ltr' id='par_1_107' title="bbox 2208 5038 3853 5117">
     <span class='ocr_line' id='line_1_107' title="bbox 2208 5038 3853 5117; baseline 0 -20"><span class='ocrx_word' id='word_1_739' title='bbox 2208 5046 2304 5097; x_wconf 76' lang='grc' dir='ltr'><strong>τῶν</strong></span> <span class='ocrx_word' id='word_1_740' title='bbox 2334 5039 2480 5097; x_wconf 86' lang='grc' dir='ltr'>’ὸλων</span> <span class='ocrx_word' id='word_1_741' title='bbox 2518 5038 2800 5114; x_wconf 86' lang='grc' dir='ltr'>βασιλίδος</span> <span class='ocrx_word' id='word_1_742' title='bbox 2868 5039 3132 5111; x_wconf 69' lang='grc' dir='ltr'>ἁλούσης,</span> <span class='ocrx_word' id='word_1_743' title='bbox 3198 5049 3300 5109; x_wconf 80' lang='grc' dir='ltr'>τῆς</span> <span class='ocrx_word' id='word_1_744' title='bbox 3357 5040 3404 5095; x_wconf 81' lang='grc' dir='ltr'>δ’</span> <span class='ocrx_word' id='word_1_745' title='bbox 3451 5044 3712 5117; x_wconf 69' lang='grc' dir='ltr'>ἑσπερίου</span> <span class='ocrx_word' id='word_1_746' title='bbox 3768 5046 3853 5099; x_wconf 78' lang='grc' dir='ltr'><strong>καὶ</strong></span> 
     </span>
    </p>
   </div>
   <div class='ocr_carea' id='block_1_108' title="bbox 433 5123 2091 5198">
    <p class='ocr_par' dir='ltr' id='par_1_108' title="bbox 433 5123 2091 5198">
     <span class='ocr_line' id='line_1_108' title="bbox 433 5123 2091 5198; baseline 0.001 -15"><span class='ocrx_word' id='word_1_747' title='bbox 433 5127 768 5183; x_wconf 81' lang='lat' dir='ltr'><strong>adversario</strong></span> <span class='ocrx_word' id='word_1_748' title='bbox 800 5126 1138 5181; x_wconf 89' lang='lat' dir='ltr'><strong>detinentur</strong></span> <span class='ocrx_word' id='word_1_749' title='bbox 1167 5123 1194 5179; x_wconf 72' lang='lat'><strong>7</strong></span> <span class='ocrx_word' id='word_1_750' title='bbox 1226 5139 1359 5178; x_wconf 89' lang='lat' dir='ltr'><strong>nam</strong></span> <span class='ocrx_word' id='word_1_751' title='bbox 1424 5124 1567 5191; x_wconf 66' lang='lat' dir='ltr'><strong>haec,</strong></span> <span class='ocrx_word' id='word_1_752' title='bbox 1610 5128 1674 5179; x_wconf 88' lang='lat' dir='ltr'><strong>ut</strong></span> <span class='ocrx_word' id='word_1_753' title='bbox 1721 5124 1934 5183; x_wconf 85' lang='lat' dir='ltr'><strong>Thebis</strong></span> <span class='ocrx_word' id='word_1_754' title='bbox 1963 5144 2091 5198; x_wconf 88' lang='lat' dir='ltr'><strong>spo-</strong></span> 
     </span>
    </p>
   </div>
   <div class='ocr_carea' id='block_1_109' title="bbox 436 5214 2085 5287">
    <p class='ocr_par' dir='ltr' id='par_1_109' title="bbox 436 5214 2085 5287">
     <span class='ocr_line' id='line_1_109' title="bbox 436 5214 2085 5287; baseline 0.001 -15"><span class='ocrx_word' id='word_1_755' title='bbox 436 5217 595 5272; x_wconf 85' lang='lat' dir='ltr'><strong>liatis</strong></span> <span class='ocrx_word' id='word_1_756' title='bbox 623 5222 680 5271; x_wconf 90' lang='lat' dir='ltr'><strong>et</strong></span> <span class='ocrx_word' id='word_1_757' title='bbox 707 5216 957 5272; x_wconf 84' lang='lat' dir='ltr'><strong>Athenis</strong></span> <span class='ocrx_word' id='word_1_758' title='bbox 989 5215 1286 5286; x_wconf 83' lang='lat' dir='ltr'><strong>occupatis</strong></span> <span class='ocrx_word' id='word_1_759' title='bbox 1318 5216 1374 5268; x_wconf 92' lang='lat' dir='ltr'><strong>in</strong></span> <span class='ocrx_word' id='word_1_760' title='bbox 1405 5214 1676 5270; x_wconf 70' lang='lat' dir='ltr'><strong>Eubmztm</strong></span> <span class='ocrx_word' id='word_1_761' title='bbox 1727 5218 2085 5287; x_wconf 86' lang='lat' dir='ltr'><strong>transierint,</strong></span> 
     </span>
    </p>
   </div>
   <div class='ocr_carea' id='block_1_110' title="bbox 436 5305 2088 5378">
    <p class='ocr_par' dir='ltr' id='par_1_110' title="bbox 436 5305 2088 5378">
     <span class='ocr_line' id='line_1_110' title="bbox 436 5305 2088 5378; baseline 0.004 -18"><span class='ocrx_word' id='word_1_762' title='bbox 436 5305 631 5363; x_wconf 85' lang='lat' dir='ltr'><strong>adhuc</strong></span> <span class='ocrx_word' id='word_1_763' title='bbox 664 5307 887 5362; x_wconf 77' lang='lat' dir='ltr'><strong>refert:</strong></span> <span class='ocrx_word' id='word_1_764' title='bbox 945 5306 1030 5362; x_wconf 91' lang='lat' dir='ltr'><strong>illi</strong></span> <span class='ocrx_word' id='word_1_765' title='bbox 1083 5321 1237 5373; x_wconf 90' lang='lat' dir='ltr'><strong>vero,</strong></span> <span class='ocrx_word' id='word_1_766' title='bbox 1293 5321 1408 5360; x_wconf 91' lang='lat' dir='ltr'><strong>non</strong></span> <span class='ocrx_word' id='word_1_767' title='bbox 1462 5311 1523 5359; x_wconf 90' lang='lat' dir='ltr'><strong>ut</strong></span> <span class='ocrx_word' id='word_1_768' title='bbox 1578 5306 1822 5378; x_wconf 89' lang='lat' dir='ltr'><strong>pedites,</strong></span> <span class='ocrx_word' id='word_1_769' title='bbox 1863 5309 1964 5364; x_wconf 88' lang='lat' dir='ltr'><strong>sed</strong></span> <span class='ocrx_word' id='word_1_770' title='bbox 2025 5315 2088 5366; x_wconf 89' lang='lat' dir='ltr'><strong>ut</strong></span> 
     </span>
    </p>
   </div>
   <div class='ocr_carea' id='block_1_111' title="bbox 2199 5126 3853 5204">
    <p class='ocr_par' dir='ltr' id='par_1_111' title="bbox 2199 5126 3853 5204">
     <span class='ocr_line' id='line_1_111' title="bbox 2199 5126 3853 5204; baseline 0 -18"><span class='ocrx_word' id='word_1_771' title='bbox 2199 5131 2335 5204; x_wconf 68' lang='grc' dir='ltr'>ἑῴας</span> <span class='ocrx_word' id='word_1_772' title='bbox 2365 5130 2467 5185; x_wconf 79' lang='grc' dir='ltr'><strong>ὑπὸ</strong></span> <span class='ocrx_word' id='word_1_773' title='bbox 2498 5128 2806 5202; x_wconf 82' lang='grc' dir='ltr'>Ῥωμαίους</span> <span class='ocrx_word' id='word_1_774' title='bbox 2851 5126 3065 5201; x_wconf 75' lang='grc' dir='ltr'>λήξεως</span> <span class='ocrx_word' id='word_1_775' title='bbox 3115 5131 3216 5199; x_wconf 78' lang='grc' dir='ltr'><strong>τήν</strong></span> <span class='ocrx_word' id='word_1_776' title='bbox 3250 5132 3402 5186; x_wconf 78' lang='grc' dir='ltr'>σκιὰν</span> <span class='ocrx_word' id='word_1_777' title='bbox 3432 5131 3707 5202; x_wconf 79' lang='grc' dir='ltr'>ὑπιοόσης</span> <span class='ocrx_word' id='word_1_778' title='bbox 3761 5139 3853 5188; x_wconf 73' lang='grc' dir='ltr'>τοῦ</span> 
     </span>
    </p>
   </div>
   <div class='ocr_carea' id='block_1_112' title="bbox 2199 5215 3852 5296">
    <p class='ocr_par' dir='ltr' id='par_1_112' title="bbox 2199 5215 3852 5296">
     <span class='ocr_line' id='line_1_112' title="bbox 2199 5215 3852 5296; baseline 0.002 -22"><span class='ocrx_word' id='word_1_779' title='bbox 2199 5223 2437 5275; x_wconf 82' lang='grc' dir='ltr'>Λατινοῦ</span> <span class='ocrx_word' id='word_1_780' title='bbox 2503 5215 2732 5291; x_wconf 80' lang='grc' dir='ltr'>δόρατος</span> <span class='ocrx_word' id='word_1_781' title='bbox 2770 5262 2785 5287; x_wconf 88' lang='grc'><strong>,</strong></span> <span class='ocrx_word' id='word_1_782' title='bbox 2850 5218 3122 5292; x_wconf 87' lang='grc' dir='ltr'>ἀναιμωτί</span> <span class='ocrx_word' id='word_1_783' title='bbox 3187 5223 3285 5275; x_wconf 81' lang='grc' dir='ltr'><strong>τοῦ</strong></span> <span class='ocrx_word' id='word_1_784' title='bbox 3341 5219 3619 5296; x_wconf 70' lang='grc' dir='ltr'>ἒρύματος</span> <span class='ocrx_word' id='word_1_785' title='bbox 3698 5225 3852 5293; x_wconf 79' lang='grc' dir='ltr'>ὑπεξ-</span> 
     </span>
    </p>
   </div>
   <div class='ocr_carea' id='block_1_113' title="bbox 2200 5304 3847 5389">
    <p class='ocr_par' dir='ltr' id='par_1_113' title="bbox 2200 5304 3847 5389">
     <span class='ocr_line' id='line_1_113' title="bbox 2200 5304 3847 5389; baseline 0.001 -26"><span class='ocrx_word' id='word_1_786' title='bbox 2200 5308 2425 5365; x_wconf 86' lang='grc' dir='ltr'>ίσταται.</span> <span class='ocrx_word' id='word_1_787' title='bbox 2460 5308 2584 5364; x_wconf 84' lang='grc' dir='ltr'>Ἐπὶ</span> <span class='ocrx_word' id='word_1_788' title='bbox 2625 5312 2756 5363; x_wconf 81' lang='grc' dir='ltr'>πᾶσι</span> <span class='ocrx_word' id='word_1_789' title='bbox 2813 5304 2858 5363; x_wconf 89' lang='grc' dir='ltr'>δ’</span> <span class='ocrx_word' id='word_1_790' title='bbox 2915 5306 3031 5363; x_wconf 76' lang='grc' dir='ltr'>οὐδ’</span> <span class='ocrx_word' id='word_1_791' title='bbox 3088 5304 3296 5365; x_wconf 71' lang='grc' dir='ltr'>Εὔϐοια</span> <span class='ocrx_word' id='word_1_792' title='bbox 3358 5317 3603 5384; x_wconf 81' lang='grc' dir='ltr'>γενναῖον</span> <span class='ocrx_word' id='word_1_793' title='bbox 3665 5314 3847 5389; x_wconf 74' lang='grc' dir='ltr'>βλέπει</span> 
     </span>
    </p>
   </div>
   <div class='ocr_carea' id='block_1_114' title="bbox 437 5394 2099 5478">
    <p class='ocr_par' dir='ltr' id='par_1_114' title="bbox 437 5394 2087 5467">
     <span class='ocr_line' id='line_1_114' title="bbox 437 5394 2087 5467; baseline 0.005 -19"><span class='ocrx_word' id='word_1_794' title='bbox 437 5395 604 5450; x_wconf 74' lang='lat' dir='ltr'><strong>aerize</strong></span> <span class='ocrx_word' id='word_1_795' title='bbox 646 5396 929 5463; x_wconf 85' lang='lat' dir='ltr'><strong>volucres,</strong></span> <span class='ocrx_word' id='word_1_796' title='bbox 988 5394 1095 5452; x_wconf 86' lang='lat' dir='ltr'><strong>alis</strong></span> <span class='ocrx_word' id='word_1_797' title='bbox 1153 5411 1329 5467; x_wconf 88' lang='lat' dir='ltr'><strong>supra</strong></span> <span class='ocrx_word' id='word_1_798' title='bbox 1389 5394 1689 5451; x_wconf 86' lang='lat' dir='ltr'><strong>historiam</strong></span> <span class='ocrx_word' id='word_1_799' title='bbox 1750 5399 1952 5465; x_wconf 87' lang='lat' dir='ltr'><strong>evecti,</strong></span> <span class='ocrx_word' id='word_1_800' title='bbox 2013 5399 2087 5456; x_wconf 86' lang='lat' dir='ltr'><strong>ad</strong></span> 
     </span>
    </p>
   </div>
   <div class='ocr_carea' id='block_1_115' title="bbox 2208 5394 3844 5478">
    <p class='ocr_par' dir='ltr' id='par_1_115' title="bbox 2208 5395 3844 5478">
     <span class='ocr_line' id='line_1_115' title="bbox 2208 5395 3844 5478; baseline 0.002 -25"><span class='ocrx_word' id='word_1_801' title='bbox 2208 5419 2245 5454; x_wconf 75' lang='lat' dir='ltr'><strong>rt</strong></span> <span class='ocrx_word' id='word_1_802' title='bbox 2302 5396 2393 5453; x_wconf 81' lang='grc' dir='ltr'><strong>καὶ</strong></span> <span class='ocrx_word' id='word_1_803' title='bbox 2451 5395 2761 5471; x_wconf 69' lang='grc' dir='ltr'>ἐλεύθερον,</span> <span class='ocrx_word' id='word_1_804' title='bbox 2816 5395 2962 5454; x_wconf 83' lang='grc' dir='ltr'><strong>ἀλλά</strong></span> <span class='ocrx_word' id='word_1_805' title='bbox 3016 5397 3107 5453; x_wconf 84' lang='grc' dir='ltr'><strong>καὶ</strong></span> <span class='ocrx_word' id='word_1_806' title='bbox 3163 5398 3298 5470; x_wconf 74' lang='grc' dir='ltr'>αὕτη</span> <span class='ocrx_word' id='word_1_807' title='bbox 3338 5405 3501 5478; x_wconf 83' lang='grc' dir='ltr'>χεῖρα</span> <span class='ocrx_word' id='word_1_808' title='bbox 3557 5403 3844 5477; x_wconf 77' lang='grc' dir='ltr'>προτείνει,</span> 
     </span>
    </p>
   </div>
   <div class='ocr_carea' id='block_1_116' title="bbox 1824 5497 2468 5561">
    <p class='ocr_par' dir='ltr' id='par_1_116' title="bbox 1824 5497 2468 5561">
     <span class='ocr_line' id='line_1_116' title="bbox 1824 5497 2468 5561; baseline 0.006 -5"><span class='ocrx_word' id='word_1_809' title='bbox 1824 5497 1992 5558; x_wconf 90' lang='lat' dir='ltr'><strong>Hier.</strong></span> <span class='ocrx_word' id='word_1_810' title='bbox 2031 5499 2244 5561; x_wconf 83' lang='lat' dir='ltr'><strong>Wolﬁi</strong></span> <span class='ocrx_word' id='word_1_811' title='bbox 2276 5504 2468 5560; x_wconf 72' lang='lat' dir='ltr'><strong>notae.</strong></span> 
     </span>
    </p>
   </div>
   <div class='ocr_carea' id='block_1_117' title="bbox 507 5596 2085 5674">
    <p class='ocr_par' dir='ltr' id='par_1_117' title="bbox 507 5596 2085 5674">
     <span class='ocr_line' id='line_1_117' title="bbox 507 5596 2085 5674; baseline 0.005 -24"><span class='ocrx_word' id='word_1_812' title='bbox 507 5597 865 5674; x_wconf 48' lang='grc' dir='ltr'><strong>ςϐη-ΟῖῖιτοςΔ</strong></span> <span class='ocrx_word' id='word_1_813' title='bbox 891 5600 995 5674; x_wconf 73' lang='grc' dir='ltr'><strong>γὰρ</strong></span> <span class='ocrx_word' id='word_1_814' title='bbox 1045 5604 1152 5654; x_wconf 82' lang='grc' dir='ltr'><strong>τῶν</strong></span> <span class='ocrx_word' id='word_1_815' title='bbox 1198 5604 1296 5654; x_wconf 84' lang='grc' dir='ltr'>τοῦ</span> <span class='ocrx_word' id='word_1_816' title='bbox 1324 5597 1535 5674; x_wconf 13' lang='grc' dir='ltr'><strong>νβορρἆ</strong></span> <span class='ocrx_word' id='word_1_817' title='bbox 1560 5596 1811 5674; x_wconf 82' lang='grc' dir='ltr'>πλευρῶν</span> <span class='ocrx_word' id='word_1_818' title='bbox 1853 5622 2085 5658; x_wconf 83' lang='grc' dir='ltr'>κατασυ-</span> 
     </span>
    </p>
   </div>
   <div class='ocr_carea' id='block_1_118' title="bbox 435 5666 2085 5742">
    <p class='ocr_par' dir='ltr' id='par_1_118' title="bbox 435 5666 2085 5742">
     <span class='ocr_line' id='line_1_118' title="bbox 435 5666 2085 5742; baseline 0.01 -23"><span class='ocrx_word' id='word_1_819' title='bbox 435 5666 570 5738; x_wconf 81' lang='grc' dir='ltr'>ρείς.</span> <span class='ocrx_word' id='word_1_820' title='bbox 603 5666 729 5723; x_wconf 89' lang='lat' dir='ltr'><strong>Non</strong></span> <span class='ocrx_word' id='word_1_821' title='bbox 760 5666 1212 5741; x_wconf 69' lang='lat' dir='ltr'><strong>satis&#39;a&#39;ssequor</strong></span> <span class='ocrx_word' id='word_1_822' title='bbox 1243 5666 1377 5742; x_wconf 83' lang='lat' dir='ltr'><strong>quid</strong></span> <span class='ocrx_word' id='word_1_823' title='bbox 1412 5666 1542 5727; x_wconf 46' lang='lat' dir='ltr'><strong>&quot;sibi</strong></span> <span class='ocrx_word' id='word_1_824' title='bbox 1589 5666 1751 5729; x_wconf 73' lang='lat' dir='ltr'><strong>velit.</strong></span> <span class='ocrx_word' id='word_1_825' title='bbox 1798 5674 2085 5736; x_wconf 77' lang='lat' dir='ltr'><strong>Vetustas</strong></span> 
     </span>
    </p>
   </div>
   <div class='ocr_carea' id='block_1_119' title="bbox 2195 5604 3840 5683">
    <p class='ocr_par' dir='ltr' id='par_1_119' title="bbox 2195 5604 3840 5683">
     <span class='ocr_line' id='line_1_119' title="bbox 2195 5604 3840 5683; baseline 0.004 -21"><span class='ocrx_word' id='word_1_826' title='bbox 2195 5605 2371 5683; x_wconf 78' lang='lat' dir='ltr'><strong>codex</strong></span> <span class='ocrx_word' id='word_1_827' title='bbox 2404 5610 2460 5660; x_wconf 89' lang='lat' dir='ltr'><strong>et</strong></span> <span class='ocrx_word' id='word_1_828' title='bbox 2492 5604 2586 5660; x_wconf 90' lang='lat' dir='ltr'><strong>hic</strong></span> <span class='ocrx_word' id='word_1_829' title='bbox 2618 5604 2866 5660; x_wconf 88' lang='lat' dir='ltr'><strong>mutilus</strong></span> <span class='ocrx_word' id='word_1_830' title='bbox 2897 5610 3005 5677; x_wconf 83' lang='lat' dir='ltr'><strong>est,</strong></span> <span class='ocrx_word' id='word_1_831' title='bbox 3039 5610 3104 5662; x_wconf 88' lang='lat' dir='ltr'><strong>ut</strong></span> <span class='ocrx_word' id='word_1_832' title='bbox 3132 5614 3187 5662; x_wconf 87' lang='lat' dir='ltr'><strong>et</strong></span> <span class='ocrx_word' id='word_1_833' title='bbox 3216 5607 3378 5679; x_wconf 83' lang='lat' dir='ltr'><strong>alibi,</strong></span> <span class='ocrx_word' id='word_1_834' title='bbox 3411 5610 3511 5664; x_wconf 91' lang='lat' dir='ltr'><strong>ubi</strong></span> <span class='ocrx_word' id='word_1_835' title='bbox 3556 5612 3690 5683; x_wconf 81' lang='lat' dir='ltr'><strong>ejus</strong></span> <span class='ocrx_word' id='word_1_836' title='bbox 3718 5613 3840 5668; x_wconf 89' lang='lat' dir='ltr'><strong>sub-</strong></span> 
     </span>
    </p>
   </div>
   <div class='ocr_carea' id='block_1_120' title="bbox 2195 5679 2978 5750">
    <p class='ocr_par' dir='ltr' id='par_1_120' title="bbox 2195 5679 2978 5750">
     <span class='ocr_line' id='line_1_120' title="bbox 2195 5679 2978 5750; baseline 0 -16"><span class='ocrx_word' id='word_1_837' title='bbox 2195 5679 2345 5735; x_wconf 86' lang='lat' dir='ltr'><strong>sidio</strong></span> <span class='ocrx_word' id='word_1_838' title='bbox 2375 5693 2657 5750; x_wconf 83' lang='lat' dir='ltr'><strong>perquam</strong></span> <span class='ocrx_word' id='word_1_839' title='bbox 2690 5694 2841 5750; x_wconf 77' lang='lat' dir='ltr'><strong>opus</strong></span> <span class='ocrx_word' id='word_1_840' title='bbox 2868 5683 2978 5734; x_wconf 83' lang='lat' dir='ltr'><strong>est.</strong></span> 
     </span>
    </p>
   </div>
  </div>
