4072 6218
202 398 329 459 997

1658 397 1860 459 URBS
1906 397 2184 459 CAPTA.

3510 398 3635 461 998

200 534 302 587 καί
345 534 441 586 τοῦ
498 528 865 605 παλιρῥοθίου
913 532 1171 603 πορθμοῦ
1234 527 1536 608 ταχύτερον
1586 527 1866 604 μεθαρμό-

1992 529 2561 597 [sthmumtendunt,
2585 532 2914 604 oppositum
2965 532 3043 589 ibi
3100 537 3427 589 Romanum
3470 549 3634 590 exer-

203 628 381 693 ζεται,
430 621 520 674 καὶ
592 620 995 694 ὑποστρώννυσι
1056 620 1152 689 τήν
1195 615 1487 695 διαϐάθραν
1546 617 1869 696 εύροωτέρῳ

198 718 308 767 τοῦ
339 712 585 786 Εὐρίπου
616 710 1004 785 στρατεύματι,
1034 711 1124 765 καὶ
1193 710 1455 788 φρούριον
1489 712 1592 783 ὁρᾷ
1629 707 1873 784 δομηθὶν

203 801 297 856 ἐπ’
327 801 473 872 αὐτῷ
505 822 568 877 γε
614 798 679 869 δὴ
724 804 802 870 τῷ
860 803 1096 873 πορθμῷ
1147 799 1236 853 καὶ
1295 801 1544 873 στρατιὰν
1588 799 1873 868 ίζάνουσαν

202 886 422 943 ἔνδοθεν
456 888 593 962 πρὸς
624 887 687 941 τὸ
718 887 983 962 ἀναῤῥουν
1046 881 1542 942 ἀναστοιϐἀσουσαν
1603 885 1873 959 δήπουθεν

202 975 277 1031 τα
308 981 414 1032 τῶν
462 970 712 1031 Εὗϐοέων
770 974 1116 1051 ἀγχίστροφα
1173 970 1464 1030 διαϐούλια
1514 974 1605 1030 καὶ
1654 977 1717 1031 τὸ
1772 982 1872 1045 τῆς

150 1107 155 1111 -
206 1065 446 1138 γνώμης
478 1059 833 1138 παλίμϐολον
866 1061 1295 1138 ἐπισχήσουσαν.
1357 1062 1537 1121 Ἀλλά
1592 1064 1674 1127 τίς
1737 1086 1876 1139 προ-

208 1153 398 1232 φθάνει
432 1173 538 1225 μου
568 1157 675 1206 τῶν
710 1150 894 1226 λόγων
924 1153 986 1206 τὸ
1039 1147 1338 1228 βάρϐαρον,
1377 1153 1468 1207 καὶ
1521 1157 1618 1207 τοῦ
1675 1157 1875 1228 πτεροῦ

207 1246 317 1312 τῆς
347 1241 588 1315 ἱστορίας
618 1242 1080 1316 ταχυπετέστερον
1139 1241 1377 1317 φέρεται,
1437 1242 1526 1297 καὶ
1594 1239 1722 1297 ούδέ
1778 1262 1873 1298 ποι

210 1332 296 1392 ὡς
336 1330 572 1401 ἀντίξουν
639 1327 914 1404 έπέχεται.
971 1331 1035 1386 Ἡ
1096 1330 1190 1403 μὲν
1242 1330 1343 1407 γάρ
1399 1327 1478 1385 ἔτι
1533 1335 1872 1405 προνομεῦον

211 1418 356 1476 αὗτὸ
404 1420 497 1481 τὰς
552 1413 736 1488 Θήϐας
797 1418 885 1472 καὶ
949 1419 1307 1493 χειρούμενον
1381 1421 1632 1491 Ἀθήνας,
1671 1426 1773 1489 τῆς
1832 1417 1876 1474 δ’

211 1503 464 1571 Εὐϐοίας
492 1502 768 1562 ἐπιϐαῖνον
802 1504 1041 1577 διέξεισιο
1072 1508 1135 1563 τὸ
1196 1505 1275 1578 δὶ,
1303 1507 1378 1572 ὡς
1432 1510 1509 1580 μὴ
1562 1509 1876 1584 πεζαίτερον

211 1598 304 1668 ὃν,
337 1594 480 1652 ἀλλά
517 1597 722 1666 πτηνὸν
765 1596 854 1649 καὶ
910 1596 1114 1670 ἀέριον,
1170 1597 1440 1667 ὑπερπτάν
1480 1598 1583 1667 τήν
1632 1599 1874 1675 ἱστορίαν

211 1692 397 1766 χωρεῖ
433 1686 569 1759 πρὸς
600 1686 839 1758 Ἰσθμὸν,
868 1691 1169 1761 τροποῦται
1199 1688 1263 1741 τὸ
1311 1687 1418 1760 πρὸ
1450 1688 1674 1761 Ἰσθμοῦ
1705 1707 1871 1763 προσ-

213 1776 435 1852 εδρεῦον
466 1774 799 1848 Ῥωμαϊκὸν,
866 1772 1111 1849 πρόεισιν
1178 1777 1256 1837 εἷς
1287 1774 1451 1832 πόλιν
1490 1777 1626 1851 πρὸς
1674 1778 1876 1851 Ἰσθμῷ

213 1866 469 1938 κειμένην
511 1865 603 1919 καὶ
632 1864 805 1919 πάλαι
870 1865 1084 1940 ἀφνειὸν
1142 1867 1241 1935 τὴν
1294 1864 1573 1940 Κόρινθον,
1617 1867 1874 1940 μεθίστα-

211 1976 307 2010 ται
368 1954 506 2029 πρὸς
561 1956 782 2029 Ἄργος,
836 1956 1255 2026 περιπαπταίνει
1307 1956 1431 2017 τοὺς
1489 1956 1772 2026 Λάκωνας,
1826 1957 1879 2020 ἐς

213 2042 449 2118 Ἀχαίαν
501 2039 648 2099 ἔνθεν
722 2038 1089 2118 προσϐάλλει,
1148 2043 1210 2100 ἐκ
1263 2045 1423 2101 τοῦδε
1483 2048 1581 2116 τήν
1618 2047 1877 2118 Μεθώνην

220 2130 551 2208 μετέρχεται
583 2133 673 2187 καὶ
726 2133 873 2208 ὁρμᾷ
932 2134 1067 2209 πρὸς
1096 2131 1274 2188 Πύλον
1346 2135 1444 2203 τὴν
1499 2131 1730 2207 πατρίδα
1776 2134 1883 2193 Νέ-

220 2243 441 2295 στορος,
484 2223 644 2294 οἶμαι
680 2220 726 2275 δ’
785 2222 860 2284 ὡς
908 2220 1155 2298 Ἀλφειῷ
1201 2220 1419 2279 ἐπιστὰν
1471 2223 1727 2302 ἀφύσεται
1783 2230 1880 2279 τοῦ

216 2312 443 2388 ῥείθρου
474 2313 565 2365 καὶ
594 2309 871 2377 λούσεται,
903 2311 991 2365 καὶ
1064 2312 1286 2383 μνήμην
1341 2310 1575 2387 λήψεται
1642 2313 1880 2370 παλαιοῦ

216 2400 508 2477 χαρίεντος
551 2396 920 2474 διηγήματος,
961 2399 1051 2455 καὶ
1122 2401 1292 2475 μαθὸν
1346 2401 1437 2457 τὸν
1497 2406 1743 2478 ποταμὸν
1801 2409 1882 2477 τῷ

210 2498 324 2561 τῆς
364 2490 698 2565 ’Δρεθούσης
733 2491 1114 2566 ὑγραινόμενον
1174 2487 1359 2566 ἔρωτι,
1423 2493 1716 2564 Σικελικῆς
1772 2517 1881 2566 πη-

212 2587 328 2656 γῆς
377 2581 467 2635 καὶ
506 2577 704 2642 παῖδας
754 2578 980 2636 Ἰταλῶν
1036 2581 1393 2653 ποτιζούσης,
1455 2580 1604 2638 δέδια
1648 2587 1723 2657 μή
1789 2585 1881 2640 καὶ

216 2669 360 2724 αὐτὸ
407 2671 732 2739 τυραννῆσαν
785 2671 847 2724 τὸ
914 2667 1060 2744 ὕδωρ
1116 2669 1309 2745 γράψει
1378 2673 1500 2725 καθ’
1556 2672 1732 2747 ὑγρῶν
1790 2672 1882 2728 καί

219 2755 301 2813 δι’
332 2756 588 2836 Ἀλφειοῦ
637 2762 754 2821 τοῖς
802 2756 860 2813 ἐκ
915 2762 1012 2813 τοῦ
1067 2756 1257 2833 γένους
1319 2759 1489 2815 ἐκεῖσε
1535 2758 1884 2839 διασαφήσειε

208 2850 286 2902 τὰ
337 2848 456 2912 καθ’
511 2845 800 2918 Ἑλλήνων
857 2844 1330 2924 ἀνδραγαθήματα.
1385 2848 1569 2922 ’Λλλ⁹,
1602 2850 1885 2923 ὧἚλλην

207 2938 435 3010 ποταμέ
464 2934 703 3016 Ἀλιρειὶ,
738 2934 912 3011 ῥεῦμα
944 2936 1064 3014 ῥέον
1121 2934 1191 2991 δι’
1245 2936 1434 3012 ἃλμης
1493 2939 1752 3013 πότιμον,
1801 2944 1885 3014 ξε-

208 3026 371 3095 νίζον
404 3021 675 3097 ἄκουσμα,
734 3022 1060 3099 ἐμπύρευμα
1115 3018 1337 3100 ἔρωτος,
1402 3029 1477 3099 μὴ
1540 3024 1607 3097 δὴ
1637 3028 1704 3083 τὰ
1758 3028 1888 3086 Ἑλ-

210 3114 390 3185 λήνια
442 3110 873 3189 δυσπραγήματα
957 3119 1075 3177 τοῖς
1159 3116 1214 3169 ’sv
1277 3113 1507 3188 Σικελίᾳ
1580 3112 1886 3193 Βαρϐάροις

211 3202 666 3277 διατρανώσειας,
703 3200 833 3276 μηδ’
887 3198 1124 3259 ἔκπυστα
1181 3205 1331 3275 θείης
1387 3203 1486 3260 ὅσα
1542 3207 1594 3261 οἱ
1650 3204 1708 3262 ἐκ
1740 3211 1886 3285 σφῶν

1909 1914 1956 1980 Β

1984 621 2163 674 citum
2198 619 2530 692 proﬂigant,
2565 621 2765 677 urbem
2800 621 2858 676 in
2918 624 3141 679 Isthmo
3174 624 3347 678 sitam
3383 623 3633 695 locuple-

1982 713 2097 763 tem
2132 710 2269 765 olim
2301 710 2639 766 Corinthum
2686 712 2928 767 intrant.
2988 712 3152 768 Unde
3209 715 3390 779 Argos
3447 718 3633 770 trans-

1982 803 2161 864 eunt;
2194 798 2501 855 Laconiam
2564 800 2861 872 pervagati
2918 800 3205 872 impetum
3266 803 3323 857 in
3355 803 3631 858 Achaiam

1985 887 2226 943 faciunt.
2259 889 2398 944 Inde
2432 888 2759 945 Methonem
2792 895 3000 961 petunt
3030 911 3045 960 ;
3080 893 3147 946 ad
3186 891 3388 959 Pylum
3430 891 3633 947 Nesto—

1986 977 2064 1032 ris
2089 978 2335 1048 patriam
2368 977 2750 1033 contendunt.
2779 979 2868 1033 Ad
2895 980 3181 1049 Alpheum
3209 982 3387 1035 etiam
3442 997 3635 1036 acces-

1986 1084 2157 1121 suros
2189 1068 2462 1134 arbitror,
2523 1084 2592 1123 ex
2652 1083 2838 1139 eoque
2893 1077 3058 1139 potos
3108 1081 3158 1124 et
3206 1068 3352 1124 lotos
3385 1074 3637 1125 veterem

1980 1155 2306 1226 jucundam
2341 1156 2597 1211 fabulam
2633 1159 3213 1233 audituros,ﬂuvium
3238 1173 3370 1213 eum
3398 1158 3638 1215 Arethe-

1986 1261 2061 1299 sa>
2085 1245 2266 1300 fontis
2286 1246 2488 1313 Siculi,
2519 1261 2693 1316 quem
2719 1245 2998 1302 Italorum
3024 1245 3129 1300 ﬁlii
3178 1246 3409 1303 bibunt.
3441 1264 3640 1305 amore

1983 1333 2397 1404 liquescentem
2423 1334 2605 1390 vereri
2627 1351 2696 1389 ne
2717 1351 2835 1390 sum
2870 1352 3034 1406 aquis
3077 1350 3389 1391 successus
3411 1335 3638 1393 Latino-

1985 1438 2116 1478 rum
2149 1427 2206 1478 et
2236 1438 2328 1479 res
2386 1439 2535 1495 quas
2595 1428 2799 1478 contra
2848 1422 3078 1478 Graecos
3109 1425 3400 1495 gesserint
3431 1425 3636 1481 inscri-

1983 1517 2114 1584 ptas
2143 1511 2217 1567 ad
2249 1512 2559 1582 populares
2586 1527 2787 1566 eorum
2805 1512 3059 1582 perferre
3100 1517 3366 1583 cogatur.
3396 1512 3638 1583 Verum,

1985 1617 2017 1656 ο
2038 1599 2232 1655 Graece
2256 1599 2429 1654 ﬂuvie
2451 1598 2693 1669 Alphee,
2712 1598 2865 1654 latex
2887 1615 2991 1670 per
3013 1598 3370 1669 salsuginem:
3394 1617 3641 1656 manans

1986 1688 2280 1758 potabilis,
2312 1705 2405 1744 res
2432 1688 2580 1743 807
2607 1688 2815 1743 auditu
2844 1688 3015 1756 mira,
3047 1688 3264 1745 amoris
3285 1689 3641 1757 incendium,

1989 1783 2470 1834 caveGrecorum
2493 1776 2857 1833 calamitates
2886 1776 3096 1833 Siculis
3144 1776 3413 1834 barbaris
3460 1779 3643 1849 expli-

1983 1874 2210 1937 ces,aut
2240 1883 2664 1924 commemores
2691 1872 2941 1936 quantas
2964 1883 3055 1923 res
3082 1866 3395 1940 populares
3439 1883 3643 1924 eurum

1989 1964 2187 2013 contra
2213 1958 2442 2013 Graecos
2466 1956 2779 2029 gesserint,
2822 1971 2893 2011 ne
2942 1954 3164 2011 choreae
3214 1956 3528 2022 ducantur,
3572 1974 3644 2013 ne

1991 2064 2218 2119 paeanes
2243 2052 2652 2110 cantentur,ne
2676 2044 2873 2118 plures
2891 2045 3083 2101 hostes
3098 2045 3646 2115 appellant,Paulis-

1991 2152 2094 2208 per
2109 2141 2397 2208 exspecta.
2423 2134 2615 2191 Multa
2638 2140 2774 2189 sunt
2798 2134 2929 2190 belli
2961 2134 3113 2189 vices
3142 2153 3157 2203 ;
3202 2140 3435 2189 tesseras
3459 2136 3646 2190 instar

1990 2227 2306 2285 volvuntur
2338 2242 2431 2283 res
2455 2224 2986 2282 mortaliumNunc
3017 2224 3132 2292 his,
3175 2223 3466 2280 nuncillis
3497 2225 3647 2279 favet

1991 2316 2230 2372 victoria
2260 2334 2275 2384 ;
2314 2331 2385 2370 ne
2408 2313 2737 2369 Alexandro
2771 2313 3008 2384 quidem
3056 2313 3250 2368 ferunt
3289 2313 3491 2368 omnia
3519 2329 3648 2368 suo-

1991 2406 2240 2463 cessisse
2269 2422 2341 2462 ex
2371 2405 2687 2470 sententia,
2754 2420 2858 2461 nec
2912 2403 3155 2460 Cesaris
3197 2403 3432 2460 fortuna
3460 2404 3648 2460 caruit

1990 2494 2440 2553 offensionibus.
2478 2498 2587 2550 Per
2626 2494 2817 2565 ipsam
2851 2493 3201 2549 Arethusam
3260 2498 3317 2549 te
3364 2494 3645 2562 obtestor,

1993 2602 2093 2658 per
2112 2586 2430 2641 amicitiam
2464 2600 2498 2640 a
2531 2584 2818 2639 salsedine
2840 2582 3141 2651 intactam,
3175 2599 3277 2655 per
3295 2584 3647 2640 amatorium

1992 2675 2245 2731 laticem.
2277 2675 2388 2730 Sed
2418 2679 2482 2730 ut
2516 2677 2583 2729 ad
2616 2672 2957 2729 institutum
3007 2674 3264 2740 redeam,
3306 2678 3524 2730 Scurus
3555 2674 3649 2730 his

1993 2764 2259 2821 cladibus
2290 2764 2532 2829 fractus,
2559 2778 2695 2818 cum
2725 2766 2909 2836 Argos
2946 2768 3004 2819 et
3035 2762 3289 2819 ﬁnitima
3310 2765 3526 2836 oppida
3552 2780 3647 2821 oc-

1994 2862 2203 2923 cupata
2260 2870 2390 2910 esse
2446 2858 2732 2921 cerneret,
2790 2855 2849 2908 in
2881 2852 3295 2909 Acrocorintho
3329 2859 3391 2908 ut
3424 2852 3652 2909 hirsuta

1994 2945 2181 3001 bestia
2203 2948 2262 3000 in
2303 2950 2472 3002 antro
2510 2952 2614 3002 aut
2653 2954 2712 3001 ut
2744 2946 2921 3002 draco
2952 2945 3011 3000 in
3043 2947 3321 3015 spelunca
3350 2963 3413 3002 se
3443 2946 3601 3002 abdit
3635 2965 3651 3017 ;

1996 3050 2122 3106 quae
2146 3034 2357 3090 veteris
2376 3034 2643 3091 Corinthi
2702 3050 2806 3089 arx
2826 3037 2935 3101 est,
2968 3034 3029 3089 in
3082 3035 3265 3090 arduo
3289 3039 3484 3090 monte
3516 3042 3652 3103 sita,

1997 3123 2116 3178 fere
2147 3122 2641 3195 inexpugnabilis.
2675 3123 2860 3187 Quare
2888 3123 3145 3179 marchio
3194 3123 3328 3180 inde
3356 3123 3650 3197 repulsus,

1998 3228 2131 3267 cum
2154 3212 2469 3283 Nauplium
2504 3228 2738 3285 quoque
2761 3213 2915 3269 haud
2941 3212 3108 3268 facile
3127 3213 3455 3285 expugnari
3481 3231 3649 3286 posse

210 3290 731 3367 ἐπιστρατεύσαντες
790 3290 1030 3364 Ἕλλησι
1101 3295 1220 3349 καθ’
1297 3293 1586 3365 Ἐλλήνων
1677 3296 1875 3373 ἐμεγα-

1993 3308 2257 3358 cerneret
2285 3301 2358 3356 ob
2391 3302 2770 3358 castellorum
2804 3301 3214 3369 munitionem,
3269 3308 3325 3357 et
3377 3303 3649 3359 defenso-

209 3382 671 3457 λούργησαν,’ἰνα
704 3384 780 3455 μὴ
827 3382 990 3457 χοροὶ
1052 3388 1220 3438 στῶσι
1278 3382 1366 3438 καὶ
1421 3388 1644 3447 παιᾶνες
1678 3386 1882 3456 ᾁσθῶσι

210 3473 312 3530 καὶ
343 3471 567 3532 πλείους
606 3472 912 3545 κατάρωσιν
974 3473 1026 3527 οἱ
1085 3469 1357 3551 διάφοροι.
1421 3473 1606 3548 Βραχύ
1652 3495 1707 3529 τι
1764 3474 1883 3530 ἐπί-

216 3579 427 3635 μεινον·
482 3558 950 3635 ἀλλοπρόσαλλος
1007 3564 1041 3630 ἡ
1119 3562 1298 3636 μάχη,
1358 3563 1621 3618 πεττευτά
1674 3564 1741 3619 τὰ
1790 3563 1884 3618 ἀν-

1991 3406 2122 3444 rum
2141 3389 2559 3455 constantiam,
2584 3388 2946 3445 obsidionem
2974 3392 3280 3461 utriusque
3304 3390 3414 3445 loci
3437 3392 3651 3446 ducere

1991 3478 2250 3533 instituit
2291 3482 2397 3545 ;et
2456 3495 2527 3533 ex
2585 3480 2828 3535 adverso
2889 3478 3293 3534 Acrocorinthi
3350 3481 3654 3537 castellum

1992 3567 2259 3634 adificat,
2293 3567 2414 3622 hua
2445 3569 2697 3623 maxime
2729 3567 3060 3640 oppugnari
3125 3584 3294 3639 posse
3322 3569 3650 3639 videbatur.

216 3650 494 3725 θρώπινα,
525 3649 617 3703 καὶ
644 3648 766 3721 νίκη
829 3646 1178 3723 ἐπαμείϐεται
1233 3647 1447 3726 ἄνδρας.
1505 3649 1635 3709 Οὐδ’
1689 3649 2031 3730 Ἀλεξάνδρῳ
2071 3654 2197 3731 φασὶ
2262 3653 2328 3708 τὰ
2385 3650 2473 3707 ἐπὶ
2539 3659 2699 3709 πᾶσιν
2737 3653 3084 3729 ἀπρόσκοπα,
3131 3650 3245 3708 οὐδ’
3301 3651 3653 3715 ἀδιάπτωτος

228 3741 318 3813 [Ρ.
355 3740 482 3811 394]
514 3739 549 3807 ἡ
582 3738 728 3813 τύχη
756 3738 1006 3813 παράπαν
1037 3743 1136 3793 τοῦ
1167 3738 1453 3815 Καίσαρος.
1498 3740 1597 3796 Ναὶ
1626 3743 1763 3818 πρὸς
1794 3742 1962 3812 αὐτῆς
1991 3745 2089 3812 τῆς
2118 3741 2445 3817 Ἀρεθούσης
2476 3746 2582 3797 τῶν
2642 3742 2924 3817 ἀνεπάφων
2958 3742 3145 3815 ἅλμης
3195 3740 3508 3818 φιλοτήτων
3551 3741 3642 3796 καὶ

221 3831 324 3884 τοῦ
354 3823 683 3899 ἐρωτὸεντος
712 3827 974 3900 νάματος.
999 3826 1157 3885 Ἀλλ’
1190 3829 1319 3886 εἶεν.
1350 3830 1411 3887 Ὁ
1452 3827 1511 3885 δὶ
1547 3829 1613 3900 δὴ
1643 3832 1881 3909 Σγουρὸς
1916 3832 2004 3888 ἐπὶ
2033 3833 2250 3896 τούτοις
2277 3832 2605 3905 ἠπορηκὼς,
2635 3831 2726 3886 καὶ
2754 3832 2818 3886 τὸ
2848 3834 3054 3907 ’Ἄργος
3086 3832 3228 3905 ὁρῶν
3259 3829 3526 3904 ἐχόμενον
3552 3831 3645 3885 καὶ

227 3918 325 3978 τάς
366 3913 707 3983 περιοικίδας
738 3916 932 3979 πόλεις
966 3915 1404 3992 συνελημμένας,
1438 3921 1514 3982 ὡς
1546 3919 1599 3981 ἐς
1639 3921 1828 3995 ἄντρον
1870 3919 2065 3985 λάσιος
2108 3922 2213 3996 θὴρ
2253 3922 2287 3990 ἢ
2323 3921 2398 3984 ὡς
2429 3916 2552 3998 ὄφις
2581 3920 2851 3993 ἓρπυστὴς
2884 3918 2960 3980 είς
2994 3920 3150 3994 χειὰν
3177 3923 3529 3993 συσπειρᾶται
3559 3918 3649 3973 τὸν

222 4006 674 4081 Ἀκροκόρινθον·
710 4006 738 4061 6
766 4003 824 4061 δέ
850 4007 989 4062 ἐστιν
1030 4010 1065 4078 ἡ
1095 4015 1196 4079 τῆς
1222 4006 1393 4063 πᾶλαι
1426 4008 1641 4073 πόλεως
1667 4010 1933 4084 Κορίνθου
1962 4008 2289 4085 ἀκρόπολις,
2324 4010 2404 4063 ἐπ’
2436 4010 2695 4070 ἀνάντους
2727 4007 2887 4083 ὅρους
2929 4008 3153 4081 κειμένη
3197 4008 3286 4063 καὶ
3320 4005 3642 4071 δυσάλωτος

228 4102 349 4157 τοῖς
380 4090 852 4172 προσϐάλλουσιν.
884 4098 1309 4172 Ἀποκρουσθεὶς
1339 4099 1521 4154 τοίνυν
1552 4103 1649 4154 τοῦ
1690 4100 2112 4175 Ἀκροκορίνθου
2146 4097 2460 4174 μαρκέσιος,
2490 4096 2636 4153 ἀλλὰ
2669 4095 2809 4169 μηδὲ
2839 4099 2938 4167 τήν
2970 4096 3047 4159 εἷς
3094 4097 3156 4151 τὸ
3209 4095 3493 4156 Ναύπλιον
3526 4097 3641 4151 πά-

223 4182 387 4260 ροδον
421 4182 612 4260 ῥᾳδίαν
642 4185 911 4259 θεώμενος
943 4184 1031 4242 διὰ
1059 4188 1160 4257 τήν
1199 4192 1306 4243 τῶν
1338 4188 1621 4263 ἐρυμάτων
1654 4187 1961 4265 ἐχυρότητα
1991 4189 2081 4243 καὶ
2110 4189 2208 4257 τὴν
2239 4192 2349 4243 τιὶν
2379 4184 2829 4262 ἀπομαχομένων
2860 4185 3222 4261 ἱσχυρότητα,
3252 4181 3640 4264 χρονοτριϐεῖν

221 4275 308 4351 ἐφ’
340 4274 619 4351 ἑκατέροις
651 4276 996 4351 προτίθησιν,
1028 4277 1079 4339 ἐς
1111 4275 1168 4333 δὲ
1197 4278 1290 4334 τὸν
1336 4278 1756 4355 Ἀκροκόρινθον
1796 4278 1886 4335 καὶ
1916 4279 2175 4358 φρούριον
2204 4278 2481 4334 ἀντίθετον
2515 4276 2818 4349 ἀνίστησιν,
2848 4278 2887 4348 ᾗ
2919 4276 3158 4349 μάλιστα
3199 4277 3227 4331 6
3276 4280 3463 4351 χῶρος
3520 4274 3642 4331 ἐπί-

224 4384 411 4441 μαχος
441 4364 811 4441 κατεφαίνετο.

298 4455 349 4510 ι’.
428 4455 531 4510 Ἤν
588 4452 649 4509 ἄν
708 4453 802 4509 οὖν
852 4460 964 4511 τῶν
1019 4457 1314 4530 Ῥωμαίων
1395 4458 1621 4514 Ἀσιανά
1674 4478 1734 4514 τε
1788 4458 1878 4514 καὶ

221 4544 449 4619 ἑσπέρια
476 4543 600 4618 ’ὀρια
633 4540 773 4615 μηδὲ
800 4544 1013 4600 τελείου
1049 4539 1203 4609 ἔτους
1266 4546 1708 4621 παριππευκότος
1759 4552 1878 4609 τοῖς

222 4637 537 4696 Αατινικοῖς
587 4632 893 4707 ἀπαξάπασι
949 4638 1127 4711 γένεσι
1211 4633 1605 4711 δουλοπρεπῶς
1683 4636 1877 4693 ὑποκύο

221 4726 401 4797 ψαντα
434 4719 563 4794 (ἤδη
594 4722 698 4797 γὰρ
730 4725 822 4778 καὶ
861 4725 889 4779 6
931 4725 1006 4787 εἰς
1039 4724 1270 4801 βασιλέα
1328 4725 1574 4802 χρισθεὶς
1608 4724 1881 4784 Βαλδουῖ-

219 4832 311 4872 νος
352 4811 493 4865 κατὰ
543 4811 771 4874 Νικαίας
832 4813 923 4867 καὶ
972 4813 1227 4889 Προύσής
1280 4815 1343 4870 τὸ
1402 4812 1531 4890 δόρυ
1574 4813 1885 4893 διαγκοινή-

222 4903 421 4957 σασθαι
446 4898 758 4975 προύθετο),
791 4901 837 4956 εί
871 4904 948 4976 μὴ
988 4924 1049 4977 γε
1088 4904 1116 4959 6
1174 4903 1378 4978 βουλὰς
1420 4904 1624 4970 ἀθετῶν
1660 4906 1885 4981 Κύριος,

220 4991 311 5045 καὶ
414 4987 816 5065 διασκορπίζων
907 4986 1029 5063 ἔθνη
1132 4993 1199 5049 τὰ
1281 4992 1410 5056 τοὺς
1472 4993 1753 5070 πολέμους
1806 4994 1887 5057 (li.

221 5080 418 5145 λοντα,
481 5074 747 5135 ὑπέλαϐεν
802 5083 951 5153 ἡμᾶς
1010 5081 1084 5144 εἷς
1168 5080 1327 5146 τέλος
1382 5082 1766 5147 ἐκλείποντας.
1825 5086 1887 5142 Ὀ

220 5169 331 5246 γὰρ
375 5166 444 5238 δὴ
479 5168 647 5245 φυγὰς
692 5168 948 5245 βασιλεὺς
979 5172 1057 5236 εἷς
1086 5171 1207 5246 ὄψιν
1267 5177 1346 5245 τῷ
1407 5172 1681 5249 μαρκεσίῳ
1712 5173 1883 5238 ἐλθὼν

224 5259 396 5333 ἃρτου
457 5263 731 5335 μετρητοῦ
778 5262 868 5315 καὶ
928 5261 1167 5333 κοτύλης
1241 5263 1580 5339 ηράσματος
1637 5264 1703 5317 τὰ
1786 5270 1886 5332 τῆς

227 5345 514 5424 βασιλείας
556 5347 982 5406 ἀπαλλάττεται
1012 5347 1287 5426 σύμϐολα,
1317 5353 1405 5407 καὶ
1467 5352 1541 5413 εἰς
1571 5356 1758 5427 χῶρον
1816 5355 1885 5425 τῇ

222 5437 377 5513 τύχῃ
446 5439 769 5516 φερώνυμον
829 5439 1127 5516 (Ἃλμυρὸς
1193 5442 1221 5497 6
1278 5445 1466 5518 χῶρος
1512 5438 1887 5515 κικλήσκεται)

227 5526 327 5590 τὶς
389 5523 669 5603 διατριϐάς
725 5528 962 5586 τελέσων
1031 5530 1363 5605 ἐκπέμπεται
1422 5530 1514 5585 σὺν
1570 5528 1888 5610 Εὐφροσύνῃ

224 5619 299 5689 τῇ
346 5614 675 5689 ὃμευνέτιδι.
707 5619 775 5676 Οἱ
838 5624 916 5691 τῷ
948 5620 1169 5695 βασιλεῖ
1223 5619 1404 5674 τοίνυν
1463 5615 1888 5692 συναποὸράντες

228 5703 509 5780 Ῥωμαῖοι
551 5708 709 5781 (ἦσαν
743 5704 801 5763 δὲ
845 5711 1054 5765 τούτων
1114 5708 1167 5763 οἱ
1222 5707 1450 5770 πλείους
1508 5706 1772 5781 ἐπίσημοι
1824 5710 1888 5764 τὸ

229 5797 389 5870 γένος
418 5796 503 5851 καῖ
536 5795 635 5853 οὐκ
667 5793 850 5869 ἄδοξοι
880 5798 947 5854 τὰ
976 5796 1109 5873 πρὸς
1167 5796 1440 5872 πόλεμον,
1470 5796 1561 5854 καὶ
1625 5795 1891 5876 πατρίδας

2059 4459 2212 4516 808
2248 4461 2331 4514 18.
2367 4462 2454 4516 Ita
2506 4460 2902 4516 Romanorum
2956 4457 3159 4514 Asiani
3208 4462 3265 4514 et
3313 4457 3649 4513 Occidenta-

1988 4548 2071 4604 les
2106 4549 2250 4605 tlnes
2277 4564 2505 4616 omnes,
2538 4548 2797 4604 nondum
2826 4549 3053 4619 integro
3095 4563 3248 4603 anno
3295 4548 3519 4620 elapso,
3549 4551 3652 4603 La-

1993 4640 2251 4693 tinarum
2283 4639 2547 4710 gentium
2578 4639 2761 4694 armis
2812 4636 3097 4693 serviliter
3157 4638 3475 4694 cessissent
3505 4635 3648 4706 (jam

1992 4727 2147 4783 enim
2172 4728 2513 4798 designatus
2538 4726 2856 4799 imperator
2872 4726 3011 4782 Bald
3024 4725 3196 4781 uinus
3211 4726 3383 4781 etiam
3401 4725 3651 4781 Nicaeam

1994 4822 2052 4873 et
2091 4816 2335 4872 Prusam
2366 4831 2699 4887 Oppugnare
2756 4816 3134 4886 instituerat),
3170 4816 3282 4872 nisi
3341 4815 3650 4882 Dominus,

1997 4906 2096 4978 qui
2122 4906 2369 4963 consilia
2426 4906 2592 4962 irrita
2649 4905 2784 4962 facit
2841 4909 2898 4960 et
2926 4915 3126 4974 gentes
3158 4903 3291 4959 belli
3351 4905 3649 4958 studiosus

1995 4995 2266 5067 dissipat,
2298 4995 2483 5052 nostri
2515 4995 2914 5052 delensionem
2939 4994 3066 5062 jam
3100 5008 3338 5064 prorsus
3374 4991 3647 5046 deficien-

1996 5085 2139 5141 tium
2166 5086 2700 5157 suscepisset.Nam
2734 5086 3016 5157 profugus
3040 5084 3357 5153 imperator
3387 5081 3460 5138 ad
3492 5096 3649 5135 mar-

1996 5173 2264 5230 chionem
2289 5173 2585 5245 profectus
2617 5173 2782 5244 panis
2821 5180 2875 5228 et
2932 5173 3051 5227 vini
3093 5171 3370 5226 demenso
3417 5170 3648 5240 imperii

1997 5263 2253 5333 insignia
2278 5268 2625 5327 commutat,
2681 5276 2814 5316 cum
2876 5260 3261 5331 Euphrosyna
3311 5258 3556 5329 conjuge
3589 5259 3648 5313 in

1996 5351 2192 5407 locum
2221 5352 2460 5407 nomine
2491 5350 2831 5422 Halmyrum
2863 5350 2998 5417 (hoc
3042 5353 3131 5404 est
3185 5346 3652 5419 salsuginosum)

1999 5443 2237 5497 fortunae
2295 5456 2415 5495 suae
2474 5438 2921 5511 respondentem
3007 5436 3337 5492 habitatum
3408 5436 3648 5493 missus.

1995 5531 2237 5589 Romani
2268 5536 2463 5589 autem
2523 5529 2622 5604 qui
2680 5545 2810 5586 cum
2873 5529 3227 5601 imperatore
3275 5528 3650 5601 aufugerant,

1997 5638 2246 5692 quorum
2297 5621 2562 5694 plerique
2610 5618 2855 5681 nobiles,
2913 5617 3064 5674 bello
3137 5634 3249 5674 non
3310 5618 3543 5683 obscuri
3593 5623 3653 5675 et

1998 5712 2266 5770 Thraciis
2298 5713 2541 5770 urbibus
2572 5710 2687 5768 orti
2719 5715 3049 5782 erant,cum
3071 5710 3413 5767 marchione
3446 5710 3654 5780 degere

1996 5804 2166 5879 eique
2198 5820 2302 5879 pro
2330 5803 2479 5861 virili
2527 5818 2764 5878 operam
2820 5817 3032 5861 navare
3083 5801 3415 5862 voluerunt.
3463 5798 3548 5859 Ab
3583 5812 3651 5858 eo
