4032 6216
155 298 310 360 1001
1136 336 1139 337 ν
1598 295 1799 361 URBS
1842 297 1881 358 C

1989 300 2116 361 ‘TA.
3433 300 3589 362 4002

154 426 290 503 δόξῃ
354 426 488 487 λεώ.
545 427 758 493 Νυκτὸς
809 425 855 482 δ’
908 427 1237 502 ἐπιθεμένων
1290 429 1440 506 σφίσι
1492 428 1805 500 Ῥωμαίων,
1841 437 1881 501 Α

1991 433 2204 491 sfecit.
2240 434 2354 491 Nec
2387 434 2543 491 enim
2601 432 2850 490 ulterius
2907 433 3177 505 progredi
3232 448 3412 490 ausus
3484 437 3594 507 est,

152 520 245 581 οἷς
279 520 313 588 ἡ
341 515 507 579 πόλις
539 514 638 587 ἣδε
683 518 877 591 πατρὶς
926 517 1017 573 καὶ
1070 517 1124 572 οἳ
1172 515 1572 587 συνεληλύθασι
1604 517 1818 579 τούτοις

1989 538 2057 577 Im
2088 524 2332 581 Romani
2364 528 2421 580 et
2474 523 2673 580 Blachi
2731 539 2861 578 cum
2920 522 3199 594 Scythicis
3262 522 3599 582 cohortibus

151 607 470 683 ἐπίκουροι,
525 612 746 680 πρῶτον
791 608 886 679 μὶν
937 606 1221 683 ἡσύχασαν
1275 606 1326 662 ἐν
1368 605 1563 668 ὅπλοις
1594 607 1821 681 γενόμε-

1989 612 2333 682 rcumirent,
2364 612 2553 669 caeteri
2598 628 2732 669 vero
2785 609 3217 680 Adrianopolim
3293 626 3595 666 concurre-

152 717 246 750 νοι
300 694 391 751 καὶ
452 694 589 768 πρὸς
644 695 879 770 φρουρὰν
931 697 998 751 τὰ
1052 695 1215 770 τείχη
1249 692 1537 750 διείλοντο’
1576 695 1824 771 ὑπόφαυ-

1989 707 2063 759 ιηι
2094 710 2376 776 tanquam
2409 704 2469 761 in
2499 708 2724 760 certum
2785 702 3037 776 asylum.
3073 701 3399 773 Imperator
3455 717 3587 757 vero

160 782 337 854 σάσης
393 780 451 837 δὲ
500 789 601 852 τῆς
656 783 731 838 ’ὲω
782 784 1091 854 Ῥωμαίους
1158 782 1628 856 κατασκεψάμενοι
1685 785 1825 856 μήτε

1989 792 2258 849 alduinus
2290 810 2492 850 mense
2523 792 2727 849 Martio
2757 790 3075 863 egreditur,
3107 793 3166 845 et
3213 789 3360 846 Ples:
3390 804 3590 845 comes

158 871 461 946 παραταξει
516 871 655 943 μήτε
698 871 805 943 μὴν
869 869 1121 943 μεθόδοις
1175 868 1499 946 χρωμένους
1530 891 1829 946 στρατηγι-

1989 880 2229 949 oloicus,
2263 890 2317 938 et
2349 886 2476 954 post
2499 899 2597 939 eos
2628 882 2833 937 Ericus
2862 879 3192 947 Dandulus,
3214 878 3590 934 Venetiarum

156 966 313 1027 καῖς,
373 957 500 1014 ἀλλ’
568 956 682 1013 οὐδ’
740 958 793 1021 ἐς
848 955 1126 1035 ἀκρίϐειαν
1186 958 1587 1033 ὡπλισμένους,
1646 980 1831 1017 συντι-

1989 987 2079 1037 ux,
2112 986 2245 1025 cum
2277 971 2405 1026 suis
2436 968 3065 1041 quisque‘legionibus.
3120 969 3190 1021 Et
3232 965 3384 1022 vallo
3430 972 3592 1022 extra

156 1050 445 1125 ταγμένην
500 1050 602 1117 τήν
662 1045 891 1120 δύναμιν
950 1051 1025 1111 ὡς
1081 1049 1137 1112 ἐς
1199 1047 1387 1125 μάχην
1422 1048 1625 1125 ἐξᾶγειν
1660 1049 1830 1126 ἐγνώ-

1989 1057 2282 1128 :lijaetum
2315 1059 2387 1114 ad
2444 1056 2879 1128 Adrianopolim
2940 1055 3332 1125 communito,
3382 1055 3589 1126 postri-

162 1159 353 1195 κεσαν.
407 1138 498 1201 Ὦς
554 1135 602 1192 δ’
651 1137 912 1209 ἀπήντων
979 1140 1091 1213 (7i)
1150 1138 1333 1202 αὐτοῖς
1391 1140 1660 1212 Ῥωμαῖοι
1697 1139 1835 1213 μετᾶ

1989 1148 2037 1202 ie
2059 1148 2256 1219 c0pias
2274 1148 2345 1203 ad
2379 1146 2590 1203 moenia
2610 1146 2908 1202 adducunt
2925 1152 2985 1202 et
3008 1145 3312 1201 machinas
3341 1144 3596 1216 erigunt.

163 1229 405 1302 θάρσους
462 1230 585 1290 τοῖς
641 1227 884 1301 τείχεσιν
955 1225 1413 1303 ἐπεγχρίπτοντες
1478 1226 1674 1301 (ᾤοντο
1731 1227 1834 1303 γὰρ

1998 1237 2196 1293 rbanis
2227 1241 2424 1292 autem
2455 1240 2691 1293 strenue
2721 1251 2783 1291 se
2808 1233 3264 1290 defendentibus
3307 1250 3411 1305 per
3440 1234 3596 1289 812

170 1314 388 1373 δειλίαν
469 1316 567 1384 τῆν
651 1319 758 1371 τῶν
818 1314 1060 1371 Λατίνων
1127 1315 1469 1396 ἀσφάλειαν),
1549 1314 1836 1396 διεκχέον-

1989 1325 2073 1382 ies
2101 1325 2432 1398 complures
2454 1340 2571 1381 nou
2601 1323 2758 1380 aliud
2791 1323 3171 1395 proficiebant
3203 1322 3314 1379 nisi
3357 1329 3418 1377 ut
3466 1322 3598 1377 telis

168 1427 275 1462 ται
330 1409 435 1460 τῶν
488 1403 679 1460 πυλῶν
738 1405 828 1459 καὶ
888 1426 1036 1483 σφισι
1077 1405 1509 1480 συμπλέκονται,
1567 1406 1658 1462 καὶ
1698 1408 1838 1481 πρὸς

1989 1418 2007 1469 l:
2045 1417 2310 1485 peterent
2338 1421 2393 1469 et
2422 1417 2775 1485 peterentur.
2806 1415 3008 1482 Itaque
3054 1411 3268 1481 vineis,
3330 1410 3602 1465 multitu-

187 1494 391 1570 μικρὸν
456 1494 809 1573 ἀντισχόντες
873 1496 1147 1568 Ῥωμαῖοι
1210 1516 1526 1570 τρεπονται,
1591 1496 1680 1551 καὶ
1753 1495 1843 1570 γί-

1995 1502 2086 1558 ine
2116 1518 2426 1574 operarum
2482 1500 2610 1557 freti
2668 1499 3010 1570 longissime
3067 1499 3236 1567 actis,
3290 1502 3607 1569 egestoque

180 1605 333 1639 νεται
398 1589 497 1653 τῆς
556 1583 768 1659 ἡμέρας
838 1582 1047 1655 ἐκείνης
1112 1583 1348 1640 ἐλεεινὸν
1417 1584 1507 1640 καὶ
1574 1583 1845 1639 οἷ’κτιστον

1989 1589 2102 1646 lam
2121 1598 2272 1647 terra
2285 1594 2342 1647 et
2355 1589 2616 1647 cavernis
2629 1589 2811 1644 aridis
2829 1587 3006 1659 lignis
3020 1586 3295 1655 suii‘ultis,
3320 1586 3603 1642 mcenium

180 1674 384 1746 θέαμα·
425 1669 658 1744 μηδενὸς
687 1672 790 1747 γὰρ
836 1667 1092 1737 λαϐόντες
1134 1673 1185 1728 οἱ
1219 1679 1444 1728 Λατῖνοι
1482 1670 1674 1749 φειδὼ,
1708 1674 1846 1728 κατὰ

1989 1679 2338 1735 undamenta
2366 1678 2637 1735 hostibus
2668 1693 2782 1732 non
2815 1675 3424 1733 animadvertentibus
3447 1673 3607 1729 labe-

184 1761 249 1862 δέ
302 1761 516 1818 πάντων
572 1767 652 1834 τῷ
707 1762 843 1839 ξίφει
905 1765 1270 1838 χρησὰμενοι,
1332 1765 1433 1831 τὴν
1486 1770 1589 1839 γῆν
1634 1761 1881 1819 ἐπίαναν·

1989 1774 2174 1827 actare
2204 1768 2579 1826 studuerunt.
2611 1768 2723 1824 Sed
2756 1771 2813 1823 et
2862 1765 3111 1822 Romani
3159 1770 3364 1821 contra
3401 1780 3470 1820 ea
3502 1780 3607 1835 pa-

183 1849 409 1926 αἿμασι,
464 1852 553 1905 καὶ
612 1854 722 1906 τῶν
786 1851 1056 1907 πεσόντων
1114 1850 1295 1915 οὐδεὶς
1354 1852 1502 1915 ὁσίας
1553 1854 1881 1927 τετύχηκερ

1989 1859 2325 1928 ηεδδιιιξουω
2359 1857 2489 1912 urbi
2520 1860 2719 1913 essent
2749 1854 3054 1911 salutaria.
3087 1855 3203 1911 Nec
3249 1853 3452 1909 multis
3482 1852 3610 1908 die-

190 1940 365 2000 Ταυτῖ
423 1942 517 2014 μὲν
573 1940 666 1996 οὖν
716 1943 751 2011 ἡ
801 1941 1124 2016 προεξιοῦσα
1176 1939 1398 2018 δέδρακε
1447 1943 1691 2017 στρατιά’
1727 1940 1852 1997 οὐδὲ

1989 1964 2074 2002 ιυε
2106 1951 2239 2017 post
2290 1945 2547 2001 Joannes
2597 1948 2822 2014 partem
2876 1942 3134 2015 Scythici
3189 1942 3478 1997 exercitus
3506 1941 3615 1996 im-

188 2035 295 2110 γὰρ
352 2033 655 2108 περαιτέρω
729 2038 933 2108 χωρεῖν
1003 2031 1328 2109 τεθάρῥηκε,
1390 2035 1682 2109 Ῥωμαίων
1754 2035 1848 2108 μὲν

1989 2039 2170 2090 letum
2202 2034 2387 2090 facere
2417 2034 2476 2089 in
2509 2032 2763 2105 pecudes
2779 2036 2835 2087 et
2852 2048 3036 2102 equos
3057 2032 3116 2086 in
3142 2029 3401 2085 herbidis
3426 2028 3613 2100 pratis

189 2121 286 2177 καὶ
320 2122 555 2196 Βλάχων
613 2122 748 2195 μετὰ
809 2122 1005 2196 μοίρας
1062 2124 1331 2192 Σκυθικῆς
1370 2121 1714 2197 περιιόντων,
1743 2126 1851 2177 τῶν

1990 2127 2126 2179 uxta
2160 2122 2498 2178 Latinorum
2528 2126 2715 2177 castra
2748 2124 3049 2190 pascentes
3072 2118 3262 2189 jubet,
3298 2121 3363 2172 ut
3402 2132 3470 2171 ea
3522 2133 3618 2171 ra-

199 2208 252 2267 δ’
282 2209 468 2267 ἄλλων
501 2216 608 2283 (72)
641 2210 694 2273 ἐς
739 2213 838 2281 τὴν
888 2208 1178 2283 ’Δδριανοῦ
1226 2208 1639 2286 συνδραμόντων
1669 2212 1744 2273 ὼς
1776 2211 1852 2275 εἷς

197 2304 375 2370 σῶζον
420 2300 812 2375 κρησφύγετον.
868 2300 1019 2356 Κατὰ
1069 2297 1126 2355 δὲ
1176 2321 1240 2375 γε
1290 2307 1432 2375 μῆνα
1473 2303 1565 2356 τὸν
1612 2302 1856 2374 Μάρτιον

204 2384 399 2460 ἔξεισιν
455 2390 483 2444 6
528 2387 783 2464 βασιλεὺς
835 2386 1163 2451 Βαλδουῖνος
1213 2390 1300 2444 καὶ
1359 2391 1389 2444 6
1452 2389 1630 2461 Πλέης
1672 2389 1854 2463 κόμης

212 2473 499 2549 Δολόϊκος,
566 2476 654 2532 ἐπὶ
713 2476 761 2532 δ’
816 2478 1003 2539 αὐτοῖς
1062 2479 1091 2531 6
1149 2475 1278 2548 δοὺξ
1337 2478 1583 2541 Βενετίας
1637 2479 1856 2554 Ἐρίκος

213 2564 541 2634 Δάνδουλος,
584 2564 719 2638 μετὰ
763 2570 871 2621 τῶν
923 2565 1135 2622 οἰκείων
1179 2564 1404 2630 ἕκαστος
1433 2568 1655 2637 τάξεων.
1689 2566 1859 2641 Ἀμέ-

212 2657 297 2713 λει
344 2655 435 2711 καὶ
482 2653 875 2733 κατειληφότες
926 2656 1025 2725 τήν
1080 2652 1387 2728 ’Δδριανοῦ,
1445 2657 1535 2710 καὶ
1599 2654 1858 2731 βαλόντες

212 2744 385 2801 ἐκεῑσέ
440 2765 516 2814 πη
576 2746 902 2820 στρατήγιον
963 2745 1051 2818 [Ρ.
1100 2747 1225 2819 396]
1283 2743 1338 2807 ἐς
1394 2745 1519 2800 ’ὀσον
1591 2747 1668 2819 μὴ
1730 2746 1859 2801 εἶναι

217 2832 412 2909 βέλους
470 2832 638 2902 ἐντὸς,
676 2838 746 2907 τῇ
808 2832 1061 2908 ὑστεραίᾳ
1129 2834 1225 2896 τὰς
1276 2831 1533 2906 δυνᾶμεις
1580 2841 1862 2911 προσῆγον

209 2928 293 2997 τῷ
348 2922 523 2998 τείχει
579 2923 669 2978 καὶ
721 2920 889 2977 ’ίστων
946 2923 1041 2985 τὰς
1106 2923 1383 2997 μηχανάς.
1440 2925 1563 2980 Τῶν
1620 2921 1666 2978 δ’
1712 2923 1863 2987 ἐντὸς

212 3012 571 3087 ἀμυνομένων
617 3011 927 3086 εὐρώστως,
982 3008 1134 3066 οὐδέν
1183 3033 1236 3068 τι
1287 3011 1456 3068 πλέον
1507 3012 1589 3088 ἐφ’
1627 3013 1862 3089 ἡμέραις

212 3101 494 3176 ἐπέραινον
553 3100 768 3157 πλείοσι
823 3104 919 3156 τοῦ
980 3099 1279 3176 βάλλεσθαι
1348 3101 1438 3157 καὶ
1500 3101 1723 3177 βάλλειν
1776 3100 1865 3157 διὰ

1966 2213 2124 2268 tione
2155 2212 2413 2267 hostium
2456 2209 2702 2267 consilia
2758 2212 2815 2264 et
2873 2206 3181 2262 militarem
3243 2204 3615 2276 disciplinam

1967 2300 2311 2371 exploraret.
2349 2299 2410 2354 lli
2441 2315 2578 2355 vero
2637 2298 2709 2354 ad
2762 2297 3016 2368 primum
3077 2294 3425 2364 Scytharum
3478 2310 3620 2349 con-

1967 2394 2235 2463 spectum
2270 2388 2487 2445 furioso
2547 2387 2801 2460 quodam
2856 2385 3062 2440 ardore
3103 2383 3399 2449 concitati,
3430 2382 3620 2439 hastis

1967 2478 2217 2551 arreptis
2237 2482 2294 2533 et
2323 2476 2491 2549 equis
2511 2473 2869 2544 conscensis,
2901 2472 3149 2545 Scythas
3170 2472 3477 2538 invadunt,
3509 2470 3613 2542 qui

1970 2575 2152 2648 tergis
2182 2575 2441 2631 obversis
2471 2572 2836 2630 continenter
2866 2570 3123 2642 fugiunt,
3155 2574 3308 2625 retro
3367 2570 3613 2641 sagittas

1970 2664 2373 2736 conjicientes,
2431 2678 2498 2717 ac
2545 2679 2618 2717 ne
2673 2662 2757 2717 sic
2810 2659 3046 2732 quidem
3097 2660 3235 2730 fuga
3261 2660 3610 2730 interrupta.

1972 2754 2061 2809 Illi
2094 2769 2226 2809 vero
2257 2751 2469 2808 acriter
2495 2753 2950 2821 persequuntur,
2985 2748 3251 2819 quamvis
3299 2746 3443 2802 nihil
3475 2763 3612 2819 pro-

1974 2843 2232 2909 ﬁcerent,
2266 2856 2413 2913 pene
2439 2838 2772 2896 volucribus
2828 2837 2902 2893 ob
2932 2836 3115 2893 levem
3141 2840 3499 2893 armaturam
3526 2835 3616 2893 vi-

1975 2932 2057 2988 ris
2089 2930 2385 2987 instando.
2418 2928 2482 2984 Et
2537 2927 2633 2983 hic
2689 2927 2819 2998 ejus
2875 2924 2987 2982 diei
3047 2926 3156 2982 fuit
3200 2925 3412 2982 exitus.
3443 2929 3522 2979 Ex
3550 2940 3618 2981 eo

1974 3021 2231 3077 Joannes
2249 3035 2381 3075 cum
2408 3018 2561 3074 818
2579 3016 2703 3072 suis
2734 3015 2917 3088 copiis
2947 3014 3256 3086 angustias
3312 3023 3367 3070 et
3425 3015 3625 3070 fauces

1982 3110 2162 3177 subit,
2195 3111 2407 3180 etpost
2431 3107 2578 3163 altos
2602 3104 2781 3161 coltes
2802 3105 3114 3170 delitescit,
3146 3104 3208 3159 in
3234 3103 3297 3160 id
3343 3104 3629 3174 intentus,

213 3161 323 3260 τήν.
372 3194 482 3245 τῶν
537 3193 742 3265 τειχῶν
793 3161 1127 3266 ἒχυρότητα.
1183 3161 1394 3247 ὸύκοῢν
1441 3161 1510 3245 rei.
1561 3190 1733 3267 βάθρα
1760 3195 1867 3246 τῶν

1989 3216 2057 3257 ne
2086 3216 2254 3255 suam
2288 3196 2659 3269 praesentiam
2690 3197 2929 3251 nossent
2983 3192 3205 3250 hostes.
3239 3196 3307 3248 Et
3364 3208 3577 3249 rursus
3605 3207 3638 3248 e

212 3282 420 3353 τειχῶν
478 3276 875 3354 ἂινεμόχλευον,
925 3277 1139 3356 ἀφανῶς
1186 3277 1542 3333 ὑποσαλεύειν
1595 3280 1663 3335 τὰ
1710 3278 1870 3355 τείχη

216 3369 577 3443 πειρώμενοι,
624 3366 680 3430 ἐς
730 3363 817 3423 ὅτι
867 3370 1130 3441 μήκιστον
1189 3367 1628 3442 ὓπονομεύοντες
1661 3369 1751 3424 καὶ
1781 3370 1874 3424 τὸν

217 3463 361 3534 χοῦν
426 3455 747 3527 λεληθότως
811 3455 1164 3532 ἀναφέροντες
1230 3458 1318 3512 καὶ
1393 3456 1764 3532 ὑπερείσματα
1818 3457 1879 3512 ὲκ

221 3544 402 3619 ξύλων
497 3547 821 3620 εύπρήστων
917 3552 1036 3607 ταῖς
1097 3545 1323 3621 όρυγαῖς
1399 3545 1721 3624 ἐφιστῶντες
1785 3547 1878 3602 καὶ

217 3633 559 3712 πολυχειρίᾳ
613 3634 678 3689 τὸ
732 3628 892 3711 ἔργον
943 3632 1214 3697 ἀνύοντες.
1257 3636 1430 3691 Ἦσαν
1470 3632 1531 3690 δὲ
1593 3636 1682 3691 καὶ
1734 3636 1879 3690 Ῥω-

224 3730 386 3799 μαῖοι
443 3725 581 3799 πρὸς
637 3727 805 3779 ταῦτα
861 3722 1291 3802 διατεχνώμενοι
1339 3725 1410 3781 τὰ
1464 3728 1534 3798 τῇ
1578 3724 1738 3781 πόλει
1772 3746 1877 3781 σωο

216 3816 411 3888 τήρια.
469 3811 622 3870 Ἀλλ’
680 3809 832 3868 οὔπω
889 3813 1084 3891 συχνοὶ
1132 3812 1509 3889 παρίππευσαν
1560 3812 1740 3885 ἣλιοι,
1791 3824 1883 3880 καὶ

227 3909 429 3979 μοῖραν
487 3900 696 3979 διαφεὶς
753 3903 781 3956 6
836 3903 1098 3973 Ἰωάννης
1158 3905 1421 3959 Σκυθικοῦ
1480 3904 1883 3979 στρατεύματος

222 3997 347 4054 τοῖς
382 3992 546 4060 ζώοις
586 3997 685 4060 τῆς
717 3986 931 4059 διαίτης
977 3990 1068 4045 καὶ
1115 3995 1232 4055 τοῖς
1270 3991 1551 4066 ὀχήμασιν
1582 3990 1885 4047 ἐντέλλεται

226 4075 586 4158 προσϐαλεῖν,
639 4082 673 4135 ἅ
719 4082 844 4155 περὶ
888 4081 951 4136 τὸ
996 4079 1358 4157 στρατόπεδον
1408 4086 1516 4137 τῶν
1550 4082 1791 4138 Λατίνων
1819 4083 1887 4138 τὰ

228 4170 437 4251 χλωρᾶ
463 4177 563 4240 τῆς
611 4168 751 4240 ὕλης
804 4166 1117 4244 έδρέποντο,
1169 4167 1257 4224 διὰ
1312 4172 1409 4225 τοῦ
1461 4167 1884 4244 μεθοδεύματος⁶

228 4265 441 4332 γνῶναι
474 4259 817 4334 βουλόμενος
848 4259 1014 4313 ὁποῖα
1063 4258 1131 4314 τὰ
1177 4262 1286 4315 τῶν
1317 4257 1600 4332 πολεμίων
1635 4258 1738 4314 εἶσὶ
1770 4256 1888 4314 δια-

231 4347 439 4407 ϐούλια
465 4350 555 4404 καὶ
588 4348 738 4411 ὅπως
797 4347 893 4412 τὰς
945 4348 1025 4411 είς
1075 4347 1324 4422 πόλεμον
1359 4347 1596 4412 ἐκτάσεις
1625 4349 1889 4415 τιθέασιν.

229 4444 303 4503 Oi
355 4438 412 4497 δὲ
467 4443 558 4495 καὶ
616 4442 753 4514 πρὸς
807 4442 908 4510 τήν
962 4441 1187 4514 πρώτην
1240 4444 1346 4496 τῶν
1398 4441 1620 4495 Σκυθῶν
1652 4440 1771 4496 θέαν
1805 4439 1893 4495 έν-

232 4527 577 4592 θουσιώδους
632 4528 969 4600 πλησθέντες
1015 4529 1341 4603 ὁρμήματος
1370 4529 1506 4604 πρὸς
1548 4534 1670 4591 τοῖς
1696 4527 1890 4594 ’ίπποις

229 4618 326 4676 καὶ
357 4621 473 4679 τοῖς
505 4614 693 4693 δόρασι
726 4618 991 4693 γίνονται.
1044 4616 1142 4671 Καὶ
1196 4617 1247 4671 οἱ
1305 4616 1400 4690 μὶν
1439 4617 1537 4686 τῆς
1566 4613 1653 4671 ἐπὶ
1687 4618 1898 4682 Σκύθας

1979 3287 2248 3360 Scythica
2280 3284 2568 3357 phalange
2614 3282 2710 3339 cui
2766 3282 2945 3339 Cozas
2974 3286 3238 3354 praeerat,
3300 3281 3637 3354 complures

1981 3377 2040 3433 in
2072 3381 2263 3432 castra
2317 3374 2655 3430 Latinorum
2715 3372 2916 3438 mittit,
2975 3371 3248 3428 hortatus
3297 3376 3360 3427 ut
3417 3371 3640 3441 priores

1983 3464 2361 3520 imitarentur
2416 3462 2736 3532 eademque
2790 3460 2885 3515 via
2942 3464 3388 3518 reverterentur.
3422 3458 3636 3527 Latini,

1981 3552 2212 3627 Scythis
2241 3553 2432 3609 denuo
2460 3550 2627 3616 visis,
2658 3567 2864 3607 rursus
2891 3550 3233 3607 festinanter
3271 3548 3477 3604 armati
3510 3564 3639 3605 ma-

1976 3643 2095 3717 jori
2117 3659 2295 3715 quam
2318 3642 2542 3697 dudum
2566 3639 2939 3696 contentione
2960 3640 3159 3695 hastas
3188 3640 3248 3694 in
3278 3654 3376 3693 eos
3406 3637 3639 3693 vibrant

1986 3737 2043 3790 et
2067 3746 2303 3789 cursum
2328 3729 2661 3786 intendunt.
2691 3729 2801 3784 Sed
2849 3744 2982 3783 cum
3007 3727 3236 3799 Scythae
3272 3726 3438 3781 facile
3482 3731 3617 3780 ante

1984 3824 2298 3886 verterent,
2334 3823 2397 3874 ut
2453 3822 2510 3873 et
2560 3816 2761 3873 leviter
2811 3815 3020 3871 armati
3077 3819 3134 3870 et
3185 3811 3641 3884 expeditioribus

1989 3911 2161 3983 equis
2183 3908 2530 3972 insidentes,
2562 3921 2629 3962 ac
2651 3904 2841 3960 nullas
2863 3906 2982 3960 fere
3004 3902 3250 3975 sagittas
3290 3905 3442 3956 retro
3471 3900 3640 3957 emit-

1992 4003 2225 4066 tentes;
2258 3995 2450 4052 Latini
2476 4010 2578 4065 per
2607 3992 3067 4064 imprudentiam
3118 3989 3453 4062 longissime
3510 4004 3642 4061 pro-

1988 4088 2137 4144 vecti
2170 4086 2229 4141 in
2259 4101 2328 4141 ea
2358 4084 2503 4146 loca,
2551 4081 2611 4137 In
2642 4080 2860 4153 quibus
2889 4078 3086 4150 laquei
3113 4083 3170 4134 et
3210 4077 3436 4133 insidia:
3455 4081 3641 4148 erant,

1993 4182 2051 4234 et
2080 4177 2139 4231 in
2172 4176 2436 4230 recentes
2491 4170 2791 4242 Scythicas
2848 4168 3115 4225 cohortes
3169 4167 3528 4236 inciderunt,
3585 4169 3645 4222 et

1994 4264 2187 4337 ipsiet
2205 4261 2477 4332 equijam
2530 4257 2899 4314 contentione
2920 4256 3148 4312 itineris
3190 4255 3365 4328 plane
3393 4254 3643 4327 fatigati,

1995 4359 2054 4410 et
2087 4353 2146 4407 in
2180 4350 2368 4407 medio
2405 4347 2753 4421 Scytharum
2784 4344 3163 4401 circumventi
3192 4349 3353 4400 sunt.
3387 4346 3646 4409 Quorum

2000 4437 2399 4505 multitudine,
2434 4454 2568 4493 cum
2627 4435 2699 4491 ad
2761 4450 2970 4490 manus
3026 4437 3262 4490 ventum
3321 4440 3489 4499 esset,
3542 4448 3649 4504 op-

2008 4530 2194 4604 pressi
2214 4528 2381 4600 equis
2404 4525 2814 4594 deturbantur,
2848 4522 3050 4578 multis
3073 4521 3337 4594 singulos
3370 4522 3653 4578 invaden-

2008 4621 2169 4678 tihus
2198 4636 2212 4687 ;
2244 4623 2301 4674 et
2330 4618 2488 4673 duras
2517 4614 2757 4673 cervicis
2789 4613 3057 4670 homines
3083 4612 3259 4670 falces
3308 4617 3366 4670 et
3412 4613 3655 4684 laqueos

1586 4717 1780 4787 Hier.
1816 4719 2069 4789 Wolfii
2102 4721 2319 4786 notae.

312 4831 548 4905 (71)Ὠς
592 4828 636 4886 δ’
674 4831 949 4902 ἀπήντων.
996 4831 1348 4905 Hiceadem
1390 4833 1643 4905 recurrit
1686 4833 1901 4905 obscu-

238 4899 418 4975 ritas:
458 4906 737 4961 Vetusius
775 4899 1006 4960 habet:
1059 4903 1126 4959 Ol.
1174 4904 1439 4975 Ῥωμαῖοι
1472 4899 1529 4956 ὃὶ
1575 4936 1645 4944 -
1684 4904 1900 4968 τούτοις

240 4973 682 5047 συμπλέκονται.
728 4977 886 5032 Hanc
931 4973 1296 5032 sententiam
1339 4976 1401 5030 in
1442 4976 1723 5032 vertendo
1770 4994 1900 5033 sum

240 5054 513 5106 secutus.

308 5121 432 5199 $72)
481 5115 693 5199 (Prin-‘8’
744 5116 955 5199 é'l_)twv.
986 5118 1095 5199 .'H_
1136 5113 1194 5199 δὲ
1252 5114 1421 5199 λοὶπῇ
1439 5114 1514 5199 ,ἐς
1546 5116 1645 5185 τὴν
1675 5115 1901 5199 Ἀδρια-

240 5186 341 5265 vo?)
371 5186 518 5264 παρά
546 5187 720 5265 πόδας
744 5190 923 5258 ἶοῦσα,
983 5187 1154 5265 έκεξσέ
1195 5210 1272 5265 πη
1326 5186 1524 5265 βάλλει
1553 5186 1900 5265 στρατη-ξιον,

241 5262 339 5317 καὶ
365 5259 625 5334 ,ταυτησί
659 5265 933 5334 πειρᾶταιΔ
966 5259 1103 5334 κατὰ
1156 5259 1359 5333 κράτος
1391 5260 1557 5334 ἑλεῖν.
1590 5259 1751 5316 Ἀλλ’
1775 5259 1899 5317 ἐπεὶ

242 5331 521 5421 ἀπείρηκα
544 5331 670 5421 ἐτᾶς
724 5331 867 5421 τῶν-
889 5331 1111 5421 clusis»;
1172 5331 1454 5421 συμφορᾲς
1509 5334 1898 5421 συχγραφόμε-

242 5354 521 5407 απειρηκα
576 5354 670 5395 τας
724 5354 832 5387 των
889 5354 1104 5386 οικειων
1172 5354 1454 5409 συμφοοας
1509 5354 1791 5421 συχγραφο
1844 5354 1898 5388 ε·

242 5424 364 5475 νος,
399 5402 507 5477 ἤδη
542 5401 599 5459 δὲ
655 5404 745 5459 καὶ
801 5409 900 5477 τῆς
959 5401 1035 5464 εἷς
1087 5398 1162 5456 ξω
1197 5381 1558 5477 ’μεταξάσεως
1588 5423 1725 5464 απας
1752 5354 1899 5477 γεο-

295 5473 357 5550 α-ιν
413 5473 637 5531 ἐνταῦθα
687 5479 788 5550 τοῖ’)
844 5474 1034 5550 λέγειν⁸
1102 5473 1329 5548 σχάσας,
1387 5479 1488 5550 τοῦ
1552 5480 1660 5550 τῶν
1719 5473 1899 5531 κακῶν

295 5498 352 5531 αι
413 5498 637 5531 ενταυυα
690 5498 788 5530 του
846 5498 1025 5550 Λεγειν
1102 5498 1329 5548 σχασας,
1387 5498 1488 5528 του
1552 5498 1660 5531 των
1719 5498 1899 5531 κακῶν

244 5498 479 5623 ί-Ιλίγγου
522 5547 890 5623 πεπαύσομαι.
942 5547 1220 5623 Reliquus
1245 5549 1516 5623 efrercitus
1545 5549 1903 5623 Adrianopo-

248 5617 519 5678 lim'fecla
558 5617 889 5677 contendens
917 5624 1100 5675 castra
1140 5617 1222 5673 ibi
1268 5620 1431 5687 locat,
1464 5636 1691 5692 eamque
1717 5622 1776 5677 vi
1795 5617 1901 5677 2x-

576 5740 834 5800 Paraon.
883 5736 991 5798 Gn.
1039 5734 1355 5796 CXXXIX.

2006 4850 2263 4906 pugnare
2284 4828 2685 4906 instituit._Sed
2725 4827 2860 4899 quia
2905 4834 3211 4906 nostrorum
3251 4827 3658 4906 calamitatibus

2003 4899 2371 4962 describendis
2391 4918 2510 4957 sum
2539 4902 2798 4969 defessus,
2821 4906 2873 4954 et
2892 4916 3039 4955 nunc
3059 4899 3332 4955 Orientali
3358 4900 3656 4967 profectio-

2002 4995 2071 5033 ne
2103 4985 2247 5032 totus
2273 4990 2533 5045 aucupor,
2554 4973 2719 5045 ﬁnita
2738 4972 2825 5045 hic
2853 4973 3105 5045 oratigne
3134 4971 3509 5045 calamitatuni
3539 4984 3655 5020 ver-

2007 5051 2237 5119 tiginem
2279 5039 2568 5119 depénagn.
2632 5042 2750 5096 Hoc
2807 5042 2936 5119 lotio
2993 5040 3364 5119 Byzantinus
3401 5039 3586 5119 cede):
3617 5054 3652 5119 ει

2005 5107 2227 5177 Ιὸειῐιῐιθ
2272 5107 2685 5172 Dérnschwam
2728 5113 2969 5167 nomine
3024 5107 3086 5165 Β.
3130 5110 3369 5164 Antonii
3409 5107 3653 5179 Fuggeri

2008 5190 2169 5262 Cpoli
2194 5195 2427 5262 emptus
2446 5184 2747 5262 abrumpit
2768 5183 3099 5262 historiam,
3116 5180 3412 5262 etlibrarii
3433 5195 3653 5234 nomen

2011 5250 2324 5332 subjicitur
2366 5259 2459 5312 his
2514 5250 2762 5332 ve_rbis_:_
2806 5250 3130 5332 'Etslterdign
3228 5253 3471 5332 παροῦσα
3518 5268 3658 5332 χροῒ

2008 5320 2138 5404 νικῆ
2204 5324 2401 5404 βίϐλῼς
2460 5325 2652 5404 κνρίου
2708 5324 3099 5404 Natta“?
3154 5320 3488 5404 Χωνεὶέΰοὲ).
3523 5320 3659 5404 ’ἐέαθ

2012 5389 2147 5476 έμοῧ
2198 5389 2298 5476 τῷ
2347 5389 2643 5470 ἐλαχίστου
2675 5392 2758 5476 ,έν
2829 5389 3270 5476 ἱέροξιακόνριςι
3299 5389 3661 5476 Ἀλεξᾶνὸρόυ

2007 5463 2107 5546 τοῦ
2141 5469 2401 5546 μεγάλου.
2444 5463 2896 5546 χαρτοφύλακοςζ
2914 5470 3018 5546 τῆς
3063 5464 3197 5546 frob;
3228 5463 3665 5546 Χριστῷ-μελία-

2011 5535 2491 5616 ληςᾜκκλη-σίας,
2525 5535 2604 5616 ’ἐν
2636 5535 2773 5593 ’ἓτει
2829 5540 2909 5609 τῷ
2967 5537 3073 5614 ζξγ¹
3131 5539 3210 5610 τῷ
3266 5535 3393 5611 μηνὶ
3444 5535 3670 5610 Μαρτίῳ

2011 5607 2301 5692 ἱσταμένου
2331 5607 2516 5686 ἡμέρᾳ
2545 5607 2613 5665 δ“.

3272 5730 3351 5791 32
