4032 6216
438 292 591 350 1003

1768 285 1826 344 Ν
1833 283 2089 344 ΙΟΕΊίΕ
2131 281 2552 344 CHONIA'I‘M

3667 275 3895 340 iODf'

431 425 490 479 in
515 422 665 478 colla
684 419 994 492 recipiunt,
1025 417 1158 490 equi
1182 416 1550 474 occiduntur.
1579 417 1881 488 Tanquam
1915 416 2070 470 enim

2188 415 2320 470 κατὰ
2348 413 2550 488 κράτος
2592 409 2834 490 εἴχοντο,
2892 409 2946 464 οἱ
3003 405 3061 464 δὶ
3111 408 3180 464 τὰ
3235 411 3384 464 νῶτα
3437 402 3842 481 μεταϐαλόντες

429 517 556 569 atra
585 515 642 567 et
671 515 954 583 perpetua
984 508 1194 576 nubes,
1255 508 1333 562 ita
1387 506 1608 577 Scytha:
1667 505 1983 571 irruebant,
2017 510 2082 560 ut

431 616 624 672 neque
653 597 944 670 explicare
973 611 1102 652 sese
1127 611 1316 666 neque
1365 593 1642 666 dilfugere
1691 599 1951 666 possent.
1984 594 2079 650 Ce-

431 689 701 746 ciderunt
721 687 878 743 814
909 685 1088 758 igitur
1115 700 1319 740 omnes
1377 683 1683 740 lectissimi
1743 683 2077 738 Latinorum

433 778 660 850 equites
681 775 940 832 ethastis
963 773 1262 830 vibrandis
1285 771 1565 828 celebres.
1597 771 1765 828 Cadit
1823 776 1882 828 et
1935 771 2079 827 Plem

433 881 628 922 comes
660 864 954 920 Doloicus.
988 861 1304 918 Balduinus
1361 876 1495 917 vero
1554 861 1782 932 capitur
1811 865 1868 914 et
1916 859 2080 915 vivus

407 954 495 1018 in
529 955 772 1026 Mysiam
805 952 1356 1021 abducitur;atque
1395 948 1530 1004 inde
1583 948 1913 1004 Ternobum
1949 964 2080 1018 per-

433 1045 647 1098 ductus
669 1040 800 1098 etin
823 1055 1113 1096 carcerem
1139 1040 1462 1109 conjectus,
1495 1035 1746 1092 vinculis
1791 1051 1974 1107 usque
2005 1036 2080 1092 ad

434 1131 646 1189 collum
675 1133 970 1186 oneratur.
1000 1126 1329 1198 Principale
1357 1141 1493 1182 vero
1537 1129 1594 1180 et
1623 1125 2079 1181 callidissimum

433 1220 660 1276 malum
691 1224 750 1275 et
778 1217 1040 1276 omnium
1086 1217 1482 1272 Romanorum
1536 1212 1794 1269 cladium
1854 1213 2082 1286 primus

434 1307 924 1376 auotor,Veneti:s
947 1307 1062 1361 dux
1081 1305 1408 1370 Dandulus,
1438 1305 1537 1374 qui
1600 1313 1923 1360 extremum
1981 1319 2082 1374 ag-

439 1416 571 1455 men
593 1397 923 1466 claudebat,
956 1395 1121 1451 clade
1149 1393 1435 1449 exercitus
1456 1409 1524 1448 ex
1555 1391 1916 1464 lugientibus
1975 1409 2080 1448 co-

437 1487 602 1561 gnita
622 1486 822 1543 statim
846 1483 1139 1540 conversis
1164 1481 1342 1538 {renis
1361 1481 1422 1537 in
1445 1486 1637 1538 castra
1684 1485 1994 1553 properat;
2025 1484 2084 1537 et

437 1585 501 1632 ut
525 1593 637 1632 nox
659 1574 992 1647 supervenit
1036 1573 1191 1641 (nam
1217 1569 1484 1643 praalium
1527 1570 1636 1625 sub
1665 1586 1961 1641 vesperam
1995 1574 2085 1627 est

439 1663 870 1734 commissum),
893 1661 1120 1718 lumina
1138 1660 1198 1716 in
1219 1659 1471 1715 tentoria
1499 1658 1701 1714 inferri
1723 1663 1779 1714 et
1799 1659 2084 1729 plurimas

2189 501 2439 558 συντόνου
2507 497 2754 575 δρασμου
2827 497 3094 568 ἥπτοντο,
3153 495 3207 559 ές
3262 495 3508 552 τούπίσω
3563 496 3631 550 τὰ
3693 495 3838 570 βέλη

2185 594 2498 664 πέμποντες
2530 588 2620 644 καὶ
2681 585 2812 662 μηδ’
2864 587 3009 643 οὓτω
3031 589 3154 641 ’τοῦ
3193 583 3410 663 φεύγειν
3440 583 3844 660 προτροπάδην

2188 676 2597 752 έπιλαθόμενοι·
2651 676 2704 732 οἱ
2763 673 2820 731 δὲ
2884 675 3159 731 ἐπέκειντο
3214 675 3306 730 καὶ
3372 675 3547 737 οὓτως
3605 673 3847 730 διώκον-

2188 792 2300 842 τες,
2339 769 2435 825 κᾶν
2487 765 2638 825 οὐδὲν
2694 769 2860 837 ἤνυον
2914 763 3228 838 πτηνώδεσι
3299 765 3391 820 καὶ
3463 765 3693 843 κούιροις
3753 763 3848 819 διὰ

2188 861 2288 930 τὴν
2322 857 2540 914 ὅπλισιν
2595 853 2846 934 ἀνδράσιν
2907 856 3254 934 ἐφεπόμενοι.
3312 855 3416 912 Καὶ
3459 859 3711 910 τοιοῦτον
3750 856 3848 925 μὶν

2188 949 2354 1024 πέρας
2405 948 2472 1003 τὰ
2527 954 2628 1018 τῆς
2682 947 2799 1012 τόθ’
2846 946 3056 1020 ἡμέρας
3102 943 3418 1019 εἰλήφεσαν·
3457 942 3518 999 ἐκ
3547 941 3606 998 δὲ
3642 943 3846 998 τούτου

2189 1039 2446 1108 Ἰωάννης
2506 1037 2600 1110 μὶν
2657 1037 2722 1092 τὸ
2779 1035 2978 1092 οἰκεῖον
3037 1035 3348 1110 στράτευμα
3394 1031 3542 1110 ἔχων
3595 1033 3843 1088 αὐλῶσιν

2188 1125 2421 1203 ένελόχα
2449 1127 2538 1182 καὶ
2569 1124 2846 1204 φάραγγας
2899 1121 3163 1180 ὑπεδύετο
3211 1124 3305 1178 καὶ
3345 1123 3539 1184 τόποις
3591 1121 3850 1197 ἐπῃρμέ-

2188 1237 2303 1280 νοις
2337 1217 2412 1279 εἰς
2445 1213 2668 1294 γήλοφα
2695 1211 3014 1290 παρεδύετο,
3050 1209 3183 1288 μηδ’
3243 1213 3291 1268 εἰ
3337 1213 3590 1288 πάρεστιν
3647 1210 3845 1268 εἳδὲναε

2190 1303 2434 1362 σπεύδων
2467 1304 2595 1368 τούς
2643 1304 3084 1365 ἀντιπίπτοντας·
3118 1303 3178 1358 ἐκ
3210 1300 3268 1357 δὶ
3292 1310 3394 1372 τῆς
3439 1300 3710 1367 Σκυθίδος
3743 1303 3848 1377 φά-

2191 1396 2398 1473 λαγγος
2425 1397 2492 1464 ἧς
2521 1395 2550 1449 ὁ
2583 1399 2794 1464 Κοτζᾶς
2825 1394 3174 1470 ἡγεμόνευεν,
3214 1389 3282 1447 αὖ
3329 1391 3494 1447 πάλιν
3527 1389 3845 1447 ἐπελαύνειν

2187 1489 2267 1558 τῷ
2306 1480 2656 1559 στρατοπέδῳ
2703 1486 2815 1538 τῶν
2863 1480 3112 1538 Λατίνων
3169 1478 3404 1555 διαφῆκε
3454 1483 3726 1556 συχνοὺς,
3757 1482 3850 1536 καὶ

2187 1571 2357 1629 ταύτᾶ
2385 1575 2502 1636 τὸἶς
2531 1572 2795 1648 πρότερον
2841 1568 2970 1642 δρᾷν
3020 1568 3377 1645 έγκελεύεται,
3419 1570 3683 1642 κάκείνης
3723 1569 3850 1645 ἔχε-

2190 1661 2310 1717 σθάι
2363 1668 2465 1732 τῆς
2513 1659 2735 1736 πορείας
2793 1658 3293 1737 ἑπαναστρέφοντας
3337 1662 3404 1729 ἧς
3451 1659 3542 1714 καὶ
3574 1659 3845 1733 πρότερον

435 1769 612 1825 pyras
635 1751 866 1807 incendi
890 1750 1144 1822 jubet,ut
1157 1748 1403 1804 Romani
1427 1752 1699 1819 putarent
1719 1764 1834 1803 non
1849 1763 2081 1804 omnem

525 1856 532 1857 ,
617 1841 647 1857 ..
1242 1851 1493 1857 __A____
1556 1837 1862 1857 J_._-_.__-
1922 1836 2076 1857 [πε---

2192 1749 2432 1826 εῗχοντο.
2465 1751 2533 1808 Οἱ
2564 1747 2623 1805 δὲ
2651 1750 2725 1811 ὡς
2763 1747 2891 1812 τοὺς
2942 1749 3153 1814 Σκύθας
3185 1749 3339 1813 αὗθις
3367 1748 3676 1818 θεάσαιντο,
3709 1749 3847 1823 πρὸς

2341 1837 2396 1857 ε..
2558 1839 2573 1857 ι
2670 1839 2684 1857 ,
2735 1839 2747 1857 .
2926 1837 2968 1857 ,κ
3138 1849 3158 1857 -
3243 1836 3264 1857 ς
3354 1839 3366 1856 ι
3651 1839 3669 1857 ε
3720 1839 3734 1856 ο
3789 1841 3804 1857 ς

439 1841 757 1896 exercitum
777 1839 1018 1912 periisse
1037 1845 1136 1893 aut
1155 1853 1214 1894 se
1240 1851 1499 1908 pugnam
1551 1837 1888 1894 detrectare.
1921 1836 2081 1893 Circa

2195 1837 2438 1910 σπουδὴν
2485 1839 2574 1896 καὶ
2627 1839 2819 1894 αὐτίκα
2867 1837 3016 1914 μάλα
3062 1836 3531 1913 καθοπλισάμενοι
3575 1839 3670 1893 καὶ
3714 1839 3849 1914 ὑπὲρ

439 1930 690 2002 primam
709 1929 897 1985 noctis
912 1925 1158 2000 vigiliam
1175 1927 1530 1982 maritimam
1548 1925 1912 1981 wadestum
1945 1941 2080 1982 cum

438 2019 637 2076 Errico
659 2017 926 2074 Balduini
954 2018 1152 2084 fratre,
1188 2016 1357 2072 modo
1399 2015 1760 2087 Adramyttio
1786 2031 1918 2070 cum
1949 2017 2084 2070 Tro-

427 2109 590 2182 janis
619 2108 911 2164 Armeniis
933 2121 1185 2171 reverso,
1219 2105 1318 2177 qui
1337 2105 1445 2160 sub
1467 2121 1534 2160 eo
1554 2105 1909 2176 militabant,
1941 2121 2079 2162 con-

2189 1930 2289 1999 τήν
2320 1927 2549 2008 ἔναγχος
2595 1927 2882 2004 εὐρώστως
2931 1925 3228 1996 ἐπέκειντο,
3261 1927 3329 1982 τὰ
3357 1923 3557 2003 δόρατα
3585 1928 3848 2000 σείοντες,

2188 2018 2317 2074 κάπὶ
2349 2017 2413 2073 τὸ
2446 2015 2658 2091 μᾶλλον
2689 2017 2784 2072 τὸν
2821 2014 3028 2092 δρόμον
3059 2014 3354 2074 ἐπέτεινον.
3394 2017 3486 2079 Ὠς
3517 2014 3575 2071 δὲ
3601 2017 3668 2072 τὸ
3703 2023 3846 2072 Σκυ-

2188 2107 2337 2170 θικὸν
2365 2111 2604 2182 προῆγεν
2651 2105 2912 2176 εὐπετῶς,
2951 2105 3018 2160 τὰ
3063 2102 3251 2159 πολλὰ
3293 2101 3434 2177 μηδέ
3463 2105 3685 2174 τοξεῦον
3719 2103 3850 2158 ὄπι-

435 2215 678 2272 gressus
708 2197 1047 2270 Byzantium
1072 2195 1267 2260 rediit,
1299 2193 1597 2250 intestinis
1635 2193 1766 2264 fuga
1791 2197 1876 2250 tot
1906 2211 2075 2267 ραι-ας

2188 2197 2326 2265 σθεν,
2360 2195 2434 2256 ὡς
2470 2195 2563 2268 μὶν
2603 2194 2823 2272 κούφως
2857 2191 3205 2266 ἐσταλμένον,
3247 2193 3321 2255 ὡς
3355 2191 3413 2248 δὲ
3437 2193 3526 2248 καὶ
3559 2191 3850 2268 δρομικω-

434 2282 1294 2360 sangarumruptisetscrotoin
1341 2283 1697 2338 immensum
1736 2285 2074 2341 tumefacto.

2188 2284 2363 2357 τέροις
2384 2281 2578 2345 ’ίπποις
2609 2281 2935 2358 ὀχούμενον,
2984 2280 3174 2338 ἔλαθον
3221 2281 3297 2344 είς
3341 2281 3599 2338 πλεῖστον
3636 2282 3768 2339 δσον
3799 2285 3850 2338 et

433 2380 656 2433 Λατῖνοι
686 2373 1112 2444 έξιππασάμενοι
1141 2371 1232 2425 καὶ
1261 2374 1369 2425 τῶν
1407 2369 1634 2448 χωρίών
1693 2369 1960 2444 ἁψάμενοι
2011 2371 2234 2445 ἀμαθῶς
2289 2371 2342 2427 έν
2402 2374 2489 2434 οἷς
2537 2371 2592 2426 αἱ
2641 2373 2810 2446 πάγαι
2855 2371 2946 2427 καὶ
2997 2373 3050 2426 οἱ
3101 2369 3268 2448 λόχοι
3297 2373 3386 2426 καῖ
3417 2371 3484 2426 τὰ
3511 2369 3708 2447 ἓνεδρα
3739 2371 3849 2429 διε-

437 2465 726 2522 σκεύαστο.·
777 2458 1002 2534 Ἀμέλει
1060 2460 1151 2514 καὶ
1210 2459 1500 2519 Σκυθικοῖς
1557 2458 1766 2531 ἀκμῆσι
1821 2460 2293 2534 περιπεπτωκότες
2349 2465 2598 2535 στρατοῖς
2656 2460 2814 2516 αὐτοὶ
2843 2464 2946 2526 τῆς
2977 2459 3108 2516 ὁδοῦ
3136 2464 3205 2535 τῇ
3238 2461 3490 2532 συντονίᾳ
3520 2460 3647 2516 έκτο
3679 2464 3850 2517 ωθέν-

432 2571 522 2615 τες
569 2551 660 2606 καὶ
709 2549 979 2624 λαμπρῶς
1025 2546 1136 2619 ἤδη
1187 2546 1337 2622 σφίσι
1383 2551 1494 2601 τῶν
1540 2547 1728 2602 ἳππων
1770 2546 2237 2620 ἀποκναισάντων,
2299 2548 2353 2604 ἐν
2415 2548 2565 2622 μέσῳ
2617 2544 3134 2622 ἂπολαμϐάνονταιο
3187 2550 3241 2604 οἱ
3287 2549 3387 2626 γὰρ
3435 2549 3643 2614 Σκύθαι
3685 2551 3770 2612 ὡς
3798 2550 3849 2614 ἐς

431 2638 706 2697 κύκλωσιν
739 2637 936 2700 αὐτοὺς
966 2636 1278 2712 περιῄεσαν.
1311 2636 1380 2694 Οἱ
1411 2632 1490 2706 δὲ,
1523 2635 1598 2696 ὡς
1628 2633 1680 2690 ἐν
1710 2636 1897 2715 χερσὶν
1947 2638 2014 2706 ἦν
2069 2638 2098 2693 ὁ
2146 2637 2316 2712 ἀγὼν,
2358 2642 2440 2710 τῷ
2485 2637 2689 2710 πλήθει
2735 2643 2845 2694 τῶν
2876 2643 3102 2703 Σκυθῶν
3137 2638 3458 2714 βιαζόμενοι
3488 2639 3849 2713 ἀνετρέποντο

433 2734 542 2785 τῶν
600 2728 809 2798 ἳππων,
861 2725 1089 2783 πολλῶν
1145 2723 1239 2781 ἕνα
1276 2723 1626 2801 περιιόντων,
1685 2725 1775 2780 καὶ
1835 2722 2078 2800 δράπανα
2133 2727 2226 2782 καὶ
2282 2725 2528 2806 βρόχους
2583 2724 2842 2802 ἐδέχοντο
2899 2726 3036 2782 κατᾶ
3089 2731 3195 2781 τῶν
3228 2727 3475 2802 αὐχένων
3509 2729 3564 2782 οἱ
3596 2727 3846 2804 σκληρο-

431 2816 737 2895 τράχηλοι,
786 2818 878 2872 καὶ
919 2817 982 2872 τὸ
1033 2821 1232 2890 χρῆμα
1275 2819 1383 2870 τῶν
1423 2813 1610 2869 ’ίππων
1655 2816 1979 2889 κατῃκίζετο
2033 2816 2108 2877 ὡς
2157 2817 2262 2892 γὰρ
2298 2815 2466 2889 μέλαν
2503 2816 2658 2894 νέφος
2685 2816 2775 2872 καὶ
2809 2817 3034 2892 συνεχὲς
3060 2821 3170 2871 τῶν
3201 2821 3424 2881 Σκυθῶν
3456 2816 3847 2875 ἐπεισπεπτω-

431 2909 609 2964 κότων
669 2904 794 2962 οὔτε
844 2903 1032 2960 ’ίππων
1088 2902 1396 2979 ἐξελιγμοῖς
1456 2905 1764 2978 χρήσασθαι
1822 2905 1976 2978 εἶχον
2031 2901 2157 2960 οὔτε
2212 2901 2480 2985 διαφυγάς
2530 2903 2677 2980 δρᾷν.
2728 2908 2959 2963 Ἔπεσον
3012 2903 3105 2959 οὗν
3155 2906 3354 2960 ὁπόσον
3402 2910 3501 2961 τοῦ
3545 2914 3850 2964 Λατινικώ

429 2999 522 3072 [Ρ.
582 2998 710 3069 397]
767 2995 992 3073 στίφους
1052 2991 1334 3048 ἐπέλεκτὸν
1393 2994 1484 3048 καὶ
1541 2998 1656 3056 ταῖς
1711 2999 1818 3050 τῶν
1875 2991 2117 3069 δοράτων
2177 2995 2521 3070 ἃγκοινήσεσι
2580 2997 2951 3070 περιώνυμον.
3004 2995 3194 3052 Πίπτει
3246 2993 3303 3052 δὲ
3332 2998 3616 3067 καίὁτῆς
3661 2997 3850 3070 Πλέῃς

431 3086 612 3158 κόμης
669 3083 951 3146 Δολὸϊκος.
991 3083 1056 3138 Ὀ
1115 3079 1173 3138 δὶ
1229 3078 1558 3143 Βαλδουῖνος
1619 3087 1900 3157 χειροῦται
1959 3083 2048 3138 καὶ
2113 3083 2349 3159 ζωγρίας
2411 3083 2487 3146 εἰς
2545 3086 2760 3142 Μυσίαν
2800 3083 3088 3163 ἀπάγεται,
3144 3087 3387 3150 κάκεῖθεν
3447 3085 3527 3149 εἰς
3567 3084 3849 3162 Τέρνοϐον

426 3173 708 3246 κομισθεὶς
753 3171 941 3246 εἱρκτῇ
994 3166 1355 3244 παραδίδοται
1393 3168 1481 3224 καὶ
1525 3167 1694 3242 δεσμᾶ
1730 3169 1834 3232 ἓως
1891 3170 2181 3246 τραχήλου
2237 3170 2544 3250 ὑφίσταται,
2586 3173 2662 3230 Τὸ
2703 3171 2750 3228 δ’
2789 3173 3150 3249 ἀρχαιότατον
3199 3173 3290 3229 καί
3341 3175 3848 3251 πολυτροπωτατον

424 3262 614 3332 κακὸν,
661 3262 752 3316 καὶ
809 3264 918 3314 τῶν
960 3257 1298 3314 ἇπευκταίων
1337 3259 1550 3314 πάντων
1627 3259 1926 3332 Ῥωμαίοις
1999 3263 2356 3336 πρωτουργὸν
2434 3259 2631 3331 α’ίτιον,
2708 3263 2738 3317 ὁ
2811 3270 2910 3332 τῆς
2987 3265 3238 3324 Βενετίας
3311 3261 3435 3337 δοὺε
3513 3264 3848 3335 Δάνδουλος,

426 3351 655 3411 ὕστατος
687 3347 933 3404 ἐλαύνων
973 3348 1078 3402 κάκ
1116 3351 1224 3402 τῶν
1273 3343 1530 3426 φυγάδων
1570 3349 1669 3418 τὴν
1728 3353 1824 3404 τοῦ
1881 3349 2284 3425 στρατεύματος
2324 3353 2490 3420 ἧτταν
2531 3351 2954 3424 ένωτισάμενος,
3015 3351 3076 3407 ἐκ
3127 3357 3225 3408 τοῦ
3289 3353 3484 3409 αὐτίκα
3549 3358 3850 3431 μεταστρέ-

428 3443 534 3513 ψας
587 3437 656 3493 τὰ
719 3434 922 3512 χαλινὰ
960 3434 1012 3497 ές
1049 3435 1112 3490 τὸ
1151 3432 1518 3510 στρατόπεδον
1559 3437 1802 3515 φέρεται.
1839 3437 1928 3499 Ὠς
1997 3435 2058 3493 δὲ
2111 3439 2200 3494 καὶ
2266 3439 2356 3508 νὺξ
2424 3437 2634 3509 ἐπῆλθε
2701 3441 2846 3514 (περὶ
2883 3439 2988 3516 γὰρ
3028 3438 3216 3512 δείλην
3254 3442 3282 3496 ὁ
3320 3441 3570 3516 πόλεμος
3609 3450 3850 3520 γεγονε),

428 3531 587 3604 φῶτα
651 3525 1044 3601 εἷσενέγκασθαι
1111 3530 1232 3586 ταῖς
1299 3531 1520 3596 σκηναῖς
1583 3525 1905 3596 ἐπισκήπτει
1943 3527 2034 3582 καὶ
2105 3525 2402 3590 πλείστους
2467 3527 2643 3603 αἶ’ρσιν
2691 3529 2931 3604 πυρσοὺς
3000 3529 3077 3592 είς
3138 3528 3370 3610 ἔμφασιν
3408 3536 3508 3587 τοῦ
3549 3535 3628 3606 μή
3673 3540 3848 3590 πᾶσαν

425 3611 740 3692 έκτριϐῆναι
781 3616 881 3686 τήν
943 3613 1196 3688 πρατίᾶν
1240 3611 1380 3686 μηδὲ
1435 3619 1570 3692 σφᾶς
1637 3613 2024 3671 ἀποδειλιᾶσαι
2089 3617 2182 3672 τὸν
2249 3618 2519 3690 πόλεμον.
2562 3617 2692 3692 Περὶ
2759 3616 2818 3673 δὲ
2881 3620 3107 3695 πρώτην
3171 3617 3424 3698 φυλακήν
3478 3624 3580 3692 τῆς
3656 3626 3851 3688 νυκτὸς

423 3705 654 3769 ἀναστὰς
694 3703 894 3760 ἔκεῖθεν
937 3704 1012 3766 εἷς
1049 3703 1148 3772 τὴν
1188 3703 1460 3778 παράλιον
1515 3702 1668 3760 ’ίκετο
1735 3701 2060 3773 Ῥαιδεστὸν,
2125 3705 2216 3760 καὶ
2273 3706 2547 3780 συμμίξας
2830 3712 2911 3780 τῷ
2962 3713 3062 3764 τοῦ
3123 3706 3466 3766 Βαλδουίνου
3522 3717 3846 3788 κασιγνήτῳ

429 3792 550 3868 ἄρτι
581 3792 632 3868 ἓξ
665 3792 1066 3868 ’Λτραμυττίου
1097 3791 1428 3863 ἐπανήκοντι
1462 3793 1598 3865 μετὰ
1645 3798 1752 3850 τῶν
1791 3793 1856 3848 ’ἐκ
1905 3794 2108 3869 Τροίας
2152 3795 2475 3868 Ἀρμενίων,
2511 3795 2666 3871 οἳπερ
2701 3795 2852 3869 αὐτῷ
2899 3799 3334 3872 συνεστράτευον,
3367 3797 3421 3862 ἐς
3451 3801 3517 3855 τὸ
3547 3802 3844 3872 Βυζάντιον

427 3882 761 3956 έπανέζευξε,
793 3879 1187 3959 διερῥηγμένος
1214 3882 1306 3936 τόν
1341 3884 1594 3954 στήμονα
1621 3886 1728 3936 τῶν
1763 3880 1988 3956 ἐντέρων
2019 3886 2138 3945 τοῖς
2169 3881 2408 3948 πολλοῖς
2437 3885 2813 3959 παρασάγγαις
2845 3881 2939 3950 οὕς
2969 3885 3022 3940 ἐν
3049 3890 3129 3958 τῷ
3157 3886 3374 3966 φεύγειν
3409 3884 3725 3962 διίππευσε,
3758 3892 3843 3947 καὶ

431 3969 721 4044 διῳδηκὼς
749 3969 839 4026 ἐπὶ
869 3972 1004 4046 μέγα
1031 3971 1124 4027 τὸν
1153 3967 1635 4048 κυλινδροφύλακα
1666 3968 1926 4034 θύλακον.

528 4063 679 4121 8315
717 4065 804 4119 11.
838 4063 1080 4119 Romani
1106 4079 1256 4133 vero,
1281 4065 1382 4135 qui
1429 4063 1623 4118 adhuc
1659 4064 1717 4118 in
1748 4064 1893 4118 urbe
1911 4066 2079 4118 erant

2288 4063 2372 4120 ια’.
2403 4063 2670 4135 Ῥωμαῖοι
2739 4059 2788 4118 δ’
2843 4062 2932 4120 ἐπὶ
2989 4063 3230 4133 τούτοις,
3263 4066 3382 4121 ὅσοι
3438 4073 3509 4142 τῇ
3569 4071 3862 4126 Κωνσταν-

455 4169 574 4224 prae
603 4156 762 4210 metu
792 4153 996 4210 dentes
1033 4153 1398 4224 quatiebant,
1433 4152 1751 4208 etiamnum
1799 4151 1957 4208 velut
2002 4151 2081 4207 in-

2201 4150 2352 4206 τίνου
2381 4153 2738 4226 προσέμενον,
2787 4157 2869 4224 τῷ
2921 4150 3026 4209 δέει
3075 4153 3200 4216 τοὺς
3240 4152 3463 4219 ὀδόντας
3493 4153 3860 4232 έϐάμόαινον,

453 4245 686 4298 tuentes
705 4241 1045 4298 Latinorum
1068 4245 1272 4298 contra
1287 4257 1350 4297 se
1379 4241 1613 4298 strictos
1643 4241 1870 4314 gladios
1920 4245 1976 4296 et
2006 4240 2081 4296 di-

2201 4237 2666 4314 ἔτιπροκείμενον
2725 4239 2949 4316 ἔχοντες
3014 4241 3326 4320 ὀφθαλμοῖς
3381 4247 3475 4300 τὸν
3535 4249 3676 4302 κατά
3708 4254 3860 4324 σφῶν

450 4329 775 4404 reptionem
809 4330 1096 4386 bonorum
1132 4345 1147 4397 ί
1180 4331 1398 4402 quibus
1427 4330 1603 4387 rebus
1656 4334 1791 4402 post
1830 4329 2081 4386 Balduini

2198 4327 2504 4402 έκξισισμὸν
2565 4335 2674 4384 τῶν
2736 4329 2982 4386 Λατίνων
3043 4332 3132 4386 καὶ
3205 4335 3306 4402 τὴν
3361 4331 3675 4411 διαρπαγήν
3745 4344 3854 4394 τῶν

445 4420 772 4478 discessum
797 4419 1137 4490 nullajusta
1157 4420 1384 4476 ratione
1406 4419 1608 4476 afﬂicti
1655 4423 1842 4487 erant,
1870 4419 2081 4476 mensis

2199 4419 2530 4493 προσόντων,
2577 4417 2610 4472 ἃ
2664 4419 2782 4474 κατ’
2831 4417 3022 4475 οὐδένα
3080 4418 3286 4476 δίκαιον
3339 4421 3507 4499 λόγον
3541 4425 3851 4498 ὑπέστησαν

443 4509 633 4566 Martii
666 4507 758 4564 die
787 4509 878 4577 25,
910 4507 1230 4564 indictione
1286 4510 1319 4562 8
1376 4509 1516 4564 anni
1561 4510 1726 4565 6713.
1757 4510 1869 4566 Sed
1901 4517 1956 4565 et
1981 4527 2081 4565 nos

2198 4507 2333 4579 μετᾶ
2359 4509 2460 4577 τήν
2491 4506 2552 4562 ἐκ
2605 4514 2704 4577 τῆς
2762 4507 2976 4570 πόλεως
3031 4508 3262 4585 ἄπαρσιν
3307 4510 3670 4586 Βαλδουίνου,
3705 4515 3850 4588 πέμ-

438 4598 628 4654 adhuc
661 4597 934 4670 Selybriaa
963 4596 1240 4669 inquilini
1262 4601 1552 4654 extremas
1575 4597 1771 4654 clades
1793 4604 2081 4670 exspecta-

2191 4617 2330 4668 πτην
2363 4595 2590 4674 ἄγοντος
2635 4597 2726 4652 καὶ
2769 4597 3018 4667 εἰκοστήν
3067 4603 3165 4654 τοῦ
3209 4601 3452 4674 Μαρτίου
3504 4605 3707 4675 μηνὸς,
3751 4613 3850 4674 τῆς

435 4685 670 4756 bamus,
705 4685 1082 4741 Daonitarum
1116 4685 1436 4742 vicinorum
1495 4685 1796 4742 interitum
1851 4691 2081 4742 tantum

2188 4689 2313 4742 τότε
2364 4685 2672 4762 τρεχούσης
2728 4684 2931 4762 ὀγδόης
2990 4685 3349 4761 ἷνδικτιῶνος,
3405 4697 3504 4747 τοῦ
3563 4694 3845 4771 ἑξακισχι-

435 4792 553 4834 non
592 4778 651 4835 in
683 4784 1002 4850 conspectu
1035 4778 1339 4850 habentes,
1372 4783 1429 4836 et
1450 4777 1726 4850 evestigio
1771 4793 2080 4850 percusso-

2189 4773 2419 4831 λιοστοῦ
2475 4777 2896 4832 έπτακοσιοστοῦ
2959 4779 3148 4851 τρίτου
3214 4780 3304 4834 καὶ
3373 4778 3603 4838 δεκάτου
3667 4779 3846 4848 ἔτους.

430 4881 522 4926 res
581 4868 802 4925 strictis
859 4868 1102 4925 ensibus
1156 4867 1476 4942 Selybriam
1547 4866 1967 4938 ingredientes,
2026 4876 2081 4923 et

2188 4863 2365 4920 Ἀλλὰ
2394 4866 2481 4920 καὶ
2541 4867 2704 4938 ἡμεῖς
2749 4863 2828 4920 ἔτι
2885 4871 3276 4941 παροικοῦντες
3329 4873 3398 4944 τῇ
3453 4868 3750 4948 Σηλυϐρίᾳ
3781 4878 3842 4929 τά

423 4958 734 5016 fasciculos
758 4963 991 5016 nostros
1011 4965 1066 5014 et
1092 4974 1317 5030 pannos
1341 4955 1704 5028 diripientes.
1735 4956 1816 5010 Im
1827 4958 2077 5027 peratrix

2188 4958 2289 5009 τῶν
2349 4958 2528 5009 κακῶν
2593 4952 2796 5028 ἔσχατα
2871 4955 3154 5030 εἰκάζομεν
3209 4960 3508 5034 πείσεσθαι,
3566 4965 3666 5031 τήν
3734 4969 3840 5018 τῶν

421 5048 562 5104 urbs
589 5048 654 5103 12
681 5048 772 5104 die
802 5047 1040 5121 Aprilis,
1066 5046 1436 5102 indictione7
1462 5045 1600 5100 anni
1622 5045 1766 5100 6712
1788 5061 1822 5100 a
1850 5044 2075 5100 Latinis

2188 5048 2448 5099 Δαονιτῶν
2503 5042 2774 5120 ἀναίρεσιν
2842 5042 2901 5100 ἐκ
2975 5044 3234 5121 γειτόνων
3293 5047 3455 5104 οὖσαν
3515 5051 3682 5124 μόνον
3746 5054 3841 5110 οὐκ

416 5143 586 5211 capta
615 5138 838 5194 estzl5
895 5137 988 5193 die
1041 5135 1312 5206 ejusdem
1373 5132 1676 5200 mensis,8
1732 5132 2073 5200 indictione,

2188 5131 2403 5207 ἒπὸψιον
2465 5129 2711 5209 ἔχοντες,
2778 5134 2868 5219 καὶ
2946 5135 3094 5210 παρὰ
3164 5135 3336 5200 πόδας
3395 5140 3525 5202 τοὺς
3603 5146 3836 5219 σφαγέας

418 5227 603 5284 Latini
636 5245 668 5284 a
700 5226 929 5301 Scythis
958 5225 1094 5282 victi
1127 5228 1286 5280 sunt.
1321 5223 1433 5280 Sed
1467 5223 1606 5295 quid
1641 5228 1909 5280 secutum
1943 5223 2073 5279 est?

2188 5221 2443 5296 θεώμενοι
2491 5222 2590 5290 τήν
2649 5217 2969 5298 Σηλυϐρίαν
3027 5222 3291 5290 εἰσιόντας
3339 5229 3590 5307 ξιφήρεις
3619 5217 3838 5293 καὶτὰς

415 5315 588 5374 Aliud
615 5317 912 5390 ﬂagellum
945 5313 1376 5372 atrocissimum
1409 5320 1464 5370 et
1488 5312 2067 5370 calamitosissimum

2188 5313 2336 5384 ἡμῶν
2363 5308 2664 5386 ἀγκαλίδας
2703 5311 2794 5366 καὶ
2845 5311 2912 5367 τὰ
2958 5311 3120 5390 ῥάκια
3163 5316 3624 5391 προνομεύοντας.
3668 5321 3832 5382 Δεκᾶς

413 5405 674 5462 emicuit.
708 5406 853 5463 Nam
885 5409 1142 5462 Joannes
1171 5407 1389 5478 Mysus,
1456 5403 1614 5459 idem
1667 5401 2064 5459 Romanorum

2188 5401 2276 5474 μὲν
2307 5401 2406 5456 οὗν
2457 5399 2542 5456 ἐπὶ
2605 5396 2758 5454 δυάδι
2813 5405 2910 5456 τοῦ
2963 5401 3257 5478 ’Δπριλίου
3301 5407 3480 5480 μηνὸς
3511 5407 3830 5481 ἐνειστήκει,

412 5490 602 5548 hostis
632 5499 688 5550 et
715 5495 945 5562 vindex,
1005 5494 1220 5568 oppida
1279 5491 1544 5567 Byzantio
1601 5490 1794 5546 vicina
1841 5489 2066 5546 Latinis

2188 5497 2272 5563 τῆς
2305 5485 2548 5563 ἑϐδόμης
2598 5485 2963 5561 ῗνδικτιῶνος,
3013 5495 3112 5547 τοῦ
3159 5493 3639 5570 έξακισχιλιοστοῦ
3668 5500 3825 5556 δπτα·

410 5577 725 5638 tributaria
749 5583 981 5656 Scythis
1012 5583 1341 5656 diripienda
1363 5581 1650 5640 concedit.
1709 5581 1798 5638 lbi
1849 5595 2061 5639 novum

2188 5582 2458 5638 ιοσιοστοῦ
2489 5574 2798 5634 δωδεκάτου
2825 5572 2999 5654 ἔτους,
3031 5581 3123 5639 καὶ
3166 5583 3203 5654 ἠ
3249 5583 3469 5662 βασιλὶς
3499 5585 3668 5654 πόλις
3697 5589 3824 5667 πρὸς
