4032 6216
256 334 411 393 1008

1692 341 1901 404 URBS
1942 342 2223 404 CAPTA.

3508 358 3665 420 1006

249 462 497 521 Λατίνων
546 465 896 543 κεχείρωταυ
958 472 1029 543 τῇ
1089 466 1144 525 δὲ
1199 468 1653 545 πεντεκαιδεκάτῃ
1682 475 1779 526 τοῦ
1812 471 1875 526 αὖ

1985 480 2075 545 _et
2108 478 2452 533 inusitatum
2487 480 2729 552 malum,
2761 483 2915 554 quod
2947 499 3121 540 omne
3167 485 3445 543 divinitus
3504 491 3663 546 infli-

246 560 348 610 τοῦ
410 558 599 630 μηνὸς,
652 565 753 629 τῆς
832 557 1037 637 όγδόης
1098 559 1457 632 ίνδικτιῶνος,
1518 563 1620 618 ὑπὸ
1685 566 1903 618 Σκυθῶν

248 647 472 701 Λατῖνοι
541 647 1044 725 κατηγωνίσθησαν.
1110 649 1290 708 Ἀλλά
1352 651 1475 707 τίνα
1540 652 1607 705 τὰ
1671 650 1901 731 ἐφεξῆςς

2014 573 2170 622 ctum
2204 568 2560 639 supplicium
2621 578 2877 643 superat,
2935 576 3061 629 erat
3116 589 3370 632 cernere.
3419 576 3659 636 Terram

2012 657 2573 723 eamdem,eamdem
2605 666 2837 731 gentem
2869 661 2991 717 bini
3024 664 3222 735 populi
3281 664 3656 738 infestabant,

242 735 403 811 ὲτέρα
445 738 650 831 ⁸μάστιξ
710 733 1028 795 στιλϐοῦται
1083 740 1409 815 Ῥωμαίοις,
1447 740 1774 816 βαρύστονός
1822 761 1874 795 τι

2008 745 2152 804 alias
2186 749 2438 821 utrique,
2473 749 2618 806 alias
2641 749 2880 808 alternis
2909 733 3224 810 irruentes.
3256 754 3401 811 Nam
3437 762 3491 813 et
3523 733 3657 831 Sey;

239 825 337 878 καὶ
368 824 821 905 πολυσύμφορος.
880 827 942 885 Ὀ
999 829 1100 904 γὰρ
1152 830 1332 891 Μυσὸς
1393 830 1670 901 Ἰωάννης,
1703 829 1902 905 ἐχθρὸς

238 914 359 987 ἅμα
414 914 504 970 καὶ
563 914 856 987 ἐκδικητής
916 916 1217 992 Ῥωμαίοις
1249 916 1611 994 δεικνύμενος,
1646 916 1900 975 ἐκδίδωσι

234 1008 357 1065 τοῖς
390 1004 624 1069 Σκύθαις
653 1005 727 1067 εἷς
777 1008 1064 1083 προνομὴν
1120 1007 1240 1063 ὅσαι
1295 1007 1649 1082 κωμοπόλεις
1687 1007 1765 1083 τῷ
1795 1012 1899 1065 Βυ·

240 1092 443 1166 ζαντίῳ
493 1092 800 1169 ἐγγίζουσαι
860 1116 1059 1176 φονους
1112 1100 1228 1157 τοῖς
1285 1096 1541 1160 Λατίνοις
1602 1096 1895 1177 εἰσέφερον.

242 1181 343 1239 Καὶ
374 1182 440 1252 ἦν
475 1180 606 1238 ἰδεῖν
660 1182 1011 1260 ἀλλότροπόν
1066 1206 1120 1240 τι
1174 1186 1338 1241 κακὸν
1393 1188 1481 1242 καὶ
1514 1185 1777 1257 ἀσύνηθες
1805 1185 1896 1241 καὶ

234 1274 411 1325 πᾶσαν
470 1271 766 1347 ῦπερπαῖον
818 1273 1133 1345 θεοκίνητον
1187 1272 1442 1353 μάστιγα.
1497 1276 1606 1346 Τὴν
1655 1274 1758 1351 γὰρ
1789 1273 1894 1329 αύ-

232 1360 463 1436 τῆνγῆν
522 1361 612 1416 καὶ
671 1362 733 1417 τὸ
793 1362 924 1419 αὐτὸ
983 1361 1136 1427 ἔθνος
1192 1361 1386 1439 ἐδῄουν
1442 1362 1570 1440 γένη
1604 1361 1890 1439 διττᾶ,πῇ

238 1450 338 1522 μὲν
387 1450 628 1524 ἑκάτερα,
680 1454 758 1526 πῇ
807 1450 865 1507 δὲ
919 1453 1139 1529 θάτερον
1191 1454 1336 1530 παρὰ
1387 1454 1610 1529 θάτερον
1645 1454 1890 1509 ἑπεισπί-

233 1558 460 1595 πτοντα.
505 1538 707 1595 Σκύθαι
755 1561 814 1595 τε
864 1543 969 1618 γὰρ
1005 1541 1072 1595 τὰ
1112 1540 1164 1596 ἒν
1220 1546 1379 1596 ποσίν
1410 1540 1649 1604 ἐπιόντες
1680 1539 1888 1616 ἔκειρον

228 1628 324 1682 καὶ
362 1649 513 1685 τινας
570 1633 677 1685 τῶν
728 1627 926 1686 κάλλει
979 1627 1289 1705 διαπρεπῶν
1338 1629 1716 1706 αἰχμαλώτων
1753 1631 1888 1705 μετὰ

234 1727 569 1795 μαστίγωσιν
618 1723 738 1783 τοῖς
789 1720 992 1776 ἑαυτῶν
1044 1720 1305 1785 ἒπέθυσαν
1361 1717 1615 1794 δαίμοσιν
1650 1722 1885 1796 ἀναρτή-

230 1825 441 1878 σαντες,
509 1806 601 1863 καί
686 1813 910 1865 Λατῖνοι
970 1812 1039 1883 τῇ
1104 1812 1241 1866 κατὰ
1307 1814 1456 1889 σφῶν
1530 1811 1883 1867 ἐπαναστάσει

222 1896 522 1969 Ῥωμαίων
559 1896 650 1953 καὶ
696 1901 775 1970 τῷ
820 1899 958 1974 πρὸς
1009 1901 1230 1954 Σκυθῶν
1279 1902 1585 1970 ἡττηθῆναι
1626 1897 1879 1976 διαπριό-

227 2006 385 2057 μενοι
450 1988 534 2061 [Ρ.
584 1989 711 2062 398]
774 1984 928 2043 ούδὶν
996 1982 1223 2044 ἔλαττον
1288 1988 1597 2062 Ῥωμαίους
1655 1987 1874 2063 ἐδῄουν.

221 2071 416 2139 Οὐδεὶς
445 2074 628 2131 τοίνυν
662 2076 830 2140 τόπος
864 2077 1054 2148 σώζων
1086 2078 1153 2147 ἧν
1184 2077 1274 2132 καὶ
1306 2075 1691 2152 λυτρούμενος,
1718 2077 1876 2150 ἠπεί-

229 2183 326 2240 ρου
376 2165 472 2239 μὲν
514 2169 695 2221 κακῶν
726 2165 961 2242 ἀπείρων
1002 2164 1325 2239 πληθούσης
1352 2168 1442 2223 καὶ
1471 2172 1579 2223 τῶν
1612 2165 1874 2243 ὀλεθρίων

222 2251 392 2325 οὔσης
449 2253 868 2332 ὀλεθριωτὲρας,
949 2257 1289 2331 μονοκτόρων
1356 2253 1414 2312 δὶ
1484 2261 1701 2331 σγαφῶν
1759 2248 1876 2313 καθ’

221 2341 331 2401 ἃλα
377 2343 785 2420 περιπλεόντων
844 2350 1136 2403 Λατινικοῦ
1193 2349 1590 2421 συντάγματος,
1645 2345 1876 2423 λῃστείᾳ

218 2451 279 2487 τε
327 2431 418 2487 καὶ
465 2431 746 2509 πειρατείᾳ
783 2433 1254 2497 κακῶςτιθεντων
1311 2437 1374 2491 τὸ
1431 2436 1646 2502 ὁθενοῦν
1678 2437 1871 2510 ἀναγό-

219 2544 400 2596 μενον.
429 2525 491 2583 Ὀ
524 2523 583 2580 δὶ
628 2526 885 2597 Ἰωάννης
932 2531 1051 2590 ταῖς
1104 2528 1361 2602 Θρακίαις
1416 2528 1492 2600 μὴ
1534 2523 1870 2603 ἐμϐραδύνας

215 2612 443 2671 πόλεσιν
473 2613 525 2677 ις
557 2614 959 2687 Θεσσαλονίκην
985 2616 1151 2689 ἳεται,
1192 2617 1330 2693 πρὸς
1360 2618 1421 2672 τὸ
1453 2613 1647 2672 δοκοῦν
1682 2616 1871 2691 ἐκείνῳ

214 2703 285 2759 τὰ
349 2702 522 2759 ἐκεῖσε
584 2703 1058 2779 καταστησόμενος
1114 2704 1435 2782 πράγματα,
1477 2705 1568 2761 καὶ
1615 2705 1709 2768 τὰς
1768 2707 1874 2761 πό-

218 2790 336 2853 λεις
372 2791 698 2864 ἀποστήσων
747 2797 856 2848 τῶν
905 2793 1145 2850 Λατίνων
1194 2794 1284 2851 καὶ
1345 2794 1703 2871 μεθαρμόσων
1731 2795 1869 2870 πρὸς

217 2882 427 2939 ἑαυτόν.
510 2881 719 2940 Οὖκουν
788 2881 1087 2961 ἀφιγμένος
1157 2883 1233 2947 εἷς
1302 2883 1505 2962 Σέῤῥας
1570 2884 1704 2959 μετά
1759 2888 1868 2940 τῶν

210 2970 384 3025 ἐκεῖσε
441 2971 680 3027 Λατίνων
741 2971 1071 3051 συρῥήγνυσι
1130 2969 1402 3048 πόλεμον,
1458 2974 1549 3029 καὶ
1609 2975 1724 3048 μεθ’
1783 2974 1871 3029 αὶ-

211 3059 399 3133 μάτων
431 3059 639 3134 ῥεύσεις
669 3059 884 3127 πολλὰς
938 3063 1025 3117 καὶ
1084 3063 1293 3118 τούτων
1341 3084 1467 3134 νικη
1521 3065 1622 3133 τὴς
1655 3060 1872 3119 ἀναδεί-

204 3170 417 3206 κνυται.
451 3150 519 3207 Οἱ
562 3151 663 3226 γὰρ
717 3156 938 3207 Λατῖνοι
992 3155 1073 3224 τῷ
1127 3153 1371 3223 σοετὲρῳ
1402 3173 1457 3206 τε
1486 3146 1701 3227 ἀκριϐεῖ
1730 3153 1867 3229 πρὸς

2011 836 2119 892 tbze
2143 838 2310 894 obvia
2340 854 2583 910 quaeque
2604 840 2928 912 vastabant,
2960 841 3114 898 διο
3137 847 3195 899 et
3218 843 3437 917 aliquot
3469 848 3656 903 forma

2007 925 2352 983 excellentes
2369 928 2627 999 captivos
2650 932 2782 998 post
2810 929 2995 1001 ﬂagra
3018 947 3339 1003 suspensos
3362 935 3487 990 suis
3536 936 3654 991 dae-

2006 1018 2282 1072 monibus
2312 1015 2738 1092 immolabant;
2768 1023 2825 1073 ct
2856 1019 3046 1074 Latini
3069 1021 3463 1078 Romanorum
3497 1025 3653 1079 dete-

2004 1104 2619 1178 ctioneetScytharum
2640 1106 2710 1162 de
2733 1123 2794 1162 se
2815 1107 3057 1163 victoria
3080 1108 3431 1167 inﬂammati
3470 1111 3655 1168 nihilo

2002 1194 2192 1249 secius
2223 1193 2281 1249 in
2315 1197 2545 1250 nostros
2582 1195 2730 1250 ferro
2787 1200 2844 1252 et
2902 1195 3022 1266 igni
3053 1199 3491 1269 grassabantur.
3538 1200 3653 1256 Nec

2002 1281 2158 1338 ullus
2183 1281 2347 1338 locus
2377 1291 2500 1340 erat
2555 1285 2655 1355 qui
2712 1284 2998 1341 auxilium
3057 1291 3113 1342 et
3157 1287 3410 1344 salutem
3447 1289 3654 1346 afferre

1998 1375 2356 1442 posset,cum
2386 1376 2542 1428 terra
2570 1374 2879 1429 continens
2906 1374 3078 1430 malis
3126 1375 3378 1432 inﬁnitis
3438 1379 3649 1433 redun-

1998 1460 2183 1528 daret,
2215 1461 2341 1532 ipsa
2364 1461 2616 1534 pernicie
2645 1462 3064 1534 perniciosior;
3090 1468 3147 1519 et
3195 1464 3531 1522 Latinorum
3566 1468 3652 1539 pi-

1995 1550 2186 1629 ratica;
2227 1567 2402 1607 naves
2432 1567 2591 1607 mare
2628 1556 3036 1624 pervagantes,
3068 1553 3353 1625 quidquid
3402 1570 3432 1610 e
3472 1561 3645 1627 portu

1995 1640 2382 1711 undecunque
2420 1638 2689 1709 solveret,
2730 1641 2881 1696 male
2912 1644 3249 1697 tractarent.
3291 1645 3363 1697 At
3388 1647 3646 1700 Joannes

1991 1727 2253 1784 Thraciis
2297 1728 2540 1785 urbibus
2596 1743 2714 1785 non
2781 1728 3134 1786 immoratus
3171 1730 3645 1787 Thessalonicam

1991 1821 2286 1890 properat,
2330 1822 2392 1874 ut
2421 1834 2530 1874 suo
2569 1817 2855 1874 arbitratu
2897 1819 3261 1891 provinciam
3295 1818 3457 1876 illam
3517 1837 3650 1877 con-

1990 1907 2254 1963 stitueret
2272 1913 2327 1963 et
2356 1907 2531 1964 urbes
2563 1924 2596 1963 a
2616 1906 2839 1964 Latinis
2868 1907 3103 1964 avulsas
3151 1908 3265 1964 sibi
3293 1908 3641 1967 vindicaret.

1988 1999 2169 2069 Igitur
2198 1998 2401 2054 Serras
2434 1998 2724 2070 profectus
2755 2014 2887 2053 cum
2933 1998 3151 2054 Latinis
3192 1999 3291 2070 qui
3348 1998 3429 2055 ibi
3475 2004 3639 2055 erant

1986 2101 2246 2156 pugnam
2287 2085 2627 2149 committit,
2692 2089 2748 2140 et
2806 2101 2904 2139 eos
2962 2100 3213 2156 quoque,
3246 2087 3348 2141 sed
3394 2092 3640 2141 eruenta

1984 2172 2245 2241 victoria,
2288 2176 2723 2245 superatznam
2750 2172 2941 2228 Latini
2987 2172 3373 2245 etdisciplina
3392 2172 3634 2229 militari

1985 2261 2114 2318 freti
2146 2266 2203 2318 et
2240 2261 2448 2318 Joanni
2482 2262 2711 2318 fortiter
2739 2260 2971 2317 obviam
3004 2261 3222 2334 egressi
3247 2261 3462 2318 multos
3502 2263 3632 2333 ejus

1985 2350 2203 2405 milites
2236 2350 2588 2406 ceciderunt.
2616 2351 2724 2405 Sed
2759 2365 2873 2405 non
2908 2348 3093 2405 multo
3126 2357 3255 2421 post
3309 2366 3444 2407 cum
3495 2350 3637 2406 victi

1984 2447 2036 2494 et
2076 2440 2144 2494 ad
2181 2439 2385 2495 urbem
2445 2439 2647 2495 Serras
2713 2439 2975 2494 conversi
3042 2446 3259 2507 essent,
3312 2443 3634 2512 antequam

1983 2533 2182 2598 portas
2222 2528 2576 2596 clauderent,
2611 2526 2810 2583 Blacbi
2850 2531 2907 2582 et
2929 2526 3198 2597 Romani,
3231 2526 3332 2599 qui
3363 2528 3639 2600 fugienti-

1981 2616 2093 2671 bus
2133 2616 2454 2687 instabant,
2497 2633 2613 2672 una
2639 2615 3000 2687 irruperunt
3043 2614 3193 2672 Urbs
3243 2617 3325 2672 ita
3380 2620 3551 2689 capta
3582 2621 3641 2673 et

1980 2705 2222 2761 incensa
2234 2710 2322 2762 est
2334 2704 2610 2762 etmoenia
2625 2705 2850 2774 diruta;
2868 2706 2967 2776 qui
3008 2706 3417 2778 comprehensi
3454 2708 3643 2775 fuere,

1980 2793 2215 2851 abducti
2246 2800 2305 2851 et
2333 2795 2483 2851 817
2535 2794 2735 2851 vincti.
2780 2795 2861 2850 Ex
2913 2794 3094 2850 Latini
3159 2797 3446 2851 exercitus
3504 2797 3639 2853 reli-

1978 2882 2129 2952 quiis
2169 2881 2288 2951 alii,
2322 2886 2389 2938 ut
2418 2881 2667 2954 quisque
2696 2881 2905 2953 potuit,
2930 2880 3109 2937 saluti
3168 2899 3287 2938 sum
3318 2883 3633 2940 consulue-

1978 2978 2137 3041 runt,
2171 2973 2268 3029 alii
2299 2990 2493 3031 arcem
2548 2979 2929 3047 occuparunt.
2963 2976 3148 3039 Quam
3189 2975 3471 3047 postridie
3518 2977 3632 3032 cir-

1979 3063 2242 3119 cumiens
2269 3064 2528 3121 Joannes
2559 3063 2806 3133 Latinis,
2837 3065 2887 3120 si
2918 3081 3045 3120 eam
3079 3063 3377 3134 dederent,
3408 3064 3631 3121 incolu-

1979 3153 2236 3210 mitatem
2264 3153 2552 3226 promisit.
2578 3153 2840 3220 Quicum
2868 3152 3225 3209 marcblonis
3245 3153 3370 3209 freti
3394 3153 3631 3211 auxiliis

199 3239 304 3301 τὰς
376 3215 713 3313 μάχας-καὶ
778 3244 860 3312 τῷ
924 3215 1441 3314 τῆςάὖτεμϐολῆς
1505 3215 1710 3314 ὲτόίμῳ
1771 3215 1864 3296 τὸν

1985 3258 2104 3297 eam
2131 3215 3084 3313 postulationemaspernarentur,
3115 3240 3304 3298 scalas
3347 3246 3536 3313 parat,
3575 3246 3635 3298 et

206 3324 471 3396 Ἰωάννην
503 3322 785 3401 δεξάμενοι
814 3324 1060 3390 πολλοὺς
1109 3331 1217 3382 τῶν
1276 3327 1365 3382 ὑπ’
1397 3326 1557 3382 αὐτὸν
1589 3327 1864 3402 κατέτρω-

206 3436 327 3471 σαν·
366 3417 482 3489 μετ⁹
526 3416 591 3472 ού
631 3415 776 3473 πολὺ
817 3413 875 3472 δὲ
926 3417 1161 3487 ἠττηθὶν
1193 3417 1256 3471 τὸ
1287 3418 1574 3473 Λατινικὸν
1604 3417 1698 3471 καὶ
1725 3416 1863 3491 πρὸς

206 3506 313 3574 τὴν
342 3501 508 3561 πόλιν
539 3507 635 3568 τὰς
666 3504 875 3582 Σέῤῥας
918 3505 1263 3582 τραπόμενον
1305 3506 1405 3562 οὐκ
1449 3498 1582 3586 ἔφθη
1616 3505 1869 3583 συγκλεῖ-

197 3612 292 3647 σαι
352 3592 446 3655 τάς
507 3591 737 3670 Σὲρῤας,
793 3595 886 3649 καὶ
920 3592 1049 3649 εἲσω
1104 3598 1212 3649 τῶν
1239 3600 1545 3674 τειχισμῶν
1597 3594 1871 3651 συνεισπί-

204 3703 435 3737 πτουσιν
469 3681 520 3737 οἰ
561 3686 669 3738 τῶν
733 3683 1037 3758 φευγόντων
1094 3683 1270 3739 ὀπίσω
1326 3683 1616 3764 φερόμενοι
1647 3683 1866 3760 Βλάχοι

200 3791 265 3826 τε
322 3772 411 3827 καὶ
468 3772 760 3845 Ῥωμαῖοι.
820 3772 919 3827 Καὶ
978 3772 1151 3837 οὕτως
1210 3772 1377 3837 πόλις
1412 3773 1618 3853 ε’ἱχετο.
1659 3775 1863 3845 Εἴταὴ

211 3861 309 3935 μὲν
338 3860 404 3931 ἦν
438 3859 492 3916 ἐν
529 3860 659 3938 πυρὶ
715 3862 805 3917 καὶ
857 3866 926 3938 τῇ
984 3867 1091 3917 τῶν
1121 3867 1322 3939 τειχῶν
1355 3862 1682 3938 καθαιρέσει,
1713 3864 1775 3919 τὸ
1808 3861 1864 3919 δὲ

202 3947 518 4028 συλληφθὶν
561 3949 612 4006 ἒν
668 3951 990 4029 ἀπαγωγαῖς
1047 3951 1138 4007 καὶ
1187 3949 1432 4026 δεσμοῖς.
1465 3954 1580 4009 Τοῦ
1611 3948 1668 4006 δὲ
1697 3958 1864 4007 Λατι-

197 4043 357 4095 νικοῦ
411 4041 816 4117 στρατεύματος
875 4041 1077 4097 ὁπόσον
1141 4041 1218 4116 μὴ
1274 4040 1414 4098 κατά
1463 4040 1555 4098 τὸν
1614 4039 1861 4115 πόλεμον

197 4129 517 4204 ἀπεγένετο,
576 4129 606 4184 ὅ
665 4131 758 4203 μὲν
816 4130 889 4192 ὡς
928 4129 1197 4205 ⁸ἑκάστοις
1248 4131 1566 4206 προυχώρει
1597 4131 1857 4200 σὲσωστο,

192 4216 225 4273 δ
260 4214 317 4273 δὲ
340 4225 439 4289 τῆς
490 4217 658 4295 ἄκρας
702 4214 1011 4293 λαϐόμενον
1047 4213 1199 4276 ἔνδον
1233 4218 1478 4294 ἒπὲμενε.
1512 4220 1593 4284 Τῆ
1626 4216 1673 4274 δ’
1705 4218 1860 4273 ὑστε-

193 4309 328 4379 ραίᾳ
356 4307 661 4383 περιελθὼν
688 4311 788 4379 τὴν
848 4307 1013 4382 ἄκραν
1075 4309 1103 4364 ὁ
1161 4309 1415 4379 Ἰωάννης
1445 4312 1561 4372 τοῖς
1594 4306 1647 4371 ἐς
1687 4306 1855 4378 αὐτὴν

194 4398 536 4472 ξυμφυγοῦσι
601 4400 855 4461 Λατίνοις
911 4396 1242 4475 παραδοῦναί
1304 4400 1355 4454 οἱ
1411 4399 1475 4454 τὸ
1529 4398 1736 4476 χωρίον
1765 4399 1857 4454 καὶ

1977 3330 2038 3387 in
2071 3331 2292 3386 tumulo
2316 3330 2568 3403 quodam
2592 3346 2622 3387 e
2644 3331 2879 3403 regione
2902 3329 3053 3387 arcis
3083 3330 3359 3387 machina
3374 3331 3632 3388 maximo

1972 3418 2254 3475 collocata
2280 3419 2496 3475 mcenia
2536 3417 2688 3476 ferit.
2714 3418 2901 3475 Latini
2940 3435 3074 3475 vero
3105 3419 3474 3492 depromptis
3506 3436 3631 3476 om-

1974 3509 2147 3565 nibus
2170 3508 2239 3564 iis
2272 3525 2402 3580 quae
2425 3509 2497 3563 ad
2522 3507 2923 3564 defensionem
2949 3507 3082 3564 usui
3106 3511 3305 3565 essent
3338 3525 3633 3581 repugna-

1974 3600 2136 3665 bant,
2169 3599 2350 3655 donec
2380 3598 2665 3655 Joannem
2721 3614 2891 3654 muro
2950 3597 3106 3654 velut
3160 3598 3282 3670 igni
3341 3605 3395 3653 et
3465 3599 3629 3655 omni

1972 3689 2229 3744 exercitu
2268 3693 2454 3744 totam
2486 3704 2678 3743 arcem
2703 3687 3481 3745 circumdedisseelomnem
3510 3686 3622 3741 sibi

1971 3776 2188 3833 exitum
2221 3777 2623 3833 interclusisse
2654 3776 2947 3841 viderunt,
2980 3783 3039 3830 ut
3093 3791 3199 3830 nec
3246 3775 3420 3845 pedes
3466 3774 3623 3829 ullus

1969 3866 2118 3923 clam
2149 3867 2222 3922 ad
2256 3867 2652 3922 marchionem
2681 3865 2979 3937 pervenire
3019 3868 3237 3935 posset.
3277 3863 3427 3918 Tum
3485 3879 3619 3919 vero

1967 3970 2033 4011 ea
2061 3954 2395 4010 conditione
2423 3954 2777 4009 deditionem
2811 3953 2997 4009 facere
3043 3952 3372 4017 voluerunt,
3406 3950 3455 4005 si
3505 3951 3616 4006 sibi

1965 4061 2101 4100 cum
2135 4045 2316 4100 armis
2347 4048 2404 4099 et
2432 4044 2600 4115 equis
2630 4046 2757 4098 tuto
2798 4041 3097 4098 discedere
3168 4040 3386 4098 liceret.
3429 4045 3613 4108 Quam

1962 4134 2061 4190 illo
2086 4150 2325 4206 prorsus
2342 4131 3015 4205 repudiante,postulant
3031 4131 3209 4186 duces
3232 4130 3343 4185 sibi
3372 4131 3615 4186 domum

1963 4221 2279 4278 rex-arsuris
2311 4220 2551 4277 attribui
2586 4235 2768 4291 usque
2834 4220 2904 4274 ad
2960 4218 3274 4275 Pannoniae
3323 4219 3492 4274 fines.
3526 4220 3621 4276 Sic

1961 4312 2174 4368 foedere
2201 4309 2315 4366 icto
2346 4309 2445 4365 ille
2476 4326 2665 4365 arcem
2716 4308 3045 4380 occupavit,
3107 4308 3167 4363 hi
3224 4308 3370 4364 citra
3399 4309 3619 4364 discri-

1963 4417 2097 4456 men
2130 4400 2424 4455 abierunt.

198 4488 470 4556 σώζεσθαι
550 4484 1022 4563 διακηρυκεύεται.
1098 4488 1167 4545 Οἱ
1242 4485 1300 4543 δὲ
1374 4484 1532 4543 οὐδὲν
1610 4486 1865 4565 ἐφρόνουν
1938 4484 2248 4560 ἐνδόσιμον.
2322 4486 2422 4554 τὴν
2482 4484 2589 4541 ἀπὸ
2648 4488 2747 4541 τοῦ
2825 4483 3120 4560 μαρκεσίου
3192 4480 3624 4560 καραδοκοῦντες

208 4574 484 4650 σύναρσιν.
528 4576 632 4631 Καὶ
672 4576 724 4631 ἐν
765 4575 948 4650 τούτῳ
985 4574 1262 4651 κλίμακας
1302 4576 1330 4631 ὁ
1373 4575 1629 4649 Ἰωάννης
1669 4576 1982 4652 ηὖτρὲπισε,
2021 4575 2111 4631 καὶ
2149 4576 2286 4630 κατᾶ
2341 4572 2510 4651 λόφον
2569 4573 2937 4647 ἀντικείμενον
2999 4578 3070 4649 τῇ
3137 4572 3277 4647 ἄκρᾳ
3357 4574 3621 4650 μεγίστην

189 4664 494 4734 ἐπιστήσας
550 4663 811 4722 ἑλέπολιν
865 4667 933 4721 τὰ
984 4665 1146 4744 τείχη
1206 4661 1450 4723 ἔτυπτεν.
1512 4667 1580 4724 Οἱ
1639 4664 1687 4722 δ’
1745 4666 1833 4722 ἐπὶ
1888 4669 1991 4732 τῆς
2048 4663 2214 4739 ἄκρας
2265 4665 2439 4720 όπόσα
2476 4669 2583 4721 τῶν
2612 4668 2819 4743 τειχῶν
2851 4664 3162 4741 ἀμυντήρια
3190 4664 3621 4739 προπετάσαντες

198 4754 293 4808 καὶ
353 4754 795 4826 προεκτείναντες
853 4753 1113 4828 ἐπέμενον
1176 4754 1576 4829 ἀνθιστάμενοι.
1634 4757 1785 4810 Ἐπεὶ
1863 4752 1920 4810 δὲ
1978 4754 2256 4819 θεάσαιντο
2313 4754 2405 4810 τὸν
2463 4754 2717 4824 Ἰωάννην
2769 4753 2844 4816 ὡς
2900 4752 2955 4809 ἔν
3004 4752 3136 4829 πυρὶ
3197 4758 3472 4830 τειχισμῷ
3522 4754 3623 4820 τήν

197 4840 370 4918 ἄκραν
423 4840 749 4921 διειληφότα
804 4844 966 4899 παντὶ
1023 4848 1102 4916 τῷ
1154 4844 1514 4920 στρατεύματι
1567 4844 1658 4898 καὶ
1715 4848 1890 4900 πᾶσαν
1951 4841 2346 4900 ἀποκλείσαντά
2402 4865 2551 4924 σφισι
2607 4840 2847 4919 πάροδον
2909 4844 2984 4906 ὡς
3021 4840 3161 4917 μηδὲ
3202 4842 3332 4897 ποσὶ
3365 4838 3619 4897 δύνασθαί

186 4954 313 4989 τινα
344 4932 547 5008 κλέψαι
574 4935 674 5003 τήν
708 4932 785 4995 εἷς
814 4934 906 4990 τὸν
956 4933 1245 5009 μαρκέσιον
1292 4932 1490 5008 ἄφιξιν,
1552 4933 1797 4990 ἐνδοῦναί
1855 4935 1907 4989 οἱ
1958 4936 2057 5005 την
2118 4932 2285 5010 ἄκραν
2337 4932 2561 5006 ἤθελον,
2596 4933 2651 4990 εἴ
2673 4955 2825 5014 σφισι
2856 4931 3141 4989 σπένδοιτο
3171 4932 3262 4987 καί
3292 4930 3614 5005 συγχωροίη

184 5025 293 5093 τήν
331 5020 513 5093 ἔξοδον
567 5023 810 5093 ἀπαθῶς,
866 5023 941 5085 ὡς
1006 5022 1198 5079 ὅπλων
1258 5023 1347 5079 καὶ
1404 5031 1512 5079 τῶν
1561 5021 1749 5080 ’ἵππων
1809 5021 2020 5101 ἔχουσι.
2082 5027 2196 5082 Τοῦ
2253 5022 2310 5080 δὲ
2371 5022 2501 5098 μηδ’
2552 5021 2739 5099 ἄκροις
2789 5023 2890 5078 ὠσὶ
2920 5023 3014 5085 τάς
3047 5022 3134 5077 ἐπὶ
3172 5026 3292 5083 ταῖς
3323 5021 3617 5088 συνθήκαις

181 5114 410 5175 ταύταις
455 5110 901 5189 παραδεξαμένου
961 5111 1218 5184 σπονδὰς,
1281 5112 1552 5169 αἰτοῦνται
1609 5115 1712 5183 τὴν
1770 5113 1847 5176 εἷς
1903 5113 1971 5169 τὰ
2025 5114 2255 5191 σφέτερα
2302 5114 2412 5184 ἢθη
2471 5114 2587 5188 μεθ’
2616 5112 2913 5188 ἡγεμόνων
2956 5109 3086 5165 ὀδοῦ
3121 5110 3285 5183 μέχρι
3314 5111 3421 5161 τῶν
3458 5113 3626 5162 Παιο-

182 5206 355 5257 νικῶν
386 5203 550 5279 ὁρίων
586 5204 923 5280 ἀπόπεμψιν.
958 5202 1063 5261 Καὶ
1114 5203 1190 5267 ὡς
1241 5197 1559 5278 προῦϐησαν
1614 5200 1703 5258 ἐπὶ
1756 5204 1978 5265 τούτοις
2036 5203 2216 5278 θρκια,
2274 5201 2303 5256 ὁ
2364 5202 2460 5276 μὲν
2519 5201 2640 5278 εἶχε
2691 5201 2794 5268 τήν
2825 5201 3016 5276 ἄκραν,
3046 5200 3098 5253 oi.
3130 5196 3175 5252 δ’
3206 5194 3484 5253 ἀκίνδυνον
3516 5198 3618 5267 τήν

176 5288 453 5365 ἑξέλεὺσιν
465 5335 479 5349 .

252 5377 418 5435 Ἀλλ’
476 5383 565 5436 οἷα
631 5383 721 5437 καὶ
786 5381 854 5438 τὰ
915 5383 1055 5438 κατᾶ
1108 5383 1200 5438 τὸν
1264 5380 1511 5457 ἡγεμόνα
1564 5381 1712 5460 σφῶν
1754 5381 1847 5438 τὸν

2030 5382 2183 5438 818
2217 5383 2328 5438 Sed
2363 5382 2495 5454 quis
2526 5385 2715 5439 status
2776 5380 2944 5437 ducis
3000 5394 3203 5436 eorum
3252 5377 3608 5438 marchionis

185 5467 526 5544 μαρκὲσιονε
586 5471 769 5548 χρεὼν
826 5471 929 5549 γὰρ
988 5469 1130 5546 μηδὲ
1182 5490 1351 5528 ταυτα
1404 5469 1698 5545 παρελθεῖν
1726 5469 1849 5526 ἀνι-

1985 5470 2115 5528 uit?
2137 5488 2275 5527 nam
2301 5488 2407 5529 nec
2430 5472 2539 5528 hoc
2560 5470 3026 5543 praetereundum
3089 5476 3199 5535 cst,
3230 5468 3368 5523 dum
3431 5467 3621 5524 adhuc

182 5559 446 5633 στόρητα.
488 5561 612 5617 Ἔτι
653 5566 773 5624 τοῖς
829 5562 970 5617 κατὰ
1024 5563 1124 5632 τήν
1178 5564 1343 5628 νῆσον
1372 5558 1622 5624 Πέλοπος
1651 5557 1844 5617 διαποο

1985 5562 2358 5635 ’eloponneso
2387 5560 2795 5619 constituenda
2816 5562 3141 5632 occupatur
3160 5565 3214 5614 et
3246 5573 3380 5613 cum
3430 5557 3614 5615 Scuro

175 5648 442 5724 νούμενος
515 5650 807 5729 πράγμασι
879 5651 968 5708 καὶ
1049 5648 1138 5708 διὰ
1216 5654 1407 5728 μάχης
1483 5653 1688 5728 χωρῶν
1762 5654 1843 5727 τῷ

1985 5651 2218 5721 timieat,
2251 5650 2463 5708 litteris
2486 5649 2682 5708 uxoris
2730 5666 2824 5707 res
2854 5664 3033 5706 novas
3075 5645 3269 5705 moliri
3301 5644 3609 5705 Thessalo-
