4032 6216
491 357 642 421 1007

1813 341 2122 406 ΝῙΟΕΤΛΕ
2162 344 2579 408 ΟΗΟΝΙΑΤΑ

3693 344 3811 408 1008

493 496 760 552 nicenses
783 489 849 544 ﬁt
867 485 1116 547 certior;
1140 484 1329 556 ipsam
1348 482 1492 537 urbe
1512 479 1816 552 expulsam
1840 481 1898 535 in
1943 496 2132 535 arcem

2252 484 2505 556 Σγουρῷ,
2553 476 2855 558 γράμματά
2902 475 2955 534 οὶ
3001 476 3101 547 τῆς
3153 473 3402 550 γυναικὸς
3430 474 3817 554 χειρίζιταιτοὺς

493 581 826 651 confugisse
854 580 912 633 et
940 573 1270 645 complures
1292 571 1417 627 dies
1456 572 1573 641 jam
1620 570 1896 637 obsideri,
1936 573 2132 627 urbem

2250 568 2664 631 Θεσσαλονικεῖς
2737 567 3052 644 νεωτερίσαι
3129 562 3501 643 διασαφοῦντα,
3551 567 3629 621 καὶ
3693 563 3820 637 αῦτὴν

495 688 629 729 vero
659 687 694 725 a
722 666 935 724 Blacho
975 663 1229 735 quodam
1263 660 1493 717 Prosaci
1525 664 1580 715 et
1630 659 2013 716 finitimorum
2054 658 2139 715 lo-

495 776 695 819 corum
732 758 1007 813 Joanneaa
1074 751 1310 807 ditionis
1370 749 1655 822 praefecto,
1691 750 1925 806 nomine
1976 750 2140 822 Ezyi-

494 842 1158 917 smeno,teneri.Quibus
1173 840 1390 896 auditis
1418 838 1678 894 marchio
1703 838 2139 911 quamprimum

495 955 665 1012 opem
697 938 745 993 ei
781 937 928 992 ferre
962 933 1166 990 statuit
1222 936 1279 987 et
1333 930 1588 987 reditum
1650 930 1980 985 maturavit.
2029 928 2141 985 Sed

497 1035 814 1099 antequam
846 1022 1278 1080 Thessalonicae
1319 1020 1839 1092 appropinquaret,
1893 1017 2144 1075 occurrit

500 1119 625 1176 suis
656 1114 913 1172 hostium
946 1112 1171 1168 cladem
1227 1115 1285 1166 et
1341 1109 1806 1181 proﬂigationem
1860 1107 2141 1163 nuntiano

495 1208 657 1263 tibus
689 1208 747 1260 et
785 1200 1272 1273 tranquillitatem
1334 1199 1464 1252 urbi
1523 1197 1874 1253 restitutam.
1932 1197 2144 1251 Earum

498 1308 695 1351 rerum
718 1290 1232 1355 famadelectatus,
1271 1288 1473 1341 etsuis
1509 1289 1820 1353 ostentata,
1847 1282 2145 1341 conversis

428 1367 436 1374 ’
497 1366 743 1440 habenis
773 1379 983 1451 Scopia
1012 1381 1161 1433 recte
1196 1374 1405 1444 tendit,
1458 1373 1704 1430 Joannis
1760 1373 2012 1446 injurias
2054 1372 2144 1429 ul-

497 1477 688 1527 turus.
721 1470 832 1525 Sed
864 1468 1102 1522 vixdum
1136 1480 1204 1521 ea
1232 1480 1360 1535 quas
1422 1464 1781 1534 parturiebat
1811 1476 2143 1534 aggressus,

504 1561 775 1616 nuntium
806 1557 983 1611 alium
1014 1553 1224 1625 accipit
1244 1553 1314 1609 de
1335 1553 1576 1608 Comitis
1633 1552 1778 1607 Pleas
1827 1551 2063 1607 interitu
2090 1554 2147 1607 et

502 1645 872 1717 imperatoris
923 1642 1186 1698 Balduini
1245 1641 1595 1712 captivitate.
1659 1642 1857 1712 Itaque
1904 1641 2145 1711 repetito

504 1736 694 1805 priore
723 1735 928 1789 itinere
948 1730 1426 1787 Thessalonicam
1455 1729 1795 1801 ingreditur,
1825 1733 1884 1785 et
1902 1729 2145 1786 veritate

500 1823 663 1880 illius
693 1821 878 1880 nuntii
899 1821 1239 1891 perlitteras
1262 1819 1599 1918 conﬁrmata
1642 1817 2011 1890 spicilegium
2063 1818 2146 1918 in-
2175 1852 2222 1918 Β

503 1913 697 1969 stituit
725 1928 755 1968 e
795 1915 988 1982 segete
1010 1910 1168 1965 urbis
1198 1909 1451 1965 nondum
1478 1906 1648 1979 plane
1684 1911 1922 1976 resecta,
1955 1908 2014 1963 in
2047 1907 2147 1962 illa

502 2000 640 2057 belli
671 2016 865 2056 messe
894 2000 1049 2071 quod
1106 2005 1239 2053 ante
1295 2013 1469 2052 suum
1528 1996 1779 2053 reditum
1830 1997 2148 2054 conﬂatum

502 2096 627 2147 erat
658 2109 673 2160 ;
707 2093 765 2144 et
795 2087 939 2145 alios
966 2089 1121 2144 cives
1152 2085 1399 2159 pecunia
1430 2085 1708 2142 multatos
1760 2086 1980 2157 pistillo
2038 2105 2147 2144 nu-

504 2181 699 2236 diores
722 2179 861 2235 urbe
882 2178 1091 2250 exegit;
1121 2176 1266 2233 alios
1289 2176 1521 2243 occidit,
1553 2176 1705 2231 819
1729 2176 1875 2233 alios
1899 2193 2144 2249 suspen-

501 2270 606 2336 dit,
632 2274 753 2325 tam
786 2283 855 2323 ex
884 2267 1049 2323 laicis
1079 2283 1256 2338 quam
1288 2282 1352 2322 ex
1387 2266 1588 2322 ordine
1635 2266 1752 2321 Deo
1791 2272 2142 2323 consecrato.

505 2361 571 2415 Et
602 2359 997 2416 miserrimum
1053 2359 1461 2430 imperatorem
1518 2356 1783 2412 Alexium
1842 2374 1972 2413 cum
2031 2360 2144 2415 Eu-

500 2448 793 2521 phrosyna
823 2448 1073 2519 conjuge
1102 2462 1205 2519 per
1237 2463 1396 2502 mare
1425 2448 1495 2502 ad
1528 2446 1880 2501 Alemanniaa
1930 2446 2143 2519 princi-

503 2552 634 2608 pem
670 2538 845 2592 misit.
883 2537 1041 2592 Heu!
1078 2535 1191 2592 heu
1216 2536 1229 2590 Ι
1258 2552 1377 2591 rem
1404 2551 1612 2592 novam
1657 2541 1714 2591 et
1748 2534 2142 2592 miserabilem

500 2631 555 2680 et
583 2624 741 2697 apud
797 2628 1087 2681 Romanos
1132 2624 1499 2681 inauditam!
1557 2624 1668 2680 heu
1746 2625 2140 2696 spectaculum

499 2730 801 2784 nunquam
835 2715 1018 2769 visum
1052 2713 1371 2770 hactenus!
1427 2714 1639 2768 Audita
1689 2729 1858 2784 porro
1901 2714 2145 2772 Joannis

501 2802 573 2857 ad
605 2802 802 2858 Serras
844 2801 1252 2873 impressione,
1311 2801 1529 2857 auxilia
1583 2801 1705 2858 suis
1761 2801 2143 2874 popularibus

498 2890 684 2962 quiin
715 2907 785 2947 ea
814 2891 957 2947 urbe
1013 2894 1139 2945 erat
1197 2890 1394 2946 mittit.
1449 2890 1557 2954 Qui
1614 2891 1875 2962 quamvis
1930 2896 2142 2948 eventu

495 2980 579 3036 rei
603 2980 664 3036 in
692 2979 901 3036 itinere
949 2980 1198 3051 cognito,
1259 2978 1443 3035 nihilo
1499 2980 1685 3052 magis
1745 2979 1896 3036 bello
1953 2980 2137 3036 absti-

492 3073 774 3136 nuerunt,
805 3072 868 3124 ut
889 3069 1017 3139 jam
1049 3067 1108 3123 in
1141 3068 1269 3140 ipso
1329 3067 1580 3139 periculo
1638 3069 1964 3137 constituti,
2004 3068 2139 3126 licet

493 3156 609 3213 sibi
639 3174 775 3212 cum
807 3157 974 3213 hoste
1002 3157 1174 3229 longe
1205 3158 1500 3229 superiore
1536 3156 1835 3229 negotium
1895 3158 2013 3215 fore
2044 3159 2136 3214 in-

492 3244 854 3318 telligebant.
887 3246 1088 3302 Prelio
1127 3246 1436 3301 commisso
1482 3246 1795 3301 vincuntur
1850 3250 1906 3302 et
1937 3247 2135 3318 profli-

492 3341 708 3407 gantur
737 3352 772 3391 a
801 3336 1057 3390 maxima
1086 3335 1433 3407 Scytharum
1470 3333 1846 3390 multitudine
1881 3335 2137 3407 undique

488 3422 869 3494 irruentium,
900 3438 1013 3478 non
1047 3438 1218 3478 secus
1249 3437 1426 3493 quam
1459 3438 1636 3493 apum
1688 3421 1975 3492 examina,
2008 3439 2135 3494 quas

488 3527 558 3567 ex
591 3513 921 3569 alvearibus
950 3513 1350 3580 effunduntur,
1383 3517 1485 3567 aut
1514 3511 1856 3568 crabrorum
1892 3512 2076 3568 instar
2106 3529 2137 3569 θ

487 3602 932 3673 cavernisjuxta
950 3601 1071 3656 vias
1090 3601 1545 3673 erumpentium.
1580 3599 1819 3655 Duobus
1867 3599 1961 3655 his
1996 3618 2135 3670 prae-

484 3690 578 3747 liis
593 3690 809 3758 victus,
838 3690 1099 3746 marchio
1118 3706 1179 3745 se
1204 3689 1629 3745 Thessalonicae
1654 3687 1923 3755 includit,
1955 3687 2131 3746 Joan-

482 3798 589 3839 nes
619 3799 752 3838 vero
782 3799 883 3854 per
913 3797 1201 3839 summam
1231 3781 1518 3837 licentiam
1550 3785 1839 3836 Berrmam
1896 3788 1951 3836 et
1988 3781 2132 3839 alias

488 3872 916 3929 marchionicas
948 3872 1120 3928 urbes
1150 3875 1415 3942 occupat.

2254 660 2350 731 μὶν
2385 659 2701 728 ἐξωσθεῖσαν
2757 661 2857 728 τῆς
2915 656 3132 718 πόλεως
3184 655 3257 716 εἴς
3293 657 3391 725 τὴν
3427 651 3693 729 ἀκρόπολιν
3726 658 3822 711 ἀνα-

2254 745 2478 822 δραμεῖν
2524 747 2614 803 καὶ
2648 748 2853 823 συχνὰς
2899 744 3110 821 ἡμέρας
3159 742 3268 816 ἢδη
3320 742 3716 816 πολιορκεῖσθαι,
3748 748 3821 815 τήν

2253 833 2311 891 δὲ
2356 835 2518 893 πόλιν
2574 837 2809 894 εἰσιόντα
2856 834 3104 910 κατέχειν
3156 832 3368 910 Βλάχον
3405 833 3537 904 τινὰ,
3568 834 3819 906 Ἐτζυϊσμέο

2252 946 2343 981 νον
2405 927 2505 995 τὴν
2555 924 2776 998 κλῆσιν,
2822 927 3158 1003 φρουροῦντα
3203 923 3292 978 τὸν
3342 923 3601 997 Πρόσακον
3636 922 3711 978 καί
3750 923 3822 977 ὅσα

2253 1019 2362 1071 τῶν
2419 1013 2584 1070 ἐκεῖθι
2638 1020 2718 1089 τῷ
2772 1014 2989 1089 Ἰωάννῃ
3055 1014 3317 1084 κατήκοα.
3374 1013 3460 1076 Ὠς
3518 1013 3601 1066 οὗν
3645 1013 3820 1067 πύθοιτο

2250 1108 2419 1160 ταῦτά
2481 1106 2794 1180 μαρκέσιος,
2850 1102 2987 1179 ἔγνω
3043 1105 3142 1173 τήν
3198 1100 3461 1182 ταχίστην
3505 1100 3721 1178 ἀρήγειν,
3755 1102 3821 1157 καὶ

2250 1195 2350 1264 τήν
2382 1194 2603 1270 πορείαν
2660 1194 2893 1250 ἐπανιὼν
2953 1191 3205 1248 ἐπέτεινε.
3273 1192 3453 1261 Μήπω
3497 1188 3635 1264 δὲτῇ
3662 1197 3820 1245 Θεσσα-

2254 1283 2443 1359 λονίκῃ
2495 1286 2578 1358 [Ρ.
2613 1286 2739 1358 399]
2796 1282 3017 1361 ἐγγίσας
3075 1276 3381 1355 συμϐάλλει
3410 1283 3519 1339 τοῖς
3557 1278 3822 1355 ἀγγέλλουσι

2256 1373 2349 1441 τὴν
2408 1377 2513 1428 τῶν
2573 1371 2857 1447 πολεμίων
2918 1371 3084 1440 ἧτταν
3143 1370 3233 1425 καὶ
3288 1363 3608 1438 ἀποσόϐησιν
3656 1369 3728 1423 καὶ
3750 1371 3820 1437 τὴν

2253 1460 2464 1524 ἐσαῦθις
2495 1462 2726 1538 ἠρεμίαν
2774 1469 2874 1532 τῆς
2912 1460 3152 1524 πόλεως.
3196 1456 3416 1532 Ἀμέλει
3444 1459 3529 1513 καὶ
3555 1463 3658 1520 τοῖς
3683 1459 3822 1513 tomi-

2253 1573 2372 1615 τοις
2438 1553 2770 1627 ἀκούσμασιν
2839 1551 3084 1624 ἐνησθεὶς
3149 1551 3243 1607 καὶ
3310 1545 3670 1627 φιλενδεικτῶν
3724 1549 3821 1622 πρὸς

2250 1642 2380 1703 τοὺς
2446 1641 2703 1710 οἰκείους,
2775 1641 3144 1717 μεταστρέψας
3200 1638 3267 1694 τὰ
3321 1637 3445 1707 ἡνία
3494 1642 3593 1692 τῶν
3632 1637 3819 1692 Σκοπίων

2252 1731 2339 1795 ἰθὺ
2371 1730 2610 1807 φέρεται,
2666 1732 2759 1788 τὸν
2821 1731 3070 1802 Ἰωάννην
3127 1728 3428 1802 ἀμύνασθαι
3482 1725 3640 1783 θέλων
3663 1727 3823 1787 τῶνεῖς

2252 1823 2412 1879 αὐτὸν
2466 1824 2789 1901 γεγονότων.
2848 1820 3011 1881 ’Δλλ’
3068 1819 3224 1878 οὔπω
3283 1815 3416 1897 ἔφθη
3475 1814 3722 1874 ἐπιϐαλεῖν
3762 1820 3822 1877 οἷς

2252 1907 2415 1968 ὥδινε
2469 1912 2772 1989 πράγμασι,
2833 1913 2923 1969 καὶ
2956 1910 3187 1989 ἄγγελος
3244 1906 3429 1986 ἕτερος
3480 1906 3722 1986 ἐφίσταται
3755 1910 3825 1973 τὴν

2249 2006 2345 2057 τοῦ
2401 2001 2648 2076 κόμητος
2708 2002 2889 2074 Πλέης
2946 1997 3320 2056 ἀναδιδάσκων
3370 1996 3632 2053 ἀπώλειαν
3656 1997 3731 2051 καὶ
3752 1998 3823 2064 τήν

2249 2095 2347 2146 τοῦ
2380 2089 2653 2166 βασιλέως
2708 2088 3044 2149 Βαλδουίνου
3102 2089 3451 2167 κατάσχεσιν.
3479 2088 3571 2144 Ἦν
3598 2084 3675 2141 οὖν
3701 2082 3824 2140 ὥδευε

2248 2181 2510 2255 πρότερον
2544 2180 2707 2237 πάλιν
2759 2181 3051 2255 ἁψάμενος,
3098 2180 3199 2249 τὴν
3257 2175 3635 2246 Θεσσαλονίκην
3665 2175 3820 2229 εἴσεισι·

2246 2268 2335 2324 καὶ
2366 2270 2523 2344 γνοὺς
2570 2267 2750 2340 ἀληθῆ
2816 2269 2915 2324 ὅσα
2972 2265 3063 2323 διά
3114 2267 3457 2345 γραμμάτων
3488 2266 3700 2320 πέπυστο
3724 2263 3821 2337 1:96-

2247 2377 2426 2431 τερον,
2482 2357 2887 2431 ἐπικαλαμᾶται
2944 2357 3007 2413 τὸ
3065 2358 3141 2430 μή
3201 2352 3446 2432 ἀκριϐῶς
3483 2354 3669 2429 ἀμηθὶν
3689 2352 3735 2407 ἐκ
3757 2354 3822 2405 τοῦ

2247 2445 2417 2519 ληίου
2446 2455 2545 2517 τῆς
2576 2447 2793 2512 πόλεως
2840 2446 2892 2502 ἐν
2945 2451 3025 2519 τῷ
3066 2445 3269 2519 ἀμήτῳ
3299 2449 3396 2503 τοῦ
3424 2442 3651 2518 πολέμου
3677 2441 3724 2503 ὃς
3745 2442 3823 2514 πρὸ

2244 2542 2344 2607 τῆς
2412 2535 2614 2591 ἐκείνου
2669 2536 2894 2607 συνέστη
2972 2534 3223 2613 ἀφίξεως.
3304 2533 3414 2596 Οὕς
3472 2533 3560 2607 μὶν
3612 2531 3700 2606 γὰρ
3744 2534 3821 2582 τῶν

2245 2623 2490 2681 πολιτῶν
2521 2627 2805 2699 ζημιώσας
2861 2624 2937 2688 εἰς
2994 2626 3262 2699 χρήματα
3294 2622 3642 2698 γυμνότέρους
3674 2619 3823 2693 ὑπέρου

2246 2710 2476 2792 διαφῆκε
2537 2721 2640 2785 τῆς
2705 2713 2943 2784 πόλεως,
3012 2714 3106 2775 οὕς
3173 2711 3229 2767 δὲ
3312 2712 3620 2776 ἀπέκτεινεν,
3669 2706 3743 2769 οὕς
3786 2704 3824 2760 δὲ

2246 2802 2613 2877 άπεκρέμασεν
2663 2800 2722 2857 ἐκ
2774 2806 2873 2857 τοῦ
2930 2798 3184 2863 λαώδους
3241 2799 3492 2870 πλήθούς
3535 2798 3614 2854 καὶ
3663 2801 3741 2851 τοῦ
3770 2796 3823 2848 ἱε-

2244 2892 2494 2965 ρωμένου
2571 2896 2688 2964 Θεῷ
2758 2891 3061 2967 τάγματος,
3136 2891 3226 2944 καὶ
3303 2890 3395 2945 τὸν
3472 2885 3721 2962 δυσπραγῆ
3790 2883 3825 2937 ἐν

2246 2978 2558 3053 βασιλεῦσιν
2617 2978 2858 3053 ’Δλέξιον
2916 2978 3006 3034 καὶ
3067 2980 3166 3048 τήν
3224 2978 3427 3033 τούτου
3484 2976 3699 3031 σύνευνον
3753 2970 3826 3027 Εὖ·

2242 3067 2509 3148 φροσύνην
2571 3066 2915 3132 διαποντίους
2965 3073 3045 3141 τῷ
3073 3072 3183 3123 τῶν
3246 3066 3564 3141 Ἀλαμανῶν
3596 3061 3828 3137 ἐξέπεμψεν

2248 3155 2495 3233 ἄρχοντι.
2551 3154 2661 3213 Φεῦ
2716 3160 2813 3238 φεῦ
2862 3161 2960 3212 τοῦ
3016 3160 3206 3212 καινοῦ
3257 3154 3415 3212 τοῦδε
3446 3156 3530 3211 καὶ
3560 3154 3825 3223 ἀνηκούστου

2247 3247 2396 3323 παρά
2449 3247 2744 3321 Ῥωμαίοις
2798 3244 3168 3319 ἀκούσματος,
3220 3246 3394 3302 εἰπεῖν
3444 3242 3499 3300 δέ
3539 3244 3619 3299 καὶ
3648 3242 3822 3297 ἀθεάτον

2245 3334 2298 3397 ἐς
2331 3333 2487 3410 δεῦρο
2541 3336 2847 3410 θεάματοςι
2913 3340 3033 3397 ταῖς
3087 3333 3143 3390 δὲ
3200 3334 3432 3412 Σέρῥαις
3489 3328 3716 3407 ἐμϐαλεῖν
3753 3326 3821 3381 τόὖ

2248 3424 2501 3496 Ἰωάννης
2536 3425 2954 3498 ἐνωτισάμενος,
3016 3427 3188 3498 μήπω
3249 3421 3309 3479 δὲ
3366 3424 3451 3479 καὶ
3507 3423 3565 3477 τὸ
3601 3420 3736 3495 πέρας
3758 3436 3822 3471 τον

2244 3514 2534 3577 συστάντος
2638 3513 2809 3570 ἐκεῖσε
2907 3515 3171 3590 πρότερον
3243 3513 3497 3587 πολέμου
3564 3510 3821 3580 πυθόμενος,

2245 3601 2464 3658 στέλλει
2511 3604 2639 3666 τοὺς
2698 3604 3090 3677 συναρήξοντας
3165 3608 3287 3665 τοῖς
3366 3601 3419 3658 ἐν
3490 3605 3602 3662 ταῖς
3650 3596 3819 3672 Σέῤῥαίί

2243 3691 2571 3772 ὁμοφύλοις,
2632 3693 2696 3747 Ol
2754 3690 2811 3748 δέ
2859 3690 2912 3747 ἐν
2974 3698 3052 3765 τῷ
3127 3693 3345 3747 ἂπιὲναι
3397 3693 3463 3747 τὰ
3516 3687 3819 3761 ξυνενεχθέντα

2246 3782 2507 3851 μαθόντες
2555 3782 2646 3836 τὸν
2704 3782 2798 3855 μὲν
2854 3781 3098 3854 πόλεμον
3150 3779 3411 3855 οὐδαμῶς
3450 3774 3819 3845 διελόσαντο,ὼς

2240 3868 2349 3941 ἤδη
2384 3867 2436 3925 ἐν
2488 3875 2569 3943 τῷ
2600 3868 2759 3943 δεινῷ
2788 3872 3139 3940 καθεστῶτες,
3170 3871 3367 3946 καίπερ
3396 3867 3610 3938 εἰδότες,
3645 3862 3819 3939 γενησό-

495 3981 656 4032 μενον
695 3960 832 4034 πρὸς
863 3957 1008 4015 πολὺ
1038 3957 1293 4033 περιόντα
1324 3956 1615 4032 πολέμιον·
1678 3956 2036 4034 συρῥήξαντες
2097 3955 2153 4015 δὲ
2201 3965 2319 4023 τοῖς
2368 3958 2629 4021 ἐναντίοις
2686 3961 2821 4014 κατὰ
2876 3959 3073 4036 κρότος
3127 3962 3399 4029 ἡττῶνται
3446 3957 3529 4013 καἓ
3577 3956 3815 4031 τρέπονται,

488 4050 707 4105 Σκυθῶν
761 4048 946 4109 αὐτοῖς
1003 4042 1466 4124 προσϐαλλόντων
1525 4044 1669 4102 οὕτω
1727 4052 1942 4121 συχνῶν
2018 4048 2124 4103 κάκ
2190 4051 2297 4103 τῶν
2366 4044 2511 4122 ἄλλῃ
2583 4048 2673 4103 καὶ
2747 4044 2892 4122 ἄλλῃ
2952 4047 3321 4105 ἐκπιπτόντων
3379 4049 3453 4111 ὡς
3507 4044 3613 4102 ἔσσι
3661 4042 3731 4097 καὶ
3771 4038 3818 4091 τὶ

485 4140 671 4212 σμήνη
725 4137 1010 4203 θεάσασθαι
1060 4142 1169 4192 τῶν
1229 4132 1483 4210 σίμϐλων
1542 4136 1807 4210 προϊόντα
1892 4136 1982 4191 καὶ
2040 4136 2168 4201 τοὺς
2219 4140 2428 4214 σφῆκας
2482 4135 2866 4210 ἐξιπταμένους
2913 4143 3021 4192 τῶν
3079 4135 3306 4193 ἐνοδίων
3357 4128 3817 4217 χηραμῶν.οὐκοῦν

474 4211 720 4284 τοιαῖσδε
750 4228 957 4303 μάχαις
990 4224 1194 4289 διτταῖς
1222 4226 1284 4281 τὸ
1315 4226 1478 4295 ἧττον
1507 4225 1944 4301 ἀπενεγκάμενος
1975 4227 2003 4281 ὁ
2038 4211 2332 4302 μαρκέσι-ος
2364 4225 2529 4289 αὐτὸς
2564 4227 2658 4299 μὲν
2691 4224 2820 4281 εἲσω
2849 4234 2948 4296 τῆς
2978 4211 3708 4302 Θεσσαλονίκηξέγκλείεται,
3732 4218 3754 4271 ὁ
3778 4211 3815 4268 δέ

473 4337 537 4393 γε
568 4317 822 4387 Ἰωάννης
854 4315 991 4370 κατὰ
1019 4319 1193 4370 πᾶσαν
1242 4311 1422 4370 ἄδειαν
1475 4314 1527 4374 ἐς
1572 4312 1833 4390 Βέῥροιαν
1885 4311 2088 4385 ἄπεισι,
2136 4314 2229 4370 καὶ
2273 4312 2369 4374 τάς
2415 4311 2615 4375 λοιπάς
2658 4314 2850 4377 πόλεις
2897 4315 3019 4370 ὅσαι
3069 4317 3353 4391 μαρκεσίῳ
3382 4314 3661 4371 ὗπέκυπτον
3689 4306 3816 4372 ἑαυτῷ

472 4404 917 4480 προσῳκείωσεν.

537 4497 618 4552 Ea
647 4512 878 4568 quoque
933 4494 1097 4551 clade
1158 4493 1381 4563 audita,
1443 4492 1633 4550 Latini
1694 4495 1795 4567 qui
1855 4495 2109 4567 Byzantii

2290 4495 2381 4558 Ὧς
2411 4490 2457 4549 δ’
2489 4495 2641 4569 εἶχον
2695 4496 2747 4550 οἳ
2797 4494 2851 4551 ἐν
2909 4499 2976 4568 τῇ
3037 4492 3196 4550 πόλει
3230 4499 3454 4551 Λατῖνοι
3483 4491 3567 4549 καί
3593 4485 3726 4545 τάσδε
3748 4481 3815 4539 τὶς

470 4590 660 4651 erant,
693 4584 1005 4640 consilium
1065 4583 1221 4640 820
1287 4582 1493 4639 ineunt
1540 4585 1669 4655 quid
1713 4587 1789 4641 sit
1815 4585 2120 4657 agendum,

469 4673 717 4732 concilio
740 4672 813 4728 ab
844 4671 1040 4729 Errico
1073 4672 1340 4727 Balduini
1373 4672 1547 4729 fratre
1578 4677 1636 4730 et
1675 4674 1900 4729 Marino
1931 4672 2115 4730 Vene-

466 4765 680 4822 tiarum
744 4765 893 4822 duce
950 4766 1173 4822 indicto
1234 4782 1247 4823 :
1304 4783 1441 4823 nam
1503 4767 1802 4823 Dandulus
1869 4766 2112 4823 obierat.

459 4854 748 4911 Omnibus
779 4853 1000 4910 bellum
1031 4870 1336 4927 capessere
1369 4855 1587 4927 placuit
1632 4862 1691 4911 et
1746 4854 1944 4928 copias
1975 4871 2113 4911 con-

454 4952 542 5002 tra
573 4946 746 5002 urbes
777 4944 1038 5001 Thraciae
1076 4946 1289 5001 ducere
1351 4963 1478 5019 qum
1537 4963 1570 5002 a
1611 4945 1836 5002 Latinis
1883 4944 2108 5000 defece-

452 5036 757 5105 rant,dum
793 5033 991 5107 populi
1017 5034 1196 5090 animi
1253 5034 1446 5091 adhuc
1495 5036 1799 5103 ferverent,
1835 5040 1888 5088 et
1934 5032 2107 5088 Joan-

2234 4578 2565 4657 δυσπραγίας
2612 4581 3021 4656 ἐνωτισάμενοι,
3081 4582 3205 4658 περὶ
3270 4584 3371 4639 τοῦ
3422 4578 3663 4652 ποιητέου
3706 4570 3812 4649 σφίσι

2226 4672 2417 4745 σκέψιν
2462 4670 2723 4744 τιθέασιν,
2783 4673 2925 4745 ὁμοῦ
2981 4673 3282 4747 γενομένων
3338 4676 3434 4728 τοῦ
3486 4692 3542 4726 τε
3594 4659 3816 4742 Ἐῤῥῆνδε

2223 4760 2289 4829 ἦν
2322 4764 2419 4815 τοῦ
2453 4759 2725 4835 βασιλέως
2774 4758 3109 4817 Βαλδουίνου
3156 4761 3500 4837 κασίγνητος,
3556 4756 3636 4813 καὶ
3680 4747 3813 4825 Μαρί-

2225 4868 2320 4903 νου
2361 4853 2459 4904 τοῦ
2518 4846 2711 4911 δουκὸς
2766 4849 3033 4914 Βενετίας·
3095 4851 3125 4905 ὁ
3181 4850 3286 4925 γὰρ
3350 4846 3641 4906 Δάνδουλος
3664 4842 3715 4897 τὸ
3741 4841 3812 4909 iii"

2223 4936 2601 5015 κατέστρεψεν.
2663 4938 2853 5010 Ἔδοξε
2902 4942 3080 4996 τοίνυν
3153 4941 3317 4995 ἅπασι
3377 4943 3574 5016 χωρεῖν
3619 4933 3693 4988 ἐπὶ
3736 4925 3814 4980 πό·

2222 5026 2393 5099 λεμον
2455 5028 2545 5083 καὶ
2596 5030 2697 5099 τήν
2768 5026 2993 5102 δύναμιν
3060 5028 3206 5104 ἄγειν
3279 5031 3418 5085 κατά
3462 5032 3563 5082 τῶν
3615 5017 3810 5096 Θρᾳγῐων

453 5141 557 5182 nes
590 5104 721 5180 aliis
755 5104 923 5180 bellis
954 5127 1276 5195 occupatus
1328 5122 1518 5196 iisque
1584 5122 1725 5178 solis
1783 5122 2045 5177 intentus
2075 5139 2109 5177 a

2242 5116 2455 5185 πόλεων,
2498 5117 2693 5173 ὁπόσαι
2742 5118 2985 5174 Λατίνων
3033 5117 3358 5193 ἀπέστησαν,
3408 5114 3510 5180 ἕως
3552 5110 3623 5170 ἔτι
3655 5104 3811 5182 θερμὸς

452 5215 734 5272 Romanis
757 5215 1008 5270 abesset.
1060 5213 1260 5283 Itaque
1319 5217 1544 5283 partem
1606 5212 1916 5280 exercitus,
1978 5228 2104 5283 quas

452 5304 730 5359 utilitatis
761 5321 880 5359 suae
905 5318 1085 5359 causa
1108 5300 1260 5358 ultro
1284 5300 1448 5372 sequi
1484 5299 1655 5355 vellet
1681 5301 1932 5370 (Rottam
1990 5300 2104 5372 ipsi

449 5392 701 5459 vocant),
733 5392 1100 5463 ablegarunt,
1136 5393 1420 5461 potestate
1452 5389 1589 5445 data
1619 5389 1794 5445 urbes
1826 5405 1950 5462 qua:
2007 5390 2102 5445 de-

446 5474 723 5532 fecissent
753 5496 859 5535 suo
888 5480 1171 5535 arbitratu
1208 5477 1515 5534 tractandi.
1548 5479 1627 5534 Ea
1682 5478 1891 5535 cohors
1937 5484 2100 5535 ante-

441 5576 649 5634 gressa
678 5580 711 5618 a
744 5567 907 5621 nullo
938 5567 1177 5633 scelere,
1211 5586 1244 5623 a
1274 5567 1435 5624 nullo
1484 5567 1712 5640 piaculo
1771 5568 2095 5625 abhorruit.

445 5647 647 5707 Veneti
681 5667 913 5722 quoque
969 5653 1322 5711 Orientalem
1379 5673 1542 5712 oram
1606 5655 1796 5728 longis
1851 5656 2099 5714 navibus

2215 5211 2322 5262 τῶν
2376 5205 2606 5262 πολλῶν
2665 5207 2693 5262 ὁ
2754 5206 2923 5278 ζῆλος
2972 5207 3062 5263 καὶ
3110 5208 3397 5282 Ῥωμαίων
3448 5204 3679 5272 Ἰωάννης
3704 5199 3810 5252 ἀπο-

2219 5293 2506 5368 διίσταται,
2565 5294 2838 5370 πολέμοις
2895 5296 3369 5373 ἐναπειλημμὲνος
3434 5293 3620 5354 ἄλλοις
3666 5282 3807 5373 met:

2213 5405 2329 5449 νοις
2381 5363 2504 5455 τήν⁷
2536 5363 2743 5440 ἅπασαν
2805 5384 3020 5466 σχολὴν
3072 5363 3451 5462 χάριξόμενος,
3511 5376 3709 5454 Ἀμέλει
3736 5363 3807 5466 ¹ιιιιῖ

2220 5480 2419 5549 μοῖραν
2483 5478 2582 5531 τοῦ
2657 5474 2792 5531 κατά
2867 5479 3001 5553 σφᾶς
3076 5474 3476 5550 στρατεύματος
3545 5460 3806 5553 προεκπέμ-

2219 5567 2435 5639 ψαντες,
2500 5562 2566 5634 ἤν
2625 5564 2820 5638 ῥοῦταν
2879 5548 3187 5639 ὦνόμαζον,
3241 5568 3343 5619 πᾶν
3400 5562 3461 5617 τὸ
3508 5557 3634 5636 πρὸς
3659 5548 3806 5639 ἱσχόος

2246 5654 2636 5731 νεπεγκλήτως
2692 5651 2820 5729 δρᾷν
2874 5651 3233 5721 ἐκδεδώκασιν
3288 5652 3337 5709 ἐν
3390 5655 3470 5725 τῷ
3525 5650 3612 5710 τὰς
3662 5638 3805 5697 πόλεις
