4072 6218
329 292 492 354 1009

1793 296 1996 360 URBS
2037 299 2313 360 CAP'l‘A.

3606 308 3762 373 1010

335 423 550 479 ἐπιέναι
591 423 688 485 τὰς
726 424 1061 495 ἀποστάσας,
1112 424 1233 482 ὅθεν
1266 426 1356 482 καὶ
1408 428 1825 505 προηγούρενον
1872 426 1984 484 τόδε

2111 432 2489 502 infestabant,
2522 436 2578 489 et
2602 433 2871 508 Gallipoli
2900 453 2968 492 ac
2997 436 3159 493 Panii
3192 437 3450 509 pessima
3468 445 3523 495 et
3549 458 3582 496 a
3602 441 3761 498 Chri-

336 515 409 568 τὸ
468 514 747 588 σύνταγμα
804 512 960 570 οὐδὲν
1029 517 1138 571 τῶν
1197 516 1502 587 ἀνηκέστων
1568 517 1659 573 καὶ
1726 518 1984 592 ἀθεμίτωι

2108 522 2435 578 stianorum
2468 521 2758 581 institutis
2789 525 3165 582 abhorrentia
3195 543 3439 598 quaeque
3468 534 3757 601 perpetra-

344 602 751 679 ἑκπεριίστατο.
823 601 1003 660 Ἀλλὰ
1050 605 1139 660 καὶ
1198 606 1474 663 Βενέτικοι
1552 614 1687 677 νῆας
1790 608 1984 683 μακρὰς

2110 613 2270 680 runt,
2302 615 2368 666 ut
2398 610 2762 671 calamitates
2814 617 3031 682 essent,
3091 614 3466 687 multiplices,
3509 623 3752 684 atroces,

336 691 769 756 καθελκύσαντες
796 694 894 759 τὰς
924 696 1029 766 έῷα
1056 692 1278 769 πάραλα
1338 697 1427 769 [Ρ.
1478 698 1602 770 400]
1665 697 1804 773 μέρη
1862 695 1998 770 έλῄο

2110 698 2527 758 intolerabiles.

331 804 529 838 στευον
589 782 1018 858 πειρατεύοντες,
1087 788 1165 856 τῷ
1218 785 1400 858 Πανίῳ
1454 806 1513 840 τε
1571 786 1663 841 καὶ
1721 790 1803 859 τῷ
1860 784 2210 842 Καλλιπόλει
2267 789 2639 868 προσσχόντες
2698 792 2797 846 ὅσα
2837 791 3087 866 χείριστα
3136 793 3228 848 καὶ
3276 797 3383 850 τῶν
3406 796 3750 869 Χριστιανῶν

346 870 490 927 ἐθῶν
520 870 794 946 ἀλλότρια
827 870 1199 948 διεπράξαντο.
1232 875 1402 931 Ἦσαν
1432 875 1522 929 οὖν
1556 872 1893 951 πολύμορφα
1920 874 1986 928 τὰ
2026 871 2197 947 δείνᾶ,
2231 875 2681 954 Βαρυαλγέστατα
2710 879 2798 934 καὶ
2828 880 3145 939 ἀνύποιστα.

417 961 504 1034 ιβ’.
540 960 732 1030 Ἐξιὼν
796 958 979 1016 δὲκαὶ
1030 961 1190 1024 αὐτὸς
1247 961 1470 1039 Ἐῤῥῆς,
1526 965 1626 1033 τήν
1677 960 1995 1038 Ἀρκαδιού-

333 1049 509 1106 πολιν
541 1051 617 1114 ὡς
646 1045 867 1123 ἂνέμοις
911 1050 1076 1124 μόνον
1117 1052 1408 1125 οἰκήσιμον
1458 1052 1834 1127 παραλλάξας,
1889 1055 1989 1122 τὴν

333 1136 399 1195 δὲ
458 1136 674 1194 εἴσοδον
728 1144 825 1194 τοῦ
872 1141 1069 1215 ’Ἃπρώ
1124 1141 1478 1215 βιασάμτνος,
1538 1139 1824 1215 ἀνημέρως
1876 1146 1992 1204 τοῖς

330 1225 449 1283 ἐκεὶ
504 1230 896 1304 προσφέρεται,
949 1229 1012 1284 τὸ
1069 1227 1309 1284 ἐνοικοῦν
1364 1227 1546 1291 ἐνδοὺς
1597 1230 1672 1294 εἰς
1757 1231 1989 1307 σφαγήν,

325 1316 412 1379 ὡς
440 1317 486 1372 εἶ
524 1318 784 1390 ποίμνιον
817 1320 884 1386 ἧν
925 1318 1015 1373 καὶ
1050 1317 1348 1392 βουκόλῖον
1388 1317 1514 1374 ἀλλ’
1559 1319 1621 1375 οὐ
1679 1318 1989 1393 Χριστώνυ-

340 1432 451 1485 μον
483 1411 544 1465 τὸ
572 1411 936 1484 κτεινόμενον,
968 1411 1060 1467 καὶ
1118 1411 1208 1487 βίᾳ
1269 1410 1482 1485 μᾶλλον
1539 1412 1575 1482 ἢ
1634 1414 1818 1468 πειθοῖ
1870 1417 1986 1474 τοῖς

345 1500 598 1575 Βλάχοις
637 1500 916 1575 ὁποκύψαν
976 1498 1117 1573 μηδέ
1163 1508 1566 1577 προσχωρῆσαν
1624 1500 1989 1571 έκουσιότητι.

2173 966 2261 1021 12.
2296 967 2527 1025 Erricus
2549 986 2780 1041 quoque
2808 971 3198 1044 Arcadiopoli,
3249 977 3317 1029 ut
3371 973 3514 1030 solis
3562 975 3750 1031 ventis

2100 1053 2428 1125 habitabili,
2463 1058 2770 1128 praeterita,
2826 1075 2929 1130 per
2984 1060 3101 1115 vim
3159 1063 3378 1132 Aprum
3421 1062 3745 1132 ingressus,

2099 1141 2251 1199 cives
2307 1143 2691 1201 inclementer
2749 1152 3023 1203 tractatos
3102 1149 3284 1206 occidi
3362 1149 3525 1217 sinit,
3580 1151 3747 1222 quasi

2097 1249 2236 1306 grex
2268 1240 2371 1290 aut
2402 1241 2757 1307 armentum,
2786 1253 2903 1293 non
2962 1243 3154 1295 autem
3216 1240 3556 1306 Christiani,
3590 1247 3647 1296 et
3691 1243 3746 1297 vi

2098 1324 2294 1396 potius
2327 1324 2551 1381 subacti
2612 1343 2780 1395 quam
2834 1344 2941 1383 sua
2994 1333 3205 1400 sponte
3255 1330 3474 1386 addicti
3513 1329 3743 1386 Blacbis

2096 1412 2548 1469 trucidarentur.
2584 1415 2749 1472 Multi
2774 1417 2949 1473 etiam
2977 1418 3152 1472 vincti
3184 1417 3408 1491 laqueis
3458 1436 3558 1490 per
3588 1418 3735 1476 821

2103 1503 2277 1558 urbes
2306 1509 2357 1559 et
2388 1520 2572 1576 pagos
2603 1505 3212 1575 circumducebantur,
3265 1511 3331 1564 ut
3377 1508 3743 1564 emendicata

339 1588 560 1645 Πολλοὶ
614 1586 670 1644 δὲ
728 1589 815 1644 καὶ
874 1587 1217 1665 σχοινόδετοι
1258 1590 1395 1646 κατᾶ
1431 1588 1622 1664 κώμας
1662 1592 1753 1646 καὶ
1798 1589 1984 1653 πόλεις

2100 1591 2347 1662 pecunia
2375 1607 2437 1648 se
2468 1609 2501 1646 a
2530 1593 2848 1650 victoribus
2880 1595 3254 1651 redimerent.
3288 1598 3350 1651 In
3391 1612 3460 1652 ea
3486 1596 3738 1652 circum-

336 1674 733 1750 περιαγόμενοι
790 1674 1014 1752 ξωγρίαι
1090 1676 1159 1731 τὰ
1228 1675 1399 1751 λύτρα
1453 1674 1825 1752 ἔρανιζόμενοι
1868 1681 1985 1740 τοῖς

339 1764 702 1842 συνειληφόσι
765 1767 1132 1830 κατετίθεσαν.
1193 1766 1260 1823 Οἱ
1308 1763 1354 1821 δ’
1409 1764 1462 1821 ἐν
1517 1770 1635 1828 ταῖς
1669 1766 1986 1842 ἀπαγωγαῖς

334 1855 563 1917 ταύταις
593 1851 915 1926 ἤνοσηλεία
974 1857 1226 1928 σώματος
1283 1853 1785 1932 προσπαλαίσαντες
1843 1854 1879 1925 ἢ
1908 1859 1989 1928 τῷ

341 1951 445 2015 τῆς
485 1941 801 2018 ὁδοιπορίας
845 1945 1011 2018 μήκει
1051 1942 1437 2011 ἐντονωθέντες
1485 1947 1582 2014 τῆς
1637 1943 1989 2021 τραχηλοκά-

338 2055 446 2102 κης
520 2034 793 2106 ἀνιέμενοι
884 2034 1149 2107 οὐμενοῦν
1226 2034 1301 2098 ὡς
1357 2033 1654 2108 ὁμόπιστοι
1720 2034 1986 2111 φθινύθειν

336 2124 532 2179 είῶντο
588 2123 678 2178 καὶ
768 2124 1298 2198 παρακατατίθεσθαι
1369 2123 1524 2198 μόρῳ
1607 2128 1819 2201 φυσικῷ
1885 2124 1985 2193 τὴν

332 2214 548 2287 ψυχήν,
610 2210 739 2267 ἀλλ’
806 2208 1331 2286 ἀπεδειροτομοῦντο
1405 2212 1633 2289 ξίφεσιν,
1693 2210 1799 2266 εἴτε
1877 2212 1985 2285 μὴν

342 2302 485 2357 κατά
510 2299 848 2380 σπλάγχνων
880 2301 1097 2375 βαθεῖαν
1152 2298 1403 2375 ἐδέχοντο
1455 2300 1554 2367 τὴν
1618 2298 1863 2373 πληγήν,
1927 2301 1986 2357 Ὀ

345 2388 397 2446 δ’
464 2390 665 2466 Ἐῥρῆς
748 2391 847 2459 τήν
914 2386 1226 2463 Ὀρεστιάδα
1305 2384 1630 2445 καταλαϐὼν
1689 2408 1985 2464 στρατοπε-

343 2477 558 2536 δεύεται
614 2479 737 2554 περί
796 2480 987 2551 αὐτὴν,
1036 2481 1252 2555 χάρακά
1316 2500 1375 2535 τε
1429 2477 1613 2553 βαλὼν
1645 2479 1734 2534 καὶ
1769 2480 1985 2554 βαθεῖαν

337 2571 547 2647 τάφρον
588 2567 893 2648 ὀρωρυχὼς
925 2569 1149 2641 (ταύτην
1190 2570 1289 2645 γὰρ
1346 2570 1446 2638 τήν
1485 2566 1645 2623 πόλιν
1701 2568 1987 2645 ἀγώνισμα

336 2661 430 2715 καὶ
464 2659 632 2723 ἆθλον
662 2659 752 2714 καὶ
819 2658 1183 2733 συμπέρασμα
1238 2663 1345 2713 τῶν
1395 2656 1576 2713 πόθων
1644 2659 1694 2712 οἱ
1764 2663 1985 2713 Λατῖνοι

336 2748 539 2822 ᾤοντο)
581 2750 657 2821 μὴ
721 2748 780 2802 ἂν
840 2746 1037 2821 ἑτέρως
1079 2745 1278 2802 ἐκεῖθεν
1338 2744 1701 2816 ἀπονοστῆσαι
1758 2751 1873 2809 τοῖς
1932 2745 1982 2802 ἒν

335 2842 408 2912 τῇ
440 2836 602 2893 πόλει
637 2833 987 2911 διήγγελλεν,
1018 2834 1069 2891 εἴ
1100 2836 1230 2909 μήτ’
1258 2834 1411 2890 αὐτοὶ
1465 2830 1721 2906 ξυμϐαῖεν
1772 2833 1982 2909 ὁμολο-

327 2929 475 3005 γίαις
514 2928 542 2998 ἢ
575 2930 707 3002 γοῦν
756 2926 908 2998 νόμῳ
975 2924 1229 2998 πολεμίῳ
1295 2928 1430 3000 σφᾶς
1478 2923 1638 2985 αὐτὸς
1703 2926 1984 3017 παραστή-
2022 2950 2064 3017 c

335 3037 512 3074 σαιτο.
544 3016 612 3074 Οἱ
678 3013 735 3070 δὲ
790 3016 878 3070 καὶ
919 3015 1055 3089 πρὸς
1127 3016 1297 3087 μόνην
1349 3016 1450 3085 τήν
1506 3019 1614 3068 τῶν
1661 3010 1981 3087 συμϐάσεων

338 3105 609 3180 ένήχησιν
656 3104 1077 3166 ἀποκναίσαντες
1122 3105 1197 3177 μὴ
1229 3103 1526 3175 Ῥωμαίοις
1585 3102 1640 3157 ἐγ
1681 3101 1840 3159 τοῦδε
1895 3105 1984 3159 καὶ

335 3194 592 3256 Λατίνοις
623 3187 809 3269 ἔλεγον
840 3194 979 3248 εἶναι
1045 3194 1204 3268 ’ὀρκια
1259 3192 1447 3263 πιστὰ,
1498 3189 1683 3262 ἐπειδὴ
1743 3194 1986 3264 καθάπαξ

337 3285 658 3341 Λατῖνοιτᾶ
688 3284 784 3357 μὲν
816 3281 869 3346 ές
908 3281 1087 3339 πίστιν
1123 3277 1398 3350 ἀϐέϐαιοι,
1439 3288 1556 3343 τοῖς
1611 3279 1668 3337 δὲ
1723 3303 1990 3358 προσχω-

344 3379 499 3447 ροῦσι
559 3370 872 3448 θηριώδεις,
939 3377 1058 3435 τοῖς
1152 3369 1209 3426 δὲ
1298 3370 1532 3445 πολέμῳ
1608 3371 1990 3447 χειρουμένοις

341 3462 734 3534 ἆνηλεέστατοι
802 3464 947 3537 παρά
1003 3460 1302 3536 Ῥωμαίοις
1359 3461 1725 3535 ἐγνώσθησαν.
1804 3464 1988 3518 Ταῦτα

341 3553 650 3627 πυθόμενος
700 3551 899 3627 Ἐῤῥῆς
953 3552 1089 3627 πρὸς
1118 3549 1296 3627 ἔργοις
1351 3551 1575 3627 γίνεται.
1636 3556 1854 3612 Δισσαῖς
1895 3552 1988 3625 μὶν

346 3642 440 3698 οὗν
507 3643 738 3717 τάφροις
785 3642 1040 3716 ἀρυκταῖς
1108 3638 1549 3714 περιεζωσμένην
1641 3640 1740 3709 τήν
1825 3637 1988 3695 πόλιν

338 3731 576 3807 εὐρείαις
603 3752 662 3786 τε
717 3731 808 3785 καὶ
875 3729 1111 3805 βαθείαις
1171 3726 1387 3802 εὕρατο,
1446 3728 1573 3791 τοὺς
1634 3725 1692 3782 δὶ
1749 3727 1989 3804 πύργους

334 3828 437 3891 τῆς
493 3818 711 3884 πόλεως
765 3819 992 3875 ἐπὶτῶν
1040 3818 1219 3895 ἄκρων
1251 3816 1568 3891 δεξαμένους
1632 3815 1691 3873 ἐκ
1747 3814 1986 3873 δονάκων

335 3910 605 3984 πήγματα
632 3908 685 3972 ἐς
717 3906 862 3964 πολὺ
890 3911 987 3964 τοῦ
1051 3907 1211 3983 ἀέρος
1272 3902 1653 3973 ἀναϐαίνοντα,
1699 3905 1790 3960 καὶ
1847 3925 1983 3980 προ-

334 3996 676 4073 καλύμματα
704 3995 934 4073 έχοντας
991 3996 1051 4052 ἐκ
1079 3994 1349 4072 διφθερῶν
1407 4017 1465 4052 τε
1511 3996 1599 4051 καὶ
1625 3993 1879 4070 δέῤῥεων,
1910 3995 1984 4057 ὡς

337 4088 481 4162 μήτε
522 4087 916 4163 πυριφλέκτοις
979 4085 1275 4163 βάλλοιντο
1320 4085 1499 4162 βέλεσι
1557 4087 1647 4140 καὶ
1707 4086 1813 4140 εἷεν
1872 4083 1986 4159 ἃμα

336 4176 416 4240 εἰς
444 4171 732 4251 προϐολὴν
760 4179 878 4239 τοῖς
916 4175 1024 4230 ἀπὸ
1074 4176 1282 4231 τούτων
1345 4175 1612 4249 μάχεσθαι
1668 4170 1981 4247 μέλλουσιν.

2094 1679 2367 1737 ductione
2399 1680 2447 1737 si
2480 1681 2579 1753 qui
2612 1687 2714 1738 aut
2741 1683 2958 1739 morbis
3016 1684 3275 1755 oppressi
3334 1688 3436 1740 aut
3481 1685 3585 1740 viae
3614 1684 3740 1740 lon-

2093 1769 2358 1842 gitudine
2389 1769 2609 1840 fatigati
2640 1771 3009 1840 deficiebant,
3066 1772 3253 1828 laxato
3315 1771 3448 1830 colli
3511 1771 3739 1829 vinculo

2095 1874 2211 1915 non
2243 1862 2309 1914 ut
2335 1858 2652 1916 Christiani
2682 1861 2974 1932 exspirare
2998 1861 3344 1918 sinebantur
3390 1866 3448 1917 et
3488 1860 3740 1918 naturali

2096 1951 2280 2005 morte
2299 1947 2481 2017 obire,
2514 1948 2610 2004 sed
2650 1948 2865 2021 gladiis
2912 1950 3414 2006 obtruncabantur
3461 1959 3561 2006 aut
3604 1968 3738 2006 con-

2094 2037 2479 2092 fodiebantur.
2517 2037 2749 2093 Erricus
2804 2054 2960 2107 vero,
2993 2039 3197 2095 castris
3256 2040 3326 2094 ad
3384 2040 3739 2095 Orestiadem

2095 2125 2321 2198 positis,
2355 2126 2714 2198 profundum
2742 2127 2965 2183 vallum
3020 2128 3366 2183 communit.
3425 2130 3568 2183 Nam
3613 2143 3741 2183 eam

2095 2214 2298 2271 urbem
2327 2215 2563 2270 unicum
2597 2219 2914 2284 certamen,
2946 2216 3249 2287 praemium
3273 2221 3330 2272 et
3372 2217 3546 2273 finem
3579 2216 3742 2272 labo-

2095 2320 2222 2359 rum
2249 2303 2885 2367 arbitrantes,obsessis
2909 2305 3334 2361 denuntiabant
3359 2322 3421 2362 se
3458 2304 3594 2361 inde
3624 2322 3741 2363 non

2094 2408 2430 2448 recessuros
2455 2392 2648 2447 nisiea
2660 2393 2743 2448 vel
2761 2399 2964 2465 sponte
2982 2393 3178 2449 dedita
3207 2392 3293 2449 vel
3312 2394 3366 2449 vi
3389 2399 3738 2465 expugnata.

2095 2481 2162 2537 lii
2196 2497 2328 2538 vero
2348 2481 2416 2535 ad
2444 2479 2629 2537 solam
2653 2480 2963 2538 deditionis
3005 2483 3361 2539 mentionem
3411 2484 3739 2540 exacerbati

2094 2570 2523 2643 responderunt
2554 2569 2782 2626 nullum
2812 2571 2870 2625 in
2894 2575 3193 2643 posterum
3227 2573 3416 2628 {cadus
3453 2572 3606 2628 inter
3630 2573 3740 2629 Ro-

2096 2677 2300 2716 manos
2331 2664 2388 2716 et
2410 2660 2636 2716 Latinos
2659 2676 2830 2732 posse
2860 2661 3399 2731 intercedere,quod
3425 2667 3483 2717 et
3515 2662 3628 2719 ﬁde
3650 2662 3739 2718 lu-

2093 2748 2251 2804 brica
2276 2753 2334 2805 et
2361 2747 2420 2804 in
2453 2748 2751 2804 dedititios
2783 2747 3045 2805 belluina
3074 2748 3459 2816 immanitate,
3488 2751 3547 2806 in
3591 2750 3738 2806 bello

2092 2837 2369 2893 subactos
2401 2838 2611 2907 majori
2641 2836 2815 2893 etiam
2874 2836 3220 2894 crudelitate
3275 2841 3591 2895 uterentur.
3640 2840 3741 2896 His

2095 2926 2332 2992 auditis,
2363 2926 2596 2982 Erricus
2619 2927 2892 2999 operibus
2937 2927 3198 2983 intentus
3255 2927 3450 2984 urbem
3506 2929 3738 2985 duabus

2093 3015 2228 3071 latis
2252 3020 2307 3070 et
2328 3016 2636 3087 profundis
2654 3015 2828 3071 fossis
2848 3015 3271 3072 circumdatam
3304 3016 3543 3088 invenit,
3576 3017 3739 3074 urbis

2094 3120 2225 3160 vero
2260 3103 2523 3160 turribuc
2554 3108 2829 3176 pegmata
2860 3103 3151 3160 altissima
3180 3104 3424 3175 adjecta,
3458 3121 3586 3177 quae
3626 3103 3741 3175 pel-

2093 3192 2249 3249 libus
2281 3201 2334 3250 et
2363 3192 2616 3249 taurinis
2675 3192 3004 3265 tergoribus
3064 3197 3269 3250 contra
3324 3194 3520 3265 ignem
3573 3197 3632 3249 et
3666 3194 3739 3248 ad

2095 3286 2558 3355 propugnatores
2612 3282 3006 3339 defendendos
3065 3283 3510 3355 obtegebantur.
3553 3285 3743 3355 Supra

2094 3387 2192 3427 eas
2254 3370 2477 3443 ligneas
2532 3375 2724 3427 turres
2784 3371 2921 3426 mali
2988 3371 3413 3443 defigebantur,
3471 3371 3626 3428 822
3681 3371 3742 3426 in

2093 3460 2307 3532 quibus
2329 3477 2396 3516 ea
2418 3468 2579 3516 erant
2602 3477 2724 3531 quas
2749 3461 3044 3516 ﬂammam
3070 3460 3384 3517 maximam
3432 3461 3741 3517 incendere

2090 3556 2148 3608 et
2179 3550 2294 3607 late
2316 3567 2587 3622 spargere
2608 3550 2819 3607 solent.
2854 3550 3084 3606 Alicubi
3136 3551 3197 3606 in
3246 3551 3330 3607 eis
3351 3552 3526 3607 etiam
3561 3551 3743 3606 fabre-

2094 3642 2247 3698 facta
2301 3641 2649 3698 bellatorum
2710 3640 2915 3697 sedilia
2968 3641 3329 3708 visebantur,
3406 3640 3738 3708 cujusmodi

2092 3747 2291 3789 eorum
2327 3731 2587 3802 suntqui
2613 3748 2681 3786 ex
2704 3730 2979 3786 tabulatis
3013 3730 3261 3785 fundum
3319 3730 3500 3807 maris
3541 3728 3737 3799 explo-

2092 3825 2225 3877 rant
2254 3826 2311 3876 et
2347 3820 2536 3892 pisces
2575 3823 2833 3890 captant.
2871 3820 2931 3874 In
2987 3818 3283 3891 aliquibus
3339 3834 3477 3873 saxa
3517 3817 3738 3874 catenis

2090 3928 2380 3982 suspensa
2405 3909 2679 3981 gravibus
2704 3914 2761 3965 et
2783 3909 3239 3965 demittebantur
3261 3912 3319 3965 et
3340 3923 3544 3963 rursus
3567 3907 3737 3963 attol-

2091 4000 2380 4066 lebantur,
2415 4005 2472 4054 et
2504 4002 2676 4069 prout
2705 4014 2797 4052 res
2828 3995 3183 4068 postulabat,
3215 3996 3737 4052 transferebantur.

2090 4093 2369 4145 Praeterea
2391 4085 2832 4158 quatuordecim
2888 4085 3259 4141 tormentain
3310 4084 3564 4141 turribus
3597 4100 3738 4140 con-

2090 4178 2506 4251 spiciebantur.
2538 4176 2728 4241 Quare
2754 4176 2948 4230 Errico
2981 4179 3037 4231 et
3093 4175 3370 4231 exercitui
3426 4176 3618 4231 visum
3650 4179 3740 4231 est

331 4264 517 4324 Ἀλλᾶ
543 4265 634 4321 καὶ
661 4269 770 4321 τῶν
838 4263 1069 4335 ξυλίνων
1128 4260 1331 4327 ἄνωθεν
1371 4261 1591 4338 πύργων
1650 4261 1794 4317 ἱστοὶ
1851 4282 1980 4316 κατ-

420 4355 432 4372 1
695 4351 722 4372 ν
989 4352 1018 4372 Ὗ
1177 4352 1191 4372 ‘
1256 4351 1282 4372 υ
1329 4371 1334 4372 ,
1406 4349 1420 4372 ,
1495 4370 1503 4372 ξ
1520 4370 1527 4372 _
1575 4361 1597 4372 Α
1613 4349 1628 4372 Ι
1709 4371 1727 4372 η
1797 4348 1841 4372 ῘΡ
1865 4349 1877 4372 ί
1896 4352 1906 4372 Ι
1932 4371 1953 4372 η

2094 4268 2342 4342 priorem
2374 4267 2591 4322 fossam
2623 4265 2679 4321 vi
2736 4281 3040 4336 occupare,
3087 4265 3461 4336 secundaque
3512 4265 3740 4338 expleta

336 4355 634 4431 επάγησαν,
694 4351 915 4429 ἔχοντες
962 4352 1049 4409 οἵα
1104 4352 1195 4408 καὶ
1252 4351 1351 4407 ὅσα
1403 4349 1731 4425 ἐπιχυθέντα
1792 4348 1980 4423 ἐξάψαι

329 4464 392 4500 τε
448 4443 627 4523 φλόγα
677 4444 765 4499 καὶ
827 4442 905 4505 είς
984 4440 1126 4518 μέγα
1201 4439 1639 4515 προκαλέσασθαι
1722 4439 1976 4516 πέφυκεν.

327 4536 591 4610 Ἐνιαχοῦ
676 4530 735 4588 δὲ
815 4532 905 4587 καὶ
1008 4529 1091 4588 ἐπ’
1158 4531 1335 4586 αὐτῶν
1421 4527 1815 4606 προυφαίνοντο
1891 4548 1977 4584 τε·

326 4624 556 4682 κτονικὰ
632 4621 984 4696 πολεμιστῶν
1067 4617 1279 4695 ἀνδρῶν
1363 4617 1733 4691 ἆναπαύματα,
1816 4617 1979 4672 ὁποῖα

328 4712 624 4771 εἶσανίασιν
684 4712 735 4767 οἳ
795 4709 883 4766 ἐπὶ
930 4713 1040 4766 τῶν
1098 4707 1285 4784 ἰκρίων
1352 4707 1443 4762 τὸν
1531 4706 1691 4782 βυθὸν
1748 4702 1975 4781 διορῶν⁴

326 4823 418 4866 τες
478 4802 569 4858 καὶ
623 4800 691 4858 τὰ
751 4798 871 4870 ἔθνη
969 4802 1077 4854 τῶν
1171 4794 1411 4854 νεπόδων
1509 4794 1976 4860 ἑπισκόπεύοντες.

328 4892 459 4953 Ἐπὶ
498 4895 658 4948 τινῶν
697 4886 755 4944 δὲ
820 4888 911 4944 καὶ
963 4886 1149 4949 λίθους
1191 4883 1262 4941 δι’
1318 4883 1563 4940 ἁλύσεων
1606 4882 1976 4957 ἠρτημένους,

327 4980 790 5059 ἒπιχαλωμένους
849 4975 941 5033 διὰ
1001 4979 1269 5051 μηχανῶν
1332 4974 1421 5029 καὶ
1496 4974 1561 5028 αὖ
1617 4973 1783 5030 πάλιν
1852 4974 1976 5028 ἀνα-

325 5071 667 5154 φερομένους
734 5069 825 5125 καὶ
883 5069 1020 5143 πρὸς
1068 5066 1165 5128 τὰς
1235 5065 1427 5144 χρείας
1483 5069 1594 5119 τῶν
1641 5065 1977 5154 καιρῶν-με·

325 5151 689 5239 ταγομένους.
771 5157 894 5216 Ἐπὶ
954 5153 1010 5212 δὲ
1056 5155 1145 5210 καὶ
1192 5154 1424 5230 τέσσαρα
1478 5154 1613 5228 πρὸς
1669 5158 1785 5216 τοῖς
1852 5151 1978 5209 δέκα

329 5271 500 5329 πετρο
568 5251 672 5312 ὁνα
739 5245 944 5325 ὄργανα
1022 5243 1108 5300 ἐπὶ
1194 5247 1300 5299 τῶν
1384 5241 1607 5317 πύργων
1694 5242 1974 5316 ἱστάμενα.

226 5408 236 5415 ,
329 5341 553 5412 Ἕδοξεν
589 5339 683 5395 οὗν
921 5357 979 5391 τε
1031 5335 1118 5390 καὶ
1179 5337 1257 5405 τῷ
1316 5330 1677 5406 στρατεύματι
1732 5333 1830 5399 τῆς
1881 5333 1976 5405 μὲν

327 5429 434 5507 ἔξω
492 5432 699 5508 τάφρου
764 5425 997 5500 πολέμῳ
1051 5430 1337 5498 κρατῆσαι,
1399 5418 1708 5495 χωσθείσης
1767 5417 1823 5474 δὲ
1878 5428 1977 5490 τῆς

331 5507 584 5597 δευτέρας
626 5517 917 5593 προσάγειν
948 5514 1089 5570 οὕτω
1118 5511 1212 5572 τὰς
1272 5510 1527 5585 μηχανὰς
1565 5512 1682 5571 τοῖς
1747 5507 1974 5585 τείχεσι.

330 5614 603 5690 Πονήρως
624 5605 723 5664 οὖν
775 5608 813 5681 ἡ
852 5605 1038 5690 ἑφεξῆς
1069 5602 1273 5683 τάφρος
1306 5600 1440 5675 μετὰ
1468 5600 1566 5671 τὴν
1597 5604 1697 5669 τῆς
1736 5600 1817 5672 [Ρ.
1853 5602 1980 5674 401]

2089 4356 2392 4414 machinas
2424 4355 2609 4411 muris
2640 4354 2965 4410 admovere.
2997 4357 3077 4411 Ac
3121 4352 3304 4411 altera
3342 4355 3517 4420 fossa,
3552 4355 3738 4426 priore

2088 4448 2258 4518 capta
2287 4442 2601 4500 difficulter
2632 4441 2996 4514 explebatur,
3016 4447 3072 4498 et
3101 4443 3294 4512 capita
3334 4446 3392 4499 et
3415 4442 3607 4498 trunci
3639 4457 3738 4498 ca-

2089 4537 2366 4593 daverum
2399 4551 2603 4592 eorum
2635 4533 2732 4607 qui
2766 4533 3044 4605 utrinque
3073 4534 3586 4602 cadebant,hiatus
3608 4534 3736 4605 ejus

2090 4624 2296 4682 multis
2326 4625 2385 4680 in
2417 4622 2562 4679 locis
2594 4622 2928 4695 explebant.
2989 4624 3113 4689 Qua
3168 4624 3405 4679 tandem
3461 4639 3575 4679 non
3609 4621 3737 4679 sine

2088 4715 2374 4787 sanguine
2424 4713 2795 4786 complanata
2849 4712 3038 4769 scalas
3092 4713 3335 4770 turritas
3393 4714 3462 4769 ad
3524 4713 3738 4770 mmnia

2089 4806 2426 4874 adducunt;
2449 4818 2697 4875 quarum
2720 4800 2901 4857 altera
2927 4801 2983 4855 in
3011 4800 3168 4857 tossa
3188 4801 3425 4857 detenta
3454 4801 3526 4857 ob
3557 4816 3734 4873 agge-

2089 4909 2209 4949 rem
2245 4907 2446 4949 recens
2476 4900 2835 4963 congestum,
2869 4904 3121 4945 vacuum
3180 4888 3395 4945 alicubi
3453 4893 3512 4944 et
3540 4904 3735 4944 rarum

2088 4978 2817 5047 adhuc,subsedit;altera
2838 4983 2997 5033 recta
3043 4977 3113 5032 ad
3167 4992 3403 5032 murum
3428 4977 3736 5046 producta,

2088 5071 2434 5142 priusquam
2493 5067 2801 5123 diabathra
2885 5066 3293 5137 conjiceretur,
3359 5063 3516 5120 saxis
3581 5063 3735 5121 828

2088 5164 2517 5213 tormentorum
2547 5155 2795 5211 contrita
2821 5157 2906 5209 est
2934 5156 2990 5209 et
3021 5154 3175 5209 facta
3229 5150 3477 5220 inutilis,
3527 5151 3586 5207 in
3620 5168 3737 5224 qua

2088 5245 2189 5317 qui
2222 5242 2579 5315 pugnabant,
2613 5239 2852 5312 plurimi
2911 5238 3063 5295 male
3120 5244 3257 5296 sunt
3305 5238 3540 5310 accepti.
3583 5239 3733 5295 Tum

2087 5334 2253 5389 Petro
2278 5331 2527 5398 Plancio,
2559 5330 2681 5385 viro
2701 5328 3114 5385 robustissimo
3159 5333 3213 5383 et
3236 5328 3308 5384 ob
3333 5326 3731 5385 fortitudinem

2089 5418 2652 5487 celeberrimo,ca1va
2675 5423 2764 5474 est
2781 5434 2918 5475 saxo
2942 5421 3255 5473 contracta.
3282 5419 3485 5489 Itaque
3541 5433 3607 5473 eo
3639 5418 3732 5475 die

2088 5514 2330 5569 conatus
2361 5508 2694 5565 Latinorum
2726 5507 2879 5564 irriti
2911 5508 3167 5564 fuerunt.
3202 5505 3487 5563 Postridie
3538 5509 3729 5563 turres

2088 5602 2276 5659 denuo
2293 5597 2583 5656 mmnibus
2598 5596 2709 5656 alia
2722 5600 2884 5669 parte
2899 5596 3476 5684 urbisadmoventur,
3511 5612 3728 5667 easque
