4072 6218
488 366 642 428 1011

1811 359 2119 424 NICETIE
2160 359 2587 422 ΟΗΟΝΙΑΤΑΞ

3690 384 3810 447 1012

483 499 595 556 viri
623 496 1062 554 bellicosissimi
1103 496 1521 555 conscendunt.
1553 498 1781 552 Interea
1801 510 2130 566 propugna-

2247 490 2475 592 πρώτης
2527 488 2737 592 ἅλωσιν
2789 490 3114 592 ἐχωννιῖετο,
3167 497 3273 592 καὶ.
3327 499 3510 577 κόρσαι
3570 507 3810 592 ἇναυχενις

481 594 639 646 tores
658 603 794 644 cum
819 586 935 641 fere
959 599 1164 641 omnes
1190 584 1495 640 machinas
1524 585 1787 641 turribus
1837 582 2137 638 imminere

482 679 769 745 viderent,
799 680 857 732 et
905 679 1143 749 pontem
1194 674 1512 731 sublicium
1564 692 1597 731 a
1628 674 1801 731 certis
1822 672 2050 729 traduci
2082 677 2138 727 et

486 767 702 824 mmnia
722 766 846 837 jam
878 766 1237 838 contingere,
1297 764 1507 820 armati
1566 765 1749 836 portis
1798 768 2134 834 erumpunt,

484 853 776 928 quidquid
799 853 1100 910 excitando
1126 853 1509 926 augendoque
1528 852 1797 908 incendio
1831 855 2033 923 aptum
2049 856 2137 905 est

486 961 684 1002 secum
716 947 1034 1017 portantes.
1069 942 1272 1015 Pugna
1315 942 1494 1014 igitur
1550 941 1917 998 atrocissima
1973 955 2135 997 com-

487 1035 825 1100 missa,tum
848 1032 1327 1104 quoqueinlectis
1358 1032 1556 1098 rebus,
1588 1030 1880 1086 machinis
1903 1029 1964 1084 in
1996 1044 2130 1084 con-

487 1128 692 1197 specta
751 1137 955 1178 eorum
1013 1119 1309 1190 crematis,
1373 1121 1668 1177 recedunt.
1726 1119 1837 1175 Sed
1896 1122 1953 1174 et
1996 1117 2135 1173 foris

485 1212 837 1269 Blachorum
868 1216 927 1267 et
970 1210 1317 1282 Scytharum
1373 1213 1658 1265 exercitus
1710 1208 1863 1264 circa
1889 1205 2134 1281 uallum

487 1302 834 1373 obequitans
866 1304 1263 1357 commeatum
1321 1300 1382 1356 in
1432 1304 1625 1357 castra
1673 1298 1968 1371 apportari
2017 1314 2133 1353 non

487 1389 734 1447 sinebat.
767 1390 972 1459 Itaque
996 1387 1229 1445 consilii
1260 1387 1486 1459 inopes,
1535 1391 1592 1444 et
1639 1388 1970 1443 animorum
2015 1385 2134 1442 alu-

487 1478 693 1534 critate
725 1478 928 1543 fracta,
957 1493 1138 1533 novas
1156 1477 1353 1549 cepias
1376 1476 1648 1550 Byzantio
1687 1476 2134 1544 accersiverunt,

487 1584 614 1639 quas
669 1566 907 1639 quidem
966 1565 1314 1622 necessitate
1369 1567 1557 1639 magis
1609 1583 1781 1637 quam
1837 1565 2136 1622 voluntate

488 1656 647 1714 824
677 1656 915 1712 exibant
947 1672 963 1712 :
996 1671 1069 1711 ne
1100 1655 1182 1711 ita
1202 1654 1478 1722 facerent,
1509 1672 1544 1711 a
1578 1655 1827 1711 Martino
1855 1654 2135 1711 cardinali

485 1750 545 1804 ct
572 1745 798 1801 Thoma
848 1742 1153 1817 Cpolitano
1214 1744 1547 1816 patriarcha
1613 1760 1801 1817 nuper
1879 1744 2136 1801 Venetiis

487 1834 743 1908 profecto
766 1833 913 1890 diris
935 1832 1335 1907 obstringendi
1360 1839 1417 1890 et
1432 1833 1617 1890 sacris
1638 1834 2046 1890 interdicendi.
2084 1836 2135 1889 Is

487 1924 747 1981 Thomas
774 1923 964 1995 patrio
982 1922 1190 1979 vestitu
1215 1922 1458 1979 indutus
1482 1926 1624 1989 erat,
1658 1923 1756 1995 qui
1809 1940 2021 1995 corpus
2052 1924 2135 1978 ita

488 2011 926 2083 constringebat
990 2016 1058 2066 ut
1109 2009 1331 2067 acubus
1386 2008 1471 2065 illi
1529 2016 1767 2067 assutus
1823 2011 2133 2079 videretur,

491 2099 1061 2156 manibusduntaxat
1081 2103 1137 2155 et
1159 2104 1389 2172 pectore
1409 2105 1638 2172 aperto;
1657 2098 1829 2157 malis
1876 2101 1959 2157 ita
1988 2101 2137 2157 rasis

492 2193 578 2257 ut,
606 2188 1103 2261 quemadmodum
1135 2188 1195 2244 in
1227 2188 1452 2260 impubi
1502 2205 1698 2261 puero,
1758 2189 1982 2246 nullum
2035 2191 2138 2263 pili

488 2279 806 2352 vestigium
831 2287 1185 2335 cerneretur.
1217 2279 1324 2334 Sed
1375 2283 1691 2351 antequam
1742 2279 1956 2336 auxilia
1984 2280 2139 2335 veni-

491 2367 772 2435 rent,lues
803 2367 1018 2423 invasit
1049 2367 1365 2423 exercitum
1427 2383 1561 2423 cum
1618 2384 1687 2423 ex
1717 2367 1917 2425 fratcre
1972 2371 2138 2425 cada-

490 2472 694 2513 verum
725 2456 786 2512 in
820 2456 1089 2513 tentoriis
1112 2457 1459 2528 jacentium,
1491 2460 1615 2513 tum
1665 2458 1818 2528 quod
1879 2457 2137 2530 plerique

493 2560 561 2601 ac
590 2545 785 2618 potius
816 2560 1020 2601 omnes
1052 2545 1214 2602 cibos
1271 2544 1540 2601 insolitos
1581 2551 1909 2617 gustarant.
1950 2547 2138 2613 Quare

491 2637 666 2691 noctu
696 2633 833 2690 inde
850 2638 1255 2704 recesserunt;
1289 2642 1344 2691 et
1399 2634 1459 2689 in
1518 2634 1819 2706 Pamphilo
1863 2635 2137 2692 diversati

488 2738 558 2779 ex
588 2722 885 2779 diuturnis
916 2728 975 2779 et
1004 2722 1282 2779 inanibus
1330 2721 1631 2779 laboribus
1688 2739 1749 2779 se
1790 2723 2135 2780 refecerunt.

483 2812 601 2869 Nec
630 2811 670 2868 ii
702 2810 891 2869 solum
925 2811 1017 2869 his
1048 2811 1223 2868 malis
1245 2811 1559 2867 conflictati
1592 2813 1861 2881 sunt,sed
1885 2812 1925 2869 ii
1957 2812 2135 2869 etiam

484 2900 584 2972 qui
615 2916 714 2957 eos
746 2916 815 2957 ex
846 2901 990 2956 urbe
1048 2901 1320 2957 accedere
1378 2900 1508 2957 ausi
1567 2900 1841 2970 fuerunt;
1880 2907 1936 2957 et
1983 2900 2042 2957 hi
2076 2902 2134 2957 in

487 2990 696 3047 itinere
728 2991 845 3045 fere
875 3006 1080 3046 omnes
1112 3007 1144 3045 a
1201 2989 1433 3061 Scythis
1463 2995 1520 3046 et
1570 2990 1799 3047 Blachis
1846 2991 2135 3048 interfecti

482 3082 641 3135 sunt.
673 3078 837 3135 Unde
894 3078 1038 3136 alias
1097 3078 1402 3135 machinas
1450 3079 1600 3137 825
1633 3079 1916 3136 structuri
1947 3080 2135 3136 malos

482 3167 793 3224 biremium
820 3184 888 3222 ex
908 3168 1223 3225 maritimis
1244 3169 1577 3225 civitatibus
1598 3168 1979 3242 collegerunt,
2006 3176 2063 3225 et
2086 3170 2136 3225 si

2240 578 2332 634 καὶ
2397 577 2603 654 ἄκορσα
2670 581 2897 655 σώματα
2941 588 3049 639 τῶν
3106 587 3415 645 πιπτόντων
3495 577 3811 675 ἀμφοτέρξυθεν

2241 665 2579 756 ᾂνεπλήρουν
2635 670 2687 724 ἐν
2742 667 2982 733 πολλοῖς
3010 674 3111 741 τήν
3148 682 3251 745 τῆς
3276 680 3477 756 τάφρου
3514 665 3721 747 κένωσιν.
3745 695 3812 755 Ὠς

2244 753 2296 854 δῖ
2323 756 2422 829 ὀψέ
2450 777 2583 813 ποτε
2776 761 2891 854 μεθ’
2954 761 3186 854 αῖματος
3227 753 3488 842 κέχῶστο,
3544 753 3812 854 προσάγοντι

2240 845 2335 941 τας
2387 844 2732 941 πυργοειδεῖς
2777 853 2896 911 τοῖς
2934 850 3141 941 τείχεσι
3190 853 3485 941 κλίμακας.
3525 844 3668 927 Ἔνθα
3744 872 3813 941 μὶν

2240 937 2309 1032 τῇ
2338 933 2527 1032 τάφριρ
2568 935 2837 1032 ἐνίσχεται
2868 939 2956 994 καὶ
2998 940 3260 1032 ὑποχαλᾷ
3311 952 3412 1014 τῆς
3474 933 3811 1032 ὀρθότητοξ.τῷ

2242 1016 2321 1078 ἔτι
2374 1028 2523 1096 μανῴ
2587 1025 2677 1079 καὶ
2721 1023 2950 1099 διακενῷ
3012 1030 3103 1084 καὶ
3165 1032 3411 1108 νεοχύτῳ
3472 1043 3563 1104 τῆς
3614 1016 3808 1117 idicem;-

2241 1113 2276 1181 ἡ
2310 1109 2364 1166 δὲ
2406 1111 2577 1182 λοιπή
2608 1118 2716 1168 τῶν
2750 1121 2953 1192 τειχῶν
2985 1118 3070 1182 te?)
3100 1116 3350 1194 προόἇσα
3396 1125 3539 1183 οῧπω
3574 1108 3809 1209 διαϐάθραν

2244 1195 2465 1270 ἔϐαλλε,
2505 1203 2595 1257 καὶ
2626 1209 2745 1266 τοῖς
2784 1202 2844 1260 ὲκ
2898 1210 3007 1261 τῶν
3061 1206 3231 1264 ’ἱστῶν
3283 1209 3616 1288 ᾗωρημένοις
3656 1195 3810 1279 Meg.

2242 1295 2352 1345 τῶν
2385 1291 2605 1367 πύργων
2642 1294 2829 1368 βάρεσι
2861 1298 2971 1351 τῶν
3002 1294 3171 1353 λίθων
3200 1307 3475 1365 πιεσθεῖσα
3518 1308 3598 1361 καὶ
3635 1316 3734 1375 τοῖς
3771 1313 3812 1367 ἐκ

2245 1384 2520 1475 μηχανῶν
2578 1380 2812 1475 αφέμασι
2871 1380 3211 1475 συντριϐεῖσα
3266 1391 3401 1464 πρὸς
3458 1390 3598 1449 οὐδὲν
3648 1395 3807 1475 ἐγένετο

2242 1471 2547 1560 χρήσιμος.
2584 1468 2845 1560 Μάλιστα.
2871 1475 2966 1546 μὶν
2999 1474 3092 1529 οὖν
3111 1476 3205 1530 καὶ
3236 1478 3560 1537 ποΑλοὶτῶν
3585 1485 3663 1539 ἀπ’
3681 1468 3809 1560 αὐτῆς

2245 1556 2577 1650 μαχομένων
2608 1564 2790 1623 κακῶς
2820 1558 3047 1634 ἔπαθον,
3082 1565 3136 1620 ἐν
3170 1568 3254 1630 οἷς
3283 1568 3351 1638 ἦν
3387 1571 3473 1626 καὶ
3508 1574 3731 1650 Πέτροςὸ
3768 1556 3809 1635 tu

2245 1644 2530 1743 ίιλάντζης
2558 1648 2584 1702 ὁ
2616 1650 2908 1743 κράτιστος
2943 1651 3084 1743 Ϋᾶμα
3123 1656 3343 1712 πάντων
3387 1661 3475 1715 καὶ
3527 1644 3620 1724 s’c'
3645 1663 3808 1743 ἆνδρίαν

2244 1734 2706 1825 ὀνομαστότατος,
2733 1737 2874 1813 λίθῳ
2901 1742 2965 1796 τὸ
3002 1743 3226 1815 κρανίον
3282 1750 3572 1825 κατεαγείς.
3603 1755 3683 1810 Καὶ
3723 1734 3809 1814 τότε

2245 1825 2340 1897 μὲν
2365 1822 2509 1880 οὕτω
2546 1826 2613 1882 τὰ
2657 1829 2914 1885 Λατινικᾶ
2967 1829 3407 1891 διαπεπτώκασιν
3446 1822 3716 1899 διαϐοόλιαο
3761 1851 3808 1920 τῇ

2247 1911 2292 2009 δ’
2346 1914 2597 2009 ὑστεραία
2646 1922 2764 2009 τοῖς
2817 1920 3054 1995 τείχεσιν
3110 1924 3164 1978 οἱ
3224 1924 3424 2003 πύργοι
3479 1929 3624 1986 πάλιν
3686 1911 3810 2009 uisca-

2247 2003 2468 2078 άγονται
2495 2007 2611 2060 καθ’
2658 2004 2840 2082 ἔτερον
2872 2011 3036 2083 μέρος
3084 2018 3186 2081 τῆς
3220 2014 3462 2090 πόλεως,
3499 2022 3580 2074 καὶ
3619 2003 3809 2080 είσὰνεισί

2247 2114 2381 2171 σφας
2418 2096 2481 2151 τὸ
2511 2101 2607 2152 τοῦ
2655 2099 3055 2173 στρατεύματος
3101 2108 3518 2179 μαχιμώτατον.
3558 2112 3633 2168 Ἑν
3678 2115 3807 2189 τούτῳ

2248 2181 2304 2239 δὲ
2338 2185 2390 2239 οἱ
2409 2186 2508 2254 τῆς
2555 2185 2771 2249 πόλεως
2826 2188 3250 2266 ἀπομαχόμενοι
3318 2194 3506 2271 ὀλίγου
3559 2206 3699 2256 πᾶσαν
3734 2181 3803 2271 τὴέ

2253 2276 2512 2354 μηχανὴν
2543 2281 2662 2370 ταῖς
2698 2278 2915 2370 βᾼάρεσιν
2985 2279 3197 2370 ἰδόντες
3261 2284 3535 2360 ἐγγίσασαν
3580 2290 3656 2345 καὶ
3688 2291 3803 2370 vico-

2251 2385 2342 2441 ραν
2374 2366 2612 2436 ποιητὴν
2644 2367 2780 2443 πρὸς
2833 2372 2943 2424 τῶν
3001 2367 3086 2426 ἐπ’
3143 2372 3322 2444 αὐτῆς
3374 2366 3810 2452 τεταγμένωννδια-

2246 2450 2487 2530 γομένην
2516 2455 2607 2508 καὶ
2650 2459 2758 2510 τῶν
2810 2462 3014 2533 τειχῶν
3074 2459 3470 2536 ἐπιψαύουσαν,
3510 2450 3816 2523 ἀναπετάσαν-

2246 2563 2333 2605 τες
2362 2543 2457 2606 τὰς
2487 2542 2664 2605 πύλας
2694 2544 3005 2611 ἒπεκθέουσι
3058 2551 3177 2623 μεθ’
3219 2550 3410 2609 ὅπλων
3474 2556 3557 2611 καὶ
3612 2563 3701 2612 τῶν
3745 2558 3814 2613 ὅσα

2245 2633 2503 2722 τρέφουσι
2541 2637 2647 2704 πῦρ
2687 2633 2777 2689 καὶ
2806 2636 2907 2705 τήν
2940 2636 3123 2716 φλόγα
3153 2638 3248 2695 ἐπὶ
3301 2641 3440 2720 μέγα
3507 2645 3706 2722 αἲρουσι,
3750 2649 3813 2704 καὶ

2249 2721 2404 2796 μάχη
2437 2722 2819 2797 κρατερωτάτη
2877 2729 2986 2779 τῶν
3062 2728 3263 2803 πρώην
3323 2733 3628 2790 συνίσταται.
3658 2736 3814 2810 Ἀπρα·

2244 2832 2363 2867 κτοι
2409 2810 2589 2867 τοίνυν
2644 2811 2734 2867 καὶ
2799 2813 2924 2870 τότε
3004 2822 3493 2895 μεταχωρήσαντες
3572 2824 3650 2879 καὶ
3715 2826 3812 2880 αὐτὰ

2247 2902 2403 2977 εἶχον
2432 2902 2502 2990 τὸι
2534 2905 2944 2990 Ϋμηχανήματα
2990 2903 3080 2990 ἐπ’
3146 2908 3339 2983 ὄψεσιν
3384 2913 3554 2971 αὐτῶν
3589 2911 3816 2990 ἔμπιπρώ-

2247 3011 2397 3064 μενα.
2425 2988 2603 3082 έΑλλὰ
2658 2991 2749 3082 καὶ
2805 2996 2915 3048 τῶν
2970 2988 3161 3068 ἔξωθεν
3223 3002 3588 3075 στρατεύματα
3615 2988 3814 3082 Βλάχων

2241 3100 2300 3135 τε
2348 3081 2440 3135 καὶ
2498 3080 2720 3136 Σκυθῶν
2776 3084 3055 3159 περιιόντα
3108 3087 3203 3142 τὸν
3238 3090 3455 3167 χάρακα
3515 3092 3607 3148 οὐκ
3646 3080 3813 3154 εἷ’ωνίς

2248 3172 2341 3262 τήν
2367 3167 2729 3262 παρεμϐολήν
2762 3170 3074 3262 εῗσάγεσθαι
3127 3178 3198 3233 τὰ
3260 3182 3520 3256 βιώσιμα.
3557 3183 3812 3262 ’Δμηχανίᾳ

482 3257 625 3328 quid
657 3257 878 3326 deerat,
909 3272 979 3313 ex
1010 3257 1381 3329 Propontidis
1411 3260 1714 3317 montibus
1747 3260 1985 3317 arbores
2029 3275 2123 3316 sc-

2238 3261 2412 3349 τοίνυν
2464 3260 2755 3339 ληφθέντες
2810 3247 2905 3317 καὶὴ
2959 3247 3296 3333 διατεθέντες
3354 3247 3812 3349 ἀθυμότερονςιστείλ

482 3348 756 3415 cuerunt,
791 3346 971 3403 misso
1004 3345 1143 3403 illuc
1174 3347 1276 3419 qui
1340 3364 1485 3419 opus
1539 3353 1861 3406 maturaret
1905 3354 2135 3407 Conone

482 3438 713 3492 Petunas
739 3436 973 3493 comite.
1017 3437 1421 3495 Machinarum
1467 3440 1632 3511 justa
1688 3441 1855 3514 cepia
1908 3450 2131 3514 parata,

482 3540 629 3596 quas
650 3524 850 3581 multis
873 3526 931 3582 in
955 3525 1103 3583 locis
1133 3526 1283 3583 ferro
1333 3531 1535 3584 contra
1582 3530 1854 3586 incendia
1903 3534 2133 3589 munie-

482 3612 772 3681 rant,belli
796 3614 1088 3670 fortunam
1111 3614 1305 3671 denuo
1329 3620 1668 3686 tentarunt;
1723 3623 1780 3675 et
1828 3622 2132 3679 Orestiade

479 3701 906 3775 omissa,quam
931 3702 1053 3760 suis
1073 3703 1341 3761 cladibus
1373 3707 1656 3763 admoniti
1707 3708 2127 3782 inexpugnabi-

476 3789 590 3846 lem
614 3807 741 3848 esse
770 3794 1101 3861 credebant,
1134 3793 1605 3867 Didymotichum
1646 3814 1981 3871 Oppugnare
2010 3807 2128 3856 sta-

475 3885 733 3953 tuerunt,
767 3882 839 3937 ad
871 3898 1120 3955 eamque
1152 3900 1275 3939 rem
1308 3885 1520 3940 castris
1550 3885 1630 3941 ibi
1673 3888 1878 3959 positis
1908 3893 1965 3945 et
1996 3907 2126 3963 pro-

475 3968 664 4025 ductis
698 3970 981 4026 arietibus
1034 3988 1097 4028 se
1165 3977 1472 4044 pararunt.
1504 3975 1613 4030 Sed
1663 3980 1977 4049 antequam
2041 3985 2123 4039 sol

474 4074 651 4131 super
672 4075 738 4115 eo
763 4059 1105 4116 Latinorum
1130 4066 1345 4118 conatu
1398 4063 1705 4131 occideret,
1736 4083 1835 4122 aer
1874 4067 2127 4123 nubibus

474 4146 771 4220 impletur,
803 4153 862 4204 et
892 4148 1405 4207 vehementissimo
1448 4151 1623 4208 imbri
1681 4153 1891 4211 ﬂuvius
1938 4157 2124 4213 Eurus

475 4235 758 4293 dilatatus
779 4245 833 4293 et
865 4254 933 4293 ex
949 4254 1126 4310 parvo
1160 4256 1409 4312 magnus
1441 4243 1624 4298 {actus
1667 4259 1908 4315 campos
1956 4248 2124 4317 aquis

475 4324 760 4398 implevit,
791 4334 845 4381 et
875 4342 943 4383 ex
974 4327 1186 4385 castris
1241 4330 1581 4387 Latinorum
1642 4333 1836 4389 subito
1878 4338 1934 4390 et
1962 4351 2125 4390 arma

474 4419 533 4472 et
563 4414 869 4472 machinas
924 4421 982 4472 et
1038 4433 1219 4489 equos
1276 4419 1516 4475 bellicos
1581 4428 1634 4476 et
1694 4422 1849 4478 viros
1905 4424 2119 4494 avexit;

474 4502 686 4573 quodsi
716 4502 804 4559 sol
827 4503 1138 4561 occidisset
1163 4522 1228 4561 ac
1250 4506 1307 4560 id
1331 4505 1549 4563 malum
1575 4513 1749 4565 noctu
1782 4510 2119 4582 ingruisset,

2241 3346 2428 3412 λαντες
2487 3348 2541 3436 ές
2619 3351 2909 3420 Βυζάντιον
2990 3351 3250 3429 σύναρσιν
3328 3356 3490 3435 ᾔτουν
3551 3346 3628 3436 ὑφ’
3676 3362 3809 3435 ἑτέρας

2236 3438 2461 3500 νεαλοῦς
2525 3434 2827 3511 δυνάμεως.
2895 3441 2995 3497 Καὶ
3047 3442 3183 3511 ἦσαν
3275 3434 3391 3503 οἷ’δε
3481 3434 3596 3505 ὖπ⁹ή
3629 3434 3809 3525 ἀνάγκης

2240 3527 2452 3602 μᾶλλόν
2502 3548 2555 3582 τι
2607 3526 2749 3601 ἤπερ
2809 3528 2944 3583 κατὰ
2999 3532 3231 3606 γνώμην
3282 3534 3519 3610 ἐξῄεσαν,
3586 3539 3809 3615 ἀφορισμῷ

2236 3617 2326 3672 καὶ
2356 3616 2652 3690 ἀναθέματι
2686 3617 2761 3689 μὴ
2796 3617 2942 3671 οὕτω
2974 3615 3211 3695 δρῶντες
3273 3622 3688 3701 ὑποϐαλλόμενοι
3711 3624 3807 3700 πρός

2234 3727 2291 3762 τε
2329 3710 2425 3763 τοῦ
2455 3702 2835 3781 καρδηναρίομ
2863 3707 3140 3782 Μαρτίνου
3187 3713 3282 3769 καὶ
3342 3721 3509 3791 Θωμᾶ
3557 3721 3642 3772 τοῦ
3682 3734 3806 3789 προσ-

2239 3801 2386 3876 εχῶς
2417 3795 2475 3851 ἐκ
2524 3793 2771 3856 Βενετίας
2826 3793 3133 3882 ᾇφιγμένου
3191 3806 3539 3882 πατρίάρχου
3588 3808 3807 3863 Κωνστειν-

2232 3884 2626 3947 τινουπόλεως.
2684 3888 2782 3937 Ἤν
2846 3880 2903 3939 δὲ
2968 3887 3124 3952 οὗτος
3191 3880 3413 3964 ἒσθῆτάγ
3449 3880 3504 3951 τε
3529 3898 3619 3966 τήν
3638 3896 3807 3968 πάτριον

2233 3973 2630 4048 περικείμενος,
2708 3975 3112 4051 συνυφασμένην
3213 3988 3415 4059 μικροῦ
3501 3988 3574 4057 τῷ
3647 3983 3805 4054 σώματι

2232 4063 2321 4118 καὶ
2391 4063 2792 4140 ΙΞαῳιδουμένην
2852 4073 3082 4139 ἑκάστης
3121 4071 3187 4125 τὰ
3256 4071 3335 4135 εἷς
3384 4073 3613 4147 καρποὺς
3653 4072 3721 4127 καὶ
3764 4068 3805 4121 τὸ

2233 4154 2432 4222 στῆθος
2481 4156 2726 4237 ἀφιεῖσαν
2778 4160 2988 4234 ἃνετον,
3055 4164 3144 4217 καὶ
3193 4163 3257 4218 τὸ
3316 4162 3518 4241 γένειον
3577 4161 3806 4235 ξυρόμενος

2233 4237 2519 4316 δρώπακος
2578 4244 2982 4327 ἀκριϐέστερον,
3041 4251 3115 4305 ὡς
3174 4237 3432 4306 εἶναι’τὸ
3484 4255 3584 4306 τῶν
3627 4250 3808 4321 παρειῶν

2230 4327 2448 4421 έδάφιον
2514 4333 2645 4407 μηδ’
2714 4339 3150 4421 ὑποφαιούμενον
3212 4339 3363 4402 ὅλως
3443 4346 3555 4401 ταῖς
3621 4336 3805 4412 πρώταις

2229 4418 2520 4487 ἀνατολαῖς
2542 4430 2648 4481 τῶν
2677 4418 2908 4505 τριχῶν,
2969 4429 3094 4487 ἀλλ’
3127 4431 3204 4494 ὡς
3272 4430 3496 4501 ληῖστὸν
3543 4430 3805 4485 παντάπασιν

2229 4507 2460 4586 ἅχλοον.
2493 4517 2672 4586 Μήπω
2718 4516 2775 4573 δὲ
2814 4526 2915 4589 τῆς
2982 4520 3306 4595 ξυμμαχίας
3360 4521 3591 4592 ἡκούσης
3633 4514 3802 4589 καχεξία

476 4590 666 4660 major
722 4607 855 4660 pars
918 4592 1200 4648 exercitus
1258 4595 1547 4666 periisset.
1613 4598 1725 4653 llac
1783 4600 2003 4656 inusita
2062 4619 2120 4657 re

2238 4601 2459 4679 κατέσχε
2497 4606 2596 4674 τήν
2629 4612 2886 4683 στρατιὰν
2921 4610 3026 4665 ὑπὸ
3091 4630 3149 4665 τε
3205 4614 3314 4666 τῶν
3382 4604 3801 4679 καταϐεϐλημένων

474 4678 759 4735 admoniti
778 4679 969 4734 Latini
999 4682 1356 4738 cordatiores
1410 4689 1467 4741 et
1519 4702 1634 4741 non
1675 4687 1847 4758 plane
1876 4692 2114 4762 sangui-

472 4767 624 4824 narii
655 4766 791 4823 inde
820 4768 1237 4826 discedendum
1286 4789 1416 4829 esse
1459 4783 1834 4845 censuerunt,
1877 4782 1933 4833 et
1989 4780 2117 4850 ejus

467 4856 623 4914 826
654 4855 955 4913 sententiae
972 4856 1102 4915 aliis
1149 4865 1412 4918 auctores
1444 4863 1702 4921 fuerunt.
1726 4866 1835 4921 Sed
1896 4879 1948 4922 et
1981 4868 2113 4923 reli-

465 4964 619 5019 quus
677 4947 871 5003 omnis
927 4949 1211 5005 exercitus
1264 4951 1543 5008 miraculo
1602 4970 1668 5009 eo
1709 4963 2113 5013 consternatus

460 5036 723 5095 celeriter
752 5036 890 5094 inde
921 5039 1181 5110 recessit,
1243 5040 1375 5097 aliis
1433 5058 1550 5098 una
1604 5060 1738 5100 cum
1781 5046 1975 5103 Errico
2008 5049 2108 5120 By-

2224 4697 2343 4754 ταῖς
2402 4701 2642 4769 omnia;
2670 4702 2874 4771 νεκρῶν
2922 4700 3012 4753 καὶ
3063 4702 3161 4755 τοῦ
3188 4704 3300 4754 τῶν
3329 4700 3509 4771 ἀήθων
3540 4697 3609 4760 εἰς
3651 4698 3801 4770 βρῶσιν

2226 4782 2459 4856 ἅψασθαι
2517 4787 2643 4848 τοὺς
2714 4785 2941 4853 πλείους
2996 4788 3033 4859 ἢ
3089 4788 3218 4852 τοὺς
3295 4788 3545 4850 ἅπαντας.
3596 4790 3797 4860 ’Ἄραντες

2220 4874 2404 4928 τοίνυν
2453 4871 2650 4939 ἐκεῖθεν
2696 4877 2888 4941 νυκτὸς
2957 4877 3345 4953 ἂπενόστησαν,
3419 4880 3505 4935 καὶ
3557 4883 3660 4938 τοῖς
3704 4870 3795 4945 περὶ

2219 4961 2281 5015 τὸ
2316 4962 2604 5042 Πάμφιλον
2637 4967 2867 5041 χωρίοις
2917 4967 3332 5044 ἐναυλισάμενοι
3392 4976 3495 5025 τῶν
3550 4965 3796 5039 ἆντηνῦτων

2219 5050 2309 5104 καὶ
2354 5058 2573 5128 μακρῶν
2622 5059 2881 5129 καμάτων
2942 5059 3165 5122 ἑαυτοὺς
3231 5059 3581 5135 ἀνεκώχευον.
3611 5055 3712 5130 Οὖχ
3735 5052 3796 5104 οὗ·

455 5128 719 5184 zantium
752 5128 1016 5196 reversis,
1055 5127 1184 5184 aliis
1241 5129 1505 5187 civitates
1567 5132 2023 5191 mediterraneas
2056 5150 2111 5193 et

2238 5137 2387 5195 τοιδὲ
2420 5127 2587 5214 μόνον
2624 5127 2746 5209 τοῖς
2800 5152 2992 5208 κακοῖς
3042 5145 3231 5203 τοῖσδε
3276 5127 3802 5226 περιεπάρησανξάλλᾶ

454 5216 805 5286 maritimas,
839 5233 967 5288 quae
1000 5217 1219 5275 Latinis
1249 5218 1553 5291 parebant,
1586 5225 1879 5280 custodire
1899 5225 2104 5296 jussis.

2214 5230 2304 5283 καὶ
2367 5228 2567 5293 οἷ’τινες
2629 5235 2899 5309 συμμῖξαι
2983 5236 3075 5292 καὶ
3152 5235 3424 5293 συνελθεῖν
3495 5233 3804 5308 ἀπθᾶῥρησαθ

459 5304 684 5404 ἐξιόντες
740 5308 838 5373 τῆς
895 5306 1135 5381 πόλεως,
1197 5307 1505 5386 Βλαχικοῖς
1560 5310 1649 5367 καὶ
1717 5320 2005 5379 Σκυθικοῖς
2053 5318 2191 5372 κατὰ
2247 5320 2348 5387 τὴν
2381 5317 2504 5376 ὁδὸν
2575 5304 2936 5399 ἐγκόρσαντες
2962 5329 3206 5402 τάγμασι
3247 5332 3445 5404 μικροῦ
3477 5325 3577 5383 δεῖν
3627 5304 3803 5378 damnet

461 5392 1047 5491 Sisqudpncxv.:00$v
1118 5397 1192 5491 ἐςΔ
1229 5402 1531 5491 ςομπήξεις
1601 5400 1787 5458 ἄλλων
1852 5410 2121 5484 μηχανῶν
2180 5406 2463 5473 διπιδόντες
2520 5392 2723 5475 ἱστοὺς.
2760 5392 3088 5491 δυαρμένων
3140 5392 3284 5489 νηῶν
3348 5392 3407 5474 έκ
3448 5423 3549 5474 τῶν
3577 5409 3800 5487 παραλίων

466 5482 753 5581 συνέλεγον
809 5485 1051 5581 πόλεων,
1109 5488 1199 5581 καὶ
1245 5489 1386 5543 ὅσων
1426 5491 1813 5581 -ὑπεσπάνιζον,
1869 5493 1927 5549 ὲκ
1958 5482 2045 5569 [Ρ.
2080 5499 2207 5568 402]
2254 5502 2362 5551 τῶν
2394 5507 2494 5568 τῆς
2557 5482 2935 5578 Προποντίδος
2999 5507 3139 5581 ὁρῶν
3192 5482 3357 5563 ’ναοτὶ
3401 5482 3797 5579 ἀπέτεμοντάργν

466 5571 694 5671 πείςκτην
752 5574 1096 5671 πεπομφότες
1154 5575 1324 5671 ἐκεῖσε
1377 5579 1468 5634 τὸν
1527 5587 1628 5649 τῆς
1683 5582 1960 5653 Πετούνης
2029 5585 2248 5657 κόμητα
2300 5588 2533 5648 Κόνωνα.
2600 5571 2751 5647 ίΕπεὶ
2822 5591 2870 5648 δ’
2919 5571 3071 5671 εἶχόν
3128 5591 3252 5660 ἃλις
3274 5600 3383 5652 τῶν
3437 5571 3800 5659 ἑλεπόλεως-εν

468 5657 711 5721 πολλοῖς
764 5660 930 5721 αὐτὰς
963 5662 1053 5716 καὶ
1110 5661 1360 5739 σιδήροις
1417 5665 1772 5733 διαλαϐόντες
1848 5673 1924 5735 ὡς
1984 5676 2090 5730 εἶεν
2144 5678 2241 5730 τοῦ
2288 5678 2458 5753 πυρὸς
2514 5682 2931 5757 σθεναρώτεραι,
2971 5657 3121 5762 ’πρὸς
3144 5657 3261 5750 τοῖς
3298 5684 3559 5759 πολέμοις
3578 5657 3795 5740 καῖπάλιν
