4032 6216
256 400 426 463 1013
686 412 689 415 ‘
1710 404 1756 462 U
1769 399 1919 463 RBS
1962 403 2245 463 CAPTA.
3526 411 3678 467 1014

249 537 522 611 γίνονταιι
578 532 684 589 Καὶ
743 528 811 601 δὴ
841 533 941 602 τήν
999 530 1319 608 Ὀρεστιάδα
1376 533 1695 607 παρεικότες
1743 534 1818 595 ὡς
1867 532 1918 607 ἐξ
1950 533 2024 589 ὦν
2084 532 2279 590 ἔπαθον
2337 535 2444 610 οὐχ
2501 532 2783 610 ἁλώσιμόν
2848 558 2995 614 σφισι
3073 535 3316 611 δόξασαν,
3375 534 3544 616 ἔγνων
3594 546 3674 613 τῷ

245 622 656 698 Διδυμοτοίχῳ
720 617 1077 697 προσϐαλεῖν.
1138 621 1346 678 Οὐκοῦν
1404 621 1494 676 καὶ
1560 629 1687 697 παρ’
1733 623 1883 694 αὐτῷ
1942 622 2533 699 στρατοπεδευσάμενοι
2589 624 2908 700 πολιορκεῖν
2966 626 3042 689 έῗς
3091 628 3264 682 νέωτα
3306 629 3368 684 τὸ
3408 630 3666 704 φρούριον

244 712 645 789 ὃιηῤῥένωντο,
685 712 776 766 καὶ
805 712 873 767 τὰ
899 716 1269 785 τειχομαχεῖα
1299 712 1619 786 προσάγειν,
1648 711 1719 773 ὡς
1752 711 1814 765 ἂν
1847 710 2123 784 ἐξέλωσιν,
2184 714 2572 787 ἡτοιμάζοντο.
2633 714 2796 773 Ἀλλ’
2851 713 3010 772 οὔπω
3059 714 3148 771 ἔπὶ
3200 722 3279 789 τῷ
3330 721 3667 792 παροξυσμῷ

240 804 568 877 τούτῳτῶν
620 800 866 857 Λατίνων
922 798 1012 855 ἔδυ
1062 802 1089 855 6
1147 799 1331 871 ἣλιος,
1391 800 1482 854 καὶ
1548 799 1862 876 πληροῦται
1917 808 2088 876 νεφῶν
2146 804 2173 858 6
2232 805 2361 878 ἀὴρ,
2409 803 2498 859 καὶ
2548 801 2807 879 ῥαγδαίας
2863 806 3073 880 βρογῆς
3107 805 3281 861 θεόθεν
3314 806 3664 883 ἀφοριοείσης

242 891 306 948 ἔν
336 897 453 953 τοῖς
492 892 685 946 ἀνόπιν
749 895 847 946 τοῦ
907 887 1320 964 Λιδυμοτοίχου
1371 888 1584 964 μέρεσιν
1636 892 1664 945 6
1712 896 1793 962 τῷ
1844 892 2089 967 φρουρίῳ
2134 891 2453 968 παραρρέων
2513 890 2714 969 Ἕϐρος
2781 892 3106 970 διευρυνθεὶς
3164 896 3300 969 ὒετῷ
3338 899 3423 952 καὶ
3492 897 3659 974 μέγας

242 981 315 1039 εκ
342 984 542 1057 μικροῦ
592 984 689 1034 τοῦ
750 980 875 1037 τότε
940 980 1125 1057 φανεὶς
1193 981 1289 1041 τας
1357 977 1616 1041 πεδιάδας
1674 977 1923 1050 έξυδατοῐ
1975 983 2064 1037 καὶ
2122 987 2203 1056 τῷ
2262 982 2611 1059 στρατοπέδῳ
2655 989 2762 1039 τῶν
2817 984 3061 1040 Λατίνων
3093 984 3409 1055 ἐξαπιναίως
3439 984 3661 1041 ἐπικλυ-

241 1073 395 1138 σθεὶς
451 1069 599 1127 ὅπλα
648 1070 947 1146 παρασύρει
1015 1070 1105 1124 καὶ
1169 1069 1448 1144 μηχανὰς,
1504 1068 1704 1132 ἵππους
1753 1070 1954 1147 ἀπάγει
2011 1070 2376 1146 πολεμιστὰς,
2435 1071 2633 1147 ἄνδρας
2700 1071 3136 1149 διανηχομένους
3201 1075 3292 1130 τὸν
3365 1075 3659 1150 Ἀχέροντα

241 1160 533 1218 δείκνυσιν
570 1161 615 1215 εί
668 1157 715 1214 δ’
741 1159 841 1215 ούκ
890 1160 957 1228 ἦν
1017 1158 1156 1214 ἐσέτι
1213 1153 1563 1237 φαυσιϐολῶν
1623 1157 1808 1227 ¹ἥλιος,
1857 1158 2006 1215 ἀλλὰ
2060 1162 2123 1216 τὸ
2183 1157 2352 1216 δεινὸν
2405 1164 2597 1225 νυκτὸς
2656 1160 2959 1239 ἐπεγένετο,
3006 1164 3066 1218 τὸ
3086 1164 3275 1220 πλεῖον
3310 1166 3369 1219 ἄν
3400 1163 3656 1221 ἀπώλετο

236 1251 344 1306 τοῦ
403 1249 829 1325 στρατεύματος.
890 1250 983 1320 Τῷ
1041 1245 1087 1302 δ’
1158 1246 1375 1320 ἐξαισίῳ
1420 1251 1518 1303 τοῦ
1587 1249 1912 1321 πράγματος
1968 1249 2408 1326 καταπλαγέντες
2457 1252 2650 1306 ὁπόσοι
2698 1255 2806 1307 τῶν
2860 1251 3101 1307 Λατίνων
3149 1251 3202 1314 ἐς
3256 1257 3376 1308 νοῦν
3424 1249 3657 1320 ἕϐαπτον

245 1337 387 1414 μηδ’
443 1339 687 1412 αἱμάτων
739 1335 928 1412 ἄνδρες
984 1336 1037 1400 ἐς
1105 1338 1167 1391 τὸ
1215 1335 1477 1397 παντελὲς
1536 1335 1831 1413 ἐτύγχανον
1882 1337 2051 1409 ὄντες,
2087 1340 2493 1412 μεταναστεόειν
2544 1339 2742 1396 ἐκεῖθεν
2780 1338 2996 1396 ε’ίλοντο
3023 1342 3113 1396 καὶ
3142 1346 3256 1404 τοῖς
3286 1339 3481 1405 ἅΛλοις
3511 1339 3654 1398 οὕτω

238 1433 429 1484 ποιεῖν
480 1425 751 1510 ὑπέθεντο.
814 1425 988 1483 Ἀλλὰ
1041 1426 1132 1481 καὶ
1188 1426 1252 1480 τὸ
1308 1424 1503 1481 λοιπὸν
1549 1431 1649 1496 τῆς
1707 1430 1960 1500 στρατιᾶς
2028 1428 2103 1489 εἰς
2150 1432 2331 1502 θαῦμα
2356 1430 2419 1485 τὸ
2452 1431 2673 1504 γεγονὸς
2729 1429 3188 1505 θέμενοιταχέως
3210 1430 3399 1505 ἐξῆραν
3430 1430 3649 1495 ἐκεῖθεν.

237 1516 351 1575 Καὶ
384 1518 436 1572 οἱ
470 1517 561 1590 μὲν
614 1517 707 1570 σὺν
766 1515 916 1587 αὐτῷ
979 1520 1057 1587 τῷ
1088 1514 1257 1592 Ἐῥρῇ
1330 1515 1430 1591 τῂν
1497 1514 1910 1572 Κωνσταντίνου
1969 1511 2291 1588 κατέλαϐον,
2335 1520 2392 1572 οἱ
2451 1516 2508 1573 δὲ
2562 1520 2658 1581 τάς
2710 1520 2903 1581 πόλεις
2973 1524 3224 1597 φρουρεῖν
3272 1520 3648 1595 ἐπετράπησαν

237 1607 440 1662 ὁπόσαι
480 1605 733 1682 χερσαῖαί
761 1626 820 1660 τε
840 1604 929 1660 καὶ
969 1603 1500 1680 ἀγχίακοιΚατίνοις
1531 1603 1834 1675 ὕπήκουονο

318 1695 411 1772 ιγ’.
473 1693 631 1764 Πλὴν
689 1692 803 1749 οὐδ’
864 1692 1035 1754 οὕτως
1102 1694 1385 1769 ἠρέμησαν
1428 1694 1494 1747 τὰ
1554 1693 1720 1762 δεινὰ,
1762 1691 1872 1749 οὕτε

2078 1696 2383 1753 t3.Verum
2408 1712 2478 1753 ne
2496 1697 2580 1754 sic
2599 1698 2839 1771 quidem
2885 1696 3041 1754 mala
3060 1696 3405 1769 quieverunt
3425 1702 3528 1754 aut
3556 1713 3648 1754 res

250 1787 361 1860 μὴν
402 1782 611 1859 βελτίω
640 1785 789 1858 παρὰ
844 1786 1005 1840 τοῦτο
1039 1784 1337 1856 Ῥωμαίοις
1392 1783 1552 1861 έφένη
1597 1783 1666 1839 τὰ
1711 1783 1891 1860 πράγ-

245 1894 410 1948 ματα.
463 1875 534 1930 Ἤ
594 1893 654 1929 τε
706 1873 809 1947 γὰρ
868 1870 1112 1927 Λατίνων
1173 1871 1442 1946 ὑπεροψία
1472 1872 1562 1927 καὶ
1588 1874 1723 1947 πρὸς
1752 1872 1890 1928 Ῥω-

244 1963 443 2037 μαίους
476 1960 684 2036 ὑποψία
722 1961 812 2016 καὶ
850 1962 914 2016 τὸ
972 1965 1067 2015 τοῦ
1133 1962 1481 2041 φρονήματος
1538 1961 1888 2035 ἄκαοαίρετον

241 2059 347 2122 τῆς
399 2053 593 2127 πρώην
651 2049 955 2126 προθέσεως
1005 2048 1211 2124 ε’ἰχετο,
1258 2049 1349 2106 καὶ
1378 2050 1413 2105 ’ὰ
1455 2049 1583 2124 δρᾷν
1614 2048 1713 2105 οὐκ
1732 2049 1889 2127 εἶχον

243 2141 375 2205 τοὺς
403 2139 738 2202 ἀποστάντας
775 2139 867 2194 καὶ
925 2140 1040 2193 καθ’
1086 2138 1159 2194 ὧν
1214 2137 1488 2201 πολλάκις
1541 2137 1636 2200 τὰς
1678 2136 1887 2217 λόγχας

242 2230 545 2301 ἠκόνησαν,
577 2233 743 2285 ταῦτα
799 2233 917 2291 τοῖς
985 2229 1089 2284 ὑπὸ
1136 2233 1299 2304 χεῖρα
1337 2225 1414 2284 ἔτι
1472 2226 1748 2306 ἒπέφερον,
1796 2227 1887 2284 καὶ

234 2327 354 2376 κατ’
383 2320 562 2375 αὐτῶν
591 2318 738 2388 τοὺς,
771 2316 994 2380 ὀδόντας
1048 2312 1304 2393 ἔϐρυχον.
1347 2319 1451 2375 Καὶ
1493 2318 1528 2389 ἠ
1576 2321 1686 2373 τῶν
1750 2318 1887 2394 πρὸς

231 2407 308 2466 ἕω
335 2410 624 2483 Ῥωμαίων
656 2407 780 2483 περὶ
818 2409 881 2483 τρ
938 2413 1117 2470 κακῶς
1175 2408 1387 2482 πάσχον
1448 2408 1704 2481 ὁμογενὲς
1762 2406 1883 2461 ἀνε-

229 2476 537 2576 πίστροφος
597 2476 798 2573 γνώμη
849 2476 938 2553 καὶ
1015 2499 1050 2566 ἡ
1107 2476 1381 2564 πανπλης
1439 2476 1735 2571 παρόρασις
1792 2501 1881 2550 καί

228 2588 495 2660 ἑπίλησις
556 2588 806 2667 ἀφόρητα
860 2580 1117 2642 ἔϐαλλεν·
1190 2583 1313 2640 οὔτε
1367 2586 1470 2659 γὰρ
1519 2588 1801 2659 χρήμασιν
1844 2586 1880 2654 ἢ

231 2678 604 2754 στρατεύμασι
649 2681 758 2734 τῶν
818 2674 1048 2731 δυτικῶν
1118 2670 1586 2748 ἀντελαμϐάνοντο
1636 2673 1875 2732 πόλεων.

230 2766 399 2824 Ἀλλ’
439 2768 491 2822 οἱ
535 2769 630 2840 μὲν
659 2770 880 2821 Λατῖνοι
913 2772 1016 2836 τῆς
1056 2765 1235 2827 Ἀσίας
1299 2764 1753 2843 ἀναχωρήσαντες
1780 2766 1880 2834 τὴν

232 2858 453 2929 Θρᾲκην
513 2853 765 2924 ἔκοπτον,
831 2854 1001 2929 μόνην
1061 2854 1489 2931 ἀναῤῥιπτοῦσαν
1555 2854 1645 2909 τὸν
1740 2853 1874 2927 ύπέρ

227 2944 542 3020 ἂλευθερίας
564 2943 854 3018 Ῥωμαίων
883 2940 1153 2999 κίνδύνον·
1215 2942 1266 2997 οἶ
1312 2940 1369 2998 δὲ
1425 2941 1685 3018 ἡμέτεροι
1715 2963 1873 3018 στρα-

228 3035 393 3111 τηγοὶ
442 3039 538 3091 τοῦ
595 3055 655 3089 εκ
706 3038 853 3109 σφῶν
905 3030 1150 3088 κινδύνον
1208 3031 1356 3107 παρά
1411 3030 1565 3101 δόξαν
1604 3030 1874 3094 ἀνεθέντες
1909 3064 1955 3131 Β

230 3122 390 3181 οὐδὲν
441 3125 577 3193 ἦσαν
608 3120 873 3196 οὐδαμοῦ,
924 3119 1048 3177 οὔτε
1102 3122 1209 3194 μὴν
1272 3121 1543 3194 σωτήριόν
1571 3143 1623 3177 τι
1655 3122 1743 3176 καὶ
1776 3143 1879 3196 φυ-

228 3212 533 3287 λακτήριον
589 3211 803 3271 ἑαυτοῖς
853 3210 944 3264 καὶ
1010 3213 1127 3271 τοῖς
1195 3206 1451 3287 φυλέταις
1513 3207 1877 3281 μετήλοοσαν,

224 3300 360 3358 ἀλλ’
390 3301 467 3363 είς
506 3304 630 3356 νοῦν
664 3297 930 3372 ἀδόκιμον
960 3294 1348 3374 παραδοθέντες
1399 3297 1491 3352 καὶ
1547 3298 1743 3359 αὐτοὺς
1771 3297 1877 3352 ἀπὸ

225 3395 370 3447 Θεοῦ
405 3390 770 3465 μακρύναντες
804 3386 942 3443 ὣστε
990 3387 1059 3442 τὰ
1119 3387 1194 3461 μὴ
1252 3387 1558 3456 καθήκοντα
1607 3383 1732 3461 δρᾷν
1789 3383 1877 3439 καὶ

229 3477 504 3556 μηδαμῶς
530 3474 663 3535 ἴέναι
693 3478 830 3554 πρὸς
859 3476 1133 3545 α’ἰσθησιν,
1162 3476 1304 3531 κατὰ
1361 3473 1578 3547 δήμους
1628 3476 1718 3529 καὶ
1772 3495 1878 3550 φα-

225 3570 380 3645 τρίας
412 3566 717 3639 διέστησαν,
740 3566 932 3628 πόλεις
956 3565 1240 3639 ἐξέμηναν,
1262 3567 1382 3620 κατ’
1405 3563 1673 3636 ἀλλήλων
1706 3562 1877 3619 ὡπλί-

227 3670 432 3730 σθησαν
509 3657 636 3721 τοὺς
703 3656 937 3729 θεσμοὺς
1006 3662 1107 3725 τῆς
1155 3653 1467 3731 συγγενείας
1525 3651 1873 3729 συγχέαντες,

224 3752 317 3824 [Ρ.
353 3750 480 3821 403]
509 3748 598 3802 καὶ
626 3746 878 3822 γεγόνασι
912 3744 1058 3822 φυλή
1096 3743 1243 3821 φυλὴ
1277 3743 1368 3798 καὶ
1399 3742 1621 3818 Ἰσραὴλ
1641 3740 1872 3814 Ἰούδας,

223 3840 292 3895 τὸ
348 3836 522 3892 πάλαι
578 3836 726 3911 παρᾶ
778 3839 858 3906 τῷ
916 3834 1175 3910 προφήτῃ
1237 3831 1627 3908 θρηνούμενον,
1672 3829 1729 3887 οῗ
1776 3832 1871 3904 μὲν

220 3926 367 4001 τῷδε
422 3927 798 3987 συννεύσαντες
865 3923 955 3977 καὶ
1013 3923 1088 3986 ὡς
1130 3923 1347 3997 βασιλεῖ
1375 3927 1521 4002 σφῶν
1542 3920 1871 3998 επροσφερό-

227 4039 406 4093 μενοι,
442 4015 493 4071 οἱ
529 4015 578 4071 δ’
601 4013 787 4087 ἐκείνῳ
817 4011 1238 4089 προσρέψαντες,
1298 4011 1372 4072 ὡς
1423 4011 1513 4066 καὶ
1554 4016 1670 4072 τοῖς
1727 4008 1871 4065 πολ-

223 4107 347 4168 λοῖς
374 4107 463 4161 καὶ
531 4110 649 4168 τοῖς
708 4102 998 4181 φρονίμοις
1054 4101 1325 4177 κρίνεσθαι
1380 4099 1456 4161 εἰς
1514 4100 1747 4172 κατάραν
1779 4099 1869 4154 καὶ

222 4194 558 4271 πλησμονὴν
589 4193 680 4249 καὶ
746 4199 848 4262 τῆς
903 4189 1223 4267 ὁμογενείας
1264 4186 1728 4262 ἀπαλλοτρίωσιν.
1780 4189 1867 4249 Ὠς

222 4284 283 4342 δέ
312 4305 447 4341 ποτε
476 4279 810 4356 συνέδραμον
833 4278 886 4342 ἐς
917 4276 1127 4358 φιλίαν,
1158 4273 1273 4332 οὐδ’
1316 4275 1461 4331 οὕτω
1520 4276 1613 4349 μὶν
1660 4275 1734 4336 ὡς
1790 4275 1866 4338 εἰς

223 4375 352 4451 μίαν
382 4369 837 4447 συνηρμόσθησαν
890 4367 1142 4445 γιώμην.
1202 4361 1315 4420 οὐδ’
1374 4362 1428 4426 ἐς
1495 4364 1864 4436 συνασπισμὸν

2000 1786 2377 1842 secundiores
2432 1787 2712 1844 Romanis
2782 1788 3035 1854 fuerunt,
3090 1787 3244 1859 quod
3306 1787 3642 1843 Latinorum

2000 1874 2383 1947 despicientia
2412 1881 2469 1932 et
2498 1878 2569 1933 de
2607 1876 2886 1933 Romanis
2943 1876 3199 1948 suspicio
3256 1880 3312 1932 et
3367 1877 3647 1950 implaca-

1998 1962 2145 2019 biles
2162 1965 2344 2020 animi
2376 1965 2684 2038 antiquum
2706 1965 3069 2022 obtinebant.
3101 1966 3246 2022 Nam
3292 1983 3416 2037 qua
3443 1967 3642 2022 deserc

1997 2051 2244 2119 toribus,
2278 2058 2482 2108 contra
2511 2070 2659 2124 quos
2681 2070 2834 2126 saepe
2872 2053 3074 2110 hastas
3098 2059 3396 2122 acuerent,
3429 2055 3642 2111 inferre

1997 2157 2113 2197 non
2136 2146 2425 2213 poterant,
2446 2158 2507 2198 ea
2526 2142 2585 2197 in
2611 2142 2901 2215 proximos
2924 2159 3184 2215 quosque
3207 2144 3638 2216 perpetrabant,

1994 2235 2051 2287 et
2080 2239 2282 2287 contra
2312 2248 2410 2287 eos
2438 2231 2707 2287 dentibus
2755 2232 3119 2288 frendebant.
3152 2232 3266 2289 Sed
3322 2237 3379 2288 et
3433 2231 3641 2288 Orien-

1994 2317 2201 2374 talium
2268 2323 2673 2375 Romanorum
2729 2317 3090 2391 negligentia
3146 2335 3281 2391 erga
3332 2318 3642 2392 populares

1991 2408 2238 2464 afﬂictos
2270 2417 2323 2463 et
2355 2425 2628 2464 summus
2661 2410 2972 2479 despectus
3000 2416 3176 2481 atque
3232 2408 3441 2465 oblivio
3477 2409 3643 2465 dolo-

1994 2515 2114 2555 rem
2169 2514 2315 2569 pene
2373 2497 2800 2555 intolerabilem
2863 2499 3126 2569 pariebat
3174 2516 3188 2554 :
3258 2516 3394 2555 nam
3454 2515 3639 2571 neque

1991 2588 2256 2659 pecuniis
2283 2604 2470 2659 neque
2502 2588 2755 2645 militum
2789 2589 2976 2661 copiis
3021 2587 3491 2645 Occidentalibus
3550 2606 3639 2644 ur-

1989 2676 2164 2734 bibus
2184 2678 2712 2735 subveniebant.Ac
2736 2679 2959 2735 Latinis
2979 2695 3047 2734 ex
3068 2678 3208 2734 Asia
3251 2678 3531 2750 digressis
3585 2687 3638 2733 et

1986 2768 2312 2837 Thraciam,
2345 2784 2472 2838 quea
2512 2767 2639 2824 sola
2668 2784 2771 2840 pro
2799 2767 3067 2824 libertate
3125 2767 3515 2824 Romanorum
3555 2768 3640 2822 di-

1988 2858 2261 2927 micabat,
2291 2856 2680 2924 vastantibus,
2712 2857 2897 2913 nostri
2962 2857 3141 2913 duces
3172 2873 3238 2912 eo
3294 2855 3635 2912 discrimine

1987 2947 2196 3017 praeter
2215 2946 2707 3017 exspectationem
2738 2943 2968 3001 libeJati
2999 2960 3292 3015 nusquam
3333 2944 3508 3000 ofﬁcii
3539 2944 3631 2999 sui

1987 3033 2398 3101 meminerant,
2430 3047 2617 3104 neque
2643 3031 2897 3088 salutare
2926 3033 3248 3106 quidquam
3305 3032 3375 3089 ad
3420 3032 3511 3088 sui
3541 3032 3631 3088 vel

1990 3121 2363 3194 popularium
2394 3120 2793 3178 defensionem
2815 3120 3316 3178 conabantur.Sed
3340 3119 3632 3191 corruptis

1988 3210 2241 3283 ingeniis
2291 3209 2535 3281 prmditi,
2593 3214 2652 3266 et
2707 3214 2773 3265 ut
2828 3210 3098 3266 homines
3154 3209 3305 3265 827
3353 3209 3565 3264 deserti
3599 3226 3634 3262 a

1988 3305 2103 3357 Deo
2135 3307 2306 3372 atque
2335 3300 2500 3372 impii
2532 3304 2770 3372 stupore
2826 3300 3078 3371 quodam
3130 3297 3339 3367 aﬁ‘ecti,
3374 3298 3629 3369 atquein

1988 3390 2272 3447 factiones
2294 3388 2664 3457 divisi,urbes
2686 3388 3090 3456 concitarunt;
3123 3385 3223 3444 alii
3271 3385 3417 3443 alios
3447 3401 3629 3458 oppu-

1986 3482 2244 3552 gnarunt
2271 3476 2483 3534 violato
2509 3478 2638 3549 jure
2670 3475 3037 3549 cognationis
3071 3492 3087 3543 ε
3130 3473 3393 3531 tributim
3433 3490 3632 3546 segre-

1985 3567 2102 3640 gati
2133 3572 2321 3636 sunt;
2379 3565 2552 3623 Israel
2603 3566 2785 3622 ludas
2844 3566 3030 3621 factus
3080 3567 3189 3633 est,
3222 3566 3286 3619 ut
3316 3569 3478 3619 vetus
3533 3562 3630 3618 ille

1985 3655 2271 3729 propheta
2300 3655 2584 3727 queritur,
2613 3654 2742 3710 aliis
2774 3654 2910 3710 huic
2941 3658 3004 3710 ut
3033 3652 3155 3724 regi
3194 3651 3462 3716 addictis,
3495 3650 3627 3706 aliis

1983 3745 2054 3800 ad
2085 3742 2266 3801 alium
2300 3742 2753 3799 conﬂuentibus.
2786 3742 2920 3806 Quae
2953 3757 3043 3796 res
3100 3738 3323 3806 multis,
3366 3738 3624 3809 prudeno

1982 3832 2230 3890 tioribus
2251 3830 2979 3904 przesertim,exsecrationi
2994 3827 3224 3894 similis,
3249 3831 3307 3883 et
3326 3828 3627 3882 destruen-

1982 3922 2068 3976 das
2109 3920 2531 3978 necessitudini
2587 3925 2645 3974 et
2704 3918 3044 3974 inducenda
3102 3914 3437 3974 alienatieni
3494 3930 3624 3971 esse

1980 4009 2295 4065 videbatur.
2333 4008 2455 4063 Etsi
2478 4012 2671 4063 autem
2700 4008 2937 4062 tandem
2959 4007 3029 4061 ad
3053 4004 3372 4062 amicitiam
3412 4004 3621 4060 ineun-

1979 4098 2114 4153 dam
2146 4101 2589 4164 concurrerunt,
2648 4103 2838 4150 tamen
2898 4108 2969 4150 ne
3023 4098 3147 4149 tum
3182 4093 3418 4163 quidem
3452 4091 3624 4164 plane

1979 4189 2417 4254 consenserunt,
2487 4187 2587 4240 aut
2638 4183 2737 4239 alii
2793 4182 2940 4238 alios
2996 4182 3068 4238 ad
3113 4180 3250 4237 belli
3282 4182 3622 4238 societatem

1977 4274 2259 4334 cohortati
2293 4274 2411 4330 ullo
2445 4274 2617 4330 modo
2647 4271 3117 4328 Occidentalibus
3155 4271 3400 4327 urbibus
3450 4287 3621 4344 opem

1978 4365 2125 4421 ferre
2156 4367 2487 4420 statuerunt
2519 4379 2532 4419 :
2567 4360 2669 4417 sed
2719 4360 2988 4418 creandis
3039 4359 3488 4433 imperatoribus
3529 4360 3618 4418 in-

216 4428 1091 4536 ἀλλήλουςηπαρακροτήσαντες
1172 4455 1434 4529 ἐπαρῆξαι
1521 4454 1668 4517 ὅλως
1742 4428 1861 4517 ταῖς

1983 4452 2121 4509 tenti
2156 4453 2341 4509 instar
2367 4450 2649 4524 gregatim
2702 4449 3024 4506 volantium
3084 4448 3277 4506 avium
3332 4465 3466 4506 cum
3503 4465 3620 4506 uno

217 4553 497 4630 ἱσπερίαις
546 4549 836 4627 προέθεντο
906 4548 1154 4615 πόλεσιν,
1207 4543 1336 4602 ἀλλ’
1394 4545 1471 4607 εἷς
1528 4543 1866 4620 χειροτονίας

224 4641 527 4723 βλέψαντες
561 4639 830 4719 βασῖλέων
873 4638 924 4693 οἱ
960 4637 1055 4711 μὲν
1108 4636 1243 4691 κατὰ
1293 4636 1360 4690 τά
1410 4634 1703 4707 ποτώμενα
1756 4638 1864 4690 τῶν

224 4722 384 4807 ζώων
421 4727 771 4808 συμσορηδὸν
809 4724 1227 4783 συνανίπτανται
1273 4722 1416 4796 τῷδε
1457 4724 1549 4779 καὶ
1606 4724 1866 4779 συναπαί-

224 4845 438 4897 ρουσιν,
469 4823 523 4877 οἱ
556 4818 614 4876 δὲ
650 4819 740 4875 καὶ
772 4817 1006 4895 ῥάμνους
1036 4810 1362 4876 ἀκανθώδεις
1395 4812 1449 4876 ές
1497 4811 1675 4889 ἀρχὴν
1730 4833 1865 4887 προ-

222 4912 586 4992 χειρίζονται.
646 4908 749 4966 Καὶ
808 4907 876 4992 ἦν
918 4902 1236 4978 πολυαρχίσ
1290 4899 1455 4957 πάλιν
1520 4903 1583 4957 τὸ
1645 4904 1867 4992 γεγονὸς

220 4990 592 5076 ἔδίτινεμομέντῖ
648 4999 749 5068 τὴν
801 4990 897 5065 ἔω,
955 4994 1046 5049 καὶ
1103 4993 1293 5067 θηρίον
1360 4992 1686 5065 τρικάρηνον
1760 4990 1865 5047 ὐπὸ

216 5097 328 5149 τῶν
364 5087 671 5165 ἀϐελτέρῶν
706 5079 1059 5159 διαπλεχθέν.
1094 5081 1153 5137 ’U
1187 5081 1279 5154 μὶν
1318 5082 1422 5158 γὰρ
1476 5080 1866 5155 Μαυροζώμης

210 5178 482 5250 Πανουήλ
521 5198 614 5253 τον
644 5174 998 5250 Καϊχοσρόην
1042 5166 1266 5237 ὑποδὺς,
1299 5169 1360 5223 ού
1400 5170 1539 5223 πάνυ
1581 5168 1689 5245 πρὸ
1731 5168 1867 5225 πολ-

214 5270 320 5327 λοῦ
390 5273 462 5343 τῇ
521 5265 711 5341 σετέρᾳ
767 5261 992 5340 θυγατρὶ
1072 5258 1404 5336 συναφθέντα
1460 5258 1550 5313 καὶ
1590 5265 1689 5327 τῆς
1723 5260 1864 5314 Ἰκο-

208 5360 464 5437 νιαρχίας
495 5357 650 5421 αὗθις
696 5348 1026 5427 λαϐόμενον,
1083 5351 1149 5418 ἧς
1208 5348 1326 5423 εἶχε
1377 5347 1645 5425 πρότερον
1712 5346 1860 5404 ἐκπε.

217 5436 353 5521 σὼν,
381 5449 555 5504 πάντα
584 5449 649 5515 ἦν
687 5442 1111 5518 μηχανώμενος,
1155 5436 1203 5492 εἴ
1231 5458 1349 5499 πως
1414 5437 1561 5507 αὐτῷ
1618 5457 1863 5509 συναιρο-

221 5537 388 5615 μένου
431 5542 530 5594 τοῦ
562 5533 846 5612 βασιλείου
888 5530 1032 5605 τύχῃ
1083 5529 1370 5600 ὀνόματος,
1429 5528 1516 5582 καὶ
1561 5529 1659 5595 τὴν
1726 5528 1859 5599 ὅσην

216 5612 430 5700 ποτίζει
462 5622 770 5698 Μαίανδρος
819 5621 984 5677 ἐπιὼν
1039 5617 1176 5691 μετὰ
1221 5617 1478 5693 Τούρκων
1537 5612 1752 5694 ἔφθειρί
1802 5638 1862 5673 τε

219 5720 310 5778 καὶ
372 5715 595 5793 ἔκειρεν,
651 5716 712 5774 Ὀ
771 5710 827 5768 δὶ
883 5708 1156 5783 Αάσκαρις
1208 5703 1512 5782 Θεόδωρος,
1580 5706 1652 5768 ὡς
1720 5702 1860 5781 γένει

1978 4543 2230 4616 quodam
2263 4541 2656 4598 subvolabaut
2693 4544 2751 4596 et
2801 4539 3228 4609 discedebant;
3284 4539 3382 4596 alii
3439 4540 3616 4598 etiam

1978 4632 2234 4706 spinosis
2264 4631 2425 4689 rubis
2455 4630 2768 4703 imperium
2800 4628 3157 4686 deferebant.
3187 4630 3354 4687 Unde
3403 4629 3619 4686 multo-

1976 4738 2105 4779 rum
2164 4721 2500 4779 dominatus
2566 4720 2861 4777 Orientem
2939 4718 3311 4791 depascebat,
3372 4718 3617 4793 tricipiti

1976 4812 2228 4884 quadam
2261 4810 2457 4867 bellua
2486 4827 2519 4867 a
2550 4809 2897 4867 vecordibus
2926 4808 3202 4881 implexa.
3226 4809 3374 4865 Nam
3395 4808 3618 4866 Maure-

1974 4918 2170 4957 zemes
2195 4900 2429 4957 Mauuel
2454 4898 2814 4956 Caiehosrois
2833 4897 3066 4955 auxiliis
3113 4899 3316 4964 fretus,
3348 4897 3444 4953 cui
3501 4914 3615 4952 non

1976 4990 2164 5047 multo
2196 4996 2329 5046 ante
2361 4993 2699 5062 recuperato
2730 4988 2924 5044 Iconio
2962 4987 3144 5042 ﬁliam
3205 4986 3615 5055 desponderat,

1976 5080 2124 5136 nihil
2157 5096 2270 5136 non
2302 5080 2616 5137 conabatur
2674 5083 2739 5133 ut
2793 5075 3165 5149 imperatorio
3200 5074 3437 5130 nomine
3465 5074 3617 5144 poti-

1975 5172 2157 5235 retur,
2190 5172 2247 5223 et
2275 5183 2509 5223 omnem
2540 5166 2916 5222 Maeandrium
2975 5167 3230 5220 tractum
3286 5177 3422 5217 cum
3463 5160 3615 5218 828

1974 5256 2186 5313 Turcis
2211 5257 2493 5312 vastabat.
2527 5254 2871 5310 Theodorus
2913 5252 3192 5319 Lascaris,
3251 5248 3617 5306 nobilissimo

1973 5361 2183 5418 genere
2206 5351 2370 5401 ortus
2400 5350 2459 5401 et
2487 5343 2854 5413 imperatoris
2892 5341 3175 5397 afﬁnitate
3213 5340 3485 5412 inclytus,
3517 5339 3619 5397 illo

1973 5436 2278 5509 proﬂigato
2334 5438 2391 5490 et
2447 5434 2622 5489 rubro
2681 5431 2874 5489 calceo
2932 5431 3139 5487 induto
3212 5432 3284 5487 ab
3342 5430 3616 5487 omnibus

1970 5523 2365 5582 Orientalibus
2424 5521 2669 5577 urbibus
2729 5520 3046 5592 imperator
3110 5519 3610 5579 consalutabatur.

1971 5615 2148 5673 David
2174 5629 2341 5686 porro
2364 5611 2696 5667 Comnenus
2716 5611 2973 5667 exercitu
3013 5626 3081 5667 ex
3128 5610 3525 5684 Paphlagonia
3554 5618 3612 5670 et

1969 5704 2205 5761 Pontica
2236 5699 2510 5758 Heraclea
2536 5702 2755 5769 coacto,
2788 5704 2846 5756 et
2874 5699 3101 5757 Iberum
3134 5702 3231 5773 qui
3293 5702 3364 5757 ad
3406 5703 3611 5760 Phasi-
