4072 6218
494 364 649 428 1015

1811 358 2122 421 NICET/l
2163 356 2595 419 CHONIATxE

3706 362 3830 427 1016

493 501 627 557 dem
658 497 924 554 habitant
979 494 1207 565 legione
1262 493 1573 560 conducta,
1633 506 1813 564 pagos
1865 497 1923 547 et
1965 492 2141 547 urbes

2270 488 2681 565 ἶύπρεπέστατος
2749 490 2839 543 καὶ
2886 486 3043 559 κήδει
3080 486 3342 563 βασιλείῳ
3405 486 3684 563 περίδοξος,
3725 492 3833 549 ἀπο-

495 588 833 659 subigebat;
868 589 924 641 et
957 589 1023 640 ut
1051 585 1290 638 fratrem
1318 598 1493 638 suum
1538 579 1804 637 Alexium
1864 596 2146 652 magnum

495 677 784 743 redderet,
819 686 1236 743 pracursorem
1258 672 1387 742 ejus
1444 673 1502 726 et
1542 684 1866 740 praeconem
1919 670 2146 741 agebat.

497 767 781 823 Caeterum
813 763 865 818 is
896 760 1145 817 subinde
1175 759 1579 826 cunctabatur,
1614 759 1768 814 circa
1824 759 2147 830 Trapezun-

496 858 615 912 tem
647 867 873 908 moram
899 850 1135 907 trahens
1158 852 1251 915 ;et
1274 846 1445 920 plane
1466 846 1671 917 Hylam
1709 846 1901 915 illum,
1930 847 2001 903 de
2033 863 2148 919 quo

492 942 869 1017 proverbium
928 943 1040 1003 est.
1089 953 1276 1009 agens
1334 942 1615 1007 perpetuo
1670 936 1987 992 vocabatur
2043 951 2149 992 nec

492 1047 755 1105 unquam
787 1028 1186 1100 comparebat.
1242 1025 1388 1081 Cum
1449 1030 1644 1080 autem
1706 1024 1879 1080 David
1923 1023 2145 1081 adoles-

494 1126 720 1179 centem
753 1117 1094 1190 quemdam.
1154 1118 1543 1186 cognomento
1601 1112 2000 1185 Synadenum,
2051 1129 2149 1184 pro

494 1212 644 1267 duce
677 1209 747 1263 ad
771 1205 1174 1261 Nicomediam
1194 1203 1475 1271 misisset,
1510 1202 1777 1257 Lascaris
1798 1218 1929 1256 cum
1988 1217 2147 1258 exer-

496 1297 610 1355 citu
643 1300 846 1354 contra
871 1294 1037 1351 illum
1071 1292 1483 1365 proficiscitur,
1519 1307 1581 1347 se
1608 1283 1758 1346 trita'
1773 1295 1829 1345 et
1859 1289 2037 1362 plana
2061 1290 2150 1346 via

496 1385 769 1462 progredi
824 1382 1165 1440 simulans:
1227 1382 1324 1437 sed
1384 1397 1487 1453 per
1543 1380 1724 1436 aliam
1785 1396 2047 1452 asperam
2095 1385 2151 1436 et

495 1476 843 1550 impeditam
866 1490 935 1530 ex
960 1472 1279 1545 improviso
1302 1472 1673 1543 Synadenum
1698 1470 1940 1526 adortus
1973 1470 2147 1542 capit.

498 1567 718 1625 milites
775 1566 901 1637 ejus
961 1563 1230 1634 dissipat,
1286 1560 1679 1632 Davidemque
1732 1561 2015 1632 reprimit,
2079 1577 2150 1617 ne

496 1658 649 1714 ultra
673 1652 972 1711 Ponticam
998 1650 1336 1708 Heracleam
1368 1649 1794 1721 progrediatur.
1827 1649 1943 1705 Nec
1966 1649 2149 1706 multo

498 1750 630 1820 post
650 1749 1057 1800 Maurozomen
1089 1755 1321 1812 quoque
1351 1755 1488 1794 cum
1518 1738 1724 1794 Turcis
1754 1737 1810 1793 vi
1856 1737 2147 1810 proﬂigat,

2251 579 2625 652 κρουσάμενος
2648 576 2864 645 ,ἐκεῖνον
2901 578 2964 633 τὸ
3031 576 3257 652 ἐρυθρὸν
3318 574 3531 633 πέδιλοι
3593 578 3831 639 ὑποδύεται

2251 667 2341 721 καί
2375 664 2629 742 βασιλεὺς
2668 665 2960 740 Ῥωμαίων
3011 666 3095 746 ὑφ’
3140 663 3288 722 ὅλων
3341 670 3448 721 τῶν
3502 668 3640 740 έῴων
3675 671 3829 746 ἀναγο.

2257 754 2721 831 ρεύεταιπόλεων.
2752 758 2816 813 Ὀ
2869 753 2913 810 δ’
2971 754 3030 810 ἐκ
3088 759 3394 828 Κομνηνῶν
3451 751 3608 811 Δαϐἱδ
3652 780 3828 834 στρατο-

2256 845 2498 922 λογήσας
2556 844 2917 922 Παφλαγόνος
2978 845 3069 899 καὶ
3128 842 3182 899 o'i
3212 845 3315 913 τὴν
3347 847 3597 915 Ποντικὴν
3633 846 3825 903 οῗκοῦσιν

2253 933 2599 1009 Ἡράκλειαν,
2630 935 2720 990 καὶ
2781 939 2973 1007 μοῖραν
3037 934 3452 1006 μισθωσάμενος
3508 929 3712 1009 Ἰϐήρων
3749 943 3826 993 τῶν

2253 1024 2514 1078 πινόντων
2556 1027 2652 1079 τοῦ
2693 1021 2955 1092 Φάσιδος,
2978 1024 3169 1096 κώμας
3199 1023 3294 1077 καὶ
3323 1023 3511 1085 πόλεις
3558 1024 3827 1097 ὑπεποιεῖτο,

2253 1114 2465 1167 καὶτὸν
2499 1113 2699 1168 οἰκεῖον
2754 1113 3067 1189 μεγαλύνων
3121 1112 3448 1186 κασὶγνητον
3503 1113 3547 1186 ᾧ
3600 1116 3631 1183 ἡ
3680 1113 3829 1185 κλῆσις

2254 1199 2521 1272 Ἀλέξιος,
2554 1200 2873 1279 πρόδρομος
2915 1203 3120 1257 ἐκείνου
3179 1203 3273 1257 καὶ
3330 1205 3597 1279 προκῆρυξ
3646 1203 3825 1277 ἐγένετο.

2252 1293 2312 1350 Ὀ
2347 1289 2403 1347 δὲ
2433 1291 2663 1367 ἔμελλεν
2697 1293 2777 1347 ἀεὶ
2817 1292 3090 1368 χρονίζων
3120 1291 3172 1347 έν
3206 1297 3331 1356 τοῖς
3357 1292 3456 1361 τὴς
3488 1294 3832 1368 Τραπεζοῦντος

2261 1383 2466 1457 μέρεσι,
2528 1381 2618 1436 καὶ
2676 1381 3046 1456 παροιμιακὸς
3098 1378 3371 1436 ἐδείκνυτο
3414 1379 3595 1449 Ὓλας,
3673 1385 3834 1458 φωνού-

2260 1491 2419 1544 μενος
2477 1470 2567 1525 καὶ
2628 1471 2702 1543 μὴ
2765 1470 3164 1543 ὀπτανόμενος,
3224 1470 3376 1528 Ἐπεὶ
3435 1468 3492 1525 δὲ
3518 1470 3603 1524 καὶ
3627 1474 3685 1544 τῇ
3711 1477 3832 1527 Νικο-

2259 1557 2467 1633 μήδους
2509 1561 2536 1615 ὁ
2591 1555 2757 1614 Δαϐἱδ
2805 1558 2968 1620 οὗτος
3026 1557 3405 1633 προσεπέλασε
3434 1556 3521 1614 διά
3565 1580 3697 1622 τινος
3722 1562 3829 1632 αὑτῷ

2255 1654 2687 1724 στρατηγοῦντος
2733 1649 3016 1725 μείρακος,
3070 1645 3387 1720 Συναδηνοῦ
3436 1649 3532 1716 τὴν
3589 1647 3830 1719 ἐπίκλησιν,

2257 1739 2563 1813 στράτευμα
2594 1739 2914 1812 συναγείρας
2947 1737 2976 1791 ὀ
3024 1738 3303 1810 Λάσκαρις
3345 1738 3462 1790 κατ’
3504 1735 3651 1791 αύτοῦ
3684 1730 3827 1805 ἔπεισι,

493 1818 640 1908 duos
671 1832 884 1907 partim
917 1830 1087 1885 caedit
1118 1827 1328 1900 partim
1361 1827 1540 1899 capit,
1569 1843 1668 1883 eos
1690 1826 2012 1898 praesertim
2045 1826 2144 1899 qui

2270 1825 2348 1881 5ιᾶ
2409 1826 2504 1898 μὲν
2557 1831 2657 1894 τῆς
2711 1827 3083 1899 τετριμμένης
3129 1824 3222 1880 καὶ
3291 1823 3443 1887 λείας
3488 1818 3688 1902 ἔμφασιν
3739 1821 3829 1887 δοὺς

493 1939 702 1997 genere
729 1920 988 1976 illustres
1019 1919 1269 1990 primam
1302 1916 1483 1972 aciem
1516 1914 1910 1971 obtinuerant.

2252 1912 2594 1988 πορεύεσθαι,
2648 1912 3011 1989 ἐκπεριελθὼν
3081 1911 3137 1969 δὲ
3213 1918 3478 1989 τραχεῖαν
3541 1910 3693 1981 ἃλλην
3762 1915 3826 1968 καὶ

497 2005 782 2079 δύσϐατον,
838 2006 929 2062 καὶ
973 2003 1298 2076 προσπεσὼν
1359 2002 1647 2082 ἀφώρατος
1705 2006 1784 2075 τῷ
1849 1999 2172 2075 Συναδηνῷ.
2222 2004 2380 2060 Ὅθεν
2441 2002 2533 2057 καὶ
2576 2005 2951 2079 στρατηγήσας
3009 2001 3155 2058 οὕτω
3212 2003 3307 2058 τὸν
3373 2003 3570 2057 νεανίαν
3615 2001 3741 2056 αύτόν
3792 2022 3831 2056 τε

496 2098 789 2175 συνείληφε
841 2094 934 2150 καὶ
984 2094 1046 2149 τὸ
1109 2091 1318 2148 ἐκείνου
1377 2091 1685 2168 στράτευμα
1753 2087 2079 2159 διεσκέδασε,
2150 2112 2240 2146 και
2300 2092 2391 2163 τὸν
2454 2088 2618 2147 Δαϐὶδ
2681 2094 2756 2165 μὴ
2815 2092 3121 2167 περαιτέρω
3179 2090 3434 2166 προϊέναι
3484 2091 3578 2161 τὴς
3628 2097 3825 2159 Ποντικῆς

495 2184 827 2264 Ἡρακλείας
878 2183 1193 2259 παρέπεισε.
1264 2182 1398 2238 Μετ’
1465 2181 1528 2235 ού
1596 2177 1742 2235 πολὺ
1776 2177 1833 2234 δέ
1874 2179 2072 2253 καὶτῷ
2121 2181 2476 2256 Μαυροζώμῃ
2507 2179 2844 2254 συμπλακεὶς
2885 2177 3093 2258 φυλάδα
3140 2177 3385 2236 δείκνυσι
3413 2183 3613 2235 τοῦτον.
3639 2179 3825 2237 Καὶτοὺς

496 2277 772 2352 Τούρκους
808 2274 945 2329 κατὰ
975 2272 1173 2347 κράτος
1203 2271 1542 2345 τρεψάμενος
1572 2267 1665 2333 οὕς
1702 2270 1798 2342 μὲν
1848 2266 2167 2346 διέφθειρεν,
2201 2269 2292 2332 οὕς
2323 2266 2380 2325 δὲ
2426 2268 2723 2344 ἐζώγρησε,
2784 2268 2874 2325 καὶ
2931 2269 3137 2325 τούτων
3184 2268 3432 2343 μάλιστα
3494 2267 3547 2324 ο⁹ί
3598 2276 3679 2338 τῆς
3708 2288 3823 2341 στρα-

498 2371 620 2428 τιᾶς
648 2363 1052 2439 προετάττοντο
1082 2359 1170 2417 καὶ
1200 2361 1264 2416 τὸ
1292 2360 1447 2434 γένος
1477 2360 1613 2428 ἦσαν
1642 2357 1927 2432 ἐπίσημοι.

572 2456 726 2513 829
783 2455 903 2510 Hoc
963 2468 1156 2510 rerum
1211 2449 1601 2507 Orientalium
1663 2453 1819 2505 statu
1899 2450 2156 2506 Joannes

504 2546 710 2616 Mysus
739 2541 1188 2614 Philippopolim
1247 2540 1423 2612 capit,
1485 2538 1706 2608 diripit,
1736 2539 1960 2605 evertit,
2006 2539 2160 2595 cives

499 2635 820 2709 plerosque
846 2631 1203 2688 obtruncat:
1264 2631 1434 2700 cujus
1485 2628 1646 2684 urbis
1697 2628 1817 2700 jam
1878 2628 2018 2685 olim
2060 2645 2163 2700 per

507 2722 757 2780 insidias
786 2720 1183 2793 expugnandis
1215 2717 1582 2774 occasionem
1624 2721 1909 2789 captaret,
1940 2715 2163 2772 habita-

508 2813 742 2872 toribus
770 2809 1234 2875 infensissimus,
1277 2807 1425 2878 quod
1481 2804 1836 2861 deditionem
1876 2805 1989 2862 sibi
2045 2821 2162 2861 non

512 2903 794 2960 fecissent
816 2903 872 2956 et
903 2903 969 2954 ut
1025 2896 1146 2969 regi
1204 2910 1405 2968 parere
1463 2897 1908 2962 detrectassent,
1943 2893 2043 2950 sed
2105 2901 2164 2949 ut

514 2993 707 3051 virum
740 2986 1187 3060 sanguinArium
1245 2984 1488 3041 aversati
1548 2988 1761 3039 essent.
1823 2984 1970 3039 Tum
2029 2999 2165 3040 vero

513 3080 661 3137 illud
694 3079 823 3150 ejus
856 3074 1222 3132 iracundiam
1261 3080 1631 3144 exasperarat
1687 3074 1745 3127 et
1799 3071 2163 3128 barbaricam

515 3168 797 3225 feritatem
831 3167 1092 3227 auxerat,
1122 3161 1277 3232 quod
1328 3159 1594 3214 Alexium
1649 3156 1941 3230 Aspietem
2007 3173 2164 3213 rece-
2203 3216 2213 3243 θ

517 3253 929 3331 pissenteique
946 3256 1011 3306 ut
1033 3249 1165 3305 duci
1192 3246 1545 3321 paruissent,
1576 3262 1638 3302 se
1658 3262 1787 3302 vero
1824 3260 1956 3301 cum
2005 3261 2166 3301 exer-

517 3346 639 3402 citu
689 3343 1061 3399 invadentem
1120 3354 1272 3409 saepe
1338 3335 1711 3408 repulissent.
1761 3336 2039 3392 Caeterum
2099 3351 2167 3391 ea

517 3432 662 3491 urbe
685 3428 963 3487 inviolata
996 3427 1329 3491 mansisset,
1365 3425 1413 3481 ei
1443 3426 1570 3482 suis
1627 3424 1907 3497 auspiciis
1964 3424 2167 3493 guber-

521 3525 662 3580 nata
692 3523 867 3589 esset,
895 3522 1020 3573 tum
1055 3519 1207 3588 quod
1267 3514 1500 3571 Latinos
1558 3514 1806 3585 benigne
1863 3515 2164 3581 tractabat,

518 3615 647 3668 tum
679 3608 832 3682 quod
863 3608 1139 3663 Joannem
1172 3609 1400 3677 Mysum
1435 3620 1548 3659 non
1581 3619 1820 3673 prorsus
1858 3603 2163 3659 aversaba-

517 3708 635 3759 tur.
676 3699 843 3754 Nunc
903 3696 1024 3751 filia
1076 3702 1315 3750 matrem
1375 3707 1645 3763 sequens,
1704 3695 2011 3762 postquam
2067 3690 2169 3747 illa

519 3789 724 3861 regina
777 3790 835 3843 et
890 3785 1163 3858 princeps
1213 3781 1477 3837 omnium
1534 3780 1823 3836 labefacta
1879 3787 1938 3836 et
2003 3780 2169 3836 facile

523 3880 691 3949 capta
722 3878 830 3944 est,
863 3874 985 3928 haec
1009 3886 1241 3943 quoque
1288 3869 1552 3937 graviora
1601 3867 1858 3941 pertulit,
1891 3868 2166 3940 direptio-
2213 3886 2221 3893 '

522 3966 698 4023 nibus
723 3967 781 4019 et
809 3961 1067 4019 caedibus
1133 3974 1433 4031 oppressa,
1493 3961 1550 4013 et
1610 3959 1850 4029 insuper
1906 3958 2169 4013 funditus

521 4071 743 4112 eversa.
775 4051 953 4121 Cujus
983 4049 1164 4104 ruinis
1201 4062 1383 4103 unum
1445 4046 1585 4102 illud
1657 4051 1918 4120 spectatu
1957 4049 2168 4117 jucun-

523 4145 662 4200 dum
697 4141 935 4205 habent,
969 4137 1124 4209 quod
1155 4137 1446 4208 Aspietem
1482 4136 1618 4191 fune
1673 4136 1822 4191 talos
1862 4138 2169 4207 trajectum

521 4237 580 4291 et
606 4232 667 4287 in
700 4228 933 4287 sublimi
966 4228 1126 4283 trabe
1159 4226 1406 4298 pedibus
1446 4242 1799 4298 suspensum
1857 4231 2169 4287 ostentant.

520 4320 624 4377 Cui
658 4319 756 4391 qui
789 4317 953 4389 regni
1006 4314 1319 4372 atl’ectandi
1375 4314 1673 4385 adjutores
1732 4314 1980 4384 fuerant,
2038 4329 2169 4371 cum

517 4414 802 4469 Joannem
842 4423 958 4463 non
1006 4405 1276 4472 laterent,
1309 4420 1381 4460 ne
1425 4404 1834 4461 inconstantia:
1876 4404 2032 4461 88¢!
2063 4420 2175 4475 pm-

521 4516 629 4556 nas
651 4499 859 4552 darent
882 4494 1076 4562 veriti,
1108 4493 1298 4565 palam
1326 4492 1641 4561 deficiunt;
1679 4499 1738 4550 et
1755 4493 1942 4550 aliiad
1987 4494 2172 4551 Theo-

2340 2448 2446 2505 Καὶ
2483 2444 2617 2521 τῇδε
2648 2448 2740 2520 μὲν
2790 2446 2856 2502 τὰ
2909 2447 3045 2522 πρὸς
3109 2444 3189 2502 ἕω
3248 2445 3487 2525 ἐφέρετο·
3539 2448 3564 2502 ὁ
3615 2443 3661 2502 δὲ
3702 2444 3833 2507 Μυσὸς

2268 2537 2524 2607 Ἰωάννης
2612 2540 2681 2610 τῇ
2782 2536 3240 2592 Φιλιππουπόλει
3321 2534 3703 2612 ἐπιστρατεύσας
3737 2534 3835 2607 αἱρεῖ

2267 2625 2466 2696 ταύτην
2512 2625 2604 2680 καὶ
2652 2630 2900 2699 καθαιρεῖ
2936 2626 3342 2700 προνομεύσας,
3379 2626 3469 2680 καὶ
3523 2623 3732 2685 πολλοὺς
3765 2625 3835 2676 τῶν

2269 2711 2422 2769 ἔνδον
2464 2711 2781 2783 ὑποδικάζει
2809 2718 2926 2775 τοῖς
2976 2714 3173 2790 ξίφεσι,
3208 2715 3302 2768 καὶ
3357 2715 3524 2770 πάλαι
3582 2714 3663 2787 μὲν
3701 2710 3834 2766 Evno-

2271 2802 2595 2877 λιευόμενος
2633 2808 2699 2876 τᾷ
2737 2801 2896 2858 πόλει
2929 2803 3020 2858 καὶ
3045 2807 3115 2877 τῇ
3144 2804 3357 2874 ταύτης
3414 2800 3683 2881 ἐφεδρεύων
3729 2797 3833 2854 ἀλώ-

2271 2913 2372 2962 σει,
2403 2892 2492 2948 καὶ
2530 2894 2888 2968 βαρυμηνιῶν
2916 2898 3036 2954 τοῖς
3084 2891 3408 2967 οἰκήτορσιν
3450 2892 3522 2955 ὠς
3578 2887 3688 2963 μηδ’
3731 2886 3833 2944 ὅλως

2272 2982 2421 3055 αύτῷ
2453 2982 2826 3037 ὑποκύπτουσι
2860 2979 2990 3054 μηδ’
3030 2983 3105 3046 ὡς
3165 2981 3387 3058 βασιλεῖ
3439 2983 3521 3056 [Ρ.
3552 2981 3660 3052 404]
3714 2996 3833 3049 1:90:-

2272 3069 2518 3151 ἔχουσιν,
2549 3068 2677 3126 ἀλλ’
2717 3070 2793 3133 ὡς
2852 3071 3100 3144 αἱμάτων
3133 3069 3308 3145 ἄνδρα
3353 3065 3740 3151 έκτρεπομένοις,
3771 3064 3833 3118 καὶ

2275 3150 2396 3215 τότε
2438 3156 2495 3214 δέ
2516 3161 2651 3235 πρὸς
2681 3158 2909 3215 πλείονα
2947 3161 3119 3233 θυμὸν
3159 3158 3439 3224 ἐκκαυθεὶς
3494 3157 3588 3212 ὑπὸ
3626 3150 3833 3231 βαρϐάρου

2278 3252 2629 3331 φρονήματος
2684 3250 2765 3312 οἷς
2817 3250 2909 3306 τὸν
2970 3248 3267 3320 ’Δσπιέτην
3317 3251 3552 3322 Ἀλέξιον
3599 3244 3833 3325 εἰσφκίσαν·

2273 3361 2359 3411 το,
2399 3340 2634 3413 κάκείνῳ
2668 3340 2764 3413 μὶν
2816 3340 2890 3403 ὡς
2946 3341 3185 3416 ἀρχηγῷ
3247 3340 3523 3395 ὑπέκειντο
3551 3342 3694 3413 σφῶν,
3718 3332 3830 3387 αὑτὸν

2276 3427 2322 3485 8'
2353 3428 2582 3485 ἐπιόντα
2616 3431 2733 3503 μεθ’
2783 3427 2971 3486 ὅπλων
3031 3428 3305 3509 πολλαχῆ
3364 3426 3737 3485 ἀπεκσούσαντο,
3767 3424 3831 3478 Ἠν

2276 3515 2325 3572 δ’
2352 3515 2411 3573 ἄν
2444 3520 2479 3588 ἡ
2546 3517 2717 3583 πόλις
2763 3515 2863 3588 ἥδε
2926 3523 3104 3573 κακῶν
3162 3519 3382 3596 ἀθιγὴς,
3439 3519 3481 3573 εἱ
3551 3517 3655 3571 καθ’
3692 3512 3828 3577 ἑαυτήν

2276 3604 2579 3685 διεξήγετο,
2619 3612 2779 3664 τοῦτο
2817 3609 2912 3682 μὶν
2942 3609 3040 3677 ἦπ’
3072 3628 3148 3669 ως
3173 3605 3583 3687 προσφερομένη
3633 3600 3827 3661 Λατίνοις,

2274 3700 2439 3750 τοῦτο
2474 3693 2530 3750 δὲ
2557 3696 2649 3750 τὸν
2685 3697 2872 3752 Μυσόν
2902 3698 3161 3767 Ἰωάννην
3215 3696 3322 3750 ούκ
3377 3692 3705 3768 έκτρεπομένη
3734 3707 3828 3741 παν·

2273 3783 2494 3840 τάπασι.
2529 3789 2640 3841 Νῦν
2674 3782 2721 3840 δ’
2752 3785 2996 3858 ἑπομένη
3035 3789 3106 3859 τῇ
3141 3786 3314 3861 μητρὶ
3343 3790 3491 3855 παῖς,
3521 3782 3568 3853 ἐξ
3612 3779 3672 3834 ὧν
3715 3778 3827 3848 ἄκροι

2278 3875 2490 3949 σφαλῆς
2543 3873 2717 3944 ἐκείνη
2770 3874 2950 3950 γέγονε
3014 3873 3104 3929 καὶ
3173 3872 3450 3933 εὐάλωτος
3519 3868 3702 3947 βασιλὶς
3739 3862 3827 3919 οὖσι

2275 3963 2366 4017 καὶ
2397 3966 2581 4017 πασῶν
2617 3963 2977 4038 ὑπερκειμένη
3036 3960 3274 4034 πόλεων,
3340 3959 3401 4016 ἐκ
3454 3960 3643 4017 τούτων
3690 3952 3739 4023 δή
3766 3951 3826 4005 καὶ

2279 4053 2415 4122 αὕτη
2457 4051 2671 4127 χείροσι
2702 4057 2892 4113 κακοῖς
2941 4050 3363 4125 προσωμίλησε,
3413 4051 3526 4113 καθ’
3550 4047 3657 4103 ὅσον
3688 4061 3827 4118 προνοο

2282 4140 2414 4213 μαῖς
2454 4139 2738 4196 ἐκδοθεῖσα
2768 4142 2859 4196 καὶ
2894 4141 3169 4216 μαχαίρας
3212 4140 3442 4211 στόματι
3472 4138 3545 4194 ἔτι
3594 4133 3669 4191 καὶ
3712 4148 3831 4205 προσ·

2280 4229 2585 4304 καθῄρηται
2618 4229 2709 4284 καὶ
2765 4229 2840 4291 είς
2870 4230 3161 4307 περιφανὲς
3215 4228 3453 4305 ἐρείπιον
3503 4221 3829 4298 καηδάφιστιτν

2279 4320 2398 4383 καθ’
2426 4317 2481 4373 ἓν
2511 4313 2672 4392 μόνον
2706 4317 2833 4380 τοὺς
2867 4317 3190 4393 ὀφθαλμοὺς
3214 4316 3434 4397 διαχέον
3464 4321 3561 4371 τῶν
3598 4308 3830 4383 θεωμένων,

2281 4410 2343 4466 τὸ
2366 4407 2425 4463 έκ
2462 4407 2644 4464 ποδῶν
2678 4409 3013 4484 ἀνηρτῆσθαι
3053 4410 3145 4464 τόν
3181 4408 3465 4477 Ἀσπιέτην
3510 4405 3585 4461 ἐπ’
3632 4400 3829 4457 ἰθυτενοῦς

2284 4498 2586 4570 σκόλοπος,
2646 4496 3103 4572 διάτετορημένον
3146 4497 3275 4560 τοὺς
3329 4494 3651 4573 ἐπισφυρίους
3706 4487 3829 4540 τένον-

527 4589 736 4644 dorum
762 4584 1054 4639 Luscarim
1088 4580 1476 4638 Orientalibus
1503 4582 1747 4639 urbibus
1773 4585 2162 4641 dominantem

2280 4609 2374 4650 τας
2439 4588 2528 4642 καὶ
2603 4586 2786 4648 κάλως
2837 4586 2923 4641 ἐπὶ
2980 4586 3189 4642 τούτων
3246 4583 3543 4659 δεξάμενον·
3604 4580 3672 4637 Ti
3705 4574 3741 4630 δ’
3770 4571 3827 4625 ἐπὶ

525 4692 587 4732 se
620 4674 951 4739 conterunt,
986 4670 1081 4725 alii
1115 4669 1476 4725 Orestiadem
1512 4676 1869 4727 concurrunt
1900 4700 1915 4742 ί
1949 4673 2045 4729 alii
2078 4674 2173 4729 Di-

522 4761 932 4838 dymoticbum
963 4758 1210 4831 ingressi
1245 4773 1376 4813 cum
1410 4757 1627 4815 Eatinis
1680 4777 1876 4829 pacem
1931 4762 2171 4828 faciunt,

525 4860 585 4913 et
630 4868 732 4926 per
790 4849 1012 4922 legatos
1066 4847 1434 4904 Theodorum
1494 4849 1745 4904 Branam
1805 4852 2010 4905 ducem
2062 4851 2172 4907 sibi

523 4942 679 5001 mitti
730 4944 952 5013 petunt.
1010 4941 1126 4992 Nec
1189 4936 1433 4993 multum
1490 4939 1763 5010 temporis
1819 4938 2170 5009 intercessit,

521 5048 655 5090 cum
679 5031 933 5087 Joannes
952 5027 1146 5097 Mysiae
1178 5026 1355 5081 rebus
1394 5026 1757 5094 constitutis,
1800 5030 1856 5082 et
1912 5027 2171 5084 deserto-

521 5124 684 5179 ribus
722 5117 1000 5187 gravibus
1032 5113 1338 5187 suppliciis
1386 5120 1442 5171 et
1495 5132 1641 5171 novo
1703 5116 1907 5171 mortis
1964 5133 2173 5189 genere

523 5210 768 5274 allectis,
802 5207 952 5262 irato
983 5210 1039 5261 et
1094 5204 1305 5261 caedem
1366 5203 1625 5275 spirante
1677 5204 1840 5261 vultu
1892 5205 2171 5264 Romanis

527 5300 745 5357 bellum
774 5299 989 5354 inferre
1008 5294 1232 5365 statuit,
1268 5309 1514 5366 quorum
1543 5295 1655 5351 sibi
1701 5294 1885 5366 dolos,
1920 5297 2170 5364 fraudes,

530 5388 860 5461 perfidiam,
913 5400 1208 5442 summam
1264 5382 1554 5441 levitatem
1624 5385 1845 5441 diutius
1902 5386 2172 5444 ferendas

532 5492 658 5533 esse
687 5475 954 5546 negabat.
988 5473 1171 5544 Igitur
1210 5472 1293 5528 ira
1350 5473 1603 5544 percitus
1659 5474 1999 5532 innumeras
2039 5481 2173 5549 Scy-

531 5563 721 5621 thicas
749 5569 978 5617 turmas
1008 5561 1262 5633 ablegat,
1294 5579 1543 5633 quarum
1573 5563 1694 5619 aliae
1731 5565 2169 5638 Adrianopolim

533 5651 910 5715 obsederunt,
940 5648 1065 5703 alia;
1095 5649 1339 5706 Rusium
1370 5667 1652 5722 aggressa
1713 5654 1975 5709 Latinum
2035 5672 2172 5727 prae-

2280 4677 2498 4740 τούτοις
2545 4676 2646 4731 οὐκ
2711 4673 2904 4739 ἔλαθον
2970 4677 3065 4731 τὸν
3127 4676 3379 4745 Ἰωάννην
3436 4674 3485 4728 oi.
3534 4676 3604 4742 τῷ
3646 4660 3829 4728 Ἀσπιέτῃ

2284 4767 2582 4844 σύμφρονες
2621 4767 2711 4821 καὶ
2765 4767 2901 4841 πρὸς
2958 4767 3093 4840 ὓψος
3166 4764 3438 4831 βασιλείας
3483 4761 3659 4818 ἐκεῖνον
3693 4748 3825 4844 κουφί-

2285 4839 2493 4927 milia.
2526 4855 2642 4911 ὅθεν
2698 4839 3048 4932 ὑφορώμενοι
3091 4857 3167 4929 μὴ
3228 4853 3379 4917 δίκας
3441 4851 3570 4908 δοῖεν
3603 4848 3666 4909 ὡς
3708 4839 3828 4932 ᾇλλο·

2281 4944 2613 5020 πρόσαλλοι,
2664 4930 2983 5021 ἀφίστανται
3031 4943 3329 5021 λαμπρῶς.
3372 4940 3580 5017 Ἀμέλει
3613 4930 3826 5021 mitam):

2283 5015 2390 5109 διον
2457 5015 2819 5110 χωρισθέντες
2878 5033 2929 5088 οἱ
2998 5015 3122 5108 μὶν⁷
3176 5015 3448 5110 προσίασι
3498 5015 3827 5110 Θεοδώρῳ-τῴ

2284 5104 2685 5200 Λάσκανριξτῶν
2719 5123 2870 5196 ἑῴων
2907 5104 3200 5199 κρατοῦντι
3222 5104 3531 5187 ’πόλεων,οἱ
3574 5113 3621 5170 δὲ
3667 5104 3827 5200 σύνδρξ·

2286 5192 2479 5287 μόντες
2511 5213 2565 5275 ἐς
2597 5192 2955 5287 Ὀρεστιάδαξ
2978 5210 3145 5268 ἄλλοι
3194 5210 3241 5267 δ’
3283 5211 3522 5269 εἰσιόντες
3546 5205 3600 5260 τὸ
3651 5192 3825 5287 ΔιδΫμίξ⁶

2279 5278 2473 5376 ⁴τοιχδν
2506 5278 2755 5361 Λατίνοις
2813 5278 3151 5356 σπένδονται·
3246 5300 3339 5355 Καὶ
3393 5298 3660 5371 πέμψαντες

2284 5370 2415 5451 λους
2440 5388 2588 5466 σφίσι
2631 5388 2934 5463 στρατηγὸν
2991 5387 3319 5459 ἐξαιτοῦνται
3378 5370 3469 5441 τὸνν
3524 5370 3819 5468 pr-ineti-

2281 5462 2493 5553 δωρον.⁷
2514 5462 2705 5555 Βραχὺγ
2735 5479 2798 5533 τὸ
2831 5478 2881 5532 ἐν
2910 5477 3081 5552 μέσῳ,
3112 5479 3202 5533 καὶ
3230 5479 3325 5547 τὴν
3382 5472 3570 5536 Μυσίαν
3620 5462 3763 5555 sicubi
3782 5462 3814 5555 ,δ

2280 5567 2532 5639 Ἰωάννης
2558 5544 2669 5623 καῖ
2683 5568 2840 5623 τάκεῖ
2867 5544 3005 5641 πρὸς
3032 5568 3097 5623 τὸ
3125 5566 3182 5622 εὖ
3231 5544 3544 5638 διαθέμενος,
3576 5556 3652 5612 καὶ
3690 5544 3811 5641 ita”

2281 5676 2393 5711 σεσι
2429 5654 2669 5732 βαρείαις
2715 5654 2805 5711 καὶ
2856 5655 3101 5719 θανάτοις
3158 5659 3359 5716 γαινοῖς
3392 5650 3508 5711 τοὺς
3558 5637 3809 5701 ἀποστάντας
