4072 6218
248 440 407 502 101⁵7

1695 440 1896 502 URBS
1939 439 2215 501 CAPTA.

3512 448 3665 508 1018

244 571 580 647 ὗπενεγκὼν,
621 566 758 646 ἔγνω
816 570 932 643 μετ’
993 567 1337 648 ὁργιλώδους
1367 571 1458 626 καὶ
1491 571 1678 651 φονίου
1729 568 1900 647 βλέμ-

2015 574 2243 646 sidium,
2269 575 2419 647 quod
2456 575 2510 630 in
2548 573 2687 631 urbe
2742 578 2866 632 erat
2917 576 3486 648 praestanlissimum,
3539 597 3672 654 pro-

254 681 434 736 ματος
462 660 554 716 καὶ
615 663 846 736 γνώμης
902 658 1258 732 ἀσυμπαθοῦς
1314 659 1717 735 ἐπιστρατεύειν
1773 661 1913 717 Ῥω-

250 751 472 826 μαίοις,
550 749 734 804 οὐκέτι
821 749 1041 828 φάσκων
1122 749 1217 811 τὰς
1277 754 1426 828 σφῶν
1508 746 1914 828 δολοφροσύνας

247 839 576 918 ὑφίστασθαι
606 837 699 894 καὶ
756 838 820 893 τὸ
878 839 1102 893 ἄπιστον
1156 839 1291 908 ἦθος
1349 838 1543 895 καὶτὸ
1599 846 1700 909 τῆς
1745 837 1912 909 αὐτῆς

253 927 405 1003 ὥρας
434 926 712 990 πολλάκις
770 927 1111 1001 παλιμπετὲς
1170 926 1447 1006 φρόνημα,
1479 926 1702 1002 εΤοίνυν
1752 927 1913 1003 ἀναῤ-

251 1017 445 1095 ῥαγεῖς
476 1017 554 1079 είς
614 1016 785 1092 ὀργὴν
846 1016 1263 1089 στρατευμάτων
1300 1021 1577 1081 Σκυθικῶν
1640 1015 1909 1090 μελισσῶο

246 1118 346 1168 νας
373 1111 493 1167 τοῖς
525 1105 765 1179 ἐαρινοῖς
803 1101 1181 1178 ἀνθαμίλλους
1241 1102 1422 1161 ἄνθεσι
1478 1101 1746 1183 διαφίησι.
1781 1104 1912 1161 Τινᾶ

247 1195 351 1268 μὲν
391 1194 482 1249 οὖν
513 1192 689 1248 αὐτῶν
723 1193 797 1255 ὡς
849 1191 977 1248 οὐδὲ
1037 1195 1347 1267 μυρμήκων
1414 1192 1787 1269 στρατεύματα
1814 1194 1911 1256 τὰς

239 1284 399 1360 ἱερᾶς
430 1280 579 1343 ἅλως
633 1281 1075 1359 ἆμφιποτώμενα
1100 1283 1201 1352 τήν
1242 1279 1530 1356 Ἀδριανοῦ
1570 1279 1907 1358 διειλήφασι,

233 1375 372 1429 τινὰ
411 1370 467 1427 δὶ
494 1368 946 1446 προσπελάσαντα
1000 1375 1080 1442 τῷ
1134 1371 1371 1445 Ῥουσίῳ
1402 1372 1541 1447 πρὸς
1592 1371 1908 1446 ἀντιμάχη-

235 1484 330 1519 σιν
365 1461 694 1518 ἐπισπῶνται
725 1461 790 1516 τὸ
813 1464 882 1536 τῇ
913 1460 1076 1517 πόλει
1140 1460 1310 1536 ταύτῃ
1366 1458 1648 1540 ἔφεδρεῦον
1709 1459 1770 1516 ἐκ
1800 1469 1908 1516 Λα·

235 1553 412 1608 τίνων
459 1550 769 1610 ὁπλιτικόν.
804 1551 1098 1627 Κράτιστον
1141 1548 1199 1606 δὲ
1226 1550 1295 1621 ἦν
1324 1554 1486 1606 τοῦτο
1542 1547 1906 1629 διαφερόντως

234 1645 355 1697 τῶν
397 1638 605 1712 ἄλλων,
663 1640 753 1695 καὶ
815 1637 1028 1714 ὑψηλὸν
1068 1640 1162 1713 μὶν
1211 1640 1281 1695 τὰ
1313 1641 1564 1713 σώματα,
1599 1639 1904 1712 θαυμαστὸν

242 1728 309 1787 δὶ
336 1736 454 1794 ταῖς
487 1729 741 1804 μελέταις
770 1736 890 1793 ταῖς
921 1731 1058 1786 κατᾶ
1086 1728 1358 1804 πόλεμον,
1419 1731 1509 1785 καὶ
1573 1729 1722 1805 παρά
1762 1749 1905 1792 τινος

245 1827 395 1895 Τερῆ
451 1820 945 1896 στρατηγούμενον,
999 1816 1196 1895 ἀνδρὸς
1249 1824 1357 1875 τῶν
1416 1820 1555 1874 πάνυ
1618 1818 1902 1893 ἐπισήμων

2020 663 2166 718 ceris
2223 664 2590 734 corporibus,
2651 664 2785 720 belli
2841 681 2950 721 usu
3011 665 3263 720 mirabili
3339 669 3666 739 praeditum,

2017 751 2162 809 Tero
2193 754 2448 825 quodam
2482 754 2629 809 duce
2657 755 2779 810 viro
2813 753 3028 809 illustri
3060 758 3116 810 et
3146 755 3347 823 nobili,
3392 759 3461 813 ad
3523 759 3671 814 resi-

2018 842 2290 897 stendum
2317 841 2744 912 provocantJlli
2769 858 2905 913 ergo
2928 842 3146 899 milites
3165 844 3346 900 armis
3387 848 3669 918 correptis

2017 928 2314 985 celerrime
2348 947 2414 985 eo
2440 930 2889 997 contendebant,
2923 931 3020 987 ubi
3082 948 3150 988 ex
3198 933 3669 1005 speculatoribus

2015 1018 2256 1091 Scythas
2286 1018 2430 1074 831
2498 1023 2687 1075 castra
2753 1019 2968 1076 habere
3019 1026 3358 1093 cognorant.
3410 1023 3477 1079 Hi
3536 1042 3667 1082 vero

2018 1107 2352 1162 Latinorum
2386 1108 2759 1180 aggressione
2777 1114 3059 1182 occupata
3090 1109 3236 1166 clam
3289 1110 3480 1167 locum
3519 1114 3663 1169 sub-

2015 1202 2154 1253 eunt
2187 1198 2366 1255 Rusio
2398 1199 2698 1269 vicinum;
2746 1204 2805 1255 et
2863 1199 3075 1256 Latinis
3128 1202 3503 1258 redeuntibus
3563 1204 3666 1261 im-

2015 1286 2245 1358 proviso
2283 1291 2594 1359 conspectu
2646 1288 2738 1344 sui
2778 1292 3059 1345 terrorem
3119 1290 3434 1359 incutiunt,
3470 1296 3535 1348 ut
3590 1295 3664 1349 ob

2012 1380 2234 1432 tantam
2268 1376 2701 1433 multitudinem
2736 1378 2880 1433 nihil
2908 1379 3051 1434 boni
3091 1381 3505 1436 ominarentur.
3538 1383 3660 1438 Acri

2014 1462 2210 1536 prmlio
2242 1464 2368 1535 pari
2399 1464 2672 1536 utrinque
2704 1465 3046 1523 fortitudine
3079 1469 3659 1538 commisso,tandem

2012 1553 2201 1609 Latini
2233 1553 2435 1610 multis
2464 1554 2631 1610 caesis
2664 1557 2781 1611 fere
2812 1572 3019 1627 pmnes
3041 1558 3464 1615 occubuerunt.
3525 1560 3664 1616 Post

2012 1641 2172 1699 hunc
2199 1643 2837 1716 successum,Scythioi
2895 1645 3183 1700 exercitus
3243 1645 3659 1704 bellicosorum

2012 1729 2265 1787 virorum
2301 1730 2532 1787 circiter
2556 1733 2753 1788 decem
2770 1731 2957 1789 millia
2983 1732 3168 1806 primo
3194 1732 3417 1806 impetu
3434 1737 3655 1805 Aprum

2010 1819 2156 1876 citra
2176 1820 2472 1893 negotium
2505 1821 2748 1893 capiunt
2778 1826 2834 1878 et
2862 1827 3165 1891 eveatunt;
3226 1823 3660 1881 multitudinem

240 1909 340 1965 καὶ
371 1908 619 1986 εὐγενῶν.
649 1910 728 1966 Τὸ
761 1911 855 1983 μὲν
889 1909 982 1966 οὖν
1039 1908 1403 1983 ὁπλισάμενον
1463 1903 1550 1983 ᾔει
1580 1910 1678 1976 τήν
1738 1908 1900 1987 ταχί-

2007 1908 2068 1965 in
2100 1909 2244 1965 urbe
2274 1915 2559 1981 repertam
2596 1910 2809 1983 partim
2835 1912 3128 1979 occidunt,
3189 1912 3399 1984 partim
3462 1917 3523 1969 ut
3553 1915 3659 1969 sub

242 2019 407 2070 στην,
437 1993 560 2053 ἔνθα
611 1997 659 2068 ἐξ
719 1998 977 2073 ὁπτήρων
1026 1997 1248 2054 ἐπύθετο
1306 1997 1433 2061 τοὺς
1480 1995 1692 2062 Σκύθας
1737 2017 1903 2052 κατα-

247 2092 505 2159 σκηνοῦν·
537 2088 588 2142 οἱ
633 2084 691 2142 δὲ
742 2088 841 2158 τήν
897 2087 949 2150 ἐς
1007 2085 1202 2150 αὐτοὺς
1227 2091 1336 2143 τῶν
1391 2087 1629 2142 Λατίνων
1671 2086 1902 2165 φθάσαν-

244 2199 341 2241 τες
364 2173 560 2254 ἔφοδον
589 2176 668 2238 είς
723 2177 814 2232 τὸν
872 2181 951 2249 τῷ
1010 2176 1240 2250 Ῥουσίῳ
1288 2173 1681 2251 παρακείμενον
1737 2175 1906 2231 τόπον

2013 2015 2227 2055 corona
2256 2008 2516 2069 veneant,
2552 1999 2822 2056 manibus
2853 2007 2984 2073 post
3031 2007 3194 2073 terga
3252 2002 3526 2058 revinctis
3568 2004 3669 2058 ab-

2014 2088 2241 2144 ducunt
2274 2104 2289 2156 ;
2321 2087 2533 2145 multos
2566 2089 2740 2145 etiam
2773 2095 3056 2159 cremant,
3078 2090 3375 2147 vincentes
3424 2090 3510 2146 illi
3542 2092 3664 2162 qui-

2014 2177 2170 2246 dem,
2197 2177 2296 2233 sed
2328 2177 2569 2234 victoria
2597 2194 2714 2233 non
2747 2177 3085 2235 humaniter
3114 2183 3361 2235 utentes.

256 2264 598 2336 λεληθότως
626 2260 1095 2342 παρεσϐάλλουσι,
1137 2266 1226 2320 καὶ
1286 2263 1352 2334 δὴ
1405 2265 1684 2321 ἐπαντοῦσι
1713 2270 1829 2328 τοῖς
1863 2263 2115 2326 Λατίνοις
2158 2264 2405 2343 ὀφθέντες
2433 2268 2513 2338 τῷ
2549 2285 2609 2321 τε
2643 2271 2744 2335 τῆς
2781 2267 2903 2327 θέας
2945 2263 3200 2341 ἀδοκήτῳ
3231 2265 3543 2342 διαθροοῦσι
3577 2272 3667 2326 καὶ

253 2356 623 2434 φαντάζεσθαι
652 2356 719 2411 τὰ
756 2357 830 2429 μὴ
875 2355 1094 2431 χρηστὰ
1122 2359 1204 2426 τῷ
1235 2352 1437 2424 πλήθει
1471 2351 1712 2409 διδόασιν
1743 2351 1937 2427 ἀμέλει
1967 2353 2054 2408 καὶ
2087 2351 2415 2427 συμπλοκῆς
2445 2359 2707 2430 καρτερᾶς
2736 2354 3051 2431 γενομένης,
3080 2357 3170 2411 καί
3208 2360 3329 2418 ταῖς
3391 2354 3664 2433 ἀνδραγα-

241 2447 274 2500 θ
296 2443 407 2508 ίαις
441 2443 797 2518 ἐξισουμένων
827 2443 1121 2520 ἑκατέρων,
1161 2447 1428 2499 τελευτῶν
1460 2440 1648 2498 πολλᾶ
1680 2440 1966 2518 δράσαντες
2026 2442 2077 2497 οἱ
2135 2448 2358 2497 Λατῖνοι
2414 2441 2610 2518 σχεδὸν
2657 2444 2920 2508 ἀπέθανον
2950 2445 3205 2506 ἃπαντες.
3244 2447 3357 2515 Τῆς
3391 2442 3449 2500 δὲ
3480 2448 3670 2519 μάχης

236 2533 457 2604 ταύτης
490 2532 633 2588 οὕτω
668 2531 1059 2610 γεγενημένης,
1087 2530 1269 2608 ἕτεραι
1301 2533 1523 2587 Σκυθῶν
1554 2529 1864 2594 ἆποσπάδες
1898 2531 2257 2608 μυριάριθμοί
2287 2553 2346 2588 τε
2375 2534 2461 2587 καὶ
2527 2534 2773 2609 μάχιμοι
2830 2535 2953 2609 περὶ
3014 2536 3097 2608 [Ρ.
3139 2536 3267 2610 405]
3315 2536 3409 2590 τὸν
3440 2536 3668 2611 ’Δπρων

254 2623 523 2680 ἐλάσασαι
554 2627 745 2680 τοῦτον
790 2624 1028 2687 εὐπετῶς
1073 2627 1387 2699 χειροῦνται
1416 2622 1506 2678 καὶ
1538 2619 1671 2678 ὅλον
1703 2625 1946 2699 αἱροῦσιν
1984 2618 2260 2692 αὐτοϐοεὶ,
2288 2623 2377 2678 καὶ
2417 2623 2511 2679 τὸν
2545 2624 2642 2697 μὲν
2668 2622 2948 2693 καθεῖλον,
2979 2629 3077 2680 τοῦ
3111 2622 3159 2679 δ’
3186 2623 3401 2686 ἐνόντος
3420 2625 3671 2697 πλήθους

228 2715 268 2770 ὅ
317 2715 412 2787 μὲν
454 2712 773 2769 ἀπέκτειναν
814 2714 866 2768 οἱ
900 2714 1125 2785 Σκύθαι,
1167 2712 1197 2768 8
1237 2709 1281 2767 δ’
1318 2712 1626 2790 ἀπήνεγκαν
1664 2712 1740 2776 είς
1796 2710 2268 2792 λαφυροπώλησιν
2310 2709 2626 2775 συνδοῦντες
2662 2714 2751 2768 καὶ
2810 2714 2907 2776 τὰς
2973 2718 3167 2789 χεῖρας
3204 2715 3655 2794 ἀποστρέφοντες.

212 2802 489 2866 Πολλοὺς
528 2800 586 2857 δὲ
622 2802 713 2859 καὶ
743 2802 873 2879 πυρὶ
913 2799 1238 2876 παρέδοσαν,
1278 2805 1552 2869 νικῶντες,
1585 2800 1648 2857 οὐ
1692 2802 1800 2876 μήν
1830 2801 1918 2857 καὶ
1948 2805 2067 2864 ταῖς
2105 2800 2276 2865 νίκαις
2296 2800 2651 2876 ἀνθρωπίνως
2683 2802 2990 2876 χρώμενοι.
3510 2841 3519 2848 -

315 2891 403 2953 ιδ’.
435 2895 530 2949 Ἐκ
561 2890 618 2948 δὲ
636 2895 737 2959 τῆς
775 2898 983 2967 θερμῆς
1009 2891 1237 2961 ταυτησὶ
1280 2892 1468 2968 μάχης
1501 2890 1589 2947 ἐπὶ
1619 2892 1720 2960 τήν
1750 2911 1891 2966 παρο

2085 2893 2172 2948 14.
2195 2892 2279 2948 Ab
2302 2893 2431 2962 ejus
2448 2908 2657 2964 pugnas
2680 2896 2824 2947 metu
2848 2892 3102 2948 calentes
3141 2892 3355 2961 adhuc,
3389 2895 3462 2951 ad
3496 2896 3662 2952 mari.

219 2982 396 3040 άλιον
424 2983 764 3058 τραπόμενοι
811 2978 1144 3051 Ῥαιδεστὸν,
1201 2981 1296 3037 τὸν
1358 2981 1455 3054 μὲν
1508 2982 1716 3056 Βρανᾶν
1770 2979 1904 3035 Θεό-

220 3070 440 3146 δωρον,
472 3070 532 3136 ὅς
560 3070 861 3149 ἡγεμόνευε
891 3074 1001 3127 τῶν
1040 3068 1094 3132 ἐς
1145 3067 1463 3145 Ὀρεστιάδα
1522 3067 1903 3143 στελλομένων

218 3163 510 3232 Λατίνων,
553 3161 642 3216 καὶ
674 3159 780 3234 πρὸ
835 3162 932 3214 τοῦ
984 3157 1270 3228 έπιστῆναί
1332 3179 1467 3237 σφας
1498 3156 1660 3213 ἐκεῖθι
1693 3153 1902 3234 φυγάδα

219 3250 569 3330 δεδείχασιν,
602 3246 785 3323 ὥσπερ
831 3247 924 3303 καὶ
979 3248 1042 3302 τὸ
1101 3247 1464 3320 συνεπόμενον
1503 3244 1689 3319 ἐκείνῳ
1734 3245 1898 3318 στράο

212 3360 430 3414 τευμα,
490 3340 588 3408 τὴν
658 3335 716 3393 δὶ
772 3337 936 3393 πόλιν
993 3336 1313 3413 ὁλοσχερῶς
1370 3337 1462 3391 καὶ
1501 3336 1638 3392 κατὰ
1695 3336 1894 3411 κράτος

212 3430 450 3492 ἑλόντες
480 3424 971 3503 ἠνδραποδίσαντο.
1006 3427 1144 3484 Εἶτα
1173 3427 1264 3481 καί
1305 3426 1382 3488 είς
1410 3422 1610 3504 ἔδαφος
1646 3423 1897 3501 βάλΛου-

214 3543 336 3592 σιν,
384 3519 650 3575 ἀθάνατον
706 3520 806 3588 τὴν
862 3518 999 3592 πρὸς
1063 3519 1214 3590 ἡμᾶς
1252 3510 1455 3592 ἔχθραν
1516 3517 1618 3572 ὑπὸ
1662 3515 1897 3591 Βλάχων

214 3606 382 3686 ἔχειν
407 3604 812 3685 δεδιδαγμένοι,
881 3607 971 3661 καὶ
1040 3605 1177 3681 πρὸς
1231 3602 1429 3667 παῖδας
1516 3604 1626 3660 ἀπὸ
1682 3602 1893 3659 παίδων

214 3697 615 3774 παραπέμπειν
649 3695 1004 3769 ἄείμνηστον.
1045 3695 1122 3752 Τὸ
1183 3690 1240 3749 δὶ
1295 3694 1578 3771 πρόθυμον
1623 3694 1700 3767 μή
1731 3715 1893 3750 κατα-

216 3788 516 3865 ψύξαντες,
565 3783 938 3856 ἀπηντηκότες
997 3784 1199 3848 ἐκεῖθεν
1260 3782 1338 3845 είς
1396 3784 1674 3857 Πέρινθον,
1720 3781 1781 3838 ἐκ
1837 3775 1897 3839 δὶ

216 3876 435 3942 ταύτης
467 3873 545 3936 εἷς
574 3874 637 3930 τὸ
665 3872 889 3928 Δαόνιον
943 3868 1159 3934 οὐδενὸς
1216 3872 1292 3933 εἰς
1325 3877 1518 3947 χεῖρας
1575 3871 1754 3934 ἰόντος
1807 3869 1895 3926 διὰ

218 3967 296 4022 τὸ
326 3971 430 4034 τῆς
461 3963 678 4037 τόλμης
710 3955 1050 4035 παράϐολον,
1086 3961 1204 4015 καθ’
1233 3961 1454 4030 ἡλικίαν
1504 3960 1665 4023 αὐτὰς
1698 3961 1895 4039 ᾐχμα-

218 4054 512 4111 λώτευσὰν
542 4055 655 4125 ('73)
686 4050 776 4105 καὶ
805 4050 872 4104 τὰ
900 4050 1058 4125 τείχη
1106 4051 1459 4125 κατήρειψαν.
1503 4049 1580 4107 Οὐ
1643 4050 1783 4118 μόνα
1838 4047 1895 4104 δὶ

2012 2982 2214 3038 timam
2248 2982 2609 3037 Rhedestum
2641 2982 2927 3052 conversi,
2960 2986 3211 3038 Branam
3273 2983 3661 3057 Theodorum,

2011 3070 2110 3142 qui
2144 3070 2484 3126 Latinorum
2542 3071 2899 3125 Orestiadem
2961 3070 3305 3127 abeuntium
3366 3072 3485 3128 dux
3513 3077 3658 3142 erat,

2010 3159 2356 3231 priusquam
2388 3175 2454 3214 eo
2484 3158 2772 3227 venirent,
2806 3175 2939 3215 cum
2978 3164 3261 3234 sequente
3308 3162 3563 3217 exercitu
3597 3162 3655 3219 in

2009 3247 2206 3320 fugam
2256 3246 2623 3319 conjiciunt;
2683 3248 2882 3304 urbem
2941 3264 3073 3305 vero
3129 3249 3185 3303 vi
3243 3254 3656 3322 expugnatam,

2006 3335 2228 3392 civibus
2260 3337 2318 3392 in
2352 3336 2691 3392 servitutem
2749 3337 3023 3405 redactis,
3078 3337 3200 3394 solo
3257 3344 3509 3411 equant,
3552 3340 3661 3395 im-

2006 3426 2285 3482 mortales
2316 3425 2623 3482 nobiscum
2653 3425 2991 3482 inimicitias
3020 3443 3281 3484 exercere
3336 3444 3369 3483 a
3432 3427 3661 3484 Blachis

2005 3515 2190 3572 edocti
2221 3521 2276 3570 et
2307 3529 2627 3588 propagare
2658 3515 2729 3571 ad
2761 3530 2993 3572 omnem
3055 3517 3478 3588 posteritatem.
3540 3521 3659 3573 Nec

2004 3604 2252 3661 remissa
2282 3603 2580 3660 alacritate
2602 3603 2942 3660 Perinthum
2974 3609 3306 3672 transeunt,
3342 3606 3476 3661 inde
3519 3606 3660 3661 Dao-

2003 3691 2568 3762 nium,nemineillis
2592 3693 2664 3748 ob
2697 3692 3026 3749 mirabilem
3079 3694 3382 3750 audaciam
3424 3693 3651 3749 obviam

2002 3788 2293 3851 eunte;et
2321 3783 2477 3839 omni
2532 3799 2669 3838 sexu
2729 3786 2785 3838 et
2833 3787 3000 3839 astate
3057 3788 3224 3854 capta
3273 3784 3491 3839 moenia
3546 3782 3651 3837 de-

2002 3878 2255 3929 struunt.
2286 3872 2439 3929 882
2472 3873 2587 3928 Nec
2625 3889 2727 3929 ora
2757 3872 3053 3928 maritima
3094 3875 3372 3929 duntaxat
3430 3872 3501 3929 ab
3551 3888 3650 3927 ex-

2001 3962 2388 4034 peditissimis
2420 3969 2473 4017 et
2507 3960 2850 4017 fortissimis
2879 3962 3110 4034 Scythis
3140 3966 3197 4016 et
3246 3960 3517 4017 Blachica
3560 3977 3649 4016 co-

2002 4054 2189 4119 horte,
2241 4068 2369 4124 quis
2430 4051 2564 4106 illos
2623 4051 3016 4107 comitabatur
3073 4050 3357 4106 mmnibus
3417 4050 3649 4106 urbium

216 4146 297 4201 τὰ
328 4144 464 4220 πρὸς
496 4141 770 4198 θάλασσαν
804 4139 981 4201 οὕτως
1012 4137 1273 4215 ἔπραττον
1332 4144 1451 4201 ταῖς
1508 4144 1615 4195 τῶν
1670 4142 1891 4194 Σκυθῶν

2007 4158 2132 4198 cum
2151 4141 2415 4199 vectibus
2436 4145 2495 4196 et
2516 4140 2819 4213 ligonibus
2850 4139 3084 4209 infesta,
3117 4139 3197 4194 sic
3235 4144 3482 4196 tractata
3519 4145 3647 4195 est:

220 4231 535 4312 εὐχειρίαις
587 4230 679 4285 καὶ
712 4229 1057 4306 γενναιότησι
1095 4229 1186 4284 καὶ
1236 4233 1343 4284 τῶν
1402 4227 1678 4302 ἑπομένων
1711 4221 1888 4309 σφίσιν

2007 4231 2100 4288 sed
2130 4230 2552 4286 mediterranea
2587 4244 2819 4302 quoque
2844 4228 3244 4284 malisiisdem
3275 4232 3330 4285 et
3377 4229 3649 4301 graviori-

216 4321 289 4378 ἐκ
317 4319 416 4376 τοῦ
447 4317 735 4394 Βλαχικοῦ
767 4319 1133 4391 συστήματος,
1162 4318 1214 4373 οἳ
1246 4319 1334 4373 καὶ
1389 4315 1603 4391 μᾶλλον
1630 4323 1745 4380 τοῖς
1798 4338 1891 4372 πε-

2003 4322 2111 4377 bus
2142 4323 2279 4375 sunt
2308 4334 2608 4392 oppressa,
2669 4318 2833 4375 nulla
2890 4335 2992 4389 spe
3049 4317 3256 4374 salutis
3313 4317 3642 4391 affulgente.

221 4405 485 4487 ριϐόλοις
537 4412 645 4463 τῶν
705 4405 923 4463 πόλεων
979 4402 1398 4478 ἐπεϐούλευον,ι
1448 4407 1720 4469 σκαπάνας
1797 4407 1888 4462 καὶ

2007 4409 2142 4466 Nam
2176 4409 2274 4482 qui
2303 4426 2371 4465 ex
2400 4408 2678 4465 servitute
2700 4410 2988 4465 insuetam
3023 4410 3346 4464 libertatem
3394 4408 3644 4480 propitia

218 4499 379 4557 πτύα
408 4500 808 4575 χειριζόμενοι,
843 4497 988 4553 ἀλλὰ
1039 4499 1128 4553 καὶ
1187 4498 1255 4553 τὰ
1311 4503 1412 4567 τῆς
1443 4495 1633 4569 ἅλμης
1661 4496 1889 4577 ἀφιστά-

225 4610 370 4666 μενα
400 4589 577 4644 πάντα
603 4593 724 4649 τοῖς
758 4588 945 4653 αὐτοῖς
975 4586 1063 4641 καί
1117 4586 1331 4662 χείροσι
1379 4591 1569 4647 κακοῖς
1612 4587 1892 4660 προσεπά-

225 4681 416 4744 λαιον,
452 4672 727 4751 μηδεμιᾶς
756 4674 981 4739 ἐλπίδος
1041 4675 1119 4739 εἷς
1178 4676 1451 4752 σωτηρίαν
1508 4676 1891 4749 ὑποκειμένης,

224 4766 353 4823 ἐπεὶ
384 4764 472 4820 καὶ
523 4764 712 4835 ἀήθως
771 4764 832 4820 ἐκ
887 4763 1138 4827 δουλείας
1204 4762 1514 4840 ἐλευθερίας
1546 4763 1893 4839 ηὐμοιρηκό-

223 4875 340 4924 τες,
401 4857 509 4909 τῶν
566 4851 840 4929 μεγίστων
897 4851 977 4908 ἄεὶ
1057 4850 1331 4930 ἐφιέμενοι
1390 4849 1581 4908 οὐδένα
1653 4854 1747 4927 μὲν
1796 4858 1893 4909 τοῦ

232 4942 638 5020 δυσπραγήσειν
690 4942 843 5006 αὖθις
884 4940 1050 5017 λόγον
1090 4943 1316 5010 τιθέασι,
1355 4947 1477 5005 ταῖς
1544 4940 1600 4999 δὲ
1652 4962 1895 5017 παρατυ-

226 5034 464 5110 χούσαις
489 5032 685 5107 τύχαις
714 5031 802 5085 καὶ
834 5030 1014 5093 νίκαις
1059 5031 1133 5093 ὡς
1190 5030 1279 5086 ἐπὶ
1316 5030 1573 5087 πλεῖστον
1606 5028 1891 5109 ἐπεξερχό-

227 5142 387 5197 μενοι
437 5125 547 5177 τῶν
611 5120 705 5193 μὲν
760 5118 956 5196 πρώην
1015 5115 1200 5173 τέλεον
1241 5116 1620 5190 ἐπιλήθονται,
1663 5126 1780 5183 τοῖς
1844 5117 1893 5176 δ’

222 5211 484 5269 ένεστῶσι
560 5209 826 5287 γήθονταί
880 5228 940 5265 τε
998 5207 1087 5264 καὶ
1146 5204 1503 5283 ἐνυϐρίζουσι.
1574 5211 1672 5265 Διὰ
1724 5215 1894 5267 ταῦτα

217 5300 406 5357 τοίνυν
467 5298 503 5369 ἢ
558 5319 616 5354 τε
676 5296 928 5378 λαχοῦσα
978 5294 1250 5368 πολιστὴν
1302 5297 1395 5351 τὸν
1456 5295 1744 5374 Ἀρκάδιον
1802 5296 1891 5355 καὶ

222 5394 451 5465 Μεσήνη
494 5391 581 5447 ἐπὶ
614 5387 747 5466 τῇδε
776 5391 864 5445 καὶ
895 5388 1032 5464 πρὸς
1062 5386 1198 5463 αὐτῇ
1257 5386 1605 5462 Τζουρουλὸς
1669 5388 1736 5445 τὰ
1785 5394 1893 5447 τῶν

2000 4499 2232 4555 fortuna
2286 4498 2581 4555 consecuti
2640 4503 2797 4569 sunt,
2857 4498 3111 4554 maxima
3178 4502 3456 4570 perpetuo
3515 4498 3648 4554 ati‘e-

2000 4592 2243 4657 ctantes,
2302 4604 2488 4660 neque
2542 4604 2602 4644 se
2659 4587 2716 4642 in
2803 4592 3097 4660 posterum
3165 4586 3486 4644 calamitati
3544 4587 3648 4643 ulli

2002 4677 2121 4734 foro
2152 4677 2435 4733 obnoxios
2490 4676 2820 4749 opinantes,
2879 4676 3247 4733 successibus
3305 4679 3361 4733 et
3390 4676 3647 4733 victoriis

2002 4768 2179 4823 effuse
2213 4767 2538 4840 indulgent,
2601 4768 2832 4841 pristini
2887 4771 3074 4824 status
3133 4767 3319 4835 obliti,
3372 4767 3647 4838 praesenti

1999 4873 2133 4914 vero
2155 4857 2267 4912 laeti
2301 4856 2716 4914 etinsolentes.
2751 4858 2997 4914 Proinde
3054 4856 3467 4929 Arcadiopolis,
3528 4857 3645 4913 Μοο

2002 4950 2213 5003 sanast
2233 4944 2501 5017 Zurulus,
2535 4961 2667 5002 cum
2695 4947 2873 5018 agris,
2894 4946 3050 5003 villis
3098 4953 3150 5002 et
3177 4946 3338 5001 omni
3392 4962 3457 5000 eo
3488 4946 3640 5016 quod

1999 5036 2071 5092 iis
2098 5035 2342 5092 urbibus
2360 5035 2495 5092 olim
2522 5038 2732 5109 paruit,
2756 5041 3043 5092 extremas
3093 5036 3287 5092 clades
3340 5040 3479 5090 sunt
3516 5051 3641 5106 per-

2002 5143 2221 5200 passa;
2254 5130 2313 5181 et
2336 5141 2463 5196 quis
2494 5129 2563 5180 ad
2598 5125 2798 5181 urbem
2830 5125 3093 5181 omnium
3109 5124 3431 5196 principem
3458 5138 3642 5194 usque

2002 5217 2313 5287 pertinent,
2345 5214 2543 5270 omnia
2584 5217 2723 5269 sunt
2781 5229 2813 5268 a
2868 5212 3090 5286 Scythis
3149 5228 3446 5284 oppressa.
3506 5212 3646 5269 Post

2000 5304 2198 5362 omnia
2229 5303 2509 5376 oppidum
2537 5302 2753 5376 Athyra
2772 5304 2842 5359 ad
2868 5302 3327 5359 internecionem
3367 5306 3455 5358 est
3485 5302 3646 5359 dele-

2000 5398 2147 5448 tum.
2188 5392 2328 5451 Nam
2370 5393 2524 5448 cives
2582 5392 2862 5464 principio
2928 5408 3059 5448 cum
3115 5391 3345 5462 Scythis
3403 5395 3645 5465 pecunia

1613 5517 1782 5580 Hier.
1815 5519 2029 5580 Woltii
2057 5524 2245 5581 notas.

295 5655 415 5727 (75)
446 5649 805 5722 Καθ’ἠλικίαν
852 5648 1319 5727 ᾑχμαλώτευσαν,
1350 5649 1504 5707 omni
1529 5665 1667 5708 88am
1693 5659 1746 5708 et
1772 5654 1899 5709 ωιαι

2007 5660 2134 5725 ιρεα.
2172 5652 2289 5709 Hoc
2321 5650 2369 5709 si
2402 5651 2492 5708 cui
2516 5650 2810 5724 displicet,
2844 5656 3061 5726 qum-at
3101 5652 3402 5712 meliorem
3466 5654 3640 5711 inter-

229 5726 641 5801 pretationem.
