4032 6216
519 421 669 480 1019

1850 412 2169 473 ΝΙΟΕΤΛΞ
2210 415 2645 476 ΟΗΟΝΙΑΤιλΕ

3736 429 3856 488 {020

509 559 942 624 transegerant,
977 553 1029 604 et
1062 549 1301 605 aderant
1332 546 1434 620 qui
1493 559 1700 602 aureos
1748 560 2022 602 nummos
2069 563 2148 618 po-

2275 542 2462 604 δεινῶν
2492 549 2816 606 πεπόνθασιν
2849 545 3074 627 ἔσχατα,
3133 553 3223 608 καὶ
3279 553 3436 629 ἀγροὶ
3465 554 3549 609 καὶ
3579 560 3736 630 κῶμαι
3781 568 3849 619 καί

508 640 1054 701 stularent.Dcinde
1089 638 1372 708 quosdam
1413 653 1480 692 ex
1511 635 1846 691 Latinorum
1907 635 2167 703 cohorte,

509 735 606 805 qui
646 730 935 787 Rhaedesti
995 746 1128 784 cum
1199 729 1389 782 Brana
1447 728 1697 794 fuerunt,
1741 726 1894 781 883
1942 711 2169 796 vesperi

507 825 714 880 urbem
755 821 1055 892 ingressos
1077 819 1358 890 Athyrani
1393 817 1641 872 libenter
1670 822 1728 872 et
1769 817 2009 872 minime
2043 822 2168 888 gra‘

510 913 685 968 vatim
721 914 1145 980 susceperunt:
1175 907 1460 979 putabant
1517 907 1673 962 enim
1719 923 1817 961 eos
1862 905 1982 961 illic
2010 923 2166 960 man-

511 1019 674 1057 suros
699 1005 754 1055 et
787 1016 922 1055 cum
954 997 1179 1070 Scythis
1215 1000 1600 1068 pugnaturos.
1635 995 1745 1050 Sed
1780 993 1862 1049 illi
1914 995 2023 1050 sub
2053 994 2165 1064 pri-

513 1109 670 1146 mam
703 1091 888 1145 noctis
912 1088 1170 1158 vigiliam
1204 1086 1339 1140 inde
1371 1085 1700 1150 discedunt,
1734 1100 1909 1155 opera
1936 1084 2069 1136 data
2102 1086 2162 1136 ut

505 1179 755 1251 Scythas
783 1177 933 1232 clam
969 1174 1372 1247 praeterirent;
1407 1173 1512 1228 etsi
1559 1188 1662 1244 spe
1711 1189 1817 1227 sua
1877 1171 2158 1236 frustrati,

498 1269 665 1338 juxta
686 1267 884 1337 ipsum
908 1264 1199 1334 Rhegium
1225 1265 1283 1317 in
1307 1263 1648 1331 Scytharum
1676 1261 1945 1316 cohortes
1998 1265 2158 1315 ante-

503 1374 734 1430 gressas
766 1355 990 1428 delapsi
1025 1371 1228 1410 omnes
1258 1353 1462 1424 exiguo
1500 1356 1793 1408 momento
1838 1351 2153 1422 perierunt.

504 1447 721 1519 Scythae
753 1462 886 1500 vero
917 1448 1048 1516 post
1074 1444 1404 1498 Latinorum
1429 1442 1753 1496 discessum
1797 1457 1830 1495 ιι
1871 1438 2156 1512 pepuleri-

505 1537 618 1591 bus
643 1536 768 1591 suis
792 1533 1050 1606 pecunize
1080 1531 1442 1588 exactoribus
1500 1531 1651 1586 clam
1706 1529 1858 1586 circa
1903 1528 2153 1584 mediam

505 1629 731 1678 noctem
768 1623 1009 1677 funibus
1042 1637 1143 1691 per
1200 1636 1400 1675 muros
1461 1618 1716 1686 attracti,
1749 1623 1806 1673 et
1837 1618 2020 1689 portis
2053 1633 2156 1688 po-

507 1712 760 1778 titi,cum
791 1708 1049 1766 horribili
1075 1708 1325 1764 clamore
1347 1708 1563 1763 strictis
1589 1707 1831 1762 ensibus
1851 1706 1910 1760 in
1942 1707 2153 1776 pleros-

512 1817 627 1872 que
659 1799 851 1855 adhuc
875 1799 1249 1863 dormientes,
1283 1812 1416 1851 cum
1441 1797 1578 1868 fuga
1609 1795 1848 1850 minime
1887 1795 2154 1866 expedita

2273 635 2454 692 τέίλλα
2484 638 2657 693 ὁπόσα
2685 645 2803 702 ταῖς
2834 640 3026 696 πόλεσι
3082 643 3301 708 ταύταις
3363 645 3648 701 ὑπέκυπτον
3699 652 3851 723 πρότε-

2276 746 2390 800 ρον,
2416 727 2502 783 καὶ
2539 729 2637 782 ὅσα
2679 728 2732 790 ἐς
2762 730 2930 799 αὐτὴν
2967 733 3067 801 τὴν
3125 732 3343 787 πόλεων
3383 741 3564 789 πασῶν
3617 737 3852 814 προεδρεύ-
3944 753 3945 758 ‘

2273 837 2434 871 ουσαν
2484 819 2882 892 παρατείνουσι,
2942 828 3060 882 ταῖς
3109 826 3402 885 Σκυθικαῖς
3466 828 3617 903 χερσὶ
3675 833 3854 885 καθ’.)πέ-

2270 909 2464 980 κυψαν.
2525 908 2649 963 Ἐπὶ
2705 913 2835 963 πᾶσι
2880 912 2967 965 καὶ
3030 911 3080 966 οἱ
3127 914 3190 968 τὸ
3247 914 3496 985 πόλισμα
3548 917 3631 969 τὸν
3685 918 3851 994 ’Λθύραν

2273 994 2543 1057 οἶκῡῦντες
2575 995 2820 1069 ὀλέθροις
2851 998 3171 1069 ἀνηκέστοις
3227 1002 3646 1078 περιεπάρησαν.
3676 1008 3737 1059 Τὰ
3786 1011 3849 1080 μὲν

2267 1084 2367 1156 γὰρ
2426 1090 2613 1157 πρῶτα
2671 1085 2756 1141 ἐπὶ
2816 1090 3066 1162 χρήμασι
3123 1096 3238 1152 τοῖς
3298 1093 3533 1154 Σκύθαις
3598 1089 3850 1166 συνέϐησαν¹

2268 1171 2357 1226 καὶ
2416 1175 2549 1241 ἦσαν
2610 1173 2662 1228 o'i
2716 1173 2775 1229 ἐκ
2843 1180 3064 1232 Σκυθῶν
3125 1178 3419 1258 ἀφιγμένοι
3467 1180 3531 1236 τὰ
3594 1180 3647 1236 ἐκ
3698 1191 3848 1257 χρυσῶ

2267 1258 2614 1334 εἰσέπραττον
2664 1265 2943 1336 κόμματα·
3005 1267 3141 1342 πρὸς
3210 1266 3254 1321 δ’
3311 1267 3532 1341 ἑσπέραν
3564 1269 3705 1324 ἐνίων
3757 1271 3850 1325 ἐκεῖι

2268 1359 2352 1412 θεν
2385 1349 2805 1421 ἀπαντησάντων
2837 1355 3012 1410 ἐκεῖσε
3067 1360 3163 1411 τοῦ
3223 1363 3512 1413 Λατινικοῦ
3555 1359 3849 1436 συντάγματος

2263 1437 2292 1490 6'
2325 1445 2488 1507 συνῆν
2524 1437 2575 1494 έν
2617 1438 2910 1515 Ῥαιδεστῷ
2941 1448 3020 1515 τῷ
3068 1450 3264 1519 Βρανᾷ,
3327 1447 3718 1524 κεχαρισμένως
3768 1453 3847 1506 σεί-

2263 1547 2368 1616 σιν,
2401 1525 2531 1582 ἀλλ’
2589 1528 2650 1584 οὐ
2687 1531 3005 1605 προσάντως
3042 1535 3094 1588 οἱ
3151 1533 3203 1588 ἐν
3267 1537 3471 1611 ’Λθύρᾳ
3508 1538 3847 1616 προσοέρονταϊ

2261 1613 2434 1687 ᾤοντο
2466 1616 2566 1693 γὰρ
2597 1618 2672 1680 ὡς
2705 1627 3222 1696 συμπαραμενοῦσιν
3287 1623 3457 1688 ἐκεῖθι
3507 1627 3592 1680 καὶ
3646 1613 3724 1680 τὸν
3756 1631 3851 1679 uti

2263 1709 2486 1768 Σκυθῶν
2541 1706 2726 1781 ἀγῶνα
2785 1708 3236 1768 ἐπαποδύσονται.
3309 1711 3470 1770 Ἀλλ’
3529 1716 3579 1770 οἱ
3628 1716 3708 1787 μὲν
3763 1717 3848 1788 περῖ

2257 1793 2484 1869 πρώτην
2555 1795 2803 1873 φυλακὴν
2849 1805 2950 1868 τῆς
3006 1802 3197 1862 νυκτὸς
3282 1799 3485 1866 ἐκεῖθεν
3546 1803 3843 1876 μεθίστανται,

506 1889 939 1959 esset,irruunt.
968 1887 1047 1942 Ea
1070 1887 1248 1957 igitur
1278 1889 1445 1940 nocte
1477 1884 1703 1940 facinus
1752 1883 1964 1949 editur,
1999 1885 2148 1956 quod

2260 1879 2447 1946 λαθεῖν
2488 1884 2616 1946 τοὺς
2659 1888 2868 1950 Σκύθας
2910 1887 3000 1942 καὶ
3059 1897 3348 1964 παρελθεῖν
3407 1889 3640 1960 σπουδήν
3688 1893 3846 1964 τιθέμε-

509 1977 799 2050 lacrymas
831 1975 1078 2048 postulat
1109 1976 1292 2030 instar
1339 1972 1678 2045 perennium
1711 1973 1973 2028 amnium
2020 1990 2150 2044 pro-

511 2073 841 2125 manantes.
874 2067 991 2122 Nec
1022 2067 1174 2122 enim
1212 2065 1316 2121 viri
1347 2069 1403 2120 et
1434 2064 1663 2120 feminae
1711 2065 1985 2120 duntaxat
2020 2081 2150 2136 par-

507 2160 613 2214 tim
648 2158 845 2225 occisi,
880 2156 1091 2227 partim
1127 2156 1184 2210 in
1215 2155 1545 2210 servitutem
1581 2154 1816 2210 abducti
1856 2158 2014 2219 sunt,
2051 2155 2152 2210 sed

508 2262 619 2303 nec
643 2247 924 2304 lactentes
948 2244 1220 2301 infantuli
1243 2243 1368 2314 ejus
1392 2243 1531 2299 mali
1568 2251 1828 2314 expertes
1866 2244 2103 2298 fuerunt
2135 2259 2148 2298 :

504 2337 610 2393 sed
643 2336 700 2391 hi
736 2351 962 2406 quoque
995 2343 1054 2389 ut
1090 2333 1387 2388 immaturi
1445 2337 1502 2388 et
1567 2332 1763 2388 tenelli
1811 2331 2036 2388 ﬂosculi
2079 2332 2150 2387 ab

507 2424 1076 2481 immisericordibus
1106 2423 1222 2478 illis
1255 2423 1416 2492 viris,
1476 2421 1880 2493 ignorantibus
1931 2425 2150 2476 natura:

506 2515 782 2586 injuriam
813 2513 938 2568 ﬁeri
969 2516 1027 2568 et
1057 2511 1440 2567 humanitatis
1465 2512 1565 2581 jus
1597 2510 1667 2565 ab
1709 2526 1773 2565 eo
1815 2508 2018 2566 violari
2049 2509 2147 2581 qui

503 2603 819 2660 iracundiae
867 2601 1021 2658 ultra
1075 2602 1378 2657 victoriam
1438 2599 1756 2671 indulgeat,
1817 2599 2147 2655 obtruncati

504 2699 660 2751 sunt.
696 2695 765 2748 Et
803 2694 955 2764 quod
991 2691 1179 2764 magis
1237 2690 1654 2763 deplorandum
1715 2689 1870 2744 884
1900 2697 2006 2758 est,
2040 2689 2148 2745 im-

503 2782 818 2857 placabiles
849 2781 1117 2837 homines
1148 2780 1442 2852 occupatis
1466 2779 1762 2835 littoribus
1789 2793 1885 2834 eos
1916 2779 2017 2851 qui
2048 2778 2147 2835 illo

502 2877 874 2930 accurrerant
930 2871 1145 2942 partim
1203 2868 1412 2941 gladiis
1504 2867 1877 2939 traiecerunt,
1937 2869 2145 2940 partim

497 2966 884 3028 retraxerunt,
917 2959 1130 3030 partim
1153 2958 1210 3013 in
1236 2973 1440 3028 aquam
1465 2957 1855 3029 praecipitatos
1875 2957 2145 3013 submer-

497 3049 900 3110 serunt.Pauci
929 3048 1158 3120 navigia
1175 3047 1366 3118 adepti
1389 3050 1717 3103 evaserunt.
1752 3047 1927 3101 Erant
1971 3047 2142 3102 etiam

495 3139 828 3212 quiscalam
865 3155 977 3195 non
1007 3135 1200 3208 adepti
1231 3136 1383 3190 intra
1416 3133 1656 3207 puppim
1700 3140 1757 3191 et
1806 3135 2052 3200 remiges
2083 3135 2143 3190 in

498 3246 655 3286 mare
676 3229 1029 3284 deciderent.
1053 3227 1237 3282 Tanta
1284 3225 1419 3280 mali
1467 3225 1741 3280 atrocitas
1775 3224 1884 3280 fuit
1911 3231 1968 3281 et
1999 3242 2144 3298 pene

493 3319 833 3374 internecio.
869 3318 947 3372 Ex
971 3333 1036 3372 eo
1083 3315 1324 3370 Barbari
1377 3315 1517 3370 totis
1539 3313 1864 3385 legionibus
1896 3319 1952 3370 et
1981 3332 2142 3370 exer-

498 3407 708 3464 citibus
741 3410 1047 3478 pergentes
1075 3409 1252 3459 vastas
1272 3402 1533 3475 procellae
1577 3403 1764 3458 instar
1793 3404 1990 3459 omnia
2021 3404 2138 3459 dis-

497 3497 790 3568 sipabunt,
827 3499 928 3549 aut
957 3493 1205 3549 incendii
1275 3494 1334 3548 in
1393 3492 1539 3548 silva
1593 3492 1918 3564 grassantis
1974 3493 2143 3549 obvia

497 3601 743 3660 quaeque
767 3584 1172 3640 absumebant.
1205 3582 1402 3653 Neque
1433 3597 1624 3637 rerum
1677 3580 1939 3638 omnium
1973 3582 2144 3654 quid-

497 3692 674 3748 quam
709 3678 834 3730 erat
863 3672 1392 3745 impervestigatum
1422 3675 1478 3726 et
1508 3671 1730 3742 rapinis
1759 3674 1972 3727 tutum.
2004 3671 2142 3727 Duae

496 3771 726 3820 tantum
758 3779 826 3818 ex
859 3761 1126 3834 plurimis
1159 3765 1216 3816 et
1248 3760 1522 3815 maximis
1555 3759 1816 3827 urbibus,
1867 3759 2038 3833 Bizya
2090 3765 2147 3816 et

496 3853 777 3926 Selybria,
813 3856 867 3908 et
893 3851 1128 3922 rapinas
1161 3853 1217 3904 et
1247 3851 1580 3905 vastitatem
1640 3850 1989 3921 eti‘ugerunt,
2030 3867 2143 3905 non

503 3944 675 4000 modo
708 3942 890 3998 ﬁrmis
923 3941 1122 3996 cincta:
1154 3940 1467 4006 manibus,
1498 3939 1597 3994 sed
1653 3938 1829 3993 etiam
1886 3938 2144 3994 locorum

502 4037 620 4088 situ
654 4031 1081 4087 munitissimae.
1137 4028 1372 4100 Alioqui
1418 4043 1523 4083 nec
1581 4027 1967 4084 universalem
2000 4029 2148 4084 inte-

497 4123 678 4178 ritum
713 4121 1053 4189 evitassent,
1081 4125 1134 4173 et
1167 4133 1238 4173 ue
1260 4135 1291 4172 a
1323 4117 1543 4172 Latinis
1565 4117 1803 4188 quidem
1852 4116 2148 4173 intentatis

495 4209 982 4283 permansissent.
1043 4211 1121 4263 Ac
1180 4207 1308 4262 Itali
1367 4206 1460 4262 his
1491 4191 2148 4262 adversitatibustracti

494 4300 652 4371 Cpoli
685 4299 846 4355 velut
898 4300 956 4353 in
1018 4298 1264 4353 mandra
1320 4295 1934 4363 condensabantur,.et
1975 4297 2150 4352 rebus

495 4392 562 4445 ad
597 4388 964 4444 tolerandam
996 4385 1362 4443 obsidionem
1407 4385 1754 4440 necessariis
1799 4386 2151 4457 comparatis

494 4478 798 4534 terrestria
839 4477 1052 4531 mmnia
1101 4475 1254 4530 inter
1310 4490 1372 4530 se
1431 4473 1649 4546 partiti,
1707 4474 1982 4531 Romanis
2032 4491 2150 4546 quo

493 4568 707 4624 vellent
735 4565 991 4621 abeundi
1023 4567 1371 4636 potestatem
1405 4564 1712 4618 dederunt.
1758 4563 1964 4620 Hostes
2017 4579 2152 4619 vero

2259 1991 2367 2042 νοι,
2421 1970 2518 2026 κᾶίν
2582 1973 2827 2045 ἐξέπεσον
2886 1981 2993 2031 τῶν
3048 1980 3184 2032 κατὰ
3243 1981 3446 2035 σκοπὸν
3503 1983 3629 2054 (74),
3683 1985 3845 2044 Σκυθῶν

2258 2059 2461 2134 ἑτέραις
2545 2065 2764 2139 μοίραις
2867 2067 3265 2140 προελασάσαις
3370 2068 3699 2145 ἐγκύρσαντες
3754 2060 3848 2124 κατ’

2256 2151 2387 2205 αὐτὸ
2412 2151 2474 2206 τὸ
2504 2154 2753 2229 Ῥήγιον,
2783 2156 2870 2208 καὶ
2915 2157 3107 2220 πάντες
3167 2158 3243 2219 ὡς
3299 2155 3391 2213 διὰ
3452 2159 3671 2234 βραχέος
3718 2158 3760 2221 ἐς
3800 2159 3840 2211 τὸ

2258 2242 2355 2312 ζῇν
2424 2243 2511 2314 [Ρ.
2572 2245 2700 2316 406]
2756 2243 3208 2308 κινδυνεύσαντες.
3271 2249 3338 2301 Οἱ
3423 2245 3477 2303 δὲ
3529 2248 3710 2312 Σκύθαι
3753 2251 3843 2319 μετὰ

2257 2329 2358 2398 τήν
2391 2331 2636 2385 Λατίνων
2670 2332 3035 2401 ἀπονόστησιν
3070 2334 3173 2390 ὑπὸ
3204 2341 3314 2390 τῶν
3367 2338 3433 2392 τὰ
3463 2339 3706 2412 χρήματα
3752 2335 3842 2389 συλ-

2257 2415 2527 2493 λεγόντων
2561 2422 2838 2497 ὁμογενων
2872 2422 3046 2496 λάθρα
3080 2427 3200 2500 περὶ
3256 2428 3427 2498 μέσας
3459 2427 3641 2486 νύκτας
3669 2423 3741 2478 διὰ
3783 2429 3847 2477 τοῦ

2261 2507 2482 2582 τείχους
2515 2508 2887 2582 ἀνιμηθέντες,
2920 2513 3008 2566 καὶ
3066 2518 3174 2567 τῶν
3244 2513 3441 2569 πυλῶν
3489 2513 3735 2591 ἐγκρατεῖς
3785 2535 3848 2586 γε-

2257 2596 2500 2669 νόμενοι,
2530 2598 2599 2651 τὰ
2655 2599 2781 2676 ξίφη
2835 2601 3166 2673 σπασάμενοι
3209 2601 3302 2655 σὺν
3335 2603 3588 2677 ἀλαλαγῇ
3643 2600 3846 2675 optult;

2255 2689 2374 2746 τοῖς
2417 2685 2698 2748 πλείστοις
2755 2682 2834 2742 ἔτι
2883 2688 3383 2765 καταδαρθάνουσιν
3441 2691 3838 2756 ἐπεισπίπτουσιν,

2255 2773 2342 2828 ὅτε
2377 2775 2452 2846 μή
2496 2772 2776 2850 διαδρᾶναι
2811 2776 2996 2852 ῥᾴδιον
3056 2781 3143 2849 ἦν.
3196 2780 3409 2836 Γίνεται
3446 2782 3534 2836 οὗν
3561 2789 3651 2849 τῆς
3700 2780 3844 2838 νυκτὸς

2255 2858 2462 2934 ὶκείνης
2497 2863 2654 2942 ἔργον
2687 2871 2897 2942 χρῇζον
2953 2865 3198 2944 δακρύων
3251 2871 3393 2926 κατά
3443 2871 3705 2943 ποταμοὺς
3739 2867 3842 2944 ῥεόν-

2253 2973 2359 3007 των
2411 2953 2621 3010 ἀένναα·
2661 2953 2722 3010 οὒ
2784 2958 2889 3033 γὰρ
2931 2958 3094 3031 μόνον
3154 2956 3378 3035 ἅρῤενές
3429 2981 3486 3016 τε
3538 2961 3620 3015 καὶ
3673 2957 3837 3028 θήλειαι

2251 3045 2418 3097 τοῦτο
2463 3045 2556 3116 μέν
2591 3043 2940 3121 ἀνῃρέθησαν,
2971 3051 3130 3103 τοῦτο
3173 3045 3230 3103 δὲ
3260 3048 3591 3125 ἀπήχθησαν
3623 3045 3844 3122 δορυιίλωο

2252 3151 2359 3202 τοι,
2395 3129 2522 3187 ἀλλ’
2555 3131 2681 3188 οὐδὲ
2709 3135 2774 3189 τὰ
2807 3133 3178 3209 ὓπομασντίδια
3205 3142 3314 3192 τῶν
3359 3136 3564 3193 παίδων
3593 3141 3677 3191 τοῦ
3722 3137 3845 3189 κακοῦ

2254 3219 2422 3299 ἐφάνη
2493 3222 2758 3300 ἀνώτερα.
2817 3223 2944 3280 ἀλλ’
2998 3226 3326 3298 ἀπέθερίσθη
3399 3229 3490 3282 καὶ
3555 3231 3703 3281 ταῦτα
3747 3220 3844 3277 uari

2253 3309 2435 3384 χλόην
2493 3312 2584 3366 καὶ
2616 3312 2771 3376 ἄνθος
2819 3314 3156 3390 εὐμάραντον
3212 3316 3319 3371 ὑπὸ
3361 3321 3472 3373 τῶν
3529 3317 3656 3388 ἐλέῳ
3682 3312 3842 3369 ἀναλώ-

2243 3404 2353 3454 των
2384 3399 2603 3456 ἐκείνων
2639 3401 2874 3477 ἀνδρῶν,
2931 3407 3021 3459 καὶ
3083 3403 3364 3480 μηδαμῶς
3419 3405 3629 3462 εἰδότων
3673 3405 3733 3466 ὡς
3758 3399 3842 3456 ἀδι-

2245 3493 2332 3542 κεῖ
2358 3490 2457 3559 τήν
2507 3490 2663 3568 φύσιν
2721 3491 2810 3546 καὶ
2865 3493 3062 3566 θεσμὸν
3120 3493 3302 3549 ἀθετεῖ
3355 3495 3450 3550 τὸν
3490 3489 3839 3570 ἀνθρώπινονὸ

2249 3580 2554 3656 περαιτέρω
2584 3589 2688 3653 τῆς
2719 3582 2873 3655 νίκης
2929 3585 3020 3639 καὶ
3076 3590 3172 3640 τοῦ
3229 3592 3450 3661 κρατεῖν
3503 3591 3604 3641 τῶν
3647 3581 3836 3639 ἐναντίων

2251 3671 2408 3744 θυμῷ
2439 3673 2753 3747 χρώμενος.
2786 3674 2862 3730 Τὸ
2906 3671 2963 3729 δὲ
3021 3671 3087 3745 δὴ
3161 3676 3414 3748 μείζονος
3473 3674 3676 3740 πένθους
3721 3670 3834 3739 ἄξιον,

2249 3759 2756 3838 προκατειληφότες
2807 3763 2860 3818 οἱ
2917 3761 3173 3819 ἄσπονδοι
3227 3763 3325 3828 τὰς
3410 3764 3570 3841 ᾐόνας
3634 3761 3738 3822 τοὺς
3780 3757 3836 3811 ἐπ’

2251 3848 2412 3911 αὐτὰς
2469 3847 2868 3926 συνδραμόντας
2926 3853 3021 3916 οὕς
3051 3853 3146 3926 μὲν
3203 3849 3504 3924 διήλαυνον
3531 3852 3724 3930 ξίφεσιν,
3769 3845 3829 3907 οῧς

2251 3937 2309 3994 δὲ
2365 3938 2580 4016 ἀπῆγον
2639 3939 2838 4014 ὀπίσω,
2904 3941 2997 4006 οὕς
3060 3939 3118 3998 δὲ
3173 3943 3314 3999 κατᾶ
3377 3945 3540 4019 βυθὸν
3595 3941 3831 4015 ἠνάγκαζον

2251 4027 2502 4108 φέρεσθαι
2533 4030 2622 4084 καὶ
2661 4037 2778 4095 τοῖς
2809 4028 2992 4087 ὕδασιν
3053 4030 3486 4098 ἐναπόλλυσθαι.
3545 4035 3745 4108 Βραχεῖς
3796 4021 3834 4078 δὲ

2251 4118 2340 4173 καὶ
2373 4124 2588 4199 σκαφῶν
2622 4115 2922 4194 λαϐόμενοι
2963 4118 3320 4193 διεσώθησαν.
3384 4128 3546 4178 Ἦσαν
3600 4119 3642 4175 δ’
3688 4117 3730 4172 οἵ
3772 4113 3833 4168 καὶ

2254 4206 2639 4284 διαμαρτόντες
2677 4217 2778 4281 τῆς
2846 4207 3153 4286 ἀναϐάθρας
3221 4213 3298 4275 εἰς
3355 4214 3457 4278 τὰς
3510 4205 3832 4286 παρεξειρεσίας

2254 4297 2486 4353 ὤλισθον
2545 4299 2634 4354 καὶ
2686 4300 3064 4375 παρερῥύησαν
3127 4300 3201 4364 είς
3247 4303 3346 4371 τήν
3417 4301 3686 4367 θάλασσαν.
3720 4295 3834 4352 Οὕτω

2258 4385 2391 4462 μέγα
2421 4388 2486 4457 ἦν
2521 4388 2582 4443 τὸ
2623 4385 2795 4460 δεινὸν
2820 4390 2909 4444 καὶ
2940 4387 3251 4460 πολυειδὲς,
3307 4392 3398 4446 καὶ
3463 4393 3646 4464 μικροῦ
3699 4382 3832 4441 πανὼε

2256 4475 2376 4530 λεια
2405 4481 2512 4532 τῶν
2571 4478 2700 4534 ἐκεῖ.
2762 4480 2855 4535 Ἐκ
2913 4475 2970 4533 δὲ
3023 4479 3226 4534 τούτου
3255 4481 3393 4535 κατᾶ
3439 4477 3725 4553 συναγωγὰς
3769 4470 3831 4524 καὶ

2257 4563 2592 4640 στρατόπεδα
2646 4571 2762 4628 τοῖς
2818 4561 3121 4642 ἔμπροσθεν
3179 4563 3478 4643 προϐαῖνον
3508 4569 3567 4623 τὸ
3620 4559 3830 4641 βάρϐαρον

491 4657 551 4711 in
576 4655 721 4711 locis
745 4669 948 4724 parum
970 4654 1040 4708 ab
1069 4654 1211 4709 urbe
1236 4651 1456 4707 dissitis
1501 4658 1954 4720 commorautes,
1991 4670 2142 4725 saepe

2256 4655 2377 4709 ὡσεὶ
2411 4654 2503 4709 καὶ
2535 4653 2741 4733 σφοδρά
2779 4676 2860 4718 τις
2893 4654 3106 4732 λαῖλαψ
3137 4654 3375 4734 διεφόρει
3428 4659 3488 4713 τὸ
3519 4660 3635 4722 πᾶν,
3663 4653 3692 4722 ἤ
3736 4649 3827 4724 γοῦν

487 4748 549 4802 in
585 4761 786 4818 pugna
817 4744 992 4801 etiam
1025 4745 1288 4815 proxime
1311 4743 1524 4799 mmnia
1539 4749 1942 4800 accesserunt:
1997 4761 2140 4800 non-

490 4851 799 4908 nunquam
846 4851 945 4906 per
999 4833 1117 4889 divi
1174 4833 1420 4889 Romani
1478 4842 1722 4905 portam,
1787 4835 2143 4889 ostentandae

492 4924 858 4983 fortitudinis
887 4924 1035 4982 835
1072 4929 1124 4978 et
1165 4920 1496 4978 comitantis
1521 4926 1643 4977 tum
1673 4921 1961 4978 felicitatis
1987 4938 2139 4992 ergo,

493 5017 664 5088 pauci
699 5030 940 5071 numero
967 5011 1240 5087 ingressi,
1271 5016 1328 5066 et
1386 5010 1596 5068 occisis
1627 5010 1697 5066 iis
1738 5011 1836 5083 qui
1888 5013 1946 5066 in
1982 5017 2143 5083 porta

490 5111 681 5176 erant,
719 5105 916 5163 statim
949 5103 1187 5172 reversi,
1223 5117 1355 5158 cum
1387 5102 1548 5158 omni
1603 5101 1856 5156 exercitu
1898 5101 2136 5156 domum

494 5200 812 5266 redierunt,
846 5194 1102 5266 captivos
1132 5197 1409 5264 tanquam
1460 5195 1748 5258 armenta,
1779 5190 2028 5262 pecudes
2084 5196 2140 5246 et

479 5291 756 5359 jumenta
776 5304 878 5359 pro
915 5283 1293 5342 multitudine
1351 5279 1651 5337 stellarum
1711 5296 1828 5352 prae
1869 5295 1930 5336 se
1960 5298 2131 5352 agen-

488 5382 592 5431 tcs.

2252 4743 2379 4798 ὡσεὶ
2438 4748 2544 4817 πῦρ
2593 4743 2622 4798 ὅ
2679 4741 2957 4822 διαφλέγει
3016 4742 3220 4820 δρυμὸν
3282 4747 3350 4801 τὰ
3402 4745 3453 4801 ἐν
3508 4745 3651 4800 ποσὶν
3693 4736 3829 4795 Exivi-

2257 4853 2403 4904 μετο.
2467 4835 2567 4888 Ἢν
2599 4829 2653 4887 δὲ
2707 4837 2813 4888 τῶν
2875 4831 3088 4889 πᾶντων
3163 4831 3318 4890 οὐδὲν
3379 4828 3746 4909 ἂνεξερεύνητόν
3786 4844 3827 4879 τε

2252 4923 2339 4975 καὶ
2387 4921 2811 4998 ἂπρονόμευτον,
2869 4922 2996 4978 ἀλλ’
3053 4923 3112 4978 ἐκ
3149 4923 3422 4980 πλείστων
3485 4923 3568 4978 καὶ
3622 4918 3826 4995 μεγίστων

2249 5012 2464 5067 πόλεων
2494 5010 2814 5068 ἀσκύλευτοί
2870 5033 2929 5068 τε
2983 5014 3074 5068 καὶ
3132 5013 3471 5089 ἀκαθαίρετοι
3510 5013 3662 5082 Βιζύη
3688 5030 3734 5064 τε
3762 5005 3825 5061 καὶ

2250 5098 2540 5176 Σηλυϐρία
2599 5101 2745 5177 παρᾶ
2802 5105 3018 5158 Σκυθῶν
3087 5103 3507 5180 ὑπελείφθησαν
3567 5097 3705 5173 μόναι
3749 5095 3824 5168 γὰρ

2248 5192 2402 5246 αὗται
2433 5189 2546 5270 οὐχ
2585 5192 2732 5253 ὅπως
2762 5191 3013 5270 ἱσχυροῖς
3048 5189 3433 5265 διειλημμέναι
3462 5190 3693 5270 τείχεσιν,
3719 5181 3825 5241 ἀλλὰ

2245 5281 2336 5336 καὶ
2375 5286 2445 5355 τῇ
2475 5285 2581 5336 τῶν
2637 5282 2818 5336 τόπων
2870 5279 3006 5335 θέσει
3070 5279 3308 5354 μάλιστα
3363 5280 3721 5356 κρατυνόμεναι
3756 5270 3820 5326 τὸν

2245 5369 2488 5438 παντελῆ
2520 5366 2801 5446 διέδρασαν
2842 5365 3088 5444 ὄλεθρον,
3124 5366 3253 5443 μηδ’
3284 5366 3468 5430 ἄλλως
3498 5368 3596 5422 ἀπὸ
3634 5363 3818 5420 Λατίνων

1860 5474 2028 5535 Hier.
2072 5474 2281 5535 Wolfii
2328 5479 2516 5534 notae.

565 5581 676 5652 (74)
709 5580 813 5652 Κᾶν
869 5580 1114 5649 ἐξέπεσον
1173 5585 1279 5635 τῶν
1335 5578 1730 5652 κατᾶιγσκοπόν.
1786 5583 2136 5652 Interpreta-

497 5660 592 5707 tus
623 5650 748 5706 sum
782 5650 1184 5724 ἀποφαντικῶς.
1237 5654 1399 5717 Quod
1458 5651 1505 5724 si
1562 5654 1653 5707 cui
1698 5650 1967 5724 displicet
2001 5653 2135 5706 ὑπο-

495 5724 720 5782 Θετικῶς
751 5727 998 5792 exponat
1029 5722 1182 5791 licet,
1217 5724 1326 5778 hoc
1357 5722 1529 5778 modo
1566 5738 1580 5779 :
1638 5725 1719 5778 Ac
1771 5722 2015 5781 successu
2051 5741 2134 5780 ca-

2247 5584 2442 5638 ruisset
2476 5581 2531 5636 id
2561 5581 2927 5650 consilium,si
2953 5583 3011 5636 in
3045 5581 3283 5636 cohortes
3316 5581 3486 5642 alias,
3517 5586 3613 5633 etc.
3646 5571 3812 5650 incidis-

2242 5652 2593 5780 8e31.lPaulo
2625 5660 2776 5725 post,
2809 5645 2880 5715 ὡς
2912 5648 3000 5706 διὰ
3032 5650 3291 5725 βραχέος,
3328 5652 3386 5706 τὸ
3423 5650 3495 5712 ὡς
3548 5645 3808 5706 redundaro

2244 5740 2296 5780 v1
2345 5741 2373 5780 e
2402 5741 2486 5780 ur.
