  <div class='ocr_page' id='page_1' title='image "/cluster/home/n/w/nwhite01/storage/ocr_20150623/139/hvd.32044023361710/516.png"; bbox 0 0 4072 6218; ppageno 0'>
   <div class='ocr_carea' id='block_1_1' title="bbox 182 402 1836 466">
    <p class='ocr_par' dir='ltr' id='par_1_1' title="bbox 182 403 1836 466">
     <span class='ocr_line' id='line_1_1' title="bbox 182 403 1836 466; baseline 0.001 -2"><span class='ocrx_word' id='word_1_1' title='bbox 182 404 346 466; x_wconf 68' lang='grc'>1621</span> <span class='ocrx_word' id='word_1_2' title='bbox 1639 403 1836 466; x_wconf 76' lang='lat' dir='ltr'>URBS</span> 
     </span>
    </p>
   </div>
   <div class='ocr_carea' id='block_1_2' title="bbox 1952 402 3613 466">
    <p class='ocr_par' dir='ltr' id='par_1_2' title="bbox 1952 402 3613 464">
     <span class='ocr_line' id='line_1_2' title="bbox 1952 402 3613 464; baseline 0 0"><span class='ocrx_word' id='word_1_3' title='bbox 1952 406 2165 464; x_wconf 68' lang='lat' dir='ltr'>LPTA.</span> <span class='ocrx_word' id='word_1_4' title='bbox 3463 402 3613 464; x_wconf 74' lang='lat'>1022</span> 
     </span>
    </p>
   </div>
   <div class='ocr_carea' id='block_1_3' title="bbox 184 530 3604 614">
    <p class='ocr_par' dir='ltr' id='par_1_3' title="bbox 184 530 3604 614">
     <span class='ocr_line' id='line_1_3' title="bbox 184 530 3604 614; baseline -0.001 -22"><span class='ocrx_word' id='word_1_5' title='bbox 184 535 355 592; x_wconf 80' lang='grc' dir='ltr'>οὖσαι</span> <span class='ocrx_word' id='word_1_6' title='bbox 395 535 826 605; x_wconf 74' lang='grc' dir='ltr'>ἀνεπισκόπητοι</span> <span class='ocrx_word' id='word_1_7' title='bbox 869 539 1005 608; x_wconf 83' lang='lat'>(75).</span> <span class='ocrx_word' id='word_1_8' title='bbox 1052 535 1256 592; x_wconf 85' lang='grc' dir='ltr'>Ἰταλοί</span> <span class='ocrx_word' id='word_1_9' title='bbox 1301 537 1397 610; x_wconf 75' lang='grc' dir='ltr'>μὶν</span> <span class='ocrx_word' id='word_1_10' title='bbox 1431 537 1522 590; x_wconf 85' lang='grc' dir='ltr'>οὗν</span> <span class='ocrx_word' id='word_1_11' title='bbox 1555 535 1641 591; x_wconf 82' lang='grc' dir='ltr'>έπὶ</span> <span class='ocrx_word' id='word_1_12' title='bbox 1706 537 1924 598; x_wconf 80' lang='grc' dir='ltr'>τούτοις</span> <span class='ocrx_word' id='word_1_13' title='bbox 1965 535 2040 598; x_wconf 80' lang='grc' dir='ltr'>είς</span> <span class='ocrx_word' id='word_1_14' title='bbox 2080 536 2288 612; x_wconf 75' lang='grc' dir='ltr'>ἀγεννὲς</span> <span class='ocrx_word' id='word_1_15' title='bbox 2327 530 2758 606; x_wconf 71' lang='grc' dir='ltr'>καταϐληθέντες</span> <span class='ocrx_word' id='word_1_16' title='bbox 2825 533 3082 614; x_wconf 81' lang='grc' dir='ltr'>φρόνημα</span> <span class='ocrx_word' id='word_1_17' title='bbox 3121 534 3196 596; x_wconf 86' lang='grc' dir='ltr'>ὠς</span> <span class='ocrx_word' id='word_1_18' title='bbox 3251 535 3325 596; x_wconf 87' lang='grc' dir='ltr'>είς</span> <span class='ocrx_word' id='word_1_19' title='bbox 3369 533 3604 611; x_wconf 78' lang='grc' dir='ltr'>μάνδραν</span> 
     </span>
    </p>
   </div>
   <div class='ocr_carea' id='block_1_4' title="bbox 190 623 3604 699">
    <p class='ocr_par' dir='ltr' id='par_1_4' title="bbox 190 623 3604 699">
     <span class='ocr_line' id='line_1_4' title="bbox 190 623 3604 699; baseline -0.001 -17"><span class='ocrx_word' id='word_1_20' title='bbox 190 627 310 696; x_wconf 68' lang='grc' dir='ltr'>τὴν</span> <span class='ocrx_word' id='word_1_21' title='bbox 352 624 762 683; x_wconf 80' lang='grc' dir='ltr'>Κωνσταντίνου</span> <span class='ocrx_word' id='word_1_22' title='bbox 803 623 1136 697; x_wconf 80' lang='grc' dir='ltr'>ἐνειλοῦντο,</span> <span class='ocrx_word' id='word_1_23' title='bbox 1178 625 1269 680; x_wconf 79' lang='grc' dir='ltr'>καὶ</span> <span class='ocrx_word' id='word_1_24' title='bbox 1311 629 1417 679; x_wconf 81' lang='grc' dir='ltr'>τῶν</span> <span class='ocrx_word' id='word_1_25' title='bbox 1446 624 1544 679; x_wconf 78' lang='grc' dir='ltr'>ὅσα</span> <span class='ocrx_word' id='word_1_26' title='bbox 1580 631 1697 690; x_wconf 87' lang='grc' dir='ltr'>τοῖς</span> <span class='ocrx_word' id='word_1_27' title='bbox 1727 624 2218 698; x_wconf 63' lang='grc' dir='ltr'>πολιορκουμένοις</span> <span class='ocrx_word' id='word_1_28' title='bbox 2258 629 2510 699; x_wconf 73' lang='grc' dir='ltr'>χρήσιμα</span> <span class='ocrx_word' id='word_1_29' title='bbox 2541 623 2893 698; x_wconf 68' lang='grc' dir='ltr'>ἐπεμέλοντο,</span> <span class='ocrx_word' id='word_1_30' title='bbox 2930 625 2999 678; x_wconf 77' lang='grc' dir='ltr'>τὰ</span> <span class='ocrx_word' id='word_1_31' title='bbox 3035 626 3169 698; x_wconf 83' lang='grc' dir='ltr'>πρὸς</span> <span class='ocrx_word' id='word_1_32' title='bbox 3212 625 3411 699; x_wconf 77' lang='grc' dir='ltr'>χέρσον</span> <span class='ocrx_word' id='word_1_33' title='bbox 3446 625 3604 698; x_wconf 81' lang='grc' dir='ltr'>τείχη</span> 
     </span>
    </p>
   </div>
   <div class='ocr_carea' id='block_1_5' title="bbox 199 711 3609 792">
    <p class='ocr_par' dir='ltr' id='par_1_5' title="bbox 199 711 3609 792">
     <span class='ocr_line' id='line_1_5' title="bbox 199 711 3609 792; baseline -0.001 -22"><span class='ocrx_word' id='word_1_34' title='bbox 199 713 654 790; x_wconf 81' lang='grc' dir='ltr'>διανειμάμενοι,</span> <span class='ocrx_word' id='word_1_35' title='bbox 692 716 781 769; x_wconf 82' lang='grc' dir='ltr'>καὶ</span> <span class='ocrx_word' id='word_1_36' title='bbox 828 714 1132 789; x_wconf 81' lang='grc' dir='ltr'>Ῥωμαίοις</span> <span class='ocrx_word' id='word_1_37' title='bbox 1175 713 1422 770; x_wconf 73' lang='grc' dir='ltr'>ἐνέδοσαν</span> <span class='ocrx_word' id='word_1_38' title='bbox 1464 713 1582 769; x_wconf 80' lang='grc' dir='ltr'>ἔνθα</span> <span class='ocrx_word' id='word_1_39' title='bbox 1620 715 1772 792; x_wconf 85' lang='grc' dir='ltr'>σφίσι</span> <span class='ocrx_word' id='word_1_40' title='bbox 1816 713 2088 790; x_wconf 78' lang='grc' dir='ltr'>βουλητὸν</span> <span class='ocrx_word' id='word_1_41' title='bbox 2131 713 2543 770; x_wconf 83' lang='grc' dir='ltr'>ἀπανίστασθαι.</span> <span class='ocrx_word' id='word_1_42' title='bbox 2587 715 2665 771; x_wconf 87' lang='grc' dir='ltr'>Τὸ</span> <span class='ocrx_word' id='word_1_43' title='bbox 2707 712 2763 768; x_wconf 72' lang='grc' dir='ltr'>δὲ</span> <span class='ocrx_word' id='word_1_44' title='bbox 2801 711 3070 786; x_wconf 83' lang='grc' dir='ltr'>πολέμιον</span> <span class='ocrx_word' id='word_1_45' title='bbox 3113 715 3373 788; x_wconf 87' lang='grc' dir='ltr'>χρονίσαν</span> <span class='ocrx_word' id='word_1_46' title='bbox 3413 714 3463 768; x_wconf 87' lang='grc' dir='ltr'>έν</span> <span class='ocrx_word' id='word_1_47' title='bbox 3493 720 3609 776; x_wconf 89' lang='grc' dir='ltr'>τοῖς</span> 
     </span>
    </p>
   </div>
   <div class='ocr_carea' id='block_1_6' title="bbox 188 797 3605 883">
    <p class='ocr_par' dir='ltr' id='par_1_6' title="bbox 188 797 3605 883">
     <span class='ocr_line' id='line_1_6' title="bbox 188 797 3605 883; baseline -0.001 -23"><span class='ocrx_word' id='word_1_48' title='bbox 188 807 397 881; x_wconf 85' lang='grc' dir='ltr'>μικρὸν</span> <span class='ocrx_word' id='word_1_49' title='bbox 437 803 637 867; x_wconf 74' lang='grc' dir='ltr'>ἄποθεν</span> <span class='ocrx_word' id='word_1_50' title='bbox 677 811 778 872; x_wconf 78' lang='grc' dir='ltr'>τῆς</span> <span class='ocrx_word' id='word_1_51' title='bbox 819 804 1040 866; x_wconf 89' lang='grc' dir='ltr'>πόλεως</span> <span class='ocrx_word' id='word_1_52' title='bbox 1082 804 1342 883; x_wconf 81' lang='grc' dir='ltr'>χωρίοις,</span> <span class='ocrx_word' id='word_1_53' title='bbox 1384 803 1656 867; x_wconf 80' lang='grc' dir='ltr'>πολλάκις</span> <span class='ocrx_word' id='word_1_54' title='bbox 1698 802 1756 860; x_wconf 78' lang='grc' dir='ltr'>δὲ</span> <span class='ocrx_word' id='word_1_55' title='bbox 1793 805 1883 860; x_wconf 87' lang='grc' dir='ltr'>καὶ</span> <span class='ocrx_word' id='word_1_56' title='bbox 1939 809 2057 865; x_wconf 89' lang='grc' dir='ltr'>τοῖς</span> <span class='ocrx_word' id='word_1_57' title='bbox 2084 805 2292 878; x_wconf 82' lang='grc' dir='ltr'>τείχεσι</span> <span class='ocrx_word' id='word_1_58' title='bbox 2333 805 2692 881; x_wconf 88' lang='grc' dir='ltr'>προσεγγίσαν</span> <span class='ocrx_word' id='word_1_59' title='bbox 2736 804 2787 858; x_wconf 82' lang='grc' dir='ltr'>ἐν</span> <span class='ocrx_word' id='word_1_60' title='bbox 2827 805 2906 875; x_wconf 78' lang='grc' dir='ltr'>τῷ</span> <span class='ocrx_word' id='word_1_61' title='bbox 2950 803 3139 877; x_wconf 85' lang='grc' dir='ltr'>μάχης</span> <span class='ocrx_word' id='word_1_62' title='bbox 3179 805 3456 866; x_wconf 77' lang='grc' dir='ltr'>ἅπτεσθαι,</span> <span class='ocrx_word' id='word_1_63' title='bbox 3499 797 3605 856; x_wconf 78' lang='grc' dir='ltr'>ἔστι</span> 
     </span>
    </p>
   </div>
   <div class='ocr_carea' id='block_1_7' title="bbox 191 890 3606 969">
    <p class='ocr_par' dir='ltr' id='par_1_7' title="bbox 191 890 3606 969">
     <span class='ocr_line' id='line_1_7' title="bbox 191 890 3606 969; baseline -0.001 -19"><span class='ocrx_word' id='word_1_64' title='bbox 191 893 246 950; x_wconf 87' lang='grc' dir='ltr'>δ’</span> <span class='ocrx_word' id='word_1_65' title='bbox 299 897 390 950; x_wconf 77' lang='grc' dir='ltr'>ὅτε</span> <span class='ocrx_word' id='word_1_66' title='bbox 427 896 514 950; x_wconf 80' lang='grc' dir='ltr'>καὶ</span> <span class='ocrx_word' id='word_1_67' title='bbox 559 891 651 948; x_wconf 78' lang='grc' dir='ltr'>διὰ</span> <span class='ocrx_word' id='word_1_68' title='bbox 687 903 788 963; x_wconf 81' lang='grc' dir='ltr'>τῆς</span> <span class='ocrx_word' id='word_1_69' title='bbox 833 893 1137 967; x_wconf 71' lang='grc' dir='ltr'>λεγομένης</span> <span class='ocrx_word' id='word_1_70' title='bbox 1175 899 1271 949; x_wconf 81' lang='grc' dir='ltr'>τοῦ</span> <span class='ocrx_word' id='word_1_71' title='bbox 1311 895 1468 969; x_wconf 80' lang='grc' dir='ltr'>ἁγίου</span> <span class='ocrx_word' id='word_1_72' title='bbox 1509 896 1796 966; x_wconf 88' lang='grc' dir='ltr'>Ῥωμανοῦ</span> <span class='ocrx_word' id='word_1_73' title='bbox 1843 892 2027 964; x_wconf 77' lang='grc' dir='ltr'>πύλης</span> <span class='ocrx_word' id='word_1_74' title='bbox 2066 895 2184 948; x_wconf 89' lang='grc' dir='ltr'>κατ’</span> <span class='ocrx_word' id='word_1_75' title='bbox 2224 893 2532 969; x_wconf 82' lang='grc' dir='ltr'>ὀλιγίστους</span> <span class='ocrx_word' id='word_1_76' title='bbox 2573 895 2806 948; x_wconf 82' lang='grc' dir='ltr'>έπεισιὸν</span> <span class='ocrx_word' id='word_1_77' title='bbox 2844 895 2978 967; x_wconf 85' lang='grc' dir='ltr'>πρὸς</span> <span class='ocrx_word' id='word_1_78' title='bbox 3020 891 3262 968; x_wconf 82' lang='grc' dir='ltr'>ἀνδρείας</span> <span class='ocrx_word' id='word_1_79' title='bbox 3327 890 3606 962; x_wconf 82' lang='grc' dir='ltr'>ἐπίδειξιν,</span> 
     </span>
    </p>
   </div>
   <div class='ocr_carea' id='block_1_8' title="bbox 190 979 3607 1059">
    <p class='ocr_par' dir='ltr' id='par_1_8' title="bbox 190 979 3607 1059">
     <span class='ocr_line' id='line_1_8' title="bbox 190 979 3607 1059; baseline -0.001 -21"><span class='ocrx_word' id='word_1_80' title='bbox 190 983 376 1038; x_wconf 77' lang='grc' dir='ltr'>εἰπεῖν</span> <span class='ocrx_word' id='word_1_81' title='bbox 421 981 478 1039; x_wconf 78' lang='grc' dir='ltr'>δὲ</span> <span class='ocrx_word' id='word_1_82' title='bbox 515 983 607 1038; x_wconf 84' lang='grc' dir='ltr'>καὶ</span> <span class='ocrx_word' id='word_1_83' title='bbox 647 983 849 1057; x_wconf 71' lang='grc' dir='ltr'>τύχῃς,</span> <span class='ocrx_word' id='word_1_84' title='bbox 881 985 1003 1052; x_wconf 78' lang='grc' dir='ltr'>ἣτις</span> <span class='ocrx_word' id='word_1_85' title='bbox 1044 982 1098 1037; x_wconf 81' lang='grc' dir='ltr'>ἐν</span> <span class='ocrx_word' id='word_1_86' title='bbox 1137 989 1256 1046; x_wconf 88' lang='grc' dir='ltr'>ταῖς</span> <span class='ocrx_word' id='word_1_87' title='bbox 1297 984 1422 1038; x_wconf 83' lang='grc' dir='ltr'>τότε</span> <span class='ocrx_word' id='word_1_88' title='bbox 1461 984 1681 1055; x_wconf 75' lang='grc' dir='ltr'>πράξεσι</span> <span class='ocrx_word' id='word_1_89' title='bbox 1719 983 1904 1046; x_wconf 82' lang='grc' dir='ltr'>αὐτοῖς</span> <span class='ocrx_word' id='word_1_90' title='bbox 1943 982 2308 1059; x_wconf 70' lang='grc' dir='ltr'>συνεφείπετο,</span> <span class='ocrx_word' id='word_1_91' title='bbox 2349 985 2440 1039; x_wconf 88' lang='grc' dir='ltr'>καὶ</span> <span class='ocrx_word' id='word_1_92' title='bbox 2483 984 2620 1057; x_wconf 83' lang='grc' dir='ltr'>μετὰ</span> <span class='ocrx_word' id='word_1_93' title='bbox 2674 984 2836 1057; x_wconf 82' lang='grc' dir='ltr'>φόνον</span> <span class='ocrx_word' id='word_1_94' title='bbox 2907 986 3014 1036; x_wconf 81' lang='grc' dir='ltr'>τῶν</span> <span class='ocrx_word' id='word_1_95' title='bbox 3091 979 3144 1036; x_wconf 80' lang='grc' dir='ltr'>ἒν</span> <span class='ocrx_word' id='word_1_96' title='bbox 3214 987 3331 1043; x_wconf 87' lang='grc' dir='ltr'>ταῖς</span> <span class='ocrx_word' id='word_1_97' title='bbox 3407 979 3607 1040; x_wconf 80' lang='grc' dir='ltr'>πύλαις</span> 
     </span>
    </p>
   </div>
   <div class='ocr_carea' id='block_1_9' title="bbox 189 1068 3602 1149">
    <p class='ocr_par' dir='ltr' id='par_1_9' title="bbox 189 1068 3602 1149">
     <span class='ocr_line' id='line_1_9' title="bbox 189 1068 3602 1149; baseline -0.001 -21"><span class='ocrx_word' id='word_1_98' title='bbox 189 1073 401 1128; x_wconf 82' lang='grc' dir='ltr'>αὐτίκα</span> <span class='ocrx_word' id='word_1_99' title='bbox 443 1072 592 1145; x_wconf 86' lang='grc' dir='ltr'>μάλα</span> <span class='ocrx_word' id='word_1_100' title='bbox 633 1070 992 1143; x_wconf 80' lang='grc' dir='ltr'>έπαναλῦσαν,</span> <span class='ocrx_word' id='word_1_101' title='bbox 1037 1071 1111 1135; x_wconf 71' lang='grc' dir='ltr'>εἷς</span> <span class='ocrx_word' id='word_1_102' title='bbox 1141 1073 1208 1126; x_wconf 79' lang='grc' dir='ltr'>τὰ</span> <span class='ocrx_word' id='word_1_103' title='bbox 1249 1070 1396 1128; x_wconf 72' lang='grc' dir='ltr'>οῗκοι</span> <span class='ocrx_word' id='word_1_104' title='bbox 1429 1071 1594 1128; x_wconf 83' lang='grc' dir='ltr'>πάλιν</span> <span class='ocrx_word' id='word_1_105' title='bbox 1633 1073 1928 1145; x_wconf 88' lang='grc' dir='ltr'>πανστρατὶ</span> <span class='ocrx_word' id='word_1_106' title='bbox 1970 1071 2300 1145; x_wconf 79' lang='grc' dir='ltr'>έπανέζευξε,</span> <span class='ocrx_word' id='word_1_107' title='bbox 2333 1074 2466 1128; x_wconf 87' lang='grc' dir='ltr'>κατὰ</span> <span class='ocrx_word' id='word_1_108' title='bbox 2508 1074 2601 1146; x_wconf 76' lang='grc' dir='ltr'>μὶν</span> <span class='ocrx_word' id='word_1_109' title='bbox 2635 1070 2827 1149; x_wconf 76' lang='grc' dir='ltr'>ἀγέλας</span> <span class='ocrx_word' id='word_1_110' title='bbox 2865 1076 3076 1142; x_wconf 75' lang='grc' dir='ltr'>κτηνῶν</span> <span class='ocrx_word' id='word_1_111' title='bbox 3114 1072 3177 1127; x_wconf 85' lang='grc' dir='ltr'>τὸ</span> <span class='ocrx_word' id='word_1_112' title='bbox 3217 1068 3602 1146; x_wconf 70' lang='grc' dir='ltr'>αῗχμάλωτον,</span> 
     </span>
    </p>
   </div>
   <div class='ocr_carea' id='block_1_10' title="bbox 180 1158 2676 1237">
    <p class='ocr_par' dir='ltr' id='par_1_10' title="bbox 180 1158 2676 1237">
     <span class='ocr_line' id='line_1_10' title="bbox 180 1158 2676 1237; baseline 0.001 -19"><span class='ocrx_word' id='word_1_113' title='bbox 180 1164 335 1218; x_wconf 80' lang='grc' dir='ltr'>κατὰ</span> <span class='ocrx_word' id='word_1_114' title='bbox 375 1159 432 1216; x_wconf 68' lang='grc' dir='ltr'>δὲ</span> <span class='ocrx_word' id='word_1_115' title='bbox 459 1167 568 1216; x_wconf 80' lang='grc' dir='ltr'>τῶν</span> <span class='ocrx_word' id='word_1_116' title='bbox 594 1158 804 1236; x_wconf 69' lang='grc' dir='ltr'>ἄστρων</span> <span class='ocrx_word' id='word_1_117' title='bbox 835 1163 936 1232; x_wconf 76' lang='grc' dir='ltr'>τὴν</span> <span class='ocrx_word' id='word_1_118' title='bbox 968 1161 1384 1234; x_wconf 78' lang='grc' dir='ltr'>πολυπλήοειαν</span> <span class='ocrx_word' id='word_1_119' title='bbox 1425 1162 1492 1217; x_wconf 77' lang='grc' dir='ltr'>τὸ.</span> <span class='ocrx_word' id='word_1_120' title='bbox 1520 1162 1626 1218; x_wconf 67' lang='grc' dir='ltr'>ὕπὸ</span> <span class='ocrx_word' id='word_1_121' title='bbox 1667 1163 1826 1237; x_wconf 82' lang='grc' dir='ltr'>ζυγὸν</span> <span class='ocrx_word' id='word_1_122' title='bbox 1868 1162 1955 1217; x_wconf 80' lang='grc' dir='ltr'>καὶ</span> <span class='ocrx_word' id='word_1_123' title='bbox 1997 1158 2200 1218; x_wconf 85' lang='grc' dir='ltr'>δίαιταν</span> <span class='ocrx_word' id='word_1_124' title='bbox 2237 1167 2348 1232; x_wconf 82' lang='grc' dir='ltr'>ζῶα</span> <span class='ocrx_word' id='word_1_125' title='bbox 2385 1162 2676 1234; x_wconf 82' lang='grc' dir='ltr'>ἐληλακός.</span> 
     </span>
    </p>
   </div>
   <div class='ocr_carea' id='block_1_11' title="bbox 259 1249 1836 1327">
    <p class='ocr_par' dir='ltr' id='par_1_11' title="bbox 259 1249 1836 1327">
     <span class='ocr_line' id='line_1_11' title="bbox 259 1249 1836 1327; baseline -0.003 -19"><span class='ocrx_word' id='word_1_126' title='bbox 259 1253 491 1308; x_wconf 82' lang='grc' dir='ltr'>Ἔπειτα</span> <span class='ocrx_word' id='word_1_127' title='bbox 554 1252 688 1324; x_wconf 73' lang='grc' dir='ltr'>μετὰ</span> <span class='ocrx_word' id='word_1_128' title='bbox 747 1249 1021 1307; x_wconf 84' lang='grc' dir='ltr'>πλείστων</span> <span class='ocrx_word' id='word_1_129' title='bbox 1077 1251 1168 1306; x_wconf 79' lang='grc' dir='ltr'>καὶ</span> <span class='ocrx_word' id='word_1_130' title='bbox 1225 1251 1522 1327; x_wconf 80' lang='grc' dir='ltr'>κρατίστων</span> <span class='ocrx_word' id='word_1_131' title='bbox 1566 1249 1836 1324; x_wconf 79' lang='grc' dir='ltr'>δυνάμεων</span> 
     </span>
    </p>
   </div>
   <div class='ocr_carea' id='block_1_12' title="bbox 1952 1249 3600 1327">
    <p class='ocr_par' dir='ltr' id='par_1_12' title="bbox 2031 1252 3600 1324">
     <span class='ocr_line' id='line_1_12' title="bbox 2031 1252 3600 1324; baseline 0.001 -18"><span class='ocrx_word' id='word_1_132' title='bbox 2031 1255 2172 1309; x_wconf 90' lang='lat' dir='ltr'>Inde</span> <span class='ocrx_word' id='word_1_133' title='bbox 2201 1254 2459 1310; x_wconf 90' lang='lat' dir='ltr'>Joannes</span> <span class='ocrx_word' id='word_1_134' title='bbox 2497 1271 2630 1310; x_wconf 93' lang='lat' dir='ltr'>cum</span> <span class='ocrx_word' id='word_1_135' title='bbox 2659 1253 2932 1310; x_wconf 81' lang='lat' dir='ltr'>maximis</span> <span class='ocrx_word' id='word_1_136' title='bbox 2961 1257 3018 1308; x_wconf 88' lang='lat' dir='ltr'>et</span> <span class='ocrx_word' id='word_1_137' title='bbox 3047 1252 3386 1307; x_wconf 85' lang='lat' dir='ltr'>fortissimis</span> <span class='ocrx_word' id='word_1_138' title='bbox 3418 1253 3600 1324; x_wconf 78' lang='lat' dir='ltr'>sepiis</span> 
     </span>
    </p>
   </div>
   <div class='ocr_carea' id='block_1_13' title="bbox 179 1340 1836 1419">
    <p class='ocr_par' dir='ltr' id='par_1_13' title="bbox 179 1340 1836 1419">
     <span class='ocr_line' id='line_1_13' title="bbox 179 1340 1836 1419; baseline 0 -24"><span class='ocrx_word' id='word_1_139' title='bbox 179 1343 353 1412; x_wconf 71' lang='grc' dir='ltr'>ιξιὼν</span> <span class='ocrx_word' id='word_1_140' title='bbox 389 1343 416 1398; x_wconf 79' lang='grc' dir='ltr'><strong>ὁ</strong></span> <span class='ocrx_word' id='word_1_141' title='bbox 448 1340 698 1412; x_wconf 77' lang='grc' dir='ltr'>Ἰωάννης</span> <span class='ocrx_word' id='word_1_142' title='bbox 737 1343 937 1405; x_wconf 84' lang='grc' dir='ltr'>παντὸς</span> <span class='ocrx_word' id='word_1_143' title='bbox 997 1340 1163 1419; x_wconf 83' lang='grc' dir='ltr'>ἔργου</span> <span class='ocrx_word' id='word_1_144' title='bbox 1220 1347 1470 1418; x_wconf 86' lang='grc' dir='ltr'>κρεῖττον</span> <span class='ocrx_word' id='word_1_145' title='bbox 1513 1341 1604 1396; x_wconf 84' lang='grc' dir='ltr'>καὶ</span> <span class='ocrx_word' id='word_1_146' title='bbox 1637 1361 1836 1416; x_wconf 89' lang='grc' dir='ltr'>προυρ-</span> 
     </span>
    </p>
   </div>
   <div class='ocr_carea' id='block_1_14' title="bbox 1952 1340 3596 1419">
    <p class='ocr_par' dir='ltr' id='par_1_14' title="bbox 1959 1341 3596 1414">
     <span class='ocr_line' id='line_1_14' title="bbox 1959 1341 3596 1414; baseline -0.001 -17"><span class='ocrx_word' id='word_1_147' title='bbox 1959 1342 2666 1414; x_wconf 81' lang='lat' dir='ltr'>egressus,Adrianopolis</span> <span class='ocrx_word' id='word_1_148' title='bbox 2694 1348 2750 1398; x_wconf 88' lang='lat' dir='ltr'>et</span> <span class='ocrx_word' id='word_1_149' title='bbox 2785 1341 3165 1414; x_wconf 84' lang='lat' dir='ltr'>Didymotichi</span> <span class='ocrx_word' id='word_1_150' title='bbox 3221 1343 3596 1411; x_wconf 74' lang='lat' dir='ltr'>eXpugnatio-</span> 
     </span>
    </p>
   </div>
   <div class='ocr_carea' id='block_1_15' title="bbox 177 1414 1836 1511">
    <p class='ocr_par' dir='ltr' id='par_1_15' title="bbox 177 1414 1830 1511">
     <span class='ocr_line' id='line_1_15' title="bbox 177 1414 1830 1511; baseline -0.001 -25"><span class='ocrx_word' id='word_1_151' title='bbox 177 1430 468 1508; x_wconf 81' lang='grc' dir='ltr'>γιαίτερον</span> <span class='ocrx_word' id='word_1_152' title='bbox 533 1431 720 1502; x_wconf 77' lang='grc' dir='ltr'>τίθησι</span> <span class='ocrx_word' id='word_1_153' title='bbox 774 1433 876 1500; x_wconf 75' lang='grc' dir='ltr'>τήν</span> <span class='ocrx_word' id='word_1_154' title='bbox 955 1414 1268 1504; x_wconf 65' lang='grc' dir='ltr'>Ἀδριανοῦ⁷</span> <span class='ocrx_word' id='word_1_155' title='bbox 1334 1431 1706 1511; x_wconf 85' lang='grc' dir='ltr'>χειρώσασθαι</span> <span class='ocrx_word' id='word_1_156' title='bbox 1762 1414 1830 1485; x_wconf 84' lang='grc' dir='ltr'>κα</span> 
     </span>
    </p>
   </div>
   <div class='ocr_carea' id='block_1_16' title="bbox 1952 1414 3598 1511">
    <p class='ocr_par' dir='ltr' id='par_1_16' title="bbox 1958 1431 3598 1488">
     <span class='ocr_line' id='line_1_16' title="bbox 1958 1431 3598 1488; baseline -0.001 -2"><span class='ocrx_word' id='word_1_157' title='bbox 1958 1447 2090 1487; x_wconf 88' lang='lat' dir='ltr'>nem</span> <span class='ocrx_word' id='word_1_158' title='bbox 2123 1432 2346 1488; x_wconf 73' lang='lat' dir='ltr'>caeteris</span> <span class='ocrx_word' id='word_1_159' title='bbox 2378 1431 2552 1488; x_wconf 84' lang='lat' dir='ltr'>rebus</span> <span class='ocrx_word' id='word_1_160' title='bbox 2609 1432 2886 1488; x_wconf 82' lang='lat' dir='ltr'>omnibus</span> <span class='ocrx_word' id='word_1_161' title='bbox 2942 1431 3412 1486; x_wconf 87' lang='lat' dir='ltr'>antevertendam</span> <span class='ocrx_word' id='word_1_162' title='bbox 3471 1447 3598 1486; x_wconf 86' lang='lat' dir='ltr'>esse</span> 
     </span>
    </p>
   </div>
   <div class='ocr_carea' id='block_1_17' title="bbox 179 1517 1836 1598">
    <p class='ocr_par' dir='ltr' id='par_1_17' title="bbox 179 1517 1836 1598">
     <span class='ocr_line' id='line_1_17' title="bbox 179 1517 1836 1598; baseline 0 -22"><span class='ocrx_word' id='word_1_163' title='bbox 179 1520 557 1596; x_wconf 69' lang='grc' dir='ltr'>καταστρέψαι</span> <span class='ocrx_word' id='word_1_164' title='bbox 605 1522 667 1576; x_wconf 86' lang='grc' dir='ltr'>τὸ</span> <span class='ocrx_word' id='word_1_165' title='bbox 752 1517 1175 1598; x_wconf 85' lang='grc' dir='ltr'>Διδυμότοιχον,</span> <span class='ocrx_word' id='word_1_166' title='bbox 1263 1521 1460 1598; x_wconf 90' lang='grc' dir='ltr'>κρίνων</span> <span class='ocrx_word' id='word_1_167' title='bbox 1545 1518 1706 1576; x_wconf 84' lang='grc' dir='ltr'>τάσδε</span> <span class='ocrx_word' id='word_1_168' title='bbox 1753 1521 1836 1576; x_wconf 75' lang='grc' dir='ltr'>τὰς</span> 
     </span>
    </p>
   </div>
   <div class='ocr_carea' id='block_1_18' title="bbox 1952 1517 3592 1598">
    <p class='ocr_par' dir='ltr' id='par_1_18' title="bbox 1957 1518 3592 1592">
     <span class='ocr_line' id='line_1_18' title="bbox 1957 1518 3592 1592; baseline -0.002 -17"><span class='ocrx_word' id='word_1_169' title='bbox 1957 1520 2143 1592; x_wconf 79' lang='lat' dir='ltr'>duxit,</span> <span class='ocrx_word' id='word_1_170' title='bbox 2177 1520 2350 1576; x_wconf 87' lang='lat' dir='ltr'>simul</span> <span class='ocrx_word' id='word_1_171' title='bbox 2384 1523 2534 1592; x_wconf 90' lang='lat' dir='ltr'>quod</span> <span class='ocrx_word' id='word_1_172' title='bbox 2567 1537 2646 1576; x_wconf 68' lang='lat' dir='ltr'>eae</span> <span class='ocrx_word' id='word_1_173' title='bbox 2677 1521 2850 1575; x_wconf 88' lang='lat' dir='ltr'>urbes</span> <span class='ocrx_word' id='word_1_174' title='bbox 2882 1522 3060 1575; x_wconf 82' lang='lat' dir='ltr'>totius</span> <span class='ocrx_word' id='word_1_175' title='bbox 3107 1518 3240 1574; x_wconf 84' lang='lat' dir='ltr'>belli</span> <span class='ocrx_word' id='word_1_176' title='bbox 3290 1518 3592 1589; x_wconf 69' lang='lat' dir='ltr'>prmmium</span> 
     </span>
    </p>
   </div>
   <div class='ocr_carea' id='block_1_19' title="bbox 183 1605 1836 1684">
    <p class='ocr_par' dir='ltr' id='par_1_19' title="bbox 183 1605 1836 1684">
     <span class='ocr_line' id='line_1_19' title="bbox 183 1605 1836 1684; baseline -0.001 -19"><span class='ocrx_word' id='word_1_177' title='bbox 183 1607 390 1675; x_wconf 86' lang='grc' dir='ltr'>πόλεις</span> <span class='ocrx_word' id='word_1_178' title='bbox 419 1609 585 1675; x_wconf 81' lang='grc' dir='ltr'>ἆθλον</span> <span class='ocrx_word' id='word_1_179' title='bbox 612 1613 710 1666; x_wconf 78' lang='grc' dir='ltr'>τοῦ</span> <span class='ocrx_word' id='word_1_180' title='bbox 758 1608 1013 1684; x_wconf 89' lang='grc' dir='ltr'>πολέμου</span> <span class='ocrx_word' id='word_1_181' title='bbox 1071 1611 1295 1679; x_wconf 87' lang='grc' dir='ltr'>παντὸς,</span> <span class='ocrx_word' id='word_1_182' title='bbox 1339 1610 1430 1666; x_wconf 85' lang='grc' dir='ltr'>καὶ</span> <span class='ocrx_word' id='word_1_183' title='bbox 1487 1611 1564 1672; x_wconf 85' lang='grc' dir='ltr'>ὡς</span> <span class='ocrx_word' id='word_1_184' title='bbox 1622 1608 1708 1680; x_wconf 82' lang='grc' dir='ltr'>εἷή</span> <span class='ocrx_word' id='word_1_185' title='bbox 1738 1605 1836 1684; x_wconf 76' lang='grc' dir='ltr'>ἅμα</span> 
     </span>
    </p>
   </div>
   <div class='ocr_carea' id='block_1_20' title="bbox 1952 1605 3595 1684">
    <p class='ocr_par' dir='ltr' id='par_1_20' title="bbox 1954 1608 3595 1684">
     <span class='ocr_line' id='line_1_20' title="bbox 1954 1608 3595 1684; baseline -0.001 -18"><span class='ocrx_word' id='word_1_186' title='bbox 1954 1614 2172 1679; x_wconf 89' lang='lat' dir='ltr'>essent,</span> <span class='ocrx_word' id='word_1_187' title='bbox 2213 1611 2393 1666; x_wconf 89' lang='lat' dir='ltr'>simul</span> <span class='ocrx_word' id='word_1_188' title='bbox 2449 1613 2599 1684; x_wconf 89' lang='lat' dir='ltr'>quod</span> <span class='ocrx_word' id='word_1_189' title='bbox 2661 1627 2730 1666; x_wconf 88' lang='lat' dir='ltr'>ea</span> <span class='ocrx_word' id='word_1_190' title='bbox 2786 1611 3028 1676; x_wconf 79' lang='lat' dir='ltr'>ratione,</span> <span class='ocrx_word' id='word_1_191' title='bbox 3071 1609 3349 1664; x_wconf 79' lang='lat' dir='ltr'>Romanis</span> <span class='ocrx_word' id='word_1_192' title='bbox 3387 1608 3595 1680; x_wconf 87' lang='lat' dir='ltr'>pulsis,</span> 
     </span>
    </p>
   </div>
   <div class='ocr_carea' id='block_1_21' title="bbox 187 1699 1836 1777">
    <p class='ocr_par' dir='ltr' id='par_1_21' title="bbox 187 1699 1836 1777">
     <span class='ocr_line' id='line_1_21' title="bbox 187 1699 1836 1777; baseline -0.001 -23"><span class='ocrx_word' id='word_1_193' title='bbox 187 1701 277 1774; x_wconf 86' lang='lat' dir='ltr'>[P.</span> <span class='ocrx_word' id='word_1_194' title='bbox 339 1703 470 1772; x_wconf 76' lang='grc'>407]</span> <span class='ocrx_word' id='word_1_195' title='bbox 535 1699 709 1762; x_wconf 77' lang='grc' dir='ltr'>οὕτως</span> <span class='ocrx_word' id='word_1_196' title='bbox 767 1700 917 1772; x_wconf 80' lang='grc' dir='ltr'>αὐτῷ</span> <span class='ocrx_word' id='word_1_197' title='bbox 1000 1707 1100 1770; x_wconf 80' lang='grc' dir='ltr'>τῆς</span> <span class='ocrx_word' id='word_1_198' title='bbox 1180 1699 1394 1777; x_wconf 74' lang='grc' dir='ltr'>Θράκης</span> <span class='ocrx_word' id='word_1_199' title='bbox 1451 1700 1836 1770; x_wconf 60' lang='grc' dir='ltr'>ἀπαναστήσειι</span> 
     </span>
    </p>
   </div>
   <div class='ocr_carea' id='block_1_22' title="bbox 1952 1699 3593 1777">
    <p class='ocr_par' dir='ltr' id='par_1_22' title="bbox 1955 1699 3593 1756">
     <span class='ocr_line' id='line_1_22' title="bbox 1955 1699 3593 1756; baseline -0.001 0"><span class='ocrx_word' id='word_1_200' title='bbox 1955 1699 2264 1756; x_wconf 83' lang='lat' dir='ltr'>Thraciam</span> <span class='ocrx_word' id='word_1_201' title='bbox 2298 1700 2438 1756; x_wconf 85' lang='lat' dir='ltr'>solis</span> <span class='ocrx_word' id='word_1_202' title='bbox 2471 1701 2607 1756; x_wconf 83' lang='lat' dir='ltr'>feris</span> <span class='ocrx_word' id='word_1_203' title='bbox 2637 1699 2998 1756; x_wconf 89' lang='lat' dir='ltr'>incolendam</span> <span class='ocrx_word' id='word_1_204' title='bbox 3040 1699 3366 1754; x_wconf 88' lang='lat' dir='ltr'>traditurus</span> <span class='ocrx_word' id='word_1_205' title='bbox 3420 1704 3593 1754; x_wconf 83' lang='lat' dir='ltr'>esset.</span> 
     </span>
    </p>
   </div>
   <div class='ocr_carea' id='block_1_23' title="bbox 185 1787 1846 1864">
    <p class='ocr_par' dir='ltr' id='par_1_23' title="bbox 185 1787 1846 1864">
     <span class='ocr_line' id='line_1_23' title="bbox 185 1787 1846 1864; baseline 0.001 -22"><span class='ocrx_word' id='word_1_206' title='bbox 185 1787 499 1861; x_wconf 80' lang='grc' dir='ltr'>Ῥωμαίους</span> <span class='ocrx_word' id='word_1_207' title='bbox 530 1787 620 1843; x_wconf 81' lang='grc' dir='ltr'>καὶ</span> <span class='ocrx_word' id='word_1_208' title='bbox 689 1788 902 1864; x_wconf 79' lang='grc' dir='ltr'>θηρίοις</span> <span class='ocrx_word' id='word_1_209' title='bbox 961 1788 1224 1844; x_wconf 72' lang='grc' dir='ltr'>ἀνεικέναι</span> <span class='ocrx_word' id='word_1_210' title='bbox 1287 1789 1478 1864; x_wconf 86' lang='grc' dir='ltr'>μόνοις</span> <span class='ocrx_word' id='word_1_211' title='bbox 1534 1787 1700 1860; x_wconf 74' lang='grc' dir='ltr'>αὐτὴν</span> <span class='ocrx_word' id='word_1_212' title='bbox 1770 1789 1846 1852; x_wconf 88' lang='grc' dir='ltr'>εἰς</span> 
     </span>
    </p>
   </div>
   <div class='ocr_carea' id='block_1_24' title="bbox 186 1875 1846 1954">
    <p class='ocr_par' dir='ltr' id='par_1_24' title="bbox 186 1875 1846 1954">
     <span class='ocr_line' id='line_1_24' title="bbox 186 1875 1846 1954; baseline 0.001 -22"><span class='ocrx_word' id='word_1_213' title='bbox 186 1877 488 1948; x_wconf 77' lang='grc' dir='ltr'>ἐνοίκησιν.</span> <span class='ocrx_word' id='word_1_214' title='bbox 525 1878 656 1953; x_wconf 81' lang='grc' dir='ltr'>Περὶ</span> <span class='ocrx_word' id='word_1_215' title='bbox 683 1877 866 1932; x_wconf 90' lang='grc' dir='ltr'>τοίνυν</span> <span class='ocrx_word' id='word_1_216' title='bbox 921 1879 983 1933; x_wconf 88' lang='grc' dir='ltr'>τὸ</span> <span class='ocrx_word' id='word_1_217' title='bbox 1032 1875 1432 1954; x_wconf 88' lang='grc' dir='ltr'>Διδυμότοιχον</span> <span class='ocrx_word' id='word_1_218' title='bbox 1483 1899 1846 1954; x_wconf 86' lang='grc' dir='ltr'>καταστρατο-</span> 
     </span>
    </p>
   </div>
   <div class='ocr_carea' id='block_1_25' title="bbox 184 1963 1844 2046">
    <p class='ocr_par' dir='ltr' id='par_1_25' title="bbox 184 1963 1844 2046">
     <span class='ocr_line' id='line_1_25' title="bbox 184 1963 1844 2046; baseline 0.001 -25"><span class='ocrx_word' id='word_1_219' title='bbox 184 1963 616 2040; x_wconf 84' lang='grc' dir='ltr'>πεδευσάμενος,</span> <span class='ocrx_word' id='word_1_220' title='bbox 646 1967 738 2021; x_wconf 87' lang='grc' dir='ltr'>καὶ</span> <span class='ocrx_word' id='word_1_221' title='bbox 782 1968 845 2022; x_wconf 83' lang='grc' dir='ltr'>τὸ</span> <span class='ocrx_word' id='word_1_222' title='bbox 877 1967 1086 2046; x_wconf 85' lang='grc' dir='ltr'>χωρίον</span> <span class='ocrx_word' id='word_1_223' title='bbox 1117 1970 1258 2042; x_wconf 81' lang='grc' dir='ltr'>ὁρῶν</span> <span class='ocrx_word' id='word_1_224' title='bbox 1317 1967 1626 2044; x_wconf 79' lang='grc' dir='ltr'>ὑπερδέξιον</span> <span class='ocrx_word' id='word_1_225' title='bbox 1673 1967 1844 2043; x_wconf 81' lang='grc' dir='ltr'>χαλε-</span> 
     </span>
    </p>
   </div>
   <div class='ocr_carea' id='block_1_26' title="bbox 183 2053 1843 2136">
    <p class='ocr_par' dir='ltr' id='par_1_26' title="bbox 183 2053 1843 2136">
     <span class='ocr_line' id='line_1_26' title="bbox 183 2053 1843 2136; baseline 0.001 -25"><span class='ocrx_word' id='word_1_226' title='bbox 183 2055 296 2112; x_wconf 86' lang='grc' dir='ltr'>πόν</span> <span class='ocrx_word' id='word_1_227' title='bbox 325 2075 382 2111; x_wconf 89' lang='grc' dir='ltr'>τε</span> <span class='ocrx_word' id='word_1_228' title='bbox 411 2056 502 2110; x_wconf 88' lang='grc' dir='ltr'>καὶ</span> <span class='ocrx_word' id='word_1_229' title='bbox 570 2053 772 2130; x_wconf 76' lang='grc' dir='ltr'>ἄπορον</span> <span class='ocrx_word' id='word_1_230' title='bbox 826 2057 1124 2131; x_wconf 73' lang='grc' dir='ltr'>αἱρεθῆναι,</span> <span class='ocrx_word' id='word_1_231' title='bbox 1180 2058 1495 2136; x_wconf 79' lang='grc' dir='ltr'>μεταφέρειν</span> <span class='ocrx_word' id='word_1_232' title='bbox 1541 2058 1631 2113; x_wconf 87' lang='grc' dir='ltr'>τὸν</span> <span class='ocrx_word' id='word_1_233' title='bbox 1672 2079 1843 2114; x_wconf 86' lang='grc' dir='ltr'>ποτα-</span> 
     </span>
    </p>
   </div>
   <div class='ocr_carea' id='block_1_27' title="bbox 195 2139 1845 2228">
    <p class='ocr_par' dir='ltr' id='par_1_27' title="bbox 195 2139 1845 2228">
     <span class='ocr_line' id='line_1_27' title="bbox 195 2139 1845 2228; baseline 0.002 -28"><span class='ocrx_word' id='word_1_234' title='bbox 195 2146 301 2216; x_wconf 86' lang='grc' dir='ltr'>μὸν</span> <span class='ocrx_word' id='word_1_235' title='bbox 369 2139 569 2220; x_wconf 73' lang='grc' dir='ltr'>Ἕϐρον</span> <span class='ocrx_word' id='word_1_236' title='bbox 628 2141 944 2217; x_wconf 75' lang='grc' dir='ltr'>ἐπεϐάλετο,</span> <span class='ocrx_word' id='word_1_237' title='bbox 1003 2145 1414 2223; x_wconf 85' lang='grc' dir='ltr'>περικλώμενον</span> <span class='ocrx_word' id='word_1_238' title='bbox 1468 2153 1546 2221; x_wconf 81' lang='grc' dir='ltr'>τῷ</span> <span class='ocrx_word' id='word_1_239' title='bbox 1601 2147 1845 2228; x_wconf 82' lang='grc' dir='ltr'>φρουρίῳ</span> 
     </span>
    </p>
   </div>
   <div class='ocr_carea' id='block_1_28' title="bbox 185 2231 1842 2312">
    <p class='ocr_par' dir='ltr' id='par_1_28' title="bbox 185 2231 1842 2312">
     <span class='ocr_line' id='line_1_28' title="bbox 185 2231 1842 2312; baseline 0.002 -24"><span class='ocrx_word' id='word_1_240' title='bbox 185 2235 278 2288; x_wconf 77' lang='grc' dir='ltr'>καῖ</span> <span class='ocrx_word' id='word_1_241' title='bbox 313 2231 403 2288; x_wconf 76' lang='grc' dir='ltr'>διά</span> <span class='ocrx_word' id='word_1_242' title='bbox 442 2232 687 2290; x_wconf 87' lang='grc' dir='ltr'>καθόδων</span> <span class='ocrx_word' id='word_1_243' title='bbox 746 2242 865 2298; x_wconf 88' lang='grc' dir='ltr'>τοῖς</span> <span class='ocrx_word' id='word_1_244' title='bbox 919 2233 1158 2299; x_wconf 88' lang='grc' dir='ltr'>πολλοῖς</span> <span class='ocrx_word' id='word_1_245' title='bbox 1210 2236 1502 2312; x_wconf 80' lang='grc' dir='ltr'>ἀγνώστων</span> <span class='ocrx_word' id='word_1_246' title='bbox 1535 2238 1660 2299; x_wconf 80' lang='grc' dir='ltr'>τοὺς</span> <span class='ocrx_word' id='word_1_247' title='bbox 1691 2234 1842 2292; x_wconf 74' lang='grc' dir='ltr'>ἔνδον</span> 
     </span>
    </p>
   </div>
   <div class='ocr_carea' id='block_1_29' title="bbox 194 2322 1844 2403">
    <p class='ocr_par' dir='ltr' id='par_1_29' title="bbox 194 2322 1844 2403">
     <span class='ocr_line' id='line_1_29' title="bbox 194 2322 1844 2403; baseline 0.004 -27"><span class='ocrx_word' id='word_1_248' title='bbox 194 2323 508 2394; x_wconf 85' lang='grc' dir='ltr'>ποτίζοντα.</span> <span class='ocrx_word' id='word_1_249' title='bbox 553 2325 655 2381; x_wconf 75' lang='grc' dir='ltr'>Καὶ</span> <span class='ocrx_word' id='word_1_250' title='bbox 720 2326 974 2403; x_wconf 81' lang='grc' dir='ltr'>μηχανὰς</span> <span class='ocrx_word' id='word_1_251' title='bbox 1031 2330 1359 2399; x_wconf 68' lang='grc' dir='ltr'>περιστήσας</span> <span class='ocrx_word' id='word_1_252' title='bbox 1391 2328 1452 2381; x_wconf 88' lang='grc' dir='ltr'>τὸ</span> <span class='ocrx_word' id='word_1_253' title='bbox 1508 2332 1696 2402; x_wconf 63' lang='grc' dir='ltr'>τεῖχος</span> <span class='ocrx_word' id='word_1_254' title='bbox 1724 2322 1844 2382; x_wconf 77' lang='grc' dir='ltr'>ἔτυ-</span> 
     </span>
    </p>
   </div>
   <div class='ocr_carea' id='block_1_30' title="bbox 192 2412 1844 2491">
    <p class='ocr_par' dir='ltr' id='par_1_30' title="bbox 192 2412 1844 2491">
     <span class='ocr_line' id='line_1_30' title="bbox 192 2412 1844 2491; baseline 0.003 -25"><span class='ocrx_word' id='word_1_255' title='bbox 192 2432 349 2483; x_wconf 67' lang='grc' dir='ltr'>πτεν,</span> <span class='ocrx_word' id='word_1_256' title='bbox 383 2412 436 2468; x_wconf 82' lang='grc' dir='ltr'>ἒν</span> <span class='ocrx_word' id='word_1_257' title='bbox 493 2415 686 2488; x_wconf 75' lang='grc' dir='ltr'>οἷσπερ</span> <span class='ocrx_word' id='word_1_258' title='bbox 734 2413 911 2485; x_wconf 71' lang='grc' dir='ltr'>εἴκαζε</span> <span class='ocrx_word' id='word_1_259' title='bbox 966 2417 1042 2489; x_wconf 78' lang='grc' dir='ltr'>μὴ</span> <span class='ocrx_word' id='word_1_260' title='bbox 1101 2417 1327 2490; x_wconf 86' lang='grc' dir='ltr'>πάμπαν</span> <span class='ocrx_word' id='word_1_261' title='bbox 1365 2417 1644 2479; x_wconf 75' lang='grc' dir='ltr'>εἶναιτοῖς</span> <span class='ocrx_word' id='word_1_262' title='bbox 1673 2436 1844 2491; x_wconf 88' lang='grc' dir='ltr'>προσ-</span> 
     </span>
    </p>
   </div>
   <div class='ocr_carea' id='block_1_31' title="bbox 190 2497 1844 2579">
    <p class='ocr_par' dir='ltr' id='par_1_31' title="bbox 190 2497 1844 2579">
     <span class='ocr_line' id='line_1_31' title="bbox 190 2497 1844 2579; baseline 0.003 -23"><span class='ocrx_word' id='word_1_263' title='bbox 190 2497 499 2557; x_wconf 79' lang='grc' dir='ltr'>ϐάλλουσιν</span> <span class='ocrx_word' id='word_1_264' title='bbox 532 2503 937 2576; x_wconf 85' lang='grc' dir='ltr'>ἀκατάσειστον,</span> <span class='ocrx_word' id='word_1_265' title='bbox 996 2504 1120 2560; x_wconf 67' lang='grc' dir='ltr'>οὔτε</span> <span class='ocrx_word' id='word_1_266' title='bbox 1181 2507 1288 2579; x_wconf 72' lang='grc' dir='ltr'>μὴν</span> <span class='ocrx_word' id='word_1_267' title='bbox 1333 2504 1722 2579; x_wconf 84' lang='grc' dir='ltr'>προεκλύοιντο</span> <span class='ocrx_word' id='word_1_268' title='bbox 1779 2508 1844 2561; x_wconf 79' lang='grc' dir='ltr'>τὰ</span> 
     </span>
    </p>
   </div>
   <div class='ocr_carea' id='block_1_32' title="bbox 1949 1787 3592 1862">
    <p class='ocr_par' dir='ltr' id='par_1_32' title="bbox 1949 1787 3592 1862">
     <span class='ocr_line' id='line_1_32' title="bbox 1949 1787 3592 1862; baseline -0.004 -16"><span class='ocrx_word' id='word_1_269' title='bbox 1949 1789 2172 1846; x_wconf 88' lang='lat' dir='ltr'>Castris</span> <span class='ocrx_word' id='word_1_270' title='bbox 2203 1791 2398 1861; x_wconf 88' lang='lat' dir='ltr'>itaque</span> <span class='ocrx_word' id='word_1_271' title='bbox 2429 1791 2498 1846; x_wconf 90' lang='lat' dir='ltr'>ad</span> <span class='ocrx_word' id='word_1_272' title='bbox 2533 1788 2998 1862; x_wconf 80' lang='lat' dir='ltr'>Didymotichum</span> <span class='ocrx_word' id='word_1_273' title='bbox 3033 1787 3258 1860; x_wconf 84' lang='lat' dir='ltr'>positis,</span> <span class='ocrx_word' id='word_1_274' title='bbox 3317 1803 3449 1841; x_wconf 91' lang='lat' dir='ltr'>cum</span> <span class='ocrx_word' id='word_1_275' title='bbox 3491 1803 3592 1857; x_wconf 85' lang='lat' dir='ltr'>op-</span> 
     </span>
    </p>
   </div>
   <div class='ocr_carea' id='block_1_33' title="bbox 1950 1875 3589 1950">
    <p class='ocr_par' dir='ltr' id='par_1_33' title="bbox 1950 1875 3589 1950">
     <span class='ocr_line' id='line_1_33' title="bbox 1950 1875 3589 1950; baseline -0.001 -18"><span class='ocrx_word' id='word_1_276' title='bbox 1950 1879 2152 1950; x_wconf 85' lang='lat' dir='ltr'>pidum</span> <span class='ocrx_word' id='word_1_277' title='bbox 2185 1880 2407 1936; x_wconf 85' lang='lat' dir='ltr'>videret</span> <span class='ocrx_word' id='word_1_278' title='bbox 2438 1879 2495 1935; x_wconf 89' lang='lat' dir='ltr'>in</span> <span class='ocrx_word' id='word_1_279' title='bbox 2526 1879 2652 1936; x_wconf 91' lang='lat' dir='ltr'>loco</span> <span class='ocrx_word' id='word_1_280' title='bbox 2683 1879 2840 1934; x_wconf 91' lang='lat' dir='ltr'>edito</span> <span class='ocrx_word' id='word_1_281' title='bbox 2893 1878 3073 1934; x_wconf 91' lang='lat' dir='ltr'>situm</span> <span class='ocrx_word' id='word_1_282' title='bbox 3128 1875 3440 1932; x_wconf 82' lang='lat' dir='ltr'>difﬁculter</span> <span class='ocrx_word' id='word_1_283' title='bbox 3490 1893 3589 1932; x_wconf 85' lang='lat' dir='ltr'>ex—</span> 
     </span>
    </p>
   </div>
   <div class='ocr_carea' id='block_1_34' title="bbox 1950 1965 3591 2040">
    <p class='ocr_par' dir='ltr' id='par_1_34' title="bbox 1950 1965 3591 2040">
     <span class='ocr_line' id='line_1_34' title="bbox 1950 1965 3591 2040; baseline -0.001 -18"><span class='ocrx_word' id='word_1_284' title='bbox 1950 1970 2199 2040; x_wconf 89' lang='lat' dir='ltr'>pugnari</span> <span class='ocrx_word' id='word_1_285' title='bbox 2233 1985 2421 2040; x_wconf 85' lang='lat' dir='ltr'>posse,</span> <span class='ocrx_word' id='word_1_286' title='bbox 2452 1968 2694 2023; x_wconf 85' lang='lat' dir='ltr'>ﬂuvium</span> <span class='ocrx_word' id='word_1_287' title='bbox 2727 1971 2966 2034; x_wconf 87' lang='lat' dir='ltr'>Eurum,</span> <span class='ocrx_word' id='word_1_288' title='bbox 3001 1967 3099 2037; x_wconf 91' lang='lat' dir='ltr'>qui</span> <span class='ocrx_word' id='word_1_289' title='bbox 3156 1966 3212 2021; x_wconf 88' lang='lat' dir='ltr'>id</span> <span class='ocrx_word' id='word_1_290' title='bbox 3248 1965 3505 2021; x_wconf 84' lang='lat' dir='ltr'>ambibat</span> <span class='ocrx_word' id='word_1_291' title='bbox 3534 1970 3591 2020; x_wconf 90' lang='lat' dir='ltr'>et</span> 
     </span>
    </p>
   </div>
   <div class='ocr_carea' id='block_1_35' title="bbox 1950 2055 3585 2129">
    <p class='ocr_par' dir='ltr' id='par_1_35' title="bbox 1950 2055 3585 2129">
     <span class='ocr_line' id='line_1_35' title="bbox 1950 2055 3585 2129; baseline -0.002 -18"><span class='ocrx_word' id='word_1_292' title='bbox 1950 2072 2053 2128; x_wconf 89' lang='lat' dir='ltr'>per</span> <span class='ocrx_word' id='word_1_293' title='bbox 2083 2062 2309 2112; x_wconf 90' lang='lat' dir='ltr'>meatus</span> <span class='ocrx_word' id='word_1_294' title='bbox 2341 2056 2541 2127; x_wconf 85' lang='lat' dir='ltr'>paucis</span> <span class='ocrx_word' id='word_1_295' title='bbox 2572 2057 2834 2129; x_wconf 88' lang='lat' dir='ltr'>cognitos</span> <span class='ocrx_word' id='word_1_296' title='bbox 2865 2055 3090 2111; x_wconf 88' lang='lat' dir='ltr'>civibus</span> <span class='ocrx_word' id='word_1_297' title='bbox 3130 2071 3342 2125; x_wconf 90' lang='lat' dir='ltr'>aquam</span> <span class='ocrx_word' id='word_1_298' title='bbox 3370 2069 3585 2126; x_wconf 87' lang='lat' dir='ltr'>suppe-</span> 
     </span>
    </p>
   </div>
   <div class='ocr_carea' id='block_1_36' title="bbox 1950 2143 3585 2212">
    <p class='ocr_par' dir='ltr' id='par_1_36' title="bbox 1950 2143 3585 2212">
     <span class='ocr_line' id='line_1_36' title="bbox 1950 2143 3585 2212; baseline -0.002 -12"><span class='ocrx_word' id='word_1_299' title='bbox 1950 2145 2193 2212; x_wconf 88' lang='lat' dir='ltr'>ditabat,</span> <span class='ocrx_word' id='word_1_300' title='bbox 2227 2145 2337 2201; x_wconf 91' lang='lat' dir='ltr'>alio</span> <span class='ocrx_word' id='word_1_301' title='bbox 2371 2147 2652 2202; x_wconf 87' lang='lat' dir='ltr'>divertere</span> <span class='ocrx_word' id='word_1_302' title='bbox 2671 2145 2947 2212; x_wconf 88' lang='lat' dir='ltr'>instituit,</span> <span class='ocrx_word' id='word_1_303' title='bbox 2980 2151 3037 2200; x_wconf 90' lang='lat' dir='ltr'>et</span> <span class='ocrx_word' id='word_1_304' title='bbox 3068 2143 3356 2200; x_wconf 84' lang='lat' dir='ltr'>machinis</span> <span class='ocrx_word' id='word_1_305' title='bbox 3387 2143 3442 2196; x_wconf 90' lang='lat' dir='ltr'>in</span> <span class='ocrx_word' id='word_1_306' title='bbox 3476 2143 3585 2198; x_wconf 87' lang='lat' dir='ltr'>cir-</span> 
     </span>
    </p>
   </div>
   <div class='ocr_carea' id='block_1_37' title="bbox 1949 2232 3590 2306">
    <p class='ocr_par' dir='ltr' id='par_1_37' title="bbox 1949 2232 3590 2306">
     <span class='ocr_line' id='line_1_37' title="bbox 1949 2232 3590 2306; baseline -0.003 -15"><span class='ocrx_word' id='word_1_307' title='bbox 1949 2235 2106 2291; x_wconf 80' lang='lat' dir='ltr'>cuitu</span> <span class='ocrx_word' id='word_1_308' title='bbox 2139 2234 2435 2292; x_wconf 87' lang='lat' dir='ltr'>collocatis</span> <span class='ocrx_word' id='word_1_309' title='bbox 2458 2252 2689 2291; x_wconf 85' lang='lat' dir='ltr'>murum</span> <span class='ocrx_word' id='word_1_310' title='bbox 2722 2235 2870 2302; x_wconf 87' lang='lat' dir='ltr'>ferit,</span> <span class='ocrx_word' id='word_1_311' title='bbox 2905 2251 3020 2306; x_wconf 88' lang='lat' dir='ltr'>qua</span> <span class='ocrx_word' id='word_1_312' title='bbox 3053 2238 3214 2305; x_wconf 89' lang='lat' dir='ltr'>parte</span> <span class='ocrx_word' id='word_1_313' title='bbox 3255 2232 3590 2288; x_wconf 76' lang='lat' dir='ltr'>labefactari</span> 
     </span>
    </p>
   </div>
   <div class='ocr_carea' id='block_1_38' title="bbox 1951 2319 3591 2398">
    <p class='ocr_par' dir='ltr' id='par_1_38' title="bbox 1951 2319 3591 2398">
     <span class='ocr_line' id='line_1_38' title="bbox 1951 2319 3591 2398; baseline -0.004 -18"><span class='ocrx_word' id='word_1_314' title='bbox 1951 2341 2121 2398; x_wconf 87' lang='lat' dir='ltr'>posse</span> <span class='ocrx_word' id='word_1_315' title='bbox 2151 2341 2257 2380; x_wconf 90' lang='lat' dir='ltr'>nec</span> <span class='ocrx_word' id='word_1_316' title='bbox 2309 2327 2570 2395; x_wconf 89' lang='lat' dir='ltr'>gravium</span> <span class='ocrx_word' id='word_1_317' title='bbox 2630 2340 2903 2380; x_wconf 83' lang='lat' dir='ltr'>saxorum</span> <span class='ocrx_word' id='word_1_318' title='bbox 2957 2323 3238 2392; x_wconf 88' lang='lat' dir='ltr'>impetum</span> <span class='ocrx_word' id='word_1_319' title='bbox 3299 2319 3591 2376; x_wconf 87' lang='lat' dir='ltr'>intervalli</span> 
     </span>
    </p>
   </div>
   <div class='ocr_carea' id='block_1_39' title="bbox 1950 2411 3593 2488">
    <p class='ocr_par' dir='ltr' id='par_1_39' title="bbox 1950 2411 3593 2488">
     <span class='ocr_line' id='line_1_39' title="bbox 1950 2411 3593 2488; baseline -0.005 -16"><span class='ocrx_word' id='word_1_320' title='bbox 1950 2415 2356 2488; x_wconf 82' lang='lat' dir='ltr'>magnitudine</span> <span class='ocrx_word' id='word_1_321' title='bbox 2386 2413 2669 2471; x_wconf 84' lang='lat' dir='ltr'>lassatum</span> <span class='ocrx_word' id='word_1_322' title='bbox 2704 2415 2770 2470; x_wconf 91' lang='lat' dir='ltr'>iri</span> <span class='ocrx_word' id='word_1_323' title='bbox 2808 2414 3061 2485; x_wconf 83' lang='lat' dir='ltr'>putabat.</span> <span class='ocrx_word' id='word_1_324' title='bbox 3118 2411 3403 2485; x_wconf 89' lang='lat' dir='ltr'>Oppidani</span> <span class='ocrx_word' id='word_1_325' title='bbox 3463 2427 3593 2466; x_wconf 88' lang='lat' dir='ltr'>vero</span> 
     </span>
    </p>
   </div>
   <div class='ocr_carea' id='block_1_40' title="bbox 1950 2501 3596 2578">
    <p class='ocr_par' dir='ltr' id='par_1_40' title="bbox 1950 2501 3596 2578">
     <span class='ocr_line' id='line_1_40' title="bbox 1950 2501 3596 2578; baseline -0.004 -18"><span class='ocrx_word' id='word_1_326' title='bbox 1950 2508 2015 2560; x_wconf 86' lang='lat' dir='ltr'>ut</span> <span class='ocrx_word' id='word_1_327' title='bbox 2067 2508 2353 2560; x_wconf 84' lang='lat' dir='ltr'>Joannem</span> <span class='ocrx_word' id='word_1_328' title='bbox 2433 2505 2750 2578; x_wconf 89' lang='lat' dir='ltr'>placarent,</span> <span class='ocrx_word' id='word_1_329' title='bbox 2818 2503 3259 2571; x_wconf 76' lang='lat' dir='ltr'>excusationes,’</span> <span class='ocrx_word' id='word_1_330' title='bbox 3332 2501 3596 2571; x_wconf 86' lang='lat' dir='ltr'>speciosa</span> 
     </span>
    </p>
   </div>
   <div class='ocr_carea' id='block_1_41' title="bbox 192 2588 1836 2690">
    <p class='ocr_par' dir='ltr' id='par_1_41' title="bbox 192 2588 1836 2690">
     <span class='ocr_line' id='line_1_41' title="bbox 192 2588 1836 2690; baseline 0.003 -46"><span class='ocrx_word' id='word_1_331' title='bbox 192 2588 512 2690; x_wconf 63' lang='grc' dir='ltr'>διαφιέμενα</span> <span class='ocrx_word' id='word_1_332' title='bbox 559 2596 667 2647; x_wconf 82' lang='grc' dir='ltr'>τῶν</span> <span class='ocrx_word' id='word_1_333' title='bbox 730 2591 900 2657; x_wconf 88' lang='grc' dir='ltr'>λίθων</span> <span class='ocrx_word' id='word_1_334' title='bbox 946 2594 1087 2670; x_wconf 86' lang='grc' dir='ltr'>βάρη</span> <span class='ocrx_word' id='word_1_335' title='bbox 1147 2599 1227 2667; x_wconf 83' lang='grc' dir='ltr'>τῷ</span> <span class='ocrx_word' id='word_1_336' title='bbox 1284 2591 1632 2668; x_wconf 81' lang='grc' dir='ltr'>διαστήματι.</span> <span class='ocrx_word' id='word_1_337' title='bbox 1682 2596 1747 2652; x_wconf 79' lang='grc' dir='ltr'>Οἱ</span> <span class='ocrx_word' id='word_1_338' title='bbox 1797 2593 1836 2650; x_wconf 85' lang='grc' dir='ltr'>δ¹</span> 
     </span>
    </p>
   </div>
   <div class='ocr_carea' id='block_1_42' title="bbox 1952 2588 3596 2690">
    <p class='ocr_par' dir='ltr' id='par_1_42' title="bbox 1952 2591 3596 2665">
     <span class='ocr_line' id='line_1_42' title="bbox 1952 2591 3596 2665; baseline -0.004 -15"><span class='ocrx_word' id='word_1_339' title='bbox 1952 2593 2122 2651; x_wconf 87' lang='lat' dir='ltr'>verba</span> <span class='ocrx_word' id='word_1_340' title='bbox 2151 2597 2207 2650; x_wconf 91' lang='lat' dir='ltr'>et</span> <span class='ocrx_word' id='word_1_341' title='bbox 2233 2593 2480 2650; x_wconf 85' lang='lat' dir='ltr'>blandas</span> <span class='ocrx_word' id='word_1_342' title='bbox 2521 2610 2718 2665; x_wconf 87' lang='lat' dir='ltr'>preces</span> <span class='ocrx_word' id='word_1_343' title='bbox 2769 2593 2943 2650; x_wconf 83' lang='lat' dir='ltr'>etiam</span> <span class='ocrx_word' id='word_1_344' title='bbox 3005 2591 3477 2664; x_wconf 71' lang='lat' dir='ltr'>praetende—bant;</span> <span class='ocrx_word' id='word_1_345' title='bbox 3538 2593 3596 2645; x_wconf 90' lang='lat' dir='ltr'>et</span> 
     </span>
    </p>
   </div>
   <div class='ocr_carea' id='block_1_43' title="bbox 188 2677 1836 2760">
    <p class='ocr_par' dir='ltr' id='par_1_43' title="bbox 188 2677 1836 2760">
     <span class='ocr_line' id='line_1_43' title="bbox 188 2677 1836 2760; baseline 0.002 -24"><span class='ocrx_word' id='word_1_346' title='bbox 188 2677 340 2737; x_wconf 72' lang='grc' dir='ltr'>ἔνδον</span> <span class='ocrx_word' id='word_1_347' title='bbox 393 2683 485 2736; x_wconf 88' lang='grc' dir='ltr'>τὸν</span> <span class='ocrx_word' id='word_1_348' title='bbox 528 2681 781 2753; x_wconf 80' lang='grc' dir='ltr'>Ἰωάννην</span> <span class='ocrx_word' id='word_1_349' title='bbox 840 2682 1316 2759; x_wconf 81' lang='grc' dir='ltr'>ἐκμειλισσόμενοι</span> <span class='ocrx_word' id='word_1_350' title='bbox 1357 2685 1673 2760; x_wconf 79' lang='grc' dir='ltr'>παραλογάς</span> <span class='ocrx_word' id='word_1_351' title='bbox 1701 2706 1836 2744; x_wconf 72' lang='grc' dir='ltr'>τινας</span> 
     </span>
    </p>
   </div>
   <div class='ocr_carea' id='block_1_44' title="bbox 1952 2677 3590 2760">
    <p class='ocr_par' dir='ltr' id='par_1_44' title="bbox 1954 2679 3590 2756">
     <span class='ocr_line' id='line_1_44' title="bbox 1954 2679 3590 2756; baseline -0.004 -16"><span class='ocrx_word' id='word_1_352' title='bbox 1954 2689 2172 2740; x_wconf 84' lang='lat' dir='ltr'>stantes</span> <span class='ocrx_word' id='word_1_353' title='bbox 2202 2683 2260 2738; x_wconf 90' lang='lat' dir='ltr'>in</span> <span class='ocrx_word' id='word_1_354' title='bbox 2321 2683 2776 2756; x_wconf 80' lang='lat' dir='ltr'>propugnaculis</span> <span class='ocrx_word' id='word_1_355' title='bbox 2834 2699 2963 2738; x_wconf 88' lang='lat' dir='ltr'>eum</span> <span class='ocrx_word' id='word_1_356' title='bbox 2998 2697 3101 2754; x_wconf 90' lang='lat' dir='ltr'>pro</span> <span class='ocrx_word' id='word_1_357' title='bbox 3133 2697 3239 2736; x_wconf 91' lang='lat' dir='ltr'>suo</span> <span class='ocrx_word' id='word_1_358' title='bbox 3280 2696 3411 2751; x_wconf 88' lang='lat' dir='ltr'>rege</span> <span class='ocrx_word' id='word_1_359' title='bbox 3442 2679 3590 2735; x_wconf 86' lang='lat' dir='ltr'>cele-</span> 
     </span>
    </p>
   </div>
   <div class='ocr_carea' id='block_1_45' title="bbox 187 2768 1836 2848">
    <p class='ocr_par' dir='ltr' id='par_1_45' title="bbox 187 2771 1836 2848">
     <span class='ocr_line' id='line_1_45' title="bbox 187 2771 1836 2848; baseline 0.001 -21"><span class='ocrx_word' id='word_1_360' title='bbox 187 2771 280 2827; x_wconf 71' lang='grc' dir='ltr'>καὶ</span> <span class='ocrx_word' id='word_1_361' title='bbox 343 2772 532 2848; x_wconf 78' lang='grc' dir='ltr'>φάσεις</span> <span class='ocrx_word' id='word_1_362' title='bbox 610 2772 895 2847; x_wconf 80' lang='grc' dir='ltr'>εὐπρεπεῖς</span> <span class='ocrx_word' id='word_1_363' title='bbox 977 2775 1065 2829; x_wconf 81' lang='grc' dir='ltr'>καὶ</span> <span class='ocrx_word' id='word_1_364' title='bbox 1151 2773 1519 2848; x_wconf 80' lang='grc' dir='ltr'>παρακλήσεις</span> <span class='ocrx_word' id='word_1_365' title='bbox 1575 2773 1836 2847; x_wconf 73' lang='grc' dir='ltr'>αἱμύλους</span> 
     </span>
    </p>
   </div>
   <div class='ocr_carea' id='block_1_46' title="bbox 1952 2768 3589 2848">
    <p class='ocr_par' dir='ltr' id='par_1_46' title="bbox 1953 2768 3589 2844">
     <span class='ocr_line' id='line_1_46' title="bbox 1953 2768 3589 2844; baseline -0.004 -16"><span class='ocrx_word' id='word_1_366' title='bbox 1953 2771 2271 2840; x_wconf 87' lang='lat' dir='ltr'>brabant,et</span> <span class='ocrx_word' id='word_1_367' title='bbox 2293 2772 2514 2828; x_wconf 82' lang='lat' dir='ltr'>tributa</span> <span class='ocrx_word' id='word_1_368' title='bbox 2536 2788 2821 2844; x_wconf 88' lang='lat' dir='ltr'>pensuros</span> <span class='ocrx_word' id='word_1_369' title='bbox 2845 2775 3168 2841; x_wconf 83' lang='lat' dir='ltr'>caeteraque</span> <span class='ocrx_word' id='word_1_370' title='bbox 3215 2768 3412 2824; x_wconf 88' lang='lat' dir='ltr'>omnia</span> <span class='ocrx_word' id='word_1_371' title='bbox 3468 2785 3589 2838; x_wconf 69' lang='lat' dir='ltr'>quae</span> 
     </span>
    </p>
   </div>
   <div class='ocr_carea' id='block_1_47' title="bbox 185 2858 1836 2941">
    <p class='ocr_par' dir='ltr' id='par_1_47' title="bbox 185 2859 1836 2941">
     <span class='ocr_line' id='line_1_47' title="bbox 185 2859 1836 2941; baseline 0.001 -25"><span class='ocrx_word' id='word_1_372' title='bbox 185 2867 470 2936; x_wconf 79' lang='grc' dir='ltr'>προσῆγον</span> <span class='ocrx_word' id='word_1_373' title='bbox 524 2861 616 2916; x_wconf 83' lang='grc' dir='ltr'>καὶ</span> <span class='ocrx_word' id='word_1_374' title='bbox 697 2861 997 2938; x_wconf 70' lang='grc' dir='ltr'>πόρρωθεν,</span> <span class='ocrx_word' id='word_1_375' title='bbox 1082 2862 1172 2919; x_wconf 86' lang='grc' dir='ltr'>καὶ</span> <span class='ocrx_word' id='word_1_376' title='bbox 1260 2863 1334 2925; x_wconf 86' lang='grc' dir='ltr'>ὡς</span> <span class='ocrx_word' id='word_1_377' title='bbox 1419 2859 1645 2938; x_wconf 83' lang='grc' dir='ltr'>βασιλέα</span> <span class='ocrx_word' id='word_1_378' title='bbox 1697 2867 1836 2941; x_wconf 63' lang='grc' dir='ltr'>σφῶν</span> 
     </span>
    </p>
   </div>
   <div class='ocr_carea' id='block_1_48' title="bbox 1952 2858 3590 2941">
    <p class='ocr_par' dir='ltr' id='par_1_48' title="bbox 1952 2858 3590 2932">
     <span class='ocr_line' id='line_1_48' title="bbox 1952 2858 3590 2932; baseline -0.004 -17"><span class='ocrx_word' id='word_1_379' title='bbox 1952 2861 2296 2932; x_wconf 87' lang='lat' dir='ltr'>imperasset</span> <span class='ocrx_word' id='word_1_380' title='bbox 2325 2861 2591 2916; x_wconf 85' lang='lat' dir='ltr'>alacriter</span> <span class='ocrx_word' id='word_1_381' title='bbox 2622 2861 2876 2915; x_wconf 88' lang='lat' dir='ltr'>facturos</span> <span class='ocrx_word' id='word_1_382' title='bbox 2935 2858 3374 2932; x_wconf 84' lang='lat' dir='ltr'>promittebant,</span> <span class='ocrx_word' id='word_1_383' title='bbox 3421 2858 3590 2912; x_wconf 85' lang='lat' dir='ltr'>modo</span> 
     </span>
    </p>
   </div>
   <div class='ocr_carea' id='block_1_49' title="bbox 188 2945 1836 3029">
    <p class='ocr_par' dir='ltr' id='par_1_49' title="bbox 188 2949 1836 3029">
     <span class='ocr_line' id='line_1_49' title="bbox 188 2949 1836 3029; baseline 0.001 -25"><span class='ocrx_word' id='word_1_384' title='bbox 188 2949 539 3028; x_wconf 72' lang='grc' dir='ltr'>ἀνευφήμουν</span> <span class='ocrx_word' id='word_1_385' title='bbox 598 2949 948 3028; x_wconf 76' lang='grc' dir='ltr'>έφιστάμενοι</span> <span class='ocrx_word' id='word_1_386' title='bbox 1004 2957 1125 3014; x_wconf 92' lang='grc' dir='ltr'>ταῖς</span> <span class='ocrx_word' id='word_1_387' title='bbox 1181 2951 1454 3023; x_wconf 78' lang='grc' dir='ltr'>ἐπάλξεσι,</span> <span class='ocrx_word' id='word_1_388' title='bbox 1496 2953 1587 3006; x_wconf 77' lang='grc' dir='ltr'>καὶ</span> <span class='ocrx_word' id='word_1_389' title='bbox 1655 2951 1836 3029; x_wconf 80' lang='grc' dir='ltr'>φόροις</span> 
     </span>
    </p>
   </div>
   <div class='ocr_carea' id='block_1_50' title="bbox 1952 2945 3591 3029">
    <p class='ocr_par' dir='ltr' id='par_1_50' title="bbox 1952 2945 3591 3020">
     <span class='ocr_line' id='line_1_50' title="bbox 1952 2945 3591 3020; baseline -0.003 -15"><span class='ocrx_word' id='word_1_390' title='bbox 1952 2965 2023 3006; x_wconf 90' lang='lat' dir='ltr'>ne</span> <span class='ocrx_word' id='word_1_391' title='bbox 2053 2965 2183 3006; x_wconf 89' lang='lat' dir='ltr'>eum</span> <span class='ocrx_word' id='word_1_392' title='bbox 2216 2949 2357 3006; x_wconf 89' lang='lat' dir='ltr'>urbe</span> <span class='ocrx_word' id='word_1_393' title='bbox 2388 2950 2541 3006; x_wconf 66' lang='lat'>886</span> <span class='ocrx_word' id='word_1_394' title='bbox 2574 2949 2828 3020; x_wconf 88' lang='lat' dir='ltr'>recipere</span> <span class='ocrx_word' id='word_1_395' title='bbox 2868 2952 3234 3020; x_wconf 86' lang='lat' dir='ltr'>cogerentur.</span> <span class='ocrx_word' id='word_1_396' title='bbox 3280 2945 3381 3001; x_wconf 89' lang='lat' dir='ltr'>Ille</span> <span class='ocrx_word' id='word_1_397' title='bbox 3437 2962 3591 3013; x_wconf 89' lang='lat' dir='ltr'>vero,</span> 
     </span>
    </p>
   </div>
   <div class='ocr_carea' id='block_1_51' title="bbox 191 3035 1836 3117">
    <p class='ocr_par' dir='ltr' id='par_1_51' title="bbox 191 3037 1836 3117">
     <span class='ocr_line' id='line_1_51' title="bbox 191 3037 1836 3117; baseline 0.001 -22"><span class='ocrx_word' id='word_1_398' title='bbox 191 3040 517 3095; x_wconf 81' lang='grc' dir='ltr'>ὑποκεῖσθαι</span> <span class='ocrx_word' id='word_1_399' title='bbox 573 3037 1024 3117; x_wconf 84' lang='grc' dir='ltr'>καθωμολόγουν,</span> <span class='ocrx_word' id='word_1_400' title='bbox 1092 3042 1182 3097; x_wconf 81' lang='grc' dir='ltr'>καὶ</span> <span class='ocrx_word' id='word_1_401' title='bbox 1230 3041 1402 3097; x_wconf 88' lang='grc' dir='ltr'>πάντα</span> <span class='ocrx_word' id='word_1_402' title='bbox 1459 3040 1585 3117; x_wconf 82' lang='grc' dir='ltr'>δρᾷν</span> <span class='ocrx_word' id='word_1_403' title='bbox 1641 3040 1836 3098; x_wconf 83' lang='grc' dir='ltr'>συνετί-</span> 
     </span>
    </p>
   </div>
   <div class='ocr_carea' id='block_1_52' title="bbox 1952 3035 3589 3117">
    <p class='ocr_par' dir='ltr' id='par_1_52' title="bbox 1952 3035 3589 3111">
     <span class='ocr_line' id='line_1_52' title="bbox 1952 3035 3589 3111; baseline -0.003 -17"><span class='ocrx_word' id='word_1_404' title='bbox 1952 3038 2035 3096; x_wconf 87' lang='lat' dir='ltr'>ira</span> <span class='ocrx_word' id='word_1_405' title='bbox 2061 3040 2317 3111; x_wconf 89' lang='lat' dir='ltr'>percitus</span> <span class='ocrx_word' id='word_1_406' title='bbox 2340 3056 2438 3096; x_wconf 89' lang='lat' dir='ltr'>eas</span> <span class='ocrx_word' id='word_1_407' title='bbox 2461 3039 2824 3097; x_wconf 87' lang='lat' dir='ltr'>conditiones</span> <span class='ocrx_word' id='word_1_408' title='bbox 2859 3055 3100 3111; x_wconf 88' lang='lat' dir='ltr'>prorsus</span> <span class='ocrx_word' id='word_1_409' title='bbox 3147 3035 3589 3108; x_wconf 85' lang='lat' dir='ltr'>aspernabatur,</span> 
     </span>
    </p>
   </div>
   <div class='ocr_carea' id='block_1_53' title="bbox 192 3124 1836 3206">
    <p class='ocr_par' dir='ltr' id='par_1_53' title="bbox 192 3127 1836 3206">
     <span class='ocr_line' id='line_1_53' title="bbox 192 3127 1836 3206; baseline 0.002 -22"><span class='ocrx_word' id='word_1_410' title='bbox 192 3141 344 3192; x_wconf 86' lang='grc' dir='ltr'>θεντο</span> <span class='ocrx_word' id='word_1_411' title='bbox 379 3130 678 3204; x_wconf 78' lang='grc' dir='ltr'>προθύμως</span> <span class='ocrx_word' id='word_1_412' title='bbox 711 3131 883 3186; x_wconf 84' lang='grc' dir='ltr'>ὁπόσα</span> <span class='ocrx_word' id='word_1_413' title='bbox 915 3129 974 3186; x_wconf 81' lang='grc' dir='ltr'>ὂίν</span> <span class='ocrx_word' id='word_1_414' title='bbox 1035 3130 1240 3194; x_wconf 69' lang='grc' dir='ltr'>ἰκεῖνος</span> <span class='ocrx_word' id='word_1_415' title='bbox 1297 3127 1401 3206; x_wconf 74' lang='grc' dir='ltr'>ἔχῃ</span> <span class='ocrx_word' id='word_1_416' title='bbox 1449 3129 1836 3196; x_wconf 71' lang='grc' dir='ltr'>διατάττεσθαι,</span> 
     </span>
    </p>
   </div>
   <div class='ocr_carea' id='block_1_54' title="bbox 1952 3124 3587 3206">
    <p class='ocr_par' dir='ltr' id='par_1_54' title="bbox 1952 3124 3587 3201">
     <span class='ocr_line' id='line_1_54' title="bbox 1952 3124 3587 3201; baseline -0.005 -16"><span class='ocrx_word' id='word_1_417' title='bbox 1952 3145 2056 3186; x_wconf 89' lang='lat' dir='ltr'>nec</span> <span class='ocrx_word' id='word_1_418' title='bbox 2085 3128 2199 3185; x_wconf 88' lang='lat' dir='ltr'>alia</span> <span class='ocrx_word' id='word_1_419' title='bbox 2227 3128 2450 3185; x_wconf 88' lang='lat' dir='ltr'>ratione</span> <span class='ocrx_word' id='word_1_420' title='bbox 2479 3146 2540 3185; x_wconf 87' lang='lat' dir='ltr'>se</span> <span class='ocrx_word' id='word_1_421' title='bbox 2571 3145 2773 3201; x_wconf 89' lang='lat' dir='ltr'>pacem</span> <span class='ocrx_word' id='word_1_422' title='bbox 2806 3127 3096 3184; x_wconf 83' lang='lat' dir='ltr'>facturum</span> <span class='ocrx_word' id='word_1_423' title='bbox 3116 3125 3506 3190; x_wconf 81' lang='lat' dir='ltr'>asseverabat,</span> <span class='ocrx_word' id='word_1_424' title='bbox 3530 3124 3587 3180; x_wconf 90' lang='lat' dir='ltr'>ni</span> 
     </span>
    </p>
   </div>
   <div class='ocr_carea' id='block_1_55' title="bbox 186 3215 1836 3294">
    <p class='ocr_par' dir='ltr' id='par_1_55' title="bbox 186 3215 1836 3294">
     <span class='ocr_line' id='line_1_55' title="bbox 186 3215 1836 3294; baseline 0.002 -23"><span class='ocrx_word' id='word_1_425' title='bbox 186 3215 336 3285; x_wconf 76' lang='grc' dir='ltr'>πλὴν</span> <span class='ocrx_word' id='word_1_426' title='bbox 368 3221 466 3272; x_wconf 79' lang='grc' dir='ltr'>τοῦ</span> <span class='ocrx_word' id='word_1_427' title='bbox 499 3215 742 3288; x_wconf 80' lang='grc' dir='ltr'>δέξασθαι</span> <span class='ocrx_word' id='word_1_428' title='bbox 786 3219 945 3274; x_wconf 80' lang='grc' dir='ltr'>αὐτὸν</span> <span class='ocrx_word' id='word_1_429' title='bbox 1003 3223 1083 3292; x_wconf 79' lang='grc' dir='ltr'>τῷ</span> <span class='ocrx_word' id='word_1_430' title='bbox 1133 3217 1456 3293; x_wconf 87' lang='grc' dir='ltr'>πολίσματι.</span> <span class='ocrx_word' id='word_1_431' title='bbox 1497 3220 1558 3276; x_wconf 79' lang='grc' dir='ltr'>Ὀ</span> <span class='ocrx_word' id='word_1_432' title='bbox 1616 3215 1672 3274; x_wconf 76' lang='grc' dir='ltr'>δὲ</span> <span class='ocrx_word' id='word_1_433' title='bbox 1713 3222 1836 3294; x_wconf 82' lang='grc' dir='ltr'>πρὸς</span> 
     </span>
    </p>
   </div>
   <div class='ocr_carea' id='block_1_56' title="bbox 1952 3215 3588 3294">
    <p class='ocr_par' dir='ltr' id='par_1_56' title="bbox 1952 3215 3588 3289">
     <span class='ocr_line' id='line_1_56' title="bbox 1952 3215 3588 3289; baseline -0.004 -15"><span class='ocrx_word' id='word_1_434' title='bbox 1952 3218 2180 3274; x_wconf 74' lang='lat' dir='ltr'>castello</span> <span class='ocrx_word' id='word_1_435' title='bbox 2211 3217 2322 3273; x_wconf 90' lang='lat' dir='ltr'>sibi</span> <span class='ocrx_word' id='word_1_436' title='bbox 2354 3219 2640 3274; x_wconf 90' lang='lat' dir='ltr'>cederent.</span> <span class='ocrx_word' id='word_1_437' title='bbox 2675 3218 2789 3274; x_wconf 91' lang='lat' dir='ltr'>Nec</span> <span class='ocrx_word' id='word_1_438' title='bbox 2820 3219 2890 3273; x_wconf 90' lang='lat' dir='ltr'>de</span> <span class='ocrx_word' id='word_1_439' title='bbox 2950 3217 3382 3289; x_wconf 82' lang='lat' dir='ltr'>oppugnatione</span> <span class='ocrx_word' id='word_1_440' title='bbox 3413 3215 3588 3286; x_wconf 85' lang='lat' dir='ltr'>quid-</span> 
     </span>
    </p>
   </div>
   <div class='ocr_carea' id='block_1_57' title="bbox 189 3303 1836 3382">
    <p class='ocr_par' dir='ltr' id='par_1_57' title="bbox 189 3303 1836 3382">
     <span class='ocr_line' id='line_1_57' title="bbox 189 3303 1836 3382; baseline 0.002 -22"><span class='ocrx_word' id='word_1_441' title='bbox 189 3305 364 3380; x_wconf 83' lang='grc' dir='ltr'>όργὴν</span> <span class='ocrx_word' id='word_1_442' title='bbox 405 3303 762 3382; x_wconf 72' lang='grc' dir='ltr'>ἐκφερόμενος</span> <span class='ocrx_word' id='word_1_443' title='bbox 803 3306 892 3361; x_wconf 79' lang='grc' dir='ltr'>καὶ</span> <span class='ocrx_word' id='word_1_444' title='bbox 941 3305 1295 3382; x_wconf 85' lang='grc' dir='ltr'>χαλεπαίνων</span> <span class='ocrx_word' id='word_1_445' title='bbox 1340 3305 1596 3380; x_wconf 81' lang='grc' dir='ltr'>οὐδαμῶς</span> <span class='ocrx_word' id='word_1_446' title='bbox 1648 3309 1836 3372; x_wconf 78' lang='grc' dir='ltr'>αὐτοὺς</span> 
     </span>
    </p>
   </div>
   <div class='ocr_carea' id='block_1_58' title="bbox 1952 3303 3586 3382">
    <p class='ocr_par' dir='ltr' id='par_1_58' title="bbox 1952 3307 3586 3382">
     <span class='ocr_line' id='line_1_58' title="bbox 1952 3307 3586 3382; baseline -0.001 -18"><span class='ocrx_word' id='word_1_447' title='bbox 1952 3326 2120 3382; x_wconf 81' lang='lat' dir='ltr'>quam</span> <span class='ocrx_word' id='word_1_448' title='bbox 2148 3309 2513 3378; x_wconf 85' lang='lat' dir='ltr'>remittendo,</span> <span class='ocrx_word' id='word_1_449' title='bbox 2545 3309 2618 3378; x_wconf 83' lang='lat' dir='ltr'>vi,</span> <span class='ocrx_word' id='word_1_450' title='bbox 2652 3309 2869 3380; x_wconf 88' lang='lat' dir='ltr'>impetu</span> <span class='ocrx_word' id='word_1_451' title='bbox 2903 3313 2960 3364; x_wconf 89' lang='lat' dir='ltr'>et</span> <span class='ocrx_word' id='word_1_452' title='bbox 2989 3307 3396 3379; x_wconf 86' lang='lat' dir='ltr'>magnitudine</span> <span class='ocrx_word' id='word_1_453' title='bbox 3422 3323 3586 3362; x_wconf 87' lang='lat' dir='ltr'>saxo-</span> 
     </span>
    </p>
   </div>
   <div class='ocr_carea' id='block_1_59' title="bbox 190 3393 1836 3476">
    <p class='ocr_par' dir='ltr' id='par_1_59' title="bbox 190 3393 1836 3476">
     <span class='ocr_line' id='line_1_59' title="bbox 190 3393 1836 3476; baseline 0.003 -28"><span class='ocrx_word' id='word_1_454' title='bbox 190 3393 279 3448; x_wconf 75' lang='grc' dir='ltr'>ἐπὶ</span> <span class='ocrx_word' id='word_1_455' title='bbox 309 3393 526 3458; x_wconf 82' lang='grc' dir='ltr'>τούτοις</span> <span class='ocrx_word' id='word_1_456' title='bbox 584 3394 864 3470; x_wconf 85' lang='grc' dir='ltr'>προσίετο,</span> <span class='ocrx_word' id='word_1_457' title='bbox 919 3396 1048 3452; x_wconf 83' lang='grc' dir='ltr'>ἀλλ’</span> <span class='ocrx_word' id='word_1_458' title='bbox 1092 3397 1415 3466; x_wconf 75' lang='grc' dir='ltr'>ὑπεκστῆναι</span> <span class='ocrx_word' id='word_1_459' title='bbox 1449 3397 1501 3452; x_wconf 82' lang='lat' dir='ltr'>oi.</span> <span class='ocrx_word' id='word_1_460' title='bbox 1538 3402 1634 3453; x_wconf 73' lang='grc' dir='ltr'>τοῦ</span> <span class='ocrx_word' id='word_1_461' title='bbox 1674 3418 1836 3476; x_wconf 89' lang='grc' dir='ltr'>φρου-</span> 
     </span>
    </p>
   </div>
   <div class='ocr_carea' id='block_1_60' title="bbox 1952 3393 3587 3476">
    <p class='ocr_par' dir='ltr' id='par_1_60' title="bbox 1952 3395 3587 3471">
     <span class='ocr_line' id='line_1_60' title="bbox 1952 3395 3587 3471; baseline -0.002 -18"><span class='ocrx_word' id='word_1_462' title='bbox 1952 3415 2077 3454; x_wconf 88' lang='lat' dir='ltr'>rum</span> <span class='ocrx_word' id='word_1_463' title='bbox 2111 3397 2834 3471; x_wconf 87' lang='lat' dir='ltr'>propugnacula,turrium</span> <span class='ocrx_word' id='word_1_464' title='bbox 2860 3395 3104 3466; x_wconf 75' lang='lat' dir='ltr'>angulos</span> <span class='ocrx_word' id='word_1_465' title='bbox 3129 3395 3460 3464; x_wconf 89' lang='lat' dir='ltr'>revellebat,</span> <span class='ocrx_word' id='word_1_466' title='bbox 3496 3412 3587 3451; x_wconf 90' lang='lat' dir='ltr'>eo-</span> 
     </span>
    </p>
   </div>
   <div class='ocr_carea' id='block_1_61' title="bbox 193 3481 1836 3561">
    <p class='ocr_par' dir='ltr' id='par_1_61' title="bbox 193 3481 1836 3561">
     <span class='ocr_line' id='line_1_61' title="bbox 193 3481 1836 3561; baseline 0.003 -24"><span class='ocrx_word' id='word_1_467' title='bbox 193 3485 313 3555; x_wconf 88' lang='grc' dir='ltr'>ρίου</span> <span class='ocrx_word' id='word_1_468' title='bbox 341 3481 520 3546; x_wconf 83' lang='grc' dir='ltr'>πολὺς</span> <span class='ocrx_word' id='word_1_469' title='bbox 561 3483 902 3561; x_wconf 72' lang='grc' dir='ltr'>έγκείμενος,</span> <span class='ocrx_word' id='word_1_470' title='bbox 945 3485 1020 3548; x_wconf 81' lang='grc' dir='ltr'>ὡς</span> <span class='ocrx_word' id='word_1_471' title='bbox 1077 3485 1168 3541; x_wconf 87' lang='grc' dir='ltr'>καὶ</span> <span class='ocrx_word' id='word_1_472' title='bbox 1229 3486 1390 3559; x_wconf 92' lang='grc' dir='ltr'>μόνον</span> <span class='ocrx_word' id='word_1_473' title='bbox 1453 3485 1594 3542; x_wconf 74' lang='grc' dir='ltr'>οὕτω</span> <span class='ocrx_word' id='word_1_474' title='bbox 1627 3486 1836 3543; x_wconf 90' lang='grc' dir='ltr'>σπεισό-</span> 
     </span>
    </p>
   </div>
   <div class='ocr_carea' id='block_1_62' title="bbox 1952 3481 3594 3561">
    <p class='ocr_par' dir='ltr' id='par_1_62' title="bbox 1952 3485 3594 3560">
     <span class='ocr_line' id='line_1_62' title="bbox 1952 3485 3594 3560; baseline -0.003 -17"><span class='ocrx_word' id='word_1_475' title='bbox 1952 3503 2196 3560; x_wconf 88' lang='lat' dir='ltr'>rumque</span> <span class='ocrx_word' id='word_1_476' title='bbox 2225 3487 2492 3544; x_wconf 88' lang='lat' dir='ltr'>tibicines</span> <span class='ocrx_word' id='word_1_477' title='bbox 2515 3488 2930 3560; x_wconf 82' lang='lat' dir='ltr'>perfringebat.</span> <span class='ocrx_word' id='word_1_478' title='bbox 2965 3485 3252 3558; x_wconf 87' lang='lat' dir='ltr'>Oppidani</span> <span class='ocrx_word' id='word_1_479' title='bbox 3282 3502 3413 3541; x_wconf 92' lang='lat' dir='ltr'>vero</span> <span class='ocrx_word' id='word_1_480' title='bbox 3431 3485 3594 3540; x_wconf 87' lang='lat' dir='ltr'>tabu-</span> 
     </span>
    </p>
   </div>
   <div class='ocr_carea' id='block_1_63' title="bbox 197 3571 1836 3650">
    <p class='ocr_par' dir='ltr' id='par_1_63' title="bbox 197 3571 1836 3650">
     <span class='ocr_line' id='line_1_63' title="bbox 197 3571 1836 3650; baseline 0.002 -24"><span class='ocrx_word' id='word_1_481' title='bbox 197 3593 380 3644; x_wconf 86' lang='grc' dir='ltr'>μενος,</span> <span class='ocrx_word' id='word_1_482' title='bbox 454 3575 573 3628; x_wconf 79' lang='grc' dir='ltr'>κατ’</span> <span class='ocrx_word' id='word_1_483' title='bbox 657 3571 810 3630; x_wconf 67' lang='grc' dir='ltr'>οὐδὲν</span> <span class='ocrx_word' id='word_1_484' title='bbox 872 3573 1059 3649; x_wconf 81' lang='grc' dir='ltr'>ὑφίετο</span> <span class='ocrx_word' id='word_1_485' title='bbox 1123 3578 1221 3630; x_wconf 81' lang='grc' dir='ltr'>τοῦ</span> <span class='ocrx_word' id='word_1_486' title='bbox 1276 3574 1507 3650; x_wconf 83' lang='grc' dir='ltr'>ἀγῶνος,</span> <span class='ocrx_word' id='word_1_487' title='bbox 1595 3575 1836 3647; x_wconf 73' lang='grc' dir='ltr'>ἐπάλξεις</span> 
     </span>
    </p>
   </div>
   <div class='ocr_carea' id='block_1_64' title="bbox 1952 3571 3588 3650">
    <p class='ocr_par' dir='ltr' id='par_1_64' title="bbox 1952 3573 3588 3643">
     <span class='ocr_line' id='line_1_64' title="bbox 1952 3573 3588 3643; baseline -0.002 -13"><span class='ocrx_word' id='word_1_488' title='bbox 1952 3575 2082 3633; x_wconf 89' lang='lat' dir='ltr'>latis</span> <span class='ocrx_word' id='word_1_489' title='bbox 2113 3581 2170 3633; x_wconf 87' lang='lat' dir='ltr'>et</span> <span class='ocrx_word' id='word_1_490' title='bbox 2217 3576 2474 3632; x_wconf 86' lang='lat' dir='ltr'>cratibus</span> <span class='ocrx_word' id='word_1_491' title='bbox 2531 3576 2688 3633; x_wconf 90' lang='lat' dir='ltr'>intus</span> <span class='ocrx_word' id='word_1_492' title='bbox 2741 3575 2998 3643; x_wconf 90' lang='lat' dir='ltr'>structis,</span> <span class='ocrx_word' id='word_1_493' title='bbox 3058 3591 3256 3630; x_wconf 89' lang='lat' dir='ltr'>recens</span> <span class='ocrx_word' id='word_1_494' title='bbox 3311 3573 3588 3629; x_wconf 88' lang='lat' dir='ltr'>detractis</span> 
     </span>
    </p>
   </div>
   <div class='ocr_carea' id='block_1_65' title="bbox 187 3661 1836 3742">
    <p class='ocr_par' dir='ltr' id='par_1_65' title="bbox 187 3661 1836 3742">
     <span class='ocr_line' id='line_1_65' title="bbox 187 3661 1836 3742; baseline 0.003 -27"><span class='ocrx_word' id='word_1_495' title='bbox 187 3661 474 3736; x_wconf 77' lang='grc' dir='ltr'>ἀποσύρων</span> <span class='ocrx_word' id='word_1_496' title='bbox 512 3665 584 3736; x_wconf 78' lang='grc' dir='ltr'>τῇ</span> <span class='ocrx_word' id='word_1_497' title='bbox 621 3662 709 3738; x_wconf 77' lang='grc' dir='ltr'>βίᾳ</span> <span class='ocrx_word' id='word_1_498' title='bbox 739 3662 830 3718; x_wconf 85' lang='grc' dir='ltr'>καὶ</span> <span class='ocrx_word' id='word_1_499' title='bbox 886 3668 966 3736; x_wconf 72' lang='grc' dir='ltr'>τῷ</span> <span class='ocrx_word' id='word_1_500' title='bbox 997 3663 1164 3739; x_wconf 76' lang='grc' dir='ltr'>ῥοίζῳ</span> <span class='ocrx_word' id='word_1_501' title='bbox 1229 3665 1320 3719; x_wconf 85' lang='grc' dir='ltr'>καὶ</span> <span class='ocrx_word' id='word_1_502' title='bbox 1376 3669 1454 3737; x_wconf 85' lang='grc' dir='ltr'>τῷ</span> <span class='ocrx_word' id='word_1_503' title='bbox 1489 3665 1702 3742; x_wconf 88' lang='grc' dir='ltr'>μεγέθει</span> <span class='ocrx_word' id='word_1_504' title='bbox 1731 3671 1836 3721; x_wconf 83' lang='grc' dir='ltr'>τῶν</span> 
     </span>
    </p>
   </div>
   <div class='ocr_carea' id='block_1_66' title="bbox 1952 3661 3586 3742">
    <p class='ocr_par' dir='ltr' id='par_1_66' title="bbox 1952 3661 3586 3737">
     <span class='ocr_line' id='line_1_66' title="bbox 1952 3661 3586 3737; baseline -0.003 -17"><span class='ocrx_word' id='word_1_505' title='bbox 1952 3665 2256 3723; x_wconf 79' lang='lat' dir='ltr'>velleribus</span> <span class='ocrx_word' id='word_1_506' title='bbox 2280 3667 2492 3723; x_wconf 86' lang='lat' dir='ltr'>mcenia</span> <span class='ocrx_word' id='word_1_507' title='bbox 2519 3665 2809 3737; x_wconf 83' lang='lat' dir='ltr'>tegebant,</span> <span class='ocrx_word' id='word_1_508' title='bbox 2845 3669 2908 3720; x_wconf 90' lang='lat' dir='ltr'>ut</span> <span class='ocrx_word' id='word_1_509' title='bbox 2927 3665 3331 3720; x_wconf 87' lang='lat' dir='ltr'>machinarum</span> <span class='ocrx_word' id='word_1_510' title='bbox 3352 3678 3491 3717; x_wconf 84' lang='lat' dir='ltr'>saxa</span> <span class='ocrx_word' id='word_1_511' title='bbox 3519 3661 3586 3715; x_wconf 81' lang='lat' dir='ltr'>iis</span> 
     </span>
    </p>
   </div>
   <div class='ocr_carea' id='block_1_67' title="bbox 186 3750 1836 3832">
    <p class='ocr_par' dir='ltr' id='par_1_67' title="bbox 186 3750 1836 3832">
     <span class='ocr_line' id='line_1_67' title="bbox 186 3750 1836 3832; baseline 0.002 -27"><span class='ocrx_word' id='word_1_512' title='bbox 186 3750 487 3828; x_wconf 79' lang='grc' dir='ltr'>ἀφιεμένων</span> <span class='ocrx_word' id='word_1_513' title='bbox 524 3751 843 3829; x_wconf 88' lang='grc' dir='ltr'>χερμάδων,</span> <span class='ocrx_word' id='word_1_514' title='bbox 882 3753 972 3809; x_wconf 85' lang='grc' dir='ltr'>καὶ</span> <span class='ocrx_word' id='word_1_515' title='bbox 1031 3753 1234 3832; x_wconf 85' lang='grc' dir='ltr'>γωνίας</span> <span class='ocrx_word' id='word_1_516' title='bbox 1280 3755 1498 3832; x_wconf 80' lang='grc' dir='ltr'>πύργων</span> <span class='ocrx_word' id='word_1_517' title='bbox 1528 3761 1836 3828; x_wconf 77' lang='grc' dir='ltr'>κατασπῷν¹</span> 
     </span>
    </p>
   </div>
   <div class='ocr_carea' id='block_1_68' title="bbox 1952 3750 3586 3832">
    <p class='ocr_par' dir='ltr' id='par_1_68' title="bbox 1952 3754 3586 3824">
     <span class='ocr_line' id='line_1_68' title="bbox 1952 3754 3586 3824; baseline -0.005 -13"><span class='ocrx_word' id='word_1_518' title='bbox 1952 3755 2207 3812; x_wconf 86' lang='lat' dir='ltr'>involuta</span> <span class='ocrx_word' id='word_1_519' title='bbox 2229 3755 2608 3812; x_wconf 88' lang='lat' dir='ltr'>labascerent.</span> <span class='ocrx_word' id='word_1_520' title='bbox 2643 3757 2723 3809; x_wconf 80' lang='lat' dir='ltr'>Ac</span> <span class='ocrx_word' id='word_1_521' title='bbox 2754 3754 2891 3810; x_wconf 90' lang='lat' dir='ltr'>dum</span> <span class='ocrx_word' id='word_1_522' title='bbox 2936 3758 3188 3809; x_wconf 87' lang='lat' dir='ltr'>Joannes</span> <span class='ocrx_word' id='word_1_523' title='bbox 3211 3766 3467 3824; x_wconf 88' lang='lat' dir='ltr'>pugnam</span> <span class='ocrx_word' id='word_1_524' title='bbox 3501 3766 3586 3804; x_wconf 81' lang='lat' dir='ltr'>re-</span> 
     </span>
    </p>
   </div>
   <div class='ocr_carea' id='block_1_69' title="bbox 183 3839 1836 3919">
    <p class='ocr_par' dir='ltr' id='par_1_69' title="bbox 183 3839 1836 3919">
     <span class='ocr_line' id='line_1_69' title="bbox 183 3839 1836 3919; baseline 0.004 -25"><span class='ocrx_word' id='word_1_525' title='bbox 183 3839 270 3894; x_wconf 78' lang='grc' dir='ltr'>καὶ</span> <span class='ocrx_word' id='word_1_526' title='bbox 336 3841 712 3919; x_wconf 75' lang='grc' dir='ltr'>καταρῥηγνὺς</span> <span class='ocrx_word' id='word_1_527' title='bbox 769 3843 836 3896; x_wconf 77' lang='grc' dir='ltr'>τὰ</span> <span class='ocrx_word' id='word_1_528' title='bbox 911 3841 1120 3898; x_wconf 78' lang='grc' dir='ltr'>τούτων</span> <span class='ocrx_word' id='word_1_529' title='bbox 1174 3844 1417 3919; x_wconf 82' lang='grc' dir='ltr'>θωράκια</span> <span class='ocrx_word' id='word_1_530' title='bbox 1475 3846 1608 3919; x_wconf 89' lang='lat'>(76).</span> <span class='ocrx_word' id='word_1_531' title='bbox 1672 3847 1737 3902; x_wconf 75' lang='lat' dir='ltr'>Oi</span> <span class='ocrx_word' id='word_1_532' title='bbox 1791 3843 1836 3900; x_wconf 85' lang='grc' dir='ltr'>δ’</span> 
     </span>
    </p>
   </div>
   <div class='ocr_carea' id='block_1_70' title="bbox 1952 3839 3586 3919">
    <p class='ocr_par' dir='ltr' id='par_1_70' title="bbox 1952 3839 3586 3917">
     <span class='ocr_line' id='line_1_70' title="bbox 1952 3839 3586 3917; baseline -0.004 -17"><span class='ocrx_word' id='word_1_533' title='bbox 1952 3845 2224 3916; x_wconf 85' lang='lat' dir='ltr'>mittebat,</span> <span class='ocrx_word' id='word_1_534' title='bbox 2247 3845 2497 3917; x_wconf 91' lang='lat' dir='ltr'>supplici</span> <span class='ocrx_word' id='word_1_535' title='bbox 2529 3849 2699 3915; x_wconf 88' lang='lat' dir='ltr'>gustu</span> <span class='ocrx_word' id='word_1_536' title='bbox 2731 3849 2789 3899; x_wconf 89' lang='lat' dir='ltr'>et</span> <span class='ocrx_word' id='word_1_537' title='bbox 2827 3842 3056 3898; x_wconf 89' lang='lat' dir='ltr'>blandis</span> <span class='ocrx_word' id='word_1_538' title='bbox 3085 3842 3278 3900; x_wconf 91' lang='lat' dir='ltr'>verbis</span> <span class='ocrx_word' id='word_1_539' title='bbox 3336 3839 3586 3895; x_wconf 84' lang='lat' dir='ltr'>submis-</span> 
     </span>
    </p>
   </div>
   <div class='ocr_carea' id='block_1_71' title="bbox 180 3927 1836 4009">
    <p class='ocr_par' dir='ltr' id='par_1_71' title="bbox 180 3927 1824 4009">
     <span class='ocr_line' id='line_1_71' title="bbox 180 3927 1824 4009; baseline 0.004 -26"><span class='ocrx_word' id='word_1_540' title='bbox 180 3928 322 3992; x_wconf 71' lang='grc' dir='ltr'>ἐντὸς</span> <span class='ocrx_word' id='word_1_541' title='bbox 356 3927 697 4005; x_wconf 86' lang='grc' dir='ltr'>δρυφάκτους</span> <span class='ocrx_word' id='word_1_542' title='bbox 728 3933 818 3986; x_wconf 83' lang='grc' dir='ltr'>καὶ</span> <span class='ocrx_word' id='word_1_543' title='bbox 852 3929 1029 4009; x_wconf 78' lang='grc' dir='ltr'>’γέρῥα</span> <span class='ocrx_word' id='word_1_544' title='bbox 1058 3934 1382 4005; x_wconf 80' lang='grc' dir='ltr'>πηξάμενοι,</span> <span class='ocrx_word' id='word_1_545' title='bbox 1413 3931 1636 4008; x_wconf 85' lang='grc' dir='ltr'>νεόδορα</span> <span class='ocrx_word' id='word_1_546' title='bbox 1689 3935 1824 4006; x_wconf 88' lang='grc' dir='ltr'>νάκη</span> 
     </span>
    </p>
   </div>
   <div class='ocr_carea' id='block_1_72' title="bbox 1952 3927 3583 4009">
    <p class='ocr_par' dir='ltr' id='par_1_72' title="bbox 1952 3927 3583 3992">
     <span class='ocr_line' id='line_1_72' title="bbox 1952 3927 3583 3992; baseline -0.006 -2"><span class='ocrx_word' id='word_1_547' title='bbox 1952 3935 2166 3992; x_wconf 77' lang='lat' dir='ltr'>sionem</span> <span class='ocrx_word' id='word_1_548' title='bbox 2199 3935 2406 3990; x_wconf 90' lang='lat' dir='ltr'>callide</span> <span class='ocrx_word' id='word_1_549' title='bbox 2437 3935 2816 3990; x_wconf 88' lang='lat' dir='ltr'>simulabant.</span> <span class='ocrx_word' id='word_1_550' title='bbox 2848 3937 2990 3989; x_wconf 90' lang='lat' dir='ltr'>Cum</span> <span class='ocrx_word' id='word_1_551' title='bbox 3024 3947 3155 3986; x_wconf 88' lang='lat' dir='ltr'>vero</span> <span class='ocrx_word' id='word_1_552' title='bbox 3205 3929 3302 3984; x_wconf 91' lang='lat' dir='ltr'>ille</span> <span class='ocrx_word' id='word_1_553' title='bbox 3333 3927 3546 3984; x_wconf 88' lang='lat' dir='ltr'>fortissi</span> <span class='ocrx_word' id='word_1_554' title='bbox 3567 3959 3583 3970; x_wconf 87' lang='lat'><strong>-</strong></span> 
     </span>
    </p>
   </div>
   <div class='ocr_carea' id='block_1_73' title="bbox 172 4019 1836 4097">
    <p class='ocr_par' dir='ltr' id='par_1_73' title="bbox 172 4019 1827 4097">
     <span class='ocr_line' id='line_1_73' title="bbox 172 4019 1827 4097; baseline 0.005 -25"><span class='ocrx_word' id='word_1_555' title='bbox 172 4024 290 4080; x_wconf 88' lang='grc' dir='ltr'>τοῖς</span> <span class='ocrx_word' id='word_1_556' title='bbox 343 4019 556 4097; x_wconf 84' lang='grc' dir='ltr'>τείχεσι</span> <span class='ocrx_word' id='word_1_557' title='bbox 610 4023 1060 4094; x_wconf 75' lang='grc' dir='ltr'>προπετάσαντες,</span> <span class='ocrx_word' id='word_1_558' title='bbox 1109 4022 1183 4082; x_wconf 83' lang='grc' dir='ltr'>ὡς</span> <span class='ocrx_word' id='word_1_559' title='bbox 1232 4022 1680 4094; x_wconf 86' lang='grc' dir='ltr'>περιολισθαίνειν</span> <span class='ocrx_word' id='word_1_560' title='bbox 1739 4025 1827 4080; x_wconf 83' lang='grc' dir='ltr'>αὖ·</span> 
     </span>
    </p>
   </div>
   <div class='ocr_carea' id='block_1_74' title="bbox 1952 4019 3582 4097">
    <p class='ocr_par' dir='ltr' id='par_1_74' title="bbox 1952 4021 3582 4097">
     <span class='ocr_line' id='line_1_74' title="bbox 1952 4021 3582 4097; baseline -0.006 -15"><span class='ocrx_word' id='word_1_561' title='bbox 1952 4042 2104 4082; x_wconf 89' lang='lat' dir='ltr'>mum</span> <span class='ocrx_word' id='word_1_562' title='bbox 2137 4041 2424 4097; x_wconf 89' lang='lat' dir='ltr'>quemque</span> <span class='ocrx_word' id='word_1_563' title='bbox 2454 4040 2598 4095; x_wconf 93' lang='lat' dir='ltr'>equo</span> <span class='ocrx_word' id='word_1_564' title='bbox 2653 4023 3004 4080; x_wconf 88' lang='lat' dir='ltr'>descendere</span> <span class='ocrx_word' id='word_1_565' title='bbox 3053 4023 3288 4092; x_wconf 85' lang='lat' dir='ltr'>jussum</span> <span class='ocrx_word' id='word_1_566' title='bbox 3322 4024 3378 4075; x_wconf 88' lang='lat' dir='ltr'>et</span> <span class='ocrx_word' id='word_1_567' title='bbox 3435 4021 3582 4074; x_wconf 77' lang='lat' dir='ltr'>ferro</span> 
     </span>
    </p>
   </div>
   <div class='ocr_carea' id='block_1_75' title="bbox 169 4097 1836 4190">
    <p class='ocr_par' dir='ltr' id='par_1_75' title="bbox 169 4097 1833 4190">
     <span class='ocr_line' id='line_1_75' title="bbox 169 4097 1833 4190; baseline 0.004 -28"><span class='ocrx_word' id='word_1_568' title='bbox 169 4114 291 4172; x_wconf 87' lang='grc' dir='ltr'>τοῖς</span> <span class='ocrx_word' id='word_1_569' title='bbox 317 4108 728 4184; x_wconf 85' lang='grc' dir='ltr'>κολπουμένοις</span> <span class='ocrx_word' id='word_1_570' title='bbox 788 4111 889 4165; x_wconf 79' lang='grc' dir='ltr'>’ὀσα</span> <span class='ocrx_word' id='word_1_571' title='bbox 943 4112 1000 4166; x_wconf 74' lang='grc' dir='ltr'>αἱ</span> <span class='ocrx_word' id='word_1_572' title='bbox 1056 4097 1300 4187; x_wconf 56' lang='grc' dir='ltr'>μὴχαναὶ</span> <span class='ocrx_word' id='word_1_573' title='bbox 1360 4109 1657 4190; x_wconf 78' lang='grc' dir='ltr'>διηφίεσαν.</span> <span class='ocrx_word' id='word_1_574' title='bbox 1689 4116 1833 4176; x_wconf 85' lang='grc' dir='ltr'>Ἕως</span> 
     </span>
    </p>
   </div>
   <div class='ocr_carea' id='block_1_76' title="bbox 1952 4097 3584 4190">
    <p class='ocr_par' dir='ltr' id='par_1_76' title="bbox 1952 4097 3584 4186">
     <span class='ocr_line' id='line_1_76' title="bbox 1952 4097 3584 4186; baseline -0.006 -16"><span class='ocrx_word' id='word_1_575' title='bbox 1952 4114 2204 4186; x_wconf 88' lang='lat' dir='ltr'>undique</span> <span class='ocrx_word' id='word_1_576' title='bbox 2235 4119 2449 4170; x_wconf 89' lang='lat' dir='ltr'>tectum</span> <span class='ocrx_word' id='word_1_577' title='bbox 2477 4115 2642 4184; x_wconf 77' lang='lat' dir='ltr'>juxta</span> <span class='ocrx_word' id='word_1_578' title='bbox 2671 4113 2986 4184; x_wconf 86' lang='lat' dir='ltr'>perfractas</span> <span class='ocrx_word' id='word_1_579' title='bbox 3017 4097 3169 4166; x_wconf 72' lang='lat' dir='ltr'>muri</span> <span class='ocrx_word' id='word_1_580' title='bbox 3226 4113 3418 4182; x_wconf 89' lang='lat' dir='ltr'>partes</span> <span class='ocrx_word' id='word_1_581' title='bbox 3471 4107 3584 4162; x_wconf 84' lang='lat' dir='ltr'>col-</span> 
     </span>
    </p>
   </div>
   <div class='ocr_carea' id='block_1_77' title="bbox 175 4195 1836 4274">
    <p class='ocr_par' dir='ltr' id='par_1_77' title="bbox 175 4195 1835 4272">
     <span class='ocr_line' id='line_1_77' title="bbox 175 4195 1835 4272; baseline 0.002 -23"><span class='ocrx_word' id='word_1_582' title='bbox 175 4196 273 4266; x_wconf 72' lang='grc' dir='ltr'>μὲν</span> <span class='ocrx_word' id='word_1_583' title='bbox 314 4196 407 4250; x_wconf 79' lang='grc' dir='ltr'>οὗν</span> <span class='ocrx_word' id='word_1_584' title='bbox 441 4195 655 4270; x_wconf 74' lang='grc' dir='ltr'>ἀνοχὴν</span> <span class='ocrx_word' id='word_1_585' title='bbox 684 4200 762 4268; x_wconf 78' lang='grc' dir='ltr'>τῷ</span> <span class='ocrx_word' id='word_1_586' title='bbox 823 4202 1096 4270; x_wconf 81' lang='grc' dir='ltr'>μαχισμῷ</span> <span class='ocrx_word' id='word_1_587' title='bbox 1153 4202 1410 4272; x_wconf 80' lang='grc' dir='ltr'>παρεῖχεν</span> <span class='ocrx_word' id='word_1_588' title='bbox 1467 4199 1494 4253; x_wconf 86' lang='grc' dir='ltr'>ὁ</span> <span class='ocrx_word' id='word_1_589' title='bbox 1555 4200 1835 4270; x_wconf 78' lang='grc' dir='ltr'>Ἰωάννης,</span> 
     </span>
    </p>
   </div>
   <div class='ocr_carea' id='block_1_78' title="bbox 1952 4195 3577 4274">
    <p class='ocr_par' dir='ltr' id='par_1_78' title="bbox 1952 4198 3577 4274">
     <span class='ocr_line' id='line_1_78' title="bbox 1952 4198 3577 4274; baseline -0.005 -16"><span class='ocrx_word' id='word_1_590' title='bbox 1952 4203 2290 4270; x_wconf 82' lang='lat' dir='ltr'>locabat,aut</span> <span class='ocrx_word' id='word_1_591' title='bbox 2321 4203 2504 4258; x_wconf 87' lang='lat' dir='ltr'>scalas</span> <span class='ocrx_word' id='word_1_592' title='bbox 2534 4201 2778 4274; x_wconf 87' lang='lat' dir='ltr'>parabat</span> <span class='ocrx_word' id='word_1_593' title='bbox 2807 4205 2863 4256; x_wconf 92' lang='lat' dir='ltr'>et</span> <span class='ocrx_word' id='word_1_594' title='bbox 2911 4199 3202 4272; x_wconf 88' lang='lat' dir='ltr'>reliquum</span> <span class='ocrx_word' id='word_1_595' title='bbox 3261 4198 3577 4252; x_wconf 79' lang='lat' dir='ltr'>exercitum</span> 
     </span>
    </p>
   </div>
   <div class='ocr_carea' id='block_1_79' title="bbox 172 4282 1836 4365">
    <p class='ocr_par' dir='ltr' id='par_1_79' title="bbox 172 4282 1836 4361">
     <span class='ocr_line' id='line_1_79' title="bbox 172 4282 1836 4361; baseline 0.003 -22"><span class='ocrx_word' id='word_1_596' title='bbox 172 4285 263 4339; x_wconf 85' lang='grc' dir='ltr'>καὶ</span> <span class='ocrx_word' id='word_1_597' title='bbox 318 4282 470 4339; x_wconf 78' lang='grc' dir='ltr'>οὗτοι</span> <span class='ocrx_word' id='word_1_598' title='bbox 530 4287 813 4359; x_wconf 76' lang='grc' dir='ltr'>σχήμασιν</span> <span class='ocrx_word' id='word_1_599' title='bbox 855 4286 1141 4359; x_wconf 79' lang='grc' dir='ltr'>ἱλασίμοις</span> <span class='ocrx_word' id='word_1_600' title='bbox 1199 4287 1288 4342; x_wconf 82' lang='grc' dir='ltr'>καὶ</span> <span class='ocrx_word' id='word_1_601' title='bbox 1346 4287 1583 4361; x_wconf 76' lang='grc' dir='ltr'>ῥήμασιν</span> <span class='ocrx_word' id='word_1_602' title='bbox 1644 4287 1836 4344; x_wconf 87' lang='grc' dir='ltr'>έναισί-</span> 
     </span>
    </p>
   </div>
   <div class='ocr_carea' id='block_1_80' title="bbox 1952 4282 3577 4365">
    <p class='ocr_par' dir='ltr' id='par_1_80' title="bbox 1952 4286 3577 4365">
     <span class='ocr_line' id='line_1_80' title="bbox 1952 4286 3577 4365; baseline -0.005 -17"><span class='ocrx_word' id='word_1_603' title='bbox 1952 4292 2157 4365; x_wconf 86' lang='lat' dir='ltr'>passim</span> <span class='ocrx_word' id='word_1_604' title='bbox 2189 4291 2554 4360; x_wconf 83' lang='lat' dir='ltr'>extendebat,</span> <span class='ocrx_word' id='word_1_605' title='bbox 2585 4295 2708 4346; x_wconf 87' lang='lat' dir='ltr'>tum</span> <span class='ocrx_word' id='word_1_606' title='bbox 2741 4295 2798 4346; x_wconf 90' lang='lat' dir='ltr'>et</span> <span class='ocrx_word' id='word_1_607' title='bbox 2827 4291 2935 4362; x_wconf 89' lang='lat' dir='ltr'>ipsi</span> <span class='ocrx_word' id='word_1_608' title='bbox 2968 4289 3196 4358; x_wconf 83' lang='lat' dir='ltr'>abjocta</span> <span class='ocrx_word' id='word_1_609' title='bbox 3248 4286 3577 4359; x_wconf 87' lang='lat' dir='ltr'>supplicum</span> 
     </span>
    </p>
   </div>
   <div class='ocr_carea' id='block_1_81' title="bbox 177 4370 1836 4453">
    <p class='ocr_par' dir='ltr' id='par_1_81' title="bbox 177 4370 1831 4453">
     <span class='ocr_line' id='line_1_81' title="bbox 177 4370 1831 4453; baseline 0.003 -26"><span class='ocrx_word' id='word_1_610' title='bbox 177 4394 302 4446; x_wconf 81' lang='grc' dir='ltr'>μοις</span> <span class='ocrx_word' id='word_1_611' title='bbox 360 4371 698 4429; x_wconf 80' lang='grc' dir='ltr'>έπλάττοντο</span> <span class='ocrx_word' id='word_1_612' title='bbox 755 4374 848 4429; x_wconf 87' lang='grc' dir='ltr'>τὸν</span> <span class='ocrx_word' id='word_1_613' title='bbox 913 4370 1274 4430; x_wconf 77' lang='grc' dir='ltr'>ὑποϐαίνοντα</span> <span class='ocrx_word' id='word_1_614' title='bbox 1347 4375 1437 4432; x_wconf 88' lang='grc' dir='ltr'>καὶ</span> <span class='ocrx_word' id='word_1_615' title='bbox 1521 4376 1831 4453; x_wconf 70' lang='grc' dir='ltr'>ἐτέχναζον⁸</span> 
     </span>
    </p>
   </div>
   <div class='ocr_carea' id='block_1_82' title="bbox 1952 4370 3579 4453">
    <p class='ocr_par' dir='ltr' id='par_1_82' title="bbox 1952 4377 3579 4451">
     <span class='ocr_line' id='line_1_82' title="bbox 1952 4377 3579 4451; baseline -0.004 -15"><span class='ocrx_word' id='word_1_616' title='bbox 1952 4397 2206 4451; x_wconf 67' lang='lat' dir='ltr'>persona,</span> <span class='ocrx_word' id='word_1_617' title='bbox 2239 4384 2434 4450; x_wconf 85' lang='lat' dir='ltr'>aperto</span> <span class='ocrx_word' id='word_1_618' title='bbox 2457 4379 2662 4448; x_wconf 90' lang='lat' dir='ltr'>Marte,</span> <span class='ocrx_word' id='word_1_619' title='bbox 2697 4386 2758 4434; x_wconf 93' lang='lat' dir='ltr'>ut</span> <span class='ocrx_word' id='word_1_620' title='bbox 2788 4395 2880 4434; x_wconf 91' lang='lat' dir='ltr'>res</span> <span class='ocrx_word' id='word_1_621' title='bbox 2920 4377 3158 4446; x_wconf 87' lang='lat' dir='ltr'>ferebat,</span> <span class='ocrx_word' id='word_1_622' title='bbox 3221 4393 3283 4430; x_wconf 89' lang='lat' dir='ltr'>se</span> <span class='ocrx_word' id='word_1_623' title='bbox 3312 4377 3579 4430; x_wconf 78' lang='lat' dir='ltr'>defende-</span> 
     </span>
    </p>
   </div>
   <div class='ocr_carea' id='block_1_83' title="bbox 170 4458 1836 4542">
    <p class='ocr_par' dir='ltr' id='par_1_83' title="bbox 170 4458 1832 4542">
     <span class='ocr_line' id='line_1_83' title="bbox 170 4458 1832 4542; baseline 0.005 -26"><span class='ocrx_word' id='word_1_624' title='bbox 170 4462 332 4533; x_wconf 76' lang='grc' dir='ltr'>ἡνίκα</span> <span class='ocrx_word' id='word_1_625' title='bbox 356 4460 402 4517; x_wconf 84' lang='grc' dir='ltr'>δ’</span> <span class='ocrx_word' id='word_1_626' title='bbox 433 4461 634 4525; x_wconf 78' lang='grc' dir='ltr'>ἐκεῖνος</span> <span class='ocrx_word' id='word_1_627' title='bbox 694 4458 1048 4533; x_wconf 72' lang='grc' dir='ltr'>ἀποϐιϐάζων</span> <span class='ocrx_word' id='word_1_628' title='bbox 1099 4468 1207 4519; x_wconf 81' lang='grc' dir='ltr'>τῶν</span> <span class='ocrx_word' id='word_1_629' title='bbox 1264 4464 1448 4520; x_wconf 81' lang='grc' dir='ltr'>ἳππων</span> <span class='ocrx_word' id='word_1_630' title='bbox 1501 4467 1563 4521; x_wconf 90' lang='grc' dir='ltr'>τὸ</span> <span class='ocrx_word' id='word_1_631' title='bbox 1593 4473 1832 4542; x_wconf 87' lang='grc' dir='ltr'>γενναῖον</span> 
     </span>
    </p>
   </div>
   <div class='ocr_carea' id='block_1_84' title="bbox 1952 4458 3576 4542">
    <p class='ocr_par' dir='ltr' id='par_1_84' title="bbox 1952 4464 3576 4539">
     <span class='ocr_line' id='line_1_84' title="bbox 1952 4464 3576 4539; baseline -0.004 -14"><span class='ocrx_word' id='word_1_632' title='bbox 1952 4468 2356 4539; x_wconf 73' lang='lat' dir='ltr'>3ant,salutem</span> <span class='ocrx_word' id='word_1_633' title='bbox 2386 4485 2555 4525; x_wconf 85' lang='lat' dir='ltr'>suam</span> <span class='ocrx_word' id='word_1_634' title='bbox 2588 4469 2650 4524; x_wconf 92' lang='lat' dir='ltr'>in</span> <span class='ocrx_word' id='word_1_635' title='bbox 2670 4467 2961 4524; x_wconf 72' lang='lat' dir='ltr'>mmnibus</span> <span class='ocrx_word' id='word_1_636' title='bbox 2983 4482 3108 4522; x_wconf 86' lang='lat' dir='ltr'>esse</span> <span class='ocrx_word' id='word_1_637' title='bbox 3134 4465 3378 4536; x_wconf 84' lang='lat' dir='ltr'>positam</span> <span class='ocrx_word' id='word_1_638' title='bbox 3419 4464 3576 4518; x_wconf 81' lang='lat' dir='ltr'>haud</span> 
     </span>
    </p>
   </div>
   <div class='ocr_carea' id='block_1_85' title="bbox 168 4553 1836 4631">
    <p class='ocr_par' dir='ltr' id='par_1_85' title="bbox 168 4553 1830 4631">
     <span class='ocr_line' id='line_1_85' title="bbox 168 4553 1830 4631; baseline 0.002 -23"><span class='ocrx_word' id='word_1_639' title='bbox 168 4559 272 4621; x_wconf 78' lang='grc' dir='ltr'>τῆς</span> <span class='ocrx_word' id='word_1_640' title='bbox 366 4556 622 4626; x_wconf 84' lang='grc' dir='ltr'>στρατιᾶς</span> <span class='ocrx_word' id='word_1_641' title='bbox 687 4553 826 4608; x_wconf 71' lang='grc' dir='ltr'>κατὰ</span> <span class='ocrx_word' id='word_1_642' title='bbox 892 4553 957 4608; x_wconf 83' lang='grc' dir='ltr'>τὰ</span> <span class='ocrx_word' id='word_1_643' title='bbox 1031 4555 1427 4631; x_wconf 76' lang='grc' dir='ltr'>παρερρωγότα</span> <span class='ocrx_word' id='word_1_644' title='bbox 1511 4556 1646 4630; x_wconf 86' lang='grc' dir='ltr'>μέρη</span> <span class='ocrx_word' id='word_1_645' title='bbox 1732 4563 1830 4613; x_wconf 80' lang='grc' dir='ltr'>τοῦ</span> 
     </span>
    </p>
   </div>
   <div class='ocr_carea' id='block_1_86' title="bbox 1952 4553 3580 4631">
    <p class='ocr_par' dir='ltr' id='par_1_86' title="bbox 1955 4554 3580 4630">
     <span class='ocr_line' id='line_1_86' title="bbox 1955 4554 3580 4630; baseline -0.004 -16"><span class='ocrx_word' id='word_1_646' title='bbox 1955 4559 2142 4630; x_wconf 83' lang='lat' dir='ltr'>gnari,</span> <span class='ocrx_word' id='word_1_647' title='bbox 2173 4573 2277 4613; x_wconf 90' lang='lat' dir='ltr'>nec</span> <span class='ocrx_word' id='word_1_648' title='bbox 2309 4557 2632 4630; x_wconf 90' lang='lat' dir='ltr'>quidquam</span> <span class='ocrx_word' id='word_1_649' title='bbox 2667 4557 3010 4613; x_wconf 87' lang='lat' dir='ltr'>necessitate</span> <span class='ocrx_word' id='word_1_650' title='bbox 3064 4555 3377 4610; x_wconf 89' lang='lat' dir='ltr'>violentius</span> <span class='ocrx_word' id='word_1_651' title='bbox 3424 4554 3580 4624; x_wconf 88' lang='lat' dir='ltr'>judi-</span> 
     </span>
    </p>
   </div>
   <div class='ocr_carea' id='block_1_87' title="bbox 168 4640 1836 4722">
    <p class='ocr_par' dir='ltr' id='par_1_87' title="bbox 168 4640 1827 4722">
     <span class='ocr_line' id='line_1_87' title="bbox 168 4640 1827 4722; baseline 0.002 -23"><span class='ocrx_word' id='word_1_652' title='bbox 168 4642 400 4716; x_wconf 77' lang='grc' dir='ltr'>τείχους</span> <span class='ocrx_word' id='word_1_653' title='bbox 462 4647 624 4698; x_wconf 79' lang='grc' dir='ltr'>τοῦτο</span> <span class='ocrx_word' id='word_1_654' title='bbox 684 4640 924 4698; x_wconf 82' lang='grc' dir='ltr'>διέταττε</span> <span class='ocrx_word' id='word_1_655' title='bbox 979 4644 1356 4722; x_wconf 83' lang='grc' dir='ltr'>πεφραγμένον</span> <span class='ocrx_word' id='word_1_656' title='bbox 1440 4651 1556 4708; x_wconf 88' lang='grc' dir='ltr'>τοῖς</span> <span class='ocrx_word' id='word_1_657' title='bbox 1631 4645 1827 4710; x_wconf 74' lang='grc' dir='ltr'>ὅπλοις</span> 
     </span>
    </p>
   </div>
   <div class='ocr_carea' id='block_1_88' title="bbox 1952 4640 3574 4722">
    <p class='ocr_par' dir='ltr' id='par_1_88' title="bbox 1952 4643 3574 4718">
     <span class='ocr_line' id='line_1_88' title="bbox 1952 4643 3574 4718; baseline -0.003 -16"><span class='ocrx_word' id='word_1_658' title='bbox 1952 4652 2237 4705; x_wconf 81' lang='lat' dir='ltr'>:antes.Ac</span> <span class='ocrx_word' id='word_1_659' title='bbox 2269 4647 2668 4718; x_wconf 88' lang='lat' dir='ltr'>desperatione</span> <span class='ocrx_word' id='word_1_660' title='bbox 2699 4650 2756 4702; x_wconf 88' lang='lat' dir='ltr'>et</span> <span class='ocrx_word' id='word_1_661' title='bbox 2780 4645 3083 4702; x_wconf 88' lang='lat' dir='ltr'>iracundia</span> <span class='ocrx_word' id='word_1_662' title='bbox 3114 4645 3386 4716; x_wconf 89' lang='lat' dir='ltr'>ducibus,</span> <span class='ocrx_word' id='word_1_663' title='bbox 3417 4643 3574 4698; x_wconf 86' lang='lat' dir='ltr'>haud</span> 
     </span>
    </p>
   </div>
   <div class='ocr_carea' id='block_1_89' title="bbox 169 4729 1836 4813">
    <p class='ocr_par' dir='ltr' id='par_1_89' title="bbox 169 4729 1826 4813">
     <span class='ocr_line' id='line_1_89' title="bbox 169 4729 1826 4813; baseline 0.004 -26"><span class='ocrx_word' id='word_1_664' title='bbox 169 4733 457 4797; x_wconf 85' lang='grc' dir='ltr'>πάντοθεν,</span> <span class='ocrx_word' id='word_1_665' title='bbox 491 4730 530 4802; x_wconf 72' lang='grc' dir='ltr'><strong>ἤ</strong></span> <span class='ocrx_word' id='word_1_666' title='bbox 588 4732 678 4789; x_wconf 87' lang='grc' dir='ltr'>καὶ</span> <span class='ocrx_word' id='word_1_667' title='bbox 711 4734 848 4809; x_wconf 88' lang='grc' dir='ltr'>πρὸς</span> <span class='ocrx_word' id='word_1_668' title='bbox 879 4729 1270 4808; x_wconf 73' lang='grc' dir='ltr'>έπιϐατηρίους</span> <span class='ocrx_word' id='word_1_669' title='bbox 1319 4731 1516 4792; x_wconf 75' lang='grc' dir='ltr'>ἔϐλεπε</span> <span class='ocrx_word' id='word_1_670' title='bbox 1551 4738 1826 4813; x_wconf 78' lang='grc' dir='ltr'>μηχανὰς,</span> 
     </span>
    </p>
   </div>
   <div class='ocr_carea' id='block_1_90' title="bbox 1952 4729 3572 4813">
    <p class='ocr_par' dir='ltr' id='par_1_90' title="bbox 1952 4735 3572 4808">
     <span class='ocr_line' id='line_1_90' title="bbox 1952 4735 3572 4808; baseline -0.004 -15"><span class='ocrx_word' id='word_1_671' title='bbox 1952 4738 2236 4794; x_wconf 77' lang='lat' dir='ltr'>)auciores</span> <span class='ocrx_word' id='word_1_672' title='bbox 2266 4736 2460 4793; x_wconf 88' lang='lat' dir='ltr'>clades</span> <span class='ocrx_word' id='word_1_673' title='bbox 2491 4735 2819 4792; x_wconf 80' lang='lat' dir='ltr'>inferebant</span> <span class='ocrx_word' id='word_1_674' title='bbox 2842 4753 3018 4808; x_wconf 90' lang='lat' dir='ltr'>quam</span> <span class='ocrx_word' id='word_1_675' title='bbox 3047 4735 3432 4807; x_wconf 87' lang='lat' dir='ltr'>accipiebant,</span> <span class='ocrx_word' id='word_1_676' title='bbox 3462 4735 3572 4790; x_wconf 84' lang='lat' dir='ltr'>for-</span> 
     </span>
    </p>
   </div>
   <div class='ocr_carea' id='block_1_91' title="bbox 167 4820 1836 4902">
    <p class='ocr_par' dir='ltr' id='par_1_91' title="bbox 167 4820 1824 4902">
     <span class='ocr_line' id='line_1_91' title="bbox 167 4820 1824 4902; baseline 0.002 -24"><span class='ocrx_word' id='word_1_677' title='bbox 167 4824 352 4878; x_wconf 81' lang='grc' dir='ltr'>καὶτὸ</span> <span class='ocrx_word' id='word_1_678' title='bbox 406 4820 603 4878; x_wconf 86' lang='grc' dir='ltr'>λοιπὸν</span> <span class='ocrx_word' id='word_1_679' title='bbox 674 4822 1128 4898; x_wconf 75' lang='grc' dir='ltr'>ἀντιπαρεξέτεινε</span> <span class='ocrx_word' id='word_1_680' title='bbox 1185 4827 1491 4900; x_wconf 90' lang='grc' dir='ltr'>στράτευμα</span> <span class='ocrx_word' id='word_1_681' title='bbox 1546 4835 1824 4902; x_wconf 83' lang='grc' dir='ltr'>πανταχῆ,</span> 
     </span>
    </p>
   </div>
   <div class='ocr_carea' id='block_1_92' title="bbox 1952 4820 3577 4902">
    <p class='ocr_par' dir='ltr' id='par_1_92' title="bbox 1952 4827 3577 4900">
     <span class='ocr_line' id='line_1_92' title="bbox 1952 4827 3577 4900; baseline 0.001 -16"><span class='ocrx_word' id='word_1_682' title='bbox 1952 4829 2065 4885; x_wconf 90' lang='lat' dir='ltr'>iter</span> <span class='ocrx_word' id='word_1_683' title='bbox 2086 4834 2142 4886; x_wconf 90' lang='lat' dir='ltr'>et</span> <span class='ocrx_word' id='word_1_684' title='bbox 2171 4830 2446 4886; x_wconf 90' lang='lat' dir='ltr'>audacter</span> <span class='ocrx_word' id='word_1_685' title='bbox 2472 4827 2827 4885; x_wconf 91' lang='lat' dir='ltr'>dimicando.</span> <span class='ocrx_word' id='word_1_686' title='bbox 2862 4829 3151 4884; x_wconf 80' lang='lat' dir='ltr'>Barbarus</span> <span class='ocrx_word' id='word_1_687' title='bbox 3173 4827 3372 4900; x_wconf 84' lang='lat' dir='ltr'>igitur,</span> <span class='ocrx_word' id='word_1_688' title='bbox 3407 4830 3577 4900; x_wconf 86' lang='lat' dir='ltr'>longo</span> 
     </span>
    </p>
   </div>
   <div class='ocr_carea' id='block_1_93' title="bbox 165 4911 1836 4991">
    <p class='ocr_par' dir='ltr' id='par_1_93' title="bbox 165 4911 1825 4991">
     <span class='ocr_line' id='line_1_93' title="bbox 165 4911 1825 4991; baseline 0.003 -24"><span class='ocrx_word' id='word_1_689' title='bbox 165 4914 290 4967; x_wconf 89' lang='grc' dir='ltr'>τότε</span> <span class='ocrx_word' id='word_1_690' title='bbox 315 4911 408 4968; x_wconf 79' lang='grc' dir='ltr'>καὶ</span> <span class='ocrx_word' id='word_1_691' title='bbox 464 4911 617 4967; x_wconf 81' lang='grc' dir='ltr'>αὐτοὶ</span> <span class='ocrx_word' id='word_1_692' title='bbox 675 4913 740 4968; x_wconf 82' lang='grc' dir='ltr'>τὰ</span> <span class='ocrx_word' id='word_1_693' title='bbox 796 4917 905 4968; x_wconf 82' lang='grc' dir='ltr'>τῶν</span> <span class='ocrx_word' id='word_1_694' title='bbox 978 4913 1396 4970; x_wconf 83' lang='grc' dir='ltr'>ὑποπιπτόντων</span> <span class='ocrx_word' id='word_1_695' title='bbox 1454 4913 1825 4991; x_wconf 81' lang='grc' dir='ltr'>ἀποδυόμενοι</span> 
     </span>
    </p>
   </div>
   <div class='ocr_carea' id='block_1_94' title="bbox 1952 4911 3573 4991">
    <p class='ocr_par' dir='ltr' id='par_1_94' title="bbox 1955 4917 3573 4991">
     <span class='ocr_line' id='line_1_94' title="bbox 1955 4917 3573 4991; baseline 0 -17"><span class='ocrx_word' id='word_1_696' title='bbox 1955 4935 2192 4991; x_wconf 87' lang='lat' dir='ltr'>empore</span> <span class='ocrx_word' id='word_1_697' title='bbox 2221 4919 2281 4974; x_wconf 89' lang='lat' dir='ltr'>in</span> <span class='ocrx_word' id='word_1_698' title='bbox 2315 4918 2418 4974; x_wconf 89' lang='lat' dir='ltr'>hac</span> <span class='ocrx_word' id='word_1_699' title='bbox 2446 4917 2746 4973; x_wconf 87' lang='lat' dir='ltr'>obsidione</span> <span class='ocrx_word' id='word_1_700' title='bbox 2776 4918 3043 4983; x_wconf 85' lang='lat' dir='ltr'>contrito,</span> <span class='ocrx_word' id='word_1_701' title='bbox 3097 4917 3155 4972; x_wconf 90' lang='lat' dir='ltr'>in</span> <span class='ocrx_word' id='word_1_702' title='bbox 3215 4919 3452 4990; x_wconf 82' lang='lat' dir='ltr'>Mysiam</span> <span class='ocrx_word' id='word_1_703' title='bbox 3485 4935 3573 4974; x_wconf 82' lang='lat' dir='ltr'>re-</span> 
     </span>
    </p>
   </div>
   <div class='ocr_carea' id='block_1_95' title="bbox 165 5003 1836 5086">
    <p class='ocr_par' dir='ltr' id='par_1_95' title="bbox 165 5003 1822 5086">
     <span class='ocr_line' id='line_1_95' title="bbox 165 5003 1822 5086; baseline 0.004 -29"><span class='ocrx_word' id='word_1_704' title='bbox 165 5007 493 5075; x_wconf 83' lang='grc' dir='ltr'>προσωπεῖα</span> <span class='ocrx_word' id='word_1_705' title='bbox 532 5003 624 5056; x_wconf 83' lang='grc' dir='ltr'>καὶ</span> <span class='ocrx_word' id='word_1_706' title='bbox 678 5003 766 5057; x_wconf 86' lang='grc' dir='ltr'>τὸν</span> <span class='ocrx_word' id='word_1_707' title='bbox 830 5003 1082 5079; x_wconf 86' lang='grc' dir='ltr'>λαμπρὸν</span> <span class='ocrx_word' id='word_1_708' title='bbox 1138 5003 1408 5077; x_wconf 75' lang='grc' dir='ltr'>πολέμιον</span> <span class='ocrx_word' id='word_1_709' title='bbox 1464 5027 1822 5086; x_wconf 84' lang='grc' dir='ltr'>παραφαινον·</span> 
     </span>
    </p>
   </div>
   <div class='ocr_carea' id='block_1_96' title="bbox 1952 5003 3576 5086">
    <p class='ocr_par' dir='ltr' id='par_1_96' title="bbox 1952 5005 3576 5078">
     <span class='ocr_line' id='line_1_96' title="bbox 1952 5005 3576 5078; baseline -0.002 -14"><span class='ocrx_word' id='word_1_710' title='bbox 1952 5008 2169 5064; x_wconf 73' lang='lat' dir='ltr'>&#39;ertitur</span> <span class='ocrx_word' id='word_1_711' title='bbox 2197 5007 2363 5063; x_wconf 91' lang='lat' dir='ltr'>irrito</span> <span class='ocrx_word' id='word_1_712' title='bbox 2395 5014 2629 5078; x_wconf 87' lang='lat' dir='ltr'>conatu,</span> <span class='ocrx_word' id='word_1_713' title='bbox 2654 5011 2720 5062; x_wconf 94' lang='lat' dir='ltr'>ut</span> <span class='ocrx_word' id='word_1_714' title='bbox 2750 5005 2902 5078; x_wconf 88' lang='lat' dir='ltr'>ignis</span> <span class='ocrx_word' id='word_1_715' title='bbox 2933 5006 3082 5062; x_wconf 77' lang='lat'><strong>837</strong></span> <span class='ocrx_word' id='word_1_716' title='bbox 3118 5007 3421 5063; x_wconf 86' lang='lat' dir='ltr'>deﬁciente</span> <span class='ocrx_word' id='word_1_717' title='bbox 3454 5024 3576 5061; x_wconf 81' lang='lat' dir='ltr'>ma-</span> 
     </span>
    </p>
   </div>
   <div class='ocr_carea' id='block_1_97' title="bbox 1555 5135 2191 5198">
    <p class='ocr_par' dir='ltr' id='par_1_97' title="bbox 1555 5135 2191 5198">
     <span class='ocr_line' id='line_1_97' title="bbox 1555 5135 2191 5198; baseline -0.003 -2"><span class='ocrx_word' id='word_1_718' title='bbox 1555 5136 1721 5198; x_wconf 84' lang='lat' dir='ltr'>Hier.</span> <span class='ocrx_word' id='word_1_719' title='bbox 1755 5135 1967 5197; x_wconf 84' lang='lat' dir='ltr'>Wolﬁi</span> <span class='ocrx_word' id='word_1_720' title='bbox 2001 5140 2191 5196; x_wconf 65' lang='lat' dir='ltr'>notas.</span> 
     </span>
    </p>
   </div>
   <div class='ocr_carea' id='block_1_98' title="bbox 236 5261 1828 5344">
    <p class='ocr_par' dir='ltr' id='par_1_98' title="bbox 236 5261 1828 5344">
     <span class='ocr_line' id='line_1_98' title="bbox 236 5261 1828 5344; baseline 0.001 -22"><span class='ocrx_word' id='word_1_721' title='bbox 236 5269 358 5344; x_wconf 85' lang='lat'>(75)</span> <span class='ocrx_word' id='word_1_722' title='bbox 408 5262 552 5334; x_wconf 76' lang='grc' dir='ltr'>Μτ,δ’</span> <span class='ocrx_word' id='word_1_723' title='bbox 608 5261 796 5344; x_wconf 67' lang='grc' dir='ltr'>ἄλλως</span> <span class='ocrx_word' id='word_1_724' title='bbox 864 5263 994 5344; x_wconf 43' lang='grc' dir='ltr'>ἀπὸμ</span> <span class='ocrx_word' id='word_1_725' title='bbox 1031 5266 1272 5344; x_wconf 63' lang='grc' dir='ltr'>Λατίνων</span> <span class='ocrx_word' id='word_1_726' title='bbox 1328 5265 1481 5322; x_wconf 76' lang='grc' dir='ltr'>οὗσαί</span> <span class='ocrx_word' id='word_1_727' title='bbox 1538 5268 1828 5344; x_wconf 21' lang='grc' dir='ltr'>ἀνεπισκᾼό-</span> 
     </span>
    </p>
   </div>
   <div class='ocr_carea' id='block_1_99' title="bbox 160 5336 1824 5412">
    <p class='ocr_par' dir='ltr' id='par_1_99' title="bbox 160 5336 1824 5412">
     <span class='ocr_line' id='line_1_99' title="bbox 160 5336 1824 5412; baseline 0 -16"><span class='ocrx_word' id='word_1_728' title='bbox 160 5336 364 5412; x_wconf 63' lang='grc' dir='ltr'>πηῖτοι.</span> <span class='ocrx_word' id='word_1_729' title='bbox 397 5337 658 5412; x_wconf 87' lang='lat' dir='ltr'>Converti</span> <span class='ocrx_word' id='word_1_730' title='bbox 701 5336 1075 5400; x_wconf 75' lang='grc' dir='ltr'>ὑποθετικῶςε</span> <span class='ocrx_word' id='word_1_731' title='bbox 1128 5340 1198 5394; x_wconf 78' lang='lat' dir='ltr'>Ni</span> <span class='ocrx_word' id='word_1_732' title='bbox 1255 5348 1368 5395; x_wconf 78' lang='lat' dir='ltr'>tam</span> <span class='ocrx_word' id='word_1_733' title='bbox 1413 5343 1644 5396; x_wconf 76' lang='lat' dir='ltr'>munitae</span> <span class='ocrx_word' id='word_1_734' title='bbox 1681 5341 1824 5410; x_wconf 74' lang='lat' dir='ltr'>fuis-</span> 
     </span>
    </p>
   </div>
   <div class='ocr_carea' id='block_1_100' title="bbox 155 5411 1824 5481">
    <p class='ocr_par' dir='ltr' id='par_1_100' title="bbox 155 5411 1824 5481">
     <span class='ocr_line' id='line_1_100' title="bbox 155 5411 1824 5481; baseline -0.002 -9"><span class='ocrx_word' id='word_1_735' title='bbox 155 5411 305 5480; x_wconf 73' lang='lat' dir='ltr'>sent,</span> <span class='ocrx_word' id='word_1_736' title='bbox 338 5428 437 5468; x_wconf 79' lang='lat' dir='ltr'>nec</span> <span class='ocrx_word' id='word_1_737' title='bbox 471 5411 797 5481; x_wconf 56' lang='lat' dir='ltr'>Latinorum</span> <span class='ocrx_word' id='word_1_738' title='bbox 819 5412 1197 5481; x_wconf 67' lang='lat' dir='ltr'>rapacitatem</span> <span class='ocrx_word' id='word_1_739' title='bbox 1227 5412 1503 5481; x_wconf 70' lang='lat' dir='ltr'>vitaturus</span> <span class='ocrx_word' id='word_1_740' title='bbox 1541 5413 1731 5481; x_wconf 73' lang='lat' dir='ltr'>fuisse.</span> <span class='ocrx_word' id='word_1_741' title='bbox 1765 5414 1824 5468; x_wconf 90' lang='lat' dir='ltr'>Si</span> 
     </span>
    </p>
   </div>
   <div class='ocr_carea' id='block_1_101' title="bbox 157 5475 1828 5556">
    <p class='ocr_par' dir='ltr' id='par_1_101' title="bbox 157 5475 1828 5556">
     <span class='ocr_line' id='line_1_101' title="bbox 157 5475 1828 5556; baseline 0 -17"><span class='ocrx_word' id='word_1_742' title='bbox 157 5487 257 5543; x_wconf 85' lang='lat' dir='ltr'>cui</span> <span class='ocrx_word' id='word_1_743' title='bbox 289 5475 512 5556; x_wconf 58' lang='lat' dir='ltr'>veruto</span> <span class='ocrx_word' id='word_1_744' title='bbox 547 5475 681 5556; x_wconf 39' lang='grc' dir='ltr'>μηδέ</span> <span class='ocrx_word' id='word_1_745' title='bbox 709 5475 903 5540; x_wconf 73' lang='grc' dir='ltr'>ἄλλως</span> <span class='ocrx_word' id='word_1_746' title='bbox 923 5497 1024 5552; x_wconf 90' lang='lat' dir='ltr'>pro</span> <span class='ocrx_word' id='word_1_747' title='bbox 1054 5476 1257 5556; x_wconf 78' lang='grc' dir='ltr'>ἄλλοσε</span> <span class='ocrx_word' id='word_1_748' title='bbox 1317 5479 1447 5555; x_wconf 81' lang='grc' dir='ltr'>μηδ’</span> <span class='ocrx_word' id='word_1_749' title='bbox 1503 5475 1828 5556; x_wconf 76' lang='lat' dir='ltr'>intelligere</span> 
     </span>
    </p>
   </div>
   <div class='ocr_carea' id='block_1_102' title="bbox 158 5552 1825 5624">
    <p class='ocr_par' dir='ltr' id='par_1_102' title="bbox 158 5552 1825 5624">
     <span class='ocr_line' id='line_1_102' title="bbox 158 5552 1825 5624; baseline 0 -12"><span class='ocrx_word' id='word_1_750' title='bbox 158 5556 356 5619; x_wconf 71' lang='lat' dir='ltr'>magis</span> <span class='ocrx_word' id='word_1_751' title='bbox 388 5553 598 5620; x_wconf 87' lang='lat' dir='ltr'>placet,</span> <span class='ocrx_word' id='word_1_752' title='bbox 635 5552 720 5607; x_wconf 89' lang='lat' dir='ltr'>sic</span> <span class='ocrx_word' id='word_1_753' title='bbox 751 5557 932 5607; x_wconf 88' lang='lat' dir='ltr'>vertat</span> <span class='ocrx_word' id='word_1_754' title='bbox 963 5552 1469 5624; x_wconf 48' lang='lat' dir='ltr'>:prwsertim&#39;cum</span> <span class='ocrx_word' id='word_1_755' title='bbox 1502 5571 1612 5624; x_wconf 10' lang='lat' dir='ltr'>inec</span> <span class='ocrx_word' id='word_1_756' title='bbox 1651 5552 1825 5612; x_wconf 74' lang='grc' dir='ltr'>αἰα-</span> 
     </span>
    </p>
   </div>
   <div class='ocr_carea' id='block_1_103' title="bbox 160 5620 1828 5699">
    <p class='ocr_par' dir='ltr' id='par_1_103' title="bbox 160 5620 1828 5699">
     <span class='ocr_line' id='line_1_103' title="bbox 160 5620 1828 5699; baseline -0.001 -15"><span class='ocrx_word' id='word_1_757' title='bbox 160 5629 310 5699; x_wconf 64' lang='lat' dir='ltr'>lini;</span> <span class='ocrx_word' id='word_1_758' title='bbox 339 5625 776 5699; x_wconf 31' lang='lat' dir='ltr'>negligerentu‘r.</span> <span class='ocrx_word' id='word_1_759' title='bbox 797 5620 1010 5699; x_wconf 59' lang='lat' dir='ltr'>Dubito</span> <span class='ocrx_word' id='word_1_760' title='bbox 1034 5641 1102 5680; x_wconf 88' lang='lat' dir='ltr'>an</span> <span class='ocrx_word' id='word_1_761' title='bbox 1133 5620 1611 5699; x_wconf 30' lang='lat' dir='ltr'>pronuslé’llmc</span> <span class='ocrx_word' id='word_1_762' title='bbox 1633 5629 1828 5699; x_wconf 83' lang='lat' dir='ltr'>potius</span> 
     </span>
    </p>
   </div>
   <div class='ocr_carea' id='block_1_104' title="bbox 155 5691 1826 5770">
    <p class='ocr_par' dir='ltr' id='par_1_104' title="bbox 155 5691 1826 5770">
     <span class='ocr_line' id='line_1_104' title="bbox 155 5691 1826 5770; baseline -0.004 -10"><span class='ocrx_word' id='word_1_763' title='bbox 155 5703 241 5762; x_wconf 85' lang='lat' dir='ltr'>sit</span> <span class='ocrx_word' id='word_1_764' title='bbox 271 5691 582 5769; x_wconf 70' lang='lat' dir='ltr'>legendum</span> <span class='ocrx_word' id='word_1_765' title='bbox 633 5691 762 5768; x_wconf 76' lang='grc' dir='ltr'>μηδ’</span> <span class='ocrx_word' id='word_1_766' title='bbox 822 5692 992 5758; x_wconf 70' lang='grc' dir='ltr'>ὅλωςο</span> <span class='ocrx_word' id='word_1_767' title='bbox 1057 5691 1192 5754; x_wconf 79' lang='lat' dir='ltr'>nam</span> <span class='ocrx_word' id='word_1_768' title='bbox 1241 5691 1454 5755; x_wconf 81' lang='lat' dir='ltr'>herclis</span> <span class='ocrx_word' id='word_1_769' title='bbox 1485 5691 1684 5770; x_wconf 75' lang='lat' dir='ltr'>codei,</span> <span class='ocrx_word' id='word_1_770' title='bbox 1718 5699 1826 5757; x_wconf 86' lang='lat' dir='ltr'>etsi</span> 
     </span>
    </p>
   </div>
   <div class='ocr_carea' id='block_1_105' title="bbox 1942 5268 3579 5344">
    <p class='ocr_par' dir='ltr' id='par_1_105' title="bbox 1942 5268 3579 5344">
     <span class='ocr_line' id='line_1_105' title="bbox 1942 5268 3579 5344; baseline 0.003 -21"><span class='ocrx_word' id='word_1_771' title='bbox 1942 5268 2097 5344; x_wconf 62' lang='lat' dir='ltr'>sglus</span> <span class='ocrx_word' id='word_1_772' title='bbox 2126 5269 2368 5344; x_wconf 78' lang='lat' dir='ltr'>integer,</span> <span class='ocrx_word' id='word_1_773' title='bbox 2406 5268 3001 5344; x_wconf 38' lang='lat' dir='ltr'>tamAen‘negligenter</span> <span class='ocrx_word' id='word_1_774' title='bbox 3047 5272 3302 5344; x_wconf 80' lang='lat' dir='ltr'>scriptus</span> <span class='ocrx_word' id='word_1_775' title='bbox 3349 5279 3456 5344; x_wconf 79' lang='lat' dir='ltr'>est,</span> <span class='ocrx_word' id='word_1_776' title='bbox 3489 5275 3579 5336; x_wconf 70' lang='grc' dir='ltr'>Ὠς</span> 
     </span>
    </p>
   </div>
   <div class='ocr_carea' id='block_1_106' title="bbox 1939 5333 3577 5420">
    <p class='ocr_par' dir='ltr' id='par_1_106' title="bbox 1939 5333 3577 5420">
     <span class='ocr_line' id='line_1_106' title="bbox 1939 5333 3577 5420; baseline 0.005 -27"><span class='ocrx_word' id='word_1_777' title='bbox 1939 5333 2833 5420; x_wconf 37' lang='grc' dir='ltr'>Ἐμμανουήλουλὀμϐαιξενίδοῖ</span> <span class='ocrx_word' id='word_1_778' title='bbox 2867 5344 2973 5420; x_wconf 53' lang='grc' dir='ltr'>τοῦ</span> <span class='ocrx_word' id='word_1_779' title='bbox 3057 5342 3135 5420; x_wconf 32' lang='grc' dir='ltr'>ἐκ-</span> <span class='ocrx_word' id='word_1_780' title='bbox 3166 5333 3577 5420; x_wconf 67' lang='grc' dir='ltr'>⁸Μονεμϐοίσίας</span> 
     </span>
    </p>
   </div>
   <div class='ocr_carea' id='block_1_107' title="bbox 1939 5406 3220 5488">
    <p class='ocr_par' dir='ltr' id='par_1_107' title="bbox 1939 5406 3220 5488">
     <span class='ocr_line' id='line_1_107' title="bbox 1939 5406 3220 5488; baseline 0.003 -23"><span class='ocrx_word' id='word_1_781' title='bbox 1939 5406 2199 5488; x_wconf 32' lang='grc' dir='ltr'>μετᾷιᾹτὴν</span> <span class='ocrx_word' id='word_1_782' title='bbox 2232 5406 2528 5488; x_wconf 80' lang='grc' dir='ltr'>παράδοσιν</span> <span class='ocrx_word' id='word_1_783' title='bbox 2559 5416 2658 5488; x_wconf 81' lang='grc' dir='ltr'>τῆς</span> <span class='ocrx_word' id='word_1_784' title='bbox 2705 5413 2896 5467; x_wconf 73' lang='grc' dir='ltr'>ἑαυτοῦ</span> <span class='ocrx_word' id='word_1_785' title='bbox 2944 5411 3220 5488; x_wconf 85' lang='grc' dir='ltr'>πατρίδος.</span> 
     </span>
    </p>
   </div>
   <div class='ocr_carea' id='block_1_108' title="bbox 2009 5483 3574 5560">
    <p class='ocr_par' dir='ltr' id='par_1_108' title="bbox 2009 5483 3574 5560">
     <span class='ocr_line' id='line_1_108' title="bbox 2009 5483 3574 5560; baseline 0.01 -23"><span class='ocrx_word' id='word_1_786' title='bbox 2009 5485 2120 5554; x_wconf 84' lang='grc'>(76)</span> <span class='ocrx_word' id='word_1_787' title='bbox 2161 5483 2412 5560; x_wconf 41' lang='grc' dir='ltr'>Θωρ-άκια</span> <span class='ocrx_word' id='word_1_788' title='bbox 2464 5485 2724 5560; x_wconf 61' lang='lat' dir='ltr'>tibicines</span> <span class='ocrx_word' id='word_1_789' title='bbox 2781 5487 2945 5560; x_wconf 83' lang='lat' dir='ltr'>verti,</span> <span class='ocrx_word' id='word_1_790' title='bbox 3004 5483 3114 5544; x_wconf 81' lang='lat' dir='ltr'>non</span> <span class='ocrx_word' id='word_1_791' title='bbox 3174 5493 3320 5560; x_wconf 87' lang='lat' dir='ltr'>quod</span> <span class='ocrx_word' id='word_1_792' title='bbox 3382 5511 3574 5552; x_wconf 85' lang='lat' dir='ltr'>verum</span> 
     </span>
    </p>
   </div>
   <div class='ocr_carea' id='block_1_109' title="bbox 1941 5556 3576 5639">
    <p class='ocr_par' dir='ltr' id='par_1_109' title="bbox 1941 5556 3576 5639">
     <span class='ocr_line' id='line_1_109' title="bbox 1941 5556 3576 5639; baseline 0.009 -30"><span class='ocrx_word' id='word_1_793' title='bbox 1941 5563 2158 5639; x_wconf 84' lang='lat' dir='ltr'>putem,</span> <span class='ocrx_word' id='word_1_794' title='bbox 2194 5557 2291 5639; x_wconf 76' lang='lat' dir='ltr'>sed</span> <span class='ocrx_word' id='word_1_795' title='bbox 2327 5556 2482 5639; x_wconf 77' lang='lat' dir='ltr'>quod</span> <span class='ocrx_word' id='word_1_796' title='bbox 2515 5556 2710 5611; x_wconf 72' lang='lat' dir='ltr'>solidaa</span> <span class='ocrx_word' id='word_1_797' title='bbox 2741 5559 3044 5639; x_wconf 69' lang='lat' dir='ltr'>columnae,</span> <span class='ocrx_word' id='word_1_798' title='bbox 3075 5567 3138 5617; x_wconf 90' lang='lat' dir='ltr'>ut</span> <span class='ocrx_word' id='word_1_799' title='bbox 3178 5556 3400 5637; x_wconf 84' lang='lat' dir='ltr'>Virgilii</span> <span class='ocrx_word' id='word_1_800' title='bbox 3443 5571 3576 5639; x_wconf 90' lang='lat' dir='ltr'>joco</span> 
     </span>
    </p>
   </div>
   <div class='ocr_carea' id='block_1_110' title="bbox 1941 5628 2786 5697">
    <p class='ocr_par' dir='ltr' id='par_1_110' title="bbox 1941 5628 2786 5697">
     <span class='ocr_line' id='line_1_110' title="bbox 1941 5628 2786 5697; baseline 0 -15"><span class='ocrx_word' id='word_1_801' title='bbox 1941 5634 2090 5697; x_wconf 86' lang='lat' dir='ltr'>utar,</span> <span class='ocrx_word' id='word_1_802' title='bbox 2124 5630 2380 5684; x_wconf 89' lang='lat' dir='ltr'>nondum</span> <span class='ocrx_word' id='word_1_803' title='bbox 2413 5628 2786 5685; x_wconf 80' lang='lat' dir='ltr'>advenerunt.</span> 
     </span>
    </p>
   </div>
  </div>
