4072 6218
197 373 229 432 1
241 370 362 433 025

1656 373 1848 435 UitBl
1901 372 2180 437 CAPTA.

3478 377 3636 441 1026

205 505 558 590 μεμενηκότα
586 507 953 582 παρέρχηται,
988 505 1064 570 ὣς
1099 503 1242 580 μηδὲ
1273 505 1461 581 φιλίας
1495 507 1866 581 ὑπομνήματα

1988 513 2276 569 vastitates
2303 513 2518 570 indicia
2548 513 2802 570 victoriae
2832 531 2864 569 a
2903 514 3171 572 Barbarie
3221 521 3357 574 sunt
3386 521 3633 588 reperta,

214 589 373 667 ὄντα,
404 592 532 650 ἀλλ’
560 591 753 668 ἔχθρα,
785 595 876 650 καὶ
906 597 1232 672 προχόσεως
1254 595 1498 670 αἱμάτων
1529 596 1878 673 ἐμπυρεόμα-

207 706 304 743 τα.
340 686 467 740 Novi
504 681 560 738 δὲ
588 685 807 739 πόλεων
839 688 1174 761 κατασκαφαὶ
1212 687 1436 741 καὶτοῦ
1486 688 1689 749 παντὸς
1739 688 1878 764 ἀφα.

203 776 381 836 νίσεις
414 771 678 849 δείγματα
704 781 804 844 τῆς
846 776 1003 846 νίκης
1040 776 1176 850 πρὸς
1223 781 1332 831 τῶν
1388 771 1680 851 Βαρϐάρων
1734 777 1878 848 ἐξεύ-

208 885 430 938 ρηνται,
462 865 545 924 οἷς
597 866 776 927 θεόθεν
836 865 912 928 εἷς
967 867 1304 942 μαστίγωσιν
1355 863 1713 939 ἐκδεδόμεθα.
1765 865 1882 923 Οὐκ

207 953 551 1028 ἀνεχόμενοι
586 951 643 1008 δὲ
676 954 719 1008 εί
759 956 833 1028 μὴ
886 955 976 1009 καὶ
1026 956 1121 1010 τὸν
1173 954 1469 1034 κολοφῶνα
1519 961 1625 1010 τῶν
1673 954 1884 1026 ἂτοπη-

213 1043 408 1114 μάτων
465 1046 935 1116 προσεπιθησουσι
985 1044 1076 1098 καὶ
1129 1044 1517 1118 προσεπάγωσι
1585 1044 1652 1099 τὰ
1699 1043 1880 1099 παλα-

214 1135 552 1208 μναιότατα,
583 1134 671 1187 καὶ
722 1153 783 1208 γε
825 1137 932 1186 τῶν
983 1134 1271 1206 Ῥωμαίων
1325 1134 1476 1194 τινας
1530 1133 1878 1210 συγκατέχω-

210 1248 314 1282 σαν
348 1231 550 1296 ζῶντας
582 1227 706 1283 τοῖς
738 1219 774 1290 ἤ
808 1225 1017 1299 φυσικῷ
1050 1222 1211 1294 μόρῳ
1242 1223 1277 1291 ἢ
1310 1223 1400 1276 καὶ
1434 1222 1587 1295 νόμῳ
1626 1222 1882 1296 πολεμίῳ

206 1317 307 1386 [Ρ.
372 1314 494 1384 li091
554 1310 956 1382 καταστρεψασι
1007 1309 1070 1362 τὸ
1124 1313 1218 1382 ζῇν
1271 1308 1584 1388 ὁμοφύλοις
1630 1309 1880 1390 ἐκείνοις,

208 1398 782 1476 συνεντυμϐεύσαντὲς
859 1420 1036 1476 σφισιν
1132 1400 1366 1476 ἱππάρια
1461 1397 1701 1474 δρομικὰ
1795 1403 1878 1463 οἷς

212 1494 557 1564 ἐπεκάθηντο
589 1490 676 1546 καὶ
706 1490 834 1562 τόξα
865 1489 1136 1564 κερουλκᾶ
1183 1490 1273 1545 καὶ
1323 1491 1554 1570 ἀμφήκη
1605 1494 1876 1573 φάσγανα,

214 1584 302 1656 μή
349 1582 504 1642 ὄντος
564 1577 936 1652 λυτρουμένου
988 1574 1130 1651 μηδὲ
1183 1579 1470 1646 σώζοντος.
1523 1579 1677 1634 Οὑτω
1733 1581 1880 1653 παρὰ

213 1667 523 1745 βαρϐάροις
557 1668 618 1722 οὐ
651 1665 821 1745 φειδώ
866 1687 950 1728 τις
998 1667 1089 1720 καὶ
1144 1665 1382 1736 συστολή
1436 1671 1542 1722 τῶν
1593 1666 1874 1740 ἄνομόίων

209 1767 288 1835 τῇ
327 1759 479 1839 Ῡῦσεί
512 1757 778 1832 πράξεων.
832 1758 1006 1814 Ἦσαν
1058 1754 1103 1810 δ’
1153 1759 1356 1830 ἡμέραι
1396 1757 1726 1832 πασχάλιοι,
1775 1764 1876 1826 τῆς

211 1849 415 1918 ἐνάτης
455 1844 852 1916 διιππευοόσης
912 1844 1310 1918 ἐπινεμήσεως,
1354 1851 1451 1900 τοῦ
1502 1845 1870 1920 ὲξακισχιλιο-

215 1942 357 1992 στοῦ
385 1935 646 2010 τετάρτου
698 1935 788 1988 καὶ
837 1931 1062 1988 δεκάτου
1121 1927 1294 1997 ἔτους,
1349 1933 1510 2003 ἡνίκα
1565 1935 1630 1988 τὰ
1687 1934 1876 2008 οἰκτρὰ

209 2032 389 2084 ταῦτα
419 2027 508 2080 καὶ
547 2030 716 2079 πᾶσαν
750 2023 921 2093 ἀκοήν
974 2023 1064 2078 καὶ
1115 2025 1234 2078 θὲαν
1283 2021 1460 2092 δεινὴν
1516 2023 1878 2098 ὑπερπαίοντα

211 2113 646 2191 συνηνέχθησαν.
732 2113 976 2167 Παιάνων
1053 2113 1235 2167 τοίνυν
1310 2113 1402 2166 καὶ
1480 2115 1874 2187 στεναγμάτων

212 2207 434 2278 ξύμπας
469 2201 834 2276 ἐπεπλήρωνο
869 2205 1053 2276 χῶρος
1109 2201 1165 2256 ὅν
1217 2200 1425 2272 ἐπῆλθε
1474 2203 1534 2256 τὸ
1587 2202 1873 2273 Σκυθικὸν,

207 2295 308 2349 καὶ
340 2298 538 2366 θρῆνος
587 2292 677 2346 καὶ
727 2291 847 2346 οὐαὶ
898 2291 988 2345 καὶ
1047 2289 1328 2363 κλαυθμὸς
1372 2293 1467 2346 τὸν
1515 2292 1659 2366 ἦχον
1713 2293 1874 2367 ὑπερ-

215 2385 418 2461 εερώνει
447 2383 538 2438 τὸν
585 2383 936 2456 ἑορτάσιμον.
988 2380 1085 2434 Καὶ
1137 2379 1225 2434 ὅτε
1279 2380 1462 2458 τάφων
1513 2379 1736 2442 κένωσις
1785 2381 1875 2436 καὶ

213 2469 356 2542 ᾅδου
386 2470 696 2542 καθαίρεσις
725 2468 915 2523 καὶτὰ
963 2466 1022 2523 ἐκ
1070 2467 1304 2523 νεκάδων
1361 2470 1711 2543 ἀνεγερτῆρια
1758 2476 1874 2530 τοῖς

209 2556 533 2616 εὐσεϐοῦσιν
575 2556 764 2634 ᾔδετο,
816 2559 942 2612 τότε
1001 2557 1078 2612 εἷς
1139 2560 1458 2632 κευθμῶνας
1511 2565 1613 2632 γῆς
1665 2558 1754 2612 καὶ
1810 2559 1877 2613 τὰ

211 2655 319 2704 τοῦ
395 2647 526 2719 ’ᾅδου
604 2649 804 2725 ζοφερὰ
877 2648 966 2701 καὶ
1042 2641 1247 2725 φοϐερὰ
1336 2647 1667 2719 σκηνώματα
1741 2649 1877 2702 κατὰ

210 2735 479 2800 συνόδους
554 2737 609 2791 αἱ
683 2735 875 2797 πόλεις
948 2735 1216 2792 καθίεντο.
1291 2737 1399 2797 Τὰς
1451 2733 1497 2790 δ’
1557 2737 1872 2812 ἀπαγωγὰς,

213 2829 321 2889 τὰς
372 2825 429 2883 δὲ
476 2826 780 2902 προνομὰς,
824 2827 926 2894 τήν
983 2822 1027 2879 δ’
1069 2822 1540 2900 ἐναπεῤῥιμμένην
1599 2831 1720 2882 ταῖς
1763 2847 1875 2900 τρι-

210 2916 370 2978 όδοις
447 2917 624 2989 ἄωρον
701 2911 922 2983 ἠλικίαν
999 2913 1089 2968 καὶ
1147 2913 1277 2975 τοὺς
1337 2911 1714 2990 διαξιφισμοὺς
1765 2919 1872 2969 τῶν

209 3005 575 3080 προηκόντων
619 3003 805 3078 χρόνῳ
854 3002 1125 3075 σωμάτιον
1185 3002 1268 3063 τίς
1326 3002 1469 3057 οὕτω
1525 2999 1872 3077 πολύδακρυς

207 3096 309 3150 καὶ
340 3092 687 3168 πολύθρηνος
723 3092 772 3146 ἐν
805 3090 1113 3165 ἀνθρώποις
1145 3090 1218 3152 ὡς
1273 3090 1427 3160 ἀξίω,
1471 3091 1560 3146 καὶ
1608 3093 1870 3160 πενθῆσαι

203 3185 303 3241 καὶ
385 3180 740 3253 δεξιώσασθαι
819 3178 1092 3256 δάκρυσι;
1169 3181 1274 3253 πρὸ
1326 3177 1382 3234 δὲ
1422 3186 1522 3248 τῆς
1560 3177 1870 3254 ἐπιδρομῆς

1907 1890 1954 1955 Β

1990 601 2206 672 quibus
2236 602 2514 658 divinitus
2546 603 2871 672 ﬂagellandi
2909 605 3171 661 concessi
3229 621 3432 661 sumus
3466 625 3480 674 ;
3534 605 3637 676 qui

1990 706 2104 744 non
2134 690 2430 746 ferendum
2462 707 2590 747 esse
2621 692 2750 762 rati,
2811 692 2923 748 nisi
2982 693 3361 764 colophonem
3419 695 3632 750 imma-

1991 779 2157 834 nitati
2188 796 2310 836 sum
2337 779 2700 851 imponerent
2755 784 2812 836 et
2868 782 3234 838 atrocissima
3282 783 3497 840 scelera
3529 783 3636 837 ad-

1981 868 2320 939 jungercnt,
2367 868 2588 940 aliquot
2647 869 2940 926 Romanos
2996 871 3154 928 vivos
3211 873 3424 944 (neque
3480 871 3635 927 enim

1991 957 2303 1027 quisquam
2337 965 2453 1013 eral
2487 957 2586 1029 qui
2619 975 2717 1013 eos
2747 958 2833 1013 vel
2875 960 3188 1016 redimeret
3242 961 3330 1016 vel
3393 977 3635 1018 conser-

1990 1047 2330 1118 varet)cum
2394 1047 2774 1119 popularibus
2823 1049 2947 1104 suis
3002 1050 3086 1105 vel
3149 1050 3400 1105 naturali
3457 1059 3637 1106 morte

1989 1135 2278 1192 defunctis
2304 1136 2386 1192 vel
2423 1136 2572 1192 bello
2604 1139 2768 1194 caesis
2801 1142 2952 1192 terra
3003 1139 3347 1211 obruerunt,
3389 1139 3635 1212 sepultis

1991 1241 2109 1279 una
2161 1224 2324 1296 equis
2383 1225 2674 1282 velocibus
2732 1228 2946 1298 quibus
2999 1228 3352 1299 insederant,
3409 1229 3636 1285 corneis

1993 1315 2244 1371 arcubus
2275 1321 2330 1369 et
2362 1315 2716 1386 ancipitibus
2735 1316 2961 1387 gladiis.
2997 1318 3077 1372 Ita
3124 1318 3357 1374 Barbari
3399 1337 3429 1373 a
3462 1319 3637 1373 rebus

1991 1409 2208 1458 naturae
2257 1403 2566 1460 contrariis
2616 1405 2776 1460 nulla
2854 1408 3195 1472 reverentia,
3257 1408 3416 1463 nullo
3477 1413 3636 1464 metu

1991 1493 2519 1548 deterrentur.Cum
2553 1492 2673 1548 haec
2707 1495 3060 1550 miserabilia
3107 1497 3459 1567 spectacula,
3509 1513 3636 1568 quas

1989 1597 2215 1636 omnem
2239 1581 2544 1636 verborum
2568 1583 2931 1638 atrocitatem
2967 1590 3266 1656 superant,
3299 1587 3635 1651 ederentur,

1990 1669 2296 1726 Paschales
2327 1671 2448 1726 dies
2477 1675 2663 1739 erant,
2726 1673 3042 1728 indictione
3098 1674 3132 1727 9
3190 1675 3326 1730 anni
3357 1675 3497 1729 6714
3526 1700 3540 1743 ;
3578 1679 3637 1729 et

1988 1764 2046 1815 et
2102 1758 2293 1814 omnis
2361 1757 2525 1815 locus
2613 1775 2784 1830 quem
2851 1761 3075 1832 Scythae
3137 1770 3523 1834 pervagantur
3581 1767 3638 1818 et

1989 1848 2223 1920 hymnis
2253 1852 2310 1902 et
2339 1847 2614 1919 suspiriis
2644 1855 2768 1904 erat
2799 1851 3029 1920 plenus.
3064 1851 3533 1908 Lamentationes
3580 1856 3638 1908 et

1985 1937 2241 2007 ejulatus
2275 1937 2608 1992 festivarum
2642 1939 2982 1994 cantionum
3015 1955 3224 1995 sonum
3265 1942 3634 2010 superabant.

1985 2027 2126 2081 Cum
2161 2025 2554 2097 sepulcrorum
2584 2028 2901 2091 evacuatio,
2965 2029 3176 2083 inferni
3229 2031 3542 2086 destructio
3584 2037 3638 2086 et

1983 2132 2016 2170 a
2047 2116 2292 2171 mortuis
2349 2115 2697 2172 resurrectio
2755 2135 2786 2171 a
2845 2117 2955 2188 piis
3002 2117 3341 2174 hominibus
3381 2119 3635 2175 celebra-

1986 2205 2216 2273 bantur,
2254 2209 2376 2259 tum
2411 2203 2470 2258 in
2499 2219 2765 2260 recessus
2795 2201 3021 2258 telluris
3054 2209 3108 2259 et
3168 2205 3380 2260 inferni
3441 2206 3637 2278 caligi-

1986 2309 2130 2348 nosa
2175 2301 2228 2348 et
2285 2292 2586 2348 horribilia
2635 2293 3007 2349 tabernacula
3063 2294 3236 2349 urbes
3296 2296 3632 2364 cateryatitn

1983 2383 2458 2438 detrudebantur.
2543 2383 2928 2439 Abductiones
3013 2400 3170 2452 vero,
3251 2385 3629 2455 direptiones,

1985 2471 2139 2527 840
2179 2475 2505 2526 immatura:
2563 2472 2750 2527 etatis
2819 2471 2875 2526 in
2932 2473 3119 2528 triviis
3175 2473 3533 2544 abjectiones
3583 2478 3640 2529 et

1985 2561 2260 2616 senilium
2319 2577 2621 2632 corporum
2689 2561 3095 2628 dissectiones,
3171 2562 3306 2634 quis
3371 2565 3634 2619 omnium

1985 2652 2316 2704 mortalium
2352 2650 2433 2706 ita
2463 2649 2736 2722 lacrymis
2759 2657 2817 2705 et
2847 2652 3008 2707 luctu
3069 2652 3350 2718 abundat,
3384 2656 3447 2707 ut
3487 2653 3634 2708 satis

1983 2737 2182 2808 lugere
2213 2743 2268 2793 et
2298 2738 2595 2810 deplorare
2627 2739 2844 2808 queat?
2898 2741 3048 2795 Ante
3108 2740 3255 2797 hanc
3305 2740 3631 2813 Scythicam

1983 2827 2377 2883 incursionem
2411 2827 2560 2883 circa
2617 2828 2875 2884 Thraciis
2933 2845 3171 2900 campos
3228 2830 3526 2886 cornicum
3577 2836 3636 2886 et

1983 2932 2286 2973 corvorum
2341 2916 2618 2988 legiones,
2679 2917 2802 2972 aliae
2853 2934 2886 2972 a
2942 2919 3359 2989 septentrione,
3392 2918 3518 2974 alia)
3560 2921 3633 2975 ab

1979 3012 2202 3074 austro,
2238 3007 2354 3061 fato
2400 3007 2674 3076 quodam,
2709 3023 2822 3061 non
2878 3007 3113 3062 fortuito
3147 3023 3310 3077 casu,
3343 3007 3400 3062 in
3455 3025 3634 3064 unum

1980 3094 2170 3150 locum
2195 3099 2550 3167 congregatis
2571 3109 2826 3166 pugnam
2851 3095 3291 3151 commiserunt.
3325 3096 3431 3150 Sed
3475 3097 3630 3152 corvi

1982 3181 2386 3254 magnitudine
2424 3197 2733 3254 corporum
2794 3182 3112 3254 phalanges
3165 3183 3632 3240 meridionalium

202 3272 381 3346 τῆσδε
409 3281 509 3343 τῆς
539 3278 814 3341 Σκυθικῆς
843 3269 967 3344 περὶ
997 3271 1063 3325 τὰ
1113 3269 1352 3345 Θρᾳκικά
1399 3267 1558 3326 πεδία
1609 3277 1864 3346 κορωνῶν

1988 3272 2281 3326 cornicum
2311 3270 2369 3325 in
2401 3270 2597 3342 fugam
2629 3278 2938 3327 verterunt.

195 3367 292 3421 καὶ
326 3364 575 3438 κοράκων
608 3358 965 3435 στρατόπεδα,
1020 3361 1054 3414 ἃ
1103 3360 1200 3433 μὲν
1249 3360 1354 3414 ἀπὸ
1404 3363 1582 3432 μερῶν
1627 3365 1733 3415 τῶν
1789 3359 2038 3437 βορείων,
2090 3355 2122 3412 ἃ
2165 3355 2212 3411 δ’
2247 3359 2310 3412 ’ἐκ
2355 3362 2464 3412 τῶν
2506 3357 2722 3430 νοτίων,
2775 3359 2889 3413 κατ’
2935 3358 3165 3432 ἑξαισίαν
3212 3382 3334 3416 τινα
3395 3363 3485 3417 καὶ
3540 3365 3618 3436 μὴ

196 3457 517 3527 αὐτόματον
550 3449 854 3526 συνδρομὴν
884 3451 959 3512 εἰς
1005 3447 1096 3506 ἕνα
1144 3449 1551 3520 συνεληλυθότα
1601 3455 1786 3526 χῶρον
1833 3449 2110 3521 ἀλλήλοις
2161 3444 2503 3525 συνέῥραξαν,
2543 3450 2632 3504 καὶ
2682 3453 3244 3525 κατευμεγεθησαντες
3293 3454 3346 3507 οἱ
3392 3455 3620 3529 κόρακες

201 3548 307 3607 τὰς
336 3549 441 3599 τῶν
471 3544 532 3598 ἐκ
559 3543 721 3596 νότου
751 3540 992 3595 κολοιῶν
1025 3540 1316 3616 ἐτρέψαντο
1349 3538 1656 3614 φάλαγγας.

280 3634 357 3692 Οὐ
396 3634 563 3705 μόνον
617 3629 675 3686 δὲ
725 3632 790 3685 τὰ
841 3634 1069 3704 Θρᾳκῷα
1119 3631 1146 3684 ὁ
1199 3627 1410 3702 δαίμων
1467 3629 1874 3704 ἀντιπεριὲστη-

201 3747 295 3782 σεν
365 3723 440 3784 εἷς
509 3722 768 3792 τοιαύτην
837 3720 1168 3790 ἀθΛιότητα,
1241 3718 1329 3773 καὶ
1395 3723 1712 3795 πειρασμῶν
1784 3719 1877 3792 μὶν

202 3813 485 3890 ἀνερῥάγη
545 3809 816 3879 θάλασσα,
879 3813 1060 3863 κακῶν
1120 3805 1167 3862 δ’
1225 3803 1535 3878 ἀνηκέστων
1579 3806 1878 3863 κλυδώνιον

217 3901 372 3974 ἔξεσε
401 3903 492 3957 καὶ
534 3903 833 3977 συμφορῶν
887 3896 1341 3975 ἀνερῤιπίσθησαν
1392 3897 1682 3963 λαίλαπες,
1732 3897 1880 3953 ἀλλὰ

211 3997 290 4050 τὰ
321 3994 442 4058 καθ’
475 3991 701 4066 ἐσπὲραν
756 3990 818 4044 οὐ
872 3989 1009 4062 πρὸς
1063 3985 1287 4043 ἔλαττον
1335 3987 1600 4062 ἔπασχον.
1651 3990 1882 4058 Ἀθήνας

2053 3631 2250 3702 Neque
2281 3646 2412 3686 vero
2443 3630 2738 3687 Thraciam
2799 3631 3076 3688 duntaxat
3127 3635 3359 3689 fortuna
3407 3633 3465 3690 in
3523 3633 3629 3688 bu-

1978 3720 2239 3790 jusmodi
2297 3719 2512 3788 clades,
2561 3719 2942 3776 at'tlicﬁonum
3003 3738 3184 3788 mare,
3241 3727 3630 3778 extremorum

1987 3809 2272 3864 malorum
2290 3807 2531 3864 fluctum
2557 3807 3024 3878 etpalamitatum
3049 3811 3340 3866 turbinem
3358 3810 3630 3881 conjecit,

1987 3900 2084 3955 sed
2121 3915 2227 3955 nec
2257 3898 2713 3956 Occidentalium
2747 3901 3002 3956 conditio
3055 3901 3166 3955 fuit
3225 3901 3449 3956 melior.
3483 3902 3628 3957 Nam

1991 3989 3180 4061 Athenas,Thebas,Eubmam,Methonem,
3207 3995 3410 4047 Patras
3430 3991 3636 4048 cohors

215 4085 321 4157 μὲν
381 4083 483 4158 γὰρ
543 4081 632 4134 καὶ
695 4073 878 4148 Θήϐας
927 4078 1017 4132 καὶ
1067 4073 1306 4134 Εὔϐοιαν
1344 4077 1432 4131 καὶ
1488 4076 1553 4131 τὰ
1610 4078 1731 4150 περὶ
1774 4080 1882 4132 Ms-

213 4173 406 4241 θώνην
462 4169 552 4224 καὶ
603 4169 814 4241 Πάτραν
876 4173 1069 4241 σπεῖρα
1121 4170 1436 4240 Καμπάνων
1493 4167 1582 4226 καὶ
1642 4165 1882 4222 Λατίνων

211 4261 552 4319 εὐσύνοπτος
595 4257 726 4311 ὡσεὶ
785 4257 873 4311 καὶ
936 4258 1156 4326 κτήσεις
1211 4254 1546 4330 διενείμαντο
1605 4256 1882 4330 πατρῴας.

212 4351 288 4404 Ol.
320 4347 380 4404 δὲ
411 4353 557 4428 σφῶν
611 4345 964 4415 δεσπόζοντες
1013 4345 1277 4420 πρότερον
1326 4343 1378 4399 ἐν
1433 4343 1885 4419 προπηλακισμῷ

1989 4081 2409 4148 Campanorum
2467 4082 2526 4132 et
2584 4077 2927 4134 Latinorum
2962 4095 3077 4135 non
3114 4097 3324 4150 magna
3353 4084 3636 4152 tanquam

1990 4167 2402 4238 patrimonium
2436 4166 2650 4221 divisit.
2712 4167 2821 4231 Qui
2880 4184 3014 4223 vero
3060 4167 3130 4224 iis
3161 4169 3304 4225 locis
3333 4169 3496 4242 prius
3527 4169 3638 4224 im-

1992 4255 2294 4327 perabant,
2361 4253 2477 4310 illis
2533 4255 2734 4310 cedere
2793 4271 2921 4311 cum
2983 4258 3177 4312 derisu
3223 4263 3280 4313 et
3319 4259 3641 4326 ignominia

1993 4359 2164 4416 quam
2199 4343 2588 4400 exstimulatis
2616 4344 2828 4400 animis
2862 4362 2963 4417 pro
2988 4347 3315 4418 semetipsis
3347 4353 3404 4406 et
3441 4348 3640 4404 liberis

208 4437 312 4492 καὶ
357 4433 550 4508 ἀτιμίᾳ
589 4435 883 4509 ἠνείχοντο
952 4432 1102 4510 σφίσι
1174 4429 1388 4505 μᾶλλον
1449 4431 1881 4487 καθυποκῦπτειν

205 4526 250 4593 ἢ
300 4525 510 4599 νυγμόν
549 4543 672 4578 τινα
733 4516 919 4576 λαϐεῖν
979 4519 1031 4582 ἐς
1099 4520 1286 4596 ψυχὴν
1343 4521 1433 4575 καὶ
1494 4520 1626 4594 ὑπὲρ
1685 4521 1877 4574 ἑαυτῶν

1994 4527 2294 4592 concepto,
2312 4538 2414 4576 nec
2436 4522 2521 4578 vel
2547 4538 2675 4578 sero
2696 4523 2931 4580 tandem
2956 4525 3029 4580 ad
3073 4525 3362 4582 saniorem
3389 4532 3640 4583 mentem

203 4613 454 4669 καὶτῶν
483 4612 684 4666 τέκνων
711 4610 1105 4684 ἀγωνίσασθαι,
1161 4611 1290 4682 μήτ’
1343 4608 1562 4673 αὐτόθεν
1613 4609 1691 4672 εἰς
1731 4607 1877 4664 ἐλεύ-

1995 4611 2410 4667 reversi.Erant
2446 4612 2618 4667 etiam
2653 4613 2750 4683 qui
2782 4613 3098 4670 ambitione
3129 4619 3334 4672 contra
3392 4617 3640 4688 patriam

203 4705 377 4776 θερον
405 4698 818 4776 παροξυνθέντες
868 4699 1146 4776 φρόνημα,
1216 4700 1346 4770 μήτ’
1404 4699 1502 4772 ὀψὲ
1561 4718 1692 4753 ποτε
1747 4702 1872 4752 νοῦν

1988 4717 2222 4773 prorsus
2253 4700 2401 4756 841
2469 4701 2842 4770 inﬂammati,
2890 4703 3201 4760 servilibus
3255 4705 3508 4778 ingeniis
3541 4707 3643 4762 ho-

208 4787 374 4870 ἔχειν
409 4791 720 4865 ἀρξάμενοι.
754 4788 874 4843 Εἰσὶ
918 4786 964 4842 δ’
1015 4786 1068 4842 o'i
1119 4786 1208 4842 καὶ
1259 4787 1336 4850 είς
1387 4787 1665 4864 ὁλοσχερῆ
1717 4787 1877 4868 φιλο-

1993 4791 2202 4858 mines,
2236 4789 2464 4846 deliciis
2494 4800 2546 4846 et
2605 4789 2743 4846 luxu
2806 4793 3085 4863 corrupti,
3120 4795 3540 4850 munitionibus
3587 4800 3644 4849 et

200 4879 404 4953 τιμίαν
481 4878 617 4933 κατᾶ
687 4885 790 4947 τῆς
867 4877 1075 4932 ἑαυτῶν
1186 4873 1446 4951 πατρίδος
1559 4877 1877 4940 ὑπεκκαντες

1991 4879 2301 4949 prmruptis
2328 4877 2585 4934 castellis
2597 4883 2697 4933 aut
2712 4881 2952 4935 munitis
2971 4880 3213 4936 urbibus
3235 4885 3526 4952 occupatis
3551 4883 3603 4934 in
3619 4913 3641 4924 -

203 4965 661 5042 ἀνδραποδώδεις
730 4965 1036 5040 ἄνθρωποι,
1102 4969 1278 5044 τρυφῇ
1346 4966 1435 5019 καὶ
1501 4971 1621 5030 ταῖς
1680 4963 1877 5028 ἄλλαις

1991 4966 2188 5022 felices
2209 4966 2547 5038 tyrannides
2565 4967 3004 5037 constituerent;
3027 4973 3083 5024 et
3121 4985 3252 5025 cum
3297 4971 3640 5026 Latinorum

202 5059 499 5121 ἆπονοίαις
552 5056 958 5130 διεφθαρμένοι,
1001 5056 1383 5132 ὀχυρωμάτων
1444 5057 1534 5111 καὶ
1600 5057 1877 5138 φροουρίων

1990 5057 2304 5112 inimicitias
2337 5060 2671 5130 expetenda:
2704 5065 2920 5125 essent,
2955 5062 3051 5116 alii
3109 5061 3236 5116 aliis
3270 5061 3638 5125 insidiantes,

206 5151 520 5221 ἀποτόμων
551 5144 872 5218 λαϐόμενοι,
924 5147 977 5200 οἱ
1025 5143 1082 5200 δὲ
1127 5145 1214 5200 καὶ
1265 5145 1481 5201 πόλεων
1529 5147 1877 5222 εὐτείχίστων

1993 5161 2124 5202 cum
2157 5145 2275 5201 illis
2304 5148 2665 5202 colluderent
2695 5154 2750 5202 ct
2807 5165 2956 5203 nova
3012 5155 3180 5219 pacta
3227 5151 3459 5204 inirent.
3493 5149 3639 5204 Nam

203 5235 532 5305 ἐπιϐάντες,
592 5233 998 5308 κακοδαίμονας
1074 5232 1389 5309 τυραννίδας
1462 5233 1877 5309 περιεϐαλοντο,

1995 5242 2104 5292 Leo
2137 5237 2354 5292 Scurus
2379 5237 2714 5292 Corinthum
2740 5242 2796 5293 et
2825 5238 3164 5309 Nauplium,
3201 5245 3264 5294 ut
3286 5257 3466 5312 supra
3497 5241 3642 5308 dixi,

196 5328 305 5384 καὶ
342 5326 462 5384 δεον
516 5325 839 5406 φιλεχθρεῖν
891 5325 1168 5392 Λατίνοις,
1229 5323 1280 5377 ot
1337 5323 1385 5377 δ’
1443 5323 1877 5400 άντωφθάλμουν

1994 5325 2388 5397 gubernabat;
2421 5325 2798 5381 Chameretus
2835 5328 2961 5394 Leo,
2996 5329 3095 5397 qui
3130 5328 3523 5384 Lacedaemoni
3547 5331 3646 5386 do-

197 5415 496 5487 ἀλλήλοις
527 5416 618 5470 καὶ
646 5412 900 5469 Λατίνοις
932 5413 993 5468 τὸ
1024 5414 1207 5468 καινὸν
1258 5409 1582 5468 ἐσπένδοντο
1632 5417 1763 5484 (79).
1814 5417 1877 5470 ’0

1992 5414 2342 5481 minabatur,
2405 5414 2696 5470 Laconum
2755 5423 3030 5486 tyrannus
3080 5421 3203 5472 erat
3258 5417 3526 5474 zEtoliam
3587 5437 3650 5487 et

1564 5513 1758 5580 Hier.
1813 5514 2066 5582 Wolﬁi
2101 5516 2315 5582 notas.

286 5637 405 5713 (⁸79)
465 5633 878 5713 ΚαὶνΛατίνοις
935 5632 1000 5686 τὸ
1056 5629 1241 5713 καινόν
1301 5624 1604 5713 ἐσπένδετο.
1666 5629 1877 5711 Navita:

1988 5631 2231 5713 bantur.
2284 5631 2568 5713 Fprtassis
2611 5632 2922 5713 legendum
2971 5634 3057 5713 fro-
3105 5637 3422 5713 καινὸτατον
3461 5635 3644 5702 ἐσπὲν,

190 5698 342 5780 md,
377 5698 487 5766 hoc
517 5712 628 5782 est,
662 5709 794 5765 novi
853 5705 1085 5778 tyranni
1141 5719 1276 5762 cum
1336 5701 1558 5759 Latinis
1615 5701 1870 5773 pacisce-

1988 5698 2164 5771 δοντο,
2197 5702 2339 5775 quod
2369 5706 2615 5762 maxime
2645 5698 2889 5774 mireris,
2923 5707 3068 5764 υιτὸ
3103 5707 3352 5783 μέγιστον
3399 5698 3644 5784 usurps:

1995 4449 2248 4505 pugnare
2282 4432 2640 4502 maluerunt,
2698 4451 2886 4505 neque
2943 4436 3138 4491 statim
3205 4435 3386 4492 libero
3429 4438 3640 4510 spiritu
