4072 6218
220 305 379 367 1029

1656 300 1862 367 URBS
1903 298 2190 360 CAPTA.

3478 306 3634 365 1030

216 434 312 493 οὗν
343 438 431 512 [Ρ.
463 440 593 513 ΔΜ’ί]
623 441 722 493 τοῦ
765 437 1110 512 βουλομένου
1140 441 1338 502 παντὸς
1367 439 1428 495 ἐκ
1443 442 1541 494 τοῦ
1569 441 1678 492 τῶν
1704 434 1869 491 Λατί-

1983 450 2194 489 manus
2215 449 2401 489 mea.»
2433 433 2635 505 Itaque
2658 433 2829 489 multi
2852 434 3135 492 mediocri
3157 451 3337 492 manu
3380 437 3634 496 collecta

213 547 322 581 νων
381 524 763 601 πολυσπεροῦς
829 529 1200 612 συντάγματος
1258 528 1325 584 τὰ
1381 527 1621 606 γραφικᾶ
1693 529 1867 581 ταῦτα

212 613 431 687 ἐπᾲδειν
464 613 764 689 Ῥωμαίοις
792 614 1291 691 ἐπιστρατεύοντος,
1323 618 1586 687 «Διώξας,
1620 613 1868 684 καταλή-

211 709 417 779 ψομαι,
455 710 630 779 μεριῶ
666 703 861 775 σκῦλα,
902 705 1173 779 ἐμπλήσω
1206 709 1392 785 ψυχήν
1429 728 1560 781 μου,
1592 702 1769 761 ἆνελῶ
1797 707 1866 778 τῇ

213 793 467 871 μαχαίρᾳ
501 793 957 869 μου,κυριεῦσειή
983 795 1110 873 χείρ
1135 816 1307 869 μομ.»
1335 794 1548 853 Ηολλοί
1580 793 1755 850 τοίνυν
1780 792 1869 866 μέ-

207 904 367 955 τριον
400 885 867 958 συγκροτήσαντες
922 885 1171 957 πόλεμον
1219 886 1309 940 καὶ
1339 886 1574 948 ἱππότας
1641 885 1868 960 βραχεῖς

221 972 659 1048 μισθωσάμενοι,
690 975 1029 1046 Ῥωμαϊκαῖς
1056 974 1520 1044 κατεκολπίζοντο
1567 976 1751 1045 νήσοις
1793 972 1869 1034 ὡς

209 1063 393 1134 πάντη
416 1063 631 1125 πάντως
662 1060 1069 1138 ἒρημαζούσαις
1108 1068 1206 1119 τοῦ
1262 1063 1645 1138 ἐπαρήξοντος.
1703 1063 1868 1120 Ὃθαν

208 1152 467 1225 πειραταί
524 1170 667 1212 τινες
723 1157 1022 1223 Γενουῖται,
1080 1154 1437 1226 περιψήματα
1488 1149 1693 1226 ἀνδρῶν
1777 1149 1869 1204 καὶ

210 1236 684 1313 ἆμϐλώματα,οὐ
715 1240 850 1295 κατὰ
870 1245 1033 1296 τοῦτο
1105 1241 1199 1315 μὶν
1249 1251 1394 1304 τινός
1455 1239 1868 1318 ὑπερφέροντες,

210 1328 358 1384 κατᾶ
397 1325 447 1382 δ’
468 1328 643 1383 ἐκεῖνο
691 1328 759 1383 τὰ
816 1326 1037 1404 δεύτερα
1076 1331 1349 1408 φέροντες,
1402 1327 1530 1384 ἀλλ’
1581 1328 1870 1401 ἁπανταχῆ

209 1420 478 1492 πονήρως
525 1419 849 1494 πράττοντες
913 1420 1005 1473 καὶ
1046 1416 1449 1493 δυσδαιμόνως,
1516 1416 1869 1494 στρογγύλων

208 1504 379 1561 πέντε
415 1510 558 1576 νηῶν
626 1507 1027 1580 εὐπορήσαντες
1082 1506 1173 1562 καὶ
1231 1506 1408 1586 σκάφη
1453 1505 1713 1582 τρίκροτα
1742 1525 1869 1560 κατ-

210 1596 507 1671 ηρτικότες
548 1596 686 1670 πρὸς
723 1601 840 1658 τοῖς
871 1594 1047 1652 εἵκοσι
1086 1596 1318 1669 τέσσαρα
1369 1596 1423 1659 ἐς
1486 1598 1586 1667 τὴν
1648 1596 1869 1671 Κρήτην

213 1682 678 1755 διαπλωΐζονται·
766 1685 857 1740 καὶ
927 1684 1270 1761 πλασάμενοι
1350 1687 1479 1749 τοὺς
1570 1684 1869 1759 ἐμπόρους,

223 1776 349 1830 εἶτα
380 1772 694 1847 ἐπιθέμενοι
726 1774 801 1836 ὡς
851 1774 1136 1849 πολέμιοι,
1188 1781 1288 1845 τῆς
1347 1777 1516 1846 νήσου
1582 1772 1869 1847 ξυμπάσης

540 1831 551 1847 .
787 1831 798 1836 -
997 1831 1009 1849 .
1122 1831 1136 1847 ι
1245 1831 1287 1845 .-
1403 1831 1413 1846 .
1585 1831 1606 1847 ι
1650 1831 1661 1847 .
1824 1831 1868 1844 .-

213 1863 555 1941 κατίσχυσαν
582 1862 969 1939 εὖμαρέστατα.
1018 1863 1156 1922 Τότε
1194 1862 1284 1918 καί
1351 1865 1379 1919 ὁ
1443 1867 1656 1938 κρατῶν
1722 1864 1872 1918 Ἰκο-
1904 1831 1949 1897 Β

211 1952 336 2007 νίου
393 1951 741 2027 Καΐχοσρόης
788 1953 926 2007 κατὰ
973 1959 1075 2022 τῆς
1143 1951 1435 2015 Ἀτταλίας
1500 1950 1870 2026 ἐστράτευσεν,

214 2037 479 2098 αὐτοϐοεὶ
509 2045 609 2111 τὴν
650 2041 816 2097 πόλιν
857 2040 998 2098 ἑλεῖν
1033 2043 1435 2121 φανταζόμενος
1465 2043 1539 2104 ὡς
1587 2040 1693 2116 οὐχ
1751 2042 1874 2096 ἱκα-

213 2133 316 2201 νὴν
368 2129 528 2186 οὖσαν
598 2132 792 2201 ἑαυτὴν
871 2128 1258 2187 διασώσασθαι.
1344 2133 1458 2202 Τήν
1551 2129 1599 2186 δ’
1664 2130 1872 2186 ἐκείνου

212 2214 423 2294 ἔφοδον
463 2221 882 2295 προεγνωκότες
910 2219 940 2274 δ
976 2241 1034 2276 τε
1064 2218 1373 2297 πολίαρχος
1424 2215 1872 2290 Ἀλδεϐραντῖνος

212 2311 314 2364 καὶ
342 2309 402 2363 οἷ’
434 2310 527 2364 σὺν
558 2310 705 2381 αὐτῷ
733 2315 852 2372 τοῖς
908 2316 1113 2373 κοινοῖς
1183 2309 1504 2367 ἐπεστάτουν
1561 2313 1878 2388 πράγμασι,

214 2398 534 2473 πέμψαντες
565 2398 643 2461 είς
691 2399 909 2475 Κύπρον
963 2400 1284 2475 συμμαχίαν
1353 2400 1554 2466 ἐκεῖθεν
1616 2400 1874 2482 εἶλήφασι

214 2492 450 2558 πεζικοῦ
503 2488 927 2563 στρατεύματος,
959 2487 1014 2553 ἐς
1080 2487 1392 2553 διακοσίους
1465 2491 1872 2565 ἀριθμουμένην

211 2579 510 2640 Λατίνους.
584 2576 940 2654 Κᾶπειδγςπερ
1007 2579 1083 2642 εἷς
1138 2585 1329 2655 χεῖρας
1374 2582 1402 2636 ό
1451 2578 1700 2654 πόλεμος
1765 2580 1874 2658 ἐγε-

211 2669 371 2745 γόνει
428 2669 520 2722 καὶ
579 2667 906 2748 περιείληφε
960 2670 1060 2738 τήν
1119 2671 1284 2725 πόλιν
1316 2673 1377 2727 τὸ
1409 2672 1672 2745 Περσικὸν
1710 2672 1872 2745 στρά-

209 2778 417 2831 τευμα,
459 2759 511 2813 οἱ
537 2756 598 2813 ἐκ
640 2760 876 2813 Λατίνων
919 2760 995 2821 εἱς
1025 2757 1284 2839 φάλαγγα
1343 2766 1717 2826 πυκνωθὲντες
1782 2761 1873 2816 καὶ

210 2852 342 2910 τοῖς
383 2847 609 2922 Βέρσαις
642 2846 961 2922 ἐποφθέντες
995 2848 1300 2924 ἁπρόοπτοι
1349 2856 1467 2913 τοῖς
1523 2848 1872 2907 Ἀτταλεῦσιν

213 2937 534 3009 δπτςμυναν,
599 2936 714 3007 καὶ,
770 2936 912 2991 οὕτω
971 2943 1051 2993 τῶ
1130 2934 1417 3015 βαρϐάρων
1497 2939 1876 2995 καταστάντων

214 3024 275 3087 ις
309 3020 430 3085 δέος
488 3018 550 3079 ἔκ
601 3044 662 3080 τε
697 3027 794 3078 τοῦ
837 3028 985 3104 σφῶν
1044 3025 1445 3101 στρατεύματος
1500 3025 1708 3082 πολλοὶ
1767 3024 1877 3082 δια-

213 3112 537 3190 φθείρονται
576 3113 669 3168 καὶ
731 3114 1087 3193 Καϊχοσρόης
1141 3114 1340 3179 ἐκεῖθεν
1402 3117 1739 3189 μεθίσταται,
1796 3118 1872 3189 μή

1975 527 2031 578 et
2059 522 2263 595 exiguo
2286 523 2544 594 equitatu
2566 525 2850 580 conducto
2881 522 2938 579 in
2968 524 3265 582 Romanas
3306 526 3541 584 insulas
3573 544 3635 585 se

1975 610 2600 685 insinuabant,quippe
2614 614 2768 668 omni
2786 612 2999 669 auxilio
3014 614 3421 672 destitutasEt
3434 616 3635 689 piratae

1977 701 2213 772 quidem
2230 701 2861 771 Genuenses,homines
2877 701 3150 758 vilissimi
3167 707 3224 758 et
3245 704 3634 776 abjectissimi

1977 790 2158 845 necin
2192 807 2308 845 una
2338 807 2398 846 re
2431 790 2717 862 primarii,
2748 790 2805 845 in
2840 790 2955 846 alia
2987 807 3118 847 vero
3149 793 3504 865 secundarii,
3528 797 3629 852 sed

1979 881 2049 934 ab
2082 880 2240 934 omni
2274 886 2435 950 parte
2468 879 2783 935 miserrimi
2810 884 2869 935 et
2919 880 3338 948 infelicissimi,
3370 882 3632 955 quinque

1980 967 2250 1023 rotundis
2304 968 2548 1023 navibus
2603 974 2659 1024 et
2708 969 2911 1041 viginti
2971 975 3225 1041 quatuor
3287 971 3632 1029 triremibus

1980 1056 2331 1129 comparatis
2364 1074 2465 1128 per
2495 1064 2831 1113 mercatura)
2855 1060 3108 1129 speciem
3143 1060 3200 1114 in
3248 1061 3479 1117 Cretam
3512 1065 3631 1119 tra-

1977 1146 2260 1215 iecerunt,
2294 1147 2499 1202 deinde
2530 1146 2818 1203 insulares
2850 1148 3135 1204 hostiliter
3155 1151 3413 1222 aggressi
3444 1152 3631 1209 totius

1985 1234 2194 1291 insula:
2235 1235 2503 1290 facillime
2562 1241 2700 1292 sunt
2757 1238 2944 1307 potiti.
2999 1238 3162 1293 Tunc
3212 1240 3389 1295 etiam
3450 1241 3632 1298 Iconii

1983 1324 2253 1395 princeps
2308 1324 2683 1381 Caicbosroes
2742 1326 2966 1381 Attaliaa
3016 1344 3180 1383 arma
3210 1328 3439 1396 intulit,
3471 1329 3634 1386 inani

1982 1429 2086 1485 spe
2129 1414 2291 1470 urbis
2341 1414 2526 1486 primo
2575 1415 2792 1485 impetu
2851 1417 3145 1487 capiendas
3202 1422 3505 1490 concepta,
3571 1425 3636 1477 ut

1982 1519 2109 1575 quae
2139 1502 2270 1574 ipsa
2301 1502 2453 1559 tueri
2483 1518 2611 1559 sese
2642 1521 2755 1561 non
2787 1508 3004 1575 posset.
3036 1504 3251 1560 Verum
3308 1507 3436 1577 ejus
3488 1524 3628 1565 con-

1981 1594 2110 1651 silio
2130 1594 2871 1668 cognito,Aldobrandinus
2903 1596 3067 1653 urbis
3090 1597 3365 1655 dominus
3417 1603 3474 1656 et
3502 1599 3630 1670 ejus

1982 1685 2043 1740 in
2074 1684 2545 1741 administranda
2602 1702 2663 1742 re
2720 1685 2955 1758 publica
3015 1687 3157 1743 socii
3218 1704 3320 1759 per
3349 1686 3633 1760 legatosa

1979 1774 2206 1847 Cypriis
2237 1774 2451 1831 auxilia
2481 1775 2817 1831 Latinorum
2868 1777 3133 1848 peditum
3183 1777 3344 1835 844
3404 1778 3635 1834 circiter

1980 1879 2047 1920 cc
2077 1864 2484 1936 impetrarunt.
2520 1865 2627 1921 Ubi
2651 1867 2721 1922 ad
2751 1883 2912 1921 arma
2954 1873 3192 1924 ventum
3221 1872 3312 1924 est
3340 1872 3396 1925 et
3422 1869 3630 1926 urbem

1980 1952 2250 2008 Persicus
2280 1954 2567 2010 exercitus
2593 1953 2998 2025 circumdedit,
3032 1957 3219 2013 Latini
3271 1958 3329 2013 in
3384 1957 3635 2030 phalan-

1979 2058 2109 2113 gem
2133 2043 2470 2099 condensati
2501 2047 2558 2099 et
2587 2060 2657 2099 ex
2686 2043 3001 2116 improviso
3027 2046 3085 2101 in
3118 2046 3428 2102 Persarum
3486 2063 3629 2102 con-

1979 2138 2241 2205 spectum
2296 2135 2586 2207 progressi
2637 2134 3059 2191 Atlaliensibus
3118 2154 3288 2209 opem
3339 2136 3626 2195 tulerunt.

1980 2222 2067 2277 lta
2097 2221 2336 2278 Barbari
2365 2223 2656 2295 perterriti
2679 2231 2730 2279 et
2763 2239 3002 2280 suorum
3027 2226 3247 2282 multos
3279 2231 3631 2296 amiserunt,

1979 2318 2034 2366 et
2059 2310 2431 2368 Caichosrocs
2462 2312 2753 2368 sexdecim
2793 2314 3001 2370 diebus
3050 2316 3265 2370 exactis
3323 2314 3630 2391 obsidione

1981 2399 2169 2456 soluta
2189 2400 2476 2457 discessit.
2509 2402 2619 2457 Sed
2652 2409 2709 2458 et
2737 2403 3075 2459 Theodorus
3107 2404 3395 2473 Lascaris,
3426 2408 3624 2461 coacto

1980 2494 2182 2545 contra
2209 2489 2474 2545 Davidem
2504 2490 2810 2546 Ponticum
2835 2493 3109 2559 exercitu,
3144 2492 3475 2548 Plusiadem
3540 2510 3633 2549 sa-

1979 2578 2225 2648 gittariis
2257 2583 2314 2634 et
2358 2578 2656 2635 bellicosis
2714 2580 3052 2637 hominibus
3104 2582 3504 2639 abundantem
3558 2582 3632 2637 ab

1983 2666 2079 2723 illo
2110 2668 2167 2723 in
2226 2684 2365 2724 suas
2419 2675 2613 2739 partes
2672 2669 2947 2724 traduxit.
3009 2669 3347 2727 Heracleam
3396 2687 3631 2743 quoque

1981 2755 2229 2828 cepisset
2284 2771 2350 2812 ac
2404 2757 2603 2829 ipsum
2662 2757 2936 2814 Davidem
2990 2760 3459 2831 exterminasset,
3516 2759 3632 2815 nisi

1982 2861 2113 2900 eum
2148 2844 2360 2911 Latini,
2383 2861 2509 2901 cum
2532 2846 2748 2917 quibus
2788 2847 2987 2902 Davidi
3014 2848 3631 2917 fmdusintercedebat,

1982 2932 2179 2989 auxilii
2213 2933 2430 2990 ferendi
2465 2950 2645 2990 causa
2670 2935 2875 2990 castris
2906 2936 2977 2991 ad
3027 2936 3427 2993 Nicomediam
3477 2938 3635 3009 posi-

1980 3022 2056 3078 tis
2078 3022 2260 3078 animi
2290 3022 2533 3078 dubium
2584 3024 2999 3091 reddidissent,
3032 3025 3166 3081 hinc
3219 3025 3519 3082 alacritate
3574 3030 3634 3082 et

1982 3112 2227 3168 audacia
2256 3117 2458 3168 contra
2487 3112 2970 3186 illosinstigante,
2993 3116 3126 3171 inde
3158 3115 3427 3172 instituto
3460 3133 3634 3187 opere

212 3200 451 3265 πλείους
480 3204 704 3276 ἡμερῶν
740 3207 848 3257 τῶν
904 3201 1190 3259 ἑκκαίδεκα
1245 3204 1369 3279 περὶ
1435 3206 1536 3274 τήν
1596 3205 1866 3263 ’Δττάλοο

1984 3202 2331 3268 retrahente,
2362 3219 2497 3258 cum
2519 3203 2635 3259 sibi
2660 3206 3093 3275 quodammodo
3116 3206 3271 3262 intra
3291 3206 3628 3262 Heracleam

218 3289 416 3369 βαλὼν
449 3287 833 3367 στρατόπεδον.
894 3289 1071 3348 Ἀλλὰ
1116 3292 1205 3348 καὶ
1247 3290 1528 3368 Θεόδωρος
1570 3295 1598 3349 ὁ
1666 3296 1874 3351 Asiam-

220 3403 311 3458 ρις
342 3381 483 3436 κατᾶ
510 3385 609 3436 τοῦ
652 3380 704 3436 ἐν
754 3380 940 3455 [ιόντῳ
992 3376 1160 3436 Δαϐἶδ
1201 3383 1454 3457 στρατιὰν
1488 3382 1705 3458 ἀγείρας
1775 3390 1876 3453 τῆς

223 3471 336 3545 μὴν
369 3468 714 3532 Ιιλουσιάδος
758 3466 928 3541 ἐπέϐη
968 3468 1061 3525 καί
1103 3474 1205 3537 τῆς
1262 3472 1401 3546 πρὸς
1454 3467 1620 3528 Δαϐἱδ
1688 3471 1875 3552 φιλίας

220 3559 435 3629 ἐκείνην
468 3558 760 3630 ἀπέστησε,
796 3557 1050 3633 τοξότιδα
1104 3565 1282 3615 πᾶσαν
1332 3561 1493 3616 οὖσαν
1548 3562 1639 3617 καὶ
1699 3562 1874 3642 μάχιο

228 3649 510 3722 μονσιεῖχε
550 3645 597 3702 δ’
626 3647 686 3702 ’ὰν
756 3648 845 3703 καὶ
886 3647 1205 3723 Ἐράκλειαν
1234 3649 1322 3704 καὶ
1360 3651 1452 3706 τὸν
1520 3646 1685 3706 Δαϐὶδ
1745 3649 1876 3726 δρα-

225 3739 397 3807 πέτην
430 3737 628 3793 ἐκεῖθεν
657 3732 876 3807 ἕδειξεο,
906 3737 951 3792 εἰ
987 3739 1062 3811 μή
1106 3738 1348 3794 Λατίνων
1389 3744 1458 3814 τῇ
1526 3740 1876 3815 Νικομήδους

231 3822 687 3903 ραρεμϐαλὸντων
746 3827 865 3883 κατ’
922 3825 1235 3903 ἐπίκουρίαν
1321 3825 1508 3901 Δαϐἰδ,
1602 3829 1717 3887 ἐπεὶ
1783 3832 1872 3887 καὶ

229 3921 353 3994 εἶχε
390 3916 605 3978 τούτοις
632 3912 799 3972 Δαϐὶδ
830 3916 1206 3991 σπεισάμενος,
1244 3918 1296 3974 ἒν
1323 3918 1585 3997 ἂμφινοίᾳ
1641 3920 1870 3993 κατέστη

221 4010 517 4085 Λάσκαρις.
576 4005 747 4064 Εῖλκε
789 4006 883 4080 μὲν
924 4007 1025 4083 γὰρ
1074 4006 1233 4063 αὐτὸν
1290 4006 1529 4066 ἐντεῦθεν
1595 4010 1874 4085 προθυμία

219 4096 315 4153 καὶ
345 4097 528 4170 τόκμη
581 4096 718 4151 κατὰ
775 4097 1039 4151 Λατίνων
1099 4094 1296 4160 ἐκεῖθεν
1341 4094 1388 4151 δ’
1444 4098 1600 4162 αὖθις
1637 4098 1874 4154 ἀντέσπα

220 4188 288 4243 τὸ
340 4186 395 4242 ἐν
462 4185 652 4262 χερσὶν
700 4181 887 4263 ἵργον,
947 4185 1074 4241 ὡσεὶ
1149 4186 1239 4242 καὶ
1308 4184 1459 4249 ἐντὸς
1546 4186 1874 4264 ’Πρακλείας

218 4277 476 4350 οἰόμενον
529 4277 665 4331 εἶναι
725 4275 815 4330 καὶ
875 4275 1141 4350 κυριεύειν
1184 4282 1286 4346 τῆς
1316 4275 1554 4339 πόλεως.
1595 4279 1695 4333 Καὶ
1727 4277 1871 4334 πολ-

1987 3308 2116 3347 esse
2153 3290 2446 3349 videretur
2474 3297 2531 3348 et
2560 3310 2628 3349 ea
2658 3294 2799 3350 urbe
2831 3295 3030 3366 potiri,
3083 3311 3149 3352 ac
3189 3312 3341 3368 saepe
3379 3296 3540 3352 velut
3571 3297 3631 3352 in

1984 3382 2208 3438 trutina
2239 3382 2482 3440 sollicito
2515 3384 2713 3441 animo
2771 3390 3090 3459 utrumque
3148 3388 3515 3458 ponderaret.
3558 3387 3632 3444 Ut

1983 3475 2468 3532 verodel‘ensores
2487 3477 2721 3533 Davidis
2749 3478 3024 3534 invadere
3073 3479 3279 3534 utilius
3322 3495 3501 3551 quam
3533 3495 3635 3534 au-

1985 3564 2188 3622 dacius
2209 3582 2336 3622 esse
2358 3565 2659 3634 statuit,ad
2682 3582 2802 3627 eos.
2837 3567 3045 3623 itinere
3093 3568 3357 3624 instituto
3388 3567 3632 3632 omisso,

1984 3653 2311 3709 revertitur.
2344 3653 2466 3719 Quo
2497 3653 2580 3709 illi
2616 3656 2816 3712 audito
2877 3657 2936 3711 in
2981 3657 3163 3712 aciem
3216 3656 3329 3711 sibi
3387 3654 3636 3709 descen-

1983 3744 2236 3800 dendum
2262 3760 2375 3799 non
2398 3752 2771 3812 censuerunt,
2806 3746 2907 3801 sed
2928 3750 3098 3801 noctu
3129 3743 3378 3817 digressi
3402 3744 3626 3815 Byzan-

1981 3832 2127 3889 tium
2160 3833 2424 3889 redeunt.
2458 3833 2634 3889 David
2691 3850 2824 3890 vero
2882 3842 3157 3905 reputans
3199 3840 3259 3887 ut
3311 3831 3626 3888 imminens

1976 3924 2102 3994 jam
2134 3924 2473 3991 discrimen,
2531 3923 2684 3981 845
2742 3940 2848 3980 nec
2906 3924 3088 3980 multo
3144 3940 3177 3979 a
3229 3938 3290 3978 se
3338 3922 3624 3980 remotius

1981 4028 2154 4083 quam
2187 4030 2219 4066 a
2249 4028 2403 4082 genu
2432 4012 2574 4067 tibia
2604 4013 2805 4080 distat,
2847 4018 3052 4084 praeter
3106 4013 3441 4084 opinionem
3500 4028 3629 4067 eva-

1980 4102 2179 4167 sisset,
2211 4115 2415 4155 rursus
2444 4099 2729 4155 Heraclem
2789 4100 3030 4157 firmiter
3088 4100 3355 4172 inhaeret,
3387 4100 3625 4157 Latinos

1981 4202 2116 4244 vero
2149 4187 2399 4259 Byzantii
2425 4189 2698 4258 degentes
2727 4190 2799 4245 ob
2834 4189 3018 4245 latum
3054 4189 3340 4246 auxilium
3364 4192 3626 4246 frumcn-

1981 4276 2148 4332 tariis
2177 4276 2422 4332 navibus
2452 4281 2511 4333 et
2541 4278 2737 4347 pernis
2769 4284 3176 4335 remuneratur
3203 4298 3216 4349 ;
3244 4283 3419 4352 atque
3447 4279 3519 4335 ab
3544 4280 3629 4336 eis

218 4365 381 4427 λάκις
437 4363 688 4442 ἑκάτερον
743 4370 836 4420 καὶ
909 4365 987 4430 ὡς
1066 4364 1157 4420 ἐπὶ
1227 4366 1495 4439 τρυτάνης
1561 4371 1728 4444 ζυγοῦ
1782 4368 1869 4422 καὶ

1983 4364 2201 4421 auxilia
2230 4365 2418 4421 denuo
2448 4365 2611 4436 petit,
2644 4371 2886 4440 oratque
2938 4371 3002 4423 ut
3054 4368 3114 4423 in
3172 4368 3386 4425 foedere
3421 4369 3631 4425 Lasca-

216 4457 354 4530 μετὰ
403 4456 646 4534 συνοχῆς
703 4453 1040 4510 ἐταλάτευεν.
1082 4455 1173 4517 Ὀς
1230 4451 1278 4508 δ’
1333 4453 1597 4528 ἐκεκρίκει
1656 4477 1864 4536 συμφο-

218 4545 457 4620 ρτῦτερον
510 4542 725 4616 μᾶλλον
792 4542 937 4618 ἤπερ
1002 4542 1326 4617 θρασύτερον
1378 4542 1463 4598 ἐπὶ
1518 4545 1647 4607 τοὺς
1704 4545 1866 4619 ὑπερ-

215 4634 481 4694 ασπιστὰς
505 4630 684 4688 ἵεσθαι
735 4637 834 4688 τοῦ
876 4627 1071 4701 Λαόὶδ,
1127 4632 1537 4706 ¹επανακοίμπτει
1580 4635 1675 4709 μὲν
1728 4635 1865 4709 πρὸς

214 4722 439 4793 αὐτοὺς,
498 4721 566 4791 ἢν
629 4718 797 4776 ὥδευε
853 4721 1150 4797 παρεικώς·
1213 4722 1265 4775 o't
1321 4718 1379 4776 δὲ
1422 4722 1488 4777 τὰ
1515 4723 1640 4797 περὶ
1669 4722 1866 4779 τούτου

211 4812 528 4884 πυθόμενοι
585 4809 855 4881 συστάδην
919 4811 1015 4884 μὲν
1064 4807 1539 4887 παρακινδυνεύειν
1572 4812 1673 4867 οὐκ
1701 4806 1865 4889 ἔγνω·

212 4920 330 4973 σαν,
375 4899 720 4973 μεθίστανται
754 4897 813 4954 δὲ
850 4898 1038 4961 νυκτὸς
1068 4899 1156 4954 καὶ
1202 4898 1396 4954 εἰσίασι
1427 4900 1490 4954 τὸ
1550 4901 1862 4973 Βυζάντιόν.

208 4989 275 5045 ’0
306 4984 364 5043 δὲ
393 5009 456 5067 γε
488 4982 655 5043 Δαϐὶδ
688 4988 764 5050 ὡς
818 4983 1013 5043 οὔκουν
1082 4982 1350 5043 ἐϐάλλετο
1390 4988 1527 5043 κατὰ
1567 4993 1692 5044 νοῦν
1728 4991 1863 5065 (82),

207 5077 360 5154 παρᾶ
426 5072 579 5146 δόξαν
636 5080 735 5132 τοῦ
799 5073 1049 5131 κινδύνου
1101 5074 1317 5151 ῥυσθεὶς
1384 5076 1441 5132 ὅν
1507 5074 1685 5154 ἔγγιον
1749 5079 1865 5155 εἶχε

210 5169 592 5244 προσέρποντα
641 5169 731 5223 καὶ
765 5164 962 5243 σχεδὸν
1024 5164 1138 5222 οὐδ’
1178 5166 1277 5222 ὅσα
1311 5169 1440 5242 γόνυ
1495 5171 1717 5242 κνήμης
1748 5169 1867 5224 ἐαυ-

204 5263 309 5314 τοῦ
365 5257 746 5339 ἀφιστάμενον,
778 5258 938 5334 ἀρπὶξ
979 5256 1069 5313 καὶ
1144 5256 1311 5313 πάλιν
1369 5265 1474 5329 τῆς
1539 5256 1863 5333 Ἡρακλείας

205 5341 415 5424 ἔχεται⁹
445 5350 572 5410 τοὺς
603 5345 649 5402 δ’
669 5348 719 5403 ἐν
752 5347 1028 5421 Βυζᾶντίῳ
1085 5347 1352 5408 Λατίνους
1408 5354 1509 5417 τῆς
1558 5366 1859 5423 συμμαχου

206 5433 639 5513 διαμειϐόμενος
696 5443 950 5515 στρατιᾶς
1000 5442 1237 5516 σιτηγῶν
1287 5436 1500 5493 πλοίων
1588 5438 1673 5509 [Ρ.
1734 5439 1859 5512 412]

1980 4454 2106 4508 rino
2129 4470 2191 4510 se.
2213 4469 2443 4525 quoque
2462 4462 2525 4510 ut
2554 4464 2728 4511 suum
2759 4456 3059 4513 subditum
3105 4460 3628 4530 comprehendant,

1978 4547 2034 4598 et
2064 4558 2295 4599 omnem
2328 4543 2685 4616 provinciam
2721 4561 2900 4617 quam
2945 4549 3141 4603 teneat
3188 4549 3335 4605 inter
3394 4551 3625 4609 Latinas

1979 4632 2306 4704 provincias
2336 4639 2662 4691 numerent.
2698 4638 2820 4700 Quo
2848 4652 2981 4692 cum
3016 4637 3102 4692 illi
3162 4640 3528 4709 annuissent,
3574 4650 3629 4697 et

1980 4723 2271 4780 Lascarim
2303 4723 2489 4780 Nicaea
2532 4724 2771 4782 Prusam
2824 4727 3040 4785 abiisse
3098 4729 3437 4802 audivisset,
3500 4733 3627 4805 ipse

1978 4832 2208 4889 quoque
2229 4816 2503 4873 Heraclea
2525 4818 2740 4891 prodit,
2769 4823 2827 4876 et
2874 4820 3107 4877 auxiliis
3145 4839 3331 4895 nuper
3353 4824 3622 4898 Byzantio

1979 4907 2176 4962 missis
2231 4905 2491 4977 inﬂatus,
2551 4924 2687 4965 cun:
2748 4908 2840 4965 sui
2871 4914 2996 4966 tum
3029 4910 3262 4966 illorum
3294 4913 3623 4983 periculum

1977 4997 2261 5067 facturus,
2318 4997 2596 5068 Sangario
2677 4997 2920 5054 ﬂumine
2973 5008 3240 5071 superato
3300 5000 3621 5058 Lascarinae

1975 5086 2213 5144 ditionis
2244 5088 2459 5160 oppida
2515 5092 2726 5156 vastat,
2784 5093 2840 5146 et
2894 5094 3028 5161 post
3059 5091 3183 5147 dies
3222 5091 3447 5163 aliquot
3486 5091 3623 5148 inde

1975 5176 2318 5250 digreditur,
2351 5176 2656 5234 obsidibus
2688 5178 2959 5234 Plusiade
3007 5179 3285 5251 acceptis,
3319 5179 3621 5237 nonnullis

1972 5268 2143 5321 ctiam
2168 5265 2228 5320 in
2257 5264 2492 5324 vincula
2520 5266 2816 5338 conjectis,
2853 5268 3007 5339 quod
3067 5268 3138 5323 ad
3197 5268 3492 5325 Lascarim
3524 5270 3623 5326 de-

1973 5354 2261 5410 fecissent.
2295 5353 2419 5409 Itali
2451 5369 2582 5410 vero
2640 5353 2871 5411 circiter
2925 5372 3022 5411 ccc
3070 5357 3352 5427 parabant
3388 5356 3624 5430 longius

1973 5441 2263 5514 progredi,
2288 5446 2346 5498 et
2370 5457 2401 5497 e
2427 5440 2677 5498 vallibus
2698 5441 2756 5498 in
2783 5446 3010 5501 montes
3062 5446 3478 5504 ascendebant.
3509 5448 3621 5506 Sed

1549 5535 1743 5603 Hier.
1776 5538 2033 5608 Wolfii
2073 5541 2288 5609 notas.

277 5647 396 5725 (82)
423 5647 513 5711 Ὠς
547 5642 745 5704 οὔκουν
784 5638 1013 5703 ἐϐάλετο
1034 5643 1171 5702 κατὰ
1198 5645 1344 5699 νοῦν.
1378 5640 1781 5717 Negationem,
1813 5661 1869 5720 qi

1997 5646 2327 5709 redundare
2358 5646 2647 5718 eaistimc,
2680 5649 2878 5712 omisi.
