4072 6218
529 257 676 316 1031

1844 243 2156 306 ΝΙΟΕΤΛΕ
2197 243 2620 309 ΟΗΟΝΙΑΤἎΕ

3725 260 3846 321 ωδε

531 390 687 446 circa
704 387 1049 444 Nicomedia:
1078 381 1355 440 Trachias
1395 379 1588 437 subito
1643 377 1960 434 Androcini
2003 377 2174 434 Guidi

2299 375 2554 452 δεξιοῦται
2611 386 3002 459 καταγωγαῖςς
3049 381 3140 437 καὶ
3205 381 3414 458 κρέασιν
3462 383 3633 448 υἷείοις
3665 406 3850 462 ταριχηο

530 484 882 548 superventu
910 479 1040 548 post
1061 474 1274 529 variam
1296 487 1504 544 pugnae
1527 470 1816 524 fortunam
1837 469 2176 538 vincuntur,

532 566 794 624 nonnulli
825 567 1000 622 etiam
1044 565 1101 620 in
1132 563 1380 620 insidias
1439 561 1497 616 in
1548 558 1837 614 montibus
1869 557 2181 613 collocatas

527 657 751 730 delapsi
774 655 1105 728 capiuntur,
1137 657 1202 706 ut
1252 665 1396 723 pene
1441 648 1639 705 nullus
1664 652 1996 718 superesset
2027 646 2180 701 846

537 748 633 819 qui
667 745 891 802 cladem
920 743 1078 799 illam
1133 741 1328 796 Davidi
1389 738 1706 794 nuntiaret.
1739 737 1848 791 Sed
1882 740 1938 792 et
1981 735 2182 790 Petrus

534 836 829 905 Plancius,
849 835 1018 906 cujus
1051 838 1184 890 ante
1219 829 1483 896 memini,
1517 827 1731 898 insigni
1763 825 2022 896 corporis
2059 843 2180 879 ma-

534 925 837 999 gnitudine
889 920 1248 979 admirabilis
1304 924 1362 976 et
1419 917 1682 989 generosi
1744 915 1925 970 animi
1970 914 2184 970 invicto

535 1015 744 1071 robore
773 1013 1045 1082 illustris,
1081 1027 1142 1067 se
1200 1008 1368 1080 Pegis
1427 1007 1568 1062 urbe
1630 1005 1806 1076 recipi
1868 1021 1974 1060 suo
2007 1002 2182 1059 veluti

531 1106 666 1176 jure
695 1102 1048 1176 postulabat,
1073 1100 1223 1172 quod
1256 1099 1508 1170 primum
1543 1094 1620 1149 ibi
1673 1093 2018 1165 appulisset,
2051 1108 2182 1148 cum

540 1194 729 1250 Latini
751 1186 1436 1248 RomanisOrientalibus
1458 1183 1671 1240 bellum
1717 1181 2074 1238 intulissent.
2107 1182 2186 1236 Ac

536 1284 682 1340 alias
713 1285 908 1353 aperte
939 1283 1266 1350 irrumpere
1294 1280 1562 1341 conatus,
1605 1274 1705 1328 sed
1740 1290 1772 1326 a
1820 1272 2042 1327 civibus
2077 1271 2188 1326 La-

534 1372 686 1428 scari
739 1369 1066 1426 faventibus
1128 1365 1494 1438 repudiatus,
1552 1368 1816 1417 mutasse
1872 1360 2184 1416 consilium

537 1461 878 1534 putabatur.
913 1457 1057 1525 Quia
1090 1472 1219 1512 vero
1252 1470 1457 1525 parum
1519 1456 1715 1522 aperto
1772 1453 1951 1504 Morte
1999 1448 2188 1520 proie—

535 1554 712 1620 cerat,
747 1547 820 1605 ad
851 1547 1094 1603 insidias
1125 1558 1461 1608 conversus,
1526 1541 1771 1612 Pegauis
1830 1539 2063 1610 aliquod
2108 1538 2191 1593 in-

533 1639 808 1710 terceptis
850 1640 906 1692 et
963 1634 1193 1699 occisis,
1255 1648 1320 1686 ex
1379 1630 1500 1685 suis
1556 1629 1700 1684 clam
1763 1643 1974 1698 paucos
2023 1624 2188 1682 simul

533 1723 1054 1800 Pegasintroducit
1077 1721 1386 1792 cujusdam
1409 1717 1634 1772 Stblabi
1685 1715 1898 1772 Vareni
1928 1725 1980 1771 et
2014 1716 2188 1785 huius

531 1817 904 1888 conjuratum
939 1829 1137 1884 opera.
1177 1812 1316 1866 Dein
1360 1809 1484 1880 ipse
1535 1823 1770 1878 quoque
1825 1806 2188 1861 occasionem

532 1910 737 1962 nactus
770 1903 1139 1967 subintravit,
1175 1905 1231 1954 et
1261 1897 1610 1954 adversariis
1644 1900 1818 1951 noctu
1872 1894 2038 1950 nullo
2087 1911 2193 1950 ne-

531 1997 686 2067 gotio
717 1992 966 2065 repulsis
1002 1995 1120 2046 tota
1155 1991 1294 2045 urbe
1328 1988 1547 2059 potitus
1579 1989 1687 2040 est.

2287 476 2426 544 ροῖς,
2466 471 2554 525 καὶ
2615 473 2742 546 παρ’
2800 469 2976 528 αὐτῶν
3035 471 3261 528 αἰτεῖται
3320 471 3557 546 δευτέραν
3635 477 3852 551 σῦναρσιν,

2285 561 2374 612 καὶ
2433 559 2746 635 λιπαρεῖται
2812 560 2863 614 ἐν
2923 567 3043 624 ταῖς
3093 563 3228 636 πρὸς
3257 559 3350 617 τόν
3382 563 3633 635 Λοίσκαριν
3678 572 3855 641 γραφαῖς

2285 646 2375 702 καὶ
2447 647 2706 711 σπονδαῖς
2763 655 2880 712 τοῖς
2933 650 3314 723 ὑποκειμένοις
3376 651 3516 729 σφίσι
3563 653 3856 708 κάκείνονένο

2285 738 2590 808 τάττεσθαι,
2659 740 2746 793 καὶ
2806 741 2907 809 τήν
2976 741 3062 794 ὑπ’
3117 740 3277 794 αὐτὸν
3345 745 3511 795 πᾶσαν
3569 742 3732 816 χώραν
3771 749 3855 804 ταῖς

2291 825 2392 880 ὑπὸ
2439 827 2700 891 Λατίνους
2756 829 3117 905 έγκρίνεσθαι.
3185 827 3400 901 Ἀμέλει
3461 830 3530 892 ὡς
3583 832 3684 905 εἶχε
3735 837 3857 888 ταῦτα

2288 914 2707 988 καταθεμένους,
2796 917 3025 980 πύθοιτο
3125 915 3182 972 δὲ
3253 917 3342 972 καὶ
3405 920 3493 973 τὸν
3548 918 3778 992 Λάσκαριν
3820 922 3858 975 ἐκ

2290 1003 2518 1066 Νικαίας
2576 1004 2652 1068 είς
2741 1010 2987 1080 Προῦσαν
3081 1007 3398 1082 μετάραντα,
3485 1005 3534 1076 ἐξ
3607 1008 3858 1083 Ἡρακλείας

2291 1094 2504 1167 πρόεισι
2537 1095 2626 1148 καὶ
2686 1094 2846 1157 αὐτὸς
2915 1099 2994 1168 τῷ
3049 1116 3393 1171 συμμαχικῳ
3453 1102 3671 1170 γαυριῶν
3697 1099 3859 1172 Exegi:

2293 1183 2586 1250 Βυζαντίου
2645 1191 2934 1259 προσεχῶς
2997 1181 3190 1257 έκείνῳ
3252 1183 3570 1252 ἀπέσταλτο,
3633 1189 3860 1261 γυμνασίαν

2289 1289 2348 1323 τε
2377 1269 2466 1324 καί
2510 1271 2802 1346 ἀνάπειραν
2862 1273 3058 1328 ἑαυτοῦ
3115 1274 3376 1328 κάκείνων
3434 1275 3749 1346 ποιούμενος,
3799 1279 3858 1329 τὸν

2294 1360 2600 1434 Σαγγάριον
2629 1356 2823 1422 διαϐὰς
2852 1363 3100 1434 ποταμὸν
3135 1359 3415 1432 ῦπηκόους
3457 1361 3774 1435 κωμοπόλεις
3813 1369 3864 1434 τῷ

2292 1449 2531 1524 Λάσκαρι
2592 1447 2785 1523 ἔκειρε.
2821 1451 2926 1507 Καὶ
2996 1452 3113 1524 μεθ’
3167 1449 3379 1526 ἡμέρας
3420 1452 3575 1515 αὐτὸς
3612 1453 3697 1523 μὶν
3723 1453 3863 1515 ἐκεῖθεν

2297 1537 2632 1610 μεθίσταται,
2675 1540 2923 1615 ὁμήρους
2967 1537 3028 1595 ἐκ
3070 1547 3171 1610 τῆς
3233 1537 3568 1602 Πλουσιάδος
3623 1538 3862 1614 δεξάμενος,

2295 1625 2456 1688 ἐνίοις
2520 1624 2576 1682 δὲ
2628 1629 2717 1682 καὶ
2772 1626 2945 1702 δεσμά
3012 1630 3367 1704 περιθέμενος
3428 1627 3515 1684 διὰ
3554 1630 3610 1684 τὸ
3654 1634 3863 1705 σφᾶςχω-

2298 1722 2460 1789 ρῆσαι
2492 1721 2570 1789 τῷ
2603 1719 2866 1792 Λάσκαρι·
2909 1719 2961 1774 οἱ
2996 1716 3043 1773 δ’
3080 1717 3286 1776 Ἰταλοὶ
3318 1720 3442 1792 περὶ
3476 1740 3575 1773 που
3610 1720 3719 1780 τοὺς
3762 1739 3863 1791 τρια·

2301 1805 2519 1868 κοσίους
2550 1807 2824 1882 ὁρώμενοι
2854 1811 3325 1878 παρεσκευάζοντο
3362 1809 3459 1880 μὶν
3507 1808 3592 1862 καὶ
3643 1809 3867 1882 περαιτέρω

2304 1900 2509 1968 χωρεῖν
2577 1897 2681 1950 κάκ
2727 1901 2836 1951 τῶν
2869 1897 3076 1952 κοίλων
3128 1899 3266 1972 πρὸς
3315 1898 3385 1952 τά
3447 1899 3674 1972 μετέωρα
3698 1893 3866 1962 ἔϐαινον,

2303 1981 2630 2047 ἐπελθόντος
2664 1983 2710 2039 δ’
2736 1985 2924 2050 αὐτοῖς
2955 1985 3290 2061 ἀπροόπτως
3319 1986 3446 2060 περὶ
3482 1986 3572 2049 τὰς
3618 1993 3702 2054 τῆς
3753 1987 3868 2042 Νικο-

541 2080 770 2159 μηδείας
802 2078 1083 2158 Τραχείας
1145 2075 1494 2151 Ἀνδρονίκου
1532 2077 1628 2128 τοῦ
1689 2069 1869 2142 Γίδου,
1905 2069 1995 2126 καί
2049 2072 2341 2145 γινομένης
2397 2069 2711 2145 συμϐολῆς,
2775 2077 3047 2143 ἡττῶνται
3097 2075 3230 2148 μετὰ
3268 2074 3529 2136 πλείστας
3574 2069 3767 2146 ἀμοιϐὰς
3806 2092 3869 2140 τοῦ

540 2172 821 2246 πολέμου,
864 2171 914 2224 οἱ
947 2167 1004 2224 δὲ
1034 2167 1125 2222 καὶ
1159 2170 1489 2240 ζωγροῦνται
1522 2168 1635 2225 τοῖς
1667 2166 1988 2240 περισχοῦσι
2046 2161 2112 2214 τὰ
2143 2160 2244 2234 ὅρη
2286 2161 2375 2215 καὶ
2432 2166 2549 2224 ταῖς
2607 2162 3148 2238 προλελοχισμέναις
3215 2165 3320 2220 ὑπὸ
3390 2168 3536 2241 σφῶν
3578 2159 3867 2237 περιπεσόντες

533 2261 793 2339 ἐνέδραις,
827 2260 901 2322 ὡς
936 2255 1076 2333 μηδέ
1107 2256 1385 2331 πυρφόρον
1443 2251 1840 2330 ὒποΛελεῖφθαι
1901 2249 2097 2325 σχεδὸν
2159 2250 2251 2304 τὸν
2281 2255 2360 2323 τῷ
2415 2247 2583 2306 Δαϐἷδ
2648 2251 3065 2329 ἀπαγγελοῦντα
3093 2251 3282 2308 τοῦτοί
3309 2253 3375 2306 τὸ
3409 2250 3723 2327 δυστύχημα.
3744 2249 3866 2307 Ἀ).λά

532 2359 618 2410 καὶ
669 2353 870 2428 Ηέτρος
927 2353 955 2406 ὁ
1000 2349 1058 2404 ἐκ
1125 2348 1430 2416 Πλάντζης,
1493 2345 1554 2399 οῦ
1587 2344 1672 2397 καὶ
1717 2343 1946 2417 πρόσθεν
2013 2340 2360 2415 ἐμνήσθημεν
2436 2346 2669 2416 (μεγέθει
2721 2341 2776 2398 δὲ
2840 2344 2997 2402 οὗτος
3058 2343 3313 2416 σώματος
3373 2344 3645 2416 θαυμασίῳ
3687 2342 3866 2397 ἐκέκαστο

532 2444 622 2499 καὶ
653 2447 838 2519 ψυχῆς
904 2439 1134 2516 γενναίῳ
1200 2431 1584 2511 περιεϐλέπετο
1629 2433 2060 2505 παραστήματι),
2097 2435 2217 2492 ταῖς
2273 2435 2496 2504 Πηγαῖς
2555 2435 2621 2504 τῇ
2675 2429 2836 2486 πόλει
2887 2429 3292 2507 προσδεχθῆναι
3325 2432 3640 2510 φιλονεικῶν
3693 2432 3763 2484 Em
3796 2429 3855 2482 καὶ

535 2531 742 2587 δίκαιον
772 2531 855 2586 ἐπ’
902 2527 1087 2591 αὒταῖς
1144 2526 1286 2603 ἔχειν
1337 2521 1779 2598 ἴσχυριζόμενος,
1847 2520 1921 2580 ὡς
1995 2519 2088 2573 οἶα
2136 2518 2370 2593 πρώτως
2433 2517 2544 2573 ἐκεῖ
2599 2522 2892 2595 καταχθεῖς
2950 2521 3110 2590 ἡνίκα
3169 2526 3394 2576 Λατῖνοι
3460 2521 3590 2576 κατά
3636 2525 3724 2574 τῶν
3763 2519 3856 2592 πρὸς

541 2621 713 2696 αὐγάς
740 2619 904 2690 ἡλίου
934 2616 1220 2690 Ῥωμαίων
1253 2611 1603 2668 ἐπανείλοντο
1631 2609 1896 2682 πόλεμον,
1944 2608 2032 2663 καὶ
2066 2606 2267 2662 ἄλλοτε
2300 2609 2392 2681 μέν
2453 2605 2688 2662 εἰσδῦναι
2744 2609 2941 2670 ταύτας
2999 2608 3057 2665 ἐκ
3109 2615 3206 2666 τοῦ
3263 2615 3572 2689 προφανοῦς
3625 2609 3860 2682 impiam,

542 2709 914 2787 ἀποπεμφθεὶς
947 2704 991 2761 δ’
1025 2707 1097 2768 ὡς
1128 2709 1237 2760 τῶν
1266 2700 1441 2758 ἔνδοθι
1483 2699 1824 2776 φρονούντων
1869 2697 2004 2776 φίλα
2034 2702 2110 2769 τῷ
2146 2697 2406 2770 Λάσκαρι,
2433 2692 2579 2770 ἔδοξε
2616 2699 2711 2771 μὶν
2779 2698 3112 2775 ἀποσχέσθαι
3172 2702 3403 2770 ταυτησὶ
3463 2707 3561 2769 τῆς
3611 2699 3858 2773 προθέσεως,

537 2804 565 2856 ὁ
618 2798 662 2856 δ’
725 2797 984 2873 ἐνδρεύων
1056 2796 1122 2865 ἦν
1179 2794 1366 2862 πάλιν,
1416 2791 1499 2846 ὅτι
1561 2787 1701 2864 μηδὲ
1755 2787 2047 2862 προύπτως
2104 2787 2224 2860 εἶχε
2287 2785 2619 2860 βιάζεσσθαι.
2687 2792 2801 2842 Τῶν
2868 2792 2994 2864 γοῦν
3074 2794 3371 2864 Πηγαῖτῶν
3431 2810 3573 2850 τινας
3627 2785 3860 2857 ὑποκλέψας

543 2891 633 2947 καὶ
686 2889 1019 2967 διαφθείρας,
1044 2885 1249 2960 ζλάθρα
1306 2881 1397 2937 καὶ
1457 2879 1591 2935 κατὰ
1647 2879 1876 2956 βραχεῖς
1933 2879 2061 2940 τοῦς
2114 2875 2348 2930 οἱκείους
2405 2882 2522 2938 ταῖς
2594 2882 2802 2951 Πηγαῖς
2857 2875 3152 2954 ἐπεισάγει,
3229 2877 3701 2952 πολυωρουμένους
3769 2873 3862 2945 παρὰ

539 2975 794 3045 Σθλάϐου
861 2978 1008 3038 τινὸς
1061 2976 1309 3049 Βαρηνοῦ
1352 2976 1444 3026 καῖ
1496 2973 1603 3024 τῶν
1659 2966 1854 3022 τούτου
1913 2964 2266 3038 συνωμοτῶν.
2332 2963 2502 3037 Πέρας
2563 2961 2620 3018 δὲ
2675 2965 2764 3019 καὶ
2799 2963 2959 3027 αὐτὸς
3015 2967 3041 3020 ό
3091 2965 3291 3041 Πέτρος
3350 2967 3782 3043 καιροφυλακήσας
3803 2964 3862 3021 τὶς

535 3069 728 3144 Πηγὰς
762 3062 1129 3135 ἐπεισδέδυκε,
1154 3061 1474 3136 καὶμνυκτὸς
1509 3057 1828 3132 ἐπιθέμενος
1851 3056 1942 3112 οὐν
1978 3051 2155 3109 οὐδενὶ
2185 3054 2338 3126 πόνῳ
2367 3053 2494 3116 τοὺς
2537 3053 2808 3117 ἐναντίους
2851 3052 3107 3110 διώσαιτο
3159 3055 3250 3111 καὶ
3306 3063 3411 3126 τῆς
3463 3055 3592 3125 ὅλης
3642 3054 3861 3128 κεκράτηκε

535 3158 776 3220 πόλεως.

607 3249 754 3304 Dum
814 3247 936 3302 haac
993 3250 1296 3317 geruntur,

535 3335 973 3408 Adrianopolim
1008 3338 1200 3390 castra
1243 3334 1557 3397 metantur,
1620 3327 1739 3383 foro
1787 3335 1943 3383 extra
1989 3325 2189 3380 urbem

535 3424 1075 3491 instituto.Deinde,
1109 3420 1244 3477 belli
1267 3418 1542 3475 societate
1561 3433 1694 3472 cum
1723 3413 2002 3470 Romanis
2021 3412 2190 3478 inita,

541 3517 716 3572 urbes
739 3513 1021 3586 quasdam
1055 3511 1422 3566 circumeunt
1453 3524 1486 3562 a
1519 3503 1751 3577 Scythis
1803 3503 1950 3557 male
1983 3505 2190 3556 tracta-

535 3611 624 3662 tas
655 3603 998 3675 ;quihus,ut
1028 3606 1263 3671 tempus
1294 3597 1537 3664 ferebat,
1571 3591 1928 3656 constitutis,
1961 3589 2191 3645 Rhodo-

537 3713 621 3767 pie
653 3693 868 3748 limites
899 3689 1330 3764 ingrediuntur.
1397 3684 1502 3740 Ubi
1566 3699 1698 3737 cum
1751 3679 1949 3737 nullus
2004 3677 2192 3733 hostis

536 3801 651 3839 non
687 3782 860 3838 modo
889 3780 1221 3846 lacesseret,
1256 3775 1350 3832 sed
1396 3789 1500 3830 nec
1529 3773 1854 3844 appareret,
1890 3767 2189 3824 castellum

536 3871 978 3928 Stenimachum
1012 3867 1263 3940 ingressi
1325 3861 1706 3936 popularibus
1765 3857 1886 3914 suis
1919 3860 2104 3928 (erant
2135 3855 2193 3912 hi

543 3961 797 4031 reliquiae
831 3975 1032 4016 eorum
1068 3957 1170 4028 qui
1213 3955 1439 4028 pridem
1496 3947 1946 4021 Philippopolim
2005 3949 2197 4002 custo-

541 4052 788 4121 dierant)
824 4049 958 4104 inde
987 4045 1256 4102 abductis
1313 4041 1679 4098 Orestiadcm
1737 4038 1882 4093 847
1929 4037 2193 4100 redeunt,

541 4148 600 4197 ot.
630 4140 994 4196 Theodorum
1023 4138 1272 4192 Branam
1301 4131 1450 4188 dalis
1492 4129 1714 4200 aliquot
1745 4125 2085 4183 cohortibus
2116 4121 2195 4178 ibi

540 4226 1034 4299 relinquunt.Ipsi
1065 4223 1410 4297 Byzantium
1444 4217 1657 4274 reversi
1695 4215 2028 4282 Henricum,
2066 4211 2194 4268 Bal-

546 4319 713 4375 duini
746 4317 918 4390 primi
951 4332 1020 4371 ex
1052 4313 1265 4372 Latinis
1298 4309 1569 4382 Byzantio
1601 4305 1887 4361 dominati
1935 4303 2194 4366 fratrem,

548 4409 956 4479 imperatorem
993 4403 1310 4459 declarant.
1338 4399 1478 4454 Cum
1516 4402 1708 4451 autem
1762 4409 1942 4448 unum
1977 4406 2195 4446 annum

547 4503 601 4552 et
636 4511 864 4552 menses
897 4499 1146 4565 quatuor
1180 4505 1300 4545 rem
1333 4487 1623 4560 publicam
1672 4484 1797 4539 sine
1853 4481 2200 4552 imperatore

548 4583 1052 4645 administrarent,
1087 4577 1305 4634 nemini
1340 4573 1709 4648 popularium
1745 4585 1986 4627 suorum
2034 4582 2195 4638 regni

546 4671 1050 4742 inaugurationem
1074 4667 1400 4722 condonare
1425 4663 1734 4719 voluerunt
1775 4659 1886 4715 nisi
1928 4652 2195 4712 Balduini

552 4767 733 4817 morte
764 4759 922 4831 prius
952 4757 1266 4829 explorata.
1299 4753 1554 4808 Audiant
1615 4750 1734 4805 hinc
1790 4745 2056 4811 Romani,
2091 4744 2191 4815 qui

547 4857 602 4908 et
635 4852 835 4907 eodem
871 4853 1125 4918 tempore
1157 4846 1567 4916 imperatorem
1600 4840 1970 4909 inaugurant,
2006 4839 2063 4890 et
2092 4833 2191 4906 qui

546 4927 1946 5012 inauguratum,utevertant,animisconcipiunt.
1980 4925 2193 4989 Quam-

546 5011 746 5088 obrem
773 5031 903 5101 jure
933 5027 1088 5099 apud
1121 5039 1326 5080 omnes
1358 5028 1561 5093 gentes
1592 5021 1800 5073 nostrae
1858 5015 2042 5068 aetatis
2083 5011 2196 5066 mi-

548 5123 687 5180 lites
720 5126 784 5178 ut
830 5117 1132 5193 parricide
1185 5114 1414 5186 viperea,
1477 5115 1541 5165 ut
1593 5124 1735 5179 gens
1789 5104 2007 5160 nullius
2065 5121 2196 5158 con-

543 5214 681 5281 silii,
707 5217 771 5268 ut
799 5191 962 5266 liberi
989 5200 1540 5278 reprehendendi,ut
1571 5197 1674 5252 lilii
1703 5193 1886 5265 iniqui
1916 5191 2065 5248 male
2097 5208 2199 5248 au-

546 5305 734 5359 diunt.
768 5303 1050 5356 Caeterum
1087 5293 1354 5351 Balduini
1415 5305 1572 5345 mors
1635 5286 1716 5340 ita
1761 5283 2025 5355 contigit.
2060 5283 2196 5355 Scy-

546 5395 704 5449 thico
736 5391 887 5448 bello
929 5393 1132 5458 captus
1172 5391 1228 5442 et
1286 5380 1562 5445 vinculis,
1619 5382 1684 5432 ut
1740 5375 1880 5442 dixi,
1929 5380 2200 5430 oneratus

545 5477 717 5553 longo
749 5486 1010 5551 tempore
1037 5473 1290 5531 Tcrnobi
1321 5473 1450 5528 fuit.
1507 5468 1646 5524 Cum
1691 5467 1886 5520 autem
1940 5464 2201 5536 Aspietea

1379 3239 1562 3296 Latini
1652 3236 1936 3310 principio
2013 3235 2182 3306 juxta

2375 3229 2669 3290 Οὑτωσὶδὲ
2725 3232 3114 3308 πραττομένων
3169 3233 3380 3289 τούτων
3415 3235 3465 3289 oi
3501 3234 3593 3302 τὴν
3648 3229 3858 3304 ’Δεριανοῦ

2298 3321 2689 3398 κατειληφότες
2749 3327 2971 3376 Λατῖνοι
3025 3323 3093 3377 τὰ
3151 3323 3249 3396 μὶν
3301 3328 3498 3399 πρῶτα
3567 3323 3674 3394 περὶ
3748 3319 3858 3382 αὐτήν

2296 3409 2670 3480 ένηυλίσαντο,
2705 3409 2794 3464 καὶ
2825 3411 2997 3486 ἀγορά
3049 3417 3148 3480 τῆς
3207 3413 3429 3474 πόλεως
3486 3408 3583 3483 ἔξω
3636 3408 3851 3475 πεποίητο·

2299 3500 2409 3554 εἶτα
2439 3499 2528 3553 καὶ
2590 3499 2924 3578 συναιχμίαν
2984 3499 3119 3573 μετά
3167 3501 3466 3573 Ῥωμαίων
3530 3497 3859 3570 ἀποδειξάμενοι

2297 3593 2403 3642 τῶν
2460 3589 2678 3644 πόλεών
2729 3611 2878 3652 τινας
2951 3589 3340 3665 περιέρχονται
3420 3594 3593 3651 κακῶς
3663 3586 3858 3641 meai-:2:

2302 3676 2405 3732 ὑπό
2439 3683 2678 3747 Σκυθῶν,
2710 3679 2803 3732 καὶ
2841 3679 3059 3746 ταυτας,
3097 3678 3171 3740 ὡς
3225 3679 3252 3733 ὀ
3285 3681 3481 3755 καιρὸς
3539 3675 3716 3744 ἐδίδου,
3744 3693 3858 3728 κατα·

2301 3768 2654 3839 στησάμενοι,
2683 3768 2797 3822 εἶτα
2826 3765 2918 3822 καί
2973 3771 3083 3822 τῶν
3126 3773 3227 3837 τῆς
3283 3767 3560 3840 Ῥοδόπης
3611 3761 3857 3844 σχοινισμί·

2298 3877 2406 3912 των
2441 3852 2719 3913 ἅπτονται.
2754 3854 2976 3925 Μηδένα
3006 3853 3063 3911 δὲ
3093 3855 3368 3928 πολέμιον
3447 3855 3657 3933 ἔχοντες
3698 3850 3859 3922 ἐξαπτό-

2305 3967 2458 4018 μενον
2483 3948 2621 4017 μήτε
2655 3946 2762 4017 μὴν
2797 3943 2942 3999 δλως
2984 3944 3160 4021 σφίσιν
3221 3946 3672 4020 ὑποφαινόμενον,
3724 3939 3857 3995 eis-fw

2298 4035 2360 4090 τὸ
2411 4030 2584 4108 ἔρυμα
2639 4035 2729 4088 τὸν
2792 4034 3152 4110 Στενίμαχον,
3218 4034 3308 4088 καὶ
3368 4036 3676 4108 μεθιστῶσιν
3721 4028 3856 4083 ἐκεῖθεν

2299 4121 2430 4185 τοὺς
2485 4124 2764 4196 ὁμογενεῖς
2821 4127 2992 4200 σφῶν,
3047 4121 3360 4193 ἀποσπάδα,
3424 4124 3579 4187 ὄντας
3641 4124 3728 4174 τῶν
3794 4116 3859 4178 τήν

2304 4210 2588 4268 Φιλίππου
2623 4210 2917 4266 διεπόντων
2952 4213 3238 4288 πρότερον,
3287 4214 3380 4267 καὶ
3441 4211 3606 4273 οὕτως
3657 4209 3716 4268 εἶς
3758 4207 3860 4274 Ὀρε-

2303 4299 2494 4357 στιάδα
2524 4299 2690 4356 πάλιν
2723 4299 3138 4358 έπαναλύουσιν.
3164 4302 3341 4360 Ἀλλά
3371 4304 3461 4358 καὶ
3487 4308 3664 4377 μοῖραν
3692 4301 3758 4371 [Ρ.
3778 4293 3857 4360 413ξ

2305 4390 2706 4466 στρατεύματος
2739 4387 3009 4465 Θεοδώρῳ
3061 4395 3140 4463 τῷ
3171 4394 3350 4466 Βρανᾷ
3406 4388 3711 4463 απραδόντες
3754 4401 3859 4452 στὲι·

2303 4487 2490 4556 τηγεῖν
2528 4486 2636 4536 τῶν
2693 4481 2804 4536 ἐκεῖ
2855 4479 3296 4538 καταλείπουσιν.
3355 4481 3524 4537 Δῦτοὶ
3576 4477 3617 4534 δ’
3665 4475 3859 4531 ἐπανίασιν

2306 4570 2358 4634 ές
2389 4571 2705 4640 Βυζάντιον,
2745 4569 2837 4624 καὶ
2886 4569 2962 4632 εἷς
3026 4569 3253 4644 βασιλέα
3312 4571 3530 4646 χρίουσι
3582 4568 3661 4622 τὸν
3709 4559 3846 4636 Ἑρῥῆν

2308 4659 2365 4722 ὅς
2422 4661 2490 4729 ἦν
2561 4659 3020 4734 αὐτοκασίγνητος
3052 4657 3388 4715 Βαλδουῒνου
3444 4663 3537 4714 τοῦ
3588 4656 3778 4731 πρώτως
3826 4645 3862 4698 ἐκ

2305 4749 2546 4804 Λατίνων
2611 4755 2712 4817 τῆς
2771 4747 3144 4804 Κωνταντίνου
3227 4749 3604 4824 κατάρξαντος.
3658 4735 3861 4800 Ἐνιαδτὸν

2305 4836 2349 4894 δ’
2405 4837 2500 4892 ἓνα
2552 4837 2641 4891 καὶ
2703 4845 2879 4910 μῆνας
2932 4837 3192 4914 τέσσαρας
3243 4821 3377 4894 ἄνευ⁷
3407 4834 3659 4895 κασιλέως
3684 4833 3734 4886 τᾶ
3758 4821 3863 4882 κοινᾶ

2307 4929 2634 5004 χειρίζοντες
2663 4927 2957 5001 πράγματα
2989 4928 3086 4982 οὐκ
3151 4927 3340 4991 ἄλλως
3381 4929 3678 4982 κατένευσαν
3713 4916 3862 4992 γρίσμα

2309 5000 2590 5095 βαάιλείας
2642 5000 2825 5089 ὁτῳδή
2883 5021 2992 5071 τῶν
3051 5015 3112 5072 ἐκ
3157 5017 3347 5094 γένους
3411 5014 3728 5093 χαρίσασθαι,
3754 5006 3786 5060 εἰ
3813 5000 3859 5074 μῆ

2306 5107 2567 5181 πρότερον
2633 5107 2726 5161 τὸν
2806 5103 3142 5163 Βαλδουΐνου
3231 5107 3456 5170 θάνατον
3539 5096 3860 5175 ἠκριϐὡσαντος

2310 5197 2682 5254 Ἀκουέτωσαν
2739 5199 2908 5251 ταῦτα
2959 5196 3226 5269 Ῥωμαῖοι
3275 5197 3327 5251 οἱ
3401 5196 3640 5271 χρίοντες
3664 5190 3756 5261 ἃμα
3804 5180 3860 5234 καῖ

2306 5286 2397 5340 τὸν
2440 5282 2528 5339 διὰ
2575 5285 2782 5360 τάχους
2836 5285 3236 5360 καθαιρήσοντα
3285 5285 3373 5340 τὸν
3405 5269 3683 5360 χρώμενον
3729 5269 3858 5343 τῷνῷ

2309 5354 2811 5447 συλλαμϐάνοντες.
2848 5354 3098 5436 Εἰκότως
3129 5374 3220 5429 οῦν
3254 5372 3341 5430 καὶ
3405 5354 3742 5446 μητρόλεθροι
3780 5354 3857 5447 ἔχιζ

2312 5462 2427 5520 δναι
2453 5443 2543 5518 καὶ
2576 5462 2727 5540 γένος
2751 5461 3113 5529 ἀπολωλεκὸς
3145 5461 3350 5540 βουλὴν
3374 5443 3462 5518 καὶ
3491 5443 3636 5518 τέκνα
3689 5443 3858 5528 amavi
