4072 6218
210 367 356 432 1033

1635 378 1842 441 URBI
1884 380 2168 445 GAPTA.

3455 392 3612 457 1038

209 506 295 560 καὶ
334 501 443 560 υἱοὶ
474 500 672 601 ἄνομοι
711 504 857 601 οὶήές
894 506 1042 581 ἡμᾶς
1098 508 1236 601 πρὸς
1268 507 1414 566 ὅπλα
1452 508 1670 590 ἔχοντες
1709 510 1857 584 παρὰ

1972 516 2041 573 ad
2067 517 2304 577 Latinos
2328 522 2656 593 defecisset,
2686 523 2945 581 Joannes
3001 522 3090 582 ira
3118 531 3390 601 aestuans,
3419 531 3478 586 et
3506 529 3613 588 do-

212 599 366 649 πᾶσιν
430 592 729 649 ἀκούουσιν
759 588 981 652 ἔθνεσιν.
1030 597 1088 654 Ὀ
1152 594 1210 653 δὲ
1244 602 1341 653 τοῦ
1381 588 1720 656 Βαλδουίνου
1761 601 1861 655 θά-

1972 607 2089 663 lore
2119 610 2178 663 in
2210 609 2337 668 dies
2366 611 2806 684 ingravescente
2854 630 3000 685 pene
3042 615 3104 671 in
3153 588 3388 675 rabiem,
3421 624 3611 692 actus,

211 705 362 746 νατος
391 681 535 739 οὕτω
575 679 942 758 συμϐέϐηκεν.
985 687 1073 743 Ἐν
1115 691 1195 760 τῷ
1227 690 1478 763 Σκυθικῷ
1519 689 1862 766 συλληφθεὶς

211 774 435 849 πολέμῳ
473 775 562 830 καὶ
604 773 828 849 δεσμοῖς
871 772 1229 850 ὑποϐληθείς,
1262 781 1336 843 ὡς
1368 778 1561 858 ἐρρέθη
1608 802 1724 854 μοι,
1768 802 1863 835 συ-

211 866 340 939 χνὸν
378 862 487 936 ἤδη
530 865 731 944 χρόνον
761 865 1107 943 καθείργνυτο
1147 867 1201 931 ἐς
1231 870 1322 923 τὸν
1362 865 1653 941 Τέρνοϐον.
1687 873 1865 926 Ἀπο-

216 958 428 1018 στάντος
468 954 527 1010 δὲ
576 960 675 1010 τοῦ
735 956 1026 1014 Ἀσπιέτου
1072 959 1326 1022 Λατίνοις
1367 966 1528 1034 θυμῷ
1569 957 1860 1035 ὑπερζέσας

215 1047 242 1101 ὁ
283 1045 554 1116 Ἰωάννης,
586 1044 679 1099 καὶ
744 1050 841 1101 τοῦ
898 1048 1102 1109 πάθους
1142 1047 1224 1103 ἀεὶ
1263 1047 1508 1104 ἐπίτασιν
1550 1043 1863 1121 Λαμὸἀνον-

212 1154 323 1203 τος,
364 1135 438 1197 είς
501 1131 746 1207 μανιώδη
790 1133 986 1210 σχεδὸν
1018 1135 1271 1206 ἐξώκειλε
1302 1136 1562 1202 διάθεσιν⁹
1604 1139 1724 1202 ὃθεν
1762 1144 1861 1207 τῆς

214 1228 427 1300 εἱρκτῆς
463 1222 559 1279 τὸν
599 1221 768 1299 ἄνδρα
797 1223 1069 1301 ἐξαγαγὼν
1098 1225 1306 1282 κελεύει
1346 1226 1474 1289 τοὺς
1543 1229 1636 1301 μὶν
1687 1223 1857 1290 πόδας

211 1315 315 1370 ἀπὸ
353 1314 597 1391 γόνατος,
636 1314 731 1378 τὰς
777 1312 834 1371 δὲ
872 1321 1061 1392 χεῖρας
1129 1317 1191 1371 ἐκ
1248 1316 1556 1394 βραχιόνων
1625 1312 1859 1388 Τενεδίῳ

210 1406 452 1479 ἄντικρυς
504 1403 722 1460 πελέκει
761 1405 1133 1479 ἀποκοπῆναι,
1192 1407 1305 1463 εἶτα
1342 1406 1433 1461 καὶ
1498 1407 1633 1461 κατὰ
1699 1426 1861 1483 κεφα-

210 1493 317 1564 λῆς
371 1493 456 1549 ἐπὶ
529 1496 806 1572 φάραγγος
864 1495 1186 1567 ὠθισθῆναι.
1244 1495 1450 1554 Οὐκοῦν
1540 1495 1631 1550 καὶ
1713 1497 1857 1566 τρεῖς

205 1584 484 1659 ἒξαρκέσας
541 1583 776 1659 ἡμέρας,
839 1584 978 1661 βορὰ
1025 1585 1383 1660 προκείμενος
1444 1580 1674 1660 ὄρνισιν,
1734 1582 1854 1637 έΛε-

1970 696 2248 756 Balduino
2278 701 2483 759 educto
2505 718 2534 757 e
2565 719 2793 761 carcere
2823 705 3001 777 pedes
3054 723 3087 763 a
3117 708 3365 780 genibus
3390 712 3449 766 et
3488 726 3613 767 ma-

1968 804 2079 843 nus
2134 806 2168 844 a
2225 790 2482 847 brachiis
2537 791 2793 849 Tenedia
2848 794 3017 865 plane
3073 797 3266 853 securi
3295 798 3609 871 amputari,

1968 877 2178 933 deinde
2206 879 2402 950 ipsum
2431 880 2489 936 in
2521 880 2729 938 vallem
2760 882 3109 955 praecipitari
3141 885 3331 956 jubet,
3364 887 3465 943 ubi
3495 893 3611 945 ter-

1965 965 2045 1020 tio
2078 967 2314 1024 demum
2347 968 2442 1025 die
2471 986 2604 1026 esca
2629 970 2928 1027 volucrum
2975 972 3382 1031 miserabiliter
3417 977 3608 1049 exspi-

1966 1056 2132 1110 ravit.
2167 1057 2374 1129 Neque
2401 1074 2536 1115 vero
2567 1060 2721 1116 hunc
2751 1060 2966 1131 solum,
3000 1063 3100 1118 sed
3123 1062 3276 1120 848
3313 1064 3608 1125 Romanos

1966 1143 2138 1200 etiam
2163 1146 2419 1217 captivos
2459 1149 2662 1205 eadem
2696 1149 3040 1207 crudelitate
3095 1151 3405 1224 interfecit,
3442 1155 3606 1211 omni

1963 1250 2098 1291 voce
2119 1240 2176 1292 et
2197 1237 2449 1310 supplici
2470 1243 2638 1310 gestu
2662 1240 2968 1311 repudiato
2990 1258 3057 1297 ac
3076 1240 3230 1299 inter
3250 1241 3394 1299 alios
3416 1243 3609 1301 dromi

1962 1324 2316 1397 logothetam
2339 1327 2783 1385 Constantinum
2805 1330 3127 1400 Tornicem,
3160 1332 3261 1403 qui
3275 1332 3418 1388 urbe
3438 1337 3607 1406 capta

1963 1415 2179 1471 invitus
2202 1416 2318 1472 fere
2356 1416 2637 1473 Balduino
2665 1418 3021 1487 inservierat,
3054 1424 3113 1475 et
3160 1420 3298 1476 belli
3328 1421 3602 1494 Scythici,

1962 1519 2077 1575 quo
2101 1503 2151 1560 is
2171 1511 2374 1577 captus
2395 1505 2768 1577 est,periculo
2792 1508 3005 1564 evitato
3030 1508 3101 1563 ad
3123 1508 3316 1581 ipsum
3359 1526 3423 1567 se
3460 1525 3604 1568 con-

1959 1592 2190 1660 tulerat,
2223 1609 2491 1667 magnam
2522 1597 2927 1653 auctoritatem
2994 1614 3164 1654 suam
3230 1615 3360 1656 esse
3416 1605 3599 1673 ratus,

208 1677 359 1735 εινῶς
406 1672 499 1729 τὸν
542 1671 660 1747 βίον
712 1674 1092 1749 κατέστρεψεν.
1162 1673 1235 1729 Οὐ
1295 1678 1489 1730 τοῦτον
1558 1671 1616 1729 δὲ
1688 1669 1852 1744 μόνον

1972 1683 2117 1755 quod
2147 1683 2361 1756 saepius
2391 1685 2462 1740 ad
2495 1700 2630 1741 eum
2664 1686 2898 1744 nomine
2936 1687 3325 1745 Romanorum
3373 1669 3607 1762 legatus

209 1763 582 1838 ἀπανθρώπως
621 1761 764 1819 οὕτω
789 1767 887 1820 τοῦ
920 1767 1015 1838 ζῇν
1068 1762 1352 1842 ἐξήγαγεν,
1400 1763 1546 1821 ἀλλᾶ
1600 1765 1692 1820 καὶ
1761 1765 1853 1828 οὕς

1972 1772 2467 1831 .visset.Cmterum
2486 1791 2614 1832 eam
2636 1775 3095 1848 hospitalitatem
3117 1781 3207 1834 est
3224 1761 3516 1851 expertus,
3538 1783 3606 1837 ut

208 1852 451 1928 καθεῖρξε
528 1852 839 1927 Ῥωμαίους
915 1852 1147 1927 οἰκτρῶς
1199 1852 1473 1922 ἀπώλεσε,
1537 1855 1612 1928 μὴ
1672 1856 1854 1933 φωνὴν

1972 1864 2081 1918 toto
2107 1877 2345 1934 corpore
2376 1863 2581 1921 multis
2638 1865 2854 1923 ictibus
2911 1871 3295 1940 compunctus
3324 1872 3459 1940 post
3491 1884 3604 1926 caa-

211 1940 342 2018 μηδ’
371 1940 572 1998 ἱκεσίαν
599 1941 651 2014 ἐξ
681 1943 864 1998 αὐτῶν
891 1941 1040 2003 δλως
1069 1943 1445 2019 ἀνασχόμενος
1477 1943 1849 2002 ἐνωτίσασθαι.

1962 1950 2095 2006 dem
2126 1950 2452 2022 insepultus
2480 1952 2846 2023 abjiceretur.

194 2047 210 2078 θ
232 2034 305 2090 Ev
338 2033 421 2094 οἷς
459 2031 550 2087 καὶ
580 2034 675 2087 τὸν
708 2035 805 2087 τοῦ
833 2028 1043 2107 δρόμου
1076 2031 1373 2106 λογοθέτην
1405 2035 1814 2090 Κωνσταντῖνον
1851 2035 1943 2090 τὸν
1971 2036 2259 2111 Τορνίκην,
2289 2035 2795 2113 ὑποδρηστεόσαντα
2826 2041 2920 2114 μὲν
2961 2040 3144 2098 ἀκοντὶ
3172 2043 3237 2098 τὸ
3267 2041 3433 2099 πλέον
3469 2039 3606 2115 μετᾶ

202 2124 307 2192 τὴν
332 2128 432 2192 τῆς
462 2120 681 2186 πόλεως
711 2118 919 2176 ἅλωσιν
952 2125 1033 2194 τῷ
1076 2120 1295 2198 βασιλεῖ
1324 2120 1665 2196 Βαλδουὶνῳ,
1704 2124 1794 2178 καί
1826 2125 1917 2179 τὸν
1951 2122 2011 2180 ἐκ
2057 2124 2307 2201 πολέμου
2339 2124 2629 2205 διαδράντα
2683 2126 2931 2185 κίνδυνον
2976 2131 3097 2195 καθ’
3149 2128 3208 2187 ὅν
3242 2132 3347 2187 ὑπὸ
3378 2134 3600 2196 Σκυθῶν

208 2210 414 2273 ἰκεῖνος
438 2210 697 2283 ἑάλωκεν,
731 2209 1070 2287 προσρυέντα
1100 2208 1148 2265 δ’
1173 2206 1459 2285 ἔπειτατῷ
1500 2211 1722 2297 Ἰωάννη
1776 2211 1866 2267 καὶ
1898 2215 2042 2290 παρᾶ
2078 2215 2259 2285 τούτῳ
2297 2213 2593 2287 δυνηθῆναι
2649 2218 2718 2273 τὰ
2776 2217 3002 2295 μέγιστα
3064 2219 3462 2297 φανταζόμενον
3516 2221 3602 2283 οἷς

204 2299 480 2363 πολλάκις
508 2302 637 2370 παρ’
669 2298 875 2388 ἐκεῖνον
918 2300 1024 2356 ἀπὸ
1054 2299 1345 2375 Ῥωμαίων
1372 2296 1610 2377 πρέσϐυς
1640 2300 2052 2380 ἐπιπεφοίτηκε,
2085 2304 2253 2378 ξενίαν
2284 2302 2332 2360 δ’
2361 2307 2655 2381 εὒράμενον
2694 2308 2757 2362 τὸ
2812 2305 3028 2372 πολλὰς
3087 2309 3188 2364 ὑπὸ
3244 2309 3413 2388 ξιφῶν
3467 2308 3605 2365 κατὰ

205 2393 408 2454 παντὸς
436 2394 536 2446 τοῦ
569 2391 824 2464 σώματος
857 2387 1104 2464 δέξασθαι
1134 2390 1225 2446 καὶ
1259 2388 1389 2465 μηδ’
1420 2390 1571 2452 ὁσίας
1594 2395 1783 2465 τυχεῖν
1815 2393 1948 2464 μετὰ
1972 2394 2072 2462 τήν
2105 2393 2394 2469 ἀναίρεσιν.

280 2483 365 2552 ιζ’.
398 2483 466 2540 Οἱ
511 2477 569 2535 δέ
595 2501 655 2554 γε
711 2485 932 2536 Λατῖνοι
970 2479 1061 2535 καὶ
1111 2480 1179 2537 τὰ
1232 2478 1407 2535 πάλαι
1436 2477 1678 2554 ᾀδόμενα
1708 2501 1861 2535 στοι-

202 2568 420 2649 χειώδη
458 2573 560 2636 τῆς
588 2567 807 2632 πόλεως
847 2569 1196 2646 φυλακτήρια
1238 2570 1329 2624 καὶ
1383 2568 1520 2624 κατὰ
1547 2574 1741 2643 τεῖχος
1769 2568 1860 2623 καὶ

197 2664 408 2738 τάφρον
438 2662 915 2736 προσεξευρημένα
978 2663 1094 2721 τοῖς
1148 2660 1267 2714 κατ’
1306 2657 1474 2729 αὐτῆς
1516 2658 1860 2729 ξυντάττουσι

198 2752 495 2830 φάλαγγας
526 2751 617 2805 καὶ
646 2748 859 2825 λόχους
907 2747 1187 2817 καθίζουσι
1219 2746 1538 2822 δυσμενέσιν
1580 2746 1652 2822 (εἴ
1682 2744 1740 2802 δὲ
1768 2748 1856 2802 καὶ

196 2840 454 2911 ἀληθῶς,
493 2839 593 2895 οὐκ
647 2834 764 2914 ἔχω
804 2837 980 2914 λέγειν
1044 2839 1248 2915 σαφῶς)
1302 2842 1577 2912 καθαιρεῖν
1632 2836 1860 2912 ἐγνώκε-

2046 2486 2130 2544 17.
2159 2485 2346 2542 Latini
2380 2503 2551 2559 porro
2580 2487 2678 2544 illa
2700 2487 2840 2545 olim
2862 2489 3172 2547 decantata
3214 2488 3380 2546 urbis
3409 2489 3608 2547 muni-

1970 2577 2192 2641 menta,
2233 2591 2361 2647 quas
2394 2592 2427 2632 a
2452 2580 2610 2632 certa
2641 2576 2893 2648 partium
2950 2578 3100 2634 serie
3145 2577 3473 2635 Stcechiode
3520 2578 3613 2635 dl-

1971 2667 2203 2732 cuntur,
2232 2666 2385 2720 muri
2405 2681 2471 2720 ac
2505 2663 2641 2721 valli
2671 2665 2798 2723 loco
2835 2665 3154 2739 excogitata
3189 2671 3393 2725 contra
3416 2667 3614 2726 hostes

1969 2750 2059 2808 vel
2093 2756 2294 2824 aperta
2321 2753 2379 2810 vi
2407 2752 2495 2810 vel
2524 2753 2757 2811 insidiis
2787 2759 3123 2825 grassantes
3145 2756 3298 2830 (vere
3319 2773 3394 2812 an
3417 2773 3610 2828 secus,

1971 2841 2162 2898 dicere
2192 2841 2349 2898 haud
2381 2844 2668 2916 possum),
2701 2849 2957 2902 evertere
2998 2848 3351 2913 statuerunt,
3382 2862 3451 2904 ea
3465 2864 3614 2920 pre-

197 2951 323 3002 σαν,
377 2928 468 2984 καὶ
523 2927 731 2984 τούτων
777 2926 1015 3001 μάλιστα
1078 2927 1256 2981 ὁπόσα
1297 2926 1433 2981 κατὰ
1459 2928 1556 2982 τοῦ
1588 2929 1734 3003 σφῶν
1767 2924 1861 2980 ἀν-

1973 2929 2174 2985 sertim
2206 2947 2333 3003 qum
2365 2935 2565 2989 contra
2621 2950 2790 2990 suam
2847 2938 3079 3006 gentem
3139 2935 3416 2992 facerent.
3448 2934 3614 2993 Unde

196 3017 550 3090 εστηλῶσθαι
623 3019 811 3092 γὲνους
878 3015 1195 3091 ἐμάνθανον.
1253 3017 1410 3071 Ὅθεν
1492 3017 1606 3088 μεθ’
1665 3013 1859 3089 ἑτέρων

194 3111 567 3189 ἂνδρεικέλων
616 3110 677 3167 ἐκ
728 3111 945 3188 χαλκοῦ
1010 3111 1423 3183 πεποιημένων,
1484 3108 1516 3163 ἄ
1551 3112 1661 3164 τῶν
1716 3128 1857 3182 προ-

191 3204 374 3279 τέρων
429 3202 810 3272 κατενήνεκται
872 3200 1080 3276 βάσεων
1134 3199 1223 3255 καὶ
1282 3198 1413 3275 πυρὶ
1453 3193 1856 3273 παρεδόθησαν,

196 3289 335 3349 οὐδὲ
391 3291 493 3359 τήν
550 3288 884 3364 ἐμπροσθίαν
942 3287 1224 3363 εὐώνυμον
1291 3285 1482 3363 χηλὴν
1529 3291 1627 3342 τοῦ
1682 3284 1861 3341 ’ίππου

191 3380 628 3457 ἀπεριέργαστον
658 3375 864 3447 εἴασαν,
921 3378 981 3440 ὃς
1038 3375 1127 3432 ἐπὶ
1194 3374 1409 3440 λιθίνου
1443 3376 1641 3432 λευκοῦ
1670 3395 1861 3451 τετρα-

188 3471 446 3546 πλεύρου
501 3467 640 3524 κατὰ
680 3468 772 3523 τὸν
813 3465 1113 3543 λεγόμενον
1171 3468 1382 3539 Ταῦρον
1416 3467 1667 3542 χαλκοῦς
1708 3464 1863 3519 ind-

193 3580 368 3635 μενος
389 3555 633 3633 ἡρωϊκόν
690 3576 810 3611 τινα
863 3557 962 3625 τήν
1030 3553 1188 3630 ἰσχὺν
1250 3551 1415 3631 ἄνδρα
1474 3554 1565 3609 καὶ
1605 3556 1668 3609 τὸ
1717 3551 1861 3615 εἶδος

185 3652 285 3724 [Ρ.
316 3652 450 3720 414]
515 3645 825 3718 ἀξιοθέατον
855 3643 943 3701 ἐπὶ
973 3648 1081 3701 τῶν
1131 3644 1321 3699 νώτων
1353 3643 1501 3718 ὀχεῖ,
1537 3642 1667 3716 μηδ’
1697 3641 1859 3705 αὐτὸς

184 3738 425 3812 ἀπέχων
464 3740 568 3792 τοῦ
607 3737 845 3811 ἄγασθαι
911 3731 1001 3789 διὰ
1037 3734 1136 3803 τὴν
1203 3732 1289 3788 ἐπὶ
1350 3736 1481 3787 πᾶσι
1523 3738 1623 3801 τῆς
1661 3733 1862 3807 τέχνης

189 3822 510 3903 ἀκρίϐειαν,
563 3823 935 3903 ὁλοφάλαρος,
993 3822 1317 3898 φριμάσσων
1370 3821 1552 3877 καὶτὸ
1592 3822 1684 3884 οὗς
1748 3821 1866 3876 ἀνι-

193 3921 372 3973 στῶν·
408 3917 484 3971 ὡς
521 3915 660 3989 πρὸς
718 3911 1012 3989 σάλπιγγα.
1043 3915 1244 3969 Τοῦτον
1278 3912 1329 3967 οἱ
1374 3911 1467 3985 μὲν
1510 3930 1666 3989 φασιν
1727 3910 1863 3965 εἶναι

192 4010 468 4084 Πήγασον
527 4005 616 4059 καὶ
654 4004 746 4059 τὸν
807 3998 1047 4074 ἀναϐἀτη
1082 3999 1553 4081 Βελλεροφόντην,
1584 4001 1637 4055 οἱ
1687 3997 1744 4054 δὲ
1772 3999 1864 4054 τὸν

188 4099 423 4167 Ἰησοῦν
453 4099 551 4150 τοῦ
602 4099 757 4162 Ναυῆ
827 4088 1009 4167 ὁτῳδή
1071 4089 1464 4164 ἐπικαθήμενον
1517 4086 1697 4160 Ἵππῳ·
1774 4088 1866 4142 καὶ

188 4184 386 4256 δῆλον
421 4184 556 4240 εἶναι
592 4182 685 4237 τὸν
730 4178 897 4257 ἃνδρα
951 4184 1020 4254 τῇ
1081 4177 1338 4252 διασκευῇ
1395 4182 1492 4233 τοῦ
1535 4174 1863 4250 είκάσματος

184 4278 340 4353 πρὸς
380 4275 482 4345 τὴν
515 4270 935 4348 ἁρματηλασίαν
994 4269 1161 4340 ἡλίου
1219 4269 1311 4323 καὶ
1374 4268 1467 4322 τὸν
1510 4264 1717 4342 δρόμον
1766 4265 1861 4320 τὸν

192 4363 503 4435 σεληναῖον
565 4362 665 4431 τὴν
725 4358 896 4431 δεξιὰν
953 4364 1116 4435 χεῖρα
1174 4356 1497 4425 ἐκτείνοντα,
1557 4356 1631 4417 ὡς
1691 4358 1867 4409 σταῖεν

190 4458 305 4511 τοῦ
338 4453 534 4527 πρόσω
581 4455 807 4526 χωρεῖν,
854 4448 945 4504 καὶ
977 4447 1260 4526 σφαιρικὸν
1319 4444 1380 4501 ἐκ
1424 4447 1641 4521 χαλκοῦ
1671 4451 1867 4518 σχῆμα

183 4548 282 4616 τῷ
322 4542 506 4614 κοίλῳ
523 4547 627 4609 τῆς
657 4539 817 4601 λαιᾶς
848 4538 1039 4617 χειρὸς
1073 4536 1429 4610 ὑπανέχοντα.
1492 4532 1869 4612 Ἀναμοχλεύ-

188 4653 394 4695 σαντες
430 4631 602 4686 τοίνυν
637 4628 926 4705 ραιστῆρσι
980 4628 1043 4682 τὸ
1100 4623 1287 4699 πέλμα
1342 4625 1405 4680 τὸ
1469 4622 1717 4691 ἲππειον,
1777 4623 1867 4676 ἂν-

186 4723 620 4800 θρωπόμορφον
707 4717 1044 4794 εὑρίσκουσιν
1150 4713 1387 4788 ἴνδαλμα
1493 4712 1867 4787 ὑποκείμενον,

185 4809 486 4872 πλειόνως
518 4808 728 4879 εἰκάζον
760 4807 821 4862 ἐκ
845 4810 944 4861 τοῦ
994 4809 1100 4860 τῶν
1142 4802 1478 4879 Βουλγάρων
1510 4803 1633 4856 τινὰ
1660 4801 1867 4879 γένους,

186 4899 253 4965 ἐς
284 4900 354 4955 τὸ
388 4895 686 4972 διαμπερὲς
714 4892 1055 4968 ἐληλαμένον
1086 4890 1211 4966 ἥλῳ
1250 4892 1340 4947 καὶ
1403 4886 1669 4964 μολύϐδῳ
1695 4892 1866 4962 πάντῃ

184 4986 680 5063 κατειλημμένον,
757 4983 924 5060 ἤγουν
1028 4987 1253 5038 Λατῖνον
1366 4984 1478 5055 (83)
1553 4978 1870 5051 διατυποῦν,

189 5080 399 5155 ὥσπερ
433 5076 502 5146 δὴ
533 5077 625 5131 καὶ
680 5072 852 5132 πάλαι
910 5074 1046 5149 πρὸς
1098 5076 1208 5127 τῶν
1263 5069 1409 5126 δλων
1441 5067 1869 5145 διαπεφήμιστο.

180 5169 307 5230 Καὶ
370 5170 436 5225 τὸ
496 5169 590 5242 μὲν
643 5170 713 5241 τῇ
748 5172 860 5222 τῶν
887 5165 1332 5241 ἀργυρογνώμων
1367 5163 1576 5240 χωνείᾳ
1604 5163 1871 5234 καθίεται,

173 5265 431 5317 Λατῖνοι
480 5255 526 5312 δ’
584 5251 845 5328 ἔπραττον
899 5257 1066 5310 ταῦτα
1105 5251 1204 5308 οὐκ
1258 5252 1319 5307 ἐκ
1365 5248 1692 5325 δειλάνδρου
1735 5271 1869 5306 παν-

168 5349 404 5407 τάπασι
462 5346 716 5421 γνώμης,
776 5344 852 5405 ὡς
910 5341 1268 5422 ἂποφανὲῖταί
1325 5360 1409 5401 τις
1469 5358 1868 5416 καταφρονητι-

166 5442 309 5500 κῶς
355 5431 503 5513 ἔχων
550 5433 603 5497 ἐς
634 5433 854 5495 αὐτούς·
897 5429 1044 5487 ἀλλὰ
1081 5429 1350 5504 μετιόντες
1379 5427 1553 5481 πάντα
1620 5426 1713 5480 καὶ
1758 5423 1870 5482 δια-

1972 3034 2107 3074 cum
2138 3020 2272 3077 aliis
2302 3020 2477 3077 aeneis
2502 3022 2736 3090 statuis,
2766 3038 2893 3095 quae
2923 3023 3166 3081 basibue
3211 3029 3418 3083 emota
3449 3030 3505 3082 et
3550 3024 3614 3082 in

1965 3115 2161 3187 ignem
2189 3113 2463 3183 coniecta)
2513 3117 2673 3182 sunt,
2729 3129 2837 3171 nec
2900 3113 3252 3172 anteriorem
3309 3114 3613 3173 sinistram

1966 3202 2249 3275 ungulam
2280 3201 2415 3273 equi
2445 3202 2609 3273 aenei,
2644 3203 2747 3274 qui
2777 3203 2836 3259 in
2868 3203 2992 3260 albo
3021 3203 3425 3276 quadrangulo
3458 3219 3616 3261 mar-

1966 3307 2128 3348 more
2149 3290 2211 3347 in
2236 3295 2423 3347 Tauro
2445 3295 2583 3359 stat,
2606 3292 2797 3348 virum
2822 3294 3141 3366 quemdam
3157 3293 3391 3350 heroico
3403 3293 3612 3351 robore

1966 3386 2024 3439 et
2048 3379 2354 3454 spectabili
2385 3379 2550 3436 vultu
2583 3387 2740 3453 tergo
2788 3382 3028 3454 vehens,
3055 3398 3161 3439 nec
3201 3382 3327 3455 ipse
3357 3382 3617 3441 admira-

1965 3471 2147 3528 tionis
2174 3486 2381 3542 expers
2405 3470 2478 3527 ob
2508 3470 2867 3543 exquisitum
2910 3471 3179 3529 omnium
3221 3472 3615 3530 membrorum

1968 3559 2305 3627 artiﬁcium,
2341 3558 2598 3632 phaleris
2631 3559 2889 3632 undique
2919 3565 3128 3629 tectus,
3178 3561 3479 3629 hinniens,
3512 3578 3617 3618 au-

1970 3651 2132 3708 ribus
2162 3648 2320 3704 velut
2348 3647 2415 3704 ad
2442 3648 2595 3705 849
2643 3649 2800 3705 tuba
2830 3649 3163 3722 clangorem
3213 3650 3475 3718 arrectis,
3507 3649 3617 3706 im-

1966 3739 2423 3812 pervestigatam
2446 3738 2835 3809 reliquerunt.
2867 3739 3035 3795 Hunc
3058 3739 3157 3795 alii
3180 3739 3464 3810 Pegasum
3488 3753 3622 3795 esse

1969 3829 2194 3894 dicunt,
2218 3843 2507 3884 sessorem
2545 3825 3074 3898 Bellerophontem,
3094 3825 3195 3882 alii
3213 3826 3417 3882 Jesum
3446 3824 3622 3884 Navis

1968 3918 2157 3974 ﬁlium
2182 3932 2332 3987 equo
2349 3916 2647 3987 (quisquis
2669 3914 2765 3972 ille
2790 3916 2885 3988 sit)
2907 3915 3260 3972 insidentem
3287 3933 3303 3985 ;
3348 3914 3525 3987 idque
3552 3929 3624 3971 ex

1969 4005 2174 4062 habitu
2207 4009 2409 4061 statua:
2463 4008 2751 4072 constare,
2786 4003 2941 4075 quod
3005 4004 3207 4059 dextra
3265 4005 3332 4060 ad
3383 4019 3624 4061 currum

1970 4094 2111 4153 solis
2128 4098 2184 4150 et
2206 4092 2360 4149 luna
2380 4095 2616 4149 extenta
2636 4109 2874 4149 cursum
2891 4108 3094 4149 eorum
3117 4092 3286 4149 sistat
3303 4096 3364 4149 et
3383 4091 3621 4166 globum

1971 4181 2372 4240 aeneumlaavae
2406 4197 2618 4237 manus
2676 4180 2807 4237 vola
2862 4184 3073 4238 teneat.
3110 4182 3354 4239 Proinde
3396 4180 3624 4239 malleis

1973 4271 2111 4343 equi
2142 4270 2299 4326 calce
2330 4269 2563 4326 revulsa
2593 4269 2911 4326 humanam
2944 4271 3157 4327 subtus
3184 4269 3500 4343 imaginem
3530 4286 3625 4327 re-

1977 4360 2230 4432 periunt,
2267 4374 2396 4430 quae
2418 4357 2624 4428 majori
2654 4374 2724 4414 ex
2777 4362 2944 4431 parte
2994 4356 3313 4432 Bulgarum
3364 4357 3625 4431 aliquem

1976 4447 2447 4519 reqmsentabat,
2468 4447 2629 4504 clavo
2653 4447 2997 4504 transﬁaam
3017 4452 3077 4504 et
3095 4446 3339 4521 plumbo
3364 4446 3627 4521 undique

1976 4538 2252 4608 cinctam,
2279 4552 2397 4593 non
2428 4541 2623 4593 autem
2669 4535 2943 4593 Latinum
3000 4536 3309 4608 referebat,
3339 4537 3628 4610 quemad-

1976 4628 2217 4684 modum
2241 4626 2474 4700 jamdiu
2497 4643 2530 4682 a
2560 4624 2764 4683 multis
2796 4626 3108 4685 ferebatur.
3136 4628 3218 4684 Ea
3246 4626 3440 4701 imago
3463 4627 3627 4685 fabro

1978 4715 2305 4789 argentario
2336 4715 2645 4771 conﬂanda
2671 4715 2808 4772 data
2835 4719 2927 4772 est
2956 4733 2991 4773 a
3030 4715 3273 4786 Latinis,
3295 4716 3455 4773 haud
3486 4731 3630 4774 sane

1978 4821 2225 4878 prorsus
2255 4821 2324 4860 ex
2351 4804 2686 4876 timiditate,
2735 4812 2800 4861 ut
2844 4820 2950 4877 per
2994 4821 3196 4863 eorum
3240 4811 3626 4879 contemptum

1979 4894 2192 4966 aliquis
2222 4893 2591 4965 interpretari
2619 4897 2795 4965 queat
2829 4910 2843 4951 :
2874 4895 2977 4952 sed
3010 4894 3150 4967 quia
3194 4896 3395 4952 omnia
3438 4898 3628 4951 tenta-

1979 4986 2146 5055 bant,
2183 4985 2384 5042 omnia
2415 4984 2824 5056 moliebantur,
2857 5001 2930 5041 ne
2978 4986 3123 5042 urbe
3161 5000 3338 5057 quam
3372 4999 3628 5055 occupa-

1981 5079 2134 5144 rant,
2164 5074 2516 5145 exciderent,
2550 5090 2624 5131 ne
2652 5073 2996 5144 hujusmodi
3047 5073 3285 5147 quidem
3336 5087 3627 5139 rumores,

1983 5163 2085 5237 qui
2114 5180 2227 5220 non
2258 5165 2383 5220 sine
2408 5180 2587 5220 causa
2612 5162 2684 5219 ab
2714 5162 2991 5219 omnibus
3049 5162 3482 5219 celebrarentur
3523 5159 3630 5217 sed

1983 5253 2358 5310 verisimilem
2437 5252 2829 5323 coniecturam
2888 5251 3193 5321 haberent,
3251 5249 3631 5324 negligendos

1982 5342 2291 5413 putabant,
2327 5340 2489 5397 nulla
2519 5340 2578 5394 in
2609 5354 2669 5394 re
2701 5339 3079 5411 negligentes.
3099 5339 3240 5406 Quis
3265 5338 3419 5396 enim
3448 5338 3634 5395 nescit

1983 5446 2103 5498 eos,
2137 5446 2551 5502 quamcunque
2610 5428 2966 5499 provinciam
3016 5431 3118 5484 aut
3165 5428 3366 5486 urbem
3405 5428 3631 5486 invase-

1572 5546 1757 5613 Hier.
1794 5546 2031 5613 Wolﬁi
2062 5554 2271 5615 notae.

260 5690 393 5765 (83)
425 5688 634 5764 Ἥγουν
668 5688 921 5755 Λατῖνον,
950 5688 1049 5740 aut
1089 5689 1241 5739 certe
1271 5679 1551 5737 Latinum.
1588 5684 1733 5738 Puto
1763 5680 1861 5753 leg:

1976 5698 2072 5739 um
2104 5681 2166 5736 οὗ
2196 5684 2325 5756 γοῦν
2359 5680 2445 5739 vel
2480 5677 2700 5749 οὐκοῦν,
2732 5679 2930 5752 itaque
2958 5680 3122 5737 verti.

531 5807 798 5868 Parnm.
846 5804 955 5864 Gn.
1004 5799 1317 5864 CXXXIX.

3234 5798 3312 5858 33
