4032 6216
534 371 695 437 1038

1843 351 2152 419 ΝΙΟΕΤΛΕ
2194 348 2619 415 (ΞΗΟΝΙΑΤΛΕ

3746 350 3864 416 1036

534 507 810 577 rint,eam
839 506 1123 573 tanquam
1155 514 1325 556 suam
1371 496 1527 555 850
1565 494 1836 568 amplecti
1871 496 1927 550 et
1958 489 2180 548 mordi-
2208 488 2231 556 Α

2298 482 2655 577 τεχνώμενοι,
2692 485 2769 577 μη
2816 503 2934 546 πως
2965 481 3262 539 ἐκπέσωσιν
3316 484 3385 554 ἦν
3426 479 3671 556 ἐπέϐησαν
3704 488 3862 557 πόλει»,

536 612 644 655 ous
664 598 885 662 tenere,
905 588 1087 648 nullis
1108 585 1554 643 difﬁcultatibus
1580 584 1872 657 fatigatos,
1902 585 1960 637 et
1991 594 2186 636 rerum

536 682 987 744 domesticarum
1007 676 1164 735 velut
1194 675 1339 732 nihil
1363 676 1431 731 ad
1451 673 1897 731 seattinentium
1922 669 2136 726 oblitos
2161 668 2190 724 Ἰ

531 779 711 833 Secus
740 785 917 844 quam
941 766 1151 834 nostri,
1184 764 1284 837 qui
1309 764 1493 823 cuivis
1542 768 1671 835 ipsa
1719 760 1896 817 etiam
1929 755 2185 815 interula

534 865 771 931 cedunt,
802 864 861 917 et
899 858 1087 932 patria
1144 854 1348 912 relicta
1392 854 1568 911 etiam
1615 851 1913 925 pulverem
1967 850 2179 921 pedum

533 953 745 1027 cupide
774 949 1093 1018 excutiunt,
1130 962 1247 1002 non
1278 948 1345 1001 ut
1393 941 1713 1015 evangelici
1755 938 2051 1013 discipuli,
2079 938 2181 1027 sed

534 1026 1298 1109 utinutilesetdegeneres
1365 1033 1605 1089 omnino
1660 1029 1993 1095 bellatores,
2036 1026 2183 1083 etin

534 1148 735 1207 pugna
760 1126 1110 1186 mulieribus
1142 1124 1495 1191 timidiores,
1545 1121 1766 1193 quibus
1813 1118 1912 1174 ubi
1953 1118 2181 1173 hostem

536 1221 888 1296 aspexerint,
918 1216 1287 1274 Homericum
1315 1213 1458 1270 illud
1491 1210 1702 1268 accidit
1741 1226 1756 1267 :

541 1334 786 1393 Vertitur
813 1329 1005 1402 ignavi
1030 1327 1199 1395 color,
1218 1328 1280 1403 _et
1311 1333 1515 1403 tremor
1542 1325 1768 1403 occupat
1794 1322 1969 1400 artus.

536 1392 685 1463 Mens
713 1392 915 1475 stupizt,
942 1403 1109 1471 inque
1124 1392 1291 1475 pedes
1309 1399 1532 1475 animus
1561 1392 1726 1475 cadit,
1749 1392 1956 1475 sumius
1976 1392 2183 1446 horret.

538 1466 866 1543 Palpitat-et
892 1466 1102 1543 pectas,
1124 1466 1369 1543 strident
1398 1466 1947 1543 formidinchdentes,

538 1551 604 1607 Et
632 1537 778 1605 uocis
805 1537 1095 1602 indomitas
1121 1537 1477 1598 tremebunda
1506 1538 1743 1596 occurrit
1772 1537 1977 1603 imago.

2296 572 2427 631 οὐδὲ
2480 575 2547 629 τὰ
2602 570 2781 629 τοιαδῖ
2836 577 2946 629 τῶν
3007 572 3365 647 ἀκουσμάτων
3419 573 3771 650 ἀπεριέργαστα
3791 600 3861 634 1::-

2300 665 2583 740 ρατρὲχειν
2639 661 2961 736 ἐδοκίμαζον
3006 664 3097 718 οἷα
3140 660 3272 737 μηδ’
3300 662 3515 726 είκαίως
3571 665 3647 741 ὑφ’
3676 666 3861 722 ἁπάντων

2292 752 2756 830 διαθρυλοῦμενα,
2812 754 2959 810 ἀλλὰ
3015 755 3080 810 τὸ
3122 753 3425 810 εἰκαστικὸν
3456 759 3525 829 τῇ
3570 754 3754 829 ἐπινοίᾳ
3776 779 3860 813 συν.

2292 846 2551 907 άπτοντες
2611 841 2880 899 ἐδικαίουν
2956 845 3032 916 μὴ
3098 844 3187 915 ἐᾷν
3252 843 3581 915 ἀνεξέταστα,
3641 849 3755 921 πρὸς
3803 850 3863 902 οὖ-

2294 932 2484 1003 δεμίαν
2556 939 2664 989 τῶν
2722 932 2966 1008 πράξεων
3029 932 3437 996 ἀναπίπτοντες.
3505 934 3596 996 Τίς
3664 934 3749 1012 γὰρ
3799 937 3863 993 οὔκ

2293 1023 2471 1095 ἵσησιν
2514 1024 2589 1087 ὡς
2638 1025 2705 1093 ἧς
2737 1023 2796 1078 ἄν
2839 1017 3082 1079 ἰπιὸαῖεν
3141 1023 3330 1098 χώρας
3386 1023 3477 1078 καί
3514 1020 3727 1093 πόλεως,
3750 1028 3863 1080 καθά·

2293 1133 2395 1188 περ
2448 1111 2654 1174 οἰκείας
2702 1113 2875 1181 αὐτῆς
2939 1109 3293 1187 δραττόμενοι
3339 1111 3431 1167 καὶ
3488 1112 3636 1189 ἀπρέξ
3671 1113 3862 1189 ἐχόμενοι

2292 1202 2431 1276 πρὸς
2460 1198 2614 1256 οὐδὲν
2652 1199 3001 1255 ἀποκναίουσι
3060 1197 3345 1276 δυσχερὶς,
3403 1200 3478 1265 ὡς
3541 1201 3698 1256 οὐκέτ’
3745 1198 3860 1256 ὄντων

2292 1296 2401 1346 τῶν
2431 1290 2574 1345 ο’ίκοι
2621 1287 3007 1363 ἐπιλαθόμενοι
3050 1308 3064 1359 ;
3122 1289 3439 1352 ἂπεναντίας
3501 1296 3613 1353 τοῖς
3639 1291 3863 1365 Ῥωμαίοις

2297 1379 2551 1454 δρῶντες,
2583 1378 2637 1434 οἳ
2664 1384 2780 1441 τοῖς
2814 1377 3184 1454 βουλομένοις
3213 1380 3300 1434 καὶ
3331 1380 3440 1435 τῶν
3499 1378 3719 1454 ἐσχάτων
3766 1379 3866 1434 ἐπεν-

2297 1466 2471 1524 δυτῶν
2505 1468 2897 1541 ὁπεξίστανται,
2936 1469 3025 1523 καὶ
3079 1470 3172 1524 τὸν
3234 1474 3371 1544 χοῦν
3402 1473 3510 1524 τῶν
3538 1467 3705 1523 ποδῶν
3727 1469 3866 1535 αὐτῶν,

2296 1556 2654 1632 ἀφιστάμενοι
2712 1561 2821 1612 τῶν
2879 1555 3178 1632 πατρίδων,
3253 1559 3505 1632 ἁσμένως
3568 1557 3868 1612 άποτινᾶσσονο

556 1684 671 1736 ται,
712 1661 823 1740 οὐχ
852 1661 927 1723 ὡς
958 1655 1307 1736 εὖαγγελίκοὶ
1343 1651 1606 1740 μαθηταὶ,
1629 1648 1755 1707 ἀλλ’
1787 1650 1873 1740 ὡς
1908 1650 2125 1740 ἀχρεῖοι
2162 1648 2253 1704 καὶ
2287 1649 2653 1725 ἀγεννέστατοι
2686 1648 2958 1723 μαχηταὶ,
2987 1648 3079 1705 καὶ
3118 1653 3388 1724 γυναικῶν
3420 1649 3472 1711 ἐς
3510 1646 3728 1724 πόλεμον
3753 1649 3867 1703 cito).-

548 1735 916 1827 pdrspoifmi
944 1735 1082 1824 πρὸς
1111 1748 1211 1817 τήν
1253 1741 1376 1822 ὄψιν
1406 1747 1515 1801 τῶν
1549 1739 1824 1816 δυσμενῶν
1851 1738 2095 1815 ἀτεχνῶς
2123 1738 2431 1814 πάσχοντες
2461 1742 2627 1794 ταῦτα
2659 1735 2725 1807 δὴ
2756 1738 2826 1793 τὰ
2851 1739 3139 1815 Ὁμήρεια.

1426 1870 1565 1940 ΤοῖξΔ
1589 1867 1699 1940 μέξν⁸
1734 1866 1837 1940 γάρ
1884 1885 1944 1920 τε
1951 1864 2426 1940 κακοῦ-τρέπεται.
2443 1864 2599 1939 χρὼς
2626 1859 2856 1940 ᾅλλυδ-ις
2888 1859 3053 1938 ἄλλῃ.

1432 1936 1572 2013 esse
1589 1932 1647 2013 :o't
1675 1932 1913 2013 ἀτρέμας
1943 1937 2105 2013 ἦσθα-ι
2136 1932 2377 2013 ξρῂτύετ⁹
2409 1932 2651 2013 ἐν’φρεσὶ
2681 1935 2877 2013 βρμὸεν,

1436 2009 1615 2085 Ἀλλᾷ
1646 2003 1983 2085 μιετδκλάζειξ
2008 2007 2119 2085 κοιὶΔ
2139 2003 2230 2062 ιθτν-
2253 2003 2597 2085 ἀμφοτέρὸυς
2624 2003 2796 2085 πόδας
2823 2004 2951 2075 ἵζει.

1427 2084 1516 2141 Ἐν
1547 2079 1606 2138 δέ
1640 2076 1782 2155 ’τὲ-οἱ
1812 2076 2035 2155 ’κραδίη
2060 2079 2196 2155 μέγα
2224 2076 2489 2155 ςτξρνοισξι
2520 2080 2778 2155 πατάσᾳει

1436 2158 1625 2231 Κῆρας
1666 2147 1924 2227 οἶομένίρ,
1967 2147 2204 2228 πάταγος
2245 2147 2397 2207 δέ’τε
2423 2148 2586 2227 γίνετ’
2629 2148 2883 2205 ὀδόντων.

546 2282 764 2342 Mirum
794 2280 1054 2354 profecto
1090 2275 1287 2343 fuerit,
1318 2274 1371 2333 si
1399 2273 1553 2331 viros
1581 2272 1727 2329 istos
1751 2270 2082 2328 accuratius
2112 2271 2203 2327 in-

2310 2268 2592 2340 Θαυμάσαι
2641 2263 2689 2321 δ’
2749 2263 2813 2321 ἂν
2869 2287 2954 2330 τις
3005 2265 3134 2329 τοὺς
3192 2264 3394 2342 ἄνδρας
3450 2263 3635 2323 τούσδε
3659 2284 3871 2340 περιεργα-

543 2370 790 2437 tuearis,
816 2369 877 2427 ni
908 2381 1220 2440 progressu
1250 2362 1535 2435 temporis
1563 2361 1679 2434 ipsi
1710 2374 1839 2417 sese
1867 2360 2016 2416 citra
2042 2358 2204 2415 labo-

548 2476 674 2518 rem
688 2459 1066 2527 confecerint,
1087 2470 1222 2512 cum
1253 2453 1525 2510 hostibus
1555 2454 1838 2523 perpetuo
1895 2448 1975 2505 ila
1996 2449 2206 2505 cedant

553 2548 894 2618 effeminati,
923 2563 1063 2620 erga
1092 2543 1404 2619 populares
1428 2558 1562 2598 vero
1590 2544 1647 2597 et
1700 2540 1855 2596 cives
1888 2555 2032 2596 suos
2061 2539 2204 2594 adeo

551 2655 616 2698 se
644 2636 1086 2706 inverecundus,
1116 2633 1372 2690 audaces
1420 2634 1479 2688 et
1516 2629 1847 2703 pertinaces
1887 2628 2201 2700 praebeant,

549 2728 650 2802 qui
676 2744 811 2785 cum
841 2725 1012 2783 nobis
1033 2723 1300 2797 patribus
1325 2718 1677 2792 conscriptis
1700 2717 1865 2774 urbis
1916 2717 2201 2772 excidium

550 2818 981 2885 ascribant,nec
1015 2811 1295 2871 Vindictae
1344 2813 1556 2867 cuncta
1611 2806 2016 2880 perspicientia
2063 2822 2203 2862 ocu-

553 2906 682 2964 lum
711 2903 1116 2969 reformidant,
1165 2916 1302 2958 cum
1347 2897 1464 2970 ipsi
1512 2899 1572 2954 et
1613 2895 1817 2953 urbem
1843 2898 1902 2951 et
1934 2911 2041 2950 nos
2070 2910 2201 2966 pro-

555 2995 832 3064 diderint,
852 3006 1042 3063 neque
1069 2994 1190 3046 tam
1240 2986 1459 3060 insigni
1497 2985 1799 3041 mendacio
1829 2985 2202 3040 erubescunt.

551 3088 703 3141 Nam
736 3082 881 3138 illud
913 3078 1221 3136 hominum
1247 3075 1621 3147 stupidorum
1644 3073 1768 3130 sive
1789 3071 2060 3128 delirium
2084 3072 2206 3128 sive

548 3169 938 3227 infortunium
986 3166 1279 3239 lacrymas
1327 3161 1608 3236 postulat,
1658 3163 1814 3233 quod
1866 3177 1984 3218 non
2032 3162 2203 3218 modo

554 3258 705 3318 851
742 3256 945 3330 patria
975 3255 1408 3312 restitutionem
1454 3252 1516 3308 in
1561 3251 1857 3323 integrum
1881 3251 2202 3323 deprecan-

546 3350 667 3418 tur,
690 3347 793 3403 sed
826 3346 1011 3402 Deum
1057 3346 1234 3401 etiam
1267 3340 1559 3398 tarditatis
1581 3347 1879 3409 accusant,
1910 3339 2068 3412 quod
2097 3356 2204 3397 nos

550 3442 611 3495 et
640 3452 768 3495 eam
803 3450 919 3491 non
947 3433 1085 3490 olim
1120 3434 1288 3506 pejus
1334 3432 1617 3497 tractarit,
1673 3430 1774 3486 sed
1822 3429 2097 3486 clementi
2148 3432 2207 3485 et

548 3525 807 3582 humano
833 3522 1059 3595 judicio
1089 3521 1329 3578 exitium
1390 3519 1678 3575 hactenus
1727 3517 2041 3574 distulerit.
2072 3518 2202 3574 Jam

2314 2356 2569 2429 σάμενος,
2612 2355 2658 2411 εί
2709 2358 2784 2429 μὴ
2847 2356 3072 2419 ἑαυτοὺς
3129 2356 3421 2430 προϊόντος
3472 2361 3569 2412 τοῦ
3595 2356 3770 2431 χρόνου
3793 2352 3877 2427 δίχα

2313 2448 2487 2501 πόνου
2539 2441 2993 2521 διεξεργάσονται,
3024 2446 3170 2501 οὕτω
3226 2446 3364 2521 πρὸς
3401 2447 3528 2508 τοὺς
3580 2443 3807 2504 ἐναντίους
3826 2440 3879 2495 ἀεὶ

2313 2531 2612 2596 ινδιδόντες
2663 2534 2754 2589 καὶ
2800 2535 3261 2610 μαλακιζόμενοι,
3320 2536 3460 2611 πρὸς
3513 2532 3569 2590 δὲ
3591 2534 3707 2595 τοὺς
3740 2532 3881 2605 611095-

2312 2620 2445 2687 λους
2503 2621 2743 2687 ἀναιδεῖς
2805 2626 2897 2680 καὶ
2955 2626 3163 2700 θρασεῖ,
3223 2624 3316 2681 καὶ
3375 2623 3621 2686 αὐθάδεις
3663 2623 3880 2695 ὁρώμενοι,

2312 2716 2369 2770 οἳ
2399 2736 2462 2790 γε
2511 2715 2600 2770 καὶ
2631 2721 2749 2780 τοῖς
2804 2716 2864 2772 ἐκ
2916 2724 3019 2787 τῆς
3078 2716 3396 2795 συγκλήτου
3439 2715 3634 2794 βουλῆς
3660 2714 3775 2787 ἡμῖν
3812 2713 3875 2778 πῂ

2312 2805 2397 2877 [Ρι
2429 2808 2555 2879 415]
2587 2811 2689 2876 τῆς
2716 2804 2934 2869 πόλεως
2977 2804 3409 2886 ἐπιγραφόμενοι
3458 2805 3653 2862 ἅλωσιν
3680 2803 3781 2859 οὕτε
3819 2801 3874 2855 τὸν

2309 2899 2409 2962 τῆς
2439 2893 2594 2968 δίκης
2627 2893 2831 2953 δεδίασι
2871 2900 3205 2977 παντέφορον
3254 2898 3565 2974 ὀφθαλμὸν,
3616 2897 3746 2953 αὐτοὶ
3770 2915 3875 2950 κατα.

2310 2982 2605 3060 προδόντες
2641 2986 2895 3060 κάκείνην
2929 2985 2993 3058 δὴ
3025 2988 3116 3044 καὶ
3147 2991 3318 3062 ἡμᾶς,
3353 2987 3478 3046 οὔτε
3505 2990 3630 3065 πρὸς
3657 2988 3740 3056 τήν
3763 2986 3874 3056 ὑπερ-

2312 3070 2486 3145 ϐολὴν
2518 3078 2619 3131 τοῦ
2658 3073 2891 3151 ψεύδους
2948 3077 3323 3154 αἰσχύνονται.
3377 3080 3449 3134 Τὸ
3480 3076 3536 3135 δὲ
3586 3078 3669 3134 καὶ
3694 3073 3870 3149 δακρύων

2310 3163 2456 3235 ἄξιον
2510 3164 2585 3227 ὡς
2624 3164 2923 3241 ἀνθρώπων
2982 3166 3307 3245 ἀναλγήτων
3353 3170 3583 3242 πάθημα
3614 3167 3694 3223 καὶ
3742 3162 3873 3218 δυο-εὖ·

2309 3272 2492 3328 χημα,
2526 3253 2590 3309 οὗ
2647 3254 2813 3328 μόνον
2871 3254 3374 3329 τὴΨέπανάκλησιν
3405 3259 3567 3328 αὐτῆς
3599 3254 3871 3329 ἂπεῦχονται,

2311 3340 2456 3397 ἀλλὰ
2484 3340 2575 3396 καί
2626 3340 2938 3418 βραδυτῆτα
2965 3350 3046 3418 τῷ
3099 3350 3216 3419 Θεῷ
3271 3345 3590 3422 ἐγκαλοῦσιν
3627 3346 3693 3407 ὡς
3722 3344 3782 3416 μὴ
3801 3342 3870 3396 τά·

2310 3427 2403 3486 λαι
2428 3430 2519 3485 καὶ
2566 3432 2833 3507 χειρόνως
2859 3434 2926 3489 τὰ
2953 3437 3071 3490 κατ’
3124 3436 3293 3506 αὐτὴν
3324 3438 3423 3492 καὶ
3454 3440 3595 3510 ἡμᾶς
3626 3429 3869 3506 διαθεμένφν

2308 3517 2437 3575 ἀλλ’
2492 3518 2545 3581 ἐς
2608 3519 2766 3595 δεῦρο
2822 3524 2914 3578 τὸν
2975 3521 3199 3600 ὄλεθρον
3257 3528 3598 3583 ἃποτείναντι
3648 3516 3871 3599 καὶφειδοῖ

546 3630 681 3671 cum
710 3614 897 3671 vicem
930 3613 1188 3669 nostram
1221 3608 1416 3665 dolere
1445 3608 1745 3673 deberent,
1788 3606 1888 3679 qui
1939 3623 2055 3663 non
2100 3622 2198 3663 ur—
2227 3628 2231 3663 ‹

2308 3608 2395 3663 καὶ
2475 3607 2859 3686 φιλανθρωπίᾳ
2914 3610 3211 3674 δικάσαντι.
3271 3618 3379 3674 Καὶ
3443 3614 3558 3673 δέον
3621 3619 3721 3677 τοῖς
3759 3610 3868 3682 ἡμῶν

544 3706 825 3772 bem,non
853 3702 1055 3766 larem,
1080 3717 1195 3757 non
1221 3698 1440 3754 victum
1464 3696 1651 3753 ullum
1675 3696 2019 3764 habeamus,
2051 3712 2199 3767 quos

545 3795 688 3853 olim
720 3794 884 3866 copia
915 3806 1108 3848 rerum
1157 3789 1410 3847 celebres
1459 3792 1517 3844 et
1555 3786 1866 3859 splendore
1895 3786 2199 3858 dignitatis

542 3885 805 3942 illustres
828 3889 1134 3950 noverunt,
1160 3878 1424 3936 dicteriis
1445 3893 1552 3934 nos
1583 3876 1882 3933 lacessunt
1902 3880 1955 3932 et
1986 3892 2197 3949 oppro-

545 3973 691 4033 briis
747 3977 1028 4044 tanquam
1088 3967 1428 4027 verberibus
1487 3966 1739 4034 caedunt,
1798 3981 1967 4022 secus
2023 3982 2192 4038 quam

539 4063 905 4136 speravimus
932 4077 948 4119 :
976 4060 1195 4132 alioqui
1220 4073 1526 4130 nunquam
1548 4055 1841 4112 Orientem
1896 4054 2193 4128 attigisse-

537 4168 696 4221 mus,
726 4151 902 4210 etiam
932 4148 1187 4222 vestigia
1217 4149 1468 4204 istorum
1492 4145 1798 4203 hominum
1822 4143 2191 4213 declinaturi,

533 4247 592 4299 et
620 4246 684 4298 ut
712 4240 852 4297 olim
882 4237 1304 4311 Bellerophon,
1329 4236 1591 4293 desertos
1613 4249 1852 4306 campos
1888 4233 2193 4304 quaesituri

528 4335 631 4387 aut
663 4329 963 4387 Hieremiae
998 4331 1325 4385 extremum
1365 4324 1708 4381 terminum.
1760 4321 1992 4378 Nemini
2037 4327 2191 4380 certe

530 4421 769 4493 quidem
799 4417 1032 4475 molesti
1064 4416 1313 4480 fuimus,
1348 4418 1555 4471 nostra
1583 4412 1642 4467 in
1673 4412 1856 4468 Deum
1885 4410 2187 4469 liberalem

529 4508 718 4565 omnis
750 4507 887 4565 boni
920 4506 1259 4575 largitorem
1309 4502 1528 4559 fiducia
1579 4500 1883 4569 collocata,
1915 4501 2014 4571 qui
2046 4500 2186 4557 olim

528 4612 631 4668 per
649 4595 924 4652 Elisaaum
957 4591 1162 4666 paucis
1193 4591 1451 4665 palathis
1501 4590 1719 4646 ﬁcuum
1761 4594 1818 4645 et
1849 4589 2185 4647 bordeaceis

528 4685 782 4758 panibus
803 4687 1042 4741 centum
1072 4683 1228 4739 viros
1246 4681 1427 4753 pavit.
1459 4681 1595 4737 Post
1648 4679 1776 4752 ipse
1803 4679 2183 4751 paucioribus

527 4773 825 4847 complura
859 4772 1245 4830 esurientium
1275 4769 1466 4826 millia
1506 4769 1809 4835 saturavit,
1841 4773 1898 4825 et
1927 4769 2058 4841 plus
2092 4786 2179 4826 re-

525 4864 841 4937 liquiarum
873 4879 1050 4936 quam
1083 4861 1334 4919 convivis
1384 4859 1735 4917 ferculorum
1784 4863 1907 4914 erat
1945 4861 2177 4932 apposi-

523 4959 676 5026 tum,
707 4955 918 5030 mystis
948 4949 1408 5027 symposiarchis
1440 4947 1835 5022 colligendum
1864 4948 2176 5018 dedit,uno

2306 3697 2482 3753 αὐτῶν
2529 3705 2719 3765 κακοῖς
2748 3701 3077 3775 ἁρμόζεσθαι
3126 3706 3261 3779 πρὸς
3321 3708 3666 3781 συμπάθειαν,
3714 3703 3762 3759 οὗ
3802 3701 3868 3755 mi-

2306 3785 2412 3856 λιν,
2446 3790 2557 3864 οὐχ
2587 3790 2784 3860 ἑστίαν,
2817 3791 2879 3846 οὐ
2908 3795 3180 3868 πορισμὸν
3225 3800 3332 3850 τῶν
3362 3798 3504 3870 πρὸς
3556 3797 3614 3851 τὸ
3649 3797 3729 3868 ζῇν
3761 3788 3865 3868 ὲχὸνο

2302 3896 2432 3947 των,
2466 3875 2558 3942 οὕς
2599 3875 2795 3954 ᾔδεσαν
2853 3881 3023 3938 πάλαι
3075 3885 3459 3959 περιωνύμους
3513 3885 3730 3943 πλούτου
3753 3876 3867 3955 βεϐίν-

2300 3988 2427 4037 τητι
2484 3970 2575 4023 καὶ
2642 3966 2953 4034 δυναστείας
3011 3969 3391 4048 λαμπρότητι,
3451 3976 3505 4031 οἱ
3564 3973 3619 4030 δὲ
3669 3971 3866 4044 ξεναγοῦσι

2301 4058 2595 4131 σκώμμασι
2653 4061 2743 4115 καὶ
2827 4056 3253 4133 περιϐάλλουσιν
3325 4065 3404 4128 ὡς
3461 4066 3609 4139 ipim
3660 4065 3747 4136 (84)
3787 4060 3866 4114 τοῖς

2299 4142 2575 4216 ὀνείδεσιν,
2609 4145 2721 4203 οὐδ’
2783 4148 2930 4213 ὅλως
2960 4152 3106 4224 παρὰ
3155 4153 3253 4220 τὴν
3286 4153 3471 4229 ἀρχὴν
3502 4157 3652 4209 τοῦτο
3685 4148 3867 4205 ἐλπίσαν-

2294 4254 2409 4297 τας·
2442 4238 2481 4305 ἧ
2510 4237 2615 4312 γὰρ
2674 4234 2734 4291 ἄν
2794 4237 2912 4294 οὐδ’
2958 4236 3231 4314 ἐπέϐημεν
3287 4243 3438 4306 ὅλως
3489 4250 3587 4313 τῆς
3631 4242 3746 4314 ἑῴας
3775 4238 3862 4313 γῆς,

2291 4324 2384 4379 τὸν
2421 4326 2556 4398 μετὰ
2609 4326 2876 4384 τοιούτων
2935 4330 3235 4406 ἀνθρώπων
3288 4331 3619 4393 ἀλεείνοντες
3644 4332 3781 4386 πάτον
3802 4322 3863 4379 καί

2291 4414 2430 4468 κατὰ
2502 4415 2598 4470 τὸν
2654 4415 2827 4472 πάλαι
2883 4417 3329 4499 Βελλεροφόντην
3411 4419 3592 4478 πεδίον
3652 4420 3864 4490 ζητοῦντες

2284 4500 2483 4573 ἀλήϊον
2516 4504 2551 4573 ἢ
2583 4506 2674 4559 τὸν
2731 4509 3004 4581 Ἰερεμίου
3045 4507 3277 4585 ἔσχατον
3339 4513 3598 4585 σταθμόν.
3631 4510 3796 4567 Μενοῦν
3824 4521 3864 4575 γε

2291 4590 2414 4647 οὐδὲ
2455 4589 2524 4647 δι’
2555 4589 2735 4670 ὄχλου
2768 4596 2877 4652 τισὶ
2906 4598 3200 4674 γεγόναμεν
3230 4603 3371 4675 (85),
3404 4602 3541 4677 πρὸς
3581 4601 3724 4675 μόνον
3747 4592 3860 4650 εὔελ-

2288 4687 2606 4746 πιστοῦντες
2660 4685 2750 4741 τὸν
2813 4689 3061 4766 χορηγὸν
3100 4695 3219 4752 τοῖς
3267 4696 3400 4746 πᾶσι
3466 4698 3661 4769 τροφῆς
3707 4687 3862 4753 Πατέῖσει

2285 4772 2439 4841 Θεὸν,
2471 4772 2529 4835 ὅς
2587 4776 2853 4851 πρότερον
2916 4779 3011 4852 μὲν
3070 4776 3141 4834 δι’
3197 4779 3475 4837 Ἐλισσαιὶ
3536 4777 3767 4837 παλάϐαις
3798 4781 3858 4832 καὶ

2282 4860 2546 4936 κριθίνοις
2584 4864 2770 4929 ἄρτοις
2840 4868 3098 4943 βραχέσιν
3158 4869 3345 4925 ἑκατὸν
3411 4870 3655 4926 εἱστίασεν
3702 4860 3858 4936 ἄνθραξ»

2286 4947 2506 5026 ὕστερον
2552 4948 2600 5007 δ’
2656 4950 2820 5017 αὒτὸς
2890 4956 3251 5032 βραχυτέροις
3320 4959 3582 5035 μυριάδας
3622 4952 3860 5011 πεινώντων

523 5046 811 5104 miraculo
843 5042 956 5102 alio
1004 5042 1227 5113 majore
1271 5040 1589 5096 cumulato.
1644 5035 1808 5094 Unde
1847 5037 2032 5094 solius
2061 5039 2172 5095 loci
2205 5035 2231 5054 ‘

2298 5036 2607 5123 lSEEchcwto
2662 5044 2750 5098 καὶ
2811 5043 2880 5099 τὰ
2932 5050 3031 5101 τοῦ
3091 5048 3257 5123 κόρου
3316 5048 3543 5123 λείψανα
3591 5044 3741 5102 πλείω
3781 5042 3855 5091 τῶν

520 5135 873 5194 commercio
902 5148 1035 5193 cum
1070 5130 1190 5188 illis
1219 5128 1541 5201 conjuncti,
1575 5127 1717 5183 dum
1748 5126 1821 5183 ad
1853 5128 2172 5185 Ascanium

2298 5119 2631 5227 ἒδηδομένων
2680 5131 2954 5227 ουλλεξαι
3028 5119 3172 5200 τοῖς·
3203 5119 3636 5217 συμποσιάρχαις
3687 5132 3855 5227 μῦστξίξ

515 5222 711 5284 lacum
744 5229 803 5283 et
827 5222 1118 5298 Bithyniae
1164 5217 1531 5292 metropolim
1589 5215 1839 5273 Nic-eam
1888 5220 2171 5290 tanquam

2298 5219 2614 5298 ταρὲσχετο,
2676 5222 2765 5279 ἰπὶ
2823 5224 3059 5298 θαύματι
3127 5227 3307 5301 θαῦμα
3361 5213 3641 5287 τετελεκὼς
3693 5213 3850 5292 ἐξαισίῳ

1883 5342 2073 5411 Hier.
2109 5344 2351 5413 Wolﬁi
2390 5357 2585 5418 notas.

573 5484 685 5553 (84)
722 5484 812 5544 Ὠς
871 5483 1052 5556 ἱμᾶσι.
1105 5483 1373 5540 Fortasse
1421 5475 1717 5553 ἳμᾶτίοιςε
1782 5477 2012 5535 Probris
2044 5488 2169 5536 lan-

505 5565 676 5625 qu_a_m_
698 5556 937 5611 vestibus
963 5571 1065 5612 nos
1094 5556 1382 5625 operiunt.

571 5623 684 5694 (85)
727 5627 935 5678 Μενοῦν
995 5644 1055 5698 γε
1112 5619 1238 5679 οὐδὲ
1306 5623 1376 5680 δι’
1419 5621 1599 5696 ὄγλου
1663 5620 1774 5677 τισὶ
1838 5619 2164 5699 γεγόναμεν.

2279 5481 2411 5561 Haec
2435 5500 2539 5561 per
2559 5484 3023 5558 indignationem
3050 5490 3224 5561 adjici
3243 5491 3509 5547 videntur
3528 5490 3593 5545 ad
3619 5485 3847 5561 hominum

2275 5552 2650 5683 tigrlriqu’itdatem
2686 5552 3143 5632 exaggerandam
3161 5569 3218 5619 et
3239 5580 3403 5621 suam
3428 5552 3845 5620 innocentiamde-

2334 5645 2364 5683 a
2399 5645 2472 5683 an
2520 5646 2636 5683 am.

2334 5644 2636 5687 aranuam.
