4072 6218
165 396 325 460 183⁵1
852 396 954 457 DE
997 397 1330 460 STATUIS
1375 397 1576 469 QUAS
1621 398 1920 462 FRANCI
1962 398 2198 461 CPOLI
2242 397 2895 463 DESTRUXEBUNT.
3429 395 3588 460 1038

165 528 568 603 ἓξαισιώτερον.
602 530 758 592 Ὅθεν
795 527 932 583 κατά
989 528 1152 602 μόνον
1200 529 1263 584 τὸ
1313 529 1578 602 σύννομον
1636 529 1813 592 αὐτοῖς

1935 532 2088 590 852
2119 533 2337 605 captivi
2367 532 2690 606 inquilinos
2721 533 3064 606 agebamus,
3097 535 3154 589 et
3181 530 3382 588 eadem
3433 533 3584 588 tem-

160 618 597 694 συμφερόμενοι,
631 617 682 687 ἐξ
715 618 844 670 ὅτου
873 618 972 686 τήν
1005 619 1133 690 παρ’
1186 618 1437 691 Ἀσκανία
1483 617 1687 692 λίμνην
1737 621 1813 674 κα

1941 622 2034 693 pla
2065 623 2343 678 duntaxat
2376 623 2835 695 frequentantes,
2867 626 3068 677 caatera
3119 633 3357 692 prorsus
3407 617 3582 676 alieni

160 713 269 780 τήν
300 716 407 766 τῶν
461 713 700 774 Βιθυνῶν
749 706 1179 784 προεδρεύουσαν
1237 714 1348 783 (8-ἷ)
1406 712 1628 766 Νίκαιαν
1684 732 1813 786 παρ-

1939 713 2008 766 ab
2038 711 2122 767 eis
2153 711 2262 767 visi
2296 711 2640 768 sumus.Sed
2667 727 2770 766 cur
2790 709 3135 781 hujusmodi
3170 707 3583 765 narratiuncu-

157 807 331 857 οικεῖν
361 798 624 872 εἱλόμεθα
667 798 742 861 ὡς
792 797 1170 874 αἰχμάλωτοι,
1221 801 1309 854 καί
1360 801 1508 874 παρά
1559 805 1675 862 τοῖς
1728 800 1813 855 αὖ·

1935 799 2008 854 lis
2043 799 2297 856 historias
2329 801 2539 856 seriem
2572 799 2979 871 interrumpo?
3011 803 3076 854 ut
3120 799 3309 855 dicam
3342 795 3582 868 plenum

159 894 287 949 τοῖς
344 887 620 949 συνιόντες
673 884 968 958 τεμένεσιν,
1029 887 1311 963 ἁσυναφεῖς
1380 885 1560 943 τᾶλλα
1615 899 1813 951 καθεω-

1935 903 2094 944 mero
2127 887 2401 960 poculum
2435 893 2493 943 et
2521 887 2875 945 feculentum
2908 886 3148 943 calicem
3182 901 3355 942 omne
3379 879 3582 942 Roma-

158 978 412 1053 ρώμεϐα.
447 973 628 1033 Ἀλλὰ
656 975 708 1029 τί
742 995 839 1046 μοι
869 975 959 1029 καὶ
989 980 1070 1048 τῷ
1100 976 1200 1044 τὴν
1227 976 1475 1051 ἱστορίαν
1506 982 1813 1050 παρακινεῖν

1933 994 2076 1032 num
2109 977 2422 1048 imperium
2456 977 2774 1048 postulare.
2824 976 2956 1032 Jam
3015 976 3197 1047 igitur
3254 975 3326 1032 ad
3368 978 3580 1032 metam

151 1071 282 1128 ταῖς
331 1061 574 1120 τοιαῖσδε
627 1068 734 1118 τῶν
791 1062 1130 1140 διηγήσεων,
1179 1065 1276 1119 καὶ
1319 1071 1579 1141 παριστᾷν
1640 1066 1813 1120 έντεῦ‹

1929 1082 2252 1138 properans
2285 1067 2468 1123 oratio
2500 1083 2686 1139 pauca
2713 1065 2905 1122 adhuc
2937 1064 3195 1136 adjiciat.

157 1158 253 1211 θεν
316 1157 430 1229 (8'7)
495 1155 570 1215 ὡς
628 1153 865 1230 ἀκράτου
923 1153 1190 1229 ποτηρίου
1255 1156 1347 1210 καὶ
1403 1156 1748 1234 τρυγοιρόρου
1801 1154 2028 1216 κύλικος
2086 1157 2152 1210 τὰ
2204 1161 2311 1211 τῶν
2371 1157 2659 1230 Ῥωμαίων
2720 1154 3070 1226 ἁπαξάπαντα
3123 1151 3378 1212 ποοσδεᾶ.
3448 1151 3580 1228 Περῖ

149 1247 263 1318 τήν
292 1246 488 1299 νύσσαν
518 1243 701 1298 τοίνυν
734 1243 797 1298 τὸ
831 1242 1004 1320 λέγειν
1035 1243 1186 1306 αὖθις
1219 1243 1581 1322 ἐπεισαγέσθιυ
1611 1245 1701 1300 καὶ
1732 1249 1839 1300 τῶν
1869 1245 2242 1318 προκειμένων
2277 1244 2451 1320 ἐχέτω
2489 1265 2605 1318 μοι.

230 1332 384 1408 Τῇὃε
417 1333 507 1406 μὶν
542 1330 635 1387 οὖν
676 1334 766 1388 καὶ
813 1338 983 1388 ταῦτα
1035 1333 1254 1410 ἐφέρετο
1333 1336 1361 1388 ὁ
1417 1332 1472 1389 δέ
1511 1356 1572 1411 γε
1622 1334 1813 1409 Ἐῥρἧς

2001 1335 2235 1391 Erricus
2265 1336 2509 1407 imperio
2567 1336 2807 1408 potitus,
2868 1350 3002 1391 cum
3060 1350 3129 1390 ex
3193 1332 3576 1406 popularibus

150 1427 513 1499 βασιΛεύσας,
567 1421 683 1477 ἐπεὶ
737 1423 968 1486 πύθοιτο
1013 1423 1158 1499 παρά
1206 1427 1312 1478 τῶν
1364 1423 1440 1486 εἰς
1499 1423 1813 1498 Ὀρεστιάδα

1929 1427 2056 1484 suis
2089 1428 2388 1484 Orestiade
2453 1427 2670 1483 relictis
2728 1426 3078 1499 Scytharum
3131 1428 3188 1481 et
3224 1423 3574 1480 Blachorum

147 1511 632 1589 καταλειφθέντων
661 1511 938 1586 ὁμογενῶν
974 1517 1198 1576 Σκυθῶν
1240 1514 1394 1577 αὖθις
1439 1514 1529 1568 καὶ
1582 1512 1813 1589 Βλάχων

1928 1515 2217 1572 exercitus
2250 1517 2441 1572 denuo
2473 1517 2665 1586 egredi
2717 1520 2774 1572 et
2818 1531 3017 1571 everso
3053 1513 3454 1586 Didymotlcho
3485 1512 3574 1584 ip-

153 1602 360 1673 ἐξιέναι
394 1601 788 1676 στρατεύματα,
821 1601 911 1656 καὶ
964 1603 1026 1656 τὸ
1081 1603 1175 1674 μὲν
1232 1599 1632 1677 Διδυμότοιχον
1680 1604 1813 1657 καθ-

1927 1621 2051 1660 sam
2071 1603 2511 1674 Adrianopolim
2533 1602 2684 1658 clam
2709 1603 2783 1658 ad
2807 1602 3193 1659 defectionem
3225 1604 3326 1656 aut
3375 1601 3575 1670 prodi-

153 1692 334 1760 ελεῖν,
365 1692 537 1761 αὐτὴν
601 1688 656 1745 δὲ
701 1691 800 1758 τήν
847 1689 898 1762 ἐξ
943 1688 1234 1767 ’Δδριανοῦ
1281 1690 1630 1766 καλουμένην
1688 1693 1813 1746 ὑπο-

1924 1693 2142 1749 tionem
2174 1692 2487 1750 sollicitare
2515 1691 2988 1759 audivisset,non
3017 1689 3278 1746 hostium
3302 1688 3572 1746 multitu-

149 1779 423 1851 νοθεύειν,
458 1779 505 1834 εἲ
534 1799 652 1840 πως
682 1779 772 1834 καὶ
802 1780 1001 1850 ταύτης
1027 1782 1499 1857 περιγενήσονται,
1557 1783 1632 1856 μὴ
1679 1783 1813 1855 πρὸς

1925 1782 2061 1838 dine
2092 1781 2330 1838 territus
2389 1798 2494 1838 nec
2552 1782 2922 1853 superiorum
2971 1779 3260 1836 bellorum
3308 1778 3575 1835 cladibus

148 1872 220 1925 τὸ
255 1869 468 1934 πλῆθος
502 1866 682 1929 δείσας
712 1872 821 1922 τῶΛ
852 1868 1186 1938 ἀντιπάλων,
1238 1868 1366 1944 μηδ’
1416 1869 1468 1925 ἐν
1517 1875 1596 1942 νῷ
1642 1867 1811 1944 βαλό-

1924 1877 2333 1927 consternatus
2356 1888 2562 1927 rursus
2585 1871 2740 1926 exire
2791 1887 2906 1926 non
2947 1868 3260 1937 dubitavit,
3291 1871 3356 1924 ut
3383 1871 3440 1924 et
3470 1884 3572 1940 po-

155 1980 328 2034 μενος
359 1958 505 2020 ὅλως
553 1958 621 2012 τὰ
667 1961 774 2012 τῶν
830 1957 1110 2033 προτέρων
1161 1957 1422 2032 πολέμων
1482 1959 1813 2034 ἀτυχήματα

1924 1959 2159 2032 pulares
2177 1976 2317 2015 suos
2339 1959 2587 2014 Branam
2613 1962 2844 2015 secutos
2863 1960 3229 2015 conservaret
3259 1960 3318 2012 et
3365 1955 3573 2012 Roma-

147 2049 257 2104 καὶ
283 2046 448 2102 πάλιν
478 2048 577 2117 τὴν
611 2044 792 2117 ἔξοδον
827 2046 1188 2122 ἀπεθάῤῥησε,
1223 2047 1312 2103 καὶ
1343 2048 1469 2110 τοὺς
1513 2053 1591 2120 τῷ
1641 2052 1814 2122 Βρανᾷ

155 2134 543 2210 συνεκδήμους
574 2137 894 2212 ὁμοφύλους
940 2135 1171 2193 ἐκσῶσαι
1217 2137 1556 2215 γλιχόμενος
1607 2137 1696 2192 καὶ
1747 2138 1814 2193 τὰ

151 2232 272 2282 τῶν
305 2226 594 2300 Ῥωμαίων
628 2225 984 2302 περιθάλψειν
1033 2225 1532 2301 έγκαταλείμματα,
1585 2225 1639 2282 οῗ
1689 2227 1812 2300 περὶ

150 2317 260 2378 τὰς
293 2317 404 2390 οὐχ
433 2315 557 2378 ἑκὰς
606 2323 707 2385 τῆς
756 2314 977 2378 πόλεως
1025 2315 1380 2390 κωμοπόλεις
1429 2318 1580 2380 αὖθις
1630 2313 1813 2371 συνδε-

151 2404 498 2481 δραμήκασι.
552 2404 681 2480 Περὶ
733 2406 831 2473 τὴν
884 2403 1174 2479 Ἀδριανοῦ
1221 2407 1399 2461 τοίνυν
1456 2406 1812 2476 κατηντηκὼς

151 2493 414 2556 καὶτοὺς
459 2492 713 2568 Βλάχους
765 2496 1162 2556 κατωπτευκὼς
1209 2496 1332 2570 περὶ
1380 2497 1480 2565 τήν
1531 2491 1654 2568 ὄψιν
1703 2500 1812 2550 τῶν

152 2585 411 2640 Λατίνων
468 2580 976 2651 ἀποδειλιάσαντας,
1039 2587 1177 2658 μήτε
1245 2586 1474 2657 σώματα
1531 2579 1810 2640 λαϐόντων

149 2677 259 2748 [Ρ.
300 2674 427 2744 H6]
463 2672 680 2745 μείζονα
711 2676 819 2727 τῶν
853 2671 1155 2746 προτέρων,
1207 2671 1348 2745 μηδέ
1379 2675 1560 2752 ψυχας
1609 2695 1812 2744 κτησα-

153 2765 350 2836 μένων
381 2761 788 2836 ἀλκιμωτέρας,
847 2763 909 2816 τὸ
958 2759 1014 2815 δὲ
1060 2763 1282 2832 σύνηθες
1336 2764 1530 2836 θράσος
1575 2764 1664 2818 καὶ
1712 2766 1811 2834 τήν

143 2851 202 2906 έν
271 2849 546 2924 πολέμοις
602 2845 705 2920 ἕξιν
769 2851 866 2904 οὐκ
923 2849 1298 2906 ἀπολωλότων
1354 2852 1438 2916 οἶς
1492 2853 1812 2924 πεπόνθασι,

144 2942 334 3016 μέχρι
369 2943 579 3014 Κρηνοῦ
608 2940 698 2993 καὶ
727 2939 928 3014 Βορέης
977 2937 1200 3005 ἐλάσας,
1251 2939 1310 2994 ἐκ
1364 2937 1421 2996 δὲ
1467 2939 1673 2996 τούτων
1713 2943 1810 3011 τὴν

1924 2066 2134 2105 norum
2166 2049 2430 2120 reliquiis
2490 2048 2848 2120 subveniret,
2904 2063 3032 2119 qua
3088 2047 3148 2102 in
3197 2046 3569 2102 suburbanos

1923 2156 2105 2212 pagos
2138 2139 2538 2211 confugerant.
2572 2138 2761 2210 Igitur
2790 2136 3229 2210 Adrianopolim
3274 2135 3568 2208 profectus

1922 2245 2058 2287 cum
2093 2228 2332 2284 Blachos
2356 2228 2693 2284 Latinorum
2726 2235 3062 2299 conspectu,
3095 2241 3430 2298 quanquam
3461 2240 3566 2281 ne-

1923 2336 2033 2390 que
2064 2319 2404 2390 corporibus
2434 2318 2777 2390 majoribus,
2809 2333 2992 2389 neque
3023 2316 3238 2373 animis
3271 2315 3567 2373 alacriori-

1921 2408 2034 2464 bus
2064 2425 2240 2480 quam
2275 2407 2437 2480 prius
2471 2408 2870 2480 praeditorum,
2903 2409 3005 2464 sed
3061 2408 3340 2463 usitatam
3385 2407 3566 2463 auda-

1923 2499 2070 2554 ciam
2102 2503 2158 2555 et
2188 2502 2267 2554 rei
2297 2497 2562 2554 militaris
2593 2497 2859 2554 habitum
2891 2499 3064 2554 etiam
3098 2501 3232 2569 post
3260 2495 3392 2553 illas
3421 2501 3568 2552 stra-

1923 2603 2024 2659 ges
2056 2588 2451 2654 retinentium,
2481 2591 2716 2642 territos
2747 2587 3008 2654 vidisset,
3067 2600 3256 2659 usque
3322 2585 3394 2641 ad
3439 2585 3571 2641 Cre-

1924 2694 2065 2732 num
2093 2682 2149 2732 et
2179 2677 2418 2732 Boream
2451 2692 2548 2732 eos
2577 2681 2667 2732 est
2697 2680 3061 2747 persecutus.
3094 2675 3236 2730 Inde
3281 2691 3386 2746 per
3416 2676 3570 2744 Aga-

1927 2765 2205 2836 thopolim
2236 2764 2584 2820 Anchialum
2607 2779 2792 2836 usque
2812 2763 3341 2837 progressus,858
3373 2763 3572 2836 ibique

1925 2856 2134 2911 castris
2166 2855 2392 2926 positis,
2424 2857 2480 2910 et
2507 2854 2700 2909 multis
2731 2854 2905 2908 rebus
2936 2853 3136 2925 gestis,
3181 2852 3330 2908 unde
3375 2855 3434 2908 et
3471 2869 3576 2925 pe-

1926 2944 2149 3014 cunias,
2181 2947 2240 3000 et
2269 2942 2561 3012 homines,
2592 2947 2650 2999 et
2674 2943 2966 3014 pecudum
2989 2957 3212 3014 greges,
3236 2947 3293 2997 et
3313 2945 3577 2998 armenta

141 3027 536 3105 Ἀγαθόπολιν
566 3025 794 3082 διελθὼν
832 3029 922 3082 καὶ
971 3022 1342 3103 παρεμϐαλὼν
1393 3027 1445 3091 ές
1491 3027 1808 3105 ’Λγχίαλον,

1924 3033 2088 3105 cepit,
2122 3031 2268 3088 nihil
2321 3048 2454 3090 vero
2515 3031 2742 3089 adversi
2801 3029 3060 3104 pertulit,
3090 3030 3287 3088 salvus
3350 3029 3574 3103 Cpolim

141 3118 251 3174 καὶ
283 3115 474 3172 πολλᾶ
501 3116 597 3188 μὲν
630 3113 831 3191 δράσας
878 3114 927 3187 έξ
979 3117 1051 3172 ὧν
1107 3117 1198 3170 καὶ
1245 3118 1510 3192 χρήματα
1555 3117 1646 3172 καὶ
1701 3118 1812 3172 σώ-

1924 3122 2116 3178 rediit.

158 3227 322 3282 ματα
376 3207 468 3261 καὶ
535 3205 688 3274 ζώων
759 3203 958 3281 ἀγέλας
1012 3200 1224 3278 ἔλαϐεν,
1284 3203 1436 3263 οὐδὲν
1497 3203 1554 3262 δέ
1608 3227 1661 3262 τι
1735 3207 2144 3284 καθλπομείνας
2203 3205 2400 3279 δεινὸν,
2459 3209 2670 3280 ἀπαθὴς
2729 3209 3025 3284 ὑπέστρεψε
3099 3209 3190 3266 καὶ
3262 3208 3366 3279 τὴν
3425 3213 3577 3266 Κων-

150 3297 460 3355 σπαντίνου
492 3290 810 3353 κατέλαϐεν.

1531 3441 1718 3510 Hier.
1761 3441 1994 3510 Wolfii
2022 3449 2230 3511 notae.

415 3582 676 3656 Kai_‘tijq
715 3584 857 3656 ,τῶν
901 3583 1175 3656 ῨΒιθυνῶν
1218 3580 1613 3656 μητροπόλεως
1653 3602 1820 3656 προε-

156 3653 486 3731 δρεύουσαν.
527 3654 1023 3731 Puto_legendum
1069 3653 1340 3731 xai‘rv‘jv’
1389 3657 1496 3707 τῶν
1575 3653 1814 3731 Βιθυνῶν

151 3721 639 3802 προεδρεύουσανκ
684 3721 921 3802 Nam};
957 3799 973 3802 _
1008 3721 1436 3802 __1tpos§pséo_uc¢
1501 3732 1557 3782 et
1616 3727 1819 3802 μητρό-

155 3797 520 3860 πολιςὶᾱειτι
553 3797 769 3867 valent,
802 3798 914 3853 nisi
950 3797 1135 3854 fallor.
1169 3797 1224 3854 Si
1246 3799 1378 3869 quis
1407 3797 1816 3855 autem’etiam

161 3872 540 3943 metropolim
573 3870 736 3926 alteri
770 3869 987 3927 civitati
1028 3870 1285 3940 subjicit,
1319 3870 1476 3942 legat
1506 3885 1520 3926 :
1574 3869 1671 3926 Καὶ
1719 3871 1818 3939 τήν

1926 3586 2058 3660 τῶνΔ
2090 3585 2325 3660 Βιθυνῶν
2377 3581 2775 3660 μητροπόλεως
2840 3581 3272 3660 προεδρεύουσαν
3325 3581 3574 3652 Νίκαιαν,

1927 3657 2126 3730 addito
2159 3657 2435 3730 duntaxat
2496 3656 2740 3713 articulo
2794 3656 2920 3726 τὴν,
2961 3656 3026 3713 ut
3083 3656 3255 3730 paulo
3313 3660 3448 3713 ante
3474 3660 3574 3723 τῆν

1925 3729 2052 3802 παρ’
2068 3728 2284 3802 ΠἈγσκαν
2295 3729 2350 3798 ίᾳ
2378 3726 2578 3800 λίμνην
2618 3733 2897 3802 παροικεῖν
2909 3769 2921 3785 .

1927 3872 1961 3927 d
1999 3795 2110 3871 (87)
2143 3800 2246 3856 Καὶ
2314 3795 2578 3874 παριστᾷν
2621 3795 2882 3864 ἐντεῦθεν.
2932 3799 3218 3857 Videntur
3296 3795 3580 3856 nonnulla

1969 3888 2152 3927 68886.

1969 3888 2152 3928 68886.

635 4191 1624 4384 NIGETZE
1759 4192 3126 4386 CHONIATZE

1646 4492 1707 4557 Ν
1711 4492 2105 4560 ARRATIO

163 4677 297 4744 DE
346 4671 730 4740 STATUIS
772 4669 1221 4753 ANTIQUIS,
1280 4667 1517 4750 QUAS
1563 4667 1893 4738 FRANCI
1935 4666 2174 4736 POST
2219 4667 2583 4738 ΟΛΡΤΑΜ
2618 4669 2864 4744 ΑΝΝΟ
2905 4670 3083 4740 1204
3133 4669 3586 4744 CONSTAN—

1232 4786 1725 4857 TIIVOPOLIN
1771 4785 2530 4860 DESTRUXERUNT.

908 4974 978 5014 EX
1007 4974 1207 5015 CODICE
1245 4973 1559 5016 BODLEIANO
1601 4974 1967 5017 EMENDATIUS
2004 4974 2171 5015 EDITA
2207 4973 2244 5014 Α
2279 4974 2588 5016 FRIDEBICO
2625 4977 2866 5018 WILKEN.

252 5267 665 5328 Narrationem
690 5267 902 5326 Nicetes
933 5267 1221 5324 Cboniataa
1253 5270 1323 5325 de
1355 5268 1684 5340 magniﬁcis
1714 5266 1830 5322 illis
1860 5265 2063 5337 priscis
2097 5267 2239 5323 artis
2267 5269 2678 5335 monumentis,
2712 5285 2840 5340 qua
2873 5285 2907 5324 a
2938 5269 3176 5326 Francis
3213 5273 3341 5342 post
3362 5274 3595 5344 captam

176 5376 339 5418 anno
371 5359 511 5415 4204
544 5357 1098 5430 Canstantinopolim
1128 5359 1420 5414 confracta
1452 5360 1612 5425 sunt,
1645 5357 1927 5426 integram
1962 5355 2192 5411 nonnisi
2226 5355 2284 5410 in
2319 5373 2434 5411 uno
2467 5358 2662 5413 codice
2691 5356 3054 5414 bibliothecas
3094 5358 3418 5416 Bodleiaoaa
3447 5361 3592 5418 Oxo-

177 5448 414 5507 niensis
446 5452 673 5504 aetatem
707 5447 930 5517 tulisse,
965 5464 1134 5504 nemo
1167 5447 1396 5520 ignorat
1427 5446 1711 5500 bonarum
1744 5446 1957 5499 artium
1995 5446 2234 5516 peritus.
2270 5447 2479 5500 Praeter
2527 5446 2682 5502 hunc
2731 5445 2988 5504 codicem
3044 5447 3102 5502 in
3155 5447 3444 5506 Vaticanis
3475 5454 3602 5507 tan-

177 5547 308 5594 tum
344 5537 707 5592 membranis
738 5536 1088 5606 quibusdam
1123 5537 1513 5608 fragmentum
1548 5533 1723 5602 hujus
1756 5533 2104 5587 narrationis
2135 5537 2342 5598 exstat,
2377 5533 2532 5588 unde
2564 5533 2792 5604 primus
2825 5535 3171 5592 Lambecius
3197 5537 3256 5593 in
3292 5538 3447 5596 notis
3478 5541 3601 5597 suis

182 5629 254 5684 ad
289 5626 493 5682 Codini
525 5624 741 5680 librum
770 5626 840 5680 de
873 5626 1198 5696 originibus
1231 5621 1884 5693 Constantinopolitanis
1914 5622 2026 5676 tria
2059 5621 2182 5676 loca
2214 5620 2472 5693 protulit,
2501 5630 2672 5694 atque
2735 5624 2910 5694 hujus
2970 5626 3282 5699 fragmenti
3341 5628 3602 5686 Vaticani

184 5715 617 5789 apographum,
647 5730 680 5771 a
707 5717 898 5768 Gram")
935 5715 1176 5785 quadarn
1215 5714 1446 5768 homirw
1483 5715 1777 5767 exaratum
1811 5717 2070 5768 servatur
2103 5711 2162 5767 in
2191 5711 2548 5769 bibliotheca
2579 5712 2969 5786 Gottingensi.
