4072 6218
494 362 652 430 1030
1797 360 2111 422 ΝΙΟΕΤλΕ
2151 357 2587 421 ΟΗΟΝΙΑΤᾹΞ
3724 369 3844 427 1040

563 504 709 576 Ego,
740 516 870 558 cum
901 500 962 556 in
992 498 1249 555 historia
1280 496 1569 554 bellorum
1602 495 1991 552 cruciatorum
2049 495 2384 566 germanico
2441 510 2707 550 sermone
2764 493 2995 562 scripta
3053 496 3214 549 torno
3272 493 3497 565 quinto,
3529 513 3687 567 quem
3723 518 3842 560 anno

495 589 789 664 superiori
820 587 998 654 edidi,
1031 585 1176 643 mihi
1208 586 1524 642 dicendum
1557 592 1707 640 esset
1734 583 1805 640 de
1830 581 2048 638 crudeli
2108 583 2268 638 urbis
2326 581 2985 653 Constantinopolitana
3037 582 3388 653 direptione,
3436 600 3608 654 quam
3663 587 3844 646 Nicetas

495 684 558 739 in
594 698 704 737 sua
732 677 984 734 historia
1012 675 1294 747 deplorat,
1328 691 1444 730 non
1475 674 1637 745 potui
1690 672 1980 744 negligere
2038 671 2464 728 nobilissimum
2529 671 2670 725 illud
2728 671 2798 726 de
2857 672 3070 726 statuis
3129 673 3439 727 confractis
3496 674 3844 750 fragmentum,

499 771 654 842 quod
687 769 917 826 edidere
947 765 1277 821 Bandurius
1309 763 1394 835 (in
1423 763 1652 833 Imperii
1707 762 2000 818 orientalis
2056 765 2213 816 tomo
2271 759 2476 832 primo)
2537 765 2592 814 et
2651 759 2949 814 Fabricius
3005 761 3086 829 (in
3139 760 3485 816 Bibliotheca
3531 780 3708 832 graeca
3733 766 3844 824 libro

501 855 754 928 quinto),
787 858 1028 924 uterqur
1058 868 1126 907 ex
1162 851 1380 906 codicis
1411 850 1647 921 quidem
1682 848 1977 904 Bodleiani
2009 847 2379 920 apographis,
2448 851 2650 901 neuter
2706 863 2841 901 vero
2894 847 3155 917 genuina
3211 849 3425 903 codicis
3467 849 3695 906 lectione
3717 855 3844 908 exhi-

497 947 645 1012 bita,
677 945 733 1000 id
767 943 918 1013 quod
949 956 1152 996 omnes
1182 939 1348 995 facile
1381 937 1733 1009 intelligent,
1765 938 1862 1007 qui
1933 937 2264 992 Gracarum
2319 936 2648 990 litterarum
2713 952 2827 989 non
2879 936 3049 1006 plane
3108 942 3246 990 sunt
3276 936 3513 992 indocti.
3540 939 3722 1009 Itaque
3745 959 3844 998 cum

497 1035 611 1091 iter
641 1034 700 1088 in
730 1030 995 1103 Angliam
1027 1044 1225 1085 mense
1258 1027 1409 1082 Maio
1441 1026 1758 1096 superioris
1790 1025 1926 1080 anni
1951 1031 2288 1096 susceptum
2324 1026 2814 1095 opportunitatem
2869 1023 3013 1078 mihi
3063 1026 3341 1096 praberet
3363 1025 3631 1097 inclytam
3660 1028 3842 1087 Oxonia

498 1125 707 1180 urbem
728 1120 980 1188 visendi,
1012 1133 1196 1190 opera
1228 1116 1478 1188 pretium
1509 1115 1645 1170 duxi
1690 1114 2033 1170 Bodleianas
2053 1114 2262 1169 Niceta
2294 1114 2666 1168 membranas
2697 1116 2985 1183 quantum
3040 1113 3163 1167 fieri
3221 1121 3412 1184 posset
3462 1115 3843 1186 diligentissime

499 1211 832 1270 examinare
865 1226 880 1277 ;
913 1212 1090 1279 atque
1121 1221 1316 1261 earum
1351 1220 1516 1260 usum
1549 1203 1809 1258 lubenter
1843 1201 1984 1257 mihi
2016 1201 2302 1257 concessit
2330 1202 2436 1256 viri
2465 1201 2681 1256 summi
2714 1200 3028 1266 reverendi,
3062 1201 3159 1256 Dr.
3213 1203 3522 1268 Bandinel,
3553 1205 3645 1275 qui
3693 1205 3846 1263 biblio-

496 1299 678 1356 theca
699 1295 1024 1354 Bodleianas
1057 1292 1334 1366 primario
1367 1291 1492 1348 loco
1525 1295 1754 1362 praest,
1785 1296 1843 1346 et
1873 1288 2228 1361 reliquorum
2262 1289 2441 1359 hujus
2470 1287 2834 1344 bibliotheca
2881 1288 3194 1343 custodum
3254 1289 3508 1360 insignis
3559 1291 3842 1350 liberalitas.

494 1389 694 1459 Neque
711 1402 805 1442 me
836 1382 1041 1440 fefellit
1073 1397 1229 1453 spes,
1265 1397 1437 1450 quam
1473 1395 1874 1450 conceperam,
1901 1379 2116 1434 codicis
2147 1394 2253 1449 ope
2284 1378 2635 1448 fragmento,
2667 1378 2815 1448 quod
2849 1377 3180 1432 Bandurius
3231 1381 3287 1433 et
3330 1378 3626 1435 Fabricius
3654 1383 3846 1455 turpite,

499 1482 836 1548 corruptum
869 1476 1046 1542 atque
1079 1472 1460 1542 depravotum
1493 1469 1746 1537 edidere,
1783 1467 1832 1522 si
1864 1483 2074 1539 paucas
2106 1467 2390 1536 quasdam
2419 1465 2805 1536 corruptelas,
2836 1482 2962 1536 qua
2994 1465 3180 1520 codici
3221 1481 3563 1523 communes
3599 1478 3844 1526 suntcum

501 1563 878 1627 editionibus,
901 1557 1474 1630 exceperis,nativam
1497 1557 1656 1612 reddi
1679 1571 1849 1627 posse
1871 1555 2431 1626 integritatem.Post
2454 1554 2700 1609 reditum
2724 1554 2980 1625 igiturex
2995 1555 3207 1624 Anglia
3223 1558 3492 1610 nostrum
3517 1557 3847 1627 fragmentum

506 1647 1135 1720 cuminterpretatione
1160 1645 1491 1718 germanica
1515 1653 1570 1700 et
1599 1645 1756 1700 brevi
1787 1643 2162 1700 annotatione
2192 1644 2251 1698 in
2285 1643 2505 1711 multis,
2539 1643 2809 1707 utcredo,
2843 1642 3212 1698 emendatius
3243 1642 3426 1709 edidi,
3459 1643 3519 1698 in
3548 1645 3679 1700 tomi
3703 1646 3846 1716 quinti

502 1738 759 1797 historia
789 1735 1078 1793 bellorum
1105 1734 1532 1804 Cruciatorum,
1562 1733 1632 1789 de
1663 1750 1779 1805 quo
1810 1750 1988 1804 supra
2017 1731 2754 1804 dixi,appendice,adjutus
2777 1745 2908 1785 cum
2935 1731 3259 1786 amicorum
3309 1730 3574 1787 consiliis
3611 1738 3662 1788 et
3708 1735 3846 1789 moni-

500 1829 683 1895 tione,
717 1831 843 1882 tum
875 1822 1196 1896 apographi
1227 1822 1624 1893 Gottingensis
1658 1838 1790 1890 usu,
1823 1822 1976 1892 quod
2011 1820 2452 1892 perhumaniter
2483 1835 2713 1874 mecum
2746 1819 3205 1875 communicavit
3252 1819 3305 1874 J.
3338 1820 3411 1876 D.
3459 1821 3652 1889 Reuss,
3685 1822 3849 1878 biblio-

501 1918 684 1974 theca
707 1913 1101 1986 Gottingensis
1141 1911 1445 1984 prafectus
1477 1912 1807 1982 primarius,
1841 1912 1929 1965 vir
1952 1909 2198 1966 illustris
2221 1910 2485 1981 mihique
2511 1909 2792 1965 diuturna
2820 1909 3077 1964 amicitia
3106 1911 3490 1980 conjunctae.
3539 1911 3712 1983 Neque
3746 1913 3847 1968 inu-

505 2006 603 2064 tile
631 2003 778 2061 mihi
811 2003 993 2058 Visun:
1023 2003 1109 2056 est
1137 2004 1382 2067 textum,
1414 2015 1589 2071 quem
1639 1999 1736 2055 illo
1796 1999 1916 2054 loco
1971 1998 2149 2064 edidi,
2211 1996 2679 2068 qualemcunque
2737 1996 3010 2053 secundis
3058 1997 3215 2053 curis
3275 1999 3504 2068 passim
3561 2001 3844 2072 castigatum

502 2093 743 2152 seorsim
773 2096 1030 2163 repetere
1064 2107 1080 2159 ;
1112 2102 1454 2160 quanquam
1486 2101 1859 2157 summopere
1890 2087 2210 2156 optandum
2246 2091 2353 2153 est,
2390 2091 2454 2141 ut
2513 2086 2800 2156 integrum
2855 2085 3064 2140 Niceta
3119 2088 3192 2142 de
3238 2089 3470 2143 excidio
3529 2089 3702 2160 patria
3729 2090 3848 2144 urbis

502 2181 878 2257 opusculum,
910 2179 971 2235 in
1001 2178 1170 2249 cujus
1202 2177 1316 2232 ﬁne
1347 2179 1614 2232 nostrum
1650 2179 2042 2247 fragmentum
2075 2174 2309 2246 legitur,
2343 2173 2478 2230 licet
2508 2193 2540 2229 a
2571 2175 2775 2244 majori
2808 2191 3000 2246 opere,
3033 2175 3186 2246 quod
3221 2177 3377 2247 typis
3440 2179 3642 2249 sapius
3675 2179 3837 2235 editum

503 2277 610 2342 est,
642 2287 758 2328 non
791 2269 1043 2325 multum
1075 2266 1306 2322 differat
1335 2266 1423 2338 (‘),
1458 2266 1517 2320 in
1548 2264 1738 2321 lucem
1771 2266 1886 2320 cito
1918 2264 2306 2334 protrahatur.
2341 2263 2745 2336 Interpretatio
2792 2264 3012 2332 Latina,
3044 2281 3222 2335 quam
3281 2266 3509 2335 addidi,
3565 2275 3640 2322 est
3676 2267 3842 2322 Bandu-

503 2361 672 2419 riana
704 2359 777 2416 ad
807 2361 1076 2415 nostrum
1107 2360 1328 2412 textum
1360 2354 1579 2426 passim
1612 2354 2086 2421 accommodata;
2122 2352 2234 2408 nisi
2266 2355 2418 2423 quod
2451 2353 2844 2409 narrationem
2873 2354 2944 2409 de
2975 2354 3201 2410 Thema
3245 2357 3582 2426 patriarcha
3619 2356 3845 2412 Constan-

505 2447 915 2521 tinopolitano,
939 2461 1116 2518 quam
1149 2443 1406 2516 Heynius
1437 2444 1523 2515 (in
1555 2444 1964 2498 Commentatt.
1993 2442 2194 2498 societ.
2229 2441 2370 2513 Reg.
2404 2445 2556 2498 Gott.
2590 2444 2657 2498 ad
2691 2459 2744 2498 a.
2779 2443 2936 2513 1793,
2996 2443 3156 2512 1794,
3205 2443 3321 2499 vol.
3376 2443 3502 2511 Xll,
3557 2445 3719 2501 Class.
3746 2445 3850 2499 hist.

504 2542 563 2596 et
591 2535 792 2611 philol.
826 2553 880 2608 p.
914 2535 1039 2607 307)
1063 2533 1287 2607 primus
1344 2548 1413 2588 ex
1468 2531 1805 2604 apographo
1863 2530 2230 2603 Gottingensi
2281 2530 2472 2586 Graece
2528 2530 2732 2600 edidit,
2763 2531 2890 2604 ipse
2937 2531 2998 2587 in
3049 2531 3319 2588 Latinum
3383 2549 3697 2591 sermonem
3740 2550 3844 2590 con-

502 2627 670 2685 verti.

580 2714 766 2772 Codex
795 2712 1172 2781 Bodleianus,
1207 2711 1266 2767 in
1299 2727 1414 2784 quo
1444 2717 1710 2767 nostrum
1740 2711 2137 2782 fragmentum
2193 2709 2462 2780 habetur,
2529 2709 2683 2766 inter
2740 2709 2871 2765 illos
2930 2710 3186 2778 codices,
3219 2711 3318 2784 qui
3377 2729 3532 2769 anno
3563 2712 3688 2769 1628
3715 2713 3854 2768 dona-

515 2808 674 2865 tione
702 2804 939 2862 Thoma
972 2803 1088 2859 Roe
1116 2803 1186 2858 ad
1220 2800 1565 2858 Bodleianas
1594 2800 1790 2871 copias
1819 2814 2134 2869 accessere,
2167 2798 2480 2869 insignitus
2507 2804 2596 2855 est
2626 2815 2871 2855 numero
2910 2800 3084 2870 XXII,
3143 2801 3525 2873 scriptusque
3573 2802 3773 2870 saculo,
3813 2808 3855 2857 ut

505 2901 703 2968 credo,
737 2896 964 2954 decimo
996 2900 1199 2966 quarto
1230 2893 1481 2964 eleganti
1512 2908 1693 2948 manu
1719 2895 1776 2947 et
1805 2891 1865 2946 in
1897 2889 2258 2946 membranis
2290 2889 2597 2961 paululum
2627 2890 2857 2963 spissis,
2892 2891 3044 2947 foliis
3076 2896 3363 2964 quantum
3396 2893 3470 2948 ad
3503 2893 3728 2948 formam
3755 2894 3859 2947 inte.

507 2989 632 3062 gris
664 3003 858 3058 neque
887 2983 1350 3058 praegrandibus.
1386 2983 1545 3038 Inest
1577 2981 1709 3036 huic
1742 2980 1926 3035 codici
1959 2985 2164 3051 prater
2194 2979 2309 3034 alia
2338 2981 2622 3050 opuscula
2650 2979 2974 3050 theologica
3003 2981 3330 3050 etjuridica
3381 2983 3589 3040 Niceta
3626 2982 3855 3038 Choniata

514 3079 854 3134 Thesaurus
886 3073 1219 3130 orthodoxa
1249 3072 1405 3142 ﬁdei,
1439 3072 1499 3126 in
1530 3073 1702 3141 cujus
1733 3071 1846 3126 ﬁne
1868 3069 2020 3142 (cod.
2056 3068 2152 3123 fol.
2182 3068 2287 3123 1123
2318 3070 2493 3140 recto)
2526 3071 2651 3124 sine
2707 3069 3020 3141 epigraphe
3051 3071 3257 3142 incipit
3315 3072 3663 3128 narrationis
3708 3073 3766 3127 de
3788 3088 3855 3127 ex-

517 3166 670 3222 cidio
699 3159 1236 3232 Constantinopolis
1267 3161 1326 3214 in
1359 3161 1506 3216 duos
1532 3159 1712 3214 libros
1738 3159 2061 3214 distributa
2092 3157 2125 3212 li

2270 3159 2426 3228 prior
2457 3175 2491 3213 a
2521 3158 2710 3214 verbis
2742 3177 2754 3214 :
2792 3156 2970 3212 Ἀλλὰ
3014 3157 3180 3235 μέχρι
3236 3159 3330 3231 μὲν
3386 3158 3453 3229 δὴ
3486 3160 3683 3215 τούτων
3712 3158 3854 3233 εὔδρο-

521 3273 622 3326 μος
654 3254 790 3324 ἡμῖν
820 3251 847 3304 ὁ
881 3247 1068 3325 λόγος,
1101 3266 1228 3320 qua
1261 3248 1534 3321 leguntur
1565 3249 1624 3303 in
1655 3248 1866 3303 Niceta
1897 3247 2129 3303 editioni

2245 3247 2500 3303 trisiensi
2535 3265 2590 3319 p.
2634 3249 2760 3303 345.
2815 3249 3233 3320 Complectitur
3289 3250 3390 3308 hic
3451 3252 3594 3308 liber
3646 3269 3740 3308 non
3786 3267 3853 3306 so-

515 3340 644 3398 lum
675 3356 764 3408 ea,
795 3355 921 3410 qua
953 3337 1177 3408 reliqua
1206 3341 1347 3392 sunt
1377 3336 1530 3391 tertii
1561 3335 1694 3391 libri
1729 3335 2105 3391 historiarum
2147 3337 2330 3392 Alexii
2389 3339 2547 3394 tertii
2605 3339 2884 3394 Comneni
2953 3339 3010 3394 in
3066 3340 3399 3412 impressis,
3466 3358 3648 3398 verum
3701 3340 3853 3398 lsaacii

512 3445 750 3501 quoque
778 3426 1002 3500 Angelii
1035 3443 1151 3482 una
1177 3442 1310 3480 cum
1341 3425 1540 3480 Alexio
1573 3425 1691 3479 ﬁlio
1722 3424 1995 3480 iteratum
2026 3425 2339 3497 imperium
2373 3435 2545 3498 atque
2577 3434 2851 3499 praterea
2882 3444 2974 3483 res
3014 3435 3209 3494 gestas
3270 3430 3461 3486 Alexii
3523 3436 3674 3486 Duca
3723 3431 3852 3485 Murt-

512 3517 672 3574 zuﬂi.
704 3516 874 3573 Liber
906 3514 1193 3586 posterior
1227 3513 1548 3584 insignitus
1578 3513 1961 3584 inscriptione
1991 3529 2007 3567 ξ
2037 3511 2120 3585 τόε

2255 3509 2501 3588 δεύτερος
2553 3517 2779 3573 orditur
2835 3534 2869 3571 8.
2925 3519 3164 3574 verbis:
3225 3519 3364 3592 Εἶχε
3423 3519 3520 3590 μὲν
3568 3517 3695 3573 οὕτω
3734 3520 3853 3571 ταῦτα

510 3604 603 3662 καὶ
635 3607 670 3675 ἡ
722 3601 1132 3660 Κωύσταντίνου
1180 3598 1550 3669 Καλλίπολις,
1601 3619 1726 3674 qua
1788 3603 2118 3658 inveniuntu

2244 3621 2277 3658 n
2335 3605 2426 3659 ed.
2489 3607 2671 3664 i’aris.
2731 3623 2788 3677 p.
2847 3607 2952 3660 377
2985 3609 3087 3675 A.;
3142 3611 3317 3678 atque
3351 3607 3450 3664 hic
3493 3609 3631 3664 liber
3659 3608 3852 3664 continet

512 3695 910 3752 narrationem
942 3707 1142 3749 earum
1177 3707 1397 3758 rerum,
1429 3708 1556 3762 qua
1590 3695 1722 3762 post
1752 3695 1979 3761 captam
2013 3691 2219 3746 urbem
2278 3693 2389 3748 sub
2447 3693 2732 3750 Balduino
2790 3693 3145 3765 imperatore
3203 3697 3497 3754 accidere.
3538 3701 3600 3754 In
3652 3695 3851 3768 ejusdem

513 3785 650 3842 libri
683 3787 798 3842 ﬁne
829 3784 927 3840 fol.
962 3783 1066 3838 447
1097 3785 1256 3838 recto
1287 3785 1421 3852 post
1456 3781 1666 3837 verba:
1699 3779 1813 3834 Ἵνα
1864 3776 1920 3832 δὲ
1954 3779 2031 3851 μὴ
2093 3801 2121 3851 μ

2242 3779 2400 3855 οτὲρᾳ
2445 3780 2514 3854 τῇ
2545 3781 2758 3854 ἱστορίᾳ
2805 3782 3088 3855 χρώμενοι
3133 3782 3640 3860 πολυπλοκωτέρας
3679 3784 3849 3838 ἐντεῦθεν

511 3873 609 3937 τὰς
640 3873 814 3935 λύπας
870 3870 1149 3944 κτώμεθα,
1201 3868 1354 3922 ταυτὶ
1403 3869 1499 3941 μὲν
1565 3867 2106 3943 παρήσομεν,ἐκεῖνα

2241 3893 2266 3923 ν
2299 3869 2536 3945 ἐπιτομῇ
2568 3877 2646 3941 τῷ
2674 3872 2828 3947 λόγῳ
2859 3871 3132 3946 δώσομεν,
3163 3877 3372 3948 incipit
3401 3896 3537 3934 cum
3592 3875 3849 3934 narratione

514 3965 586 4021 de
613 3963 850 4020 Thoma
881 3961 1224 4035 patriarcha
1257 3961 1507 4015 adventu
1535 3960 1928 4030 fragmentum
1956 3977 1987 4014 a
2014 3960 2184 4016 nobis
2215 3962 2459 4030 editum,
2493 3965 2648 4033 quod
2681 3965 3196 4037 comprehenditur
3249 3966 3410 4023 foliis
3467 3967 3744 4022 447-450.
3772 3964 3850 4018 Ce-

510 4056 702 4109 terum
729 4052 874 4108 satis
901 4051 1239 4121 diligentem
1272 4049 1448 4120 hujus
1480 4049 1697 4104 codicis
1729 4049 2182 4120 descriptionem
2215 4052 2546 4123 composuit
2611 4053 2904 4109 Gerardus
2960 4054 3298 4126 Langbaine
3348 4055 3410 4110 in
3468 4057 3710 4127 catalogo
3739 4049 3851 4108 codi-

510 4157 644 4196 cum
675 4139 1121 4197 Bodleianorum
1157 4137 1419 4194 nondum
1443 4137 1622 4204 edito,
1654 4153 1826 4207 quem
1859 4137 2133 4194 benevole
2160 4138 2304 4195 mihi
2337 4141 2580 4196 tradidit
2639 4142 3076 4213 inepiciendum
3135 4143 3222 4198 vir
3271 4161 3510 4202 summe
3543 4142 3849 4203 reverendus,

508 4229 607 4286 Dr.
631 4229 934 4286 Bandinel.

584 4320 750 4388 Quod
779 4319 1074 4391 reliquum
1107 4323 1218 4386 est,
1250 4317 1545 4374 indicatus
1573 4323 1660 4374 est
1689 4317 1751 4374 in
1781 4319 1935 4373 notis
1966 4317 2200 4385 criticis,
2234 4335 2384 4389 quas
2415 4319 2594 4375 textui
2627 4319 2819 4376 Graec
2841 4319 3100 4390 subjeci,
3131 4321 3314 4377 codex
3358 4323 3696 4379 Bodleianus
3737 4319 3849 4373 litte-

511 4411 593 4466 ris
622 4411 682 4467 C.
712 4411 798 4475 B.,
833 4409 1051 4466 codicis
1085 4407 1348 4464 Vaticani
1381 4409 1726 4480 fragmenta,
1759 4424 1883 4478 qua
1933 4407 2278 4463 Lambecius
2336 4409 2599 4479 protulit,
2659 4409 2900 4465 distinxi
2957 4409 3167 4466 litteris
3225 4413 3283 4466 C.
3348 4411 3444 4476 V.,
3506 4407 3848 4484 Apograpbum

510 4501 890 4572 Gottingense
919 4497 1129 4554 litteris
1160 4503 1229 4552 A.
1260 4500 1351 4567 G.,
1379 4500 1602 4553 textum
1632 4495 2070 4552 Bandurianum
2100 4496 2298 4553 littera
2329 4497 2416 4566 B.,
2449 4503 2506 4553 et
2533 4497 2941 4555 Fabricianum
2976 4497 3170 4555 littera
3199 4503 3258 4554 F.

578 4799 646 4873 (‘)
677 4799 756 4855 Cf.
791 4815 920 4871 qua
951 4798 1103 4856 hanc
1132 4797 1192 4854 in
1225 4814 1344 4855 rem
1371 4798 1680 4855 observata
1735 4815 1769 4853 a
1826 4796 1997 4854 nobis
2056 4801 2193 4853 sunt
2240 4797 2299 4852 in
2357 4799 2507 4856 libro
2569 4804 2768 4856 nostro
2799 4821 2812 4859 :
2867 4804 3054 4860 Gesch.
3105 4804 3202 4860 der
3231 4808 3568 4880 Kreuzzz‘tge,
3605 4809 3643 4861 t.
3674 4803 3730 4870 V,
3755 4797 3845 4854 Bei-

503 4891 696 4965 lagen,
724 4907 782 4963 p.
817 4889 904 4946 13.
