4032 6216
249 364 406 426 ίοιι
526 358 531 363 ‘
611 326 615 331 ’

934 367 1034 427 DE
1078 366 1410 430 STATUIS
1450 368 1652 440 QUAS
1696 366 2000 431 FRANGI
2047 370 2271 434 CPOLl
2318 371 2985 438 DESTRUXERUNT.

3513 375 3672 438 1042

266 501 3663 535 -_—-__———'————_———I————I————-—

1396 632 1532 689 ΤοΥ
1570 633 1791 689 ΑΥΤΟΥ
1829 633 2249 691 ΜΑΚΔΡΙΤΟΥ
2286 614 2528 692 ΚΥριοΥ

836 831 1527 962 ΝΙΚΗΤΑ
1619 834 1966 964 ΤΟΥ
2043 835 3076 967 ΧΩΝΕΙΑΤΟΥ

1486 1087 1629 1143 ΑΠΟ
1670 1087 1807 1142 ΤΗΣ
1846 1088 2068 1143 ΑΥΤΟΥ
2104 1089 2434 1146 ΙΣΤΟΡΙΔΣ

961 1281 1259 1376 ΠΕΡΙ
1340 1280 2855 1381 ΚΩΝΣΤΑΝΤΙΝΟΥΠΟΛΕΩΣ
2926 1264 2945 1314 ¹

1461 1621 1555 1672 EX
1613 1616 1944 1675 EJUSDEM
2002 1617 2151 1674 VIBI
2211 1618 2442 1677 BEATI.

1114 1781 1774 1904 NIGETAE
1918 1781 2831 1906 CHONIATZE

832 2045 1438 2143 HISTORIA
1548 2044 3087 2143 CONSTANTINOPOLITANA

318 2384 383 2440 α’.
414 2385 529 2454 Τῆς
576 2384 678 2460 γὰρ
734 2382 1021 2455 ἡμετέρας
1064 2384 1087 2418 ³
1143 2380 1425 2455 βασιλείας
1481 2378 1601 2455 ἄρτι
1670 2376 1891 2435 διαπετ-

2079 2381 2317 2440 8541.
2378 2384 2582 2454 Itaque
2637 2386 2943 2455 postquam
2999 2382 3391 2456 inexplicabili
3420 2382 3650 2457 judicio

233 2472 526 2545 τευθείσης
591 2471 667 2535 εἷς
714 2470 842 2533 τοὺς
895 2471 1275 2547 Φραγγίσκους
1322 2469 1366 2537 ³,
1416 2467 1626 2541 ὁμοίως
1670 2468 1759 2523 καὶ
1805 2473 1906 2538 τῆς

241 2561 674 2642 ἀρχιερωσύνης
731 2559 1114 2636 κληρωθείσης
1168 2562 1191 2595 ⁸
1244 2564 1362 2622 τοῖς
1436 2556 1761 2626 Βενετίκοις,
1822 2557 1906 2620 οἶς

243 2653 533 2708 ἐπίσταται
579 2649 838 2725 κρίμασιν
894 2649 921 2702 ὁ
975 2652 1072 2703 τοῦ
1125 2646 1397 2721 κοσμικοῦ
1454 2644 1614 2702 τοῦδε
1669 2645 1906 2724 σκάφους

248 2741 552 2809 πευαστής
624 2739 714 2793 καὶ
806 2731 1145 2812 κυβερνήτης
1236 2734 1437 2811 Κύριος
1474 2737 1513 2771 ⁵⁸
1602 2731 1753 2790 *ίκετο
1846 2732 1905 2789 ἐκ

248 2828 506 2887 Βενετίας
563 2828 912 2902 πατριάρχης
971 2823 1621 2895 Κωνσταντινουπόλεως,
1697 2824 1900 2897 Θωμά-

262 2920 378 2981 σιός
406 2922 429 2956 ⁸
466 2936 550 2979 τις
596 2916 861 2989 τοῦνομα,
902 2916 1002 2983 τὴν
1057 2916 1150 2988 μὲν
1197 2912 1421 2983 ἠλικίαν
1474 2912 1653 2987 μέσος,
1695 2914 1794 2983 τήν
1847 2909 1905 2967 δὲ

252 3008 581 3080 σωματικὴν
612 3005 812 3061 πλάσιν
856 3003 1154 3060 λακκευτοῦ
1203 3003 1227 3037 ’⁷
1284 3003 1409 3064 συὸς
1462 3001 1899 3080 εύτραφέστεροςο

247 3097 320 3166 ἧν
350 3094 408 3151 δὲ
432 3096 523 3151 καὶ
555 3095 703 3158 λεῖος
753 3096 899 3170 ξυρῷ
944 3095 1008 3149 τὸ
1060 3096 1156 3149 τοῦ
1197 3093 1496 3168 προσώπου
1527 3092 1552 3127 ⁸
1578 3086 1804 3168 ἔδαφὸς⁶
1827 3091 1903 3153 ὡς

249 3189 304 3242 οἱ
335 3185 525 3242 λοιποὶ
554 3188 663 3241 τῶν
712 3182 774 3240 ἐκ
818 3187 915 3239 τοῦ
955 3183 1146 3258 γὲνους
1187 3183 1212 3217 9
1259 3181 1488 3252 ἐκείνου,
1540 3180 1631 3235 καὶ
1677 3181 1774 3242 τὰς
1823 3178 1904 3234 ἐν·

242 3277 503 3342 στηθίους
568 3276 616 3313 ¹⁰
692 3271 1165 3351 παρατέτιλμένος
1246 3272 1445 3348 τρίχας
1521 3265 1901 3348 ἀκριϐέστερον

240 3364 565 3444 δρώπακοςο
628 3364 1020 3439 ἀμπεχόμενος
1087 3359 1146 3417 δὲ
1201 3362 1292 3416 καὶ
1351 3359 1555 3430 στολὴν
1610 3363 1648 3398 ¹¹
1707 3382 1907 3437 συνυφ-

247 3456 491 3530 ασμένην
538 3457 736 3528 μικροῦ
781 3456 864 3524 τῷ
920 3449 1144 3527 δέρματι
1194 3451 1284 3506 καὶ
1337 3447 1740 3527 ῥαφιδουμένην
1785 3449 1910 3504 ἑκά-

255 3564 386 3615 στης
416 3545 465 3581 ¹²
496 3543 565 3598 τὰ
614 3541 692 3604 είς
744 3539 1007 3616 καρπούς·
1057 3536 1347 3595 δακτύλιόν
1393 3559 1452 3593 τε
1490 3542 1560 3611 τῇ
1613 3536 1761 3613 χειρὶ
1810 3557 1911 3592 πε-

259 3633 578 3708 ριστρέφωνο
629 3629 801 3686 ἐνίοτε
860 3630 905 3668 ³³
955 3627 1014 3685 δὲ
1058 3628 1151 3684 καὶ
1196 3629 1262 3683 τὰ
1301 3626 1361 3683 ἐκ
1410 3622 1644 3704 ϐἑῤῥεων
1688 3625 1765 3689 εἰς
1818 3624 1911 3681 δα-

2010 2470 2134 2537 Dei,
2167 2470 2267 2543 qui
2298 2472 2462 2527 navis
2496 2472 2806 2528 mundanae
2864 2472 3052 2544 opifex
3110 2472 3329 2545 pariter
3355 2478 3445 2529 est
3474 2478 3651 2546 atque

2011 2560 2382 2632 gubernator,
2413 2561 2724 2633 imperium
2757 2561 2993 2634 quidem
3026 2565 3295 2619 nostrum
3348 2562 3653 2620 sortitione

2012 2651 2166 2706 facta
2222 2649 2480 2719 Francis,
2538 2651 2919 2707 sacerdotium
3002 2667 3138 2708 vero
3220 2651 3456 2709 Venetis
3513 2668 3658 2709 con-

2011 2739 2139 2809 tigit
2169 2740 2288 2810 (1):
2347 2739 2656 2796 arcessitus
2708 2743 2799 2795 est
2855 2740 3105 2797 Veneliis
3164 2741 3512 2812 patriarcha,
3556 2740 3661 2813 qui

2015 2826 2322 2885 ecclesiam
2355 2828 3058 2901 Constantinopolitanam
3114 2834 3358 2903 regeret,
3406 2829 3665 2887 Thomas

2012 2917 2247 2989 quidam
2283 2917 2539 2985 nomine,
2597 2918 2769 2974 homo
2828 2919 3071 2975 medicas
3130 2919 3367 2992 quidem
3410 2919 3668 2990 proceri-

2008 3005 2166 3074 tatis,
2200 3007 2463 3078 corporis
2518 3006 2668 3064 855
2734 3023 2866 3063 vero
2924 3007 3204 3064 obesitate
3264 3024 3505 3080 porcum
3564 3022 3666 3064 su-

2012 3111 2221 3167 perans
2253 3095 2607 3167 saginatum.
2640 3096 2865 3152 Faciem
2925 3096 3177 3153 habebat
3235 3097 3390 3152 idem
3430 3100 3663 3153 tonsam

2015 3182 2298 3240 novacula
2326 3201 2395 3241 ex
2424 3185 2867 3257 consuetudine,
2927 3202 3055 3257 qua:
3115 3184 3498 3258 popularibus
3537 3183 3663 3241 suis

2012 3277 2135 3329 erat
2160 3274 2515 3344 communis,
2550 3278 2717 3344 atque
2774 3275 3025 3347 pectoris
3085 3274 3261 3331 etiam
3318 3274 3470 3347 pilos
3498 3273 3663 3329 evul-

2012 3378 2108 3418 sos
2141 3361 2480 3434 diligentius
2525 3379 2705 3434 quam
2769 3363 3043 3437 dropacis
3090 3379 3198 3436 ope
3256 3363 3383 3421 fieri
3439 3366 3660 3437 posset.

2013 3451 2269 3507 Amictus
2299 3455 2424 3508 erat
2452 3452 2622 3522 stola,
2656 3469 2786 3525 qua;
2842 3452 2963 3508 cuti
3014 3469 3160 3524 pene
3193 3456 3316 3509 erat
3340 3456 3543 3509 assuta
3572 3455 3665 3509 at-

2016 3557 2130 3613 que
2156 3540 2307 3597 circa
2337 3557 2541 3614 carpos
2573 3542 2796 3598 acubus
2827 3542 3088 3614 quotidie
3117 3542 3507 3615 afﬂigebatur.
3542 3545 3667 3596 An-

2019 3630 2223 3685 nulum
2282 3632 2549 3702 gestabat
2609 3631 2813 3704 digito,
2875 3647 3160 3687 manuum
3219 3646 3451 3703 quoque
3489 3633 3664 3701 tegu-

255 3718 489 3780 κτύλους
549 3714 903 3792 διεσχισμένα
957 3719 1066 3771 τῶν
1117 3718 1320 3791 χειρῶν
1357 3712 1703 3789 φυλακτήρια
1753 3734 1902 3788 περι-

2020 3719 2228 3774 mentis
2255 3736 2674 3791 nonnunquam
2710 3720 2986 3776 utebatur
3042 3737 3110 3776 ex
3167 3719 3321 3776 corio
3362 3716 3530 3773 factis
3568 3716 3669 3772 iis-

249 3807 526 3882 κείμενος.
565 3807 813 3883 Ἐωρᾶτο
866 3802 924 3860 δὲ
973 3806 1063 3859 καὶ
1109 3805 1172 3859 τὸ
1211 3802 1333 3879 περὶ
1382 3803 1540 3859 αὐτὸν
1586 3802 1900 3876 ὡσιωμένον

251 3902 367 3970 Θεῷ
398 3896 650 3969 σύστημα
697 3896 786 3951 καὶ
838 3895 937 3964 τὴν
988 3893 1199 3970 θυωρὸν
1243 3892 1720 3969 ἀμφιπονούμενον
1774 3892 1902 3967 τράο

247 3992 414 4055 πεζαν
465 3992 565 4055 τῆς
610 3985 782 4053 αὐτῆς
841 3982 1106 4059 ἐχόμενον
1157 3981 1450 4054 κεραμείας
1498 3981 1590 4035 καὶ
1636 3986 1715 4053 τῷ
1768 3990 1903 4042 καθ-

246 4075 477 4151 ηγεμόνι
508 4071 831 4129 πανείκελον
865 4072 932 4127 τὰ
977 4070 1055 4135 εἷς
1100 4069 1302 4139 στολὴν
1348 4070 1439 4124 καὶ
1490 4066 1698 4124 δίαιταν
1736 4072 1781 4107 ¹⁴
1811 4069 1901 4123 καὶ

242 4165 339 4221 τὸν
370 4168 468 4219 τοῦ
497 4163 769 4238 πώγωνος
800 4159 1078 4234 θερισμόν.

322 4255 394 4328 β’.
427 4254 520 4309 Ἐκ
549 4251 776 4328 πρώτης
808 4248 886 4318 δὲ,
921 4250 949 4304 δ
980 4269 1109 4327 φασι
1161 4248 1224 4315 ¹⁵,
1275 4249 1539 4323 γραμμῆς
1583 4246 1648 4300 τὸ
1699 4244 1902 4309 ἐθνικὸν

238 4339 692 4413 παραδεικνύντες
756 4338 1120 4417 φιλόχρυσον,
1180 4334 1385 4391 ἐννοΰσι
1443 4336 1612 4409 πόρον
1670 4333 1902 4408 λημμα-

235 4435 442 4504 τισμοῦ
481 4432 669 4486 καινόν
726 4450 785 4484 τε
841 4430 954 4500 ἅμα
1017 4426 1109 4481 καὶ
1176 4423 1414 4479 λαθόντα
1480 4423 1791 4498 ξύμπαντας
1848 4421 1900 4477 ο⁹ί

235 4523 344 4591 τὴν
408 4523 450 4559 ¹⁶
509 4517 765 4596 βασιλίδα
821 4514 986 4572 πόλιν
1038 4512 1383 4569 ἒσκύλευσαν.
1474 4514 1579 4575 Τὰς
1633 4513 1738 4589 γὰρ
1791 4516 1900 4568 τῶν

243 4607 518 4686 βασιλέων
580 4610 751 4680 θήκας
817 4604 1140 4676 ἀνοίξαντες,
1210 4604 1409 4659 ὁπόσαι
1479 4603 1525 4638 ¹⁷
1589 4596 1754 4658 ἔνεισι
1819 4605 1899 4675 τῷ

2015 3823 2129 3879 que
2159 3806 2440 3876 digitatis.
2470 3810 2658 3879 Atque
2686 3806 2854 3875 illud,
2896 3807 2991 3865 cui
3040 3810 3304 3879 praeerat,
3354 3803 3664 3875 collegium

2013 3895 2129 3951 Deo
2162 3895 2415 3950 dicatum
2450 3898 2507 3950 et
2535 3895 2891 3952 sacrosancti
2947 3893 3151 3950 altaris
3208 3890 3531 3949 ministerio
3570 3890 3662 3947 de-

2014 3987 2304 4054 putatum,
2337 3983 2597 4050 ejusdem
2631 3999 2873 4054 prorsus
2902 3986 3028 4037 erat
3060 3982 3262 4037 farinae
3305 3995 3525 4051 suoque
3555 3995 3663 4035 an-

2014 4071 2185 4126 tistiti
2218 4070 2457 4125 omnino
2487 4069 2677 4126 simile
2705 4071 2765 4126 in
2796 4069 3029 4135 vestitu,
3062 4068 3308 4141 vitasque
3349 4067 3573 4124 ratione
3603 4071 3665 4124 et

2012 4158 2205 4214 barbae
2236 4159 2543 4213 tondendis
2565 4174 2747 4215 more.

2080 4247 2136 4302 2.
2171 4247 2253 4303 Ex
2282 4247 2494 4319 prima,
2529 4255 2589 4303 ut
2625 4248 2811 4320 aiunt,
2871 4247 3028 4305 linea
3084 4248 3212 4304 auri
3269 4263 3490 4318 amore,
3521 4263 3666 4321 gen-

2011 4335 2206 4391 tilium
2239 4335 2379 4401 ritu,
2412 4335 2749 4408 ﬂagrantes,
2809 4336 3045 4393 furandi
3100 4336 3255 4393 viam
3303 4337 3660 4410 excogitant,

2011 4440 2219 4482 novam
2254 4423 2424 4495 plane
2454 4439 2646 4496 neque
2674 4425 2747 4480 ab
2799 4424 2940 4493 illis,
2974 4425 3076 4497 qui
3137 4425 3422 4483 hactenus
3475 4425 3663 4498 impe-

2013 4512 2289 4570 ratoriam
2322 4512 2525 4570 urbem
2557 4513 2976 4587 expilaverant,
3009 4530 3267 4587 unqusm
3298 4523 3664 4589 usurpatam.

2014 4602 2248 4674 Apertis
2304 4602 2462 4659 enim
2517 4602 2940 4676 imperatorum
2998 4602 3289 4677 sepulcris
3340 4606 3545 4680 positis
3600 4605 3661 4663 in

1490 4730 1713 4799 Variae
1742 4731 2068 4799 lectiones
2100 4738 2165 4799 et
2192 4737 2395 4799 notae.

314 4876 329 4912 ¹
363 4875 491 4932 Hac
521 4874 757 4931 rubrica
787 4872 1005 4932 legitur
1034 4869 1094 4926 in
1125 4872 1194 4926 A.
1229 4867 1296 4926 G.

237 4947 448 5017 θείσης.
526 4948 547 4982 ⁵
584 4948 653 5002 Α.
683 4949 748 5001 G.
781 4941 934 5017 Θεός.
1044 4941 1070 5017 εξ
1205 4944 1271 4997 G.
1296 4941 1529 5017 βωμᾶς.

236 5027 305 5105 t9
333 5036 367 5076 8
388 5016 601 5103 λάκκος
629 5016 837 5143 (1801183

236 5098 420 5143 tiores
451 5089 782 5143 significare

234 5093 420 5149 tiores
451 5089 782 5161 signiﬁcare

247 5234 301 5271 ¹⁰
327 5238 387 5291 Δ.
419 5222 484 5290 G.
517 5222 861 5296 ἐνσταθίούς.’
965 5228 1008 5266 ¹¹
1043 5233 1109 5284 Δ.
1144 5229 1210 5284 G.
1253 5225 1391 5298 ἀμπ.
1429 5222 1484 5281 δὲ
1518 5224 1743 5293 στολὴν.

240 5306 343 5377 mi
369 5302 602 5374 δίαιταν,
636 5320 760 5377 quis
792 5302 1095 5360 adduntur
1125 5299 1183 5355 in
1221 5297 1300 5355 Δ(
1322 5298 1417 5367 G.,
1451 5300 1666 5355 desunt
1696 5298 1754 5353 in
1785 5300 1849 5353 C.
1897 5297 1961 5353 B.

239 5375 485 5434 ὁπόσων.

318 5526 391 5598 (1)
418 5524 647 5582 Scilicet
682 5524 1027 5598 convenerat
1056 5522 1191 5598 ante
1221 5521 1457 5598 captam
1496 5516 1700 5598 urbem
1750 5515 1900 5598 inter

238 5589 498 5656 Francos
528 5601 586 5654 et
616 5599 888 5662 Venetos,
922 5596 985 5649 ut
1013 5608 1082 5648 ex
1112 5590 1298 5647 altera
1327 5594 1499 5661 gente
1557 5589 1899 5662 imperator,

237 5686 312 5729 ex
342 5670 526 5728 altera
557 5658 892 5742 patriarcha
920 5664 1253 5736 eligeretur.
1290 5658 1489 5731 Itaque
1507 5658 1898 5717 cum’Baldui-

1409 4867 1431 4902 ²
1461 4869 1526 4923 Α.
1565 4869 1772 4941 ΘιηΤῆς
1822 4862 1870 4920 δ’
1920 4864 2231 4941 ἡμετέρας.

1643 4939 1663 4974 ⁷
1695 4944 1982 5012 Hascvox,
2034 4938 2160 5012 quae
2192 4942 2251 4995 in
2283 4938 2484 4997 lexicis
2514 4956 2627 5012 non
2657 4938 2965 5012 reperitur,
2995 4941 3242 5012 videtur
3262 4955 3393 4996 esse
3442 4938 3661 4995 forma-

872 5032 888 5085 ;
917 5012 1262 5070 vocabulum
1296 5009 1566 5085 λακίνιον,
1592 5012 1747 5084 quod
1776 5011 1859 5085 ad
1876 5011 2173 5085 eamdem
2196 5012 2439 5085 stirpem
2471 5009 2762 5085 pertinere
2778 5011 3189 5085 videtur,ap_ud
3213 5010 3659 5085 Graecosrecen-

846 5078 1020 5165 icitur
1048 5083 1453 5165 po‘rcum.__Vid.
1491 5078 1789 5165 Du_Cange
1821 5081 2093 5165 Glossar.
2385 5078 2628 5165 λακινία.
2665 5084 2966 5165 caeterum
2987 5078 3243 5165 dubitari
3275 5082 3501 5165 nequit,
3531 5078 3662 5134 λακ-

240 5162 431 5224 κευτὸς
461 5152 616 5218 ἱᾰῖθω
648 5176 797 5231 esse,
826 5152 1227 5231 quodmelius
1262 5156 1507 5231 _dictu_m
1560 5154 1708 5231 foret
1724 5152 1993 5231 ’σιτευτός
2013 5196 2026 5209 .

1857 5225 1903 5260 υ
1926 5227 1996 5280 Α.
2030 5224 2099 5280 G.
2125 5221 2378 5296 ﬁniam).

2343 4866 2459 4952 3A.
2492 4868 2561 4924 G.
2612 4866 2689 4930 εἷς
2726 4865 3143 4952 Φραγκίσκους..
3195 4868 3220 4904 ⁸
3256 4870 3323 4925 A.
3372 4872 3466 4952 G._
3486 4887 3662 4943 κυρω-

3509 5169 3636 5213 νους
3643 5194 3660 5212 .

3407 5222 3454 5260 “
3467 5222 3665 5280 'Voces

3434 5293 3478 5329 ¹²
3502 5296 3564 5351 Α.
3596 5295 3665 5353 G.

2135 5153 2155 5238 ξ
2185 5158 2251 5238 ΔΙ.
2284 5154 2351 5210 G.
2392 5153 2874 5238 θεῶν’-προσώπων.
2915 5161 2970 5238 n9
3084 5152 3386 5238 B’.’1&VTOB

2097 5269 2099 5277 ,
2137 5221 2378 5296 ἑκάστῳ.
2495 5226 2540 5260 ¹³
2564 5219 2653 5281 Sic
2684 5228 2749 5281 A.
2772 5226 2837 5282 G.
2866 5241 2880 5292 ;
2913 5223 2973 5280 C.
3008 5224 3072 5279 Β.
3103 5219 3294 5277 ἐνίοτε.

2097 5294 2146 5330 ¹⁵
2195 5300 2261 5349 Α.
2302 5301 2372 5350 G.
2406 5290 2455 5349 δ’
2502 5293 2533 5349 8
2579 5315 2728 5374 φασι.
2872 5295 2917 5332 ⁸⁸
2946 5298 3011 5352 F.
3051 5292 3104 5347 οἳ
3138 5310 3299 5354 τινες.

2008 5531 2122 5571 nus
2146 5514 2523 5572 Flandrensis
2575 5531 2645 5572 ex
2700 5518 3055 5571 Francorum
3122 5519 3294 5644 vute
3347 5516 3659 5591 imperium

2008 5591 2162 5643 esset
2190 5589 2457 5644 adeotus.
2493 5586 2877 5644 natriarchale
2902 5586 3117 5644 solium
3180 5592 3483 5644 enatorum
3504 5590 3659 5644 arbi-

2008 5591 2162 5643 esset
2190 5589 2457 5659 adeptus,
2493 5586 2877 5659 patriarchale
2902 5586 3117 5645 solium
3128 5586 3483 5649 Venetorum
3504 5590 3659 5649 arbi-

2006 5659 2119 5716 trio
2148 5663 2238 5716 est
2265 5659 2616 5732 subjectum.
3375 5691 3383 5699 -
