4032 6216
513 327 665 392 1061

1817 323 2122 390 NICETIE
2161 323 2587 386 CHONIATJE

3725 328 3844 390 1052

513 475 669 536 gere,
725 463 904 534 atque
959 461 1043 518 ita
1101 475 1345 534 serpens
1403 463 1618 517 tetrum
1675 459 1925 532 spirans,
1980 475 2151 514 suum

2267 455 2364 510 τοῦ
2431 447 2648 528 ὄρνιθος
2712 455 2833 515 ταῖς
2889 450 3098 508 ἐκείνου
3154 453 3519 531 προσφύεσθαι
3576 458 3760 531 πτέρυξι
3788 463 3837 516 ¹⁸.

514 567 632 608 una
660 566 862 607 secum
895 549 1249 606 exstinctum
1275 566 1565 606 venenum
1593 549 1929 606 continebat
1960 563 1974 603 :
2018 547 2160 602 dum

514 639 751 696 interim
783 637 979 709 aquila
1012 639 1140 694 lieto
1169 643 1430 711 aspectu,
1464 643 1691 694 tantum
1739 655 1853 694 non
1885 636 2163 710 clangens

513 745 618 800 pro
648 727 912 796 victoria,
973 727 1143 800 quasi
1186 727 1415 784 avolare
1479 733 1537 784 et
1589 732 1914 799 serpentem
1961 740 2162 782 secum

515 818 740 874 auferre
771 817 1035 873 tentabat
1066 834 1078 872 :
1105 818 1256 889 quod
1317 833 1386 873 ex
1440 823 1711 890 aspectus
1776 816 2066 872 hilaritate
2097 831 2163 871 ac

513 907 804 979 serpentis
837 923 974 964 nece
1037 907 1484 978 conjectandum
1542 907 1930 979 relinquebat.
1979 905 2160 970 Quem

511 1001 840 1069 serpentem
867 997 968 1069 qui
997 998 1266 1065 vidisset,
1300 996 1545 1054 dixisset
1611 1014 1766 1063 sane,
1800 995 1964 1052 illum
2026 1012 2161 1050 con-

511 1085 879 1142 volutionum
939 1103 1005 1142 ac
1061 1085 1424 1144 letiferorum
1503 1103 1810 1142 morsuum
1887 1084 2160 1155 oblitum,

511 1174 768 1249 reliquos
798 1183 1099 1247 serpentes
1130 1176 1480 1248 Byzantinos
1512 1177 1777 1248 exemplo
1809 1191 1915 1232 suo
1935 1173 2160 1230 abster-

510 1280 658 1334 rere,
687 1281 754 1320 uc
789 1281 1026 1322 monere
1085 1273 1147 1322 ut
1205 1270 1558 1322 conarentur
1616 1281 1745 1322 sese
1798 1265 1858 1322 in
1919 1265 2162 1319 ﬁssurae

509 1357 742 1414 abdere.
769 1357 895 1416 Non
926 1357 1114 1414 solum
1177 1362 1374 1414 autem
1433 1358 1504 1414 ab
1564 1373 1652 1421 ea,
1711 1374 1842 1429 quae
1881 1355 2158 1422 diximus,

509 1446 899 1504 admiratione
959 1449 1136 1520 digna
1192 1451 1316 1504 erat
1374 1447 1473 1503 illa
1529 1446 1738 1520 aquilas
1795 1447 2005 1519 ﬁgura,
2058 1445 2161 1501 sed

508 1536 683 1592 etiam
715 1536 856 1608 quia
887 1535 1130 1593 diurnas
1160 1537 1336 1592 horas
1367 1553 1435 1593 ex
1487 1536 1658 1592 lineis
1708 1535 2016 1592 duodecim
2051 1552 2159 1590 nu-

505 1641 666 1682 mero
697 1625 756 1680 in
789 1625 900 1682 alis
925 1625 1054 1696 ejus
1085 1625 1286 1682 incisis
1345 1625 1666 1682 clarissime
1715 1625 2015 1680 indicabat
2064 1623 2157 1692 iis,

506 1712 659 1769 863
693 1713 795 1786 qui
825 1715 953 1784 ejus
974 1714 1058 1770 rei
1113 1714 1284 1786 periti
1338 1715 1696 1784 accederent,
1731 1714 1967 1786 quando
2015 1712 2157 1769 solis

504 1801 655 1858 radii
685 1801 943 1858 nubibus
974 1818 1091 1858 non
1123 1802 1617 1861 obscurabantur.

571 1980 628 2036 9.
656 1979 806 2048 Quid
839 1981 908 2037 de
931 1980 1148 2038 Helena
1176 1979 1276 2038 illa
1307 1981 1496 2038 dicam
1555 1980 1704 2038 albis
1749 1979 1979 2037 lacertis
2019 1981 2153 2052 (13),

500 2069 768 2144 pulchris
799 2069 962 2128 tibiis
989 2075 1049 2126 et
1077 2085 1314 2142 procera
1343 2074 1590 2138 statura,
1624 2087 1750 2144 quae
1777 2075 1961 2127 totam
1994 2069 2152 2126 Gm-

499 2159 651 2216 oiam
681 2159 742 2218 in
773 2159 1006 2232 Trojam
1040 2159 1310 2232 concivit,
1343 2161 1649 2232 Trojeque
1709 2160 1919 2216 excidii
1975 2176 2153 2217 causa

497 2248 634 2320 fuit,
665 2253 800 2324 post
829 2265 957 2306 eam
987 2265 1122 2306 vero
1153 2248 1410 2306 dirutam
1441 2250 1514 2306 ad
1545 2248 1742 2306 Nilum
1775 2247 2001 2322 appulit
2033 2265 2048 2305 :
2085 2265 2150 2305 ac

497 2337 706 2394 deinde
735 2341 865 2411 post
892 2337 1134 2412 longum
1167 2345 1396 2410 tempus
1427 2339 1498 2396 ad
1533 2339 1830 2395 Laconum
1861 2354 2054 2395 mores
2095 2345 2151 2394 et

496 2427 795 2500 regionem
824 2426 1202 2501 remigravit?
1233 2426 1386 2486 Num
1415 2427 1695 2484 barbaros
1745 2425 1878 2483 illos
1909 2425 2150 2498 mitiga-

495 2515 584 2573 vit
609 2515 640 2572 ?
667 2532 810 2572 num
859 2517 1078 2574 ferreos
1107 2515 1392 2574 emollivit
1411 2514 1605 2575 ?Nihil
1635 2533 1776 2573 sane
1805 2515 2147 2588 hujusmodi

499 2605 730 2664 efﬁcere
760 2606 972 2678 potuit,
1004 2623 1132 2679 qua:
1165 2604 1304 2664 olim
1337 2621 1540 2664 omnes
1573 2609 1934 2679 spectatores
1963 2604 2146 2678 capti-

491 2711 598 2752 vos
631 2695 925 2754 ducebat:
957 2694 1189 2753 etiamsi
1245 2695 1530 2752 theatrico
1591 2711 1752 2752 more
1808 2695 2038 2764 vestita,
2090 2697 2146 2752 et

493 2791 611 2842 tota
643 2784 870 2842 roscida
900 2784 1218 2855 videretur,
1247 2801 1316 2842 ac
1347 2783 1484 2842 licet
1511 2801 1622 2842 aere
1651 2784 1840 2842 incisa
1886 2787 2010 2841 tota
2040 2783 2146 2840 liu-

489 2879 766 2933 mesceret
795 2891 862 2932 ac
891 2879 1159 2934 vernaret
1186 2880 1244 2933 et
1272 2876 1345 2931 ad
1399 2875 1491 2933 sui
1530 2891 1790 2933 amorem
1831 2874 2142 2948 pelliceret,

491 2981 562 3022 ex
589 2965 810 3034 tunica,
843 2981 914 3022 ex
943 2963 1306 3032 redimiculo,
1346 2981 1416 3022 ex
1467 2982 1700 3032 corona,
1734 2981 1804 3021 ex
1854 2964 2144 3021 cincinnis

489 3053 862 3125 capillorum,
893 3053 994 3125 qui
1021 3052 1167 3125 ipsis
1197 3070 1426 3110 aranea
1455 3053 1570 3110 filis
1615 3054 1906 3110 tenuiores
1953 3056 2138 3110 erant.

2277 549 2317 596 Κ
2359 541 2373 560 ν
2411 543 2438 596 ὁ
2513 542 2530 560 \
2601 536 2627 559 ν
2815 537 2840 559 ν
3059 540 3078 584 ε
3259 543 3271 558 ε
3336 541 3370 598 λ
3417 543 3428 562 ι
3653 544 3666 562 ο
3724 548 3735 562 ο
3809 550 3818 564 η
3930 536 3931 576 l

2323 563 2376 596 αι
2475 562 2568 615 μεν
2599 563 2720 620 οφις
2779 563 2924 596 ουτω
2983 563 3159 597 πνυων
3214 563 3282 596 τα
3377 545 3549 599 οισοια
3590 566 3670 600 και
3694 567 3763 602 ταν
3787 549 3844 604 ἱον
3930 605 3931 610 η

2273 633 2424 710 εἶχεν
2456 632 2630 706 ἑαυτῷ
2687 634 3111 703 συνθγήσκοντα·
3173 633 3201 687 ὁ
3262 630 3306 688 δ’
3360 635 3510 698 ἀετὸς
3548 640 3718 710 γαῦρον
3745 641 3843 712 ὁρῶν
3930 655 3931 668 ‘

2272 722 2362 776 καὶ
2401 721 2702 800 μονονουχὶ
2752 720 2984 791 κλώζων
3033 721 3098 777 τα
3155 721 3414 792 ἐπινίκια,
3455 725 3609 798 ὥρμα
3635 730 3845 802 συνεξῑιραι

2271 809 2362 864 τὸν
2393 807 2514 887 ὅφιν
2557 812 2648 865 καὶ
2707 809 2820 885 ἃμα
2873 811 2924 864 οἱ
2984 807 3054 865 δι’
3113 810 3270 886 ἀέρος
3327 810 3593 888 φέρεσθαι,
3623 817 3848 890 τεκμαίρει

2275 901 2394 954 σθαι
2423 904 2588 954 τοῦτο
2622 897 2803 962 διδοὺς
2831 905 2909 972 τῷ
2955 905 3188 975 χαροπῷ
3236 905 3332 956 τοῦ
3385 901 3686 976 βλέμματος
3709 906 3778 958 καὶ

2273 989 2533 1064 νεκρώσει
2562 994 2658 1044 τοῦ
2690 987 2890 1068 ὄφεως,
2941 990 2998 1044 ὅν
3051 987 3165 1044 εἶπὲ
3212 1011 3294 1052 τις
3326 987 3387 1044 ἄν
3419 987 3548 1047 ῗδὼν
3581 993 3620 1031 ⁸⁸
3649 990 3846 1062 ἐπιλεληο

2275 1076 2471 1151 σμένον
2499 1082 2607 1134 τῶν
2651 1075 2873 1150 ἒλίξεων
2917 1077 3008 1134 καὶ
3055 1082 3152 1134 τοῦ
3202 1076 3406 1136 δάκνειν
3441 1079 3515 1143 εῗς
3548 1080 3763 1154 ὄλεθρον,
3785 1083 3846 1136 καὶ

2271 1169 2401 1230 τοὺς
2456 1165 2687 1230 λοιποὺς
2761 1167 3087 1238 Βυζαντίους
3143 1164 3294 1243 ὄφεις
3345 1173 3425 1242 τῷ
3478 1171 3592 1224 καθ’
3644 1171 3777 1227 αὑτὸν
3817 1172 3846 1210 ¹⁷

2274 1251 2546 1312 διασοϐεῖν
2609 1253 2962 1331 ὑποδείγματι
3018 1257 3108 1312 καὶ
3168 1257 3372 1322 πείθειν
3435 1265 3537 1328 τῆς
3605 1259 3764 1335 χρείας
3815 1263 3845 1298 ¹³

2273 1347 2670 1422 συμπειρᾶσοαι
2725 1346 2814 1401 καὶ
2869 1341 3261 1420 παραδύεσθαι.
3326 1346 3404 1404 05
3466 1346 3620 1422 μόνον
3673 1345 3721 1404 δὲ
3765 1352 3842 1404 καθ’

2271 1431 2371 1488 ὅσα
2423 1433 2741 1509 εἰρήκαμεν,
2797 1435 3115 1510 ἀξιάγαστον
3172 1436 3240 1505 ἦν
3305 1437 3460 1491 τουτὶ
3513 1438 3572 1492 τὸ
3628 1438 3668 1474 ‘9
3713 1437 3842 1493 ὰέτιον

2271 1520 2527 1596 εἷ’κασμα,
2559 1522 2684 1579 ἀλλ’
2717 1525 2800 1578 ὅτι
2849 1524 2940 1578 καὶ
2997 1524 3063 1579 τὰ
3118 1527 3217 1590 τῆς
3279 1527 3488 1602 ἡμερας
3536 1526 3712 1602 ὠρίαῖα
3731 1531 3842 1600 τμή-

2275 1632 2416 1687 ματα
2448 1608 2537 1666 διᾶ
2593 1616 2699 1667 τῶν
2754 1611 2808 1667 ἐν
2861 1617 2980 1675 ταῖς
3028 1613 3245 1688 πτέρυξι
3277 1614 3684 1690 κεχαρατμένων
3709 1636 3840 1692 γραμο

2273 1704 2416 1773 μῶν,
2475 1701 2653 1756 ούσῶν
2714 1699 3057 1770 δυοκαίδεκα,
3117 1703 3419 1776 τρανότατα
3478 1701 3725 1774 ὑπεδήλου
3763 1709 3840 1766 τοῖς

2185 1808 2230 1872 Β
2268 1790 2366 1854 τὰς
2395 1788 2546 1864 ὄψεις
2579 1788 2765 1864 ἒκείνῳ
2815 1791 2906 1844 σὺν
2954 1789 3109 1868 λόγῳ
3151 1787 3612 1868 προσϐάλλουσιν,
3637 1792 3764 1862 ἡνίκα
3788 1795 3836 1866 μὴ

2269 1874 2520 1952 νεφέλαις
2551 1875 2848 1956 ἐγνοφοῦτο
2874 1877 2971 1940 τὰς
2998 1876 3218 1940 ἀκτῖνας
3250 1879 3280 1933 ὁ
3303 1877 3490 1948 ἥλιος·

2336 1967 2398 2024 θ’.
2433 1964 2494 2021 Τί
2529 1962 2650 2036 δὲὴ
2702 1965 2750 2002 ²⁰
2801 1964 3142 2028 λευκώλενος
3209 1967 3401 2038 Ἑλένη
3459 1965 3782 2049 καλλίσφυρός
3802 1989 3844 2023 τε

2261 2053 2352 2108 καὶ
2431 2050 2836 2130 δολιχόδειρος,
2912 2055 2947 2124 ἡ
3025 2055 3086 2110 τὸ
3145 2053 3523 2128 Πανελλήνιον
3577 2057 3645 2119 εἷς
3693 2057 3840 2128 Τροίαν

2259 2142 2556 2220 ἀθροίσασα
2627 2147 2716 2198 καί
2791 2142 3099 2208 καθελοῦσα
3166 2145 3391 2220 Τροίαν,
3449 2147 3512 2201 Ἐκ
3580 2142 3633 2201 δὲ
3692 2144 3838 2216 ταύτης

2257 2231 2679 2308 προσωκείλασα
2729 2230 2916 2306 Νείλῳ
2965 2235 3208 2299 κάκεῖθεν
3265 2235 3422 2300 αὖθις
3479 2235 3553 2298 εἷς
3605 2235 3699 2306 ἢθη
3743 2235 3839 2288 "ri

2259 2326 2530 2381 Λακώνων
2626 2323 3002 2381 ἒπαναλύσασα
3102 2327 3370 2404 χρόνιος;
3473 2329 3588 2404 Ἆρ’
3662 2325 3839 2400 ἑμείλιξε

2255 2413 2387 2480 τοὺς
2440 2411 2904 2490 δυσμειλίκτους;
2963 2417 3088 2490 Ἆρ’
3173 2417 3448 2491 ἒμάλθαξε
3499 2419 3618 2480 τοὺς
3666 2414 3836 2489 σιδηρό-

2259 2525 2456 2580 φρονας
2483 2525 2496 2574 ;
2530 2506 2809 2580 Οὐμενοῦν
2861 2506 2908 2550 ²²
2965 2503 3089 2562 οὐδὲ
3145 2505 3292 2571 ὅλως
3319 2509 3370 2545 ³³
3398 2506 3632 2564 τοιοῦτόν
3658 2527 3703 2561 τι
3727 2500 3833 2560 623-5-

2256 2617 2416 2666 νηται
2464 2597 2499 2666 ἡ
2559 2596 2732 2650 πάντα
2789 2596 2984 2666 θεατὴν
3043 2601 3120 2670 τῷ
3169 2594 3368 2653 κάλλει
3421 2595 3831 2673 δουλαγωγὴσασα,

2256 2685 2450 2757 καίπερ
2519 2683 2874 2757 ὲστολισμὲνη
2945 2686 2992 2722 ²⁵
3059 2690 3382 2762 θεατρικῶς,
3455 2687 3542 2742 καὶ
3611 2681 3830 2762 δροσώδης

2257 2778 2512 2859 ὁρωμένη
2544 2783 2640 2838 κάν
2671 2788 2750 2857 τῷ
2781 2783 2978 2858 χαλκῷ
3021 2783 3110 2839 καὶ
3161 2782 3522 2860 ὑγραινομένη
3565 2784 3684 2860 πρὸς
3706 2781 3834 2858 ἔρωτα

2255 2877 2334 2945 τῷ
2400 2875 2620 2948 χιτῶνι,
2688 2877 2766 2944 τῷ
2850 2869 3146 2949 κρηδέμνῳ
3217 2877 3286 2948 τῇ
3377 2874 3598 2952 στεφάνῃ
3657 2873 3732 2928 καὶ
3779 2872 3834 2940 τῷ

2252 2960 2502 3038 πλοχμῷ
2532 2966 2640 3019 τῶν
2679 2965 2910 3036 τριχῶν.
2969 2963 3032 3020 Ὁ
3091 2964 3184 3036 μὶν
3245 2963 3351 3039 γὰρ
3403 2962 3662 3039 ἀραχνίων
3690 2957 3834 3016 λεπτό-

2251 3071 2408 3126 τερος
2474 3051 2563 3120 ἦν’
2631 3051 2694 3106 τὸ
2759 3049 2816 3106 δὶ
2884 3047 3170 3108 δαιδάλεον
3251 3051 3555 3109 ἐπανὲκειτο
3614 3051 3746 3118 “.1‘,
3796 3044 3835 3102 δὲ

487 3141 703 3198 Mirum
737 3156 875 3197 sane
909 3141 1172 3213 undique
1226 3141 1538 3199 artiﬁcium
1591 3143 1900 3199 eminebat.
1961 3141 2142 3198 Frons

2261 3137 2420 3195 Βιὲδει
2475 3141 2536 3195 τὸ
2587 3141 2632 3178 ²⁶
2693 3139 2944 3214 μέτωπον
3003 3145 3214 3216 χρυσοῦ
3269 3143 3365 3198 καὶ
3415 3138 3681 3218 τιμαλφῶν
3707 3136 3832 3202 λίθων

489 3228 620 3301 ejus
653 3228 928 3286 redimita
985 3246 1128 3286 auro
1194 3231 1253 3287 et
1313 3231 1591 3303 gemmis,
1625 3231 1796 3304 quasi
1855 3230 2147 3304 pellucida

487 3317 1229 3392 videbatur;capillitium
1296 3321 1548 3378 effusum
1606 3337 1673 3378 ac
1727 3321 1914 3378 ventis
1961 3322 2146 3391 agita-

495 3414 619 3464 tum
662 3407 881 3464 circulo
940 3407 1002 3464 in
1059 3407 1308 3481 occipito
1363 3409 1556 3480 posito
1613 3407 2147 3482 constringebatur,

493 3495 630 3552 hinc
650 3511 786 3554 vero
809 3496 880 3552 ad
908 3496 1079 3553 tibias
1100 3513 1290 3571 usque
1315 3497 1643 3554 difﬂuebat.
1680 3497 1853 3554 Labia
1882 3497 2144 3570 calycum

491 3584 680 3642 instar
710 3586 923 3644 sensim
955 3590 1177 3660 aperta,
1225 3594 1286 3642 ut
1333 3586 1673 3643 viderentur
1724 3601 1924 3642 vocem
1974 3587 2148 3642 emit-

490 3677 650 3733 tere:
687 3675 822 3734 hinc
855 3676 1246 3735 suavissimus
1267 3676 1423 3734 risus
1453 3692 1579 3734 sese
1616 3677 1814 3733 statim
1879 3676 2148 3744 offerens,

504 3767 894 3836 spectatorem
925 3765 1126 3822 laetitia
1164 3765 1446 3838 replebat.
1505 3763 1819 3822 Oculorum
1877 3765 2148 3837 gratiam,

517 3853 964 3927 superciliorum
1025 3867 1196 3910 arcus
1246 3853 1654 3927 reliquamque
1682 3853 1940 3926 corporis
1971 3869 2150 3909 venu-

504 3946 714 4000 statem
747 3942 950 4001 nullus
981 3959 1172 4000 sermo
1202 3959 1306 4016 pro
1337 3945 1546 4000 merito
1596 3943 1874 4015 depingat
1913 3942 2067 3998 864
2096 3945 2152 3999 et

505 4033 752 4106 posteris
781 4034 1236 4102 tradat.Verum,
1258 4050 1290 4090 ο
1309 4033 1598 4107 Tyndaris
1619 4033 1859 4103 Helena,
1891 4033 2020 4106 ipsa
2051 4050 2154 4107 per

503 4137 567 4177 se
596 4122 1356 4196 pulchritudo,Cupidinum
1389 4122 1600 4194 areola,
1633 4123 1879 4180 Veneris
1935 4122 2149 4182 sollici-

503 4210 1226 4283 tudo,praestantissimum
1248 4215 1467 4270 natura:
1507 4212 1751 4282 donum,
1767 4211 2150 4284 Trojanorum

500 4305 556 4356 et
585 4301 913 4360 Graecorum
942 4301 1209 4360 braviom
1244 4320 1259 4360 :
1295 4303 1394 4360 ubi
1425 4307 1592 4360 tuum
1623 4303 1774 4360 illud
1828 4304 2150 4361 remedium

497 4385 696 4448 luctus
736 4393 913 4464 atque
971 4393 1264 4449 malorum
1295 4392 1562 4449 omnium
1597 4391 1946 4450 oblivionem
1979 4391 2150 4450 indu-

501 4495 658 4549 cens,
687 4480 842 4553 quod
877 4480 982 4536 tibi
1013 4498 1048 4538 a
1076 4482 1299 4540 Thonis
1333 4499 1511 4540 uxore
1561 4481 1824 4539 oblatum
1871 4493 1958 4541 est
1985 4485 2012 4540 7
2045 4483 2149 4541 Ubi

499 4565 724 4624 invicta
755 4567 871 4625 illis
900 4568 1186 4627 illecebras
1215 4575 1330 4628 tuas
1357 4575 1382 4629 Ρ
1409 4588 1514 4629 cur
1544 4589 1658 4628 non
1691 4571 1810 4628 illis
1843 4589 1952 4628 usa
1993 4589 2054 4630 es
2087 4577 2149 4630 ut

498 4653 636 4710 olim
667 4655 922 4714 utebaris
953 4659 982 4714 ?
1011 4660 1113 4716 sed
1145 4663 1286 4734 puto
1316 4660 1422 4716 tibi
1451 4660 1588 4716 fatis
1617 4661 1972 4720 destinatum
1995 4679 2146 4735 esse,

499 4749 562 4801 ut
590 4742 650 4800 in
673 4747 1024 4817 potestatem
1055 4747 1213 4822 ignis
1241 4749 1492 4818 venires,
1518 4764 1642 4820 qua
1695 4749 1784 4806 vel
1816 4751 1873 4806 in
1900 4751 2150 4823 imagine

494 4848 606 4892 sua
635 4837 992 4907 spectatores
1022 4835 1388 4894 inﬂammare
1419 4853 1535 4896 non
1566 4838 1859 4898 cessabss.
1892 4840 2146 4898 Dixerim

2259 3229 2664 3302 ὑποκρινομὲνη
2723 3226 3018 3305 διαύγειαν·
3075 3231 3103 3283 ὁ
3161 3227 3219 3284 δὲ
3267 3231 3330 3286 τὸ
3391 3237 3488 3302 τῆς
3536 3229 3832 3303 κὸμηςπκεο

2257 3315 2501 3394 χυμένον
2567 3319 2616 3355 ³⁸
2677 3319 2765 3374 καὶ
2837 3314 3262 3394 διασοϐούμενον
3321 3322 3609 3394 πνεύμασιν
3658 3313 3830 3384 ὁπισθίφ

2257 3409 2589 3482 ὁεσμεύματι
2647 3411 2694 3447 ²⁹
2743 3409 3110 3490 περιέσιριγγεν
3161 3409 3264 3473 ἕως
3329 3415 3554 3486 κνημῶν
3593 3407 3830 3477 ἐκτεινόμε-

2255 3519 2369 3558 νον.
2409 3499 2516 3554 Ἦν
2583 3495 2640 3553 δὲ
2708 3499 2798 3552 καὶ
2861 3499 2928 3553 τὰ
2993 3498 3160 3574 χείλη
3206 3497 3463 3556 καλύκων
3519 3497 3657 3568 δίκην
3697 3491 3827 3571 ἡρέμα

2257 3589 2717 3664 παρανοιγόμενα,
2767 3589 2844 3652 ὡς
2909 3587 3000 3645 καὶ
3058 3585 3234 3645 δοκεῖν
3283 3589 3496 3670 ἀφιέναι
3561 3589 3736 3668 φωνήν
3783 3581 3826 3636 τὸ

2260 3677 2318 3735 at
2367 3681 2556 3756 χάριεν
2616 3677 2880 3755 μειδίαμα
2927 3681 3126 3746 εὖθὲως
3174 3687 3563 3756 προσυπαντῶν
3609 3677 3683 3736 καὶ
3727 3693 3826 3752 χαρ-

2264 3774 2438 3841 μονῆς
2468 3767 2732 3843 πιμπλῶν
2763 3769 2854 3824 τὸν
2890 3769 3183 3843 θεώμενον,
3213 3770 3303 3826 καὶ
3346 3772 3412 3826 τὸ
3457 3775 3550 3826 τοῦ
3580 3767 3826 3846 βλέμματος

2262 3859 2534 3934 χαροπὸν,
2581 3859 2670 3914 καὶ
2717 3862 2815 3923 τὰς
2863 3857 3062 3936 ἀψῖδας
3105 3865 3214 3916 τῶν
3265 3860 3508 3941 ὀφρύων,
3536 3861 3616 3916 καὶ
3647 3859 3724 3928 τὴν
3746 3855 3826 3910 λοι-

2259 3953 2368 4022 πὴν
2421 3951 2639 4026 εὐφυῒαν
2685 3956 2782 4008 τοῦ
2832 3953 3106 4028 σώματος,
3156 3954 3254 4008 οὐκ
3309 3955 3378 4023 ἦν
3427 3955 3582 4010 ὁποῖα
3620 3943 3830 4020 ἦνκδιιι·

2259 4042 2466 4116 γράψαι
2519 4039 2674 4116 λόγῳ
2721 4041 2814 4098 καὶ
2866 4045 3207 4119 παραστῆσαι
3253 4047 3372 4108 τοῖς
3427 4038 3616 4100 ἔπειτα.
3658 4031 3822 4096 Ἀλλ⁷ὧ

2260 4129 2524 4208 Τυνδαρῖς
2585 4131 2801 4208 Ἐλένῃ,
2859 4131 3072 4196 κάλλος
3130 4133 3353 4190 αὐτόθεν
3413 4134 3592 4207 καλὸν,
3636 4127 3824 4204 Ἐρώτων

2263 4221 2576 4297 μόσχευμα,
2655 4219 2988 4299 Ἀφροδίτης
3073 4221 3508 4299 τημελούχημα,
3576 4218 3824 4294 πανάριστον

2261 4311 2471 4389 φύσεως
2512 4307 2770 4386 δώρημα,
2841 4312 3048 4386 Τρώων
3103 4313 3196 4368 καὶ
3261 4311 3540 4383 Ἑλλήνων
3594 4302 3823 4387 βραϐευμα,

2259 4401 2364 4454 ποῦ
2422 4418 2507 4452 σοι
2555 4398 2617 4453 τὸ
2655 4400 2910 4470 νηπενθὲς
2977 4401 3064 4456 καὶ
3134 4404 3316 4456 κακῶν
3357 4401 3594 4456 ἁπάντων
3631 4393 3824 4460 ἐπίληθες

2262 4487 2572 4563 φάρμακον,
2631 4489 2660 4542 ὅ
2709 4487 2886 4550 Θῶνός
2941 4490 2982 4525 ⁸¹
3042 4510 3126 4544 σοι
3183 4491 3504 4566 παράκοιτις
3565 4483 3820 4562 ἒχαρίσατος

2257 4579 2368 4632 Ποῦ
2400 4571 2456 4632 δὲ
2483 4576 2551 4632 τὰ
2591 4573 2782 4653 ἄμαχα
2829 4575 3032 4656 φίλτρα
3061 4598 3076 4650 ;
3108 4581 3232 4641 Ηῶς
3283 4580 3395 4655 οὐχ
3435 4578 3642 4654 ἐχρήσω
3663 4571 3822 4629 τούτοις

2257 4667 2334 4728 ὡς
2395 4664 2566 4722 πάλαι
2621 4667 2710 4722 καὶ
2759 4671 2894 4738 νῦν;
2963 4665 3120 4724 Ἀλλ’
3187 4666 3344 4742 οἶμαί
3391 4689 3474 4723 σοι
3521 4669 3627 4726 ταῖς
3659 4659 3817 4737 μοίραις

2256 4753 2540 4832 πέπρωται
2608 4759 2677 4830 τῇ
2741 4760 2839 4812 τοῦ
2902 4757 3074 4832 πυρὸς
3121 4755 3410 4812 ὑποπεσεῖν
3460 4757 3614 4833 ἐρωῇ,
3650 4745 3750 4826 μηδ’
3782 4743 3817 4833 ἐν

2260 4831 2430 4900 εἰκόνι
2504 4843 2853 4920 παυσαμένην
2945 4831 3214 4902 ἀνακαίειν
3285 4848 3412 4910 τοὺς
3481 4831 3691 4920 δρῶντας
3765 4831 3819 4892 εί(

1741 4967 1964 5036 Variae
2001 4969 2326 5042 lectiones
2367 4981 2432 5042 et
2470 4982 2674 5043 nota.

1125 5101 1167 5139 ⁸⁸
1197 5096 1380 5158 εἷ’δων.
1415 5102 1477 5159 Ε.
1511 5097 1688 5157 εὶδών.

565 5099 614 5138 ¹⁵
645 5103 706 5160 Ε.
739 5100 1010 5180 πτέρυξιν.
1125 5101 1167 5139 ⁸⁸
1197 5099 1380 5158 εἷ’δων.
1415 5102 1477 5159 Ε.
1511 5099 1688 5157 εὶδών.

570 5173 705 5232 stac.
738 5175 802 5232 Β.
833 5179 953 5232 ταῖς
986 5171 1218 5232 γείραις.
1334 5175 1379 5210 ¹⁹
1410 5175 1471 5232 Ε.
1503 5177 1664 5230 τοῦτο
1693 5171 1778 5231 τό.

488 5173 705 5300 χρείας.
738 5175 802 5232 Β.
833 5171 953 5237 ταῖς
986 5171 1218 5251 χείραις.

496 5265 524 5300 ο
565 5242 592 5302 δ
641 5243 808 5312 ὅλως.
923 5248 969 5284 ²⁴
997 5255 1050 5304 Β.
1083 5264 1152 5304 ex
1181 5263 1212 5304 θ

1805 5102 1852 5141 ¹⁷
1879 5104 1944 5160 Β.
1974 5105 2080 5158 τῶν
2111 5105 2227 5160 κατ’
2276 5105 2456 5163 αὐτόν.
2503 5107 2568 5166 Ε.
2617 5110 2722 5164 τῶν
2779 5109 2896 5164 καθ’
2945 5108 3125 5168 αὑτόν.

923 5195 969 5284 ξι
986 5175 1472 5304 tf‘ti‘i'meﬁii‘l:
1503 5193 1674 5306 ῗῗῖἷ.
1821 5175 2288 5322 Εἷθέἒαῖ
2303 5223 2313 5235 ’

2426 5179 2472 5216 ﬂ
2523 5183 2581 5235 Ρ·
2637 5177 2692 5242 ἐς
2739 5179 2871 5252 ἢθη.
2985 5183 3032 5218 ²²
3080 5183 3140 5238 C.
3193 5183 3254 5238 Β.
3283 5180 3344 5236 οὐ
3387 5181 3488 5252 μὴν
3523 5177 3639 5252 οὖν..

2985 5183 3032 5218 ²²
3080 5183 3140 5238 C.
3193 5183 3254 5238 Β.
3283 5180 3344 5236 οὐ
3387 5181 3488 5254 μὴν
3523 5177 3624 5254 οὑν.

2378 5251 2426 5326 2⁵
2451 5252 2534 5308 lta
2565 5239 2936 5310 emendatum
2969 5261 3056 5311 est
3078 5253 3144 5326 in
3177 5239 3458 5326 margine'
3481 5247 3669 5326 codicis
3707 5239 3813 5326 Bod-

491 5316 666 5376 leiani
691 5321 798 5398 ;_in
827 5318 1693 5398 οο-ῃιειΑιΑυ-Ιθείιιενμπεριξκειτο,
1715 5315 2072 5398 συρςίίιὶιῃι
2099 5315 2422 5398 suppositis
2451 5327 2682 5395 punctis
2731 5330 2992 5398 notatum
3042 5325 3121 5381 sit
3170 5315 3448 5398 tanquam
3487 5321 3732 5398 vitiosum,

491 5403 674 5447 nuere
695 5381 766 5446 Β.
799 5397 856 5448 et
886 5393 948 5451 F.
1025 5394 1071 5430 ³⁸
1100 5392 1164 5450 Β.
1186 5381 1762 5464 διιδεῖτο’μὲτῶπον.’
1816 5389 1862 5427 ²⁷
1891 5381 1956 5448 Β.
1985 5392 2064 5449 Τὸ
2096 5389 2154 5448 δὲ
2178 5381 2281 5464 τῆς
2318 5381 2526 5467 κόμ’ς,
2552 5413 2610 5452 κ.
2645 5416 2697 5451 τ.
2731 5393 2788 5452 λ.
2867 5395 2916 5433 ³⁸
2953 5397 3014 5452 Ε.
3056 5415 3116 5450 κε
3164 5381 3415 5468 ουμὲνον.
3487 5395 3529 5429 ²⁹
3561 5392 3615 5448 Β.
3656 5381 3808 5440 δισκεύ-

495 5476 692 5540 μριτιε“
724 5461 781 5540 ³ο-
801 5463 1065 5540 Fortasse
1095 5463 1326 5540 ὁπῃοῦν.
1359 5486 1388 5516 ‹‹
1417 5465 1645 5520 Bekker
1673 5485 1726 5519 ».
1763 5537 1776 5540 _
1804 5463 1850 5499 ³1
1883 5463 1944 5520 F.
1967 5465 2150 5520 Θώνου
2191 5486 2298 5540 σοι.
2331 5415 2668 5540 βίοτίθείιυι·
2696 5469 2870 5526 etiam
2900 5469 2958 5526 in
2981 5413 3310 5526 Annaxilibus
3333 5468 3440 5540 (ed.
3484 5470 3600 5522 Par.
3627 5478 3674 5534 p.
3703 5451 3804 5522 107).

495 5476 692 5536 pater,“
724 5461 772 5497 ³ο
801 5463 1065 5536 Fortasse
1095 5463 1326 5536 ὁπηοῦν.
1359 5486 1388 5516 ‹‹
1417 5461 1645 5520 Bekker
1673 5485 1726 5519 ».
1804 5463 1850 5499 ³⁵
1883 5463 1944 5520 Ε.
1967 5465 2150 5520 Θώνου

2263 5486 2298 5522 ι.
2331 5466 2387 5521 Si

2550 5451 2668 5540 itur
2696 5451 2870 5526 etiam
2900 5451 3310 5526 iniAnnalib'us
3333 5451 3440 5540 (ed.
3484 5470 3600 5522 Par.
3627 5478 3674 5534 p.
3703 5451 3804 5522 107)»

490 5529 593 5585 ubi
624 5529 856 5590 Nicetes
885 5535 1002 5592 fere
1031 5529 1235 5594 eodem
1264 5537 1398 5595 fuco
1428 5552 1600 5594 suam
1633 5537 1958 5596 orationem
1982 5541 2171 5596 ornat.
2206 5539 2292 5595 Cf.
2327 5538 2432 5597 0d.
2465 5529 2543 5594 ΔΤ
2557 5539 2685 5595 228.

563 5643 679 5721 (13)
711 5645 845 5706 Vid.
873 5652 1092 5723 Heyns.
1123 5652 1169 5710 l.
1197 5668 1248 5710 ο.
1277 5667 1338 5726 p.
1366 5651 1460 5710 31.

3239 5110 3288 5146 ίδ
3341 5110 3404 5167 C.
3451 5111 3508 5166 Β.
3559 5110 3610 5163 et
3648 5103 3698 5160 F.
3735 5099 3818 5153 ταῖς
3930 5099 3931 5142 3
