4072 6218
527 310 684 376 1055

1842 304 2150 368 NIGET/E
2192 307 2619 374 CHONIATE

3737 330 3848 391 1056

526 445 765 512 bantur,
797 440 965 516 quasi
998 440 1431 514 programmata
1463 437 1743 495 rhedaria:
1785 437 2174 495 dexteritatis:

2295 443 2395 507 τῆς
2470 440 2822 531 διφρευτικῆς
2897 447 3305 525 προγράμματα
3369 447 3669 525 δεξιότητος,
3725 479 3843 531 μονον

525 535 647 592 situ
679 549 961 589 manuum
996 534 1226 587 tantum
1261 544 1378 585 non
1408 527 1562 585 clare
1594 526 1880 584 rhedariis
1904 535 2190 600 praecepta

518 626 748 691 dantes,
781 621 937 693 quod
968 620 1043 677 ad
1077 621 1291 675 metam
1325 618 1693 686 accedentes,
1729 632 1843 673 non
1894 621 2190 689 oporteret

522 713 785 771 habenas
843 712 1059 779 laxare,
1120 708 1224 766 sed
1283 707 1639 765 retrahendo
1699 707 1930 763 frenum
2005 723 2190 780 equos

521 803 779 873 ﬂectere,
812 818 878 858 ac
908 798 1280 872 frequentius
1304 796 1831 868 vehementiusque
1864 794 2056 852 calcar
2086 796 2187 851 ad-

518 891 677 964 dere,
712 896 781 948 ut
811 889 1074 964 proxime
1126 892 1346 945 metam
1402 885 1668 943 conversi
1722 886 2043 942 instantem
2082 885 2190 941 ad-

520 980 849 1039 versarium
880 981 1158 1053 cogerent
1183 976 1449 1034 latiorem
1492 974 1807 1032 circuitum
1857 975 2184 1042 decurrere,

520 1087 584 1128 se
643 1073 1008 1144 postremum
1090 1067 1427 1135 adventare,
1483 1064 1715 1122 etiamsi
1798 1063 2188 1120 velocioribus

529 1160 698 1234 equis
724 1160 1036 1218 veheretur
1065 1162 1241 1231 atque
1265 1159 1454 1214 artem
1500 1153 1809 1229 aurigandi
1861 1153 2042 1226 probe
2070 1152 2189 1211 cal-

522 1250 690 1308 leret.

590 1340 682 1397 42-
712 1338 1018 1397 Enimvero
1047 1337 1170 1394 haec
1213 1352 1453 1410 quoque
1511 1335 1727 1393 addere
1785 1334 1980 1391 visum
2038 1336 2129 1389 est
2170 1350 2186 1402 ;

526 1445 869 1503 quanquam
910 1429 971 1484 in
1002 1426 1304 1500 proposito
1348 1442 1463 1481 non
1524 1428 1615 1481 est
1670 1422 1869 1480 omnia
1926 1422 2185 1495 perscri-

523 1521 679 1579 bere.
717 1517 1054 1575 Gratiosum
1079 1514 1483 1589 spectaculum
1514 1523 1572 1570 et
1613 1513 1861 1570 artiﬁcio
1918 1512 2184 1568 omnium

527 1626 677 1683 pene
706 1605 1212 1664 mirabilissimum
1244 1603 1399 1661 basis
1424 1608 1550 1660 erat
1587 1602 1836 1674 lapidea,
1868 1601 1961 1658 cui
2009 1601 2190 1673 impo-

534 1700 720 1756 situm
752 1695 993 1763 animal,
1046 1694 1202 1767 quod
1271 1697 1515 1750 eatenus
1573 1691 1809 1749 nonnisi
1853 1690 2189 1746 dubitanter

2293 531 2423 617 ουχὶ
2476 528 2810 609 διαπρυσίως
2865 541 2935 611 τῇ
3001 535 3234 603 διαθέσει
3292 538 3337 576 ⁸³
3387 544 3489 594 τῶν
3540 528 3843 617 χειρῶνὝτοῖς

2293 616 2655 698 διφρηλάταις
2684 627 3139 704 παρεγγυώμενοι
3193 630 3242 668 ⁵⁸
3297 629 3370 692 ὡς
3421 633 3525 710 χρὴ
3564 616 3844 707 προσπελῶν-

2289 729 2386 772 τας
2418 715 2487 787 τῇ
2517 712 2683 789 νύσσῃ
2735 717 2813 789 μὴ
2865 715 3070 794 ἐφεῖναι
3117 719 3183 773 τὰ
3231 717 3453 795 χαλινὰ,
3490 720 3605 776 ἀλλ’
3650 721 3843 798 ἐγκλίνειν

2291 799 2674 877 ἀνασειρασμῷ
2712 806 2841 868 τοὺς
2870 804 3082 869 ἵππους
3138 807 3228 863 καὶ
3289 814 3500 884 συνεχεῖ
3545 809 3625 865 καὶ
3672 813 3841 892 σφοδρο-

2289 888 2433 965 τέρῳ
2472 898 2710 966 χρῆσθαι
2762 898 2842 967 τῷ
2899 895 3107 969 μύωπι,
3168 897 3319 959 ὅπως
3365 888 3747 974 περικλώμενοι,
3777 911 3844 974 τῆς

2289 978 2489 1050 νύσσης
2521 980 2780 1056 ἐχόμενοι
2824 983 2893 1054 ⁵⁸,
2943 985 3071 1040 ὲῶσι
3119 986 3211 1042 τὸν
3267 985 3841 1062 συπρέχοντακάκὶτε-

2291 1087 2424 1144 χνον
2464 1072 2565 1140 τήν
2598 1071 2658 1127 ἐκ
2686 1069 2945 1146 περιόδου
3001 1075 3049 1111 ⁸⁷
3102 1073 3230 1146 ἐλᾷν
3286 1075 3375 1131 καὶ
3405 1076 3609 1132 ὕστατον
3638 1072 3840 1154 ἔρχεσθαι,
3935 1114 3937 1119 ι

2290 1156 2386 1212 κᾶν
2412 1154 2620 1221 *ίππους
2652 1157 3094 1237 δρομικωτέρους
3121 1166 3329 1239 ὴνιοχῇ
3359 1162 3447 1219 καὶ
3484 1165 3527 1201 ⁵⁸
3552 1167 3642 1236 τήν
3667 1166 3841 1241 ἁμιλλη-

2286 1248 2479 1321 τήριον
2510 1248 2714 1323 τέχνην
2746 1250 2924 1326 ὁρῷτο
2956 1253 3002 1288 ⁶⁹
3031 1249 3381 1315 εὐπαίδευτος
3409 1253 3473 1309 ⁸ο.

2362 1336 2453 1409 ιβ’.
2513 1337 2576 1393 Ὁ
2641 1334 2698 1392 δὶ
2752 1336 2916 1414 Λόγος
2975 1339 3063 1395 καὶ
3132 1337 3276 1395 ἄλλο
3312 1360 3363 1396 τι
3402 1341 3670 1416 προσθήσει
3707 1346 3837 1407 ιιτοξ

2288 1422 2625 1498 εἰρημένοις·
2729 1424 2857 1482 οὐδὶ
2958 1428 3062 1504 γὰρ
3138 1429 3537 1505 συγγράψασθαι
3600 1432 3658 1485 τὰ
3723 1433 3839 1488 πάνυ

2287 1509 2577 1588 προῦθετο.
2645 1514 2843 1589 Χάριεν
2906 1516 3004 1585 τὴν
3072 1515 3196 1571 θέαν
3263 1518 3353 1571 καὶ
3412 1519 3511 1588 τήν
3565 1518 3728 1596 τέχνην
3780 1544 3839 1594 ut-

2287 1606 2421 1676 κροῦ
2474 1606 2582 1658 τῶν
2634 1600 2852 1659 πάντων
2904 1606 3350 1681 θαυμασιώτερον
3401 1606 3545 1682 βάσις
3592 1609 3648 1676 ἦν
3690 1607 3835 1678 λιθίνη,

2288 1691 2378 1746 καὶ
2432 1690 2514 1746 ἐπ’
2571 1694 2745 1763 αὐτῆς
2791 1693 3153 1769 χαλκήλατον
3205 1699 3363 1765 ζῶον,
3416 1698 3552 1774 παρὰ
3589 1701 3787 1754 τοσοῦτον
3806 1702 3836 1736 ⁶²

525 1789 735 1845 bovem
765 1787 1182 1858 repraesentare
1204 1781 1617 1854 judicavisses,
1653 1786 1943 1851 quatenus
1976 1778 2174 1835 brevis

2291 1780 2392 1834 οὐκ
2455 1780 2863 1857 ἀναμφήριστον
2939 1784 2988 1821 ⁸³
3068 1785 3198 1860 βοῦν
3268 1784 3541 1856 εἶκονίζον,
3598 1789 3701 1860 παρ’
3751 1789 3834 1842 ’ὅσον

525 1874 682 1932 sima
710 1873 919 1942 cauda,
953 1888 1143 1944 neque
1173 1874 1293 1927 tam
1325 1870 1540 1943 amplis
1571 1868 1907 1942 palearibus
1955 1867 2176 1924 instru-

528 1966 687 2020 ctum
723 1965 849 2020 erat
879 1959 1211 2032 cujusmodi
1246 1964 1386 2017 sunt
1416 1957 1666 2033 (Egyptii
1723 1957 1898 2016 boves
1931 1972 1946 2013 :
1992 1971 2180 2029 neque

531 2052 672 2109 item
698 2051 828 2123 ejus
859 2048 1083 2123 ungula
1109 2051 1234 2106 erat
1263 2047 1513 2105 bisulca.
1545 2050 1744 2120 Ipsum
1784 2062 1918 2104 vero
1972 2044 2182 2103 maxil-

524 2140 602 2198 lis
631 2141 938 2197 admotum
965 2137 1201 2196 tenebat
1226 2137 1384 2195 aliud
1418 2137 1638 2194 animal
1668 2135 1991 2195 constrictu
2029 2151 2178 2207 prae-

527 2233 757 2301 fucans,
791 2231 948 2303 quod
981 2233 1103 2287 toto
1160 2244 1401 2302 corpore
1462 2227 1733 2301 squamis
1781 2227 2177 2294 muniebatur,

525 2321 606 2378 ita
634 2318 880 2393 asperis,
914 2322 982 2375 ut
1012 2318 1141 2376 sine
1199 2317 1435 2375 lesione
1489 2316 1586 2373 vix
1643 2315 1905 2388 contingi
1958 2319 2178 2387 posset.

527 2410 854 2468 Putabatur
886 2413 1083 2465 autem
1115 2407 1363 2466 alterum
1396 2423 1521 2464 esse
1550 2405 1865 2462 basiliscos
1888 2424 1903 2474 ;
1926 2403 2177 2461 alterum

520 2515 679 2569 vero,
714 2499 870 2571 quod
905 2498 976 2554 ad
1010 2514 1075 2554 os
1104 2495 1268 2553 illius
1325 2497 1629 2553 admotum
1686 2499 1745 2552 et
1792 2493 2172 2552 constrictum

520 2587 859 2659 tenebatur,
892 2604 997 2661 pro
1026 2586 1230 2657 aspide
1279 2584 1626 2641 habebatur.
1659 2583 1775 2642 Nec
1807 2584 2047 2641 deerant
2076 2583 2177 2654 qui

527 2678 947 2749 conjectarent,
986 2676 1232 2733 alterum
1290 2673 1579 2731 Niliacum
1637 2674 1868 2743 bovem,
1926 2673 2175 2729 alterum

525 2782 660 2824 vero
691 2765 1051 2824 crocodilum
1110 2781 1236 2822 esse
1292 2763 1428 2837 (16).
1486 2764 1602 2835 Ego
1636 2777 1771 2820 vero
1831 2761 1979 2818 nihil
2035 2778 2176 2818 curo

525 2855 954 2913 sententiarum
1010 2852 1373 2912 varietatem.
1433 2852 1632 2909 Dicam
1708 2850 1899 2910 solum
1960 2865 2175 2907 novum

522 2945 840 3017 quodpiam
867 2944 1017 3001 801
1053 2941 1312 3000 certandi
1342 2957 1529 3014 genus
1559 2941 1622 2998 in
1651 2942 1899 3012 utroque
1949 2943 2174 3011 specta-

515 3038 645 3091 tum
665 3049 796 3091 esse
818 3057 834 3103 ;
860 3033 944 3090 ita
963 3035 1029 3088 ut
1047 3032 1221 3088 ambo
1244 3030 1467 3088 malum
1514 3030 1792 3087 inferrent
1843 3032 1902 3085 et
1948 3027 2172 3102 accipe-

518 3125 996 3195 rent,utaumque
1024 3121 1423 3178 adversarium
1456 3120 1769 3177 conficeret
1804 3123 1861 3178 et
1916 3118 2172 3176 vicissim

519 3212 929 3280 conﬁceretur,
959 3214 1265 3284 superaret
1294 3213 1351 3267 et
1379 3214 1757 3283 superaretur
1783 3225 1797 3265 :
1848 3209 2021 3265 ambo
2068 3208 2174 3281 igi-

525 3308 618 3358 tur
644 3299 953 3357 vincebant
982 3304 1040 3356 et
1068 3298 1466 3356 vincebantur.
1525 3298 1674 3355 Nam
1731 3296 1976 3355 alterum
2035 3296 2168 3368 qui-

517 3391 787 3462 dem,pro
812 3388 1087 3446 basilisco
1118 3388 1409 3458 habitum,
1443 3404 1478 3443 a
1506 3387 1695 3460 capite
1724 3402 1909 3458 usque
1939 3386 2013 3442 ad
2041 3386 2169 3443 cal-

519 3492 647 3536 cem
680 3478 895 3549 pedum
926 3476 1384 3547 intumescebat,
1415 3479 1591 3548 atque
1622 3474 2016 3547 eruginosum
2055 3481 2170 3532 toto

517 3582 760 3640 corpore
800 3584 954 3624 ranae
985 3566 1178 3624 colore
1198 3564 1445 3622 viridius
1476 3569 1616 3634 erat,
1650 3564 1790 3636 quia
1827 3564 1986 3621 virus
2017 3568 2170 3621 totos

514 3654 794 3713 animalis
853 3660 1020 3712 artus
1096 3656 1480 3726 occupaverat
1538 3660 1594 3709 et
1651 3652 1858 3709 mortis
1916 3652 2168 3709 colorem

512 3743 834 3801 induxerat
863 3762 879 3813 ;
912 3743 971 3799 in
1002 3758 1155 3816 genu
1187 3743 1381 3814 itaque
1420 3741 1633 3797 ﬂexum
1687 3744 1836 3811 erat,
1866 3739 2168 3797 oculorum

515 3832 672 3890 acies
724 3833 1037 3901 exstincta,
1095 3830 1257 3888 vitali
1317 3828 1658 3887 fortitudine
1728 3833 2167 3898 marcescente;

517 3923 637 3979 imo
667 3937 800 3979 vero
856 3921 1268 3979 aestimandum
1326 3918 1730 3993 spectantibus
1785 3916 2166 3990 relinquebat,

503 4011 625 4083 jam
659 4011 759 4067 diu
797 4015 1094 4067 mortuum
1125 4008 1430 4082 lapsurum
1465 4006 1664 4076 fuisse,
1682 4006 1793 4063 nisi
1826 4005 2036 4080 planta:
2070 4022 2167 4079 pe-

514 4100 657 4157 dum
690 4099 1116 4156 sustinuissent
1146 4114 1213 4154 ac
1245 4113 1347 4169 per
1375 4112 1439 4153 se
1468 4099 1674 4168 suapte
1699 4096 1884 4152 forma
1909 4100 2166 4152 erectum

508 4191 865 4245 servassent.
899 4187 1159 4245 Alterum
1192 4186 1329 4243 item
1362 4184 1581 4242 animal
1614 4184 1870 4241 maxillis
1917 4185 2165 4241 constri-

509 4282 694 4347 ctum,
720 4278 847 4349 jam
879 4275 1192 4333 remissius
1223 4275 1473 4332 caudam
1512 4290 1774 4343 movens,
1805 4273 1989 4329 hianti
2044 4289 2160 4341 ore,

508 4366 670 4439 quod
704 4365 1023 4424 molaribus
1054 4368 1432 4438 premeretur,
1464 4366 1813 4421 contendere
1835 4362 2160 4429 videbatur,

508 4463 574 4513 ut
601 4473 637 4512 a
668 4460 837 4529 septo
869 4454 1134 4512 dentium
1167 4458 1224 4510 et
1253 4470 1288 4512 a
1317 4469 1514 4510 morsu
1548 4468 1678 4509 sese
1742 4451 2014 4524 eriperet.
2048 4451 2164 4510 Nec

2293 1869 2672 1946 βραχύκερκον
2721 1870 2813 1942 ἦν,
2870 1872 3010 1945 μηδέ
3061 1873 3281 1947 βαθεῖαν
3313 1876 3550 1939 καθεικὸς
3574 1878 3615 1912 “
3638 1876 3836 1954 φάρυγγι,

2290 1957 2410 2013 οἳαν
2442 1958 2497 2013 οἳ
2526 1957 2819 2033 Αίγύπτιοι
2872 1961 2997 2036 βόες
3042 1960 3326 2041 τρέφουσι,
3354 1964 3487 2037 μήτε
3517 1966 3611 2037 μὴν
3635 1965 3673 2001 ⁸⁸
3693 1964 3837 2039 χηλαῖς

2290 2045 2681 2121 ὁπλιζόμενον.
2734 2054 2965 2125 Συνεῖχε
3022 2046 3079 2104 δὲ
3136 2050 3300 2107 τοῦτο
3355 2056 3474 2114 ταῖς
3520 2051 3672 2128 γένυσι
3701 2053 3766 2107 καὶ
3786 2052 3837 2114 εἷς

2285 2141 2497 2211 πνῖγμα
2525 2132 2808 2193 συνέθλιϐε
2840 2142 2977 2208 ζῶον
3014 2134 3231 2214 ἕτερον,
3278 2138 3349 2195 δι’
3400 2138 3529 2196 ὅλου
3555 2146 3636 2197 τοῦ
3656 2142 3833 2215 σώματος

2288 2223 2470 2281 λεπίσι
2527 2226 2966 2302 θωρακιζόμενον
3026 2229 3171 2284 οὕτω
3231 2230 3532 2305 τραχείαις,
3590 2231 3647 2291 ὡς
3683 2232 3747 2284 καὶ
3789 2229 3827 2284 ἐν

2286 2314 2485 2390 χαλκῷ
2543 2314 2732 2371 λυπεῖν
2786 2316 2876 2371 τὸν
2932 2316 3258 2391 ἀπτόμενον.
3299 2319 3488 2388 ᾜδετο
3517 2317 3569 2374 δὶ
3599 2320 3649 2374 τὸ
3674 2319 3739 2391 μὶν
3762 2320 3833 2392 βι-

2287 2402 2535 2459 σιλίσκον
2593 2406 2750 2475 εἶναι,
2811 2406 2874 2461 τὸ
2934 2403 2990 2462 δὲ
3047 2404 3272 2480 ἀσπίδα,
3330 2408 3391 2462 τὸ
3446 2405 3835 2482 συμμαρπτόμινον

2284 2493 2483 2550 τούτου
2513 2500 2594 2569 τῷ
2624 2494 2880 2569 στόματι’
2948 2498 3049 2552 οὐκ
3107 2495 3332 2573 ὃλίγοις
3380 2494 3435 2553 δὲ
3461 2497 3521 2554 τὸ
3551 2498 3631 2571 μὲν
3659 2495 3831 2568 Νειλῷος

2291 2584 2444 2659 βοῦς,
2502 2585 2564 2640 τὸ
2618 2582 2675 2639 δὲ
2728 2581 3082 2657 κροκόδειλος
3137 2585 3273 2641 εἶναι
3332 2585 3579 2656 είκάζετο.
3624 2586 3833 2657 Ἐμδὶμὲν

2287 2672 2382 2728 οὖν
2414 2672 2475 2728 οὐ
2510 2671 2677 2748 μέλον
2710 2677 2805 2729 τοῦ
2831 2678 2940 2729 τῶν
2984 2671 3157 2745 δοξῶν
3187 2674 3454 2748 ἀνομοίου
3478 2678 3540 2745 ⁸⁸,
3575 2675 3711 2730 εἰπεῖν
3735 2670 3777 2728 δὲ
3794 2672 3832 2727 τὸ

2283 2764 2475 2833 καινήν
2537 2783 2656 2817 τινα
2707 2764 2807 2833 τὴν
2861 2763 2907 2800 ⁸⁷
2964 2762 3147 2835 πάλην
3203 2764 3505 2843 ἀμφότερον
3546 2763 3754 2830 τίθεσθαι,
3776 2760 3835 2815 καὶ

2286 2850 2414 2927 δρᾷν
2473 2850 2525 2907 ἐν
2585 2852 2733 2927 μέρει
2791 2852 2882 2908 καὶ
2947 2852 3177 2931 πάσχειν
3264 2859 3443 2916 κακῶς
3506 2854 3585 2907 ὑπ’
3638 2850 3831 2921 ἀλλήλων

2283 2941 2531 3018 ἒκάτερα,
2588 2940 2820 2996 ὀλλύναι
2881 2958 2940 2997 τε
2965 2943 3056 2997 καὶ
3113 2938 3406 3013 ὅλλυσθαι,
3462 2942 3543 2998 καὶ
3591 2946 3761 3018 κρατεῖν
3800 2938 3831 2993 ἓν

2281 3029 2462 3103 ταύτῷ
2517 3031 2564 3068 ⁸⁸
2619 3029 2710 3085 καί
2762 3035 3096 3106 κρατεῖσθαι,
3154 3033 3250 3087 καὶ
3301 3036 3446 3103 νικᾷν
3497 3030 3641 3108 ἄμφω
3679 3028 3747 3084 καὶ
3776 3028 3835 3083 ὑπ’

2281 3119 2547 3192 ἀλλήλων
2578 3120 3061 3178 καταπαλαίεσθαι.
3105 3122 3185 3179 Τὸ
3244 3123 3338 3196 μὲν
3390 3124 3489 3198 γὰρ
3536 3123 3561 3176 ὁ
3606 3121 3681 3175 καὶ
3718 3139 3835 3196 φημι-

2286 3211 2513 3284 ζόμενος
2564 3210 2877 3287 βασιλίσκος
2937 3207 3198 3283 διῳδήκει
3259 3211 3396 3267 ἅπαν
3444 3210 3499 3266 ἐκ
3536 3208 3736 3285 κεφαλῆς
3763 3205 3832 3268 ἕως

2279 3299 2369 3355 καὶ
2400 3300 2564 3355 αὐτοῦ
2591 3303 2688 3355 τοῦ
2714 3304 2825 3355 ¹τῶν
2856 3297 3038 3356 ποδῶν
3073 3301 3357 3375 πέλματος
3385 3303 3451 3369 3°,
3472 3302 3553 3357 ναὶ
3578 3300 3827 3372 κιτιωμὶνον

2281 3387 2411 3445 ὅλον
2471 3389 2535 3444 τὸ
2592 3392 2752 3463 σῶμα
2805 3389 2897 3445 καὶ
2964 3389 3097 3466 ὑπὲρ
3155 3391 3220 3446 τὸ
3281 3390 3826 3468 βατράχειοντοχρῶμα

2281 3477 2575 3554 ἒχλώριζε,
2604 3482 2701 3533 τοῦ
2750 3478 3039 3555 φαρμάκου
3090 3475 3481 3554 διαδραμόντος
3520 3482 3608 3548 τήν
3628 3482 3706 3532 τοῦ
3731 3478 3825 3545 ζώω

2283 3566 2563 3641 ξύμπασαν
2616 3564 2857 3643 διαρτίαν
2925 3569 3016 3623 καὶ
3075 3568 3154 3631 εἷς
3214 3568 3433 3633 θάνατον
3480 3562 3828 3643 χρώσανιοςπίς

2279 3657 2411 3730 γόνυ
2468 3656 2647 3711 τοίνυν
2714 3656 2972 3729 συνίζανε,
3032 3658 3095 3713 τὸ
3154 3653 3314 3733 ὄμμα
3363 3653 3573 3713 ἓσϐεστο
3611 3662 3690 3725 τῆς
3713 3660 3825 3723 ζωτι-

2280 3751 2383 3815 κῆς
2455 3744 2885 3821 ἐκμαρανθείσης
2961 3743 3266 3820 δυνάμεως.
3334 3746 3550 3805 Μᾶλλον
3640 3746 3714 3818 μὲν
3764 3738 3823 3794 οὖν

2281 3832 2462 3891 ἐδίδου
2515 3840 2635 3900 τοῖς
2690 3836 2859 3909 ὁρῶσι
2922 3833 3164 3906 δοξάζειν
3224 3838 3301 3900 ὡς
3356 3828 3825 3901 πάλαιᾶνᾶνατέτρι-

2280 3944 2383 3979 πτο
2412 3925 2702 4000 νεκρωθὶν,
2734 3925 2781 3979 εἰ
2825 3927 2899 3998 μὴ
2933 3929 3041 3980 τῶν
3091 3923 3280 3981 ποδῶν
3311 3928 3368 3981 αἱ
3401 3925 3571 4003 βάσεις
3619 3915 3825 3994 imlan

2280 4013 2371 4068 καὶ
2401 4015 2539 4090 πρὸς
2585 4014 2771 4069 στάσιν
2843 4015 3137 4090 ὑπανεῖχον
3193 4013 3399 4091 ὄρθιον.
3448 4016 3540 4072 Ἦν
3590 4010 3639 4068 δὲ
3679 4005 3825 4066 καὶθά·

2278 4121 2433 4177 τερον
2487 4101 2719 4176 ὁμοίως,
2774 4102 2837 4157 τὸ
2896 4107 3016 4165 ταῖς
3071 4104 3283 4178 γένυσιν
3333 4101 3671 4178 ἐνισχόμενον,

2282 4192 2376 4264 μὲν
2433 4191 2497 4244 τὸ
2556 4192 2777 4263 οὐραῖον
2858 4189 3150 4266 άσπαῖρον,
3240 4192 3382 4268 μέγα
3447 4190 3501 4247 δὲ
3549 4187 3738 4265 κεχηνὸς
3774 4185 3824 4251 τῷ

2278 4280 2625 4355 ἀπάγχεσθαι
2681 4285 2751 4354 τῇ
2805 4284 2915 4337 τῶν
2968 4281 3221 4359 γομφίων
3286 4285 3501 4356 ξυνοχῖγ
3553 4277 3631 4334 ut
3683 4270 3822 4348 ξυντεί-

2277 4379 2455 4432 νεσθαι
2492 4369 2588 4441 μὶν
2619 4368 2777 4442 ἐῴκει
2820 4370 2912 4425 καὶ
2969 4369 3143 4445 ὀρμᾷν
3191 4372 3470 4448 πειρᾶσθαι
3498 4372 3583 4425 τοῦ
3605 4368 3693 4421 τῶν
3715 4359 3823 4416 ὀδόν·
3930 4416 3931 4437 γ

2276 4477 2383 4512 των
2410 4454 2607 4533 ἱέρκους
2663 4454 2937 4513 διεκδῦναι
2993 4458 3086 4514 καὶ
3144 4458 3438 4515 διεκπεσεῖν
3486 4461 3574 4513 τοῦ
3598 4454 3819 4530 χάσματος.

509 4548 738 4617 poterat
766 4549 990 4616 tamen,
1020 4543 1158 4615 quia
1188 4557 1320 4602 cum
1353 4542 1617 4599 humeris
1662 4544 1721 4598 et
1769 4541 2162 4598 anterioribus

2284 4544 2371 4601 nix
2402 4544 2560 4622 ἴσχυε
2591 4542 2668 4616 δὲ,
2703 4544 2787 4602 ὅτι
2816 4547 2882 4603 τὰ
2933 4548 3069 4621 μετὰ
3111 4548 3241 4612 τοὺς
3293 4546 3473 4621 ὢμους
3502 4544 3634 4605 εὐθὺς
3664 4539 3819 4596 καὶτῶν

512 4635 763 4707 pedibus
793 4634 1053 4708 corporis
1084 4637 1303 4706 partes,
1336 4649 1464 4705 quis
1494 4634 1694 4690 caudae
1718 4633 1943 4705 junctae
1972 4636 2162 4702 erant,

512 4726 571 4783 in
604 4725 768 4785 horis
796 4727 962 4785 hiatu
993 4725 1449 4784 continebantur
1506 4724 1883 4799 maxillisque
1925 4726 2165 4782 conﬁxa:

503 4818 883 4890 erant.Atque
910 4816 995 4874 ita
1022 4829 1152 4873 sese
1178 4813 1281 4872 illa
1310 4817 1520 4872 mutua
1553 4814 1708 4872 cmde
1755 4813 2160 4884 conficiebant,

2275 4630 2463 4690 ποδῶν
2508 4634 2636 4697 τοὺς
2675 4632 3068 4710 ἐμπροσθίους,
3125 4636 3216 4691 καὶ
3257 4637 3358 4692 ὃσα
3408 4639 3483 4707 τῷ
3532 4629 3699 4708 οὐραίῳ
3740 4643 3819 4679 συνο

2275 4721 2513 4796 ῄπτοντο
2545 4721 2685 4800 μέρη
2716 4728 2815 4779 τοῦ
2847 4725 3122 4798 σώματος,
3180 4726 3215 4795 ἡ
3257 4728 3355 4782 τοῦ
3410 4724 3649 4796 στόματος
3670 4718 3819 4800 {mili

2274 4809 2552 4877 διάστασις
2604 4798 2650 4850 ’θί
2706 4812 2799 4869 καὶ
2863 4818 2983 4877 ταῖς
3037 4813 3246 4891 γένυσιν
3329 4811 3617 4886 ὲνεπείρετο.
3660 4805 3735 4864 Καὶ
3772 4798 3817 4853 ti

1757 4939 1982 5009 Variae
2011 4940 2335 5011 lectiones
2374 4950 2440 5011 et
2466 4949 2670 5011 notae.

569 5077 595 5116 ⁵
647 5081 707 5137 B-
742 5077 904 5152 θέσει·
1016 5076 1153 5152 ‘ﬁFg
1185 5074 1639 5152 naeeweéeevos-

491 5224 543 5259 ⁶⁰
574 5215 834 5282 Ιι.“0.’Β.
866 5215 1117 5282 έίίθάἰιῑ.
1148 5215 1491 5281 ἀπαίδευτοςῖ

1604 5219 1650 5293 fi
1687 5220 1749 5293 F._
1776 5218 2084 5293 προσθέσει.

489 5294 624 5371 φώρι
659 5313 805 5371 στον.
915 5295 971 5371 ⁸⁸
994 5295 1205 5371 litata?
1235 5291 1399 5371 εξκός.

1509 5290 1558 5327 ⁸⁸
1594 5292 1656 5347 Β.
1689 5290 1804 5362 μέν.

506 5454 657 5499 τασις
708 5438 963 5496 Bekker.

499 5556 632 5629 er_at
661 5554 826 5629 rubri
856 5556 1065 5613 coloris
1113 5554 1305 5629 (πέτρα
1354 5553 1497 5629 ὑπεὶρ-
1536 5549 1853 5629 τῶν-ἵππιον
1880 5553 1979 5629 τῂν
2005 5572 2155 5629 καμ-

494 5622 614 5692 πὴν
677 5622 1001 5697 ἃνιστηκυῖα
1078 5622 1253 5705 χρόαν
1302 5622 1525 5704 πορῥά).
1589 5625 1674 5685 οι.
1726 5622 1950 5701 Aloysii
2003 5622 2155 5683 Hirt.

1754 5075 1799 5111 ⁸⁸
1907 5076 1989 5164 NB.
2022 5082 2077 5133 et
2105 5076 2271 5134 editt.
2303 5073 2568 5164 Exd-peva:

496 5144 595 5206 δου
653 5143 961 5226 (περιόδῳ).
1037 5149 1086 5186 ⁵⁸
1119 5143 1385 5206 Fortasse
1411 5143 1721 5221 legendum
1751 5152 1881 5204 est:
1907 5143 2023 5203 ἵνα.
2058 5192 2072 5206 .
2102 5189 2115 5204 .
2144 5192 2159 5207 .

496 5224 543 5259 ³ο
575 5227 642 5274 Ιι-
675 5224 737 5274 G.
773 5224 834 5274 Β-
866 5230 925 5274 et
951 5223 1117 5274 editt.
1148 5215 1491 5274 ἀπαίδευτος.
1604 5219 1650 5257 ⁸⁸
1687 5220 1743 5274 F.
1776 5218 2084 5274 προσθέσει.

2284 5192 2287 5203 ,
2321 5143 2500 5223 όρῷτο
2532 5145 2881 5211 ἀπαίδευτος.
2915 5173 2943 5202 ((
2977 5143 3314 5207 Ἐεοὺωεῐιιι
3347 5173 3394 5205 υ.

2284 5224 2335 5274 F.
2366 5223 2638 5274 τοιοῦτον.
2750 5221 2798 5257 ⁸³
2836 5224 2895 5274 C.
2931 5223 2988 5274 Β.
3018 5221 3375 5274 ἀναωῆοιστον

2323 5260 2335 5275 .
2366 5240 2429 5275 το
2440 5239 2613 5275 ιουτον
2623 5260 2638 5277 ο

489 5294 624 5371 φώρι
659 5313 805 5351 στον.
915 5295 964 5331 ⁸⁸
994 5295 1057 5351 Β.
1087 5297 1205 5349 κατ’
1235 5291 1399 5355 εἰκός.
1509 5290 1558 5327 ⁸⁸
1594 5292 1656 5347 Β.
1689 5289 1829 5362 μέν(
1914 5290 1963 5326 ⁸⁸
2000 5293 2055 5348 F.
2088 5289 2338 5363 ἆνομίου.
2450 5293 2472 5327 ⁸

489 5381 646 5423 emes
683 5367 915 5425 datione
943 5366 1208 5424 Bekkeri.
1240 5366 1299 5423 C.
1327 5365 1391 5421 B.
1419 5367 1478 5420 et
1506 5362 1792 5421 editiones
1826 5368 2155 5436 posuerunt
2180 5360 2474 5436 τέλματος.

2264 5551 2910 5626 Historaerchiteclurae,
2945 5553 3041 5626 ΙΙΙ,

3279 5078 3322 5114 ⁸⁷
3372 5079 3427 5135 Β.
3470 5060 3812 5157 τῄνῇὶνιπῐριῷ

2680 5077 2727 5113 ⁸⁸
2758 5079 2818 5135 Β.
2852 5077 3168 5154 συνέχοντα.
3279 5078 3322 5114 ⁸⁷
3372 5079 3427 5135 Β.
3470 5077 3560 5142 τήν
3602 5077 3645 5126 ἐν
3682 5077 3809 5157 mpm-

2680 5145 2881 5211 δευτος.
2915 5173 2943 5202 (ι
2982 5151 3314 5207 Lachmann
3347 5173 3394 5205 ».
3499 5147 3542 5182 ‘9
3574 5146 3623 5201 F.
3657 5141 3809 5213 ὁρῳτω.

2750 5221 2798 5257 ⁸³
2931 5223 2988 5277 Β.
3018 5221 3412 5327 ἀναιζήριστοη
3454 5225 3511 5275 Β.
3555 5224 3601 5272 et
3638 5208 3690 5269 Ε.
3715 5208 3806 5262 ἄνπ-

2750 5293 2828 5327 Ml
2877 5294 2976 5327 ...ιη
3110 5296 3132 5327 ι
3207 5298 3244 5327 n
3317 5291 3368 5327 ι..
3411 5289 3572 5327 -..ιηη
3679 5283 3715 5317 u
3751 5278 3806 5327 Eg

2450 5293 2494 5328 ⁸⁷
2527 5293 2589 5350 F.
2616 5278 2999 5365 omittitiﬁﬁv.
3097 5278 3264 5365 ﬁ'ﬁ'h,
3316 5291 3368 5347 ἐν
3399 5278 3590 5365 ’ταέτφ
3679 5278 3808 5365 “‘Eix

2586 5346 2888 5439 iii—3.3%,:
2934 5346 3286 5441 βατράχειῦν.
3324 5346 3331 5347 ί
3375 5365 3414 5399 ⁷¹
3463 5346 3689 5419 Fortasse
3716 5346 3803 5403 διά·

2335 5558 2472 5612 :tor.
2505 5556 2910 5622 architectum,
2945 5556 3041 5626 ΙΙΙ,
3077 5570 3134 5626 p.
3167 5556 3284 5612 M6.

2335 5627 2448 5700 (16)
2476 5625 2607 5682 Vid.
2642 5626 2825 5700 Heyn.
2858 5627 2901 5684 Ι.
2933 5642 2985 5685 ο.
3017 5643 3079 5700 p.
3107 5627 3198 5685 38.
