4066 6208
501 313 658 377 1063
1817 315 2124 379 ΝΙΕΕΤΑΞ.

2248 315 2371 378 [ON
2376 315 2584 378 IATIE
3711 331 3822 390 1061

672 447 1665 524 GomneniACrassiLSpiridonacae
1723 451 2271 524 seditiones,iguas
2335 449 2566 507 Alexius
2649 450 2938 524 reprimit.
3021 451 3162 524 Mysi

685 522 1100 596 constantiam
1123 520 1460 596 etAVarnam
1494 528 1851 596 expugnant.
1893 525 2018 589 337,
2045 520 2174 596 338,
2202 526 2310 578 etc.

498 593 630 649 1201
678 664 715 679 η
744 591 1272 679 StolidusnAlexius
1302 591 1848 679 ab‘ls'aaciijtfn'geli
1881 595 2114 679 insidiis
2146 609 2260 679 non
2292 593 2402 679 sibi
2463 597 2645 650 cavet.
2699 594 2906 679 Veneti
2965 598 3162 652 contra
3291 672 3299 679 _
3373 595 3406 649 8
3691 603 3718 657 3

675 664 903 721 Graecos
936 663 1155 719 bellum
1191 672 1413 733 parant.
1444 666 1649 722 Isaacii
1685 663 1840 722 {ilius
1871 684 2002 722 cum
2040 668 2249 723 Veneta
2282 665 2469 720 classe
2502 681 2563 720 se
2597 667 2920 736 conjungit,
3273 672 3508 724 Αιεχιυε

676 737 1315 821 guamﬁlexids‘ride't‘.
1352 737 1546 821 ppulis
1598 738 2345 821 obsidetur,“expugnatur
2395 744 2448 792 et
2507 739 2859 794 incenditur.
2915 737 3155 796 Alexius
3231 739 3539 821 Imperator

674 807 919 879 imperio
950 807 1230 891 spoliatus
1265 807 1569 864 Debeltum
1606 810 1891 892 profugit:
1917 807 2142 894 346,34

494 879 633 935 1202
745 879 1240 952 Luctuosisslmus
1270 879 1429 951 Cpol.
1483 885 1692 936 status.
1753 881 2012 952 Raplnis,
2073 882 2142 937 fer

2248 813 2344 865 ate.
3232 807 3529 880 spoliatur.

2280 885 2335 936 et
2391 878 2677 936 incendiis
2740 881 2928 936 Latini
2985 897 3145 952 gras-
3264 883 3512 938 Issscms
3691 890 3714 939 1

666 955 892 1018 santur,
926 952 1142 1022 quibus
1170 951 1402 1008 Alexius
1434 957 1620 1008 Ducas
1678 951 1995 1008 Murz’uﬂus
2047 951 2286 1008 resistit.
2349 952 2565 1007 Seditio
2623 953 2684 1007 in
2750 951 3036 1008 lsaacium
3089 959 3147 1009 et

668 1022 1522 1096 Alexiuui_Angelos._Isaacio
1583 1025 1840 1079 animam
1890 1024 2477 1096 agenteiMurzuflus
2535 1023 2799 1080 Alexium
2865 1023 3147 1095 Angelum

673 1101 796 1168 arte
827 1093 1031 1163 eludit,
1064 1093 1118 1151 et
1147 1093 1320 1167 paulo
1351 1100 1503 1167 post,
1536 1096 1648 1150 alio
1681 1096 1911 1168 imperii
1933 1093 2179 1151 'aemulo
2237 1111 2540 1166 oppresso,
2572 1097 2688 1152 vita
2753 1093 2984 1168 spoliat.
3017 1097 3144 1165 385,

675 1167 800 1233 386,
832 1171 943 1222 etc.

741 1238 1061 1294 Murzuﬂus
1108 1235 1336 1311 bellum,
1386 1255 1598 1310 parans
1653 1255 1702 1311 a7
1746 1238 1960 1311 Latinis
2020 1237 2274 1310 fugatur,
2334 1238 2435 1310 qui
2499 1237 2722 1311 Cpolim
2779 1247 3145 1311 Oppugnant,

670 1313 1022 1380 expugnant,
1107 1309 1396 1365 incendio
1455 1326 1600 1365 novo
1677 1310 2028 1379 deformant,
2095 1309 2370 1374 lacerant,
2475 1309 2561 1366 eti
2633 1311 2806 1380 diripi

669 1381 797 1448 365,
833 1386 942 1439 etc.

494 1451 632 1509 1203
742 1451 1066 1508 Balduinus
1098 1451 1368 1508 laudatus
1396 1453 1670 1524 princeps
1701 1453 2014 1524 imperium
2048 1453 2337 1508 instaurat
2390 1469 2486 1522 pro
2525 1451 2701 1518 virili,
2750 1452 2945 1510 hostes
2999 1452 3148 1509 bello

669 1524 892 1608 fatigat.
917 1525 1086 1608 Pirte
1110 1524 1485 1608 seditionum,
1520 1541 1852 1608 pugnarum
1883 1532 1936 1607 et
1984 1524 2488 1608 oppugnationum
2516 1525 2747 1608 “facies,
2810 1525 3146 1608 inuquibuns‘

3223 956 3366 1010 Anc.
3407 962 3533 1009 eum
3578 956 3723 1011 ALsx.
3762 959 3818 1017 fil.

3223 1026 3276 1080 6.
3313 1042 3491 1081 mens.
3524 1027 3634 1082 dies
3658 1029 3686 1080 8
3712 1036 3819 1085 Au:-

3223 1113 3355 1152 xrus
3411 1097 3587 1153 Ducas
3622 1099 3819 1158 Muazrr.

3222 1185 3406 1224 mens.
3449 1169 3501 1225 2.
3540 1169 3650 1226 dies
3683 1171 3727 1227 6.
3751 1190 3820 1228 oc-

3224 1241 3454 1296 ciditur.

2475 1315 2531 1366 et
2633 1311 2942 1382 diripiunt.
3017 1312 3145 1381 364,

3224 1454 3546 1509 ΒΑιυυιΝυε
3560 1454 3822 1512 Fuscin-

3224 1531 3384 1596 perat
3429 1542 3638 1582 menses
3673 1529 3730 1582 Il.
3756 1531 3819 1582 In-

670 1595 1113 1670 La_tini,_(_}‘rzsci,
1164 1595 1668 1670 Blachi,__Scytha3
1717 1597 1938 1670 mutuis
2001 1595 2418 1652 certaminibus
2476 1599 2826 1670 atteruntur.
2887 1595 3154 1670 Murzuili
3225 1595 3454 1670 teriect.
3531 1598 3816 1670 aMScythis.

671 1666 1025 1722 miserabilis
1053 1667 1346 1723 interitus.
1382 1667 1701 1723 Multarum
1735 1668 1965 1724 urbium
1995 1671 2142 1724 Graec

2248 1684 2325 1722 im
2375 1668 2620 1731 excidia,
2679 1667 2923 1722 aliarum
2985 1667 3153 1722 variaa
3230 1666 3818 1727 Huicsucceditilénmc.

671 1739 1051 1794 calamitates.
1088 1739 1152 1793 In
1184 1754 1375 1794 varias
1429 1739 1766 1808 tyrannides
1827 1741 2099 1796 universa
2154 1739 2371 1794 Graecia
2429 1739 2800 1806 distrahitur,
2863 1738 3150 1795 Balduino
3227 1740 3422 1795 frater.

671 1826 706 1866 a
744 1809 972 1882 Scythis
1011 1810 1353 1882 interfecto,
1418 1811 1514 1867 cui
1573 1811 1856 1868 Henricus
1915 1812 2096 1868 frater
2151 1810 2431 1867 succedit.
2483 1811 2612 1880 386,
2670 1811 2796 1882 387,
2856 1811 2981 1878 388,
3032 1817 3144 1868 etc.

669 1881 858 1952 usque
887 1881 961 1938 ad
994 1881 1169 1938 finem
1196 1882 1410 1954 operis.

1471 2176 2038 2271 FABROTI
2105 2173 2719 2271 GLOSSARI
2735 2176 2918 2270 UM

1231 2386 1303 2442 ΙΝ
1361 2385 1502 2453 QUO
1551 2383 1925 2440 VOCABULA
1975 2382 2591 2440 GRxECO-BARBARA
2655 2382 3175 2439 EXPLICANTUR.

568 2809 786 2885 Ἀγάπη
821 2827 951 2884 pax,
981 2808 1196 2874 foedus,
1229 2807 1487 2877 dilectio,
1535 2807 1810 2875 charitas,
1843 2825 1900 2880 p.
1942 2809 2067 2879 341,
2095 2825 2145 2865 c.

495 2894 882 2975 πάρεϐάθησαν
933 2898 988 2952 αἱ
1047 2893 1294 2951 σπονδαί·
1355 2897 1534 2954 codex
1608 2897 1801 2954 Graeco
1859 2899 2147 2955 Barbarus

499 2988 726 3065 ἂγάπαι,
761 2993 822 3044 ut
850 3004 983 3060 pag.
1016 2988 1144 3044 ead.
1177 2987 1235 3042 b.
1276 2983 1620 3055 τελεσθείσης
1665 2992 1765 3055 τῆς
1815 2984 2054 3060 ἀγάπης,
2087 2988 2146 3044 in

497 3078 730 3152 puriore
761 3079 952 3132 Graeco
990 3079 1090 3143 τῆς
1123 3073 1365 3146 εἰρήνης.
1398 3074 1780 3145 Theophanes
1812 3077 1869 3132 in
1914 3076 2100 3133 Leone
2130 3095 2144 3135 :

495 3168 533 3235 ἡ
567 3164 823 3240 ἂπαρχῆς
872 3165 1031 3236 ἡμῶν
1096 3163 1280 3238 ἀγάπη
1345 3162 1421 3235 μὴ
1454 3159 1708 3237 διαλυθῇ.
1749 3165 2096 3223 Anastasius
2129 3184 2143 3222 :

490 3257 678 3329 prisca
705 3255 952 3311 charitas
971 3260 1160 3311 nostra
1191 3269 1298 3310 non
1321 3254 1589 3309 solvatur.
1614 3253 1739 3308 Alio
1757 3271 1928 3311 sensu
1964 3254 2141 3329 ἀγάπη

491 3345 777 3417 accipitur
808 3363 864 3417 p.
898 3344 1030 3411 319,
1061 3344 1118 3398 b.
1147 3350 1201 3399 et
1231 3359 1365 3399 cum
1395 3343 1669 3399 absentes
1699 3343 1758 3398 in
1792 3343 2001 3401 litteris
2058 3345 2144 3401 sic

494 3433 942 3505 compellabant,
998 3431 1182 3506 ἀγάπη
1227 3431 1318 3501 σή.
1364 3433 1427 3490 Β.
1473 3432 1919 3505 Chrysostomus
1974 3451 2016 3501 ι,
2074 3435 2145 3491 de

494 3522 860 3580 Providentia
910 3539 922 3578 :
984 3519 1259 3590 Τοσαύτην
1317 3521 1453 3594 ἡμῖν
1526 3521 1751 3596 κατέχεε
1803 3522 1904 3588 τὴν
1963 3521 2140 3596 ἀχλὺν

496 3612 630 3682 ’ὀσην
663 3612 690 3665 ὁ
725 3607 933 3685 δαίμων
968 3611 1123 3672 οὗτος
1145 3613 1214 3683 τῇ
1247 3608 1425 3685 ἀγάπῃ
1459 3613 1525 3684 νῇ
1684 3612 1846 3668 Adde
1877 3602 2140 3683 ejusdem

494 3701 804 3775 epistolam
838 3703 907 3758 ad
940 3702 1342 3757 Innocentium
1371 3705 1566 3758 Romae
1596 3702 2142 3773 episeopum.lnter-

495 3807 628 3863 pres
660 3808 952 3848 canonum
985 3789 1252 3846 Ecclesia:
1307 3791 1588 3846 Africanae
1622 3806 1634 3844 :
1695 3789 1763 3845 Τί
1821 3789 2031 3863 ἀρέσκει
2073 3793 2142 3864 τῇ

491 3879 722 3956 ὑμετὲρῦ
769 3880 1154 3954 μακαριότητι.
1216 3885 1280 3936 In
1334 3880 1510 3952 Regio
1555 3881 1868 3953 exemplari
1930 3880 2139 3955 ἀγάπῃ.

487 3970 585 4026 Sic
617 3969 840 4026 Latinis
872 3970 1116 4025 charttas
1143 3973 1258 4038 tua,
1297 3973 1358 4025 ut
1387 3970 1446 4024 in
1477 3969 1726 4041 epistola
1753 3971 1956 4042 synodi
1991 3972 2142 4028 Gon-

492 4057 1024 4129 stantinopolitanaa
1060 4057 1241 4113 missa
1269 4058 1342 4112 ad
1369 4056 1790 4124 Occidentales,
1836 4074 1903 4112 ex
1960 4057 2138 4116 inter-

494 4147 817 4220 pretatione
849 4147 1154 4220 Epiphanii
1178 4147 1520 4203 Scholastici
1551 4147 1872 4219 Tripertitze
1909 4147 2011 4203 lib.
2045 4166 2134 4206 1x:

487 4240 955 4295 Goncurreramus
978 4239 1037 4292 in
1057 4237 1251 4292 urbem
1265 4237 1612 4308 Cpotitanam
1623 4253 1790 4292 causa
1818 4238 2137 4294 litterarum

489 4326 560 4383 ad
590 4343 687 4383 nos
717 4329 1014 4383 missarum
1043 4342 1078 4380 ιι
1104 4331 1285 4381 vestra
1323 4326 1614 4392 charitate,
1647 4326 1838 4383 Greece
1866 4327 2014 4402 παρὰ
2039 4328 2138 4395 τῆς

492 4415 753 4491 ὑμετέρας
783 4435 1130 4488 τιμιατητος,
1162 4415 1508 4472 Theodoreti
1560 4414 1779 4473 Eccles.
1835 4416 1981 4473 Hist.
2033 4416 2133 4474 lib.

483 4522 538 4572 ν,
571 4522 698 4577 cap.
733 4509 787 4573 9,
821 4510 884 4560 ut
941 4505 1343 4577 Chrysostomi
1401 4505 1645 4577 epistola
1700 4507 1754 4575 4,
1787 4511 1845 4562 et
1901 4507 1960 4562 in
2004 4508 2136 4578 Epi-

461 4592 629 4665 stula
660 4593 898 4648 Damasi
955 4595 1025 4648 ad
1087 4592 1440 4648 Orientales:
1499 4593 1766 4662 Quoniam
1826 4596 2136 4664 apostolicae

481 4680 601 4736 sedi
629 4680 995 4736 reverentiam
1034 4682 1284 4738 debitam
1316 4681 1559 4737 charitas
1606 4687 1784 4738 vestra
1821 4686 2129 4741 distribuit.

479 4773 671 4825 Graece
693 4769 728 4837 ἡ
754 4767 932 4841 ἀγάπη
962 4767 1138 4840 ὑμῶν,
1164 4771 1219 4825 d.
1255 4769 1296 4824 l.
1328 4786 1454 4840 cap.
1513 4771 1597 4827 10.
1651 4770 1805 4827 Felix
1863 4773 1936 4827 IlI
1978 4777 2134 4844 Papa

485 4857 734 4930 epistola
764 4858 835 4913 ad
867 4857 1206 4916 Thalasium
1245 4858 1774 4915 Archimandritam
1832 4861 1952 4916 GP:
2008 4866 2135 4919 Post

477 4951 654 5020 factas
685 4947 1059 5019 titteras,quas
1072 4965 1171 5020 per
1197 4949 1566 5020 ﬁtiosnostros
1596 4947 1846 5018 religiosi
1865 4952 2135 5022 propositi

480 5041 627 5094 viros
657 5037 1084 5096 dilectionitua?
1130 5038 1388 5093 misimus
1440 5037 1854 5106 contradendas,
1886 5055 1954 5096 ne
2000 5041 2133 5112 quid
2203 5097 2206 5099 .

478 5128 665 5185 minus
691 5144 790 5199 pro
822 5129 1114 5186 catholicae
1163 5128 1292 5199 ﬁdei
1335 5130 1583 5185 custodia
1639 5129 1963 5200 diligentior
1997 5148 2132 5188 cura

475 5220 844 5291 prospiceret,
876 5220 1209 5275 charitatem
1231 5223 1383 5275 tuam
1413 5218 1672 5275 duximus
1701 5219 2128 5278 admonendum.

550 5308 817 5382 ”Αγουρα,
851 5305 1116 5382 ὄμφακες,
1144 5309 1277 5380 Pag.
1321 5309 1429 5363 273
1476 5309 1510 5363 d
1566 5325 1687 5363 uva:
1738 5311 1976 5374 acerbae,
2011 5327 2130 5365 uvae

482 5395 830 5455 immaturae.
864 5398 1046 5454 Hodie
1089 5398 1264 5454 etiam
1315 5398 1511 5454 Graeco
1567 5397 1839 5454 Barbarie
1894 5397 2128 5473 ἅγουρος

481 5489 573 5540 est
602 5481 800 5557 ἄωρος,
835 5488 1210 5544 immaturus.

552 5567 1362 5648 Ἀκουμϐίζειν,ἁκούμπισμα.
1421 5583 1554 5648 Pag.
1615 5578 1715 5632 351
1767 5578 1800 5632 d
1855 5575 2128 5650 μηδεμιᾶς

470 5657 714 5743 ἀρωγῆς,
751 5664 857 5716 etc.
886 5662 1037 5721 alius
1100 5665 1278 5720 codex
1315 5682 1328 5720 :
1391 5665 1576 5742 Μέχρι
1625 5665 1716 5718 καὶ
1772 5667 1880 5719 τῶν
1923 5672 2126 5743 τειχῶν

473 5742 802 5821 ἂκουμϐίσαι
835 5757 936 5818 τῆς
969 5749 1184 5811 πόλεως
1231 5763 1293 5808 ut
1335 5756 1466 5825 ipsis
1525 5754 1701 5810 muris
1756 5742 2050 5813 imminere
2082 5766 2133 5815 et

475 5842 793 5900 incumbere
822 5839 1101 5898 videretur
1124 5842 1306 5913 ,‘ipag.
1341 5848 1538 5902 autem
1570 5845 1674 5902 325
1701 5861 1805 5916 pro
1847 5842 2132 5922 ἀπρόσμα-

2257 2736 2364 2794 χον
2396 2715 2714 2792 οΐκητήριον
2762 2719 2914 2775 alius
2944 2719 3123 2776 codex
3179 2717 3360 2776 habet
3413 2711 3726 2792 ἆκοῦμὸισμα
3764 2713 3826 2768 καὶ

2259 2807 2504 2863 ὀσπίτιον
2551 2805 2925 2886 ἅφρόντιστον.
2983 2815 3051 2865 Et
3102 2811 3248 2867 verti
3310 2815 3512 2882 potest,
3564 2808 3752 2882 asylum
3794 2810 3832 2862 et

2256 2899 2581 2971 hospitium
2614 2899 2999 2968 tutissimum,
3053 2903 3119 2955 ut
3171 2917 3231 2971 p.
3291 2900 3388 2956 201
3443 2916 3537 2971 pro
3589 2897 3735 2967 στόμα
3762 2896 3830 2962 τῆς

2257 2983 2572 3063 συγκλήτου
2602 2989 2737 3061 πρὸς
2769 2984 3116 3062 Ἀνδρονίκου
3148 2986 3490 3060 καλούμενος
3537 2988 3590 3042 ἱῑι
3630 2987 3725 3042 alio
3769 3001 3832 3039 co-

2258 3077 2385 3132 dice
2411 3077 2621 3148 legitur
2653 3071 2967 3148 σύμϐουλον
2995 3076 3084 3130 καὶ
3117 3075 3478 3150 ἀκούμπισμα
3522 3079 3687 3130 τοῦτον
3726 3071 3830 3147 ἔχων

2256 3159 2628 3236 Ἀνδρόνικος.
2660 3164 2929 3230 Vertunt,
2961 3165 3121 3235 cujus
3159 3167 3457 3221 consitium
3485 3181 3533 3221 et
3559 3164 3707 3219 veluti
3736 3177 3829 3230 asy-

2254 3256 2368 3312 lum
2400 3264 2561 3312 esset.
2586 3256 2689 3312 Vel
2714 3256 2895 3326 dicas,
2921 3258 3080 3326 cuius
3107 3259 3344 3313 consitio
3375 3265 3514 3313 totus
3558 3256 3828 3311 inniteretur

2252 3346 2619 3412 Andronicus,
2651 3363 2682 3402 a
2710 3346 2869 3413 cuius
2925 3346 3152 3402 consitio
3219 3351 3368 3403 totus
3421 3346 3673 3419 penderet.
3723 3343 3824 3398 Nam

2253 3435 2430 3491 etiam
2462 3435 2633 3492 hodie
2673 3429 2996 3507 ἇκουμϐίζω
3044 3442 3131 3491 est
3177 3435 3472 3504 suﬂ'ulcio,
3519 3432 3825 3505 ἀκοῦμπισμαι

2251 3522 2490 3591 innitor,
2552 3523 2912 3596 ἀκούμπισμα
2997 3523 3447 3592 adminiculum,
3506 3523 3736 3580 fulcrum.
3780 3523 3826 3572 Et

2253 3605 2718 3686 ἁκουμϐιστήριον
2749 3610 2908 3680 ξύλον
2944 3612 3004 3668 in
3037 3613 3236 3669 cedice
3282 3611 3723 3668 Graeco-Barbare
3764 3614 3824 3663 est

2253 3700 2457 3755 σκίπων
2491 3702 2550 3757 in
2579 3702 2807 3773 puriore
2835 3702 2930 3758 Gr.
2983 3719 3040 3773 p.
3093 3703 3183 3758 86.
3238 3702 3432 3758 Gloss.
3483 3719 3584 3757 ms.
3626 3705 3680 3755 D.
3713 3700 3819 3752 Cau-

2255 3791 2518 3846 cellarii:
2563 3788 2860 3862 Ἀκοῦμπω
2917 3789 3064 3863 παρὰ
3126 3789 3429 3862 Ῥωμαίοις
3475 3788 3534 3843 τὸ
3584 3784 3819 3850 ἆναπίπτω,

2254 3879 2372 3942 ὃθεν
2399 3878 2490 3932 καὶ
2522 3880 2588 3933 τὰ
2643 3871 2907 3932 ἀκούϐιτα
2964 3876 3226 3946 ἐκτάζων,
3287 3874 3685 3950 ἐξανιστάμενος.
3720 3873 3820 3929 Hinc

2251 3962 2540 4022 ἀκούϐιτον
2599 3985 2698 4039 pro
2758 3967 3029 4023 accubitu
3095 3984 3195 4023 seu
3283 3966 3634 4023 recubitorio.
3706 3963 3818 4016 Idem

2251 4056 2438 4112 Gloss.
2467 4048 2778 4121 Ἀκούϐιτα,
2824 4055 3100 4128 στρωμναὶ
3159 4052 3404 4126 μαλᾶιιαὶ
3464 4053 3534 4115 εἷς
3579 4051 3694 4124 ὕψος
3748 4049 3820 4120 ἡρ·

2253 4146 2429 4218 μὲναι.
2470 4145 2638 4201 Αὗται
2708 4141 2765 4197 δὲ
2816 4150 3025 4218 τρυφῆς
3082 4143 3171 4197 καὶ
3233 4145 3489 4217 βκαιιείας
3544 4140 3678 4196 εἰσίν.
3717 4137 3820 4194 Hinc

2249 4235 2640 4306 compositum
2693 4227 3081 4304 ἐπακομϐίζειν
3139 4233 3335 4290 inniti.
3393 4237 3592 4290 Auctor
3649 4231 3820 4287 Greco-

2251 4326 2540 4380 Barbarus
2568 4317 2952 4395 ἐπακομὸίζων
2987 4321 3216 4398 γόνατον
3245 4322 3385 4396 πρὸς
3416 4328 3511 4390 τῆς
3539 4320 3718 4395 χειρός.

2317 4409 2705 4483 ’Λλαμανικὸν.
2738 4416 2872 4484 Pag.
2911 4412 3014 4466 338
3054 4429 3108 4482 a,
3149 4410 3435 4467 tributum
3476 4409 3618 4484 quod
3655 4401 3819 4480 pende-

2245 4501 2414 4556 batur
2446 4499 2811 4555 Alemannis.

2317 4585 2638 4644 Ἀλλακτόν.
2674 4594 2809 4660 Pag.
2866 4587 2973 4642 212
3031 4587 3067 4642 d
3125 4588 3308 4644 codex
3362 4587 3444 4642 CB
3476 4580 3811 4656 (i.e.Graico-

2244 4678 2555 4748 Barbarus)
2596 4672 2685 4730 διὰ
2738 4669 3114 4748 μαγκλαείων.
3165 4676 3316 4741 Quid
3378 4676 3496 4732 sint
3555 4660 3814 4743 μαγκλὰϐια,

2242 4767 2373 4823 vide
2404 4768 2559 4822 infra
2589 4767 2646 4822 in
2680 4781 2748 4821 ea
2782 4765 3052 4821 dictione.
3088 4765 3363 4835 Basilica,
3395 4764 3496 4819 lib.
3537 4778 3614 4828 cx,
3641 4758 3714 4813 tit.
3757 4753 3816 4819 l7,

2243 4873 2371 4927 cap.
2403 4856 2473 4910 84
2498 4873 2510 4912 :
2535 4854 2597 4910 Ὀ
2629 4849 2773 4926 ἔχων
2801 4857 3024 4926 γυναῖκα
3071 4852 3162 4905 καὶ
3215 4852 3494 4927 πορνεύων
3549 4845 3628 4902 διὰ
3661 4839 3816 4898 δώδεκα

2243 4943 2531 5000 ἂλλακτῶν
2565 4941 2981 5019 σωφρονιζέσοω
3013 4943 3297 5001 duodecim
3317 4942 3535 4999 allectis
3559 4939 3815 5005 castigatur.

2240 5037 2328 5093 Sic
2362 5036 2533 5092 vertit
2562 5035 2835 5106 Cujacius
2867 5051 2879 5089 :
2916 5033 3212 5090 Duodecim
3268 5033 3468 5091 ictibus
3509 5030 3711 5102 Iastium
3749 5036 3816 5076 ca-

2239 5126 2493 5196 stigetur.

2308 5215 2546 5290 Ἃλογον
2581 5231 2787 5286 equus.
2824 5213 2959 5286 Pag.
2995 5214 3060 5268 19
3111 5215 3170 5280 d,
3218 5213 3410 5275 ’ἰπποις
3456 5199 3819 5290 dmi-nomino-

2242 5306 2524 5381 χοῦμενου
2554 5306 2730 5362 codex
2752 5305 2844 5360 GB
2865 5299 3114 5377 ἀλόγοις.
3145 5305 3216 5360 Et
3241 5321 3295 5376 p.
3321 5304 3414 5359 331
3444 5304 3476 5358 d
3530 5300 3597 5371 μὴ
3641 5289 3818 5358 πολεμι-

2241 5380 2448 5468 στηρίῳ
2465 5392 2622 5465 ’ίππῳ
2636 5391 2837 5465 ἔποχον
2854 5390 2946 5445 ὢν·
2966 5393 3145 5449 codex
3158 5393 3248 5450 GB
3269 5390 3452 5466 ἀλόγῳ
3481 5380 3813 5447 ὑποσελλιωιῷ.

2238 5483 2598 5558 Theophilus
2611 5482 3036 5539 Alexandrinus
3054 5483 3112 5538 in
3128 5483 3418 5551 concione,
3434 5474 3672 5568 cujusrei
3686 5473 3813 5568 homo

2240 5576 2454 5634 similis
2477 5575 2590 5631 sit:
2616 5571 2726 5629 Τὸν
2763 5573 2857 5646 μὲν
2882 5569 3054 5626 ’ίππον
3117 5569 3490 5644 ἀπωλέσαμεν,
3543 5563 3623 5620 διὰ
3661 5558 3705 5615 τί
3749 5558 3811 5656 καιὲ

2237 5666 2299 5720 τὸ
2355 5663 2720 5738 καθημερινὸν
2771 5662 3014 5735 νόμισμα
3067 5659 3452 5733 ἀπολέσομενς
3521 5654 3596 5734 ἐφ’
3633 5652 3809 5744 ’ὀροῖςξὁ

2241 5754 2442 5833 ἄλογον
2479 5753 2640 5827 μόνον
2667 5751 2938 5829 ἐφόνευσε,
2978 5749 3066 5806 καὶ
3110 5749 3234 5812 νοὺς
3276 5748 3578 5824 ἀνθρώπους
3620 5739 3674 5795 οὐ
3711 5733 3806 5830 βλάξ

2240 5831 2380 5904 πτει.
2413 5847 2482 5905 Et
2507 5860 2641 5918 pag.
2672 5845 2706 5898 8
2737 5843 2876 5901 edit.
2913 5841 3265 5901 Morellianae
3300 5859 3312 5899 2
3371 5839 3429 5896 Ὁ
3485 5831 3662 5892 δοῦλος
3708 5840 3801 5896 “PII
