4066 6208
182 287 338 346 1065

1425 284 1765 346 FABROTI
1809 285 2334 351 GLOSSARIUM.

3434 291 3591 351 1066

180 416 493 493 ἠγοράσθη,
527 416 767 489 καθάπερ
797 413 886 468 καὶ
918 413 981 469 τὸ
1011 412 1234 487 ἄλογον.
1269 417 1482 473 Paulus
1537 418 1598 473 in
1649 418 1688 472 l.
1748 417 1831 474 si-

1961 438 2166 492 gnum:
2217 421 2366 496 ἅρμα
2411 424 2557 498 παρὰ
2602 423 2898 496 Ῥωμαίοις
2941 424 3086 479 ὅπλα
3123 421 3159 492 ἤ
3202 421 3355 497 δόρυ,
3387 420 3593 479 ἀσπίδα

181 509 316 580 quis
352 509 414 562 17
449 507 514 562 D.
552 506 734 561 instil.
765 510 876 560 act.
907 505 956 560 si
988 506 1120 575 quis
1157 507 1461 577 mancipiis
1493 507 1578 562 vel
1615 509 1843 576 jumen-

179 599 262 654 tis
285 596 660 670 pecoribusve
711 593 976 649 emendis
1035 595 1465 666 vendendisque
1506 595 1844 667 praepositus

178 688 278 742 sit.
315 683 581 752 Basilica,
613 682 718 740 lib.
760 700 920 752 xvm,
958 682 1044 738 tit.
1078 699 1116 750 ι,
1152 699 1279 753 cap.
1317 685 1414 738 17:
1467 682 1528 738 Ὁ
1597 685 1842 756 προστή-

180 794 280 834 σας
311 773 426 827 τινὰ
457 771 778 845 πιπράσκειν
811 769 899 824 καὶ
923 769 1204 846 ἀγοράζειν
1255 767 1486 832 δούλους
1517 767 1552 839 ἤ
1643 769 1840 844 ἃλογα.

180 863 378 919 Etlib.
420 878 514 926 xx,
551 861 641 916 tit.
706 878 747 926 Ι,
798 877 924 932 cap.
986 862 1054 913 30
1107 861 1134 927 §
1183 861 1258 915 2:
1314 859 1374 915 Ὀ
1427 860 1842 932 μισθωσάμενος

179 951 417 1024 ἆλογου.
464 951 574 1007 Leo
606 950 826 1006 Tactic.
862 966 986 1021 cap.
1033 950 1152 1018 10g
1205 950 1315 1005 15:
1371 946 1521 1026 ἔχειν
1578 950 1678 1016 τήν
1735 954 1843 1003 τῶν

184 1040 406 1113 ἀλόγων
452 1039 796 1113 ἃποτροφήν.
828 1039 970 1093 Vide
1002 1038 1360 1094 Glossiarum
1394 1041 1463 1094 ad
1499 1041 1842 1095 Cedrenum.

256 1123 484 1202 ’Ἃμϐων
521 1128 713 1196 ambo,
747 1132 1083 1199 suggestus,
1132 1127 1455 1199 pulpitum,
1487 1129 1656 1200 p.293
1673 1145 1724 1186 c.
1766 1126 1842 1190 εἰς

177 1219 277 1275 τὸν
326 1217 468 1291 ἱερὸν
529 1216 870 1288 ἀνάσταθμον
917 1213 1116 1272 ἀνιώνε
1189 1217 1312 1271 cod.
1348 1216 1438 1272 GB
1487 1215 1561 1277 εἰς
1611 1215 1702 1270 τὸν
1734 1213 1840 1288 ἄμ-

183 1305 359 1364 ϐωνα.
393 1309 648 1365 Joannes
700 1306 1137 1362 Cantacuzenus
1172 1307 1269 1362 lib.
1305 1324 1342 1373 ι,
1377 1323 1502 1378 cap.
1541 1308 1599 1362 41
1639 1324 1651 1362 :
1686 1304 1832 1359 ἄνει-

185 1419 274 1452 σιν
295 1396 388 1452 ἒπὶ
418 1397 508 1450 τὸν
537 1389 766 1467 ἅμϐωνα
811 1394 838 1448 ὁ
879 1394 1229 1468 πατριάρχης
1261 1398 1370 1449 τῶν
1421 1391 1630 1448 ἀδύτων
1663 1391 1840 1465 ἐξιών.

184 1491 376 1544 Anna.
408 1487 608 1543 Comn.
631 1483 896 1540 Alexiad.
933 1501 962 1537 v
997 1501 1009 1537 :
1058 1483 1085 1536 ὁ
1121 1479 1178 1536 δὲ
1208 1480 1570 1556 αὐτοκράτωρ
1603 1482 1740 1537 αὐτᾶ
1775 1481 1842 1536 τὰ

187 1571 462 1647 κεφάλαια
517 1570 608 1624 τὸν
663 1568 870 1625 Ἰταλὸν
933 1565 1320 1641 άναθεματίσαι
1374 1565 1458 1621 ἐπ’
1498 1563 1755 1640 ἅμϐωνος
1788 1565 1840 1622 ἐν

189 1665 260 1736 τῇ
293 1659 518 1736 Μεγάλῃ
585 1656 884 1727 Ἐκκλησία
936 1655 1234 1713 ἐκέλευσεν.
1295 1657 1435 1713 νὶιέθ
1473 1657 1841 1729 TheOpbyla-

1947 504 2035 560 καὶ
2077 506 2315 582 θώρακα.
2348 508 2491 565 Vide
2521 511 2592 565 ad
2624 510 2951 566 Cedrenum
2985 515 3040 565 et
3067 508 3430 564 Glossarium
3474 509 3593 565 No-

1951 614 2189 653 inicum.

2019 683 2452 758 Ἀρχιζούπυνος
2513 703 2569 757 p.
2629 687 2693 741 61
2758 687 2817 752 d,
2869 687 2970 758 qui
3031 687 3182 758 apud
3261 685 3594 758 Cpolitanos

1947 769 2465 848 πρωτοϐεστιάριος.
2497 775 2563 829 ν.
2595 775 2722 830 Meu
2735 777 2939 832 rsium.

2019 868 2271 934 ¹¹Ασημον
2323 869 2619 937 argentum
2651 882 2703 935 p.
2740 864 2864 918 344.
2895 864 3278 934 Theophanes
3308 865 3367 920 in
3423 869 3596 921 Hera-

1947 954 2055 1010 clio
2083 972 2095 1008 :
2132 953 2228 1007 Καὶ
2259 953 2474 1026 ἄσημον
2506 953 2596 1007 καὶ
2629 951 2933 1027 ὁλοσηρικὰ
2964 953 3177 1024 ἱμάτια.
3228 956 3591 1012 Glossarium

1951 1061 2126 1099 manu
2158 1051 2486 1100 exaratum:
2524 1043 2789 1115 Ἀσήμιον
2831 1041 3085 1117 ἄργυρος.
3148 1046 3428 1100 Dixerunt
3484 1044 3592 1114 igi-

1951 1138 2038 1188 tur
2070 1132 2304 1204 ἄσημον,
2338 1132 2571 1203 ἀσήμιον
2612 1140 2668 1188 et
2716 1129 2942 1204 ἀσήμιν.
2995 1136 3208 1188 Auctor
3241 1133 3368 1189 GB:
3433 1135 3596 1187 Λιθο-

1953 1221 2354 1296 μαργαριτάρια
2407 1220 2613 1293 ἀσήμιν
2681 1219 2771 1274 καὶ
2870 1220 3159 1299 χρυσάφιν.
3238 1224 3593 1293 Plerumque

1949 1317 2140 1366 autem
2203 1328 2304 1382 pro
2359 1315 2595 1382 argento
2649 1327 2764 1366 non
2797 1309 3047 1382 signate.
3098 1311 3401 1381 Moscbop.
3461 1307 3593 1382 Περὶ

1949 1394 2100 1472 σχεδ’
2130 1399 2341 1470 ἀσημον
2364 1397 2620 1472 ἀργύριον
2651 1397 2713 1451 τὸ
2757 1398 2832 1469 μὴ
2873 1396 3305 1470 κεχαραγμένον.

2019 1489 2260 1556 ’Ἀσπρον
2320 1485 2542 1552 album,
2597 1503 2726 1556 pag.
2788 1485 2912 1538 223.
2964 1485 3314 1539 tibronicum
3347 1485 3594 1540 Alexan-

1948 1574 2216 1628 drinum:
2252 1571 2494 1646 Φορὲσας
2526 1571 2780 1648 στέφανον
2816 1572 3103 1642 Ῥωμαίων
3147 1570 3236 1624 καὶ
3293 1567 3590 1644 χλαμύδην

1947 1657 2178 1734 ἂσπρην.
2239 1661 2584 1717 Anastasius
2639 1661 3078 1717 Biblioteearius
3128 1663 3185 1715 iu
3237 1661 3386 1720 Hist.
3415 1661 3591 1730 iEccl.

189 1759 355 1809 ctum
390 1748 782 1846 Simoc..Hist’.
818 1748 1060 1846 Maurici.
1098 1747 1221 1846 lib;
1241 1764 1362 1846 \Lm,
1397 1764 1520 1846 cap.
1559 1747 1623 1801 10
1682 1748 1839 1846 (llos.-
1877 1779 1918 1843 Β
1946 1753 2186 1822 portavit
2209 1766 2467 1806 coronam
2497 1754 2550 1804 et
2578 1749 2918 1820 chlamydem
2944 1748 3365 1821 imperatoriam
3385 1750 3589 1807 albam.

189 1843 409 1898 sarium
471 1856 579 1895 ms.
614 1831 838 1911 ὀκρίϐας
871 1836 900 1889 ὅ
939 1830 1149 1907 ἄμϐων.
1183 1835 1515 1891 Grisconius
1567 1835 1840 1892 Breviarii

188 1931 494 1987 Canonum
528 1944 656 1999 cap.
694 1928 818 1996 166,
843 1927 913 1982 de
944 1925 1035 1980 his
1068 1925 1168 1996 qui
1203 1925 1451 1980 debeant
1482 1925 1538 1979 in
1571 1924 1841 1992 amboue,

187 2021 246 2076 id
281 2024 368 2076 est
399 2019 457 2074 in
488 2016 738 2090 pulpito,
772 2016 1043 2089 psallere.
1077 2015 1220 2071 Vide
1253 2016 1508 2073 Glossar.
1541 2017 1610 2071 ad
1641 2015 1844 2071 Cedre-

191 2126 354 2166 num.

259 2198 512 2270 Ἀμηρᾶς
572 2199 831 2254 Ameras.
891 2200 1029 2267 Pag.
1087 2194 1280 2288 2l‘a"
1303 2203 1500 2250 auctor
1557 2193 1650 2249 ΟΒ
1707 2191 1845 2246 ὀποῦ

187 2283 356 2364 ἔχουν
392 2284 468 2347 εἷς
499 2285 600 2354 τήν
621 2283 799 2338 πίστιν
830 2288 962 2354 τῶν,
1012 2282 1098 2338 καὶ
1133 2281 1208 2346 εἷς
1261 2281 1363 2337 ’τὸν
1402 2283 1642 2358 ἀμηρᾶν.
1707 2283 1846 2338 Vide

188 2382 261 2436 ad
297 2381 464 2436 Cedr.

262 2469 513 2540 Ἀμπαρ.
567 2483 622 2537 p.
681 2465 744 2520 21
807 2481 842 2519 a
887 2463 1099 2520 ambar.
1159 2463 1352 2520 Genus
1410 2463 1710 2520 aromatis.
1773 2461 1842 2518 V.

190 2557 539 2614 Meursium.

263 2643 530 2717 Ἀνακαρά
575 2661 628 2716 p.
678 2643 784 2696 243
842 2659 896 2710 a,
958 2641 1092 2712 μετὰ
1163 2640 1406 2715 βυκάνων
1461 2640 1550 2695 καὶ
1608 2637 1844 2714 σαλπίγ-

187 2756 310 2811 γων
335 2751 465 2790 cum
490 2731 754 2788 buccinis
787 2734 843 2786 et
871 2731 1027 2786 tubis
1057 2747 1070 2787 :
1104 2733 1284 2788 codex
1333 2731 1422 2787 GB
1470 2726 1844 2803 ἀνακαράδων,

187 2828 412 2880 Auctor
459 2822 552 2878 GB
605 2819 814 2888 παίζειν
879 2816 1217 2893 τρουμπέτες
1277 2815 1475 2892 ὄργανα
1545 2816 1850 2890 τουμπάκι’

186 2907 548 2985 ἀνακαράδες.

264 2995 622 3058 ’Δντίναυλον
655 2997 850 3071 p.312
880 3014 953 3067 c.,
1001 3012 1212 3054 census
1262 2995 1458 3053 nautis
1518 2995 1845 3068 impositus.

184 3090 332 3150 Vide
365 3088 708 3145 Meursium.

260 3175 644 3234 Ἀπελατίκιον
696 3176 878 3232 clava.
935 3174 1206 3246 Pag.102
1240 3191 1292 3231 c.
1353 3171 1413 3228 ἐκ
1465 3171 1692 3247 σιδήρου
1742 3192 1837 3228 κο-

175 3267 367 3343 ρύνας·
395 3268 570 3323 codex
602 3265 694 3322 GB
722 3261 1066 3318 ἂπελατῖκια.
1099 3264 1166 3318 ν.
1194 3263 1410 3320 Meurs.

253 3357 600 3414 Ἃτιεντεῦθεν
630 3355 929 3411 confestim
977 3369 1108 3426 pag.
1173 3355 1274 3408 115
1303 3354 1359 3409 b.
1413 3359 1580 3409 Anna
1631 3353 1834 3410 Comn.

172 3449 342 3504 Alex.
370 3464 441 3502 v:
477 3441 676 3500 Καὶτᾶ
734 3443 827 3515 μὲν
887 3437 1130 3518 δόγματα
1183 3440 1494 3495 ἀπεειτεῦθεν
1562 3439 1832 3514 άναΘεμαυ

175 3536 411 3605 τίζεται.
455 3541 613 3606 Saepe
645 3534 898 3589 occurrit
929 3534 986 3588 in
1022 3533 1304 3600 Basilicis,
1337 3536 1401 3586 ut
1432 3547 1563 3586 cum
1600 3531 1833 3587 liberta-

179 3635 306 3683 tem
346 3626 562 3681 directo
593 3624 784 3678 datam
837 3621 1015 3677 Grazci
1076 3621 1326 3676 reddunt
1383 3618 1697 3673 ἀπεντεῦθεν
1733 3615 1834 3674 δο-

182 3717 393 3780 Θεῖσαν,
425 3713 559 3784 quia
591 3713 788 3766 statim
822 3711 1098 3781 competit
1130 3714 1185 3764 et
1215 3709 1343 3764 sine
1383 3709 1630 3765 haeredis
1661 3709 1832 3764 facto.

261 3800 579 3875 Ἀπόκρεως
604 3799 1075 3870 carnisprivium,
1099 3813 1228 3869 pag.
1260 3797 1365 3851 329
1391 3815 1444 3853 a.
1477 3801 1642 3853 Anna
1663 3799 1836 3856 Com-

183 3909 348 3948 nem.
381 3890 637 3946 Alexiad.
673 3887 773 3944 lib.
804 3905 902 3944 νιιι
943 3907 956 3942 :
991 3885 1138 3942 Κατὰ
1183 3885 1283 3954 τὴν
1343 3886 1686 3960 παρασκευὴν
1735 3887 1836 3959 τῇς

184 3979 531 4053 Ἀπὸκρεως.
567 3977 694 4034 Dixi
716 3979 786 4033 ad
816 3979 1161 4032 Cedrenum.

263 4064 709 4141 Ἀποκρισιάριος
765 4066 994 4138 legatus
1046 4083 1176 4138 pag.
1236 4067 1298 4121 41
1355 4080 1406 4122 c.
1453 4065 1604 4121 idem
1636 4083 1690 4136 p.
1723 4065 1838 4121 41:

185 4162 315 4221 Τοῖς
350 4177 426 4226 ,τε
479 4155 582 4231 γὰρ
637 4148 913 4228 πρέσϐεσι·
977 4155 1157 4211 codex
1212 4155 1303 4211 GB
1381 4151 1839 4228 ἆποκρισιαρίοις.

183 4255 445 4308 Joannes
492 4247 768 4305 Moschus
824 4247 1141 4304 Limonarii
1174 4264 1302 4320 cap.
1333 4247 1402 4301 88
1435 4264 1448 4302 :
1482 4245 1568 4300 ὅτι
1616 4243 1845 4319 ἀποκρι-

185 4337 404 4414 σιάριος
447 4337 514 4406 ἦν
545 4330 824 4391 κοινοϐίου
863 4339 972 4390 τῶν
1031 4339 1210 4408 μερῶν
1266 4334 1564 4407 Ἀπαμίας.
1614 4333 1843 4391 Manuel

185 4428 498 4499 Moschop.
541 4425 666 4498 περί
697 4421 856 4499 σχεδ.
889 4418 1128 4498 πρέσϐυς
1156 4424 1183 4478 ὁ
1241 4421 1678 4498 άποκρισιάριος.
1737 4424 1841 4478 Pa-

185 4513 813 4592 piaszapocrisiarius
867 4515 1112 4587 legatus.
1172 4513 1312 4569 Vide
1368 4515 1439 4569 ad
1498 4512 1844 4569 Cedrenum.

264 4602 530 4681 ”Αρκλαι,
564 4605 714 4678 p.88
745 4605 828 4676 b.,
883 4603 1169 4660 machinae
1229 4607 1391 4658 extra
1444 4618 1641 4657 muros
1689 4601 1848 4657 urbis

194 4695 620 4770 prominentes.
672 4692 736 4748 V.
771 4693 983 4749 Meurs.
1013 4691 1258 4748 Basilica
1288 4694 1475 4746 autem
1509 4706 1701 4746 arcam
1753 4688 1848 4765 ἅρ-

185 4785 331 4843 κλαν
362 4788 619 4852 vertunt,
653 4783 756 4839 lib.
789 4799 914 4848 vm,
949 4781 1039 4838 tit.
1061 4782 1117 4849 2,
1151 4797 1276 4853 cap.
1315 4780 1438 4848 101,
1485 4786 1542 4836 et
1605 4780 1853 4852 Cyrillus

193 4879 264 4933 ad
302 4875 340 4930 l.
383 4875 448 4929 19
478 4875 506 4942 §
539 4874 562 4928 1
601 4877 664 4929 Ι).
699 4872 806 4928 loc.
844 4870 1018 4926 Basil.
1068 4871 1156 4928 tit.
1192 4875 1210 4925 1
1251 4887 1299 4925 c.
1338 4868 1422 4923 19.
1480 4868 1590 4925 Leo
1648 4869 1846 4925 Gram-

195 4965 450 5021 maticus
483 4979 496 5016 :
550 4960 654 5017 Καὶ
719 4961 815 5020 τὰς
874 4956 1177 5032 λεγομένας
1216 4954 1418 5033 ἅρκλας
1461 4955 1512 5010 ἐν
1545 4959 1674 5010 πᾶσι
1705 4976 1853 5011 κατε-

197 5051 456 5106 σκεύασεν
487 5053 603 5110 τοῖς
636 5043 924 5122 ἐμϐόλοις,
965 5046 1221 5123 ἀργύριόν
1261 5067 1318 5101 τε
1346 5045 1481 5101 κατᾶ
1541 5052 1683 5120 μῖνα
1738 5050 1852 5108 τοῖς

193 5142 425 5195 ἐνταῦοα
454 5137 864 5210 κατακειμένοις
895 5137 1088 5207 πένησι
1113 5133 1379 5193 δίδοσσαι.

272 5229 531 5302 ’Δρματα
553 5245 736 5295 arma,
767 5243 898 5300 pag.
931 5228 1020 5294 42,
1053 5227 1177 5293 122,
1207 5227 1332 5282 246.
1368 5231 1474 5282 Leo
1505 5226 1854 5282 Grammati-

188 5335 304 5378 cus
336 5334 351 5374 :
384 5316 580 5379 πάντες
616 5315 752 5392 ίγᾶρ
793 5315 859 5370 τὰ
916 5313 1133 5388 ἅρματα
1171 5315 1262 5369 καὶ
1303 5314 1366 5369 τὰ
1420 5312 1654 5385 λωρίκια
1712 5310 1856 5389 ἔρρι-

188 5411 302 5482 ψαν
333 5406 411 5467 εἲς
439 5408 544 5475 τήν
577 5402 726 5463 ὁδόν.
758 5409 978 5461 Auctor
999 5407 1085 5459 (ΞΒ
1121 5421 1133 5460 :
1166 5404 1256 5458 καὶ
1289 5404 1316 5456 ὃ
1349 5401 1586 5478 Χριστὸς
1619 5401 1858 5456 ὁπούπα-

190 5496 284 5550 θεν
317 5492 388 5549 δι’
419 5494 569 5567 ἡμὰς
598 5493 726 5555 τοὺς
776 5493 1094 5568 ἀνθρώπους
1143 5492 1233 5546 καὶ
1288 5492 1383 5546 τὸν
1453 5491 1681 5566 σταυρὸν
1753 5496 1856 5565 μᾶς

184 5581 393 5640 ἔδωκεν
423 5583 598 5638 ὅπλον
648 5583 738 5638 λαὶ
800 5582 964 5659 μέγαν
1006 5578 1155 5655 ἂρμα
1215 5579 1291 5642 εἰς
1351 5582 1413 5634 τὸ
1478 5581 1540 5633 τὰ
1593 5583 1854 5654 νικοῦμεν

186 5673 325 5734 τοὺς
380 5673 613 5748 ἐχθροὺς
670 5670 902 5746 ὁρατοὺς
957 5670 1246 5746 ἀοράτους.
1299 5669 1659 5724 Glossarium
1747 5687 1856 5726 ms.

187 5757 346 5819 ἔντεα
410 5761 480 5816 τὰ
533 5758 682 5816 ὅπλα
731 5759 766 5830 ἢ
818 5759 886 5814 τὰ
944 5757 1180 5833 ἅρματα.
1245 5756 1703 5832 Etymologicum
1751 5761 1862 5818 Ma-

484 5883 749 5944 ΡΑτιιυῐ..
800 5882 907 5942 Gn.
957 5879 1283 5942 CXXXIX.

1949 1843 2329 1914 Theophanes
2375 1841 2596 1897 dixerat
2654 1837 2918 1917 χλαμύδα
2985 1836 3280 1913 βασιλικήν
3353 1837 3590 1912 ἅσπρην.

1947 1932 2244 1988 Scholium
2269 1932 2338 1987 ad
2364 1948 2524 1987 oram
2540 1930 2742 1986 Timmi
2771 1930 2929 1986 Locri
2957 1929 3078 2004 περὶ
3097 1927 3483 2004 ψυχᾶςκόσμῳ
3500 1931 3594 1984 καὶ

1949 2020 2160 2097 φύσιος,
2194 2021 2249 2076 in
2275 2025 2433 2091 regio
2465 2035 2573 2073 ms.
2602 2036 2616 2074 :
2641 2018 2865 2092 Σταγών
2891 2014 3030 2070 ἐστιν
3061 2017 3088 2070 ὁ
3120 2015 3413 2089 λεγόμενος
3455 2016 3596 2090 opel-

1952 2109 2168 2188 χάλκος
2198 2105 2324 2188 ἤτοι
2354 2107 2417 2162 τὸ
2449 2108 2650 2181 ἄσπρον
2678 2103 2977 2181 χάλκωμα.
3007 2111 3220 2162 Auctor
3258 2106 3350 2161 GB
3391 2105 3594 2178 ἄσπρον

1951 2186 2091 2255 ὧσᾶν
2123 2198 2186 2252 τὸ
2215 2186 2380 2271 γάλα*
2416 2197 2559 2252 Hinc
2590 2194 2869 2268 άσπρίζειν
2901 2196 2961 2251 in
3002 2195 3198 2251 codice
3242 2195 3450 2250 Nicetis
3480 2194 3590 2262 (ΞΒ,

1952 2291 2106 2362 quod
2140 2292 2228 2344 est
2258 2284 2652 2341 Λευκαίνεσθαι.
2687 2287 2788 2340 Est
2818 2289 2874 2339 et
2906 2285 3134 2339 nummi
3173 2299 3380 2356 genus.
3422 2283 3593 2340 Nice-

1953 2387 2043 2434 tas
2093 2395 2149 2450 p.
2200 2377 2304 2432 265
2353 2392 2403 2442 c,
2463 2371 2771 2435 διακοσίους
2809 2378 2919 2429 etc.
2955 2389 2968 2429 :
3003 2372 3182 2428 codex
3249 2372 3340 2427 GB
3391 2371 3590 2443 ἄσπρα.

1953 2465 2441 2538 Astrampsychus
2489 2463 2548 2518 in
2598 2465 2958 2537 Πυθαγορικῷ
3002 2458 3361 2535 λαξευτηρέῳο
3421 2457 3592 2528 Δῆλοι

1952 2553 2126 2610 δὲκαὶ
2156 2553 2281 2627 περὶ
2341 2553 2557 2628 άσπρῶν
2615 2552 2752 2606 εἶναι
2790 2554 2956 2605 ταῦτα
3007 2547 3058 2604 ἐν
3113 2544 3336 2622 κιϐωτῷ
3392 2549 3426 2617 ἢ
3491 2550 3590 2620 βα-

1953 2643 2154 2715 λαντίῳ
2184 2641 2220 2710 ἢ
2262 2640 2467 2712 σάκκῳ,
2501 2641 2798 2696 Rationale
2829 2639 3052 2712 imperii
3081 2640 3190 2695 sub
3237 2639 3592 2711 imperatore

1951 2734 2146 2790 Alexio
2204 2732 2546 2788 Comneno:
2605 2728 2683 2785 Τὸ
2747 2729 2841 2801 μὲν
2900 2727 3160 2803 χάραγμα
3210 2723 3456 2799 νόμισμα
3501 2722 3592 2780 διὰ

1951 2821 2200 2898 τραχέων
2261 2817 2480 2894 ἄσπρων
2533 2817 2886 2890 νομισμάτων
2939 2815 3302 2873 ἀπαιτεῖσθαι.
3345 2814 3592 2889 Cyrillus

1955 2910 2288 2985 patriarcha
2308 2910 2415 2968 ΟΡ.
2463 2913 2663 2965 contra
2700 2909 2837 2964 Jud.
2868 2902 3092 2980 ίέστειλε
3147 2905 3448 2984 γράμματα
3505 2902 3596 2959 καὶ

1955 2998 2222 3075 ὁρισμοὺς
2261 2997 2350 3052 καὶ
2385 2998 2532 3068 μαζῆ
2560 2995 2649 3050 καὶ
2689 2993 2886 3070 ἃσπρα.

2029 3087 2315 3157 Αὐθέντης,
2359 3085 2656 3156 αὐθεντεία,
2695 3083 2989 3155 αὐθεντεῖν,
3040 3081 3344 3155 δυναστεία,
3401 3082 3596 3140 Domi-

1958 3196 2086 3248 nus,
2119 3177 2464 3243 dominatio,
2498 3176 2807 3231 dominari.
2842 3176 2899 3232 P.
2935 3177 3038 3230 110
3067 3177 3098 3229 d
3148 3174 3248 3242 τήν
3296 3171 3592 3238 Παιονικὴν

1941 3267 2408 3342 παραληψόμενον
2473 3261 2804 3319 δυναστείαν·
2866 3265 2994 3322 eod.
3089 3266 3178 3320 ΕΒ
3253 3261 3581 3317 αὐθεντείαν.

1941 3362 2002 3414 S.
2037 3358 2322 3413 Maximus
2340 3355 2584 3426 epistola
2615 3355 2687 3409 ad
2717 3355 3084 3428 Zygomalam
3119 3374 3132 3409 :
3167 3353 3229 3407 τὸ
3260 3349 3434 3424 ὄνομα
3485 3357 3586 3419 τῆς

1939 3447 2245 3507 αὐθεντείας
2278 3465 2394 3500 σου.
2463 3446 2686 3501 Auctor
2727 3460 3055 3517 anonymus
3096 3445 3152 3498 in
3186 3443 3330 3499 libro
3363 3443 3462 3515 qui
3491 3442 3578 3496 in-

1940 3539 2217 3596 scribitur
2270 3529 2522 3608 διήγησις
2579 3531 2843 3606 ἐξαίρετος
2902 3529 3241 3606 Βελθᾶνδρου
3287 3535 3382 3585 τοῦ
3434 3536 3576 3585 Ῥω-

1943 3625 2126 3700 μαίουο
2175 3625 2503 3697 τυραννικῶς
2544 3621 2851 3675 αὐθέντευεν
2887 3620 2960 3681 ὡς
3020 3619 3243 3694 φυσικὸς
3296 3619 3574 3687 αὐθέντης.

1939 3719 2195 3774 Joannes
2225 3715 2529 3767 Cantacuz.
2577 3727 2632 3783 p.
2681 3712 2834 3766 756:
2884 3709 3153 3778 Αὐθέντης
3199 3711 3306 3761 τῶν
3375 3705 3581 3769 θαλασ-

1943 3810 2072 3859 σῶν.
2107 3814 2273 3862 Anna
2301 3801 2596 3856 Comnena
2627 3799 2890 3856 Alexiad.
2932 3815 3031 3854 νινι
3064 3815 3079 3854 :
3138 3795 3314 3852 Κακὸν
3355 3799 3583 3867 πρᾶγμα

1941 3893 2079 3966 πρὸς
2109 3891 2200 3944 τὸν
2228 3885 2368 3942 ἴδιον
2400 3885 2788 3962 ἐπανέρχεσθαι
2843 3886 3130 3955 αὐθέντην.
3180 3885 3542 3957 Phrynichus
3568 3899 3581 3937 :

1944 3980 2219 4046 Αὐθέντης
2253 3973 2528 4049 μηδέποτε
2559 3976 2744 4048 χρήσῃ
2778 3975 2852 4036 ὡς
2885 3973 2971 4028 ἐπὶ
3018 3976 3114 4027 τοῦ
3163 3969 3452 4037 δεσπότου,
3513 3969 3587 4030 ὡς

1946 4070 1998 4124 οἱ
2028 4067 2151 4142 περὶ
2181 4066 2247 4120 τὰ
2275 4061 2600 4138 δικαστήρια
2628 4062 2869 4139 ῥήτορες.
2925 4063 3069 4119 Vide
3133 4061 3207 4117 ad
3263 4061 3586 4115 Cedrenum

1945 4159 2005 4214 in
2037 4155 2320 4224 αὐθέντης.

2747 4291 2790 4343 Β

2023 4429 2315 4501 Βαίουλος,
2345 4425 2686 4502 παιδοκόμος
2727 4447 2784 4503 p.
2817 4430 2921 4485 306
2951 4429 3008 4502 d,
3058 4427 3311 4500 bajulul.
3343 4427 3486 4484 Vide
3515 4427 3588 4484 ad

1954 4524 2300 4582 Cedrenum.

2024 4611 2212 4669 Βάλκα
2236 4609 2428 4686 βάρκα.
2461 4611 2521 4668 Ρ.
2567 4609 2674 4665 346
2715 4610 2773 4679 b,
2818 4607 2881 4663 τὸ
2934 4603 2992 4662 δὲ
3046 4605 3248 4678 ταύτης
3313 4604 3590 4684 ὶφόλκιον⁶

1955 4703 2136 4761 codex
2165 4702 2253 4757 GB
2288 4699 2486 4774 βάΛκα.
2519 4698 2942 4754 Constantinus
2976 4695 3446 4769 Harmenopulus
3467 4697 3598 4751 Bre-

1955 4792 2119 4848 viarii
2144 4790 2245 4846 lib.
2299 4806 2362 4856 ιι,
2405 4789 2494 4844 tit.
2533 4788 2618 4854 11,
2670 4789 2698 4856 ς
2742 4789 2824 4845 9:
2876 4785 2991 4855 Τήν
3026 4789 3225 4846 κοινῶς
3297 4784 3600 4861 λεγομένην

1959 4878 2190 4954 βάλκαν.
2223 4879 2326 4935 Vir
2345 4879 2554 4934 doctus
2585 4876 2898 4948 legendum
2951 4877 3191 4949 putabat
3225 4873 3426 4948 βάρκαν
3459 4890 3472 4928 :
3505 4876 3605 4927 Re-

1959 4969 2032 5041 gii
2066 4975 2260 5024 tamen
2294 4967 2523 5025 codices
2554 4965 2698 5021 nihil
2737 4971 2985 5021 mutant.
3017 4967 3235 5020 Auctor
3262 4963 3348 5022 Gb
3376 4977 3389 5016 :
3421 4960 3481 5015 Ὁ
3509 4956 3601 5011 κό-

1964 5079 2070 5134 μης
2141 5059 2343 5133 βάρκαι
2412 5051 2626 5131 ἔρριψεν
2673 5056 2870 5130 τρανὴν
2935 5054 3070 5108 κατὰ
3138 5050 3435 5120 θαλάσσης.
3506 5049 3603 5104 Est

1962 5156 2154 5205 autem
2191 5145 2369 5221 βάλκα
2406 5163 2506 5202 seu
2566 5143 2737 5218 βάρκα
2778 5145 2970 5212 birca,
3003 5143 3242 5214 scapha.
3295 5142 3493 5196 Exstat
3540 5139 3597 5192 in

1963 5237 2182 5295 Glossis
2215 5251 2245 5290 e
2276 5234 2568 5292 Glossario
2595 5233 2836 5288 Arabico
2869 5232 2992 5287 Lat.
3017 5229 3293 5286 collectis.
3329 5227 3600 5283 Paulinus

1963 5326 2222 5384 carmine
2253 5325 2321 5380 ad
2353 5323 2692 5395 Cytherium
2729 5337 2743 5376 :

2227 5466 2292 5523 Ut
2330 5480 2465 5520 max
2492 5463 2715 5519 salubri
2743 5463 2903 5518 barca
2933 5462 3184 5532 perfugio
3221 5465 3362 5532 [oret

2413 5535 2598 5606 Puppi
2625 5544 2894 5606 superstes
2923 5533 3158 5590 obrutae.

2038 5677 2345 5752 Βάραγγος.
2381 5677 2439 5732 Ρ.
2473 5677 2581 5732 362
2611 5691 2665 5745 a,
2704 5675 2779 5747 μὴ
2821 5668 2967 5748 ἔχων
3020 5671 3382 5742 ὑπασπιστήν,
3437 5671 3616 5728 codex

1966 5769 2058 5824 ΟΒ
2094 5766 2387 5841 βάραγγον.
2429 5766 2488 5821 Ει
2519 5782 2574 5837 p.
2627 5765 2732 5820 362
2792 5781 2824 5821 a
2855 5763 2883 5818 ὁ
2925 5758 2981 5817 δὲ
3027 5760 3154 5824 τοὺς
3211 5760 3617 5839 πελεκοφόρους

3259 5883 3339 5947 34
