4032 6216
206 295 362 356 1069

202 516 361 580 λάκις
393 517 663 574 πιστεύειν
703 521 773 592 τῇ
825 516 1108 592 δεσποίνῃ.

272 604 620 686 Δηφενδεύειν
679 609 988 666 defendere
1021 624 1153 680 pag.
1188 607 1314 663 378.
1366 607 1691 663 Concilium
1727 606 1856 662 Flo-

195 699 493 753 rentinum
553 715 698 754 sese.
757 698 829 752 25
877 715 934 770 p.
965 698 1073 752 565
1130 696 1271 752 edit.
1305 696 1443 767 Reg.
1486 695 1856 752 Andronicus

188 787 397 844 Iunior
427 789 484 842 in
514 788 836 860 diplomate
862 804 965 858 pro
998 785 1424 842 Monembasiot
1453 787 1604 858 apud
1629 785 1826 840 Phran

192 891 318 930 zem
353 892 366 930 :
399 876 561 930 ’ὉΟεν
597 874 861 952 ὀνρείλωσι
911 870 1189 948 διατηρεῖν
1223 871 1418 933 αὐτοὺς
1476 871 1551 934 εἷς
1610 873 1709 942 τὴν
1741 891 1855 924 τοι-

194 963 363 1035 αύτην
411 963 772 1039 άνειόχλησιν
813 963 901 1019 καὶ
942 960 1298 1042 δεφενδευσιν.
1360 961 1644 1018 Sultanus
1685 964 1856 1033 {Egy-

196 1055 282 1128 pti
318 1055 377 1110 in
418 1055 589 1127 epist.
623 1055 694 1110 ad
725 1057 890 1112 Joan.
924 1055 1393 1111 Cantacuzenum
1427 1053 1569 1124 imp.
1599 1053 1856 1108 historias

194 1144 464 1214 ejusdem
520 1143 682 1202 Cant.
740 1143 845 1199 lib.
876 1159 955 1215 iv,
988 1143 1178 1199 0.14:
1237 1141 1322 1196 Νὰ
1379 1135 1581 1215 ἔχωσιν
1636 1138 1853 1214 ἀγάπην

199 1230 289 1286 καὶ
323 1227 678 1308 δεφένδευσιν.

271 1322 721 1398 Δισκοποτήριον.
764 1322 1056 1394 Cedrenus
1114 1338 1171 1396 p.
1229 1321 1336 1376 557
1383 1337 1415 1375 a
1472 1319 1857 1388 εΔιιηιοποτή-

197 1431 316 1486 ριον
375 1412 481 1487 γὰρ
545 1411 882 1486 προσήνεγκε
933 1412 1003 1482 τῇ
1070 1407 1294 1485 Μεγάλῃ
1334 1405 1654 1478 Ἐκκλησία.
1713 1408 1856 1463 Vide

193 1501 376 1559 Notas
407 1501 705 1564 eruditiss.
743 1499 926 1573 patris
946 1500 1154 1556 Jocobi
1183 1500 1354 1556 Goar.

267 1587 617 1663 Δομέστικος.
678 1587 858 1666 Μέγας
938 1585 1262 1661 δομέστικος
1334 1603 1585 1659 magnus
1645 1586 1854 1641 dome-

188 1679 398 1748 sticus,
458 1680 686 1751 primus
748 1679 900 1740 inter
957 1694 1160 1733 omnes
1215 1675 1593 1732 domesticos.
1685 1676 1854 1748 Anna

1448 293 1783 358 FABltOTI
1829 293 2347 358 GLOSSAlllUM.

198 434 326 488 stes
359 449 417 502 p.
453 430 521 484 40
554 427 855 504 βασίλειαν,
891 426 1193 486 δέσποιναν.
1225 428 1557 485 Cedreuus:
1593 427 1680 496 Μὴ
1713 423 1849 480 πολ-

1970 427 2218 483 Flandro
2283 445 2297 484 :

3457 301 3614 361 1070

2360 423 2714 502 Παλίμϐολον
2776 431 2906 505 ὑπὲρ
2987 429 3247 507 ὄστρακον
3300 430 3392 487 καὶ
3444 426 3613 487 κύϐον

1965 517 2380 574 mutabiliorem
2434 523 2638 576 tessera
2673 539 2685 576 :
2720 523 2898 578 codex
2939 523 3047 578 GB.
3094 521 3227 595 ὑπὲρ
3258 522 3464 595 ζάριον.
3497 523 3617 577 Au-

1963 612 2088 662 ctor
2116 599 2208 662 GB
2238 607 2296 663 in
2324 608 2601 664 historica
2632 613 2964 668 narratione
2997 612 3065 667 de
3097 612 3406 667 Belisario:
3441 607 3615 678 Κοιλή

1961 694 2029 748 τά
2087 692 2241 768 ζάρια
2307 695 2335 749 6
2395 698 2651 771 ζαριστής
2709 698 2799 752 καὶ
2871 693 3068 760 τάϐλες
3129 700 3312 768 παίζει
3383 696 3614 771 ὁμάδην.

1963 787 2175 840 Auctor
2232 784 2381 842 alius
2433 790 2522 841 (ΞΒ
2565 804 2578 848 :
2639 787 2743 844 Καὶ
2796 787 2862 842 τὰ
2916 787 3111 843 ταυλία
3153 789 3243 842 καὶ
3300 789 3365 843 τὰ
3415 789 3615 863 χαρτία

1961 873 2052 926 καὶ
2113 873 2267 945 ζάρια
2314 873 2376 928 vi
2426 874 2492 928 τὰ
2541 876 2794 932 καύσουν.
2857 877 3000 933 Hinc
3056 879 3316 952 ζαριστῆς
3375 879 3611 934 aleator.

1967 963 2120 1018 l-lem
2153 979 2167 1018 :
2200 962 2261 1018 Ὀ
2303 965 2558 1038 ζαριστής
2589 967 2896 1038 καθήμενος
2927 963 3015 1020 διὰ
3063 964 3254 1040 κέρδος
3316 965 3434 1041 ἔχει
3487 964 3616 1040 0&6-

1964 1051 2078 1124 ῥος.
2115 1052 2181 1108 Et
2210 1055 2660 1128 πρωτοζαριστῆς
2693 1056 2934 1113 ibidem.
2982 1058 3275 1113 Truncate
3307 1062 3499 1113 autem
3531 1055 3616 1124 ζά-

1964 1161 2056 1216 ρια
2108 1143 2378 1200 dicebant
2436 1162 2538 1216 pro
2599 1143 2815 1219 ἀζάρια.
2879 1147 3214 1219 Stephanus
3271 1147 3611 1203 Sachlices:

1963 1229 2220 1307 Δεύτερον
2277 1227 2677 1305 συμϐουλεύσω
2731 1255 2789 1288 σε
2847 1234 2914 1290 τὰ
2968 1233 3165 1310 ἀζάρια
3219 1236 3284 1290 νὸι
3342 1236 3611 1307 μισήσεις.

1964 1320 2226 1378 Malaxus
2275 1323 2332 1378 in
2393 1323 2639 1380 historia
2695 1325 3210 1402 patriarcharum:
3263 1325 3521 1393 Ἐπαιζαν
3548 1321 3614 1377 τὰ

1961 1409 2173 1483 άζάρια.

2032 1499 2285 1570 Ζαπέτια,
2321 1518 2376 1574 p.
2413 1503 2532 1560 182.
2565 1503 2711 1558 Vide
2743 1503 3064 1559 Meursium
3101 1504 3160 1558 in
3195 1502 3470 1578 τζεφέτον.

2032 1588 2304 1650 Ζούπανος
2346 1592 2654 1662 praefectus
2689 1592 2946 1648 vestiarii
2990 1592 3292 1664 principis.
3323 1591 3390 1646 V.
3424 1590 3611 1648 Gloss.

1963 1677 2177 1736 Meurs.
2213 1683 2269 1734 et
2321 1680 2392 1735 ad
2425 1680 2898 1737 Constantinum.
2933 1681 3014 1737 De
3072 1681 3411 1738 administr.
3469 1681 3613 1752 imp.

190 1771 513 1826 Commena
540 1769 802 1824 Alexiad.
828 1784 870 1826 II
907 1783 919 1822 :
952 1765 1052 1820 Τὸν
1092 1765 1151 1820 τὲ
1216 1785 1349 1819 ποτε
1397 1763 1558 1837 μὲγαν
1606 1759 1849 1836 δομέστι-

1970 1783 2018 1822 c.
2050 1752 2142 1823 29.

189 1878 287 1912 κον
331 1861 422 1912 νῦν
486 1855 716 1932 βασιλέα
770 1861 888 1920 τοῖς
947 1852 1252 1932 βασιλείοις
1290 1853 1613 1924 πελάζοντα.
1665 1853 1852 1910 'l‘heo-
1887 1852 1934 1882 ’⁷

199 1949 382 2003 dorus
438 1947 820 2019 Hermopolit.
875 1945 977 2003 lib.
1042 1963 1139 2016 νιι,
1195 1945 1287 2000 tit.
1344 1945 1430 2001 11.
1490 1943 1853 2015 Nicephorus

195 2036 482 2108 Gregoras
514 2036 615 2093 lib.
653 2053 733 2108 ιιι,
755 2037 1008 2092 Joannes
1039 2035 1435 2107 Curopalates,
1470 2051 1525 2106 p.
1548 2034 1652 2088 863
1685 2032 1740 2087 b.

267 2123 494 2193 Δούκας,
527 2121 807 2192 δούκαινα,
850 2119 972 2192 δούξ
1033 2125 1148 2179 dux
1205 2141 1264 2196 p.
1321 2124 1393 2178 52
1423 2140 1472 2178 c.
1525 2120 1850 2178 Concilium

193 2215 643 2271 Florentinum:
697 2213 1021 2287 Μαρκὲσιοι,
1080 2211 1263 2266 κόντοι
1321 2211 1410 2266 καὶ
1470 2207 1746 2272 δουκάδες.
1783 2209 1846 2266 Β.

195 2305 648 2377 Chrysostomus
679 2303 927 2376 epistola
960 2304 1026 2358 12
1057 2320 1071 2358 :
1105 2299 1204 2356 Καὶ
1233 2301 1337 2377 γὰρ
1374 2300 1467 2356 τὸν
1521 2298 1707 2376 κύριόν
1744 2319 1850 2371 μου

184 2393 282 2448 τὸν
311 2389 477 2448 δοῦκα
515 2392 608 2447 τὸν
658 2385 906 2466 γαμϐρὸν
968 2389 1135 2446 αὐτοῦ
1189 2386 1395 2469 σφόδρα
1450 2387 1846 2464 παρεσκεύασαν

184 2481 312 2556 περί
343 2483 490 2554 ἡμᾶς
523 2477 845 2536 διακεῖσθαι.
885 2483 1054 2536 Anna
1083 2482 1382 2536 Comnena
1409 2480 1670 2535 Alexiad.
1707 2494 1844 2534 vui:

183 2571 352 2643 Λύτῷ
382 2573 462 2642 τῷ
502 2567 655 2625 δουκί
716 2569 813 2625 τοῦ
870 2569 1191 2641 Ῥωμαϊκοῦ
1251 2567 1451 2622 στόλου
1510 2564 1846 2641 περιέπεσεν.

184 2662 336 2718 Hinc
367 2657 593 2729 δουκική
631 2658 780 2734 ἀρχὴ
851 2678 908 2732 p.
962 2661 1054 2714 67.
1087 2658 1464 2730 Curopalates
1495 2675 1552 2730 p.
1613 2657 1717 2711 857
1749 2653 1852 2709 διὲ-

183 2771 308 2804 πων
340 2746 598 2818 δουκικήν
630 2748 833 2822 ἀρχήν.
885 2748 1070 2804 Nicet.
1126 2765 1184 2820 p.
1246 2748 1351 2802 293
1407 2746 1442 2802 b
1499 2747 1534 2815 ἡ
1594 2740 1850 2800 δούκαινα

186 2838 548 2914 Εὐφροσύνη.
581 2838 726 2896 Vide
755 2837 1118 2895 Glossarium
1149 2837 1222 2892 ad
1280 2836 1446 2892 Cedr.
1507 2835 1567 2890 in
1613 2851 1668 2890 ν.
1703 2829 1848 2904 δούξ,

183 2934 252 2988 et
282 2929 471 2987 Gloss.
506 2928 812 2985 Nomicum
843 2928 902 2984 in
952 2927 1155 2984 eadem
1187 2925 1460 2982 dictione.

267 3017 724 3094 Δραγουμανίζειν
755 3016 1129 3094 interpretem
1167 3031 1357 3088 agere.
1407 3017 1475 3072 V.
1529 3013 1744 3079 Meurs.
1780 3013 1854 3070 ad

184 3108 495 3166 Constant.
531 3113 611 3164 De
632 3094 938 3164 administ.
970 3104 1116 3178 imp.
1145 3121 1196 3161 ο.
1229 3104 1318 3160 43.

996 3249 1038 3305 E

263 3396 632 3473 Ἐγκουσῆτος
686 3394 776 3453 vel
829 3390 1162 3469 ἐγκουσάτος
1217 3393 1487 3460 onustus.
1546 3389 1615 3446 V.
1647 3393 1838 3448 Meur-

181 3486 366 3544 sium.

259 3575 552 3648 Ἑξάμιτος
609 3575 926 3643 examitus,
987 3572 1160 3646 panni
1217 3570 1389 3629 serici
1445 3587 1631 3641 genus
1665 3611 1681 3639 ,
1739 3584 1842 3640 pro

187 3683 308 3737 quo
341 3671 611 3722 auctores
672 3664 1006 3721 Latinitatis
1062 3662 1276 3719 intima:
1335 3662 1608 3718 samitus.
1641 3659 1846 3714 Petrus

193 3755 496 3812 Blesensis
525 3753 777 3826 epistola
804 3754 876 3808 66
909 3771 923 3809 :
957 3755 1029 3809 De
1081 3769 1220 3809 zona
1266 3767 1437 3808 aurea
1494 3755 1546 3806 et
1604 3745 1846 3806 lumbari

191 3847 367 3901 serico
398 3854 451 3901 et
473 3847 693 3913 samito,
721 3848 772 3900 et
801 3843 930 3899 aliis
957 3843 1164 3911 xeniis,
1185 3857 1312 3913 qum
1323 3859 1425 3913 per
1453 3842 1686 3898 latorem
1702 3853 1848 3910 prae-

195 3937 436 3990 sentium
465 3933 530 3990 de
569 3939 754 3990 vestra
812 3932 1105 4003 largitione
1157 3931 1388 4003 suscepi,
1447 3946 1560 3984 non
1614 3934 1850 4001 quantas

194 4023 337 4090 volo,
369 4022 462 4080 sed
492 4031 736 4094 quantas
775 4021 954 4089 valeo,
1010 4023 1190 4092 re/ero
1233 4019 1379 4076 vobis
1407 4022 1607 4089 grates.
1638 4016 1851 4076 Gallico

226 4130 388 4169 amis.

265 4132 280 4167 1
321 4130 388 4168 ῑες.

195 4129 644 4271 δα’νίίξωιιιιςνιον.
676 4202 743 4256 Ρ.
792 4200 894 4256 159
928 4215 980 4266 c,
1032 4197 1184 4270 apud
1219 4197 1480 4256 Nicetam
1513 4194 1732 4254 editum
1765 4195 1856 4248 est

195 4286 303 4360 ἔξω
336 4289 574 4357 Κιόνιον,
606 4290 860 4347 exterius
893 4288 1184 4352 Cionium,
1227 4285 1652 4343 monasterium
1676 4284 1858 4354 quod-

196 4382 361 4437 dam.
395 4379 567 4453 Apud
617 4381 942 4436 Cedrenum
993 4373 1303 4445 ἐξωκιόνιον
1366 4373 1670 4441 scribitur,
1701 4372 1856 4444 apud

2765 1915 2810 1968 Η

2032 2039 2262 2118 Ὶίμὲραι
2293 2043 2639 2116 simpliciter
2668 2048 2726 2102 et
2754 2047 2870 2100 κατ’
2897 2043 3096 2123 ἐξοχὴν
3119 2046 3462 2102 dicebantur
3490 2046 3614 2102 dies

1961 2133 2338 2224 hebdomadas
2370 2151 2489 2206 qua
2518 2150 2730 2213 passus
2761 2140 2851 2192 est
2878 2135 3162 2190 Christus.
3195 2135 3503 2200 Meursius.

2811 2280 2830 2334 Ι

2030 2413 2280 2469 ἰνκλῖνοι
2315 2432 2369 2487 p.
2401 2415 2506 2470 267
2537 2431 2570 2470 α
2599 2413 2790 2482 Angli,
2823 2413 2967 2470 alias
2998 2411 3294 2490 ’Δγγλέζοι
3351 2411 3437 2468 vel
3495 2411 3618 2486 Ἐγ-

1957 2504 2168 2576 κλὲζοι,
2201 2510 2258 2562 el.
2286 2500 2647 2578 Ἐγκλητὲρα,
2677 2503 2830 2578 apud
2863 2507 3158 2562 auctorem
3191 2503 3306 2561 GB.

2031 2594 2228 2669 Ἰμφας
2312 2593 2526 2650 infans.
2604 2591 2971 2649 Glossarium
3046 2591 3356 2648 Nomicum
3441 2585 3618 2669 ἴμφας

1958 2683 2179 2752 νήπιος.

2031 2767 2327 2827 Ἰνδικτιών
2360 2769 2624 2827 indictio.
2655 2770 2711 2826 P.
2754 2771 2855 2825 194
2885 2771 2918 2826 d
2951 2774 3008 2827 et
3058 2770 3161 2841 142
3210 2786 3239 2825 c
3290 2775 3392 2838 τῆς
3421 2765 3615 2843 τρίτης

1961 2859 2357 2932 ἐπινεμήσεως·
2415 2858 2595 2915 codex
2647 2858 2739 2914 ΟΒ
2773 2854 3129 2922 ίνδικτιῶνος.
3192 2857 3258 2914 ν.
3292 2856 3480 2914 Gloss.
3540 2857 3614 2926 ad

1964 2931 2316 3007 Cedrenum.
3213 2933 3217 2939 ”
3596 2931 3600 2936 ’

2762 3092 2805 3147 Κ

2013 3236 2406 3315 Καϐαλλάριος
2437 3237 2812 3306 caballarius,
2853 3253 3054 3311 eques.
3088 3239 3511 3302 Constantinus
3541 3237 3604 3296 in

1941 3333 2193 3392 Tacticis
2223 3347 2240 3386 :
2274 3329 2438 3384 Οὗτοι
2485 3324 2544 3382 δὶ
2581 3325 2779 3390 πάντες
2827 3327 2880 3382 οἱ
2937 3321 3309 3402 καϐάλλάριοι
3366 3327 3420 3384 οἱ
3449 3326 3604 3381 κατά.

1944 3440 2174 3503 φρακτοι
2218 3418 2305 3473 καὶ
2341 3418 2392 3472 οἱ
2428 3417 2503 3490 μὴ
2537 3416 2925 3490 κατάφρακτοι.
2956 3419 3021 3474 In
3081 3417 3279 3474 codice
3329 3418 3416 3472 ΕΒ
3446 3415 3600 3489 lege-

1945 3514 2122 3571 batur
2148 3503 2558 3579 καϐαλλαρικὸν
2599 3504 2928 3578 στράτευμα,
2987 3509 3054 3564 ιιι
3109 3506 3266 3577 apud
3318 3507 3600 3562 Constan-

1944 3602 2138 3658 tinum
2186 3591 2574 3670 καϐαλλαρικὴ
2631 3593 2950 3668 παράταξις,
3007 3602 3062 3651 et
3111 3589 3598 3667 καϐαΛλαρικεύειν

1948 3689 2232 3761 equitare.
2282 3686 2516 3742 Manuel
2571 3684 2868 3755 Moschop.
2935 3682 3060 3756 περί
3117 3678 3270 3756 σχεδ·
3327 3680 3599 3747 κελητίζω

1946 3773 2358 3833 καϐαλλικεύω.
2407 3773 2836 3846 Theophanes:
2889 3765 3335 3836 Καϐαλλικεύσας
3392 3765 3450 3822 δὲ
3506 3766 3597 3830 σὺν

1951 3865 2252 3926 διακοσίοις
2285 3861 2595 3936 ἀνθρώποις
2622 3863 2808 3917 αὐτοῦ.
2851 3861 3268 3917 Constantinus
3299 3859 3357 3914 in
3407 3857 3600 3915 Tacti-

1951 3957 2036 4014 cis
2069 3973 2082 4011 :
2123 3953 2262 4010 Ἀπὸ
2297 3949 2554 4024 μεγάλων
2616 3949 2718 4024 γὰρ
2776 3943 3042 4003 κινδύνων
3081 3951 3252 4002 ταῦτα
3281 3943 3609 4013 διασώζουσι

1952 4041 2227 4102 πολλάκις
2288 4041 2355 4095 τὰ
2409 4037 2664 4112 ἱππάρια,
2724 4037 2814 4092 καὶ
2869 4033 2940 4090 δι’
2997 4034 3174 4091 αὐτῶν
3212 4033 3342 4097 τοὺς
3411 4028 3612 4087 καϐάλ-

1955 4131 2274 4191 λικεύοντας
2314 4127 2469 4182 αὐτά.
2503 4127 2868 4184 Glossarium
2902 4125 3188 4182 ineditum
3225 4122 3610 4197 εὈχούμενος

1955 4221 2045 4276 καὶ
2101 4217 2477 4293 ἐποχούμενος
2541 4216 2570 4270 6
2644 4209 2940 4270 ἐπιϐαίνων
3009 4214 3096 4270 καὶ
3173 4209 3609 4274 καϐαλλικεύων.

1956 4312 2059 4366 Cui
2091 4307 2446 4366 contrarium
2479 4308 2568 4361 est
2605 4295 3154 4358 ἀποκαϐαλλικεύειν.
3191 4303 3296 4359 Leo
3316 4303 3614 4360 Gramma-

1959 4399 2156 4454 ticus:
2218 4393 2321 4451 Καὶ
2379 4385 2929 4451 ἀποκαϐαλλικεύσας
2961 4389 2990 4444 6
3062 4393 3314 4465 Κροῦμος
3355 4387 3611 4458 ἐκάθησεν

195 4470 485 4526 Codinum
518 4469 578 4524 in
611 4468 948 4540 Originibus
979 4466 1296 4537 Cpolitanis
1323 4463 1413 4520 bis
1434 4459 1750 4534 ὲξακιόνιον,
1792 4478 1849 4528 ιιι

1970 4484 2050 4542 ἐπὶ
2113 4487 2212 4539 τοῦ
2273 4479 2523 4559 ἰδάφους,
2563 4478 2653 4534 καὶ
2709 4478 2802 4534 τὸν
2857 4477 3031 4534 ’ἰππον
3099 4477 3264 4534 αὐτοῦ
3330 4476 3539 4552 ἐκράτει
3582 4477 3610 4532 6

195 4557 357 4630 apud
403 4534 778 4613 Anastasiuin
814 4534 1324 4612 Bibliothecarium
1381 4553 1440 4611 in
1484 4551 1725 4607 historia
1755 4567 1849 4608 ec-
1884 4534 1930 4599 D
2126 4534 2554 4631 θίάθξῇἆίοέξη
2585 4578 2644 4626 et
2668 4569 3030 4626 Glossarium
3062 4571 3132 4626 ad
3165 4534 3510 4626 Cedrem'lm.

194 4645 578 4705 clesiastioa:
627 4645 689 4700 ιη
737 4645 1048 4702 Exacionio
1102 4643 1326 4716 quidam
1393 4642 1568 4712 falsus
1623 4641 1857 4698 eremila

197 4737 464 4793 Nicotaus
498 4737 744 4804 nomine,
789 4744 841 4792 et
872 4733 1100 4807 quidam
1129 4749 1253 4788 eum
1300 4747 1360 4788 eo
1398 4730 1723 4802 blasphemi,
1755 4738 1854 4786 etc.

274 4820 628 4893 Ἐπενδύτης.
657 4825 716 4881 Ρ.
770 4825 873 4879 159
903 4826 955 4880 d.
991 4823 1248 4880 Glossar.
1310 4837 1421 4878 ms.
1457 4821 1523 4876 D.
1557 4819 1858 4876 Cancella-

198 4916 273 4971 rii
305 4919 364 4971 et
391 4915 605 4971 Suidas
655 4931 670 4969 :
717 4909 1048 4982 Ἐπενδότης
1103 4911 1165 4966 τὸ
1224 4907 1489 4965 ἐσώτατον
1549 4908 1798 4980 ἱμάτιον,
1830 4907 1860 4960 ὅ

195 5001 291 5058 καὶ
339 5001 676 5075 ὑποκάμισον
724 4999 961 5077 λέγεται.
1032 5002 1221 5058 Gloss.
1280 5001 1631 5056 Graeco-Lat.
1677 4999 1863 5055 Ἐπεν·

197 5089 370 5162 δύτης
402 5095 636 5158 instata,
668 5093 978 5165 superaria.
1011 5091 1254 5158 Quidam
1289 5083 1582 5158 ἐπενδύτην
1641 5093 1860 5148 vestem

200 5182 573 5254 scapularam
604 5183 1065 5254 interpretantur
1094 5180 1250 5252 apud
1298 5185 1569 5237 sanctum
1599 5177 1860 5234 Athana-

201 5273 385 5340 sium,
418 5273 477 5329 in
508 5271 644 5328 Vita
675 5271 734 5330 S.
766 5269 1022 5340 Antonii,
1055 5272 1199 5326 tom.
1233 5267 1305 5334 Il,
1339 5284 1397 5340 p.
1431 5267 1558 5323 479.

1017 5411 1057 5468 Ζ

276 5557 544 5634 Ζαγάριον
603 5558 770 5616 canis
826 5555 1148 5612 venaticus.
1207 5548 1537 5634 Demetrius
1591 5548 1866 5607 Hieroca-

205 5633 404 5720 sophil
431 5648 691 5720 cup.186
725 5665 738 5703 :
771 5643 990 5721 ΙΙάριχε
1020 5645 1100 5714 τῷ
1141 5637 1379 5716 ζαγαρίῳ
1436 5633 1512 5698 εἰς
1569 5636 1633 5690 τὸ
1667 5641 1864 5712 φαγεῖν

202 5735 301 5792 καὶ
341 5741 924 5810 προθυμοποιηθῆναι.

2033 4659 2451 4738 ΚαγκεΑλάριος
2509 4656 2825 4733 λογοθὲτης.
2875 4657 3280 4728 cancellarius,
3337 4661 3612 4729 qumstor.

1965 4754 2108 4810 Vide
2138 4751 2440 4823 Cujaciuin
2491 4750 2564 4807 ad
2605 4748 2718 4821 leg.
2777 4750 2813 4803 2
2867 4749 2994 4804 cod.
3048 4749 3120 4804 de
3179 4747 3344 4820 petit.
3405 4747 3611 4804 honor.

1965 4841 2179 4899 sublat.
2212 4846 2269 4897 et
2297 4841 2366 4895 ad
2401 4840 2513 4912 leg.
2549 4838 2658 4894 ult.
2692 4839 2764 4893 de
2803 4838 3058 4894 discuss.
3107 4837 3208 4892 lib.
3239 4853 3295 4904 x,
3329 4837 3388 4891 C.
3421 4839 3478 4890 et
3507 4837 3612 4890 Pa-

1966 4936 2074 4988 rat.
2108 4931 2166 4985 in
2197 4930 2300 4985 lib.
2334 4945 2374 4994 ι,
2408 4929 2535 4983 cod.
2569 4927 2660 4984 tit.
2698 4927 2788 4983 30.
2820 4926 2926 4990 Qui
2970 4927 3136 4997 regiae
3168 4921 3460 4994 majestati
3492 4937 3615 4991 pro-

1965 5020 2162 5076 ximus
2194 5019 2374 5088 sedet,
2413 5017 2712 5074 secundus
2755 5019 2887 5086 post
2917 5030 3135 5084 regem,
3169 5017 3230 5067 ut
3268 5012 3345 5066 ait
3400 5013 3610 5064 Petrus

1967 5107 2246 5166 Cellensis
2263 5107 2333 5161 de
2363 5105 2707 5160 cancellario
2741 5104 2807 5159 Η.
2841 5102 3066 5173 Anglia:
3093 5102 3264 5171 epist.
3287 5097 3393 5153 ult.
3426 5097 3531 5164 lib,
3556 5111 3611 5150 ιε

1971 5200 2106 5268 Quae
2134 5196 2307 5264 enim,
2342 5193 2553 5264 inquit,
2585 5189 3137 5264 proportionalitatis
3184 5187 3452 5242 habit-udo
3477 5187 3619 5240 inter

1969 5286 2231 5344 abbatem
2279 5283 2576 5339 Cellensem
2621 5288 2674 5337 et
2701 5276 3096 5336 cancellarium
3153 5275 3297 5347 regis
3350 5275 3620 5344 Anglia”?

1970 5379 2118 5434 Pene
2144 5391 2256 5432 non
2306 5379 2385 5428 est
2415 5367 2778 5441 comparatio,
2808 5365 2906 5426 ubi
2933 5381 3046 5422 non
3073 5368 3157 5422 est
3184 5363 3620 5421 existimationis

1969 5465 2273 5538 adoptatio.
2305 5461 2617 5518 Secundum
2670 5465 2788 5530 post
2845 5471 3033 5526 regem
3061 5456 3123 5512 in
3165 5460 3406 5527 quatuor
3434 5453 3623 5522 regnis

1970 5553 2091 5626 quis
2125 5557 2177 5610 te
2224 5551 2444 5623 ignorat
2485 5549 2514 5602 ‘t
2544 5547 2724 5603 Erant
2753 5549 2812 5602 et
2859 5543 3194 5602 cancellarii
3224 5540 3622 5626 ecclesiastici,

1973 5623 2148 5700 Sexta
2177 5639 2440 5714 synodus
2479 5638 2588 5693 ΟΡ.
2628 5637 2741 5694 act.
2774 5635 2806 5690 8
2839 5651 2854 5691 :
2917 5631 3191 5709 Στέφανος
3238 5627 3488 5692 διάκονος
3535 5623 3626 5682 καὶ

1971 5727 2398 5806 καγκελλάριος.
2459 5723 2729 5782 Meminit
2779 5724 3122 5796 Sigebertus
3189 5714 3630 5806 Gcmblacensis

283 5799 874 5898 Zép'taite'sscrte'pag.
906 5821 1207 5879 358.1dom
1239 5817 1471 5874 Nicetas
1493 5815 1550 5872 in
1585 5815 1868 5877 Balduino
1974 5799 2224 5881 Joannis
2257 5799 2530 5878 Romanis
2561 5813 2828 5873 Ecclesia:
2859 5813 3215 5881 cancellarii,
3241 5812 3341 5886 qui
3366 5799 3630 5866 Paschali
