4032 6216
509 298 659 363 1071

1828 297 2149 361 NICETE
2188 298 2612 363 CHONIATE

489 451 656 507 papa
686 434 1004 502 successit;
1027 449 1206 507 quem
1238 433 1508 489 omnium
1539 432 2147 500 scribarum,notario-
2173 437 2222 503 Α
2268 432 2322 489 b.
2354 437 2489 506 etp.
2520 434 2627 490 ult.
2656 434 2715 491 d.
2745 433 2881 491 edit.
2945 433 3114 489 Rom.
3168 432 3467 489 Bessarion
3498 432 3782 488 cardinalis
3800 437 3855 490 ad

487 539 624 581 rum
653 530 713 580 et
750 521 1187 579 scriniariorum
1224 522 1543 594 principem
1577 520 1817 593 quidam
1860 522 2144 591 interpre-

489 619 714 671 tantur.
747 612 1187 669 Onomasticum
1218 618 1385 669 vetus
1420 629 1434 668 :
1467 609 1800 668 cancellarii
1831 609 2146 685 ἀρχιγραμ-

492 707 704 776 ματεῖς.
768 701 1030 758 Meminit
1068 710 1124 758 et
1176 701 1425 758 civitatis
1475 700 1806 757 cancellarii
1837 698 2143 755 concilium

487 792 881 850 Florentinum
915 807 1057 847 sese.
1089 793 1199 846 21:
1260 784 1563 863 Λεονάρδος
1623 789 1898 863 ’Δρετῖνος
1942 786 2144 856 ταύτης

486 885 590 948 τῆς
620 877 839 940 πόλεως
870 875 1300 955 καγκελλάριος.

563 966 919 1041 Καλαμάριον
957 968 1353 1037 calamarium,
1415 967 1911 1024 atramentarium.
1944 969 2009 1020 P.
2039 964 2146 1019 382

490 1075 524 1117 o
583 1058 637 1112 οἱ
696 1054 753 1111 δὲ
806 1055 1044 1135 γραφέας
1111 1053 1363 1119 δόνακας.
1423 1057 1612 1114 Codex
1668 1057 1759 1112 ΕΒ
1804 1052 2141 1127 υλαμάρια.

492 1149 639 1206 Vide
671 1150 1005 1205 Meursium.

562 1235 977 1313 Καλαφατίζειν.
1036 1241 1101 1292 P.
1182 1238 1287 1292 349
1347 1254 1381 1291 a
1439 1233 1805 1304 ἐπισκευάζειν
1892 1233 1961 1288 τὰ
2030 1237 2142 1287 τῶν

490 1322 789 1405 σκαφιδίων
823 1324 1119 1399 ὑπόσαθρα.
1163 1327 1349 1382 Codex
1407 1326 1497 1380 CB
1552 1321 1959 1400 καλαφατίζειν.
1999 1324 2145 1379 Pro-

486 1417 764 1475 vinciales
811 1417 1111 1486 gata/alar
1166 1416 1391 1482 dicunt,
1449 1416 1862 1472 commissuras
1907 1413 2140 1469 navium

486 1505 736 1562 rimasve
764 1505 1040 1560 solidare.
1070 1503 1207 1558 Vide
1236 1505 1568 1559 Meursium.

556 1589 889 1667 Καλόγηρος
924 1589 1196 1663 μονάζων,
1258 1592 1579 1647 monachus
1621 1608 1677 1661 p.
1735 1591 1843 1646 328
1873 1589 1930 1645 d.
1960 1589 2138 1646 Joan-

490 1699 595 1738 nes
621 1680 885 1736 Moschus
916 1680 1228 1736 Limonarii
1271 1697 1398 1750 cap.
1432 1681 1499 1733 27
1531 1696 1545 1734 :
1579 1676 1927 1751 Καλλόγηρε,
1968 1674 2059 1731 διὰ
2083 1676 2138 1730 τι

2266 521 2644 595 paedagogum
2684 522 2938 579 ﬁliorum
2971 523 3207 577 Thema:
3239 520 3542 594 Paleologi
3587 538 3600 575 :
3639 519 3715 575 N6
3743 517 3856 574 ἱόοὖν

2260 605 2613 682 καρδινάλην.
2664 612 2932 669 Occurrit
2987 627 3140 683 saepe
3195 610 3256 665 in
3295 611 3538 665 concilio
3578 609 3854 667 Florentino

2259 704 2317 753 et
2345 698 2590 756 Laonico
2634 699 3038 772 Chalcondyle.
3078 700 3222 755 Vide
3252 700 3324 754 de
3361 698 3453 754 his
3492 699 3776 753 Meursium
3814 707 3854 755 et
3962 696 3963 772 ί

2259 784 2534 843 Vossium
2569 805 2873 861 nunquam
2906 791 3035 844 sine
3086 787 3259 844 laude
3312 787 3621 843 dicendum
3651 792 3712 842 de
3737 788 3853 844 vitiis

2257 879 2569 934 sermonis.

2327 962 2526 1027 Κάσσις
2566 967 2769 1024 cassis.
2801 967 3217 1023 Constantinus
3248 966 3306 1021 in
3344 965 3594 1021 Tacticis
3625 982 3638 1021 :
3689 964 3851 1038 Ἐχέτω

2256 1048 2313 1106 δὲ
2352 1054 2380 1106 ὁ
2410 1053 2571 1122 πεζὸν
2609 1055 2699 1107 καὶ
2739 1051 3016 1113 κασσίδαν.
3049 1056 3120 1110 Et
3163 1057 3233 1110 de
3289 1055 3742 1109 administrando
3774 1060 3851 1109 im-

2256 1145 2459 1212 perio:
2519 1142 2823 1218 Διηνοίχθη
2886 1144 3080 1217 μικρὸν
3130 1143 3194 1198 τὸ
3256 1147 3353 1197 τοῦ
3407 1140 3682 1197 κασσιδίου
3733 1143 3853 1197 αὐτοῦ

2251 1230 2509 1286 πέταλον.
2542 1232 2922 1302 TheOphanes
2952 1235 3009 1288 in
3069 1232 3333 1289 Homolio
3366 1249 3381 1286 :
3410 1228 3648 1287 Ἕλαϐον
3683 1233 3740 1285 τὰ
3766 1231 3856 1285 Iw.

2255 1318 2399 1392 ρίκια
2452 1320 2631 1375 αὐτῶν
2685 1321 2778 1375 καὶ
2835 1321 2931 1381 τὰς
2981 1317 3235 1382 κασσίδας
3303 1320 3393 1375 καὶ
3446 1320 3624 1375 πάντα
3672 1321 3732 1374 τὰ
3785 1319 3851 1393 ἆρ-

2254 1427 2359 1479 ματ
2365 1428 2415 1465 α.

2321 1492 2658 1552 Καστέλλιον
2735 1497 3058 1555 castellum.
3127 1498 3520 1570 Theophanes
3581 1516 3597 1552 :
3653 1498 3738 1553 Ἐκ
3782 1502 3851 1549 τοῦ

2247 1582 2575 1640 καστελλίου
2624 1583 2917 1655 ἀπέλυσαν,
2975 1589 3116 1643 item
3182 1585 3260 1647 είς
3317 1585 3378 1639 τὸ
3440 1585 3741 1659 [Ιαπουρίου
3789 1606 3852 1639 u-

2248 1671 2493 1731 o-cé).\iv.
2527 1675 2670 1732 Vide
2699 1676 3065 1732 Glossarium
3096 1676 3167 1731 ad
3200 1676 3557 1748 Cedrenum)

485 1767 660 1831 οὕτως
690 1772 866 1828 ποιεῖς
903 1784 917 1836 ;
950 1767 1243 1823 Palladius
1275 1768 1559 1824 Lausiacas
1591 1784 1717 1839 cap.
1751 1767 1853 1822 103
1887 1783 1901 1821 :
1933 1763 2137 1839 Δακρῦ-

2323 1764 2539 1838 Κάστρα
2595 1761 2811 1824 πόλεις·
2863 1767 3043 1822 codex
3094 1765 3187 1821 GB
3239 1764 3467 1837 κάστρα.
3531 1764 3737 1822 Glossze
3789 1766 3855 1820 lsi-

486 1877 582 1919 σας
614 1857 707 1911 οὖν
744 1854 1082 1930 καλόγηρος.
1118 1856 1265 1911 Vide
1302 1856 1587 1912 Iudicem.

560 1942 902 2017 Καμαλαύκα
943 1941 1065 2014 ἐρέα
1127 1950 1230 2012 τῆς
1294 1942 1562 2022 κεφαλῆς,
1624 1961 1678 2017 p.
1738 1945 1845 1999 303
1902 1945 1960 1999 d.
2001 1944 2139 2000 Vide

484 2035 737 2092 Glossar.
764 2034 835 2090 ad
868 2033 1212 2092 Cedrenum.

561 2120 790 2196 Καμὰρα
821 2120 972 2195 ἀψίς,
1006 2123 1216 2190 fornix,
1274 2140 1330 2194 p.
1388 2122 1490 2178 361
1543 2138 1579 2178 a
1638 2122 1771 2179 Vide
1809 2122 1995 2179 Gloss.
2033 2122 2135 2178 LL.

487 2213 865 2284 Antiquarum
899 2211 958 2267 in
989 2212 1255 2267 Camara.

560 2301 802 2374 Καμὲρα.
838 2299 1096 2374 Καμὲρας
1136 2298 1428 2376 κούφωμα,
1470 2318 1527 2371 p.
1557 2301 1629 2356 70
1671 2300 1725 2357 b.
1787 2300 1849 2355 iu
1906 2301 2138 2371 puriore

488 2390 685 2447 Graeco
719 2388 1021 2460 ὑπόνομος,
1070 2389 1285 2446 cloaca.

558 2476 932 2551 Καμπανίζειν
965 2474 1334 2546 ταλαντεύειν,
1376 2478 1714 2549 ponderare,
1748 2495 1803 2548 ρ.
1834 2478 1941 2531 344
1969 2478 2025 2531 d.

561 2565 793 2639 Κάμπος
823 2582 1081 2638 campus,
1116 2583 1171 2638 p.
1203 2568 1268 2622 31
1300 2584 1353 2623 a.
1384 2567 1542 2623 Idem
1599 2584 1655 2637 p.
1685 2567 1750 2620 51
1821 2563 1898 2626 εἷς
1933 2584 2138 2638 τραπε-

488 2651 659 2725 ζῶόες
700 2653 930 2730 χωρίον.
971 2655 1161 2712 Codex
1202 2656 1295 2711 GB
1321 2652 1567 2727 κάμπον.
1607 2656 1745 2711 Item
1801 2673 1853 2723 p.
1893 2656 2014 2720 101,
2047 2652 2135 2708 ἐπὶ

486 2741 701 2800 πεδίου.
773 2746 931 2801 Idem
989 2745 1168 2801 codex
1230 2743 1474 2815 κάμπου.
1515 2745 1737 2801 Auctor
1791 2743 1883 2799 GB
1934 2740 2064 2805 ὅλος
2107 2744 2135 2798 6

2250 1853 2674 1926 dnrizBurgos
2733 1861 2945 1911 castra.
3000 1853 3164 1910 Alias
3223 1853 3455 1928 κάστρον
3521 1855 3742 1924 ponitur
3780 1870 3854 1924 pro

2246 1941 2485 1999 castello
2514 1958 2613 1998 seu
2646 1942 2771 1999 loco
2804 1944 2992 1998 muris
3051 1943 3302 1999 munito.
3337 1947 3503 1998 Anna
3558 1943 3749 1997 Comn.
3777 1943 3852 1997 lib.

2243 2046 2339 2086 Vm
2373 2050 2388 2088 :
2421 2028 2571 2085 Ei'cno
2608 2033 2707 2084 τοῦ
2733 2030 2970 2107 κάπρου
2999 2038 3056 2088 et
3083 2028 3279 2100 ἐξῆλθε
3333 2034 3432 2085 τοῦ
3461 2029 3712 2104 κάστρου.
3741 2033 3855 2086 Hinc

2241 2117 2670 2195 ἐρωτόιιαστρον.
2731 2125 2945 2178 Auctor
3030 2123 3119 2178 ΟΒ
3175 2120 3270 2182 τὰς
3326 2118 3851 2198 πικρογλυκοχάριτα,

2240 2214 2337 2267 τοῦ
2367 2210 2777 2286 ἑρωτοκάστρου
2815 2212 3038 2269 τούτου.
3098 2215 3202 2270 Vel
3262 2231 3366 2285 pro
3422 2214 3635 2269 castris
3666 2214 3848 2279 ;'I‘heo-

2242 2304 2463 2374 phanes
2496 2300 2547 2355 ἓν
2575 2306 2690 2363 τοῖς
2728 2301 2981 2376 κάστροις
3012 2301 3167 2375 ὑμῶν
3197 2300 3519 2375 εὑρίσκομεν
3548 2300 3752 2362 αὐτούς.

2312 2388 2694 2445 Καταλλάκται
2758 2385 3145 2446 κολλυϐισταί.
3207 2392 3399 2447 Codex
3458 2391 3555 2447 CB
3620 2387 3851 2444 γαταλλα-

2239 2480 2383 2537 κταί.
2426 2481 2787 2537 Glossarium
2822 2498 2932 2538 ms.
2987 2474 3396 2556 ἀργυραμοιϐὸς
3455 2480 3486 2533 ὁ
3517 2478 3856 2545 multum:

2238 2567 2276 2638 ἤ
2315 2568 2404 2623 καὶ
2435 2569 2462 2623 ὁ
2495 2567 2831 2643 χρυσοχόος.
2865 2573 2912 2625 Α
2941 2565 3327 2636 mansum,
3356 2569 3522 2641 quod
3552 2578 3639 2625 est
3668 2584 3856 2641 permu-

2244 2663 2328 2729 to,
2357 2658 2691 2727 changeurs.
3442 2702 3447 2706 .

2310 2745 2585 2823 Κάτεργον
2634 2746 2887 2804 triremis
2946 2764 2999 2820 p.
3062 2748 3130 2802 38
3170 2763 3221 2802 c.
3275 2746 3429 2803 idem
3473 2764 3532 2819 p.
3595 2746 3661 2801 49
3713 2763 3744 2800 a
3790 2740 3857 2797 8d

3733 302 3851 362 1012
3962 290 3963 362 ἰ

486 2833 705 2907 κάμπος
765 2825 958 2908 ἔγεμεν
996 2829 1210 2905 ἃρματα
1275 2830 1365 2885 καὶ
1432 2828 1673 2903 δοξάρια.
1716 2831 1948 2906 Δοξάρια
2000 2837 2137 2890 sunt

2264 2840 2688 2911 ταχυναυτουσῶν
2719 2839 2887 2905 νηῶν.
2921 2836 3110 2893 Codex
3153 2837 3245 2892 GB
3291 2833 3597 2911 κατέργων.
3628 2834 3692 2888 V.
3721 2850 3855 2889 eum-

485 2940 671 2981 arcus.
707 2922 845 2977 Vide
877 2922 1227 2978 Glossarium
1259 2921 1330 2977 ad
1361 2922 1706 2977 Cedrenum.

2264 2925 2367 2981 lem
2402 2943 2458 2998 p.
2492 2927 2596 2980 230
2627 2927 2685 2994 b,
2729 2932 2785 2982 et
2814 2926 3071 2982 Iudicem
3122 2925 3185 2981 in
3242 2922 3420 2998 γᾶργα
3479 2924 3728 2998 κάτεργα.
3766 2927 3853 2974 Δυ-

560 3007 885 3067 Κανικλείου
957 3009 1094 3081 τιμή
1155 3009 1396 3066 oaniclei
1472 3011 1827 3081 praefectura,
1904 3026 2134 3067 summa

2264 3019 2364 3069 :tor
2393 3012 2485 3069 GB
2516 3012 2752 3087 κάτεργα
2804 3012 2913 3068 ἀπὸ
2976 3013 3076 3082 τήν
3121 3010 3371 3068 Βενετίαν
3402 3012 3505 3080 τήν
3535 3010 3852 3084 πολυχρυσο-

490 3100 763 3172 dignitas.
816 3096 1153 3155 Κανικλείων
1183 3100 1266 3155 vel
1299 3098 1327 3153 6
1359 3096 1446 3153 ἐπὶ
1475 3096 1811 3167 κανικλείου,
1843 3116 1971 3171 pag.
2003 3101 2128 3168 176,

2264 3102 2430 3171 ιὲνην.

486 3188 728 3246 caniclei
760 3189 1080 3259 praafectus.
1124 3189 1238 3244 Leo
1275 3188 1730 3245 Grammaticus:
1763 3187 2131 3244 Δουλεύσαντα

2313 3196 2766 3265 Κατηχουμενεῖα
2786 3190 2915 3247 loca
2962 3191 3021 3246 in
3077 3190 3296 3263 quibus
3325 3190 3566 3247 stabant
3614 3189 3849 3246 catechu-

487 3276 755 3351 πρότερον
797 3272 1069 3347 Βασιλείῳ
1102 3276 1385 3352 μαγίστρῳ
1414 3276 1502 3331 καὶ
1560 3274 1876 3351 κανικλείῳ.
1919 3280 2077 3335 Idem
2112 3294 2127 3334 :

2264 3283 2393 3338 neni
2427 3300 2480 3355 p.
2512 3281 2618 3336 291i
2649 3299 2699 3338 c.
2740 3280 2976 3337 Collatia
3033 3284 3093 3338 S.
3148 3280 3382 3337 Maximi
3443 3282 3715 3354 martyris
3740 3293 3846 3333 cum

474 3364 704 3438 Συμεὼν
747 3365 775 3419 ὁ
837 3362 926 3419 ἐπὶ
985 3368 1084 3419 τοῦ
1140 3360 1475 3422 κανικλείου.
1518 3366 1662 3425 Vide
1700 3367 1889 3424 Gloss.
1920 3368 1990 3424 ad
2023 3368 2129 3423 Ce-

475 3455 723 3511 drenum
758 3459 815 3509 et
846 3459 1011 3510 notas
1053 3455 1422 3524 posteriores.
2233 3461 2305 3517 sii
2338 3477 2351 3516 :
2387 3463 2691 3516 Asceudunt
2741 3460 2810 3515 ad
2841 3477 2965 3516 eum
3019 3462 3080 3515 in
3135 3461 3615 3516 catechumenium
3644 3458 3846 3515 ecclesia

548 3541 866 3616 Κανίσγειον
898 3560 1001 3615 pro
1048 3540 1347 3614 κανίσκιον,
1397 3544 1678 3614 sportula,
1722 3545 2122 3614 honorarium,

2264 3551 2407 3605 nsius
2434 3549 2778 3605 monasterii.
2795 3549 3144 3605 Anastasius
3167 3549 3518 3606 Bibliothec.
3542 3551 3600 3605 in
3633 3547 3847 3605 Historia

476 3632 699 3688 donum
733 3648 790 3704 p.
825 3631 926 3687 331
998 3647 1048 3689 c.
1102 3633 1314 3687 Auctor
1368 3631 1460 3687 GB
1518 3633 1576 3687 in
1628 3633 1772 3701 Hist,
1808 3639 2019 3689 narrat.
2050 3635 2121 3692 de
2229 3637 2671 3694 ecclesiastica:
2734 3639 2795 3692 Et
2849 3638 3282 3694 ascendentibus
3334 3655 3438 3710 per
3497 3652 3667 3696 aeneae
3705 3641 3849 3709 porta:

466 3720 789 3778 Belisario:
839 3716 1126 3776 Ἔστειλαν
1194 3717 1438 3775 κανίσκια
1491 3719 1581 3775 καὶ
1614 3718 1783 3795 δῶρα.
1846 3722 1985 3779 Item
2016 3723 2115 3776 πό-

2264 3741 2510 3781 scensum
2540 3726 2601 3780 in
2630 3724 3038 3781 catechumenia
3065 3726 3327 3783 ecclesia.
3366 3724 3475 3781 Alii
3541 3725 3747 3782 habent
3767 3740 3843 3778 ca-

467 3829 563 3863 σον
600 3809 840 3864 κανίσκιν
874 3804 1068 3884 ἔφερον
1098 3808 1275 3863 αὐτοί.
1309 3809 1376 3867 V.
1410 3810 1575 3867 Joan.
1636 3811 1856 3868 Mosch.
1892 3811 2120 3870 Limon-

2264 3814 2566 3871 echumena.
2598 3814 2830 3869 Simeon
2873 3814 3420 3871 Thessalonicensis
3453 3817 3730 3871 adversus
3754 3812 3843 3868 be-

463 3918 515 3956 c.
552 3901 673 3971 160,
707 3900 918 3956 Meurs.
946 3901 1015 3955 ad
1049 3901 1245 3957 Const.
1285 3901 1359 3956 De
1390 3901 1607 3956 admin.
1671 3902 1806 3971 imp.
1863 3917 1990 3972 cap.
2023 3903 2110 3956 46.
2223 3919 2380 3958 reses
2410 3905 2560 3974 apud
2623 3902 2867 3959 Leonem
2919 3902 3192 3959 Allatium
3224 3904 3295 3958 de
3351 3903 3643 3959 Narthece
3670 3901 3843 3958 veteris

533 3988 854 4045 Καππάσιον
886 3986 1065 4043 πῖλον.
1102 3989 1161 4044 Ρ.
1195 3990 1264 4044 86
1299 3990 1351 4046 b.
1399 3990 1586 4044 Codex
1642 3990 1733 4046 GB
1779 3991 2109 4049 καππάσιον.

2266 3990 2486 4047 οοΙοείω
2521 3990 2672 4062 p.91
2734 3992 2875 4047 edit.
2934 3991 3118 4047 Paris.
3178 3989 3459 4064 Νάρθηκες
3509 3987 3577 4047 δὲ
3635 3986 3839 4063 λέγονται

459 4077 523 4133 In
567 4079 761 4134 Indice
822 4078 991 4133 etiam
1052 4078 1208 4147 legas
1266 4076 1631 4145 καππούζιον,
1670 4075 1856 4134 πῖλον.
1900 4083 2112 4136 Auctor

2264 4082 2473 4133 τοιτῶν
2513 4082 2647 4134 νεῶν
2704 4078 2873 4153 ἀρχαὶ
2931 4079 3021 4134 καὶ
3076 4083 3554 4155 κατηχουμενεῖα,
3586 4080 3704 4149 ἤτοι
3752 4080 3839 4132 τῶν

451 4167 542 4221 GB
602 4165 696 4220 καὶ
791 4164 959 4243 φὸρυν
1026 4162 1496 4239 παλαιογοῦνελον
1592 4164 1698 4220 ἀπὸ
1765 4163 1950 4221 πολλᾶ
2014 4188 2107 4222 κα-

2264 4166 2653 4242 ῑτηχουμὲνων
2694 4168 2723 4222 6
2757 4167 2930 4230 οἶκος.
2963 4170 3055 4226 Sic
3085 4172 3262 4225 etiam
3295 4169 3583 4226 scribitur
3614 4171 3668 4225 in
3694 4168 3842 4223 Chro-

451 4255 708 4325 πούτζια.
2214 4258 2539 4331 nographia
2586 4258 2792 4315 Leonis
2829 4257 3224 4315 Grammatici.
3262 4260 3326 4314 V.
3369 4258 3615 4316 Meursii
3642 4257 3840 4315 Glossa-

526 4338 806 4419 Καράόιοιι
850 4346 1063 4417 navigii
1124 4361 1309 4415 genus
1364 4362 1419 4418 p.
1483 4345 1551 4399 15
1605 4345 1660 4400 d.
1743 4346 1997 4403 Isidorus
2045 4348 2103 4404 in

2270 4364 2367 4402 um
2406 4347 2519 4403 GB.

453 4434 677 4491 Glossis
718 4452 732 4491 :
766 4434 1016 4491 Carabus
1050 4451 1221 4505 parva
1247 4434 1468 4505 scapha
1492 4450 1561 4491 ex
1591 4433 1801 4491 vimine
1822 4440 1881 4491 et
1926 4438 2099 4493 corio.
2286 4439 2555 4489 Κατοῦναι
2589 4436 3028 4508 impedimenta,
3080 4435 3326 4492 sarcinas
3366 4453 3422 4505 p.
3452 4435 3567 4492 253
3598 4437 3652 4493 d.
3708 4434 3837 4489 Idem

449 4525 594 4580 Aliae
627 4524 845 4580 Glossaa
881 4540 894 4580 :
929 4524 1183 4581 Carahus
1216 4524 1502 4580 navicula.
1535 4529 1752 4581 Auctor
1781 4527 1870 4581 GB
1901 4526 2107 4581 τεκτώ-

2264 4539 2350 4596 ag.
2399 4524 2505 4578 253
2561 4507 2714 4579 circa
2780 4523 2978 4592 ﬁnem,
3032 4522 3132 4591 τὴν
3197 4518 3254 4576 δὲ
3309 4521 3626 4592 ἀποσκευήν
3679 4526 3837 4575 πᾶσαν.

448 4630 615 4679 vacem
646 4610 832 4665 ἑκατὸν
860 4605 1096 4685 καράϐια
1126 4611 1217 4666 καὶ
1278 4612 1553 4685 τριήρεις,
1595 4614 1731 4669 item
1778 4614 1878 4682 τὴν
1941 4614 2102 4691 ὑγρὰν

2264 4611 2405 4668 odex
2434 4610 2551 4679 (ΞΒ,
2581 4611 2868 4666 κατοῦναν.
2901 4614 3108 4666 Auctor
3136 4611 3251 4678 CB,
3305 4608 3431 4685 ³Δφ’
3461 4607 3597 4665 ὅτου
3627 4606 3681 4663 δὲ
3721 4603 3838 4680 £195-

451 4698 741 4773 ἐπλήρωσε
780 4700 1011 4773 κάτεργα
1049 4700 1137 4754 καὶ
1195 4694 1452 4774 καράϐια.
1517 4701 1732 4758 Glossm
1777 4703 1870 4759 GB
1925 4704 2101 4761 Joan-
2213 4702 2380 4772 ϐησαν
2412 4699 2503 4754 καὶ
2533 4702 2723 4771 πεῖραν
2749 4698 2811 4752 τὸ
2840 4697 3107 4772 τραπέζῃ,
3148 4692 3398 4772 ἐμϐαίνει
3447 4698 3554 4767 τὴν
3603 4693 3832 4752 κατοῦνάν

447 4791 540 4847 nis
591 4791 779 4846 Vossii
833 4790 939 4845 viri
1000 4789 1424 4845 eruditissimi:
1486 4788 1903 4863 Ἀνερμάτιστο,
1952 4796 2100 4862 ναῦς,

2267 4810 2293 4852 ς
2322 4795 2421 4858 τῆς
2452 4784 2805 4864 φεδροκάζας.
2835 4787 2982 4844 Vide
3011 4788 3290 4844 Iudicem.

438 4875 674 4952 καράϐιν
716 4872 1126 4952 ἀσαϐούρωτον.
1183 4879 1294 4934 Leo
1333 4878 1755 4935 Graminaticus
1789 4896 1802 4934 :
1834 4878 2098 4951 Ἐξῆλθον

2281 4876 2730 4933 Κατουνοτόπιον
2783 4877 2977 4946 σκηνή,
3026 4876 3364 4946 tentorium,
3413 4873 3828 4934 tabernaculum

436 4972 540 5024 τοῦ
599 4962 888 5044 καραϐίου.
931 4968 1077 5024 Hinc
1134 4960 1501 5039 καραϐοποιΐα
1560 4967 1766 5024 Leonis
1823 4968 1983 5027 Tuct.
2044 4988 2094 5027 c.

2295 4969 2403 5023 240
2436 4970 2491 5024 b.
2527 4970 2669 5026 Vide
2708 4967 3049 5026 Meursium.

434 5060 526 5129 20,
568 5060 718 5133 §71,
751 5064 809 5116 et
836 5050 1270 5133 πρωτοκάραϐος
1314 5056 1724 5115 navicularius.
1774 5061 1842 5113 V.
1901 5061 2093 5121 eumd.

2279 5054 2562 5113 Καύκαλον
2596 5058 3002 5114 simulacrum.
3035 5070 3093 5126 p.
3143 5054 3216 5110 95
3269 5055 3306 5110 d
3363 5050 3623 5127 χελώνης
3674 5049 3829 5124 μίμηο

435 5149 613 5205 Leon.
648 5164 699 5206 c.
732 5149 818 5218 19,
850 5150 878 5217 §
906 5147 961 5201 8.
995 5146 1326 5213 Constant.,
1358 5144 1438 5200 De
1469 5144 1623 5200 adm.
1674 5144 1812 5217 imp.
1846 5163 1969 5220 cap.
2000 5150 2090 5205 51.
2207 5161 2303 5219 μα·
2335 5149 2513 5203 codex
2571 5146 2662 5204 GB
2718 5141 3015 5200 καύκαλον.
3076 5143 3218 5200 Vide
3254 5146 3448 5199 tamen
3504 5140 3827 5198 Salmasium

504 5233 872 5314 Καρδινάριος
916 5236 1002 5294 vel
1036 5232 1358 5311 καρδινάλις
1415 5235 1729 5293 cardinalis
1770 5255 1826 5310 p.
1858 5240 1987 5306 401,
2038 5259 2087 5300 c.

2264 5234 2365 5292 )tis
2395 5236 2454 5290 in
2493 5236 2861 5309 Spartianum
2894 5252 2948 5306 p.
2979 5233 3082 5289 152
3111 5231 3304 5289 collat.
3334 5234 3392 5288 2.

429 5328 689 5386 Joannes
719 5330 846 5387 VIII
890 5329 960 5384 ad
1015 5326 1187 5383 Basil.
1239 5326 1434 5382 Const.
1487 5331 1544 5382 et
1600 5325 1762 5383 Alex.
1820 5329 1986 5401 epist.
2024 5333 2091 5390 Ut

2271 5334 2510 5407 Καῦχος.
2539 5336 2604 5389 Ρ.
2656 5335 2757 5390 313
2792 5335 2829 5389 d
2870 5330 3103 5405 ἐραστὴς
3143 5326 3336 5398 αὒτῆς.
3368 5330 3555 5385 Codex
3584 5328 3679 5385 GD
3716 5326 3826 5380 καῦ-

425 5427 548 5486 post
577 5416 738 5484 huius
767 5417 1106 5490 patriarcha
1130 5418 1337 5472 obitum
1369 5413 1565 5469 nullus
1578 5414 1648 5470 de
1680 5415 1846 5473 laici:
1875 5419 1967 5475 vel
1990 5438 2087 5476 cu-

2264 5441 2301 5483 ις
2330 5420 2421 5477 καὶ
2453 5420 2645 5500 φύλος.
2682 5423 3017 5495 Legendum
3049 5421 3288 5476 videtur
3316 5421 3518 5479 καῖ’)κος
3541 5413 3630 5471 καὶ
3660 5412 3821 5501 φίλος,

426 5502 665 5557 rictibus
720 5508 780 5560 in
832 5506 1243 5576 patriam/tatus
1301 5505 1540 5576 eligatur
1590 5505 1675 5560 vel
1740 5513 2089 5567 consecretur
2200 5498 2263 5569 ut
2291 5498 2490 5572 κκῦκος
2524 5512 2599 5569 sit
2625 5512 2873 5578 amicus,
2921 5511 3073 5567 sicut
3129 5510 3302 5562 καῦκα
3333 5507 3544 5575 amica,
3573 5498 3819 5561 concubi-

421 5590 653 5676 honore,
685 5595 802 5647 nisi
828 5594 894 5649 de
922 5592 1304 5648 cardinalibus
1324 5594 1672 5663 presbyteris,
1704 5602 1810 5650 etc.
1844 5597 2082 5658 Photius

2264 5645 2288 5659 ..
2323 5602 2815 5676 Astrampsychus
2874 5598 2929 5656 ἒν
2958 5603 3040 5673 τῷ
3091 5603 3453 5676 Πυθαγορικῷ
3483 5593 3813 5670 λαζευτηρίφ·

415 5675 737 5751 patriarcha
773 5679 851 5734 ita
895 5678 1092 5761 Graece
1149 5684 1454 5749 convertit,
1504 5678 1567 5734 ἐκ
1618 5684 1726 5734 τῶν
1784 5679 2080 5757 πρεσϐυτὲ-

2273 5688 2447 5752 αἷτίας
2476 5693 2585 5744 τῶν
2612 5675 2821 5746 παίδων
2852 5689 2944 5746 καὶ
2980 5695 3083 5759 τῆς
3117 5689 3341 5754 καύκας.
3373 5691 3506 5756 Quae
3556 5692 3613 5746 st
3644 5683 3811 5759 μαῦιω.

420 5786 532 5852 ρων
579 5767 685 5819 τῶν
742 5760 1136 5839 καρδιναλίων.
1179 5769 1313 5826 Vide
1360 5785 1459 5827 vm
1499 5772 1705 5840 synod.
1748 5772 1851 5831 ΟΡ.
1881 5793 1940 5849 p.
1974 5785 2081 5841 466

2264 5783 2333 5839 de
2363 5781 2645 5839 Iudicem.

2234 3370 2556 3427 Theodosio
2587 3371 2777 3443 Episc.
2809 3372 3017 3427 Caesar.
3047 3372 3201 3427 inter
3251 3370 3620 3427 Collectanea
3650 3372 3847 3425 Anasta-
3929 3432 3933 3434 γ
