4066 6208
273 463 432 524 1073

1542 457 1742 518 FABR
1754 455 1882 517 ΟΤΙ
1926 453 2220 516 GLOSSA
2237 458 2366 521 ΗΠ]
2372 462 2460 521 Μ.

3534 469 3690 529 {0‘4

347 591 612 652 Κελλίον.
653 594 712 648 Ρ.
769 593 874 649 326
929 610 959 648 a
1022 591 1088 645 τὰ
1118 587 1204 645 ἒπὶ
1248 595 1348 659 τῆς
1390 587 1674 664 θεραπείας
1715 582 1894 658 λειογέ

2050 669 2063 672 Δ
2113 587 2402 659 Κοντάριον
2452 599 2675 658 contus,
2737 593 2904 649 basta
2957 610 2992 666 p
3073 594 3144 648 23
3201 611 3254 661 c,
3297 590 3694 672 δεξιοστροφεῖν

271 706 388 739 νεια
448 683 726 757 μειράκια.
770 683 958 740 Codex
1015 682 1136 748 GB,
1193 678 1269 734 Τὰ
1323 682 1424 734 τοῦ
1477 675 1709 732 κελλίου
1767 675 1932 728 αὐτοῦ

269 771 641 829 παιδοποῦλα.
683 773 753 827 Et
806 789 864 844 p.
894 772 1018 836 342,
1081 769 1193 842 Πρὸ
1251 774 1350 837 τῆς
1395 765 1672 837 βασιλείου
1711 762 1922 832 κλίνης.

271 865 459 920 Codex
490 863 582 918 ΟΒ
623 862 800 916 habet
835 878 847 916 :
884 858 1123 915 Κελλίου
1153 861 1250 910 τοῦ
1290 860 1551 918 κοιτῶνος
1574 854 1761 909 αὐτοῦ.
1795 854 1927 908 Μο-

273 954 592 1023 echopulus
625 951 747 1024 περὶ
776 947 929 1025 σχεδ’
966 946 1198 1004 Κελλίον
1236 951 1430 1019 κοινῶς
1460 946 1524 1000 τὸ
1580 945 1707 1019 παρ’
1759 944 1929 998 Ἀττι-

266 1048 388 1102 κοῖς
423 1039 719 1112 δωμάτιον,
763 1042 896 1096 item
955 1038 1154 1094 κοιτὼν
1195 1038 1657 1112 καταχρηστικῶς
1715 1033 1777 1086 τὸ
1817 1051 1928 1086 κοι-

265 1138 372 1194 νῶς
405 1130 703 1205 λεγόμενον
737 1128 984 1200 κελλίον,
1008 1129 1337 1186 cubiculum
1364 1129 1564 1184 lectus.

340 1220 724 1294 Κεντηνάριον,
787 1219 1202 1276 centenarium.
1269 1216 1648 1287 TbeOphanes
1707 1231 1720 1268 :
1781 1210 1920 1266 Φασὶ

261 1312 372 1386 γὰρ
405 1311 565 1365 αὐτὸν
615 1309 778 1385 χίλια
815 1309 881 1362 τὰ
936 1307 1258 1380 κεντηνάρια
1317 1302 1732 1370 δεδαπανηκέναι
1791 1320 1923 1376 χρυ-

258 1399 382 1454 σίου
415 1397 466 1452 ἒν
496 1397 674 1468 τούτῳ
705 1401 784 1467 τῷ
817 1395 1024 1468 στόλῳ.
1054 1395 1365 1464 Gregorius
1394 1390 1915 1458 Turonensis,hist.

253 1506 315 1557 ν,
346 1506 472 1558 cap.
507 1488 574 1541 19
610 1503 623 1542 :
673 1487 1008 1542 Thesaurum
1040 1485 1325 1540 habentem
1377 1499 1547 1553 supra
1599 1481 1760 1536 mille
1789 1483 1919 1536 auri

259 1587 598 1634 centenarm.
634 1574 937 1648 Appendix
971 1591 984 1630 :
1019 1575 1367 1643 Recipiebant
1423 1573 1539 1626 tria
1596 1569 1916 1625 centenaria

253 1668 391 1722 auri
419 1665 584 1721 annis
608 1665 864 1736 singulis.
897 1663 1042 1718 Vide
1075 1663 1284 1720 Isidor.
1314 1677 1430 1726 xv1,
1451 1659 1552 1727 24;
1575 1657 1913 1729 Procopium

254 1761 423 1829 Περσ.
467 1761 532 1809 α’.

332 1839 665 1920 Κεφαλάδαι.
701 1845 761 1901 Ρ.
794 1843 899 1898 209
931 1859 964 1898 a
1012 1840 1062 1894 οἱ
1118 1839 1216 1902 τὰς
1275 1835 1574 1910 δημοσίους
1607 1837 1910 1905 ἀναζωννυ-

258 1934 418 2005 μὲνοι
469 1932 666 2007 ἀρχάς.
729 1932 918 1987 Codex
973 1931 1085 1995 GB,
1141 1923 1460 2005 κεφαλάδαι.
1523 1930 1738 1982 Auctor
1795 1926 1985 2010 GB,B

251 2024 357 2079 Καὶ
385 2024 541 2096 πεῖρε
593 2021 682 2076 καὶ
712 2020 844 2081 τοὺς
877 2018 1146 2093 ἄρχοντας
1178 2021 1364 2070 πασῶν
1397 2020 1504 2070 τῶν
1538 2011 1906 2070 καστελλείων

250 2112 347 2167 καὶ
376 2107 687 2190 κεφαλάδας
736 2108 829 2170 οὕς
888 2108 1034 2182 εἶχεν
1105 2105 1209 2174 ὅλη
1269 2107 1304 2175 ἡ
1341 2103 1687 2179 Ἐγκλιτέρα.
1721 2107 1824 2171 Qui
1859 2113 1910 2161 et

253 2202 550 2256 καπετάνοι
582 2201 670 2257 vel
700 2198 1032 2254 καπιτάνιοι.
1074 2204 1289 2252 Auctor
1319 2197 1430 2262 GB,
1493 2197 1546 2250 in
1598 2196 1742 2250 Hist.
1780 2203 1904 2250 nal-

244 2297 360 2348 rat.
411 2292 478 2346 de
539 2289 863 2346 Belisario:
926 2285 1023 2340 Καὶ
1082 2283 1378 2340 καπετάνον
1436 2284 1654 2353 ποιήσω
1713 2303 1769 2337 σε
1827 2282 1907 2351 ἐφ’

242 2379 387 2449 ’ὃλην
447 2381 546 2448 τὴν
608 2374 880 2451 ἀρμάδαν.
924 2377 1246 2434 Concilium
1306 2373 1698 2430 Florentinum
1759 2390 1905 2429 sese.

239 2474 320 2526 25
353 2465 655 2526 εἜστειλα
679 2467 779 2542 γὰρ
816 2467 953 2520 κατά
991 2465 1082 2518 τὸν
1142 2463 1329 2537 καιρὸν
1382 2460 1705 2516 καπετάνιον
1739 2460 1790 2515 ἐν
1836 2465 1904 2535 τῇ

245 2558 465 2629 Βενετίᾳ
525 2556 810 2630 ἑτοιμάσαι
903 2553 1157 2630 κάτεργα.
1212 2554 1526 2624 Capitanci.
1586 2551 1902 2609 Concilium

245 2649 609 2718 Ephesinum
669 2655 779 2703 act.
816 2646 899 2701 7:
958 2642 1527 2713 Magniﬁcentissimus
1582 2643 1904 2713 capilaneus

241 2739 504 2812 principi
533 2742 582 2794 et
629 2738 772 2794 clero
830 2737 1070 2807 scripsit.
1131 2734 1272 2788 Vide
1301 2733 1484 2789 Gloss.
1518 2733 1588 2788 ad
1620 2734 1782 2789 Cedr.
1843 2734 1901 2788 in

237 2827 537 2881 καπετάνοι
580 2836 631 2882 el
666 2827 919 2882 Iudicem
954 2825 1012 2878 in
1043 2819 1376 2898 κεφαλάδας.

321 2913 641 2992 Κεφαλάρεα
671 2922 964 2969 armatura
995 2911 1201 2984 capitis
1231 2927 1538 2981 equorum.
1580 2912 1643 2967 V.
1688 2912 1896 2968 Meurs.

316 3001 770 3076 Κεφαλατικεόειν
813 3004 1022 3057 ducere
1054 3000 1375 3058 cohortem.
1407 3000 1474 3055 V.
1529 3000 1784 3056 Iudicem
1839 3000 1897 3057 in

229 3089 568 3170 κεφαλάδας.

317 3180 732 3259 Κεφαλατίκιον.
793 3181 961 3237 Joan.
1012 3179 1247 3235 Cantac.
1281 3196 1321 3244 ι,
1380 3179 1496 3234 48ε
1555 3176 1897 3248 Ἀπεστάλης

229 3271 316 3332 εἷς
355 3272 419 3325 τὸ
454 3269 642 3333 αὐτόθι
683 3266 1089 3346 κεφαλατίκιον.
1124 3267 1190 3322 V.
1225 3266 1651 3339 Capitaneaws.

315 3357 643 3432 Κλεισοῦραι
696 3354 1020 3432 δυσχωρίαι,
1067 3356 1336 3420 clusurae,
1387 3355 1615 3424 angusti
1674 3355 1885 3410 aditus.

233 3452 568 3522 Procopius
596 3446 718 3522 περὶ
779 3444 1087 3518 κτισμάτων
1119 3445 1184 3519 γ’.
1218 3443 1430 3500 Τούτου
1462 3440 1518 3497 δὲ
1544 3447 1644 3496 τοῦ
1676 3442 1888 3522 χωρίου

233 3539 508 3607 ἐπέκεινα,
569 3538 693 3592 ’ὀσον
762 3535 822 3590 ἐκ
893 3536 1138 3607 σημείων
1221 3533 1366 3588 ὀκτὼ
1444 3533 1700 3606 μάλιστα,
1786 3527 1887 3607 ὅρη

233 3629 496 3701 ἀπότομα
569 3626 660 3680 καὶ
715 3625 1050 3679 παντάπασιν
1137 3620 1405 3692 ἆδιὲξοδα,
1487 3621 1730 3694 ξυνιόντα
1813 3622 1890 3684 εἰς

231 3715 464 3787 ἄλληλα
531 3715 842 3778 στενωποὺς
898 3713 1288 3790 ἀπεργάζονται
1347 3709 1442 3766 δύο
1514 3709 1755 3790 ἅγχιστά
1811 3733 1887 3781 πη

230 3805 513 3877 ἀλλήλοιν
573 3802 750 3874 ὄντας,
810 3805 1012 3878 οὒσπερ
1078 3803 1392 3876 νενομίκασι
1443 3800 1765 3877 κλεισούρας
1803 3824 1890 3857 κα-

234 3897 378 3953 λεῖν.
414 3897 771 3953 Glossarium
825 3911 911 3951 ms
945 3913 957 3951 :
990 3887 1267 3966 Ἐμϐολὴ,
1317 3889 1631 3966 κλεισοῦρα,
1678 3889 1890 3955 εἲσοδος

231 3985 580 4046 στενότατος.
614 3984 1019 4056 Theopbylacl.
1071 3984 1280 4038 Simoc.
1333 3983 1479 4038 Hist.
1515 3982 1754 4038 Mauric.
1789 3999 1888 4052 vn,

229 4094 362 4146 cap.
399 4078 482 4130 14.
521 4082 683 4129 Anna
714 4075 915 4128 Cornu.
958 4073 1059 4128 lib.
1111 4088 1165 4126 v.
1201 4072 1390 4128 Gloss.
1438 4071 1508 4127 ad
1544 4072 1886 4128 Cedrenum.

308 4158 580 4220 Κλίϐανον
663 4163 748 4219 vel
825 4155 1110 4214 κλιϐάνων
1199 4159 1400 4216 lorica.
1471 4160 1888 4216 Constantinus

226 4253 591 4325 Porphyrog.
623 4252 685 4308 in
713 4251 963 4308 Tacticis
998 4269 1012 4307 :
1043 4249 1141 4303 Τὸν
1164 4245 1220 4303 δὲ
1240 4243 1614 4323 καϐαλλάριον
1649 4246 1887 4320 ἐξώπλι-

230 4348 325 4412 ζον
360 4341 646 4417 λωρικίοις
703 4339 792 4394 καὶ
822 4334 1131 4398 κλιϐανιοις
1171 4334 1206 4406 ἤ
1239 4334 1490 4411 σιδηροῖς
1530 4334 1567 4406 ἤ
1610 4337 1714 4392 ἀπὸ
1752 4339 1886 4411 κράο

224 4452 341 4486 των
376 4428 798 4505 πεπλεγμένοις.
853 4429 998 4484 Hinc
1029 4421 1400 4502 κλιϐανάριοι,
1461 4428 1531 4484 de
1580 4429 1787 4499 quibus
1827 4430 1888 4485 in

228 4523 425 4579 Gloss.
459 4522 718 4576 Nomico.

309 4611 496 4684 Κόμης
525 4627 740 4679 comes,
774 4627 831 4681 ρ.
879 4610 1006 4679 243,
1067 4608 1134 4664 Οἱ
1197 4610 1295 4661 τοῦ
1351 4605 1550 4662 στόλου
1586 4611 1684 4662 τοῦ
1729 4609 1883 4683 βασι-

229 4700 398 4762 λέωςθ
432 4703 582 4758 alius
613 4702 790 4756 codex
823 4715 838 4757 :
873 4698 940 4754 Οἱ
989 4701 1088 4751 τοῦ
1149 4694 1436 4771 βασιλικοῦ
1475 4695 1674 4752 στόλου
1706 4697 1887 4771 κόμη-

224 4811 341 4855 τες,
376 4791 766 4859 imperatoriae
799 4788 1004 4844 classis
1063 4787 1320 4844 comites.
1371 4787 1514 4845 Vide
1571 4790 1886 4847 Meursium

223 4882 291 4938 in
314 4899 367 4936 ν.
399 4879 603 4951 κόμης,
635 4885 692 4934 et
722 4879 924 4934 Codin.
960 4879 1030 4932 de
1060 4875 1211 4932 ofﬁc.

303 4970 720 5041 Κομμερκεῦσαι
778 4962 1110 5033 τελωνῆσαι.
1162 4961 1513 5038 Κομμέρκιον
1590 4967 1746 5022 enim
1802 4976 1888 5024 est

229 5060 536 5116 tributum.
580 5058 836 5124 Nicetes,
891 5073 944 5126 p.
1004 5055 1132 5121 247,
1183 5053 1273 5108 καὶ
1331 5051 1395 5107 τὰ
1450 5051 1620 5108 πλοῖα
1677 5053 1888 5111 τούτων

226 5144 670 5222 ἡργυρολόγουν·
706 5146 887 5202 codex
916 5144 1008 5200 (ΞΒ
1039 5138 1424 5218 ἐκομέρκευον,
1458 5149 1630 5200 Anna
1686 5148 1883 5202 conm.

225 5235 488 5295 Alexiad.
521 5252 577 5290 v1
607 5251 621 5291 :
652 5233 760 5303 Τήν
819 5231 1115 5307 ἐμπορείαν
1170 5231 1356 5292 αὐτοῖς
1423 5231 1660 5304 ἀζήμιον
1690 5231 1850 5305 ἐποιή

226 5346 364 5382 σατο
430 5326 482 5380 ἐν
542 5325 739 5385 πάσαις
805 5328 927 5386 ταῖς
993 5321 1096 5377 ὑπὸ
1151 5321 1249 5388 τὴν
1318 5319 1557 5390 ἐξουσίαν
1595 5323 1885 5394 Ῥωμαίων

228 5416 474 5491 χώραις,
504 5411 644 5468 ὥστε
687 5413 882 5473 ἁνέτως
918 5409 1312 5484 ἐμπορεύεσθαι
1369 5411 1457 5464 καὶ
1524 5412 1658 5465 κατὰ
1694 5413 1756 5466 τὸ
1788 5413 1884 5466 αὖ·

223 5509 346 5566 τοῖς
381 5503 672 5578 βουλετὸν,
735 5503 872 5575 μήτε
929 5501 1022 5572 μὲν
1082 5499 1214 5572 ὑπὲρ
1252 5497 1586 5571 κουμερκίου
1618 5497 1654 5568 ἤ
1705 5500 1888 5573 ἑτέρας

223 5594 377 5655 τινὸς
418 5593 751 5667 εἰσπράξεως
803 5593 884 5662 τῷ
940 5587 1192 5660 δημοσίῳ
1234 5587 1691 5658 εἰσκομιζομένης
1722 5586 1889 5661 παρέ-

227 5703 354 5760 χειν
386 5682 520 5757 ἄχρι
567 5681 657 5735 καὶ
702 5675 908 5735 ὀϐολοῦ
949 5677 1062 5740 ἑνὸς
1115 5677 1244 5749 ὑπὲρ
1303 5675 1653 5748 κουμερκίου,
1685 5680 1888 5735 tributi

234 5776 490 5828 nomine.
522 5773 582 5825 1n
619 5769 937 5841 diplomate
968 5764 1282 5820 Andronici
1318 5763 1575 5818 Junioris
1609 5780 1620 5816 :
1666 5763 1762 5816 Καὶ
1805 5761 1886 5818 δι-

233 5857 404 5915 δῶσιν
475 5860 639 5933 χάριν
705 5855 1003 5928 κομερκίου
1045 5854 1120 5913 εἷς
1161 5851 1441 5921 ποσότητα
1500 5854 1888 5925 νουμισμάτων

234 5948 426 6006 ἕκατον
467 5949 816 6022 νουμίσματα
849 5944 964 6001 δύο.
1006 5943 1149 5998 Vide
1196 5941 1552 5999 Glossarium
1596 5945 1667 6000 ad
1719 5946 1888 6003 Cedr.

2045 669 2288 746 δοράτια.
2357 679 2545 734 Codex
2599 681 2709 747 GB,
2794 681 3073 753 κοντάρια.
3145 669 3517 740 Glossarium,
3579 669 3689 744 ms.

2042 759 2240 834 δόρατα
2271 764 2336 818 τα
2373 767 2652 837 κοντάρια,
2696 768 2988 847 λογχάρια,
3023 771 3158 827 item
3201 771 3380 842 ξυστοὶ
3439 773 3508 828 τὰ
3561 794 3687 829 κον-

2035 851 2212 925 τάρια.
2257 855 2589 912 Eustathius
2634 860 2701 914 ad
2736 859 2944 931 Odyss.
2977 876 2996 914 ι
3027 877 3046 914 :
3103 857 3279 928 Δῆλον
3337 858 3392 915 δὲ
3446 859 3531 916 ὅτι
3595 865 3686 918 τὸν

2037 939 2270 1012 ῥηθέντα
2301 945 2604 1019 Ὁμηρικὸν
2663 947 2852 1001 κοντὸν
2912 947 2974 1001 τὸ
3030 949 3160 1022 παρ’
3217 950 3354 1021 ἡμῖν
3394 951 3684 1022 κοντάριον

2037 1027 2339 1102 ὑπεκόρισε.
2374 1036 2912 1109 Astrampsycbus:
2965 1036 3060 1092 Καὶ
3125 1038 3330 1111 μακρόν
3385 1058 3435 1092 τι
3487 1039 3683 1109 ὅμοιον

2031 1119 2316 1196 κονταρίῳ.
2360 1123 2747 1196 Menologium
2791 1142 2976 1182 mens.
3009 1127 3144 1196 Apr.
3203 1129 3259 1181 d.
3291 1130 3381 1183 23.
3418 1129 3520 1184 Leo
3570 1131 3680 1187 Ta-

2030 1211 2161 1266 ctic.
2204 1230 2328 1284 cap.
2365 1215 2452 1279 12,
2485 1216 2628 1284 §50.
2661 1216 3021 1272 Conetantin.
3065 1217 3123 1272 in
3153 1217 3311 1272 Tact.
3357 1235 3409 1287 p.
3450 1220 3505 1276 6.
3557 1220 3680 1276 Mo-

2029 1301 2348 1371 scbOpulus
2379 1301 2502 1376 περὶ
2535 1299 2689 1380 σχεδ·
2726 1301 2864 1376 Δόρυ
2901 1304 2964 1358 τὸ
2992 1304 3297 1379 κοντάριον,
3322 1306 3459 1363 item
3493 1307 3678 1382 λόγχη

2025 1385 2087 1440 τὸ
2134 1389 2442 1464 κοντάριον.
2512 1393 2859 1449 Scholiastes
2916 1393 3180 1464 Oppiani,
3241 1413 3294 1464 p.
3357 1396 3427 1450 7O
3483 1403 3535 1452 el
3589 1399 3678 1452 90.

2025 1475 2172 1532 Hinc
2201 1478 2536 1552 κονταράτος
2566 1486 2736 1538 conto
2760 1485 3040 1538 armatus.
3072 1482 3183 1539 Leo
3214 1485 3269 1539 d.
3303 1486 3330 1552 §
3357 1484 3428 1538 50
3458 1488 3514 1540 et
3540 1489 3567 1555 §
3592 1487 3679 1554 41,

2024 1570 2078 1620 et
2120 1581 2242 1636 cap.
2283 1569 2369 1636 18,
2402 1569 2431 1640 §
2459 1569 2550 1622 27.

2096 1655 2564 1734 Κονταρεξίιραρον
2606 1676 2662 1729 p.
2695 1659 2802 1714 259
2831 1677 2884 1729 a,
2910 1659 2971 1714 in
3003 1661 3199 1717 codice
3243 1661 3335 1717 GB
3368 1663 3680 1732 exponitur

2026 1740 2210 1819 βέλος,
2244 1748 2468 1816 sagitta.

2094 1832 2300 1896 Κόντος
2333 1837 2447 1890 dux
2482 1837 2787 1906 exercitus,
2822 1837 2910 1894 vel
2952 1855 3170 1908 comes,
3229 1845 3420 1907 comte,
3481 1841 3535 1912 ρ.
3579 1843 3672 1896 198

2021 1925 2076 1982 b.
2104 1925 2466 1996 Nicephorus
2490 1927 2790 1997 Gregoras,
2817 1928 2915 1984 lib.
2950 1946 3028 1984 11:
3062 1926 3272 1982 Κόντου
3304 1927 3671 2007 Κεφαληνίας.

2018 2019 2234 2069 Auctor
2264 2015 2356 2071 GB
2386 2020 2487 2083 τῆς
2515 2011 2682 2081 δύσης
2743 2016 2793 2069 οἱ
2851 2016 3117 2086 αὐθέντες,
3179 2015 3428 2091 ῥηγάδες,
3460 2018 3664 2086 κόντοι,

2015 2103 2331 2174 πρίγκιποι,
2367 2100 2648 2171 δουκάδες,
2679 2097 3071 2179 καϐαλλάριοι.

2087 2191 2399 2266 Κούκουρον
2491 2189 2748 2267 γορυθὸς,
2836 2194 3028 2251 theca.
3107 2196 3526 2253 Constantinus
3609 2199 3666 2252 in

2012 2288 2167 2339 Tuct.
2204 2282 2336 2338 Οἴον
2380 2281 2602 2356 τοξάρια
2653 2282 2786 2354 μετᾶ
2854 2283 3126 2358 θηκαρίων
3192 2284 3386 2356 αὐτῶν,
3420 2284 3667 2359 σαγίττας

2017 2367 2155 2441 μετά
2183 2366 2521 2442 κουκούρων.
2556 2371 2700 2426 Vide
2732 2378 2896 2428 notas
2943 2375 3010 2428 ad
3041 2375 3319 2430 Joannem
3358 2374 3664 2432 Cantacuz.

2011 2476 2067 2530 p.
2099 2459 2225 2514 998.

2083 2544 2291 2603 Κοῦλα.
2326 2550 2390 2604 In
2424 2549 2621 2607 codice
2652 2549 2766 2616 GB,
2799 2553 2860 2606 ut
2892 2552 3065 2608 refert
3081 2551 3332 2609 Wolﬁus
3361 2553 3422 2609 in
3446 2553 3661 2610 variis:

2007 2633 2346 2710 Ἀκρόπολις
2378 2637 2437 2693 in
2464 2637 2699 2710 puriore
2729 2641 2947 2696 Graeco.
2981 2641 3043 2697 V.
3076 2643 3407 2698 Meursium.

2079 2723 2422 2798 Κουμπανία.
2489 2727 2549 2782 Ρ.
2609 2727 2715 2782 293
2768 2727 2801 2784 b
2856 2744 2868 2782 :
2929 2728 3202 2801 Φρατρίαν
3263 2728 3351 2783 καὶ
3408 2729 3661 2801 σύστημα

2007 2814 2390 2887 ποιησάμενοι.
2459 2814 2650 2871 Codex
2735 2816 2851 2883 GB,
2949 2815 3272 2889 Κουμπανία
3337 2817 3434 2890 μία
3513 2817 3658 2892 γινό-

2010 2922 2182 2976 μενοι.

2062 2991 2279 3047 ’Κουνία
2315 2990 2622 3067 σπάργανα,
2652 2993 2966 3051 cunabula.

2076 3095 2420 3166 Κούντουρος
2480 3110 2685 3165 equus.
2742 3096 2881 3165 Pag.
2967 3094 3058 3162 69,
3119 3091 3270 3150 Μετὰ
3307 3100 3651 3168 κουντούρων

2002 3181 2092 3236 καὶ
2123 3181 2338 3255 ἀλόγων
2365 3176 2692 3255 Ἀραϐικῶν.
2726 3183 2820 3238 Sic
2853 3185 2991 3256 legit
3022 3183 3332 3240 Meursius.
3358 3185 3659 3254 Fragmen-

1930 3276 2128 3376 ctum
2199 3289 2311 3328 ms.
2372 3271 2502 3344 Περὶ
2568 3267 2946 3339 πηλικότητος
2985 3275 3094 3326 τῶν
3163 3271 3396 3347 μέτρωνο
3463 3272 3553 3325 καὶ
3619 3273 3655 3340 ἠ

2001 3362 2128 3436 παρ’
2184 3363 2318 3434 ἡμῖν
2361 3359 2748 3432 ἐπινενοημένη
2789 3360 2866 3422 εἷς
2927 3361 3222 3437 ὑπουργίαν
3263 3362 3370 3416 τῶν
3441 3360 3655 3436 βασιλι-

1991 3454 2103 3504 κῶν
2153 3450 2495 3522 προστάξεων
2539 3447 2758 3523 ἀλλαγή
2804 3447 2894 3503 διὰ
2960 3454 3070 3504 τῶν
3102 3449 3446 3524 κουντούρων
3491 3449 3655 3522 μίλια

1992 3539 2037 3592 δ’
2067 3538 2238 3612 ἤγουν
2273 3537 2464 3592 στάδια
2511 3539 2611 3612 με’.
2662 3540 2869 3596 Exstat
2924 3541 2984 3594 in
3044 3541 3398 3597 bibliotheca
3457 3541 3652 3610 Regia-

1993 3628 2349 3684 Glossarium
2381 3645 2489 3685 m8.
2527 3645 2540 3683 :
2577 3625 2808 3702 Βὲρεδον
2838 3628 2900 3683 τὸ
2929 3622 3286 3702 κοϐύτουρον.
3323 3629 3650 3700 Legendum

1990 3715 2339 3790 κούντουρον.
2409 3720 2549 3773 Item
2622 3711 2911 3791 βηρήδοις,
2982 3714 3199 3784 ἵπποις,
3265 3714 3641 3789 κουντούροις.

1993 3807 2137 3861 Hinc
2169 3805 2696 3878 ἀποκουντουρίζειν.
2740 3808 2948 3862 Auctor
2994 3806 3084 3862 ΟΒ
3119 3822 3226 3861 me.
3289 3803 3384 3856 Καὶ
3442 3802 3645 3872 ἀπήτις

1992 3900 2064 3973 φᾶ
2091 3894 2181 3948 καὶ
2210 3893 2406 3970 γλύψει
2461 3914 2519 3948 σε
2568 3894 2692 3948 τότε
2747 3892 3234 3967 ἀποκουντουρίζη,
3267 3897 3324 3948 et
3369 3910 3637 3946 κουντου-

1994 3983 2224 4058 ριάριος,
2260 3986 2359 4056 qui
2419 4001 2563 4054 equo
2597 3983 2829 4053 publico
2860 3984 3056 4038 utitur.
3114 3982 3454 4037 Theodorus
3497 3981 3635 4038 Her-

1993 4071 2318 4142 mupolites,
2353 4074 2452 4127 lib.
2486 4088 2585 4137 v11,
2619 4073 2706 4127 tit.
2741 4074 2795 4139 8,
2837 4070 3135 4141 explicans
3167 4070 3353 4140 legem
3384 4073 3418 4124 2
3449 4070 3516 4125 D.
3567 4071 3639 4126 de

1993 4163 2051 4217 in
2067 4164 2170 4233 jus
2202 4178 2324 4218 voc.
2361 4162 2472 4217 ibi:
2492 4161 2594 4217 Sed
2621 4177 2721 4216 nec
2748 4177 2872 4216 eum
2892 4163 2986 4232 qui
3006 4176 3144 4231 equo
3165 4161 3383 4231 publica
3403 4164 3459 4216 in
3475 4177 3641 4216 causa

1990 4251 2225 4322 publica
2255 4250 2684 4306 transvehatur:
2717 4246 2877 4312 Οὔτε,
2931 4249 3142 4320 inquit,
3203 4247 3297 4302 τὸν
3349 4245 3641 4321 δημοσίοις

1989 4339 2182 4402 ’ἓπποις
2235 4335 2325 4392 διὰ
2392 4335 2660 4411 δημοσίαν
2705 4338 2893 4412 χρείαν
2949 4335 3324 4412 ἐποχούμενον
3394 4335 3519 4407 ἤτοι
3547 4339 3639 4393 τὸν

1990 4427 2452 4502 κουντουριάριον.

2065 4525 2403 4600 Κουρσάριος
2487 4524 2694 4595 pirata,
2782 4524 2995 4594 prado.
3091 4522 3452 4580 Glossarium
3529 4541 3638 4581 ms.

1995 4613 2274 4690 Πειραταί,
2304 4611 2738 4683 καταποντισταί,
2777 4615 3117 4688 κουρσάριοι,
3165 4614 3422 4671 corsairc.

2066 4708 2327 4777 Κοῦρσον,
2376 4699 2708 4776 κουρσεύειν.
2768 4703 3064 4759 Cedrenus
3117 4719 3173 4774 ρ.
3215 4701 3323 4759 477
3378 4719 3429 4759 c.
3487 4705 3636 4760 Con-

1994 4796 2288 4851 stantinus
2320 4794 2672 4864 Porphyrog.
2732 4794 2790 4847 in
2823 4791 3072 4848 Tacticis
3106 4808 3120 4846 :
3150 4791 3262 4846 Ἳνα
3297 4791 3331 4859 ἢ
3375 4789 3425 4845 ἐν
3457 4797 3633 4868 καιρῷ

1991 4880 2242 4956 πολέμου
2288 4879 2324 4950 ἥ
2393 4879 2446 4936 ἐν
2505 4881 2682 4954 καιρῴ
2745 4879 2979 4952 κοῦρσου
3038 4879 3398 4954 βαστάζωσιν.
3449 4886 3630 4938 Theo-

1993 4973 2216 5046 phanes
2249 4989 2262 5027 :
2300 4970 2395 5027 Καὶ
2464 4969 2525 5024 οὗ
2554 4967 2944 5044 κουρσεύομεν.
3013 4970 3350 5024 Anastasius
3381 4987 3400 5023 .°
3443 4972 3632 5024 Incur-

1989 5064 2168 5118 siones
2196 5077 2307 5116 non
2353 5061 2609 5131 facimus.
2655 5061 2846 5115 Item:
2915 5057 3294 5131 Κουρσεύομεν
3346 5057 3437 5110 καὶ
3501 5056 3633 5133 ἄφα-

1989 5148 2205 5221 νίζομεν
2236 5147 2332 5208 τὰς
2365 5149 2552 5220 χώρας
2611 5144 2806 5203 αὐτῶν.
2866 5146 3201 5200 Anastasius
3235 5163 3247 5199 :
3275 5148 3557 5201 Irrucmus
3584 5155 3635 5201 et

1995 5238 2496 5295 exterminabimus
2525 5238 2804 5306 regionem
2828 5235 3094 5306 ipsorum.
3121 5232 3257 5288 Vide
3286 5235 3538 5290 Iudicem
3573 5237 3630 5290 in

1993 5331 2216 5396 κοῦρσα,
2257 5322 2590 5398 κουρσεύειν,
2630 5331 2764 5391 etc.,
2797 5328 2854 5379 et
2911 5321 3269 5377 Glossarium
3302 5323 3373 5377 ad
3427 5323 3634 5379 Cedre-

1990 5434 2129 5474 num
2168 5417 2227 5470 in
2260 5431 2396 5471 voce
2425 5414 2646 5470 eadem.
2708 5416 2768 5470 In
2835 5409 3144 5484 κούρσωρες
3211 5418 3399 5468 aulem
3448 5413 3550 5472 lin.
3584 5418 3637 5482 ι,

1991 5523 2024 5562 a
2055 5507 2170 5560 {ine
2200 5503 2321 5573 lege
2348 5510 2718 5574 protocursor.

2063 5589 2380 5649 Κουστωδία
2413 5593 2697 5649 custodia.
2747 5589 3221 5662 Theopbylactus
3280 5592 3349 5645 ad
3413 5608 3540 5663 cap.
3574 5595 3642 5647 2‘7

1993 5683 2242 5740 Matthtei
2301 5700 2314 5738 :
2371 5676 2694 5737 Κουστωδία
2752 5676 2808 5735 δὲ
2863 5675 3074 5754 λέγεται
3131 5678 3276 5754 παρᾶ
3338 5679 3638 5752 Ῥωμαίοις

1993 5773 2026 5840 ἡ
2062 5767 2301 5844 φυλακή.
2336 5768 2478 5832 Τοὺς
2535 5766 2624 5824 οὗν
2686 5767 2773 5824 ἐπὶ
2813 5768 2874 5822 τὸ
2932 5766 3220 5846 φυλάττειν
3275 5767 3637 5844 τεταγμένους

1993 5854 2327 5932 στρατιώτας
2358 5851 2691 5909 κουστωδίαν
2736 5852 3012 5925 ὀνομάζει.
3051 5855 3115 5907 Et
3171 5854 3237 5907 ad
3296 5855 3430 5908 Acta
3495 5871 3637 5923 apo-

1995 5947 2301 6012 stolorum,
2335 5963 2455 6016 cap.
2489 5962 2526 5999 Χ
2559 5959 2574 6001 :
2611 5941 2806 5998 ’ἰστέον
2849 5939 2907 5997 δὶ
2944 5939 3028 5996 ὅτι
3058 5941 3093 6012 ἡ
3158 5941 3252 6014 μὲν
3283 5943 3475 6013 σπεῖρα
3513 5935 3635 5994 δια-
