4066 6208
520 495 674 556 1075

1837 474 2154 538 NICE'I‘IE
2197 456 2615 532 CthNlAT/E

3741 464 3852 526 1076

515 627 715 682 κοσίων
760 622 872 680 ἐστὶ
913 613 1284 696 στρατιωτῶν,
1342 617 1378 684 ἡ
1421 605 1479 668 δὲ
1535 606 1842 667 κουστωδία
1890 605 2173 676 ἑξήκοντα.
2207 606 2260 674 Α
2289 601 2452 657 otiois
2535 599 2669 671 Ἔχε
2701 593 2758 650 δὲ
2798 595 2890 650 καὶ
2948 589 3350 672 μαγγαναρῐους
3404 589 3492 644 καὶ
3547 587 3850 670 λεπτουργιὴ

517 716 873 776 Glossarium
935 693 1042 769 ms.
1100 726 1113 766 :
1160 701 1476 764 Κουστωδία
1525 700 1585 756 τὸ
1652 699 1978 772 στράτευμα,
2031 693 2164 768 ὅπερ

525 801 720 880 βάνδον
759 802 810 856 oi
851 803 1122 874 Ῥωμαῖοι
1181 794 1466 851 καλοῦσιν.
1525 791 1784 848 Utuntur
1843 785 2170 841 Alexander

517 893 857 962 Monachus,
889 873 978 947 der
1016 887 1346 945 inventione
1394 889 1452 940 S.
1499 881 1698 938 Crucis
1737 896 1751 948 ;
1785 877 2017 932 Simeon
2049 873 2166 928 Me-

515 984 866 1056 taphrastes,
900 979 955 1036 in
991 978 1255 1050 Longino
1286 992 1300 1043 ;
1335 971 1573 1029 Alexius
1622 969 1943 1025 Rharturus
1983 964 2163 1018 doctr.

513 1051 622 1129 ult.
657 1068 1152 1128 Pentecostarium
1190 1083 1204 1133 ;
1257 1061 1546 1118 Palladius
1577 1053 1832 1114 historiis
1873 1051 2170 1110 Lausiacaa

511 1153 640 1234 cap.
673 1162 744 1215 86
775 1161 833 1216 in
869 1161 1003 1214 (ius.
1099 1226 1105 1230 ι

582 1227 1029 1322 Κουζασολάγης.
1095 1227 1242 1300 Vide
1301 1239 1619 1299 Meursium
1702 1235 1762 1290 in
1821 1231 2024 1288 eadem
2081 1227 2172 1284 di-

511 1341 725 1412 ctione,
757 1345 816 1396 et
843 1336 1096 1406 κουτζός.
1160 1398 1163 1412 ἶ

586 1425 840 1503 Κρασίον,
871 1428 1072 1483 vinum
1107 1440 1121 1480 :
1155 1409 1330 1478 hodie
1369 1417 1549 1493 κρασί.

587 1494 801 1586 Κῶδηξ.
829 1494 1044 1571 Codex.
1083 1512 1336 1568 Isidorus
1367 1505 1689 1563 Pelusiotes
1735 1503 1766 1556 4
1798 1497 2028 1572 epistol.
2059 1494 2129 1550 94
2158 1510 2171 1549 :

518 1609 588 1666 Οἱ
619 1609 727 1660 τῶν
755 1602 1062 1677 νομοθετῶν
1091 1596 1346 1658 κώδικες.
1381 1599 1442 1654 ν.
1475 1594 1732 1651 Glossar.
1764 1591 1834 1647 'ad
1866 1588 2033 1645 Cedr.

1325 1736 1370 1785 Λ

592 1869 815 1947 Λαρδία.
846 1874 908 1927 Ρ.
940 1869 1047 1925 322
1098 1883 1150 1934 c,
1211 1863 1328 1934 ὕεια
1357 1859 1513 1935 κρὲα.
1571 1858 1763 1915 Codex
1809 1853 1924 1919 GB,
1957 1844 2176 1924 λάρδια.

520 1940 738 2021 ϐιοεέω
788 1957 1034 2032 Cyrilli:
1085 1947 1323 2027 Λάρὸος,
1384 1946 1628 2006 laridus.
1682 1942 2061 2032 Theophanes
2118 1940 2175 1994 in

517 2028 851 2111 Justiniano
885 2067 898 2106 :
933 2045 1097 2104 Oi'vou
1140 2044 1234 2116 μὲν
1260 2042 1363 2118 γὰρ
1412 2038 1504 2093 καὶ
1534 2032 1740 2110 λάρδου
1798 2030 1889 2088 καὶ
1919 2028 2172 2086 παντοῖον

521 2139 700 2202 εἴδους
733 2135 948 2195 εὖθυνία
976 2135 1068 2204 ἦν.
1101 2131 1280 2191 Hodie
1311 2125 1472 2201 λάρδι
1505 2127 1724 2184 dicunt.

597 2230 811 2305 Λεγεών
844 2227 1016 2299 legio.
1049 2225 1108 2281 S.
1163 2219 1520 2278 Athanasius
1554 2217 1612 2271 in
1644 2209 1992 2305 Metaphrasi
2022 2206 2178 2304 Psal:

527 2293 757 2378 mordm
791 2293 1076 2387 msipsal.
1109 2327 1295 2378 LXXVI,
1326 2324 1478 2364 vers.
1513 2307 1578 2361 17
1612 2321 1627 2360 :
1661 2301 1740 2359 Τὸ
1797 2296 2012 2368 πλῆθος
2080 2293 2176 2350 τοῦ

527 2408 800 2486 λεγεῶνος
825 2405 890 2461 τὸ
918 2385 1014 2465 τὰς
1043 2401 1142 2470 τήν
1207 2393 1439 2455 ἄϐυσσον
1503 2390 1780 2448 ἀπελθών.
1840 2385 2178 2460 Procopius,

527 2474 870 2572 περὶκτισμ.
917 2493 1218 2546 Ἰουστιν.;
1280 2483 1496 2560 Λεγεὼν
1555 2478 1612 2536 δὲ
1671 2480 1699 2534 ὁ
1757 2475 1923 2553 λόγος
1979 2474 2176 2530 ἐπωνο-

532 2564 752 2661 μέζετο.
784 2564 1246 2654 Theophylactus
1279 2577 1348 2633 ad
1383 2590 1509 2645 cap.
1540 2588 1669 2661 axvx
1698 2568 1906 2661 Matth.
1930 2583 1942 2621 :
1967 2564 2176 2639 Λεγεὼν

527 2655 633 2753 γάρ
703 2672 814 2729 ἐστι
871 2672 934 2726 τὸ
996 2668 1245 2744 μέγιστον
1301 2665 1488 2739 τάγμα
1552 2655 1913 2746 ἑξακισχίλιοι
1971 2655 2180 2717 ἱππεῖς,

517 2739 682 2825 Adde
713 2739 1010 2820 Paeonium
1041 2739 1298 2829 E'utrOpii
1332 2742 1714 2825 Metaphrast.
1750 2767 1806 2821 p.
1836 2739 1908 2801 70
1947 2750 2004 2801 et
2054 2744 2176 2800 101.

519 2857 818 2913 Constant.
854 2853 924 2907 de
954 2850 1156 2904 Them.
1203 2846 1421 2902 Orient.
1455 2843 1539 2898 th.
1599 2843 1637 2896 ι.
1698 2835 1946 2910 Oppiani
1977 2831 2178 2890 Schol.

521 2964 580 3018 p.
641 2945 728 3000 44.
786 2941 1004 2998 Rufum
1058 2939 1116 2993 in
1177 2937 1284 2992 LL.
1338 2933 1505 2988 milit.
1566 2929 1862 2999 Moschop.
1911 2923 2179 2979 Alexium

521 3011 877 3090 itharturum
911 3030 1095 3084 doctr.
1129 3026 1237 3082 ult.
1269 3028 1496 3079 Graacos
1528 3021 1617 3077 ad.
1656 3020 1700 3075 Ι.
1744 3034 1803 3072 ιι.
1837 3015 1909 3071 de
1955 3013 2049 3069 his
2080 3011 2181 3083 qui

519 3121 886 3283 Daieigofipta
929 3205 1175 3262 luxuria.
1207 3201 1346 3261 Vide
1379 3198 1584 3258 Leonis
1614 3195 1875 3264 Tactica,
1933 3207 2062 3264 cap.
2093 3189 2182 3258 20,

523 3307 553 3376 ι
580 3301 671 3368 83,
702 3305 759 3356 et
787 3298 868 3354 ibi
895 3294 1232 3376 Meursium.

2275 689 2365 744 καὶ
2401 685 2650 763 χαλκεῖς.
2687 687 2820 744 Vide
2853 685 2922 741 ad
2958 686 3300 740 Cedrenum.

2346 770 2706 852 Μαγκλάϐιον
2778 775 2988 840 lorum,
3046 771 3364 844 ﬂagellum,
3408 771 3587 826 fustis.
3637 771 3688 826 P.
3715 773 3848 830 212C.

2279 872 2357 923 Δι’
2433 864 2721 921 ἄλλακτῶν
2780 859 3060 918 ἐπαίδευσε
3111 856 3346 915 δώδεκα.
3416 859 3596 916 Codex
3643 862 3740 926 GB,
3785 865 3849 916 Διὰ

2283 948 2668 1032 μαγκλαϐίων.
2709 950 3072 1009 Conslantin.
3106 948 3185 1004 De
3243 950 3402 1003 sdm.
3461 949 3594 1019 imp.
3645 965 3749 1021 cap.
3773 952 3849 1006 51:

2277 1048 2480 1100 Τοῦτον
2530 1040 2619 1098 διὰ
2676 1035 3039 1118 μαγκλαϐίων
3098 1033 3350 1112 σφοδρῶς
3411 1035 3738 1110 ὑπεξήρχετο,
3780 1041 3849 1096 [ρο

2280 1133 2758 1212 Grammaticus:
2811 1127 3060 1205 Ἀγαγών
3121 1123 3320 1188 αὖτοὺς
3376 1126 3466 1179 καὶ
3530 1125 3849 1198 ἀπογυμνώσας

2281 1219 2444 1295 ἔτυψε
2476 1213 2810 1294 μαγκλάϐισι.
2863 1219 2957 1275 Sic
2996 1218 3055 1272 in
3115 1216 3294 1284 Regio
3351 1215 3587 1283 codice;
3633 1216 3738 1288 lege
3763 1238 3851 1290 μαγ-

2279 1305 2558 1372 κλαϐίοις.
2592 1312 2736 1366 Item
2770 1305 3155 1380 στρατηλάτην
3223 1305 3343 1365 τοῖς
3399 1305 3709 1376 προσήκουσι
3759 1326 3852 1380 μαγ-

2279 1393 2532 1458 κλαϐίοις
2590 1396 2952 1473 ἐσωφρόνησε.
3017 1393 3160 1449 Hinc
3248 1385 3641 1465 μαγκλαϐίτης.
3717 1398 3851 1452 Item:

2282 1483 2699 1557 ΤοῦἈρσενίου
2748 1476 3017 1548 ἐπιϐουὶὴ
3077 1478 3169 1532 καὶ
3229 1476 3450 1532 Παύλου
3518 1473 3853 1552 μαγκλαϐιτῶν.

2286 1579 2427 1633 Item
2465 1593 2478 1630 :
2511 1576 2597 1648 Τῇ
2664 1569 2760 1629 τοῖ’)
2821 1565 3201 1648 μαγκλαϐίτου
3251 1568 3373 1641 ἀξίᾳ
3427 1568 3667 1641 τιμηθεὶς
3715 1569 3757 1623 ἐν
3805 1575 3854 1642 τῷ

2285 1664 2422 1739 οἷ’κῳ
2473 1669 2580 1719 τῶν
2653 1664 2941 1740 μαγγάνων
3016 1658 3245 1734 διῃτᾶτο
3332 1659 3648 1732 τηρόμενος.
3699 1663 3855 1716 Auctor

2286 1757 2543 1812 incertus
2576 1755 2647 1810 de
2679 1750 3198 1810 castrametatione
3229 1750 3291 1804 in
3323 1748 3465 1804 bibl.
3515 1748 3641 1820 Reg.
3669 1746 3757 1802 Σὺν
3777 1752 3854 1809 tot;

2289 1837 2690 1919 μαγκλαϐιταις
2741 1839 3104 1910 πηκέτωσαν.
3139 1837 3284 1894 Vide
3342 1837 3661 1905 Cedrenum,
3695 1856 3739 1910 ρ,
3787 1839 3854 1892 5-23

2289 1939 2351 2003 B,
2392 1944 2446 1991 et
2479 1934 2560 1989 ibi
2593 1939 2760 1989 notas
2793 1930 3145 2004 posteriores
3167 1927 3556 1984 eruditissimi
3585 1926 3676 1982 viri
3712 1927 3853 1983 Jacobi

2284 2025 2453 2081 Goar.

2357 2108 2653 2188 Μάγουλον
2685 2118 2854 2184 gena.
2882 2107 3129 2182 Cyrillus
3161 2107 3498 2180 patriarcha
3519 2106 3615 2162 ΟΡ.
3635 2106 3854 2162 Adversus

2285 2207 2514 2263 Judazos
2538 2221 2664 2278 cap.
2698 2205 2753 2272 2,
2787 2206 2992 2274 quaest.
3030 2217 3049 2256 ι
3083 2218 3096 2257 :
3129 2198 3361 2260 Ὁποῑός
3421 2218 3500 2252 σοι
3532 2194 3663 2270 δώσῃ
3695 2197 3769 2251 ’ἕνα
3790 2197 3852 2269 ῥέ-

2287 2315 2466 2369 πισμα
2527 2293 2604 2356 εἷς
2663 2291 2725 2348 τὸ
2792 2285 2880 2346 ἕνα
2949 2291 3251 2364 μάγουλον,
3308 2288 3526 2363 γύρισαί
3577 2307 3662 2340 του
3708 2286 3852 2340 καὶτὸ

2287 2381 2454 2440 ἄλλο.
2499 2389 2712 2439 Auctor
2769 2381 2862 2438 GB
2895 2377 3147 2453 μάγουλα
3187 2374 3566 2452 ῥοδοκόκκινα,
3619 2371 3856 2430 αὐτόὸαπτι

2287 2475 2354 2532 τὰ
2389 2473 2579 2548 χείλη.
2621 2473 2813 2530 Gloss.
2849 2473 2958 2528 ms.
3000 2467 3192 2546 γνάθοι
3226 2466 3500 2542 μάγουλα,
3539 2467 3661 2524 item
3703 2463 3856 2538 παρειπῖ

2290 2564 2345 2618 αἱ
2401 2562 2586 2638 γνάθοι
2644 2559 2770 2629 ⁴ἢτοι
2827 2559 2895 2613 τὰ
2961 2554 3231 2631 μάγου).α.
3313 2557 3457 2612 Hinc
3501 2550 3854 2627 κατομᾶγουλον.

2290 2655 2519 2709 Nicetas
2549 2669 2604 2722 p.
2645 2651 2751 2706 238
2785 2667 2819 2705 a
2871 2647 2970 2714 τὴν
3026 2646 3177 2700 κάτω
3235 2639 3394 2722 γένυν
3448 2642 3739 2718 τρομαλεὶαν
3783 2639 3854 2694 δει-

2287 2739 2431 2803 κνύς.
2465 2741 2656 2797 Codex
2687 2738 2804 2808 GB,
2833 2733 3242 2811 Κατομάγουλα
3297 2738 3408 2788 τῶν
3469 2735 3684 2808 γενειῶν.
3729 2731 3854 2787 Hodie

2295 2825 2544 2908 μάγουλο
2575 2828 2796 2884 dicunt.

2363 2921 2752 2997 Μακελλάριος
2815 2922 3030 2992 lanius,
3089 2921 3367 2978 laniatur.
3421 2915 3853 2991 Astrampsycbns:

2295 3013 2470 3086 Δηλοῖ
2523 3010 2579 3068 δὲ
2611 3012 2747 3068 εἶναι
2803 3011 2894 3066 τὸν
2952 3009 3227 3086 ἄνθρωπον
3295 3007 3628 3084 μακελλᾶρην
3670 3005 3743 3061 καὶ
3787 3002 3856 3076 μά-

2292 3124 2495 3181 γειρον.
2542 3104 2721 3162 Hodie
2756 3100 3094 3177 μακελάρης.

2367 3192 2580 3253 Μαλίον
2650 3193 2913 3266 capillus.
2973 3194 3109 3263 Pag.
3168 3191 3276 3246 382
3331 3191 3389 3257 d,
3445 3187 3541 3246 Καὶ
3591 3187 3674 3248 τὰς
3716 3185 3854 3258 τρίχας

2298 3281 2788 3359 συνεστραμμένας.
2869 3282 3054 3338 Codex
3151 3281 3264 3349 GB,
3329 3275 3514 3352 μαλία.
3595 3279 3855 3333 Ammianus

591 3350 822 3456 Λευίτης
882 3385 1098 3453 Levita,
1158 3375 1462 3438 diaconus.
1522 3376 1710 3433 Gloss.
1770 3389 1884 3429 ms.
1944 3365 2165 3435 λευῖτης

2292 3350 2526 3432 Antboi.
2561 3350 2690 3430 ilib.
2749 3389 2813 3440 ιι,
2871 3388 2999 3442 cap.
3056 3371 3149 3437 52,
3205 3350 3386 3456 epigr.
3422 3371 3508 3424 5:
3551 3367 3635 3420 Καὶ
3686 3361 3854 3428 στόλων,

520 3475 790 3538 διάκονος.
832 3473 1117 3546 Corippus
1141 3472 1210 3526 93
1245 3486 1260 3526 :

589 3568 727 3625 Hinc
753 3565 1067 3622 Levilarum
1101 3559 1442 3619 venerabilis
1480 3557 1607 3614 ordo
1636 3557 1952 3610 canentum.

512 3658 670 3716 Nihil
701 3655 1066 3729 frequentius
1097 3651 1157 3707 in
1189 3649 1358 3706 libris
1381 3651 1644 3704 Patrum.
1669 3645 1816 3699 Hinc
1835 3636 2171 3698 archilevita

503 3766 606 3822 pro
667 3745 1102 3802 archidiacono.
1159 3739 1456 3796 Gott‘ridus
1527 3735 1695 3805 epist.
1760 3733 1849 3798 17,
1902 3729 2004 3785 lib.
2065 3743 2168 3783 ιιι

505 3817 804 3895 indiscrete
832 3835 1105 3906 gloriosus
1138 3838 1318 3886 tester
1351 3825 1704 3892 archz‘levita,
1735 3826 1842 3879 etc.
1883 3817 2170 3875 Nimirum

513 3925 669 3996 quod
707 3903 897 3979 Aaron
928 3925 986 3976 et
1044 3919 1148 3974 lilii
1209 3918 1338 3988 ejus
1399 3918 1574 3986 atque
1619 3911 1822 3967 Levita;
1855 3909 1912 3964 in
1955 3903 2174 3976 templo

513 3994 778 4079 fuerunt,
813 4011 921 4068 hoc
952 4006 1209 4082 episcopi
1267 4009 1323 4061 et
1363 4001 1685 4075 presbyteri
1717 4003 1774 4055 et
1803 3995 2027 4053 diaconi
2061 3994 2171 4062 sibi

516 4102 821 4158 vindicant
851 4101 911 4156 in
951 4097 1215 4161 ecclesia,
1239 4103 1301 4149 ut
1333 4094 1414 4148 ait
1443 4093 1849 4162 Hieronymus,
1885 4085 2054 4158 epist.
2081 4085 2172 4138 85.

595 4188 781 4257 Λίζιος
812 4187 1191 4253 domesticus,
1222 4183 1468 4250 amicus,
1503 4199 1557 4254 p.
1605 4179 1671 4234 18
1728 4195 1778 4234 c.
1839 4183 2053 4231 Auctor
2083 4172 2173 4228 GB

525 4277 704 4349 λίζιός
734 4297 830 4332 του
861 4273 1030 4350 ἐγίνη.
1063 4273 1206 4330 Vide
1236 4272 1487 4329 Iudicem
1545 4275 1603 4326 et
1654 4265 1887 4323 Meursii
1921 4263 2173 4320 Glossar.

593 4367 888 4444 Λογιστής.
965 4366 1027 4420 Ρ.
1087 4363 1156 4418 37
1237 4362 1272 4417 d
1329 4359 1476 4417 alius
1549 4359 1728 4414 codex
1808 4350 2173 4428 λογαριαστήν

519 4459 711 4515 habet.
761 4455 906 4510 Vide
963 4455 1248 4509 Zonaram
1308 4451 1378 4506 ad
1412 4466 1542 4504 can.
1582 4449 1670 4513 10,
1704 4462 1867 4501 conc.
1897 4446 1933 4494 7
1963 4457 2173 4498 mcum.

518 4534 621 4603 seu
657 4547 896 4599 Nicaanaa
932 4559 971 4598 ιι
1004 4541 1229 4614 synodi.
1299 4538 1598 4610 Moschop.
1641 4534 1771 4610 Περὶ
1830 4529 1984 4607 σχεδ.
2021 4549 2070 4603 p.
2111 4531 2177 4585 47

512 4632 574 4687 in
609 4632 736 4686 line.
772 4630 852 4685 De
883 4629 1111 4700 logista.
1164 4627 1362 4697 Cujac.
1415 4625 1485 4681 ad
1547 4625 1586 4679 l.
1655 4624 1725 4678 30
1769 4622 1831 4679 C.
1865 4621 1945 4676 De
1976 4619 2172 4675 decur.

2281 3462 2512 3536 μάλιον,
2566 3460 2879 3534 πωγώνιον,
2913 3456 3115 3532 Δὥμιιον
3187 3451 3314 3528 ἔξω,
3374 3455 3433 3512 ἐκ
3480 3454 3667 3510 τούτων
3712 3454 3738 3520 ἡ
3783 3454 3848 3502 νῦν

2279 3549 2564 3624 εὐδοκιμεῖ
2608 3548 2787 3628 σοφίαι.
2821 3551 3036 3606 Auctor
3064 3549 3175 3614 GB,
3208 3547 3372 3622 Ἔχει
3432 3542 3594 3620 μαλία
3622 3537 3845 3620 music-o-

2277 3662 2343 3697 τα
2372 3639 2464 3696 ἴσα
2495 3643 2595 3704 τῆς
2619 3637 2844 3708 ἡλικίας
2871 3642 2993 3706 τῆς.
3027 3637 3209 3693 Hodie
3245 3634 3408 3709 μάλι.

2350 3728 2577 3805 Μανάρα
2608 3733 2829 3785 securis
2861 3746 2915 3797 p.
2945 3727 3070 3781 227.
3104 3725 3363 3782 Utuntur
3403 3726 3566 3782 etiam
3600 3721 3748 3779 hodie.

2352 3816 2687 3892 Μανδρεῦειν
2723 3817 2914 3890 p.268
2965 3833 3018 3872 a.
3074 3804 3304 3889 Μάνδρα
3365 3821 3453 3872 est
3508 3809 3844 3870 monasterium.

2279 3909 2644 3983 Epiphanius
2702 3905 2910 3963 haaresi
2965 3906 3036 3960 80
3102 3921 3116 3960 :
3173 3904 3262 3960 Ἐν
3325 3899 3683 3977 μοναστηρίοις
3730 3893 3844 3962 ὑπάρ-

2280 4019 2474 4075 χοντες
2506 3995 2682 4052 εἷ’τουν
2743 3991 3024 4070 μάνδραις.
3085 3983 3236 4051 Hinc
3298 3989 3618 4068 μανδρεύειν.
3646 3989 3847 4046 Nicetes:

2282 4088 2470 4154 Αὐτήν
2530 4083 2701 4140 ἐκεῖσε
2759 4080 3112 4158 ἐμάνδρευσε,
3168 4081 3515 4139 monacham
3567 4080 3694 4136 fecit.
3738 4078 3847 4130 Μαν-

2283 4173 2490 4251 δρεύειν
2532 4180 2725 4231 autem
2757 4174 2906 4228 dixit
2945 4177 3006 4228 ut
3035 4171 3224 4228 Latini
3260 4170 3616 4227 monachare.
3639 4161 3850 4222 Goll'ridus

2287 4249 2733 4321 Vindocinensis
2766 4280 2840 4330 ιν,
2875 4262 3049 4335 epist.
3087 4263 3192 4317 13:
3244 4260 3439 4316 Subita
3491 4271 3710 4331 pressum
3743 4249 3852 4317 inﬁr-

2282 4353 2890 4412 mitatemonachastz's.
2925 4352 2994 4408 Et
3051 4351 3225 4423 epist.
3277 4352 3348 4405 50
3382 4367 3395 4406 :
3453 4351 3584 4419 Quos
3609 4337 3852 4400 monamn'o

2282 4452 2474 4502 nostro
2499 4441 2906 4500 monachandos
2929 4440 3103 4496 misil.

2357 4529 2711 4588 Μανουάλιον
2797 4529 3258 4598 candelabrum,

2285 4621 2634 4678 chandelier.
2671 4619 2810 4676 Vide
2843 4618 3185 4674 Mcursium.

3343 4528 3511 4585 hodie
3608 4513 3848 4588 καντιλιὲρε,

515 4720 554 4776 l.
589 4721 622 4774 3
660 4722 722 4786 C,
755 4719 825 4774 de
855 4717 948 4774 his
979 4717 1074 4788 qui
1110 4733 1194 4787 sp.
1230 4730 1391 4770 muu.
1454 4728 1607 4770 susc.
1667 4717 1723 4767 et
1781 4712 1820 4766 l.
1882 4711 1946 4764 15
2005 4709 2070 4764 D.
2107 4709 2175 4763 de

2366 4709 2599 4767 Μάππα.
2633 4707 2847 4763 Μάπποι
2878 4703 3216 4781 στρογγύλη.
3254 4701 3395 4762 Vide
3427 4703 3673 4761 Iudicem.

555 4829 718 4868 XOIJS.

555 4830 718 4868 xcus.

521 4830 551 4871 θ
595 4901 807 4978 Λόγγος
841 4899 1003 4955 locus
1053 4899 1359 4970 augustus.
1409 4891 1552 4950 Vide
1584 4893 1930 4958 Cedrenum,
1984 4906 2038 4962 p.
2073 4890 2177 4944 407

523 5009 577 5048 a.
613 4995 670 5047 et
696 4987 936 5046 Meursii
967 4985 1151 5043 Gloss.

597 5076 904 5154 Λογοθὲτης
989 5069 1414 5132 cancellarius.
1475 5071 1618 5128 Vide
1691 5068 2045 5126 Glossarium
2105 5067 2176 5124 ad

528 5169 870 5227 Cedrenum.

591 5256 929 5332 Λιυρίκαινον
962 5255 1296 5322 loricatum,
1327 5252 1520 5308 instar
1549 5250 1772 5306 loricm.

593 5351 784 5420 Δῶρος
821 5363 875 5417 p.
909 5345 978 5398 86
1037 5361 1087 5398 c.
1123 5341 1314 5412 ’Έξανε
1369 5337 1607 5400 πολλαῖς
1639 5335 1728 5392 διὰ
1757 5335 1972 5412 λώριυν·
2008 5336 2184 5394 codex

521 5438 610 5492 (ΞΒ
649 5429 972 5511 μαγκλάϐια
1002 5431 1130 5496 δοὺς
1159 5429 1367 5520 πολλοέ.
1399 5431 1535 5488 Vide
1566 5431 1636 5487 ad
1669 5431 1834 5488 Cedr.

1331 5568 1387 5624 M

600 5690 1018 5766 Μαγγανίτζκσα
1105 5708 1499 5764 manganum,
1585 5689 1860 5747 machina
1937 5688 2191 5753 bellica,

533 5781 690 5838 idem
727 5782 875 5850 quod
930 5780 1220 5854 μάγγανον.
1257 5783 1316 5837 Ρ.
1361 5783 1484 5850 106,
1543 5784 1744 5837 auctor
1773 5781 1901 5836 GB:
1962 5779 2194 5848 Στήσαν-

538 5889 626 5930 τες
663 5869 974 5944 μκγγανικᾶι
1020 5863 1323 5939 ἐπολέμουν
1357 5869 1420 5922 τὸ
1478 5870 1727 5943 κάστρον.
1792 5869 1934 5924 Hinc
1989 5886 2191 5942 μαγγα-

540 5957 692 6033 άριος
745 5957 846 6028 qui
894 5953 1183 6026 mangan'a
1246 5956 1501 6015 coniicit.
1554 5958 1970 6015 Constantinus
1999 5957 2058 6013 in
2097 5958 2199 6014 Ta-

2356 4798 2688 4872 Μαππάριος
2741 4795 3096 4868 mapparius,
3161 4795 3260 4867 qui
3329 4808 3582 4866 mappam
3653 4789 3700 4844 in
3746 4781 3848 4838 circo

2287 4889 2570 4945 mittebat.
2630 4885 2777 4941 Vide
2830 4884 3152 4940 Meursium
3211 4888 3269 4940 et
3315 4882 3648 4941 Glossarium
3678 4874 3732 4931 ad
3771 4873 3844 4925 σε·
3958 4911 3959 4918 η

2285 4979 2554 5034 dreuum.

2360 5063 2666 5140 Μαρκέσιος
2738 5061 3023 5131 marchio,
3084 5069 3145 5118 ut
3204 5063 3263 5118 in
3324 5061 3530 5136 synodo
3593 5048 3842 5113 Florentina

2293 5153 2586 5228 μαρκέσιος
2616 5155 2718 5216 τῆς
2752 5149 3077 5225 Φερῥαρίας.
3108 5150 3246 5208 Vide
3279 5151 3576 5223 Gregoram
3608 5159 3688 5199 vn.

2361 5241 2747 5311 Ματζουκάνη,
2823 5239 3174 5312 ματζούκιον,
3269 5222 3552 5312 ματζοῦκα.
3607 5222 3844 5290 Constanti-

2295 5352 2404 5390 nus
2431 5309 2657 5389 Tactic.
2781 5309 2847 5386 19
2881 5347 2896 5385 :
2954 5309 3281 5404 Τζικούρια,
3337 5323 3634 5404 βαρδούκια,
3680 5309 3844 5390 ματζ⁰ί⁸

2295 5443 2406 5480 κιαι.
2442 5423 2554 5478 Leo
2584 5421 2745 5477 Tact.
2771 5436 2901 5491 (-ap.
2939 5419 3004 5473 14
3034 5418 3064 5491 §
3095 5403 3212 5476 81:
3274 5403 3344 5473 Ἦ
3402 5411 3659 5487 σικουρίων
3687 5403 3715 5473 ἦ
3747 5419 3842 5491 ίμπᾷ

2302 5509 2554 5581 ζουκίων.
2585 5490 2919 5581 Stephanus
2962 5490 3315 5565 Sacblices:
3374 5505 3638 5573 Ματζοῢκα
3685 5490 3840 5559 aciei“)

2297 5601 2390 5655 τὸν
2426 5598 2620 5672 ἄνεμον
2650 5596 2716 5650 νὰ
2750 5593 2919 5670 δύρω.

2370 5671 2596 5760 Μαῦρος
2629 5688 2810 5758 niger.
2847 5689 2906 5742 ι).
2943 5685 3014 5741 35
3044 5686 3103 5753 d,
3165 5686 3258 5757 Τῷ
3317 5681 3371 5738 δὲ
3423 5683 3594 5757 μέλανι
3641 5671 3835 5760 magm-

2302 5757 2510 5838 Codelt
2578 5777 2693 5845 GB,
2768 5775 2984 5849 μαύρῳ.
3051 5775 3472 5849 TbeOphanes:
3525 5765 3610 5823 Κπί
3661 5757 3836 5849 ﬁnitus:

2307 5866 2493 5944 σαγίον
2555 5840 2785 5939 μαῦρον.
2851 5840 3033 5920 Hodie
3107 5840 3331 5937 quoque
3378 5863 3434 5918 in
3489 5875 3583 5916 usu
3624 5856 3711 5910 est.
3750 5840 3834 5897 Vide

2311 5941 2629 6016 Meursium
2660 5955 2734 6011 ad
2765 5970 2894 6026 cap.
2927 5954 2997 6010 12
3051 5954 3337 6015 Constant.
3367 5953 3443 6012 De
3466 5945 3638 6009 ad'mi'n
3661 5941 3770 6009 imP'
