4066 6208
228 413 383 476 1077

300 541 597 618 Μέλιγγος.
630 542 775 600 Vide
800 542 1017 599 Meurs.

302 633 592 702 Μεσάζων.
640 633 702 688 Ρ.
764 633 854 704 38,
915 633 1042 687 Τῶν
1087 624 1372 701 δημοσίων
1413 624 1489 688 εἰς
1519 626 1701 703 φορῶν
1730 638 1895 700 φρον-

223 725 442 794 τιστήν.
475 724 666 781 Codex
690 723 779 778 GB
812 719 1137 792 μεσάζοντα.

306 815 552 873 Μιτάτον
604 828 899 886 synagoga
945 815 1388 866 Saracenorum.
1442 809 1506 862 V.
1549 801 1891 862 Meursium.

309 905 490 966 Μιτὺς
522 903 630 977 ῥίν,
665 918 842 958 nasus
870 904 941 958 V.
976 899 1318 955 Meursium.

317 996 552 1065 Μνῆμαι
580 991 896 1056 memoriae,
956 1005 1055 1045 seu
1098 985 1481 1044 anniversarii
1523 983 1624 1040 SS.
1660 982 1783 1038 dies
1822 979 1894 1036 ad

232 1085 541 1141 colendam
575 1097 778 1138 eorum
813 1078 1154 1135 memoriam
1185 1074 1466 1131 instituti.
1493 1074 1747 1130 Joannes
1770 1070 1897 1124 Hie-

230 1173 714 1246 rosolymitanus,
773 1170 876 1225 lib.
937 1185 1000 1224 111
1057 1166 1118 1222 in
1175 1169 1599 1237 Stratagemata
1642 1161 1704 1217 B.
1745 1159 1891 1214 Job:

226 1267 528 1335 Propterea
573 1269 628 1318 et
675 1258 970 1316 memorias
1017 1259 1342 1312 Sanctorum
1392 1255 1651 1323 facimus,
1697 1258 1749 1305 et
1791 1265 1892 1320 pa-

224 1361 452 1408 rentum
482 1360 798 1406 nostrorum
827 1347 911 1403 vel
941 1347 1246 1402 amicorum
1294 1343 1355 1399 in
1401 1341 1508 1412 ﬁde
1537 1337 1896 1396 morientium

224 1444 418 1501 devote
466 1443 794 1498 memoriam
839 1439 1084 1509 agimus,
1135 1440 1244 1492 etc.
1294 1432 1638 1490 Anastasius
1677 1428 1893 1486 Biblio-

223 1532 522 1589 thecarius
552 1531 612 1585 in
652 1527 907 1585 Historia
938 1523 1371 1583 ecclesiastica:
1429 1523 1616 1578 Festus
1671 1522 1894 1574 senator

224 1622 383 1677 urbis
421 1625 607 1678 Romae
635 1620 839 1674 missus
870 1615 940 1670 ad
971 1615 1330 1670 Anastasium
1357 1616 1584 1683 propter
1624 1606 1892 1681 quasdam

225 1709 430 1766 civiles
461 1709 757 1772 utilitates,
806 1705 1101 1759 memorias
1149 1703 1462 1756 sanctorum
1505 1695 1891 1769 apostolorum

223 1800 535 1871 festivitate
563 1796 770 1866 majori
823 1795 980 1866 petiit
1030 1789 1326 1846 celebrari.
1381 1789 1636 1858 Μνημεῖα
1665 1788 1890 1848 autem,

1508 396 1844 466 FABROTI
1891 388 2433 456 GLOSSARIUM.

1924 529 1970 594 Α
2075 519 2259 576 Νύκτα
2312 534 2442 574 nox.
2477 534 2532 588 p.
2571 516 2670 572 127
2717 514 2778 582 b,
2804 511 3018 574 νυκτός.
3051 513 3238 568 Codex
3290 511 3406 582 (ΞΒ,
3439 508 3634 572 νύκτας

3502 381 3660 442 1078

2009 611 2337 682 Stephanus
2367 605 2700 663 Sacblices:
2748 603 2858 672 Τὴν
2905 602 3096 657 νόκταν
3133 599 3318 678 πόρνει
3349 603 3662 673 περπατοῦν

2005 695 2097 752 καὶ
2124 693 2351 751 κλέπται
2377 694 2465 749 καὶ
2500 693 2766 770 φονίσκοι.

2804 856 2850 892 =1

2074 1008 2260 1064 Ξενών
2292 1024 2503 1065 xenon.
2564 1009 2627 1062 P.
2687 1006 2792 1062 285
2838 1022 2891 1073 a,
2953 1003 3028 1066 εἷς
3079 1009 3458 1077 νοσοκομεῖον.
3494 1003 3658 1060 Alius

2005 1099 2183 1156 codex
2235 1098 2453 1168 ξενῶνα.
2512 1095 2727 1153 Justin.
2780 1096 2921 1151 Nov.
2986 1094 3107 1160 111,
3149 1111 3274 1166 cap.
3338 1095 3390 1164 1,
3445 1093 3655 1162 ξενῶσι.

2001 1189 2270 1244 Julianus
2308 1193 2446 1244 Nov.
2485 1187 2587 1242 101
2617 1185 2960 1241 xenonibus.
2994 1184 3087 1239 Sic
3137 1185 3308 1240 etiam
3335 1183 3475 1240 Nov.
3508 1185 3651 1239 Just.

2005 1279 2102 1334 131
2137 1294 2188 1333 c.
2224 1278 2313 1343 10',
2344 1276 2458 1332 Jul.
2496 1275 2617 1342 119,
2651 1290 2702 1330 c.
2747 1275 2834 1329 11.
2871 1273 3261 1345 Menologium
3291 1272 3447 1328 Junii
3486 1273 3556 1326 27
3588 1275 3660 1328 de

2003 1367 2365 1440 Sampsone:
2422 1365 2536 1433 Τῆς
2594 1362 2843 1436 ἰατρικῆς
2909 1362 3011 1434 γὰρ
3093 1359 3405 1433 ἐπιστήμης
3475 1361 3542 1429 ἦν
3604 1358 3655 1414 ἐν

2001 1458 2190 1531 πεὶρῃ,
2248 1455 2336 1510 καὶ
2387 1455 2482 1509 τὸν
2552 1451 2782 1529 βασιλέα.
2839 1453 3216 1508 Ἰουστινιανὸν
3265 1451 3468 1523 ἀνιάτῳ
3498 1452 3656 1515 πάθει

2001 1542 2394 1620 περιπεσοῦντα
2453 1543 2664 1598 ἰάσατο.
2722 1543 2819 1598 Ἐκ
2869 1540 3068 1596 τούτου
3100 1541 3127 1594 ὁ
3172 1538 3426 1615 βασιλεὺς
3489 1541 3652 1614 ὕπερ-

2000 1634 2254 1708 αγασθείς
2308 1634 2408 1702 τὴν
2481 1631 2678 1705 ἀρετὴν
2746 1633 2844 1684 τόῦ
2901 1627 3095 1703 ἀνδρὸς
3139 1629 3231 1682 καὶ
3285 1623 3444 1688 σέϐας
3503 1627 3654 1700 αὐτῷ

1998 1721 2312 1794 ἀπονέμων,
2372 1721 2464 1775 τὸν
2523 1719 2776 1794 μέγιστον
2836 1718 2984 1772 οἶκον
3045 1714 3134 1772 καί
3195 1710 3523 1791 περιϐόητον
3581 1713 3654 1769 δι’

1998 1811 2164 1866 αὐτοῦ
2221 1807 2496 1884 ἀνεγείρας
2597 1809 2794 1878 ξενῶνα
2858 1804 3231 1875 κατεσκεύασε,
3306 1804 3397 1858 καὶ
3464 1823 3650 1858 σκευο-

227 1906 361 1960 quae
394 1892 452 1942 et
482 1884 772 1943 memoriae
806 1884 976 1949 dicta,
1012 1884 1152 1936 sunt
1200 1879 1323 1934 loca
1377 1877 1478 1932 SS.
1539 1873 1884 1946 Martyribus

2005 1900 2211 1979 ρόλακα
2235 1902 2334 1968 τῆς
2390 1902 2487 1953 τοῦ
2544 1901 2676 1953 Θεοῦ
2727 1895 2988 1971 Μεγάλης
3022 1873 3354 1966 Ἐκκλησίας
3383 1894 3650 1963 κατὲστη-

224 1979 441 2033 dicata.
473 1976 537 2030 B.
573 1973 937 2045 Augustinus
968 1967 1207 2042 epistola
1239 1967 1341 2020 137
1369 1982 1382 2020 :
1416 1965 1557 2020 Nam
1587 1973 1638 2020 et
1665 1978 1760 2018 nos
1791 1978 1889 2016 no-

222 2069 408 2123 vimus
464 2064 779 2121 Mediolani
830 2061 978 2132 apud
1028 2057 1354 2112 memoriam
1417 2063 1750 2120 sanctorum,
1793 2051 1890 2105 ubi

222 2155 576 2212 mirabiliter
611 2165 662 2209 et
695 2150 1022 2208 terribiliter
1077 2147 1347 2202 damones
1390 2145 1740 2215 conﬁtentur,
1774 2145 1882 2195 etc.

299 2243 566 2313 Μονάζων
614 2245 677 2298 Ρ.
743 2241 862 2295 111.
923 2238 980 2293 b.
1047 2235 1179 2291 Καθ’
1236 2231 1422 2287 ἐαυτὸν
1455 2227 1698 2300 ίδιάζων·
1734 2229 1886 2284 alius

220 2335 405 2394 eode:
467 2331 741 2405 μονάζων.
827 2328 973 2383 Hinc
1061 2323 1333 2380 monachi
1402 2338 1503 2378 seu
1567 2318 1886 2392 μονάζοντες

219 2425 388 2492 dicti,
423 2423 524 2495 qui
563 2419 886 2478 solitariam
939 2422 993 2471 et
1037 2413 1324 2486 privatam
1356 2411 1528 2467 vitam
1560 2409 1880 2480 elegerunt.

217 2494 537 2586 Gregorius
580 2514 652 2568 de
703 2509 982 2567 euntibus
1012 2503 1454 2576 Hierosolyma:
1518 2495 1670 2555 Ἐπεί
1701 2494 1881 2551 τοίνυν

218 2603 329 2659 εἶσί
358 2623 504 2664 τινες
555 2606 661 2655 τῶν
709 2599 800 2654 τὸν
857 2597 1072 2670 μονήρη
1124 2591 1216 2648 καὶ
1267 2587 1540 2659 ἰδιάζοντα
1571 2582 1688 2662 βίον
1723 2586 1884 2640 ἐπαν-

219 2693 546 2767 ῃρημένων,
579 2691 665 2752 οἷς
698 2687 748 2743 ἐν
787 2687 937 2761 μέρει
971 2677 1243 2743 εὐσεϐείας
1287 2679 1598 2752 νενόμισται
1643 2675 1704 2730 τὸ
1752 2673 1884 2736 τοὺς

216 2781 274 2837 ἐν
302 2779 711 2856 Ἰεροσολύμοις
741 2778 946 2836 τόπους
977 2771 1132 2828 ἰδεῖν.

295 2870 561 2938 Moviva
596 2868 940 2934 monachus,
970 2882 1027 2937 p.
1063 2863 1166 2919 135
1211 2862 1268 2916 b.
1332 2857 1695 2916 Glossarium
1734 2868 1882 2909 ms.:

223 2957 556 3036 μοναδικοὺς
587 2953 972 3032 ἀναχωρητᾶς,
1003 2948 1038 3021 ἥ
1071 2948 1262 3011 ἀπλῶς
1293 2948 1643 3023 μονάζοντας.

292 3050 674 3121 Μοναστήριον
745 3043 1188 3124 φροντιστήριον,
1240 3037 1685 3094 monasterium.
1728 3033 1884 3089 Tho-

220 3157 352 3196 mas
401 3139 712 3210 Magister:
759 3121 1183 3206 vmpovnc‘nﬁpta
1241 3127 1308 3181 τὰ
1369 3121 1720 3180 διδασκαλεῖα
1773 3125 1880 3176 τῶν

211 3226 552 3306 φιλοσόφων.
587 3229 848 3299 Λὲγοιντο
881 3218 926 3274 δ’
968 3221 1026 3273 ἅν
1074 3219 1218 3272 οὕτω
1267 3215 1334 3270 τὰ
1380 3214 1506 3286 παρ’
1538 3215 1672 3283 ἡμῖν
1710 3231 1876 3284 μονα-

211 3299 444 3392 στήρια,
499 3316 572 3376 ὡς
632 3317 731 3378 τῆς
800 3305 971 3371 ὅντως
1037 3305 1366 3386 φιλοσοφίας
1430 3302 1677 3358 ἐνταυθοῖ
1717 3299 1872 3374 μελε-

209 3409 494 3480 τωμὲνης.
529 3406 688 3462 Idem
723 3403 839 3459 fere
870 3398 1102 3458 Manuel
1134 3393 1548 3466 Moscbopulus
1579 3392 1636 3447 in
1668 3406 1871 3448 vocum

1995 2011 2104 2047 σεν.
2135 1989 2375 2062 Nicepb.
2410 1987 2551 2044 Call.
2596 1988 2683 2057 11,
2739 1989 2842 2042 18:
2911 1981 3109 2056 Χωρία
3153 1983 3220 2037 τὰ
3276 1979 3544 2037 κάλλιστα
3574 1981 3649 2036 ὧν

1994 2080 2142 2154 εἶχεν
2217 2077 2432 2147 αὐτόθι,
2508 2079 2625 2136 τοῖς
2721 2074 2886 2128 αὐτοῦ
2962 2074 3180 2145 ξενῶσιν
3257 2068 3644 2148 ἀπεχαρίζετο.

1992 2166 2220 2229 Manuel
2290 2166 2699 2238 Moschopulus
2763 2161 2886 2236 περὶ
2949 2157 3102 2234 σχεδ·
3170 2158 3379 2216 Κοιτὼν
3444 2157 3646 2233 κυρίως

1995 2259 2090 2332 μὶν
2163 2255 2311 2318 οἶκος
2387 2254 2415 2308 ὁ
2490 2251 2764 2331 περιέχων
2837 2248 3028 2310 κοίτας
3102 2245 3342 2319 πολλὰς,
3417 2246 3490 2308 ὡς
3594 2247 3647 2300 οἱ

1992 2349 2235 2422 ξινῶνες.

2797 2466 2840 2521 0

2059 2614 2352 2690 ,Ομφίκιον
2433 2613 2500 2667 ut
2571 2609 2634 2666 in
2719 2606 2913 2680 priore
2994 2601 3268 2672 editione,
3363 2616 3465 2673 pro
3544 2596 3643 2676 ὀφ-

1991 2706 2194 2782 φίκιον,
2230 2708 2296 2760 ut
2326 2720 2384 2775 p.
2416 2702 2522 2757 316
2552 2715 2582 2755 ο
2623 2696 2902 2755 ofﬁcium.
2964 2692 3103 2749 Vide
3162 2691 3234 2748 ad
3293 2690 3640 2746 Cedrenum.

2059 2791 2340 2851 Ὀσπίτιον
2400 2788 2742 2862 hospitium.
2809 2785 2946 2856 Pag.
3005 2783 3112 2836 525
3185 2784 3240 2837 et
3297 2780 3421 2835 347.
3481 2779 3638 2834 Idem

1991 2901 2045 2955 p.
2078 2884 2184 2938 3'25
2213 2884 2273 2950 b,
2304 2880 2666 2955 ἀπρόσμαχον
2718 2873 3063 2947 οἰκητήριον.
3113 2871 3304 2926 Codex
3346 2869 3436 2924 (ΞΒ
3481 2866 3642 2920 όσπί-

1987 2994 2120 3030 τιον.
2155 2976 2220 3029 ν.
2270 2971 2394 3028 Ind.
2445 2965 2978 3040 Astrampsycbus:
3011 2962 3164 3018 Ἔστι
3218 2956 3276 3014 δὲ
3304 2959 3366 3013 τὸ
3397 2956 3642 3012 ὀσπίτιον

1987 3066 2149 3118 τοῦτο
2186 3061 2261 3122 εἷς
2291 3064 2464 3115 πᾶσαν
2518 3056 2710 3132 πρᾶξιν
2767 3049 3037 3126 τοχηρόν.
3070 3050 3378 3106 Rationale
3409 3045 3640 3120 imperii

1990 3153 2101 3209 sub
2131 3151 2273 3223 imp.
2306 3149 2501 3206 Alexio
2552 3149 2881 3204 Comneno:
2943 3136 3267 3214 Ἐσχιδεύθη
3299 3137 3360 3191 τὸ
3394 3133 3640 3190 ὄσπίτιον

1917 3261 1960 3329 C
1990 3240 2155 3296 αὐτοῦ
2187 3240 2340 3315 ἐγγὺς
2368 3242 2466 3293 τοῦ
2499 3232 2848 3310 ἱπποδρόμου
2885 3228 3248 3304 διακείμενον.
3282 3229 3640 3286 Glossarium

1991 3347 2099 3387 ms.
2135 3329 2380 3402 Ηὲταυρα
2426 3327 2518 3381 καὶ
2559 3325 2626 3379 τὰ
2685 3319 2898 3376 σανίδια
2949 3320 3006 3374 ἓν
3077 3319 3162 3380 οἷς
3221 3318 3545 3394 στεγάζομεν
3577 3315 3645 3371 τὸ.

1989 3419 2226 3476 ὀσπίτια.
2303 3418 2496 3475 Utitur
2546 3414 2828 3487 Georgius
2887 3409 3310 3467 Alexandrinus
3383 3408 3443 3463 in
3518 3409 3646 3463 Vita

217 3499 546 3553 Atticarum
603 3494 816 3564 εειοεθο
876 3491 1036 3583 Iden}
1096 3484 1220 3560 περὶ
1279 3480 1433 3583 σχεδ·
1491 3481 1780 3556 “apem?”
1806 3478 1874 3533 τὰ
1986 3508 2406 3583 Cbrysostomi,
2457 3478 2729 3562 Joannesv
2760 3503 3201 3557 Cantacuzonus
3240 3501 3341 3553 aut
3371 3496 3641 3554 sultanus

222 3586 589 3660 μοναστήρια,
621 3590 676 3639 et
707 3583 953 3653 σεμνεῖον
987 3577 1048 3632 τὸ
1085 3574 1472 3650 μοναστήριον.

1985 3600 2244 3673 Egypti,
2274 3599 2336 3654 in
2386 3596 2570 3668 Epist.
2613 3594 2682 3649 ad
2732 3593 3196 3648 Cantaouzenum
3227 3587 3366 3659 imp.
3402 3604 3460 3659 p.
3489 3587 3636 3655 756;

297 3674 591 3748 Μονάχικὴ
649 3668 921 3740 πολιτεία,
981 3676 1046 3723 ut
1113 3664 1358 3722 Cedreni
1418 3679 1474 3735 p.
1531 3661 1637 3715 329
1699 3660 1759 3731 b,
1820 3661 1876 3714 et

2005 3660 2308 3747 sentinam
2358 3660 2706 3742 Chalcedon.
2762 3685 2873 3736 act.
2917 3680 3021 3748 11;
3081 3675 3520 3733 Constantinus.
3554 3675 3636 3731 De

220 3765 585 3838 Curopalalae
619 3778 746 3835 pag.
779 3761 883 3815 817
931 3774 982 3814 c.
1041 3758 1155 3812 Nec
1185 3753 1364 3826 igitur
1392 3751 1712 3823 quidquam
1747 3765 1872 3802 mu-

1988 3779 2269 3837 administ
2297 3776 2466 3848 imp.,
2499 3775 2733 3830 Graecus
2780 3770 2997 3838 lnterp.
3049 3765 3281 3821 Basilio.
3327 3763 3429 3818 lib.
3461 3779 3633 3832 XLVII,

221 3857 469 3914 landum
501 3854 560 3908 in
593 3849 841 3907 Hermia?
897 3845 1163 3911 Mmoria,
1217 3839 1448 3935 tametsi
1487 3839 1656 3935 alite}.
1684 3838 1872 3935 Yif’um
1986 3869 2080 3926 tit.
2133 3869 2185 3934 1,
2236 3867 2295 3922 in
2339 3838 2600 3935 iterpret.
2659 3859 2751 3927 Is;
2815 3855 3022 3914 Lucius
3077 3854 3145 3908 32
3203 3851 3269 3907 D.
3336 3852 3412 3907 De
3441 3853 3639 3908 donat.

218 3941 637 4014 summojuris
669 3937 917 3994 antistiti
969 3937 1182 4000 Paret,
1224 3930 1284 3987 in
1331 3930 1459 3987 cod.
1496 3928 1579 3984 tit.
1612 3927 1667 3999 3,
1697 3924 1800 3982 lib.
1834 3942 1875 3990 1,

218 4041 292 4093 ut
323 4039 382 4091 et
413 4033 631 4088 ibidem
664 4027 904 4084 docebo.

295 4123 522 4198 Μόσχος
579 4135 841 4186 muscus,
893 4112 1171 4173 aromatis
1229 4127 1438 4184 genus.
1500 4107 1640 4164 Vide
1687 4109 1876 4162 Meur-

215 4231 403 4275 erum.

299 4300 520 4362 Μοῦλα.
581 4303 642 4358 Ρ.
699 4299 807 4354 295
862 4315 916 4367 a,
971 4293 1231 4366 ἡμίονον.
1265 4289 1456 4346 Codex
1493 4286 1608 4352 (ΞΒ,
1643 4279 1873 4355 μοῦλαν.

217 4394 548 4455 Alexander
573 4389 910 4447 Trallianus
939 4383 1042 4440 lib.
1076 4399 1118 4451 1,
1160 4397 1287 4452 cap.
1361 4379 1430 4433 15
1470 4392 1483 4432 :
1543 4376 1790 4428 Πεσεῖται
1823 4367 1880 4425 δὲ

216 4485 314 4542 ἐὰν
364 4481 558 4559 τρίχας
609 4474 735 4534 ὄνου
781 4475 872 4529 καὶ
937 4469 1154 4547 μοόλης
1213 4463 1610 4537 ὑποθομιάσῃς.
1671 4465 1880 4518 Auctor

222 4576 321 4633 GB
367 4550 546 4645 μοῖίλα
593 4561 1020 4630 κολοστολίστη.
1079 4559 1224 4615 Hinc
1285 4551 1528 4629 μουλίων
1584 4550 1763 4608 mulio
1820 4550 1878 4605 in

219 4663 515 4728 Basilicis,
547 4660 584 4714 1.
623 4675 712 4725 1.x,
744 4659 772 4726 ᾗ
803 4659 832 4709 7
867 4653 932 4709 D.
965 4652 1074 4707 loc.

300 4725 648 4820 Μουσοόριον
704 4725 916 4801 litteris
972 4735 1429 4797 Musulmanicee.
1480 4732 1573 4789 Sic
1607 4725 1880 4803 μουσουλ-

229 4840 469 4916 μανίζειν
500 4818 992 4892 Musulmanicam
1042 4825 1381 4898 religionem
1433 4819 1710 4895 proﬁteri.
1742 4818 1883 4876 Vide

222 4930 547 4990 Meursium
577 4925 638 4981 in
670 4941 736 4981 eo
768 4921 964 4978 verbo.

298 5011 731 5092 Μούρτζουφλος
762 5006 1200 5082 superciliosos.
1235 5002 1376 5060 Vide
1404 4999 1740 5058 Meursium.

1030 5151 1076 5206 N

301 5302 495 5380 Νερόν.
531 5303 594 5358 In
627 5297 824 5356 Indice
881 5290 1097 5361 ἄντλον,
1145 5288 1324 5364 νερόν,
1378 5283 1884 5380 aqua.hMaximus

223 5370 542 5470 episcopus
601 5387 890 5459 Margunii
952 5381 1157 5439 bomil.
1221 5395 1275 5435 1:
1334 5375 1419 5433 N51
1447 5370 1760 5429 άποδίδεται
1791 5371 1884 5426 καὶ

226 5460 306 5548 είς
338 5484 400 5540 τὸ
428 5460 578 5554 νερὸν
604 5477 694 5532 καὶ
727 5475 804 5536 εἰς
833 5472 898 5528 τὸ
924 5474 1052 5544 πῦρ.
1081 5471 1298 5526 Auctor
1329 5465 1482 5522 alius
1513 5464 1624 5531 ΟΒ,
1658 5460 1884 5535 Πὸρηκα

231 5572 679 5652 μικροπὸταμον,
737 5563 826 5619 καὶ
885 5561 960 5624 εἷς
1013 5559 1076 5614 τὸ
1134 5556 1287 5633 νερὸν
1331 5554 1393 5609 τὸ
1429 5551 1586 5627 μέσον
1620 5549 1754 5630 φλὸξ
1786 5555 1881 5606 τοῦ

221 5665 396 5737 πυρὸς
430 5661 713 5734 ἐξήρχετο.

302 5730 678 5821 uocamus»
711 5739 1138 5802 nosocomium.
1197 5739 1364 5792 Locus
1420 5732 1770 5802 venerabilis,
1820 5730 1880 5785 in

228 5860 342 5920 quo
369 5839 564 5911 ιυρισοεί
611 5833 864 5894 homines
909 5835 1199 5888 curantur.
1238 5823 1505 5881 Julianus
1535 5824 1884 5879 Antecessor

199 5940 351 5997 Nov.
383 5933 450 6001 7,
487 5944 616 6001 cap.
653 5926 705 5982 1.

1992 3957 2168 4014 Hodie
2199 3951 2362 4021 σπίτη
2395 3934 2483 4006 vel
2512 3947 2660 4003 σπίτι
2712 3946 2934 4001 dicunt.
2964 3945 3182 3998 Auctor
3212 3940 3326 4010 ΟΒ,
3360 3934 3635 4010 Ἐμπένης

1993 4045 2090 4118 μές
2129 4047 2246 4104 ταῖς
2279 4037 2571 4118 φαμιλίαις
2635 4034 2703 4089 τὰ
2761 4033 2964 4102 σπήτια
3021 4025 3377 4107 δυσφανίζεις.
3410 4027 3646 4083 Alexius

1991 4115 2339 4198 Rharturus,
2374 4130 2528 4185 doct.
2562 4127 2618 4180 2.
2649 4121 2956 4180 Bessarion
2986 4115 3300 4174 cardinalis
3347 4117 3515 4189 epist.
3571 4117 3644 4172 ad

1993 4225 2216 4298 paedag.
2249 4220 2500 4276 ﬁliorum
2533 4217 2767 4272 Thomas
2800 4208 3126 4298 Palaaologi.

2061 4294 2402 4384 Οὐννάρχης.
2468 4311 2533 4362 p.
2595 4305 2662 4359 ιιι
2726 4302 2762 4358 d
2823 4300 2882 4356 in
2941 4297 3054 4356 alio
3113 4294 3330 4384 codice,
3362 4294 3489 4363 Ῥήξ
3533 4297 3642 4348 τῶν

1991 4381 2283 4478 Οὓγγρων.
2300 4381 2682 4454 Glossarium
2740 4406 2852 4446 ms.
2906 4388 2972 4446 D.
3019 4383 3382 4454 Cancellarii,
3444 4381 3640 4441 Οῧννοι

1992 4492 2044 4546 οἱ
2077 4487 2338 4565 Οὕγγροι.
2372 4486 2514 4541 Vide
2544 4497 2678 4556 pag.
2709 4479 2902 4538 eamd.
2935 4494 2988 4534 a.

2067 4561 2229 4652 ’σφἰξ
2259 4579 2432 4635 obses
2463 4592 2518 4648 p.
2549 4572 2656 4628 263
2716 4571 2775 4626 b.
2833 4568 3045 4624 Eadem
3077 4563 3273 4638 p.263
3316 4581 3350 4620 a
3382 4561 3640 4637 βασιλεὺς

1913 4626 1957 4690 D
1991 4667 2049 4725 δὲ
2730 4656 2778 4728 ἐξ
2840 4626 3096 4730 αἳματος⁸
3129 4626 3402 4725 ὁμήρουέ·
3453 4655 3643 4711 Οοδθι

1991 4761 2084 4818 GB
2124 4753 2338 4831 ὅψιδας.
2396 4751 2777 4822 Theophanes
2834 4749 2895 4804 in
2955 4747 3177 4802 Leone:
3240 4739 3501 4816 Αὲγοντες
3557 4743 3641 4797 ὅτι

1992 4846 2214 4921 δίδομεν
2249 4845 2378 4917 ὁμῖν
2411 4837 2606 4916 ὅψιδας
2644 4837 2712 4894 τὰ
2749 4837 2911 4893 τέκνα
2937 4834 3121 4906 ἡμῶν.

2061 4935 2332 5011 Ὀψώνιον
2384 4931 2717 5001 opsonium,
2775 4923 3156 4998 stipendium.
3242 4922 3642 4979 Theodorelus

1990 5029 2049 5084 in
2081 5008 2387 5099 epistolam
2419 5019 2580 5077 Pauli
2627 5017 2696 5074 ad
2756 5015 3052 5099 Romanos
3105 5028 3231 5099 cap.
3263 5013 3299 5067 6
3323 5028 3359 5099 :7
3396 5008 3639 5070 Εἰκότως

1989 5115 2081 5172 καὶ
2119 5097 2227 5169 ⁷τὸν
2292 5108 2482 5186 μισθὸν
2531 5105 2766 5180 ὀψώνιον
2844 5098 3129 5171 κέκληκεν·
3191 5097 3477 5171 ὀνομάζειν
3537 5098 3640 5174 γὰρ

1991 5202 2134 5261 οὕτω
2165 5201 2327 5281 φίλον
2359 5197 2506 5269 αὐτῷ
2544 5196 2606 5250 τὸ
2639 5191 3028 5268 στρατιωτικὸν
3057 5189 3382 5264 σιτηρέσιον.
3417 5190 3641 5245 Andro-

1989 5295 2158 5352 nicus
2176 5273 2382 5350 iiunior
2403 5288 2462 5344 in
2494 5285 2812 5358 diplomate
2836 5297 2936 5352 pro
2959 5277 3436 5336 Monembasiotis
3458 5295 3471 5334 :
3497 5273 3640 5335 Οὑδὶ

1990 5381 2143 5438 αὐτοὶ
2176 5376 2438 5456 ὀφείλωσι
2486 5372 2648 5449 χάριν
2705 5367 2985 5446 μαγειρίας
3027 5368 3063 5438 ἢ
3123 5366 3363 5439 ὀψωνίου
3394 5368 3429 5437 ἢ
3463 5365 3639 5422 ἄλλου

1986 5472 2131 5533 τινὸς
2166 5469 2483 5540 ζητήματος
2513 5462 2760 5518 ἀπαιτεῖν
2788 5479 2842 5513 τι
2873 5459 2922 5531 ἐξ
2957 5456 3154 5515 αὐτῶν.
3186 5456 3254 5514 V.
3281 5457 3640 5513 Glosssu-ium

1990 5563 2062 5620 ad
2095 5560 2443 5616 Cedrenum.

2789 5677 2836 5733 H

2057 5809 2369 5868 Πακτώνειν
2410 5805 2648 5882 pacisci.
2709 5804 2850 5862 Vide
2914 5801 3235 5860 Meursium
3283 5800 3354 5858 ad
3383 5800 3631 5856 Constan

1988 5905 2060 5961 de
2081 5901 2382 5960 administ.
2415 5897 2559 5969 imp.
2592 5913 2641 5952 ο.
2673 5895 2766 5952 44.
