4066 6208
476 387 631 458 1083
1794 413 2111 477 ΝῘΟΕΤΛΕ
2152 411 2581 476 ΟΗΟΝίΑΤΛΕ
3716 429 3834 493 1084

471 539 766 611 formetur,
825 557 934 613 qua
983 541 1226 602 detracta
1286 547 1345 603 in
1405 553 1670 606 neutrum
1709 550 1876 608 cadat
1905 565 2107 605 necesse

2231 547 2328 614 τήν
2401 545 2558 620 ἁγίαν
2625 546 2714 601 καὶ
2801 547 3103 624 μεγάληνι
3160 557 3528 628 παρασκευήν
3611 559 3832 639 ἄρχοντες

472 633 574 698 est,
635 639 693 685 ut
741 631 1031 702 piscinalis
1089 633 1259 702 locus,
1305 637 1521 708 piscina
1577 641 1738 710 cella,
1822 640 2107 712 piscinale,

2233 631 2377 690 ἴδετε
2429 634 2566 690 ποτὲ
2625 636 2793 708 μόνον
2852 638 2914 694 τὸ
2968 641 3226 696 σαπούνιν
3291 643 3354 698 vi
3408 647 3674 722 καθαρίζει
3737 652 3832 709 ἄνευ

471 719 783 789 sagmarius
812 721 1021 792 mulus,
1054 725 1337 793 sagmaria
1371 728 1541 797 mula,
1566 728 1948 801 'sagmarium.
2003 727 2124 784 Odo
2231 720 2448 796 ὓδατος,
2481 724 2571 781 vel
2603 723 2844 785 σάπωνα.
2876 728 3158 802 Excerpta
3203 749 3272 790 ex
3311 736 3600 794 veteribus
3627 739 3830 812 Glossis,

473 806 896 875 Cluniacensis,
931 810 1030 866 lib.
1064 812 1145 868 De
1176 813 1293 870 vita
1320 813 1377 871 S.
1421 816 1652 874 Geraldi
1680 836 1693 875 :
1727 821 1953 875 Interim
2002 834 2124 874 vero
2231 829 2509 885 saponem
2542 814 2784 869 σάπωνα.

472 912 632 953 omne
662 899 1003 970 stipendium
1033 904 1179 974 quod
1210 905 1270 958 in
1299 907 1601 978 sagmariis
1628 909 1854 965 Geraldi
1883 909 2122 967 delatum

471 988 677 1059 fuerat,
725 989 1012 1061 paulatim
1059 993 1280 1066 defecit.
1355 997 1552 1054 Petrus
1613 1001 1900 1058 Blesensis
1948 1002 2120 1073 epist.

473 1077 580 1133 94:
615 1078 775 1151 Quod
795 1083 841 1135 si
869 1081 1076 1138 milites
1097 1093 1306 1140 nostros
1336 1085 1418 1140 ire
1445 1088 1503 1142 in
1535 1088 1933 1160 expeditionem
1956 1108 2122 1163 quan-

475 1169 651 1239 doque
680 1172 941 1237 opOrteat,
972 1173 1258 1244 sagmarii
1286 1191 1479 1232 eorum
1500 1193 1610 1233 non
1635 1182 1784 1251 ferro
1831 1181 1924 1236 sed
1969 1183 2119 1248 vino,

475 1271 586 1313 non
617 1255 824 1312 lanceis
873 1261 964 1314 sed
994 1264 1188 1331 caseis,
1244 1279 1352 1320 non
1384 1268 1608 1322 ensibus
1635 1268 1726 1324 sed
1758 1269 1986 1339 utribus,
2011 1286 2121 1325 non

476 1335 650 1402 hastis
677 1347 774 1403 sed
801 1349 1035 1405 verubus
1059 1362 1383 1410 onerantur.
1420 1356 1487 1411 Et
1518 1360 2122 1430 corrupte,saumarius

466 1436 678 1492 Auctor
722 1436 864 1493 Vitas
921 1443 979 1494 S.
1037 1440 1361 1500 Gehehardi
1415 1446 1670 1516 archiep.
1758 1446 2116 1520 Salisburg.:

473 1526 725 1596 Angebat
755 1542 785 1582 e
813 1531 1001 1583 contra
1033 1546 1140 1586 non
1163 1542 1423 1604 carpento
1468 1552 1640 1608 neque
1670 1536 1884 1606 trahea,
1928 1555 2119 1594 verum

467 1615 602 1670 solis
631 1618 934 1673 saumariis
965 1623 1280 1677 necessaria
1328 1639 1484 1694 posse
1518 1626 1746 1695 inferri.
1780 1628 2119 1683 Saumarius

474 1701 651 1758 Gallis
719 1703 830 1760 béle
885 1704 950 1762 de
1005 1723 1227 1776 somme,
1289 1710 1448 1768 Italis
1483 1713 1663 1771 bestia
1692 1715 1761 1770 da
1799 1731 2027 1772 sommu.
2052 1718 2120 1773 Et

475 1807 683 1847 sauma
734 1807 836 1864 pro
895 1810 1070 1852 onere
1136 1797 1222 1854 vel
1282 1800 1545 1857 sarcinis.
1598 1802 1967 1874 Lutprandus
2005 1806 2115 1862 LL.

473 1880 840 1952 Langobard.
875 1883 964 1938 tit.
997 1886 1084 1951 59,
1116 1887 1142 1955 §
1180 1887 1198 1940 t
1237 1905 1251 1944 :
1284 1889 1349 1943 Et
1375 1889 1573 1946 tollant
1595 1891 1666 1947 ad
1711 1909 1937 1949 saumas
1982 1910 2116 1951 suas
2146 1919 2188 1983 Β

2301 895 2785 978 Σεϐαστοκράτωρ.
2846 905 3209 979 Nicephorus
3292 912 3576 985 Gregoras
3661 920 3720 975 ιε
3785 922 3830 979 ’0

2231 991 2327 1064 μὶν
2359 990 2463 1066 γὰρ
2517 985 2962 1069 σεϐαστοκράτωρ
3013 995 3067 1059 ἐς
3105 997 3166 1052 τὸ
3244 995 3569 1058 δεσποτικὸν
3621 1005 3827 1081 ἀνάγεται

2227 1080 2372 1154 παρὰ
2400 1085 2498 1135 τοῦ
2532 1081 2804 1155 βασιλέως
2835 1082 3071 1156 ἀξίωμα,
3120 1087 3148 1140 6
3208 1084 3266 1142 δὲ
3325 1088 3490 1165 μέγας
3555 1080 3828 1166 δομὲστικος

2229 1167 2280 1231 ἒς
2301 1169 2364 1225 τὸ
2414 1173 2510 1224 τοῦ
2538 1170 2827 1246 Καίσαρος,
2863 1173 2891 1227 ὁ
2950 1171 3009 1229 δὲ
3071 1181 3283 1261 ξζαϊσαρ
3340 1177 3453 1253 ἅμα
3516 1186 3594 1254 τῷ
3634 1193 3829 1261 πενθερῷ

2226 1261 2322 1313 τοῦ
2357 1256 2622 1314 δεσπότου
2651 1258 2707 1322 ἐς
2727 1261 2789 1316 τὸ
2839 1267 2936 1317 τοῦ
3005 1259 3526 1342 σεϐαστοκράτορος.
3593 1256 3829 1348 Georgius

2229 1349 2543 1434 l.og(»tbeta
2597 1350 2656 1406 in
2723 1350 3008 1409 Chronico
3063 1355 3222 1413 CP.:
3296 1357 3690 1434 Ἀναγορευθεὶς
3756 1364 3826 1418 οὖν

2223 1433 2504 1511 Θεόδωρος
2537 1435 2837 1513 βασιλικῶς
2879 1437 3082 1515 ἐχρᾶτο
3129 1449 3250 1505 τοῖς
3305 1447 3614 1524 πράγμασι,
3671 1448 3830 1506 δεσπό-

2222 1544 2317 1588 τας
2377 1545 2434 1581 τε
2490 1523 2835 1600 προύϐάλετο
2891 1531 2980 1584 καὶ
3049 1526 3575 1610 σεϐαστοκράτορας.
3631 1539 3828 1598 Corona:

2214 1615 2315 1686 jus
2347 1616 2598 1672 habebat
2637 1633 2760 1689 quae
2821 1623 3018 1677 tamen
3078 1622 3327 1680 multum
3371 1626 3444 1681 ab
3502 1627 3828 1702 imperatoria

2223 1704 2545 1772 differebat,
2579 1710 2644 1761 ut
2664 1707 2870 1764 scribit
2899 1711 3067 1766 Anna
3095 1712 3410 1786 Comnena,
3435 1717 3724 1775 Alexiados
3758 1737 3827 1790 ιιι,

2223 1811 2279 1865 p.
2304 1793 2375 1847 59
2405 1793 2684 1851 editionis
2711 1796 2936 1869 primas.

2293 1881 2553 1955 Σέκρετον
2605 1893 2888 1942 secretum
2903 1927 2918 1954 ,

3011 1892 3410 1949 secretarium.
3506 1896 3828 1953 Andronicus

468 1968 713 2024 caballos
733 1975 861 2026 tres.
895 1971 991 2028 Sic
1045 1973 1432 2034 Provinciales
1460 1981 1725 2037 saumade
1753 1983 1952 2038 dicunt
1983 2007 1996 2051 ;
2029 1987 2107 2040 est

2226 1970 2453 2039 Junior,
2487 1973 2544 2027 in
2580 1973 2900 2045 Diplomate
2930 1993 3034 2049 pro
3074 1979 3552 2040 Monembasiotis
3586 2002 3598 2040 :
3641 1985 3720 2040 ’Ev
3768 1990 3828 2057 τῷ

470 2057 626 2114 enim
659 2055 863 2132 σάγμα.
895 2060 1146 2118 Achmes
1178 2061 1338 2121 ὀνειο.
1401 2083 1525 2138 cap.
1575 2069 1682 2124 235
1715 2086 1728 2124 :
1779 2065 2113 2126 Ἐκαϐαλλί-

465 2164 650 2200 κευσεν
707 2146 874 2219 αὐτὴν
936 2149 1071 2222 μετᾶ
1133 2151 1196 2206 τὸ
1245 2156 1444 2229 σάγμα.
1505 2159 1847 2230 Eginardus,
1895 2162 1951 2217 in
1983 2160 2115 2218 Vita

464 2235 654 2293 Caroli
702 2236 828 2294 M.:
894 2240 958 2298 Ut
1012 2246 1140 2298 sunt
1187 2247 1414 2301 cortina
1464 2257 1520 2303 et
1557 2250 1834 2321 stragula,
1888 2255 2112 2322 tapetes,

465 2326 675 2398 fulcra,
742 2329 918 2396 coria,
975 2337 1258 2401 sagmata.
1317 2335 1460 2392 Inde
1528 2353 1816 2410 sagmare.
1903 2341 2113 2396 Glossze

466 2419 691 2474 veteres
725 2434 739 2472 :
771 2419 999 2490 Sagmat
1031 2424 1251 2479 asinum
1285 2424 1465 2480 σάσσει
1506 2423 1648 2483 ὅνον.
1709 2433 1776 2485 Et
1824 2434 2113 2504 saginatus

468 2504 816 2582 σεσαγμένος.
905 2525 974 2565 ex
1059 2514 1462 2570 emendatione
1554 2516 1844 2587 Vulcanii,
1941 2536 2108 2592 quem

463 2595 671 2651 deinde
721 2605 955 2654 secutus
1013 2605 1099 2656 est
1142 2601 1226 2659 Cl.
1286 2603 1609 2661 Salmasius
1659 2609 1728 2662 ad
1772 2608 1914 2664 Hist.
1956 2616 2106 2683 Aug.

464 2698 521 2754 p.
554 2684 680 2739 354.
741 2685 1019 2760 Corrupte
1073 2690 1250 2746 etiam
1305 2692 1483 2748 Graeci
1543 2697 1721 2767 σαῦμα
1773 2697 1977 2754 dicunt
2007 2716 2107 2769 pro

463 2770 663 2848 σάγμα.
726 2773 1156 2846 Theophanes:
1217 2779 1518 2851 Ἐκάθησαν
1573 2781 1734 2838 αὐτὸν
1822 2782 1907 2840 ἐπὶ
2002 2785 2107 2860 ὄνῳ

463 2863 879 2936 σαυματομένῳ.
951 2867 1046 2922 Sic
1102 2867 1320 2941 legitur
1361 2870 1420 2926 in
1471 2871 1671 2930 codice
1719 2891 1828 2931 ms.
1878 2875 2103 2933 Nicolai

461 2950 627 3006 Fabri
685 2953 958 3008 Peiresc‘ii
1006 2954 1114 3010 viri
1178 2958 1545 3028 psi-illustris.
1596 2962 1754 3018 Idem
1805 2959 1894 3018 διὰ
1947 2964 2101 3035 ζώων

463 3039 920 3116 σαγματομένων.
1023 3047 1368 3104 Eustathius
1460 3050 1752 3126 σαγράριον
1845 3055 2103 3127 accipere

462 3129 690 3186 videtur
741 3147 842 3202 pro
897 3149 962 3189 eo
1013 3136 1168 3206 quod
1228 3140 1534 3210 sagmariis
1589 3141 1960 3213 imponitur:
2017 3145 2102 3202 sic

459 3217 615 3273 enim
648 3220 851 3308 scribit.
885 3224 956 3277 ad
1021 3223 1218 3297 Odyss.
1270 3227 1336 3279 α’·
1390 3224 1689 3304 Ἀστράϐη,
1748 3232 1778 3286 6'
1843 3233 2096 3308 σημαίνει

463 3304 664 3361 σέλλαν
686 3306 777 3361 καὶ
809 3281 1137 3385 σαγμάριονῖ
1177 3319 1243 3371 ut
1273 3281 1772 3377 σέλλαι”ί>ίίξῐ·αίι]ῐἰ
1799 3281 2102 3397 adut-tgulis
2138 3281 2184 3357 Ε

463 3397 566 3469 qui
625 3397 824 3454 sellam
880 3401 1092 3473 ferunt,
1159 3403 1454 3480 σαγμάριον
1502 3425 1636 3465 vero
1675 3411 1749 3467 ad
1797 3427 1978 3486 equos
2020 3433 2105 3472 sa-

460 3487 868 3559 gmarios,quo
893 3490 1130 3549 mollius
1161 3495 1389 3552 vehant.
1420 3498 1695 3570 Vegetius
1718 3517 1980 3573 sagmam
2009 3520 2105 3576 ap-

460 3575 691 3648 pellare.
713 3577 938 3636 videtur
965 3584 1124 3640 Artis
1152 3587 1525 3655 veterinariae,
1561 3589 1659 3646 lib.
1694 3608 1755 3662 ιι,
1811 3610 1934 3665 cap.
1982 3575 2101 3654 597:

461 3666 605 3721 Tunc
631 3683 960 3738 sagmarum
985 3673 1067 3728 vel
1113 3674 1380 3731 sellarum
1433 3694 1705 3736 mensura
1757 3686 2097 3740 conveniens.

462 3753 816 3813 Glossarium
877 3775 1040 3818 m8.:
1090 3758 1362 3835 Ἀστράϐη
1420 3766 1482 3820 τὸ
1538 3767 1959 3844 σαγμοσέλλιον.
1991 3773 2100 3829 Ds-

459 3844 634 3916 nique
663 3846 972 3922 σαγμάριον
1006 3863 1108 3921 pro
1140 3854 1384 3912 sarcinis
1422 3855 1568 3928 ipsis
1605 3859 1863 3932 ponitur,
1894 3861 2102 3921 Leonis

458 3932 675 3992 Tactic.
714 3951 842 4010 cap.
876 3939 931 4007 9,
955 3939 986 4013 §
1014 3941 1104 3998 58.

530 4023 905 4102 Σακελλάριος
992 4031 1348 4092 sacellarius.
1431 4035 1794 4110 Nicephorus
1881 4040 2100 4099 Callist.

460 4113 563 4172 lib.
617 4133 779 4184 xvm,
833 4135 960 4192 cap.
1019 4121 1125 4178 44:
1175 4122 1582 4200 Σακελλάριους
1638 4133 1740 4197 τῆς
1804 4126 2103 4201 ἐκκλησίας

463 4207 832 4275 καθεστηκώς.
867 4210 1189 4268 Cbronieon
1246 4214 1702 4274 Alexandrinum
1736 4235 1756 4274 :
1813 4218 2103 4277 Σακελλά-

463 4297 1116 4372 ριοςίπατριάρχουκΔπό
1146 4301 1247 4371 τὴς
1279 4300 1557 4374 σακὲλλης
1587 4312 1688 4363 aut
1735 4308 2102 4368 σακκουλλίου

462 4392 566 4443 aut
595 4385 950 4457 σακκελλίου,
979 4409 1014 4448 a
1043 4391 1276 4450 secello.
1309 4397 1377 4450 V.
1411 4396 1666 4453 Iudicem
1699 4398 1758 4454 in
1788 4397 2102 4474 βουλλεύει.

463 4477 775 4550 Gregorius
808 4479 1204 4538 Nazianzenus
1234 4489 1378 4540 orat.
1411 4485 1446 4539 3
1487 4485 1546 4542 in
1597 4486 1888 4546 Julianum
1923 4509 1936 4547 :
1999 4492 2103 4548 Καὶ

460 4565 523 4619 τὸ
554 4564 846 4621 σακέλλιον
893 4565 1363 4642 προϐληοήσεται.
1415 4574 1511 4631 Sic
1559 4576 1735 4632 etiam
1799 4580 2100 4653 scribitur,

463 4662 612 4715 orat.
646 4659 699 4715 4.
724 4660 1006 4732 Corippus
1028 4663 1060 4717 4
1085 4680 1098 4719 :
1853 4679 1858 4682 ’

639 4750 861 4804 Gratior
879 4750 1110 4822 Augusti
1137 4768 1362 4809 servans
1396 4755 1492 4827 pia
1521 4773 1671 4826 gaza
1707 4761 1922 4816 sacelli.

462 4835 612 4892 Hinc
642 4833 1004 4908 σακελλίζειν.
1035 4841 1225 4898 Gloss.
1272 4859 1384 4900 me.
1417 4859 1432 4900 :
1495 4851 1793 4920 Διηθεῖται,
1845 4847 2103 4928 ἀφυλίζε-

457 4946 568 4999 ται,
628 4924 1029 4998 σακελλίζεται.
1061 4931 1203 4988 Vide
1229 4932 1586 4992 Glossarium
1635 4938 1706 4993 ad
1755 4924 2101 4998 Cedrenum.

533 5015 898 5076 Σακκούλιον.
965 5020 1027 5077 Ρ.
1091 5022 1192 5078 133
1249 5039 1298 5093 c,
1347 5029 1429 5080 Τα
1484 5024 1772 5102 φασκώλια
1844 5028 2101 5107 σφραγῖδι

461 5104 892 5182 διασημαίνεται.
948 5111 1137 5168 Codex
1195 5114 1304 5183 ΟΒ,
1357 5114 1677 5173 σακκούλια.
1737 5104 2100 5180 Glossarium

462 5215 574 5254 ms.
605 5199 909 5273 μαρσύπιον
941 5201 1002 5255 τὸ
1034 5201 1385 5261 σακκούλιον.
1418 5205 1600 5262 Hodie
1638 5205 1922 5265 σακκούλι.

531 5286 756 5360 Σάλτζα
816 5286 1109 5364 ἔμϐαμμα,
1159 5293 1458 5362 intinctus,
1506 5313 1560 5368 p.
1608 5297 1716 5352 382
1762 5299 1818 5354 d.
1907 5300 2103 5360 Italico

458 5380 624 5433 salsa.

536 5462 837 5521 Σανδάλιον
894 5468 1136 5543 ἀκάτιον,
1200 5472 1484 5542 navicula,
1546 5492 1601 5547 p.
1660 5477 1750 5532 85.
1819 5479 1964 5535 Vide
2045 5485 2103 5536 et

463 5553 522 5609 d.
554 5554 679 5608 242.

535 5641 788 5704 Σαπώνις
826 5644 1027 5719 νίτρον,
1051 5666 1212 5720 sapo,
1244 5668 1304 5723 p.
1349 5655 1415 5708 97
1483 5654 1538 5710 b.
1599 5655 1878 5728 Corrupte
1933 5663 2103 5716 antea

459 5733 760 5806 legebatur
789 5733 1010 5808 νίπτρον
1041 5738 1097 5792 in
1144 5739 1360 5798 Indice.
1413 5742 1519 5799 Alii
1569 5743 1839 5799 σαπώνιον
1900 5748 2104 5805 dicunt

457 5824 550 5881 vel
608 5819 923 5878 σαπούνιὸν.
983 5825 1216 5883 Alexio:
1272 5829 1593 5890 Rharturus
1661 5833 1948 5903 doctrina,
2021 5835 2100 5899 εἲς

2225 2057 2459 2134 σεκρέτῳ
2489 2066 2587 2130 τῆς
2620 2061 2900 2136 βασιλείας
2933 2085 3060 2137 μου.
3088 2067 3235 2125 Vide
3265 2071 3338 2125 ad
3388 2072 3720 2130 Cedreuum.

2295 2147 2553 2204 Σελέντια
2581 2155 2994 2230 κατηχητήριοι
3028 2153 3206 2232 λόγοι·
3243 2162 3309 2214 ν.
3343 2162 3556 2220 Meurs.
3599 2168 3652 2220 et
3695 2165 3825 2220 Glos-

2223 2240 2438 2296 sarium
2473 2245 2738 2298 nostrum
2771 2243 2844 2299 ad
2872 2245 3008 2302 Cdr.

2293 2325 2475 2383 Σέλλα
2501 2330 2659 2388 sella.
2693 2327 2960 2407 ἀστράϐη,
3000 2335 3062 2393 v.
3098 2336 3168 2392 ad
3193 2338 3360 2396 Cedr.

2290 2427 2586 2482 Σεντούκια
2623 2424 2879 2500 κιϐώτια,
2910 2449 3076 2503 ιιι-σω,
3108 2435 3345 2493 scrinia.
3395 2437 3469 2492 V.
3527 2440 3824 2497 Mem-siam.

2293 2513 2482 2571 Σκάλα
2512 2519 2692 2576 scala.
2727 2520 2787 2576 P.
2819 2521 2891 2577 55
2921 2538 2968 2588 c,
3009 2519 3268 2597 βαλέσθαι
3320 2523 3546 2598 ξυλίνην
3598 2525 3822 2601 κλίμακα.

2219 2604 2408 2662 Codex
2478 2607 2566 2664 GB
2639 2606 2866 2680 σκάλαν,
2933 2612 3349 2686 Moschopulus
3428 2616 3556 2689 περὶ
3631 2615 3823 2691 σχεδῶν.

2218 2692 2428 2765 κλίμαξ
2505 2696 2539 2763 ἡ
2616 2701 2815 2758 κοινῶς
2887 2697 3081 2757 σκάλα.
3157 2702 3457 2761 Cedrenus
3521 2723 3536 2763 :
3607 2710 3679 2780 Τῇ
3743 2713 3822 2774 τῆς

2216 2781 2574 2856 ἀκροπόλεως
2645 2784 2823 2858 σκᾶλᾳ
2904 2787 3217 2865 συνέτριψεν
3292 2791 3484 2864 αὐτήν.
3539 2796 3821 2852 Constanti-

2216 2888 2327 2928 nus
2385 2889 2443 2928 ιιι
2511 2877 2669 2930 Tact.
2729 2876 2828 2931 Καὶ
2889 2876 3093 2942 σκάλας
3135 2879 3372 2949 ξυλίνας.
3439 2885 3619 2941 Hodie
3669 2883 3819 2954 σιαλὶ,

2213 2965 2272 3019 et
2301 2959 2558 3016 ααλοῦνι
2601 2964 2767 3020 scalae
2797 2967 3032 3038 gradus.

2284 3047 2596 3106 Σκαλώνειν
2631 3054 2921 3127 appellere
2967 3061 3035 3114 ν.
3097 3058 3311 3117 Meurs.
3367 3061 3733 3131 Glossarium,
3775 3067 3820 3118 et

2213 3144 2379 3197 notas
2430 3141 2697 3212 ejusdem
2765 3145 2838 3201 ad
2896 3146 3195 3204 Constant.
3272 3150 3354 3206 De
3429 3151 3647 3209 admin.
3701 3154 3817 3224 imp.

2211 3245 2338 3302 cap.
2370 3233 2423 3286 9.

2284 3319 2522 3394 Σκίγκος
2547 3337 2727 3392 perna
2751 3340 2811 3396 p.
2839 3324 2945 3382 206
2974 3326 3031 3381 d.
3057 3326 3120 3383 ν.
3155 3327 3501 3388 Meursium.

2283 3403 2528 3463 Σκλάϐοι
2583 3409 2811 3483 ὠνητοὶ,
2888 3414 3132 3473 csclaves
3212 3434 3344 3491 pag.
3427 3420 3524 3475 58.
3601 3421 3815 3477 Joannes

2212 3497 2447 3555 Cautac.
2505 3517 2589 3586 1v,_
2637 3501 2744 3558 l4:
2805 3502 2887 3572 Ἐξ
2943 3504 3016 3558 ὧν
3046 3499 3164 3581 ἔχει
3220 3506 3312 3586 ἀφ’
3357 3510 3523 3581 ἡμῶν
3578 3505 3810 3565 σκλάϐων.

2211 3585 2358 3643 Hinc
2415 3583 2712 3660 σκλαϐοὖν,
2769 3592 2823 3647 io
2878 3595 3218 3652 servitutem
3271 3583 3572 3671 redigere.
3610 3599 3811 3672 Cyrillus

2212 3677 2540 3748 patriarcha
2568 3683 2673 3737 ΟΡ.
2703 3687 2903 3738 contra
2948 3684 3130 3742 Jud.:
3190 3685 3290 3741 Καὶ
3344 3687 3476 3743 τότε
3533 3682 3806 3756 ἐσκλαϐώθη

2211 3765 2240 3820 ὁ
2272 3765 2535 3837 Ἰεζςκιήλ
2595 3770 2624 3823 6
2676 3773 2990 3848 προφήτης,
3044 3775 3135 3830 καὶ
3165 3774 3412 3839 ἐτούταις
3453 3779 3511 3833 αἰ
3542 3776 3633 3833 δύο
3676 3777 3809 3832 σκλα-

2211 3850 2384 3918 6είαις
2417 3854 2501 3912 δὲν
2533 3859 2672 3928 ἦσαν
2719 3861 2875 3916 τόσον
2938 3863 3200 3938 βαρείαις.
3266 3874 3480 3925 Auctor
3535 3871 3657 3926 GB:
3706 3865 3809 3924 Τοὺς

2212 3941 2270 3999 δὶ
2325 3943 2538 4008 ἄλλους
2604 3946 3078 4011 κατεσκλάϐωσαν.
3140 3960 3209 4011 Et
3239 3973 3369 4012 mox
3401 3975 3415 4013 :
3443 3958 3536 4020 Ὠς
3565 3958 3762 4027 ’ἤκουσεν
3787 3954 3808 4009 6

2214 4035 2470 4110 βασιλεὺς
2499 4036 2764 4108 αὐθέντης
2795 4047 2888 4110 εῆς
2941 4042 3170 4115 Περσίας
3227 4046 3289 4100 τὸ
3335 4051 3457 4108 πῶς
3507 4046 3664 4126 ἔχασε
3708 4065 3809 4100 παν-

2208 4129 2385 4188 τελῶς
2413 4126 2475 4181 τὸ
2500 4124 2656 4191 ἄνθος
2683 4133 2781 4184 τοῦ
2811 4131 3105 4209 concinnet),
3136 4133 3226 4188 καὶ
3293 4133 3456 4199 ὅσους
3509 4124 3812 4192 ἐσκλάϐωσειν

2209 4213 2301 4268 καὶ
2333 4213 2494 4275 ὅσους
2523 4213 2850 4285 ἐσκότωσαν,
2883 4217 2984 4273 οὐκ
3013 4217 3153 4276 οἶδεν
3181 4220 3266 4277 ὅτι
3297 4219 3534 4297 δράσειε.
3552 4226 3650 4282 Alii
3677 4221 3813 4288 σθλά-

2213 4299 2345 4368 ϐους
2373 4306 2598 4374 dicunt,
2627 4312 2694 4364 ut
2723 4309 3090 4384 Nicete,pag.
3117 4314 3190 4367 85
3210 4314 3268 4369 in
3304 4320 3580 4373 Annotat.
3602 4319 3812 4372 Astram-

2214 4394 2470 4467 psychus
2498 4395 2637 4481 tKui
2669 4394 2945 4452 ἀσθένειαν
2991 4397 3238 4474 καρδίας,
3287 4403 3378 4458 καὶ
3433 4403 3543 4459 ὰπὸ
3597 4400 3808 4481 γυναικὸς

2213 4477 2465 4546 σθλάϐων
2496 4483 2586 4537 καὶ
2619 4480 2833 4541 δούλων
2865 4492 2929 4558 ζη
2943 4486 3278 4564 μίαν.Αΐ‹Ῑυθ
3303 4493 3382 4550 ita
3410 4477 3809 4567 intelligendum

2213 4573 2439 4628 videtur
2473 4576 2628 4646 quod
2654 4577 2857 4633 scribit
2886 4579 3310 4638 Constantinus
3367 4582 3707 4656 Porphyrog.
3749 4581 3810 4636 De

2210 4661 2392 4718 them.
2427 4663 2528 4749 lib.
2558 4681 2617 4749 ιι.
2651 4664 2830 4722 them.
2851 4668 2922 4724 6:
2948 4663 3303 4740 Ἐσθλαϐώθη
3338 4667 3397 4726 δὲ
3424 4672 3570 4728 πὰσα
3598 4675 3629 4741 ἡ
3659 4671 3804 4749 χώρα.

2213 4751 2356 4807 Hinc
2402 4746 2807 4826 σθλαϐογενῶν.
2858 4762 3029 4814 Anna
3083 4759 3379 4818 Comnena
3434 4746 3704 4819 Alexiadis
3744 4775 3806 4814 ιιι

2212 4841 2314 4929 iiut
2388 4841 2602 4915 μᾶλλον
2655 4849 2764 4900 τῶν
2814 4844 3120 4921 εἰρημένων
3181 4846 3278 4905 δύο
3339 4847 3620 4929 βαρϐάρων
3672 4848 3806 4914 σθλο-

2211 4925 2475 5006 6ογενῶν,
2550 4935 2648 4987 τυῦ
2675 4953 2735 4990 τε
2762 4933 3006 5012 Βορίλου
3033 4959 3105 5016 φη
3117 4937 3177 5010 μὶ
3207 4939 3300 4994 καί
3329 4925 3427 4996 cuii
3458 4925 3730 5016 Γερμανοῦ.

2284 5025 2616 5098 Σκουτάριον
2651 5025 2862 5099 θυρεός,
2911 5032 3147 5085 scutum
3179 5047 3237 5101 p.
3286 5032 3440 5091 56d.
3497 5031 3807 5089 Glossarim

2213 5126 2371 5174 ms.,'
2431 5112 2774 5186 Ἀρτήτομος
2831 5115 2858 5169 6
2917 5115 3175 5191 τελαμὼν
3221 5116 3347 5189 ¹ἤτοι
3397 5121 3425 5176 6
3474 5115 3804 5195 λῶρος,ἐξοῦ

2211 5199 2444 5274 ἢρτηται
2474 5201 2537 5256 τὸ
2574 5200 2864 5276 βαλάντιον
2895 5201 2933 5274 ἤ
2962 5207 3026 5261 τὸ
3081 5209 3400 5285 σκουτάριον
3457 5213 3492 5280 ἢ
3545 5204 3706 5283 ἔτερόν
3745 5226 3804 5260 τι.

2213 5289 2375 5359 Item,
2409 5288 2570 5352 ἀσπὶς
2601 5293 2939 5367 σκουτάριον.
2970 5295 3117 5352 Vide
3144 5299 3216 5354 ad
3261 5299 3600 5356 Cedrenum.

2285 5375 2656 5434 Σκουτέλλιον
2687 5382 2952 5440 scutella.
2983 5383 3049 5440 V.
3075 5384 3413 5444 Meursium.

2286 5473 2466 5532 Σοῦδα
2488 5479 2659 5535 fossa.
2703 5479 3122 5539 Constantinus
3167 5483 3230 5539 in
3278 5485 3550 5542 Tacticis:
3608 5481 3805 5552 Ποίησον

2213 5569 2458 5645 γῦρωθεν
2493 5565 2690 5624 σοῢδαν
2720 5570 2958 5646 βαθεῖαν,
2994 5577 3054 5629 et
3089 5578 3285 5644 postea
3333 5575 3519 5629 σοῦθαν
3578 5573 3802 5648 ὀρύσσειν

2213 5661 2274 5716 Et
2309 5659 2386 5715 De
2418 5659 2717 5716 administ.
2753 5660 2892 5733 imp.
2927 5660 3016 5717 Ἐν
3048 5661 3092 5733 ᾦ
3124 5663 3209 5716 καὶ
3244 5661 3445 5732 ξσοῦδαν
3509 5664 3559 5719 οἱ
3611 5657 3802 5716 παλαιοὶ

2209 5746 2600 5820 ποιησάμενοι.
2658 5749 2769 5806 Leo
2825 5752 3304 5810 Grammaticus:
3378 5753 3558 5826 Κόψας
3599 5749 3680 5807 καὶ
3721 5749 3799 5815 τήν

2213 5831 2409 5892 σοῦδαν
2435 5834 2720 5892 πλατεῖαν.
