4066 6208
260 431 420 493 1085

1525 423 1861 488 FABROTI
1903 421 2432 486 GLOSSABIUM.

3532 421 3686 485 1086

346 560 692 619 Σουππέδιον
777 563 1154 638 suppedium,
1228 563 1697 636 suppedaneum,
1779 556 1901 613 ὑπο-

2035 574 2194 630 γραις
2259 555 2348 610 καὶ
2411 553 2920 631 μπαλαιστρερίδες,
2976 553 3106 628 τόξα
3179 553 3272 608 καὶ
3329 553 3685 628 τοξατόρους,

260 652 488 724 πόδιον,
519 655 840 712 scabeiium
874 656 1026 727 quod
1062 653 1308 727 pedibus
1338 652 1670 724 subjicitur.

343 742 704 815 Σπαρτζάμια
760 741 1058 817 ἐπαυχένιο.
1123 738 1475 818 ἀγλαΐσματσ
1561 737 1622 793 ἐκ
1708 740 1921 815 τριχῶν

261 833 600 910 συγκείμενα
638 831 892 902 ἱππείων,
925 847 982 905 p.
1020 833 1120 889 120
1149 849 1203 890 c.

350 919 610 977 Στούδιον
653 924 1078 978 monasterium
1123 922 1196 978 ab
1252 919 1454 976 Studia
1504 922 1740 974 auctore
1792 915 1922 987 ejus

265 1018 703 1086 nuncupatum,
738 1013 909 1083 cujus
940 1012 1213 1067 meminit
1251 1010 1472 1066 Justin.
1504 1007 1645 1063 Nov.
1677 1006 1747 1060 '59
1776 1022 1828 1062 ο.
1860 1006 1917 1060 6.

255 1103 567 1160 Cedrenus
599 1116 615 1154 :
641 1101 698 1154 ’0
725 1105 824 1154 τοῦ
859 1096 1124 1154 Στουδίου
1155 1098 1482 1174 ἡγούμενος.
1514 1095 1916 1167 Thesphanes:

2031 645 2505 720 Τζαγγροτοεάτας
2537 646 2764 702 Nicetas
2797 651 2966 702 vocat
3011 664 3071 718 p.
3109 646 3212 702 348
3243 663 3274 700 a
3305 650 3360 700 ct
3388 646 3485 700 36t
3520 662 3573 702 a.

2105 735 2472 802 Τζακισθῆναι
2549 735 2906 809 θραυσθῆναι,
2988 734 3259 804 sauciari,
3365 733 3682 806 vulnerari,

2034 841 2090 896 p.
2127 823 2231 878 123
2260 823 2298 878 (1

2101 911 2362 987 Τζεφὲτον
2394 913 2670 968 aromatis
2693 927 2900 983 genus.
2925 911 2993 968 V.
3027 912 3364 968 Meursium.

2102 999 2466 1075 Τζουκούριον
2501 1001 2742 1058 securis.
2778 1003 2843 1056 V.
2873 1001 3214 1056 Meursium.

2101 1083 2583 1175 Τούξλοιπλίνθοι
2613 1088 2796 1160 ὀπταί,
2822 1090 3026 1146 lateres
3059 1090 3228 1156 cocti,
3258 1089 3326 1144 V.
3360 1089 3680 1175 Meuasium

261 1187 505 1246 Πλάτῶν
571 1189 663 1244 καὶ
721 1187 1004 1264 Θεόδωρος
1065 1172 1367 1264 ἠγοότμενοι
1422 1186 1521 1253 τῆς
1583 1189 1755 1256 μονῆς
1821 1185 1920 1236 τοῦ
2029 1178 2089 1235 in
2115 1172 2416 1234 τούϐουλα.

265 1275 542 1335 Στουδίου
573 1280 924 1336 Anastasius
952 1281 1036 1335 ita
1061 1278 1255 1345 vertit,
1289 1274 1461 1332 Plato
1498 1289 1568 1330 ac
1608 1272 1918 1330 Theodorus

263 1371 567 1442 hegumem’
593 1368 798 1427 Studii.

342 1457 555 1533 Στράτα
613 1463 817 1524 strata.
876 1458 988 1513 iter
1043 1467 1172 1530 pag.
1221 1455 1314 1513 26.
1357 1453 1723 1510 Glossarium
1754 1469 1913 1511 ms.:

260 1546 430 1608 Ὀδὸς
459 1549 496 1617 ἢ
528 1547 754 1622 στράτα.
785 1549 999 1604 Auctor
1029 1547 1144 1615 GB,
1204 1543 1544 1618 Ἐκράτησας
1601 1547 1702 1611 τῆς
1759 1542 1916 1615 ξενη-

254 1639 416 1699 τείας
440 1638 540 1706 τήν
583 1638 835 1712 στράταν.
895 1637 1092 1694 Italico
1146 1635 1354 1702 strada,
1411 1637 1469 1690 et
1524 1633 1914 1706 compositum

252 1724 287 1783 ὃ
301 1729 570 1804 ιστράτον,
607 1729 851 1784 bivium.

338 1815 712 1895 Σχολαρίκιον
741 1815 990 1874 inauris.
1024 1814 1212 1873 Gloss.
1269 1827 1382 1874 ms.
1414 1831 1429 1872 :
1475 1813 1730 1871 ’Eveimov
1776 1830 1916 1888 σχο-

254 1904 535 1982 Ααρῐκιον.

1069 2052 1107 2101 Τ

329 2183 649 2247 Ταϐελλίων
710 2189 966 2251 tabellio.
1025 2190 1340 2261 Procopius
1381 2185 1624 2246 ἁνεκδοτ.
1658 2205 1725 2263 pr
1757 2189 1858 2244 124
1890 2204 1904 2246 :

241 2281 463 2355 ”Ονπερ
517 2273 866 2334 ταϐελλίωνα
913 2275 1141 2333 καλοῦσι
1171 2278 1461 2352 Ῥωμαῖοι.
1493 2279 1638 2337 Vide
1670 2281 1906 2336 Glossa-

244 2372 414 2428 rium
437 2371 766 2429 Nomicum.

329 2454 568 2515 Ταϐλίον
624 2453 815 2528 κύϐος,
875 2458 1089 2527 tabula,
1150 2476 1208 2532 p.
1266 2449 1392 2515 358.
1473 2462 1686 2515 Auctor
1765 2458 1904 2514 GB:

240 2548 361 2604 Καὶ
391 2548 459 2603 τὰ
518 2546 719 2602 ταυλία
746 2543 931 2602 καὶτὰ
965 2545 1165 2622 χαρτία
1195 2545 1286 2600 καὶ
1327 2545 1480 2620 ζάρια
1526 2545 1592 2599 νὰ
1645 2544 1712 2600 τὰ
1768 2543 1904 2599 καύ-

243 2659 403 2694 σουν.
443 2639 800 2696 Glossarium
835 2654 944 2694 ms.
979 2654 992 2693 :
1027 2635 1224 2692 Πεττοὶ
1258 2635 1325 2690 τὰ
1371 2634 1533 2708 βόλια
1581 2634 1632 2689 ἂν
1681 2633 1762 2696 οῖς
1807 2655 1905 2689 τα-

250 2723 530 2797 ϐλίζουσι.
573 2729 714 2801 Lege
742 2722 966 2786 ταϐλὶα.
1000 2727 1284 2783 Dicebant
1339 2732 1396 2782 et
1448 2719 1682 2795 τάὗλην,
1736 2729 1800 2782 ut
1843 2725 1906 2782 in

241 2819 518 2891 Agathite
550 2817 893 2874 Scholastici
924 2817 1346 2890 epigrammate
1382 2815 1694 2888 Antholog.
1727 2815 1828 2872 lib.
1862 2832 1904 2884 ι,

242 2923 382 2979 cap.
413 2909 479 2962 61
518 2924 530 2962 :
564 2905 782 2978 Ταύλην
817 2905 1041 2984 φεύγετε
1069 2903 1287 2966 πάντες.

326 2990 646 3071 Ταϐλισμὸς
681 3002 971 3070 stuprum.
1007 2995 1146 3052 Vide
1177 2993 1520 3050 Meursium.

327 3083 576 3157 Ταξίόιον
668 3087 753 3143 vel
839 3080 1128 3157 ταξειδιον.
1223 3089 1331 3140 Leo
1424 3079 1902 3140 Grammaticus:

243 3170 513 3253 ’Λφόϐως
567 3172 901 3244 συνεξελθεῖν
958 3175 1069 3248 μετ’
1129 3172 1308 3227 αὐτῶν
1371 3169 1422 3226 ὲν
1493 3175 1573 3244 τῷ
1630 3167 1903 3243 ταξειδίῳ.

243 3267 396 3324 Vide
427 3265 793 3322 Glossarium
826 3263 1090 3321 Cedreni.

321 3351 545 3428 Ταρίδες
575 3353 909 3410 dromones.
937 3353 996 3409 Ρ.
1029 3352 1134 3408 347
1191 3354 1227 3408 d
1289 3347 1592 3426 δρομώνων
1645 3349 1898 3427 ἱππαγω-

238 3447 382 3521 γῶν.
417 3443 607 3499 Codex
641 3443 731 3499 (ΞΒ
765 3438 1024 3517 ταρίδων.

329 3529 506 3589 Τένδα
531 3537 633 3588 aut
675 3530 828 3585 τὲντα
877 3531 1218 3601 tentorium,
1271 3529 1735 3599 tabernaculum,
1795 3547 1897 3602 pa-

241 3621 412 3696 pilio.
473 3627 536 3678 P.
595 3623 703 3678 240
762 3622 816 3691 b,
877 3621 978 3690 τὴν
1039 3619 1244 3690 σκηνὴν
1308 3617 1508 3676 εἰσιών.
1559 3620 1748 3676 Codex
1804 3618 1894 3675 (ΞΒ

234 3710 448 3767 τένταν.
483 3716 590 3768 Leo
619 3714 776 3768 Tact.
835 3728 962 3784 cap.
1014 3711 1069 3780 5,
1131 3713 1265 3779 §9:
1325 3708 1647 3783 Φροντίσεις
1702 3705 1758 3763 δὶ
1804 3705 1894 3763 καὶ

235 3801 554 3875 ἑτοιμάσεις
612 3801 703 3855 καὶ
759 3801 855 3863 τὰς
905 3798 1198 3874 λεγομένας
1249 3796 1440 3862 τὲνδας
1495 3799 1587 3854 καὶ
1631 3797 1898 3876 ἆτεγείας,

234 3891 431 3948 lendas
488 3903 539 3948 et
598 3895 829 3961 ategias.
887 3892 1101 3964 Ategiaa
1161 3894 1300 3946 sunt
1354 3883 1615 3962 καλύϐαι,
1675 3888 1893 3960 σκηναί.

235 3980 538 4053 Josepbus
594 3978 689 4036 ἀλ.
772 3982 828 4051 ὃ,
889 3996 938 4036 c.
1019 3981 1083 4036 31
1147 3996 1163 4036 :
1223 3977 1374 4035 Ἐπεὶ
1451 3982 1893 4048 σκηνοποιεῖσθαι

234 4069 448 4130 πάντας
503 4064 626 4133 ἔθος
680 4072 760 4142 τῷ
812 4068 951 4140 Θεῷ.
1011 4069 1261 4124 Rufinus
1344 4067 1734 4139 Aquileiensis
1811 4067 1895 4123 ita

235 4160 418 4216 vertit
446 4159 548 4215 lib.
581 4175 680 4230 v11,
712 4175 840 4231 cap.
897 4159 1011 4214 12:
1073 4157 1349 4226 Quoniam
1398 4158 1621 4229 alogias
1679 4156 1743 4212 in
1794 4156 1893 4214 ho-

234 4264 430 4305 norem
463 4249 558 4305 Dei
608 4250 859 4321 componi
897 4250 957 4304 in
1008 4247 1209 4319 templo
1266 4246 1332 4301 ab
1361 4245 1617 4302 omnibus
1649 4261 1759 4301 mos
1787 4250 1890 4301 est.

224 4341 328 4394 Sic
387 4338 725 4410 legendum.
796 4336 1220 4395 Constantinus
1275 4334 1435 4392 Tact.
1493 4351 1550 4407 p.
1586 4335 1654 4390 12
1683 4338 1739 4390 et
1767 4334 1835 4390 44
1873 4351 1887 4392 :

228 4425 700 4496 TheOphanesin
740 4423 1088 4480 Theodosio.
1134 4429 1241 4478 Leo
1275 4420 1705 4478 Grammaticus
1741 4438 1755 4477 :
1790 4419 1889 4473 Καὶ

237 4511 520 4568 κατελθὼν
555 4511 635 4577 εἷς
658 4514 759 4581 τῆς
789 4509 886 4568 τοῦ
918 4511 1185 4585 Καίσαρος
1215 4509 1420 4567 τένσιαν.
1462 4509 1648 4567 Gloss.
1678 4509 1842 4566 Juris
1871 4527 1886 4566 :

1939 1931 1986 1996 Β

2103 1269 2292 1346 Τούφα
2318 1269 2502 1344 τιάρα.
2534 1274 2784 1326 Zonaras
2821 1271 2881 1327 in
2915 1271 3125 1328 Basilio
3157 1271 3494 1344 Porphyrog

2099 1359 2418 1435 Τρεναίτιον
2454 1361 2630 1417 iibula
2662 1377 2718 1432 p.
2748 1360 2840 1415 69.
2873 1361 2934 1417 V.
2968 1361 3021 1416 in
3055 1356 3284 1435 βοῦκλα.

2100 1448 2417 1520 Τυμπάνιον
2449 1449 2602 1521 pilea
2653 1447 2964 1505 mulierum
3023 1448 3464 1520 Cpolitanarum
3522 1455 3676 1524 tym-

2031 1538 2169 1610 pani
2201 1539 2449 1594 iormam
2481 1537 2808 1593 referentia.
2841 1537 2905 1594 V.
2945 1537 3284 1593 Meursium.

2841 1677 2876 1725 Υ

2097 1793 2488 1869 Ὑποκάμισον,
2541 1796 2600 1854 Ρ.
2654 1797 2760 1852 343
2817 1796 2878 1866 b,
2958 1796 3050 1851 τὸν
3126 1789 3363 1870 ἔσχατον
3446 1801 3680 1871 χιτῶνα.

2025 1885 2217 1942 Codex
2271 1885 2364 1942 (ΞΒ
2408 1883 2774 1956 ὁποκάμισον,
2833 1886 3089 1942 Codinus
3147 1885 3205 1940 in
3282 1880 3677 1961 ποιρεκϐολοιῖς⁸

2024 1979 2126 2028 Kac
2175 1973 2238 2028 τὸ
2291 1973 2510 2046 ἱμάτιον
2570 1973 2740 2028 αὐτοῦ
2794 1973 2882 2028 καὶ
2946 1973 3010 2028 τὸ
3072 1973 3412 2046 ὑποκάμισον
3449 1975 3676 2050 βρακίον

2017 2064 2109 2119 καὶ
2146 2064 2210 2119 τό
2251 2062 2594 2139 σρικτούριον
2623 2063 2714 2118 καὶ
2757 2065 2822 2119 τὸ
2877 2065 3185 2141 φακεώΑιον
3245 2064 3409 2119 αὐτοῦ
3459 2061 3672 2122 λαϐών.

2017 2154 2381 2211 Glossarium
2425 2170 2536 2209 ms.
2573 2149 2946 2223 εἙπενδύτης
2975 2153 3038 2207 τὸ
3095 2151 3366 2209 ἐσώτατον
3430 2155 3674 2228 ἱμάτιον,
3719 2197 3724 2202 .

2017 2245 2045 2301 ὃ
2081 2242 2422 2316 ὑποκάμισον
2442 2239 2676 2317 λιγεται.
2711 2243 2850 2300 Vide
2878 2259 3057 2314 supra
3088 2244 3146 2300 in
3178 2243 3410 2322 ῥοῢχον.

2728 2389 2778 2440 Φ

2090 2535 2430 2612 Φλάμουλον
2479 2538 2808 2609 ﬂamulum,
2869 2539 3166 2609 vexillum,
3227 2553 3284 2612 p.
3331 2540 3454 2597 300.
3515 2541 3666 2598 Con-

2014 2629 2312 2685 stantinus
2331 2629 2391 2685 in
2416 2629 2667 2685 Tacticis
2693 2628 2802 2684 2Τά
2831 2625 3130 2704 φλόμουλα
3162 2625 3394 2698 ἑκάστης
3416 2628 3666 2704 τούρμας

2013 2715 2048 2785 ἢ
2085 2712 2358 2790 δρούγγου
2394 2713 2534 2778 ἰδίας
2590 2715 2760 2791 χρόας
2809 2711 2975 2790 ἔχειν.
3036 2718 3287 2775 Basilius
3332 2721 3386 2773 in
3422 2720 3668 2776 Nauma-

2015 2807 2242 2863 obicis:
2281 2804 2614 2880 Ηροσθετέον
2662 2803 2718 2860 δὶ
2759 2806 2978 2868 τούτοις
3003 2806 3092 2860 καὶ
3158 2805 3503 2882 τριηρα·5λην
3568 2807 3661 2862 καὶ

2017 2891 2336 2965 κελευστήν·
2397 2890 2510 2950 ἔστι
2579 2893 2635 2950 δὲ
2692 2896 2720 2949 ὁ
2791 2895 2886 2968 μὲν
2953 2890 3339 2970 ἷϐουκινάτωρ,
3401 2894 3660 2952 ὀδὶὸτὸ

2013 2983 2338 3060 φλάμουλον
2372 2984 2652 3060 γατάχων.
2684 2985 2776 3042 Sic
2805 2984 3016 3058 legitur
3044 2987 3102 3042 in
3142 2989 3317 3059 Regio
3349 2987 3664 3060 exemplari

2014 3077 2073 3130 et
2129 3069 2544 3151 φλαμουλίσκια
2615 3073 2770 3145 apud
2839 3075 3114 3131 eumdem
3189 3077 3660 3132 Constantinum.

2015 3161 2225 3218 Dicunt
2325 3167 2380 3218 et
2457 3159 2797 3240 φλάμμουρα
2868 3162 2955 3219 vel
3031 3163 3347 3237 φλάμουρα.
3432 3165 3661 3224 Manuel

2018 3251 2318 3324 Moscbop.
2367 3250 2497 3324 Περὶ
2561 3247 2775 3326 σχεδῶν
2838 3267 2853 3307 :
2903 3256 3127 3324 Σημαῖα
3179 3252 3242 3307 τὸ
3319 3250 3661 3328 φλάμουρον,

2013 3355 2372 3412 quamquam
2429 3341 2487 3396 in
2546 3341 2662 3397 alio
2713 3342 2915 3399 codice
2980 3343 3192 3413 legitur
3219 3339 3570 3419 φλάμουλον,
3605 3352 3664 3402 ut

2012 3435 2322 3486 annotatur
2356 3430 2416 3486 in
2455 3431 2653 3487 variis.
2686 3434 2898 3487 Auctor
2927 3431 3059 3488 GB:
3128 3432 3223 3486 Καὶ
3285 3433 3540 3502 στήσασιν
3596 3434 3661 3488 τὰ

2010 3512 2357 3593 φλάμμουρα
2403 3515 2526 3570 στὸν
2590 3521 2800 3592 τεῖχον.
2861 3517 2984 3574 Nisi
3042 3519 3187 3575 forte
3244 3519 3554 3591 legendum
3589 3522 3662 3577 sit

2011 3603 2371 3680 φλάμπουρα.
2407 3605 2604 3662 idem:
2643 3607 2850 3661 Λοιπὸν
2908 3606 3060 3661 αὐτοῖ
3118 3607 3442 3682 Χριστιανοὶ
3493 3609 3662 3683 ἀκαρ-

2009 3697 2200 3768 τεροῦν
2263 3695 2328 3748 vi:
2385 3690 2567 3749 δοῦσιν
2616 3693 2869 3769 σημάδην
2932 3696 3071 3770 μέγα
3126 3693 3489 3771 φλάμπουρον
3567 3695 3661 3750 τὸν

2012 3784 2241 3857 σταυρὸν
2271 3787 2369 3837 τοῦ
2401 3781 2628 3858 Κυρίου.
2690 3785 2838 3842 Hinc
2894 3781 3386 3860 φλαμπουριάρης.
3443 3787 3661 3841 Auctor

2007 3874 2123 3941 ΕΒ,
2157 3875 2214 3929 in
2240 3873 2528 3930 Ilistorica
2560 3874 2890 3930 narratione
2921 3875 2992 3928 de
3023 3873 3298 3928 Belisario
3333 3889 3346 3928 :
3381 3872 3481 3929 Καὶ
3508 3873 3544 3942 ἡ
3595 3872 3658 3927 σύ

2006 3963 2108 4030 ἧσε
2176 3958 2664 4038 φλαμπουριάρης,
2720 3961 3165 4018 ﬂammularius.
3217 3965 3434 4018 Verum
3510 3963 3659 4019 nihil

2010 4052 2382 4107 mutandum.
2446 4051 2602 4106 Idem
2657 4055 2860 4107 auctor
2900 4069 2918 4104 :
2967 4047 3195 4123 Ἕῤῥαξε
3270 4050 3333 4104 τὸ
3418 4047 3658 4125 καράϐη,

2009 4135 2222 4193 ἔστεσαν
2288 4137 2631 4215 φλάμμουρα
2679 4135 2886 4196 πολλά.
2945 4139 3090 4196 Vide
3154 4139 3513 4198 Glossarium
3580 4143 3653 4198 ad

2007 4233 2358 4287 Cedrenum.

2080 4316 2385 4396 Φεγγάριον
2419 4317 2578 4374 luna.
2609 4319 2748 4376 Vide
2777 4319 3116 4375 Meursium.

2079 4416 2308 4490 Φόρεμα
2365 4412 2561 4486 στολή,
2622 4415 2818 4474 vestis.
2877 4416 3199 4474 Concilium
3254 4418 3655 4476 Florentinum

2005 4522 2152 4563 sess.
2190 4508 2292 4563 16:
2329 4503 2632 4585 Φοιρεμὲνοι
2677 4504 2894 4570 πάντες.
2943 4507 3190 4564 Vertuut
3223 4525 3238 4565 :
3282 4525 3483 4566 omnes
3523 4516 3654 4568 Cum

230 4599 410 4659 Τένδα
459 4603 522 4658 τὸ
581 4601 872 4676 σφαιρικὸν
943 4596 1320 4673 διετεταμένος
1376 4597 1622 4676 ὕφασμαο
1717 4593 1889 4652 τὲνδω

2027 4595 2192 4652 lacris
2224 4595 2507 4653 vestibus.

238 4691 346 4768 γὰρ
403 4691 465 4746 τὸ
553 4663 825 4748 διατεένω.
908 4691 1244 4749 Promiscue
1325 4663 1508 4762 igitur
1595 4682 1754 4742 τένδα
1807 4687 1898 4745 vel

2080 4685 2262 4758 Φόρος
2306 4683 2497 4760 ἀγορά,
2557 4685 2770 4742 forum.
2842 4685 2906 4742 In
2964 4685 3281 4760 diplomate
3340 4689 3655 4746 Andronici

236 4780 419 4837 τέντα.
451 4783 544 4838 Sio
587 4781 736 4839 Galli
770 4785 944 4850 tanta,
974 4781 1100 4838 Itali
1144 4779 1327 4836 tendo.

315 4875 632 4946 Τετραρεῖαι
665 4885 800 4944 pag.
854 4871 978 4940 119,
1011 4871 1112 4927 sed
1172 4869 1459 4926 Meursius
1511 4865 1652 4939 legit
1701 4883 1904 4942 πετρα-

246 4966 412 5037 ρεῖαι.
444 4964 591 5018 Sunt
617 4966 821 5019 autem
854 4961 1118 5034 petrariaa
1150 4959 1434 5018 machina
1467 4959 1708 5016 bellicis.

319 5051 528 5126 Τετράς
559 5051 686 5108 dies
707 5051 997 5108 Mercurii.
1020 5051 1222 5108 Petrus
1273 5048 1716 5115 Alexandrinus,
1768 5063 1897 5104 can.

247 5144 316 5198 15
358 5159 372 5199 :
433 5137 666 5216 Τετράδι
710 5140 814 5215 γὰρ
871 5139 962 5195 καὶ
1025 5142 1337 5214 παρασκευῇ
1419 5135 1754 5206 νηπευτὲον,
1809 5139 1903 5196 die

239 5233 503 5290 Mercurii
530 5239 583 5288 et
624 5233 860 5288 Veneris
878 5231 1276 5304 jq’anandum.

314 5318 700 5396 Τζαγγάτορες
804 5320 1113 5394 sagittarii,
1217 5323 1307 5376 est
1406 5319 1562 5375 enim
1658 5317 1900 5394 τζάγγρα

239 5428 415 5468 arcus
450 5429 505 5483 p.
534 5411 605 5466 53
635 5427 687 5467 a.
723 5411 882 5467 Idem
918 5428 972 5483 p.
1007 5411 1098 5476 87,
1131 5403 1395 5478 ἐκηϐόλοι
1441 5407 1705 5478 Ῥωμαῖοι
1754 5409 1894 5464 Cod.

237 5500 354 5570 GB,
391 5499 529 5570 μετὰ
592 5501 868 5576 ζαγγρῶν.
921 5501 1172 5556 Joannes
1231 5499 1690 5564 Cantacuzenus,
1745 5497 1893 5554 Hist.

233 5591 338 5646 lib.
376 5606 418 5655 ι,
463 5606 592 5662 cap.
643 5589 700 5658 3,
765 5605 821 5660 p.
885 5589 1034 5644 108:
1093 5589 1212 5643 Τῶν
1272 5583 1332 5639 ἐκ
1377 5583 1548 5654 τόξων
1598 5589 1896 5640 Λατινικῶν

231 5683 343 5732 τῶν
415 5675 729 5752 λεγομένων
783 5679 1072 5751 τζαγγρῶν
1132 5673 1396 5752 ἀφιέντων
1479 5672 1643 5748 βέλη.
1728 5681 1897 5732 Anna

229 5769 308 5825 Co
323 5786 534 5825 mnena
560 5767 826 5824 A‘lexiad.
857 5783 958 5822 vm
993 5785 1006 5824 :
1041 5765 1120 5822 Τὸ
1155 5765 1249 5838 μὲν
1284 5763 1377 5818 οὖν
1425 5758 1532 5818 ἁπὸ
1583 5768 1686 5833 τῆς
1730 5764 1896 5840 τζάγ-

239 5875 380 5934 γρας
445 5855 610 5932 βέλος
663 5854 899 5930 ἐμπεσὸν
959 5855 1035 5916 εἰς
1062 5854 1123 5909 τὸ
1173 5851 1334 5928 ἄκρον
1367 5858 1465 5923 τῆς
1495 5853 1750 5927 κόρυθος,
1781 5858 1892 5912 etc.

237 5950 460 6006 Auctor
491 5947 607 6016 GB,
632 5947 691 6005 in
725 5944 1006 6005 Historica
1042 5949 1256 6004 narrat.
1280 5952 1353 6002 de
1381 5942 1697 6003 Belisario;
1724 5941 1898 6020 Τζάγ·

2005 4774 2304 4831 Junior—is:
2350 4775 2450 4828 τοῦ
2497 4772 2724 4831 σπανίου
2788 4777 2887 4830 τοῦ
2937 4771 2990 4830 iv
3047 4779 3126 4848 τῷ
3199 4777 3354 4854 φόρῳ
3428 4777 3653 4832 πωλου-

2009 4861 2192 4938 μένου.
2223 4864 2493 4921 Occurrit
2524 4864 2766 4938 passim.

2077 4953 2404 5026 Φοορκίζειν
2463 4951 2553 5008 ἐπὶ
2611 4949 2889 5014 σκόλοπος
2945 4955 3316 5028 ἀπαιωρῆσαι,
3375 4956 3442 5011 ν.
3505 4958 3652 5013 Har-

2005 5059 2237 5114 menop.
2270 5051 2323 5100 et
2353 5043 2441 5099 Gl.
2476 5044 2548 5100 ad
2579 5043 2747 5102 Cedr.
2781 5043 2840 5099 in
2871 5040 3210 5119 φουλκῑζειν.

2075 5142 2374 5197 Φωσσάτον
2487 5141 2710 5212 ξενικόν.
2789 5141 2996 5198 Purior
3083 5147 3276 5199 tutus
3350 5139 3652 5218 ξενολογία.

2002 5232 2233 5289 Externi
2268 5230 2508 5289 milites.
2551 5227 2856 5284 Φωσσάτον
2890 5247 2993 5301 pro
3021 5230 3230 5288 castris
3276 5248 3345 5288 ex
3399 5235 3653 5290 exercitu

2002 5321 2142 5393 poni
2173 5320 2399 5376 dudum
2432 5319 2804 5376 obsarvatum
2837 5322 2946 5375 est.
2981 5319 3199 5376 ldatius
3230 5320 3542 5394 episcopus
3591 5322 3651 5379 in

2002 5410 2186 5466 Fastis
2213 5407 2624 5466 consularibus
2651 5425 2664 5464 :
2701 5409 2763 5464 Et
2798 5408 2914 5480 ipso
2946 5424 3092 5464 anno
3119 5412 3397 5481 profectus
3425 5419 3505 5468 est
3553 5413 3651 5469 να-

2001 5503 2118 5558 lens
2149 5502 2419 5570 Augustus
2457 5514 2526 5554 ex
2553 5498 2690 5554 urbe
2719 5499 2789 5554 ad
2815 5501 3105 5570 fossatum.
3147 5501 3307 5558 Anna
3363 5501 3655 5559 Comnena

2001 5590 2260 5646 Alexiad.
2317 5604 2464 5644 vm:
2523 5587 2848 5661 Προσὲταξεν
2931 5584 3020 5642 διὰ
3091 5589 3293 5652 παντὸς
3369 5590 3654 5667 φωσσάτου

2001 5676 2543 5753 διακηρυκεῦσαίτὲν
2579 5675 2630 5737 ἐς
2651 5676 2750 5745 τήν
2806 5672 2994 5751 αὔριον
3049 5676 3317 5752 πόλεμον.
3383 5679 3653 5737 Moscho-

1999 5768 2196 5840 puins,
2266 5765 2391 5838 περὶ
2457 5761 2691 5839 σχεδῶνο
2748 5765 3043 5820 Φωσσάτον
3121 5767 3149 5821 ὁ
3207 5767 3454 5842 στρατός.
3504 5769 3649 5825 Vide

1989 5857 2186 5915 'Gioss.
2213 5857 2284 5913 ad
2315 5856 2662 5912 Cedrenum.
2696 5856 2874 5911 Hodie
2905 5856 3185 5931 φουσσάτο
3217 5859 3437 5914 dicunt.

2068 5949 2302 6021 Φρέριος
2329 5945 2527 6017 frater,
2543 5944 2829 6003 Gallicum
2853 5946 3022 6018 frére.
