4066 6208
507 418 664 478 1087
1825 415 2133 478 NICETES

2262 415 2604 479 [ONIATE
3743 418 3866 480 1088

477 597 482 602 .
575 548 1050 623 Φροντιστήριον..
1091 547 1255 603 Joan.
1283 547 1517 604 Cantas.
1555 565 1599 617 ι,
1655 548 1725 603 22
1758 566 1771 604 :
1815 547 1910 610 Εἰς
1941 540 1993 601 ἕν
2042 551 2149 601 τῶν

2262 568 2381 608 voc;
2414 547 2583 617 αὐτῷ.
2641 547 2926 618 Epiphan.
2960 545 3153 602 Schol.
3187 545 3473 602 ita’vertit
3504 561 3520 600 :
3583 547 3860 615 Quingentos

499 637 957 717 φροντιστηρίων.
1015 636 1084 692 ν.
1152 635 1416 706 Suidam,
1493 641 1551 694 et
1620 655 1752 709 sup.
1849 637 1908 693 in
1987 655 2151 708 μονα-

2262 637 2462 693 solidos
2507 638 2829 693 destinauit.
2889 636 3043 707 Trip.
3094 652 3149 705 ν,
3184 651 3310 705 cap.
3347 636 3435 690 l7.
3468 635 3747 706 Josephus
3773 644 3861 709 epi-

503 730 747 802 στήριονο
2263 742 2478 797 scopas
2509 725 2832 780 Metonens.
2867 725 2924 779 in
2956 741 3102 795 resp.
3141 725 3214 778 ad
3258 722 3528 779 libellum
3571 724 3726 780 Marii
3777 728 3866 784 Me-

2263 814 2547 887 tr0politae
2579 814 2839 885 Ephesi:
2875 814 3003 873 Τοῖς
3062 809 3451 884 Φλορεντὶνοις
3516 812 3742 883 μηνύσας
3797 813 3864 870 ει-

2261 907 2434 957 νεῖσαι
2521 901 2667 974 αὐτῷ
2750 901 3190 974 τεσσαράκροντα
3271 898 3540 975 χιλιάδας
3621 902 3861 975 χρυσῖνων.

572 996 936 1072 Χαμαιζίκιον
971 997 1344 1054 instrumenti
1381 998 1583 1054 musici
1606 1016 1810 1070 genus.
1844 997 2152 1054 Meursius.

2263 989 2576 1046 ἀπέστειλεν
2644 989 2831 1052 αὐτοῖς
2917 991 3018 1058 τὴν
3111 990 3307 1063 μίτραν
3382 988 3553 1044 αὐτοῦ
3631 989 3855 1067 ἐνέχυρον,

1304 875 1359 927 Χ

572 1082 965 1160 Χαμικηλάδες
998 1086 1193 1144 avium
1225 1103 1433 1158 genus.
1457 1087 1761 1143 Meursius.

2263 1084 2630 1154 Nicephorus
2661 1082 2958 1146 Callistus,
3007 1098 3085 1150 χι,
3119 1082 3230 1136 48ς
3273 1077 3653 1152 Ὀγόοήκοντα
3710 1085 3862 1156 χρυσία

547 1164 843 1234 ’Χαντάκια
904 1177 1094 1233 fossa.
1154 1176 1222 1231 Η.
1273 1177 1401 1246 264,
1453 1174 1580 1236 τοὺς
1634 1170 1924 1249 διώρυχας.
1965 1177 2157 1232 Codex
2261 1190 2392 1232 νους
2434 1171 2778 1224 ἀπαιτεῖσθαι
2809 1168 3089 1228 κελεύσας.

500 1267 594 1324 GB
625 1263 918 1341 χαντάκια.

2337 1251 2803 1332 Χρυσόϐουλλων.
2843 1261 3034 1314 Aurea
3060 1258 3241 1314 bulla.
3276 1259 3416 1330 Pap.
3470 1260 3540 1314 34
3581 1277 3628 1328 c,
3680 1260 3863 1331 Τράμμι

572 1351 1003 1428 Χαρτουλάριον.
1049 1353 1114 1409 In
1175 1354 1407 1424 puriore
1472 1355 1666 1411 Greco
1725 1351 2154 1431 χάρτουλάριον,

2262 1347 2759 1422 ἐρυθροσήμαντον.
2790 1349 2982 1403 Codex
3037 1349 3153 1412 (ΞΒ,
3204 1341 3646 1422 χρυσὸϐουλλον.
3716 1350 3860 1421 Impe-

503 1443 940 1512 chartularium,
984 1442 1550 1515 chartophylacium,
1582 1443 1888 1500 scrinium.
2261 1452 2415 1497 rator
2443 1442 2602 1496 enim
2633 1439 2685 1495 ei
2705 1439 3110 1495 subscribebat
3138 1439 3466 1494 cinnabari.
3488 1445 3642 1494 Anna
3662 1445 3860 1498 Comoe-

581 1529 993 1606 Χαρτουλάριος
1035 1531 1442 1588 cbartutarius.
1478 1531 1623 1588 Vide
1662 1532 1848 1589 Gloss.
1888 1537 2155 1589 nostrum

2264 1547 2340 1586 na
2367 1529 2627 1584 Alexiad.
2660 1528 2762 1584 lib.
2791 1543 2925 1584 vm:
2975 1526 3132 1600 Ηαρὰ
3174 1527 3269 1580 τοῦ
3319 1527 3716 1600 αὐτοκράτορος
3757 1547 3859 1602 χρυ-

513 1623 890 1681 Nominicum
922 1621 981 1676 in
1015 1637 1084 1675 ea
1113 1619 1385 1676 dictione.

2264 1613 2574 1672 σόϐουλλον
2627 1616 2789 1690 λόγον
2849 1613 3316 1688 ἐνσεσημασμὲνον
3379 1613 3473 1670 διὰ
3532 1617 3859 1690 κινναλάρεως,

582 1704 1007 1785 Χερνιϐὀξυστον
1038 1710 1211 1783 [583].
2265 1707 2338 1766 ὡς
2370 1704 2510 1776 ἔθος,
2539 1703 2628 1760 διὰ
2659 1703 2955 1779 βασιλικῆς
2987 1701 3161 1776 δεξιᾶς
3195 1699 3408 1760 λαϐών.
3475 1707 3755 1763 Constant.
3811 1710 3861 1763 De

579 1795 1014 1874 Χοιρομάνδριον
1048 1799 1264 1874 auctis,
1297 1799 1467 1867 suile,
1500 1800 1655 1857 hara.

2265 1796 2490 1853 admin.
2544 1797 2681 1866 imp.
2727 1788 3177 1868 χρυσοϐουλλίου
3227 1792 3431 1868 χωρίς.
3483 1796 3712 1868 Niceph.
3753 1797 3858 1852 Call.

581 1888 844 1961 Χρύσινος
903 1890 1149 1955 solidus,
1223 1906 1458 1946 aureus.
1555 1890 1902 1947 Theodoret.
2006 1891 2156 1948 Hist.
2269 1884 2368 1940 lib.
2402 1900 2518 1953 xw,
2550 1901 2674 1956 cap.
2708 1885 2796 1939 43.
2828 1885 2972 1940 Vide
3021 1883 3389 1940 Glossarium
3440 1885 3512 1939 ad
3573 1885 3858 1942 Cedrenum.

508 1977 664 2034 Eccl.
699 1994 762 2045 lt,
797 1993 923 2049 cap.
985 1978 1052 2032 13
1080 1994 1100 2033 .⁶
1160 1975 1472 2033 Ἀπέστειλε
1510 1977 1895 2038 πεντακοσίους
1964 1977 2156 2053 χρυσί-

973 2235 1961 2426 ΝΙΟΕΤᾸΕ
2096 2120 3861 2429 t1ng—

703 2509 915 2560 MAGNI
969 2511 1389 2562 LOGOTHETxE
1443 2511 1920 2575 SECRETORUM,
1978 2512 2399 2565 INSPECTORIS
2456 2515 2541 2564 ET
2607 2513 2852 2566 JUDICIS
2909 2513 3080 2573 γεω,
3133 2513 3494 2566 ΡΒΛΕΕΕΟΤΙ
3549 2513 3725 2566 SACRl

2062 2594 2371 2645 CUBICULI

1847 2753 2624 2850 THESAURUS

1302 2955 2156 3130 OBTHODO

2262 2961 2491 3134 [λἘ
2613 2963 3158 3138 FIDEI.

563 3338 652 3389 AD
707 3339 1165 3393 CLARISSIMUM
1222 3342 1444 3394 VIRUM
1504 3347 1567 3398 D.
1629 3346 1942 3398 JOANNEM
2001 3349 2041 3398 A
2098 3348 2150 3399 S.
2206 3349 2495 3406 ANDREA,
2551 3348 3111 3401 CARCASSONENSlS
3166 3347 3500 3399 ECCLESIE
3557 3342 3834 3403 DECANUM,

1812 3425 1871 3476 P.
1928 3426 2241 3479 MORELLII
2298 3429 2632 3480 EPISTOLA.

595 3564 750 3622 Evici
783 3569 1042 3636 tandem,
1076 3569 1446 3627 ornatissime
1476 3571 1586 3640 vir,
1618 3573 1770 3643 quod
1801 3573 2152 3646 jampridem
2184 3575 2334 3631 votis
2365 3575 2638 3631 omnibus
2669 3576 3042 3648 exoptabam,
3071 3579 3246 3646 atque
3294 3591 3375 3630 an
3427 3571 3741 3629 umbilicum
3768 3581 3858 3637 pet-

525 3662 666 3720 duxi
699 3666 1034 3723 monodiam
1068 3666 1230 3723 illam
1262 3668 1560 3725 Michaelis
1589 3669 1902 3740 Choniatm,
1937 3671 2204 3743 prmsulis
2234 3673 2634 3742 Atheniensis,
2666 3691 2780 3744 qua
2817 3673 3026 3729 Nicetes
3077 3672 3272 3728 fratris
3321 3671 3622 3743 exsequias
3653 3668 3859 3723 cohones-

522 3764 630 3818 tat.
665 3763 746 3818 Ea
773 3771 950 3835 certe,
985 3770 1048 3821 ut
1076 3767 1268 3822 dicam
1301 3769 1455 3838 quod
1489 3785 1579 3824 res
1607 3773 1720 3836 est,
1750 3769 1846 3824 diu
1882 3786 1974 3824 me
2003 3786 2354 3839 suSpensum
2387 3771 2594 3838 tenuit,
2627 3777 2860 3844 propter
2881 3771 3140 3827 salebras
3185 3771 3317 3826 illas
3373 3785 3520 3841 pene
3571 3767 3857 3822 continuas:

521 3877 886 3935 cursumque
917 3864 1203 3920 hactenus
1241 3870 1531 3922 remorata
1561 3872 1671 3936 est,
1702 3884 1819 3938 qua
1848 3868 1905 3922 in
1933 3867 2142 3924 Nicette
2173 3868 2472 3925 Thesauro
2521 3869 2665 3925 satis
2706 3869 2950 3925 feliciter
2996 3868 3408 3940 procedebam,
3462 3865 3704 3937 quamvis
3741 3862 3783 3916 in
3808 3875 3855 3914 eo

529 3976 758 4032 quoque
788 3961 970 4018 libros
1000 3962 1245 4034 aliquot,
1278 3967 1602 4036 praesrtim
1637 3966 1858 4037 priores
1887 3969 1945 4022 et
1974 3967 2318 4038 posteriores
2345 3984 2459 4024 non
2495 3968 2862 4038 paucioribus
2909 3966 3154 4022 salebris
3203 3972 3492 4022 scatentes
3531 3958 3847 4033 deprehende-

525 4061 659 4117 rim.
694 4062 830 4126 Quas
864 4077 957 4116 me
986 4078 1161 4117 causa
1193 4065 1493 4134 permovit,
1521 4068 1584 4119 ut
1611 4079 1709 4119 eos
1741 4065 1928 4136 primo
1967 4081 2191 4136 quoque
2237 4069 2497 4138 tempore
2539 4067 3008 4134 transcriberem,
3061 4065 3386 4136 Latinoque
3434 4078 3675 4120 sermone
3714 4059 3852 4114 dona-

523 4174 670 4226 rem,
703 4175 776 4215 ne
807 4159 855 4214 si
890 4159 1111 4216 diutius
1145 4160 1462 4225 differrem,
1497 4179 1530 4216 a
1560 4161 1758 4218 blattis
1786 4160 2099 4231 ἀνηκέστως
2131 4164 2534 4220 exederentur.
2567 4165 2679 4218 Eos
2711 4164 2778 4218 ad
2813 4170 2870 4219 te
2901 4163 3126 4218 mittere
3157 4164 3347 4217 visum
3398 4165 3507 4228 est,
3551 4155 3854 4215 ornatissime

523 4258 633 4328 vir,
669 4262 952 4332 tanquam
978 4259 1219 4328 laboris,
1250 4275 1421 4330 quem
1453 4263 1508 4314 te
1539 4267 1772 4318 auctore
1803 4277 1956 4317 anno
1987 4261 2207 4318 Christi
2237 4262 2373 4317 1560
2426 4263 2678 4334 suscepi,
2737 4262 3062 4332 primitias;
3114 4261 3210 4332 qui
3253 4261 3302 4316 si
3335 4259 3647 4327 arriserint,
3675 4267 3850 4326 operam

532 4359 683 4416 dabo
713 4363 774 4414 ut
806 4359 1012 4431 reliqui
1043 4359 1340 4433 sigillatim
1372 4360 1827 4431 subsequantur,
1852 4360 2202 4433 justumque
2230 4361 2516 4417 Thesauri
2548 4361 2828 4416 librorum
2862 4376 3191 4426 numerum,
3217 4375 3429 4432 nempe
3456 4359 3524 4413 27
3551 4354 3837 4425 adimpleant

522 4465 699 4530 atque
729 4459 808 4513 ita
836 4457 1070 4514 Nicetae
1092 4457 1211 4530 ille,
1246 4473 1421 4530 quem
1453 4457 1540 4512 vel
1575 4473 1644 4515 ex
1671 4457 2012 4527 Annalibus,
2045 4458 2144 4530 qui
2182 4475 2299 4514 non
2349 4458 2428 4514 ita
2473 4459 2697 4531 pridem
2744 4459 2817 4514 ab
2856 4458 3110 4528 Oporino
3157 4457 3292 4514 editi
3349 4461 3508 4522 sunt,
3540 4460 3774 4524 tanquam
3801 4463 3847 4502 ex

527 4557 828 4630 unguibus
858 4556 1108 4624 leonem,
1141 4555 1304 4612 facile
1333 4572 1840 4628 cognoscas,nunc
1875 4557 2106 4614 tandem
2138 4558 2258 4614 tuis
2289 4557 2567 4630 auspiciis
2599 4562 2656 4613 et
2686 4557 3023 4630 sumptibus
3047 4574 3082 4612 a
3111 4555 3368 4613 tenebris
3401 4550 3850 4618 vindicetur.Cujus

524 4656 793 4711 beneﬁcii
823 4654 1057 4710 nomine
1087 4653 1240 4710 bona
1272 4655 1582 4724 posteritas
1615 4655 1716 4711 tibi
1746 4655 1964 4726 gratias
1995 4655 2354 4712 immortales
2385 4655 2638 4722 habebit,
2673 4655 2775 4711 ubi
2804 4655 3095 4712 resciverit
3135 4655 3588 4711 vetustissimum
3628 4647 3846 4706 Thesauri

526 4751 896 4810 Orthodoxiae
929 4752 1077 4808 beati
1106 4751 1318 4808 Nicetis
1345 4751 1633 4808 Choniataa
1663 4752 1957 4824 exemplar
1983 4753 2072 4824 (ut
2100 4755 2254 4824 quod
2286 4770 2318 4807 ιι
2348 4751 2548 4808 Niceta
2576 4752 2703 4823 ipso
2734 4753 3101 4824 descriptum
3151 4753 3249 4821 sit)
3302 4760 3427 4822 post
3469 4749 3698 4806 auctoris
3736 4757 3846 4797 mor-

551 4867 644 4907 em
672 4852 744 4906 ad
777 4849 1116 4906 Michaelem
1147 4852 1484 4907 Choniatem
1514 4850 1952 4906 Atheniensium
1987 4851 2294 4921 prtesulem
2324 4850 2484 4906 velut
2515 4850 2883 4906 hereditario
2906 4851 3040 4920 jure
3069 4850 3396 4915 transiisse,
3445 4865 3555 4918 quo
3597 4849 3712 4903 item
3738 4855 3844 4896 mor-

521 4958 625 5008 tuo
655 4951 714 5007 in
747 4966 960 5006 manus
988 4949 1275 5005 Theodori
1306 4947 1640 5004 Seutariotaa
1669 4950 1876 5006 Levites
1914 4950 2179 5023 Cyziceni
2208 4948 2760 5018 venisse,‘_Cyzieeni
2789 4949 3040 5016 venisse,
3074 4949 3393 5022 Cyzicoque
3439 4967 3472 5004 a
3507 4947 3681 5001 Turcis
3705 4947 3843 4996 vasta-

525 5055 586 5108 ta
618 5052 676 5106 in
709 5047 1193 5120 frequentissima
1222 5047 1323 5102 illa
1350 5044 1651 5120 καλοιερῶν
1677 5046 1998 5123 ἀγιορειτῶν
2032 5065 2156 5104 mon

2264 5047 2404 5118 eris,
2438 5064 2564 5118 quae
2595 5054 2728 5102 sunt
2759 5047 2814 5101 in
2849 5047 2995 5103 Atho
3042 5056 3259 5115 monte,
3317 5049 3695 5118 deportatum:
3723 5043 3843 5104 atque

524 5149 664 5206 inde
722 5147 960 5203 tandem
1023 5145 1306 5201 Lutetiam
1363 5144 1701 5216 adductum,
1760 5145 2079 5211 venaleque
2140 5164 2173 5202 a
2216 5147 2407 5202 Graeco
2455 5147 2711 5218 quodam
2761 5145 3085 5216 expositum
3147 5144 3342 5201 nullos
3405 5148 3504 5199 aut
3557 5153 3739 5214 paucos
3783 5132 3846 5187 ad-

536 5248 773 5304 trodum
807 5250 1098 5317 emptores
1130 5251 1362 5300 nactum
1393 5245 1648 5316 (propter
1676 5243 2099 5300 deformitatem
2138 5244 2440 5311 nimirum,
2475 5248 2541 5299 ut
2592 5244 2865 5314 Escpum
2913 5242 3082 5298 illum
3138 5242 3517 5299 fabulatorem
3567 5236 3704 5306 olim)
3746 5246 3842 5304 pre

537 5352 627 5403 ter
674 5361 859 5400 unum
887 5345 1169 5401 Joannem
1204 5360 1237 5399 a
1267 5343 1471 5398 Sancto
1505 5343 1755 5413 Andrea,
1780 5343 1951 5413 cujus
1981 5360 2010 5398 e
2052 5342 2405 5398 bibliotheca
2454 5342 2589 5397 boni
2639 5348 2924 5412 auctores,
2976 5340 3147 5398 hodie
3198 5339 3510 5412 prmeertim
3555 5333 3726 5399 Graeci,
3765 5342 3841 5385 non

530 5447 702 5500 aliter
748 5444 905 5500 exire
935 5446 1208 5516 possunt,
1239 5446 1417 5514 atque
1447 5457 1516 5496 ex
1558 5456 1708 5512 equo
1775 5441 2023 5512 Trojano
2079 5441 2217 5498 boni
2279 5439 2515 5511 milites,
2573 5445 2629 5496 et
2686 5456 2756 5496 ex
2787 5439 3055 5497 lsocratis
3087 5437 3286 5496 schola
3325 5441 3568 5495 oratores
3593 5424 3838 5489 exiissele-

534 5550 764 5600 runtur.

602 5645 765 5697 Certe
795 5645 854 5696 tu
889 5643 960 5696 de
987 5641 1307 5697 vetussimo
1341 5639 1440 5696 illo
1465 5638 1779 5710 exemplari
1812 5639 1963 5696 idem
1995 5639 2407 5709 subodoratus,
2445 5639 2600 5711 quod
2635 5637 2904 5695 Xanthus
2938 5637 3035 5694 ille
3064 5638 3135 5693 de
3155 5637 3384 5707 Esupo,
3437 5633 3662 5706 pretium
3703 5627 3835 5683 Grec)

538 5737 888 5801 numerasti,
916 5737 1322 5806 exemplarque
1354 5737 1497 5791 mihi
1529 5738 1909 5793 commissum
1940 5737 2315 5793 evolvendum
2351 5739 2593 5806 curasti,
2625 5737 2861 5792 tandem
2916 5735 3276 5804 deprehensa
3330 5730 3580 5806 ἐπιγραφή
3627 5743 3720 5783 non
3757 5736 3831 5775 ca"

534 5837 783 5896 bonum,
822 5837 886 5886 ut
915 5831 974 5885 in
1008 5832 1306 5900 proverbio
1335 5839 1444 5898 est,
1473 5835 1574 5889 sed
1607 5834 1936 5890 orthodoxae
1969 5835 2102 5890 ﬁdei
2133 5837 2501 5891 Thesaurum
2535 5836 2589 5888 in
2627 5835 2858 5904 paginis
2888 5834 3005 5890 illis
3027 5836 3142 5891 situ
3167 5838 3222 5890 et
3253 5831 3509 5904 squalore
3529 5831 3599 5885 ita
3617 5818 3831 5881 obductis.
