4032 6216
175 280 215 336 1
229 281 360 339 089
1655 278 1760 339 ΤΗ

2023 280 2127 342 .US
2139 325 2154 340 .
3459 288 3615 348 1090

180 417 264 463 ut
304 410 408 464 nisi
449 414 577 480 post
609 409 826 463 multas
857 408 1088 480 vigiiias
1119 407 1232 479 legi
1264 409 1580 480 potuerint,
1605 407 1939 465 delitescere
1983 410 2258 468 ostendit.
2310 412 2438 468 Mox
2485 429 2547 468 se
2591 412 2765 469 index
2812 429 3039 485 quoque
3079 415 3288 486 aperit,
3320 433 3419 472 seu
3456 417 3616 473 elen-

185 509 378 577 chus,
412 526 526 579 quo
558 525 795 563 summa
825 507 1106 562 librorum
1138 508 1418 563 Thesauri
1450 509 1641 581 capita
1674 515 1965 577 notantur,
1995 527 2029 564 a
2059 511 2260 566 Niceta
2290 511 2417 583 ipso
2447 516 2504 568 et
2541 515 2900 585 compositus
2927 520 2984 570 et
3015 516 3294 587 scriptus,
3326 519 3606 586 quemad-

189 607 453 664 modum
486 611 541 662 et
570 605 705 660 libri
733 623 936 662 omnes
967 606 1142 675 hujus
1172 607 1386 678 operis,
1421 605 1673 678 exceptis
1707 609 1939 663 duobus
1984 609 2223 675 ultimis,
2259 609 2360 681 qui
2403 630 2432 662 ει
2483 611 2785 668 Theodoro
2828 613 3155 668 Scutariota
3199 613 3397 686 scripti
3457 621 3616 683 sunt,

187 709 308 776 qui
337 707 665 762 Monodiam
698 722 927 777 quoque
960 705 1249 762 Michaelis
1281 705 1584 776 scripsisse
1607 699 1853 762 videtur.
1885 707 2172 764 Theodori
2201 707 2538 788 αὐτόγραφον
2576 727 2646 767 ex
2689 713 3009 784 appendice
3055 713 3127 768 ad
3176 713 3430 771 indicem
3483 718 3616 773 libri

177 806 275 861 25
305 805 538 877 colligo.

277 902 448 960 Varia
479 903 594 958 alia
623 901 902 974 opuscula
924 905 985 956 ut
1014 901 1217 968 Alexii,
1249 899 1550 956 Michaelis
1594 906 1650 956 et
1691 903 1926 976 Josephi
1973 905 2751 976 Constantinopolitanorum
2799 908 3291 979 patriarcharum,
3322 914 3616 974 Eustathii

190 1007 266 1061 et.
294 1004 588 1073 Germani,
621 1003 988 1058 Nicaenorum
1032 1000 1370 1074 praesulum,
1403 1001 1692 1058 Eustathii
1727 1005 1782 1059 Rt

2027 1004 2150 1077 περὶ
2185 1002 2280 1060 δύο
2312 1003 2562 1085 ἀδελφῶν
2603 1004 2884 1063 λαϐόντων
2935 1003 3030 1062 δύο
3070 1004 3330 1084 ἀδελφὰς,
3364 1013 3472 1071 hoc
3501 1022 3609 1088 est,

187 1103 279 1158 de
313 1103 540 1159 duobus
577 1100 856 1156 fratribus
889 1101 1013 1155 duae
1045 1117 1270 1157 sorores
1305 1101 1680 1169 ducentibus,
1716 1101 1904 1158 Alexit
1932 1103 2212 1160 Comneni
2244 1105 2610 1176 imperatoris
2629 1100 3073 1184 χρυσόϐουλλος,
3102 1129 3200 1169 seu
3218 1115 3398 1170 Aurea
3420 1113 3611 1171 bulla:

189 1203 506 1258 sacerdotis
535 1201 822 1268 cuiusdam
850 1199 922 1254 ad
950 1200 1130 1254 Etiam
1159 1199 1446 1255 Cretensen
1478 1198 1602 1271 περὶ
1633 1218 1781 1273 προσῑ

2021 1245 2035 1270 ,
2068 1207 2178 1258 etc.
2213 1201 2450 1274 (quibus
2497 1205 2794 1276 exemplar
2834 1209 2994 1266 velut
3044 1214 3381 1284 μυροθήκιον
3425 1216 3611 1286 quod-

187 1301 341 1356 dam
367 1299 643 1355 refertum
677 1303 783 1362 est)
815 1298 950 1367 quis
984 1297 1430 1368 transcripserit,
1462 1295 1626 1352 nulla
1656 1299 1989 1369 conjectura
2020 1315 2260 1370 prorsus
2292 1300 2518 1372 assequi
2565 1303 2806 1373 possim.
2868 1307 3026 1362 Idem
3087 1309 3158 1365 de
3203 1310 3610 1384 philosophice

186 1399 457 1470 quodam
491 1395 621 1468 Περῖ
651 1397 750 1460 τῆς
816 1397 924 1448 τῶν
954 1395 1148 1467 ψυχῶν
1174 1392 1511 1466 εἰσκρίσεως,
1542 1399 1600 1450 et
1649 1394 1773 1450 Eccl

2009 1412 2048 1451 ιο
2107 1397 2178 1452 de
2236 1397 2646 1455 Armeniorum
2704 1401 2908 1458 haeresi
2967 1409 3404 1475 commentario,
3450 1409 3601 1467 idem

187 1501 377 1554 etiam
412 1497 482 1552 de
518 1494 839 1568 appendice
870 1493 971 1548 illa
1001 1491 1208 1559 sentio,
1241 1509 1370 1565 quas
1402 1491 1550 1548 libro
1582 1494 1838 1549 secundo
1871 1493 2130 1550 adhaeret
2163 1509 2176 1544 τ
2209 1511 2342 1550 cum
2378 1500 2575 1552 tamen
2607 1499 2676 1552 ad
2717 1500 2790 1553 25
2849 1502 3161 1571 pertineat,
3214 1509 3278 1560 ut
3315 1522 3382 1562 ex
3414 1507 3606 1566 verbis

188 1597 474 1666 pauculis
502 1594 839 1649 Scutariotae
872 1591 1049 1646 indici
1083 1591 1294 1646 Nicetis
1323 1589 1537 1646 additis
1569 1590 1763 1647 videre
1791 1596 1902 1659 est,
1936 1592 2037 1663 qui
2066 1594 2448 1664 appendicem
2499 1593 2656 1651 illam
2707 1613 2838 1668 quae
2869 1605 3038 1657 antea
3067 1602 3515 1661 desiderabatur
3547 1607 3607 1664 in

185 1697 321 1751 ﬁne
343 1697 414 1750 25
441 1694 572 1749 libri
599 1692 812 1748 alicubi
845 1697 1129 1762 repertam
1161 1705 1222 1745 se
1254 1689 1566 1746 attexuisse
1609 1690 1884 1746 afﬁrmat.

273 1800 405 1850 Jam
437 1799 502 1849 ut
530 1809 712 1863 pauca
749 1792 820 1846 de
855 1791 970 1845 vita
1026 1790 1218 1844 obiter
1271 1789 1507 1859 addam,
1567 1805 1695 1859 quae
1751 1797 1877 1844 tum
1921 1805 1991 1846 ex
2034 1791 2309 1846 monodia
2339 1790 2661 1864 Michaelis,
2686 1797 2810 1851 tum
2839 1797 3139 1856 Thesauro
3170 1801 3297 1873 ipso
3330 1803 3604 1876 colligere

190 1893 388 1967 potui.

273 1990 518 2046 Colossee
553 1985 804 2043 Asiatica
842 1984 942 2040 illa
971 1983 1176 2040 civitas
1208 1999 1383 2055 quam
1419 1984 1481 2038 Β.
1514 1983 1678 2040 Pauli
1713 1985 1969 2056 Epistola
2019 1985 2366 2052 nobilitavit,
2418 1987 2528 2044 hoc
2579 1988 3000 2049 Choniatarum
3052 1995 3297 2054 fratrum
3349 2017 3456 2072 par
3503 2003 3608 2057 Mi-

191 2087 466 2144 chaelem
499 2091 554 2140 et
584 2083 841 2139 Nicetam
873 2080 1079 2137 tulisse
1109 2081 1357 2146 videtur,
1394 2085 1461 2136 ut
1483 2080 1691 2152 colligo
1723 2099 1783 2137 ex

2041 2083 2113 2136 22
2143 2083 2270 2138 libri
2302 2100 2378 2152 ιν,
2411 2085 2509 2140 ubi
2544 2085 2601 2140 in
2629 2085 2881 2159 τέσσαρες
2909 2089 2998 2142 καὶ
3039 2087 3273 2148 δεκατῶν
3320 2096 3609 2156 haereseos

192 2189 482 2249 antithcsi
512 2188 670 2244 Pauli
703 2186 895 2241 locum
923 2201 991 2240 ex
1020 2183 1266 2255 epistola
1297 2185 1364 2239 ad
1391 2183 1765 2240 Colossenses

2018 2202 2101 2252 us,
2135 2186 2211 2241 ita
2234 2185 2440 2241 scribit
2472 2202 2486 2240 :
2517 2185 2608 2247 Ὠς
2650 2187 2677 2240 ὁ
2724 2187 2942 2252 Παῦλος
2982 2190 3034 2246 ἐν
3075 2196 3143 2266 τῇ
3175 2196 3310 2267 πρὸς
3345 2198 3473 2262 τοὺς
3500 2219 3610 2254 πα-

184 2291 433 2366 τριώτας
471 2308 563 2360 μοι
596 2284 894 2344 Κθλοστεῖς
923 2280 1188 2356 ἐπιστολῇ
1218 2280 1487 2358 θεολογεῖ.
1513 2287 1586 2339 Ut
1619 2293 1775 2340 lacea

2049 2284 2356 2341 Cboniates
2387 2285 2789 2344 Colossensem
2822 2289 3153 2363 significare
3183 2295 3609 2372 videaturque:

190 2392 358 2446 enim
396 2391 597 2444 civitas
629 2387 877 2441 colossus
909 2383 1070 2452 olim,
1106 2393 1304 2454 postea
1337 2387 1562 2437 mutato
1597 2383 1827 2439 nomine
1857 2383 2046 2439 XGmu
2088 2384 2245 2439 dicta
2294 2389 2403 2453 est,
2465 2389 2528 2440 ut
2575 2385 2634 2440 in
2689 2390 3088 2462 manuscripto
3129 2395 3380 2464 quodam
3422 2397 3611 2456 lexico

181 2490 333 2560 legi,
366 2487 522 2559 quod
559 2486 625 2541 D.
668 2488 1032 2539 Vascosanus
1065 2481 1464 2553 typographus
1495 2481 1565 2536 de
1596 2481 1808 2536 litteris
1837 2489 1892 2536 et
1920 2481 2220 2538 litterariis
2252 2483 2466 2553 Optime
2492 2485 2736 2542 meritus
2764 2485 2919 2545 inter
2949 2489 3134 2546 multa
3171 2492 3286 2548 alia
3325 2498 3606 2554 vetustis-

182 2587 356 2641 sima
386 2582 739 2654 exemplaria
773 2581 966 2649 habet,
1000 2579 1274 2634 manibus
1308 2579 1612 2648 cujusdam
1646 2594 1713 2634 ex
1744 2577 2041 2635 Michaelis
2072 2579 2243 2635 Pselli
2273 2580 2641 2639 auditoribus
2669 2584 3050 2657 descriptum.
3084 2590 3149 2646 In
3177 2607 3244 2647 eo
3265 2591 3350 2648 sic
3368 2591 3442 2648 ad
3472 2610 3606 2651 ver-

189 2685 346 2741 bum
382 2685 625 2739 habetur
657 2700 670 2738 :
705 2678 1040 2749 Κολλασσαῖ,
1069 2676 1231 2739 πόλις
1258 2675 1519 2752 Φρυγίας,
1551 2677 1605 2730 αἱ
1641 2680 1730 2730 νῦν
1761 2676 2055 2751 λεγόμεναι
2084 2681 2299 2749 Χῶναι,
2331 2676 2454 2742 ὅθεν
2483 2677 2571 2734 καὶ
2605 2678 2968 2746 Κολασσαεῖς.

271 2781 514 2839 Michael
549 2779 859 2838 Choniates
890 2787 1029 2834 natu
1064 2779 1248 2848 major
1279 2794 1311 2832 a
1345 2781 1507 2848 patre
1535 2793 1605 2832 ex
1640 2777 1775 2831 Asia
1807 2777 2144 2849 Byzantium
2177 2778 2467 2835 deductus
2514 2784 2624 2846 est,
2677 2781 2772 2837 ubi
2821 2798 2956 2840 cum
3006 2789 3137 2857 post
3166 2788 3354 2857 prima
3386 2789 3601 2848 littera-

187 2899 335 2937 rum
368 2881 641 2936 tirocinia
675 2878 992 2948 majoribus
1024 2875 1353 2948 disciplinis
1385 2875 1649 2929 animum
1681 2875 1758 2929 ita
1790 2874 2160 2943 excoluisset,
2191 2879 2256 2930 ut
2280 2877 2403 2947 jam
2437 2877 2589 2933 inter
2631 2880 2985 2949 professores
3037 2891 3394 2957 censeretur,
3435 2889 3601 2947 Nise.

184 2985 320 3035 tam
359 2979 593 3033 fratrem
627 2976 954 3048 parvulum,
987 2975 1160 3043 utqui
1195 2989 1398 3028 novem
1433 2987 1616 3027 annos
1643 2975 1820 3027 natus
1851 2977 2028 3040 esset,
2061 2976 2117 3027 et
2157 2973 2347 3044 ipsdm
2381 2991 2414 3028 a
2440 2979 2603 3046 patre
2633 2977 2952 3034 deductum
2985 2979 3196 3039 litteris
3246 2988 3303 3038 et
3335 2987 3602 3045 moribus

177 3077 632 3135 informandum
669 3074 908 3146 accepit,
942 3072 1100 3144 quod
1124 3075 1288 3127 tanta
1317 3087 1478 3141 cura,
1511 3071 1704 3127 studio
1737 3075 1793 3125 et
1821 3069 2019 3126 labore
2049 3071 2310 3142 perfecit,
2364 3078 2427 3128 ut
2475 3073 2708 3131 Nicetes
2759 3081 2912 3133 artes
2955 3095 3160 3137 omnes
3208 3099 3336 3155 quas
3367 3091 3508 3141 sunt
3538 3088 3596 3144 in
3691 3087 3695 3096 "

178 3176 504 3247 disciplina
535 3173 904 3230 mediocriter
930 3171 1192 3236 edoctus,
1225 3173 1558 3240 temporum
1590 3185 1866 3224 successu
1899 3170 1967 3224 ad
1997 3173 2230 3225 tantum
2263 3170 2562 3241 dignitatis
2596 3172 2896 3246 fastigium
2939 3183 3365 3254 conscenderit,
3399 3190 3463 3242 ut
3492 3203 3599 3244 nec

179 3275 539 3334 Michaelem
575 3272 769 3329 fratris
800 3279 854 3327 et
885 3268 1180 3342 discipuli,
1213 3283 1318 3324 nec
1347 3267 1596 3339 patriam
1628 3267 1771 3321 civis
1799 3267 2008 3323 Nicete
2041 3267 2361 3338 pceniteret.
2392 3269 2648 3325 Tandem
2679 3288 2811 3327 vero
2842 3291 2971 3330 cum
3022 3277 3359 3338 Michaelem
3405 3286 3600 3356 ponti-

181 3377 364 3433 ﬁcem
399 3375 633 3430 Athena:
666 3373 882 3428 sortitae
913 3374 1128 3438 essent,
1163 3367 1386 3423 Nicetas
1417 3367 1476 3423 in
1509 3365 1835 3423 scribarum
1875 3366 2385 3439 imperatoriorum
2420 3385 2752 3439 numerum,
2813 3373 3136 3446 imperante
3183 3383 3308 3438 tum
3336 3384 3599 3442 Manuale

177 3475 515 3539 Comneno,
549 3472 789 3527 allectus
820 3477 927 3524 est.

264 3573 503 3640 Verum,
538 3569 678 3640 proh
709 3566 906 3623 dolorl
951 3581 1019 3620 ea
1051 3565 1109 3618 in
1142 3569 1407 3636 tempora
1441 3563 1797 3629 inciderunt,
1830 3579 1958 3634 qua:
1990 3562 2185 3619 virtuti
2220 3563 2453 3619 illorum
2489 3581 2559 3620 ne
2589 3573 2930 3640 emergeret,
2972 3575 3218 3631 multum
3265 3577 3492 3634 obstare
3525 3581 3604 3635 vi-

184 3676 506 3737 debantur,
542 3669 754 3740 quibus
786 3664 1486 3732 Constantinopolitanum
1521 3663 1836 3733 imperium
1893 3663 2221 3735 principum
2277 3663 2406 3736 plus
2457 3681 2636 3736 quam
2690 3669 2924 3739 tragicis
2971 3673 3289 3731 sceleribus
3331 3677 3602 3735 inclinari

186 3777 468 3842 coeperat,
498 3763 811 3820 Andronici
837 3760 1156 3834 praesertim
1191 3759 1468 3816 Comneni
1497 3761 1826 3829 tyrannide,
1854 3760 1949 3829 qui
1973 3759 2168 3815 Alexio
2204 3766 2410 3830 nepote
2443 3763 2509 3816 13
2551 3769 2756 3833 agente
2799 3783 3018 3822 annum
3073 3769 3220 3826 clam
3274 3771 3602 3846 interfecto,

188 3867 511 3939 imperium
548 3865 861 3919 invaserat.
895 3860 1080 3929 Hujus
1110 3858 1477 3930 tyrannidem
1514 3857 1740 3929 fugiens
1802 3857 2032 3914 Nicetes
2090 3858 2160 3912 ad
2214 3858 2368 3927 juris
2416 3859 2599 3915 civilis
2646 3863 2905 3918 studium
2953 3866 3210 3934 secessit,
3243 3867 3300 3922 in
3356 3886 3469 3939 quo
3519 3874 3602 3929 ita

190 3964 508 4039 promovit,
534 3970 594 4017 ut
627 3957 1010 4032 quadriennio
1043 3961 1176 4028 post
1205 3973 1339 4011 cum
1373 3955 1719 4026 parricidam
1746 3953 2134 4009 Andronicum
2170 3953 2372 4024 prmlio
2403 3955 2603 4010 fusum
2655 3958 2912 4013 Isaacius
2962 3961 3216 4032 Angelus
3264 3966 3457 4036 populi
3507 3966 3600 4024 lu-

190 4062 406 4118 dibriis
433 4059 812 4132 exposuisset,
864 4055 1217 4126 camelisque
1265 4053 1543 4108 scabiosa
1588 4051 1928 4123 impositura
1989 4051 2562 4122 circumvectumque
2611 4052 3003 4124 ignominiose
3067 4059 3248 4115 occidi
3293 4063 3606 4136 jussisset,

184 4159 758 4229 ConstantinOpolim
799 4155 956 4212 velut
988 4152 1340 4226 postliminio
1372 4167 1636 4207 reversus
1670 4156 1782 4216 est,
1815 4149 2088 4222 brevique
2119 4149 2188 4203 ad
2225 4150 2475 4220 majores
2503 4152 2789 4208 bonorum
2841 4155 3063 4225 gradus
3102 4164 3354 4230 evectus,
3381 4165 3600 4235 quibus

189 4264 476 4320 continua
508 4261 926 4330 imperatorum
959 4255 1107 4308 serie
1137 4251 1482 4324 perfunctus
1515 4252 1623 4314 est,
1656 4248 1722 4302 ad
1758 4263 1822 4302 ea
1880 4263 2069 4319 usque
2120 4250 2387 4319 tempora
2436 4248 2654 4320 quibus
2701 4248 2760 4306 in
2800 4251 3100 4310 Gallorum
3130 4255 3604 4338 Venetorumque

190 4377 412 4420 manus
441 4360 750 4429 imperlum
782 4351 1486 4424 Constantinopolitanum
1520 4346 1747 4403 recidit.

269 4460 510 4516 Constat
539 4455 694 4513 enim
729 4455 816 4526 (ut
847 4452 1146 4508 historiam
1175 4448 1454 4505 continua
1485 4461 1678 4503 rerum
1712 4447 2008 4517 gestarum
2041 4443 2190 4500 serie
2223 4443 2526 4518 deducam)
2555 4446 2842 4506 Isaacium
2876 4452 3156 4524 Angelum
3197 4457 3599 4529 iniquissimum

188 4556 519 4632 principem
549 4554 622 4610 ab
655 4550 844 4607 Alexio
878 4549 1099 4606 minore
1131 4551 1304 4602 tratre
1335 4544 1519 4601 oculis
1551 4542 1840 4614 privatum
1886 4541 2074 4598 fuisse
2117 4542 2243 4614 (per
2291 4558 2588 4598 summum
2639 4545 2836 4603 scelus
2886 4564 3018 4607 eum
3046 4561 3390 4627 excecante,
3421 4575 3453 4615 a
3483 4578 3600 4632 quo

191 4671 408 4728 magna
440 4651 688 4725 pecunia
719 4648 1058 4718 redemptus
1087 4663 1116 4702 e
1145 4644 1405 4700 Turcicis
1439 4641 1707 4698 manibus
1739 4640 1972 4712 fuerat),
2003 4645 2176 4712 atque
2205 4641 2350 4697 adeo
2383 4643 2717 4701 carceribus
2779 4648 3083 4706 detentum
3137 4653 3319 4710 donec
3369 4656 3602 4718 Alexius

186 4752 372 4810 Isnaci
410 4750 566 4805 filius
598 4762 767 4818 opem
804 4742 1070 4800 Balduini
1106 4741 1365 4808 Flandri,
1396 4739 1690 4796 Gallorum
1723 4739 2194 4810 Venetorumque
2227 4739 2562 4811 principum
2610 4741 2972 4815 imploraret,
3016 4754 3217 4819 pactus
3259 4752 3400 4808 3000
3445 4773 3598 4813 mar-

190 4869 295 4909 cas
325 4850 449 4906 auri
483 4851 961 4912 commeatusque
993 4841 1244 4913 copiam,
1275 4839 1323 4896 si
1354 4844 1454 4894 aut
1476 4839 1599 4909 ipse
1626 4837 1807 4904 solus,
1835 4839 2090 4892 autcum
2124 4840 2282 4907 patre
2314 4838 2532 4895 Isaacio
2578 4843 2910 4900 carceribus
2958 4849 3081 4902 tum
3132 4849 3364 4906 detento
3416 4853 3599 4924 lmpe-

187 4954 348 5008 rium
383 4949 770 5019 recuperaret.

264 5047 410 5105 Galli
448 5043 742 5117 principes
775 5045 892 5095 tum
922 5036 1140 5109 insigni
1170 5053 1305 5092 casu
1341 5035 1479 5091 moti
1513 5034 1873 5107 Byzantium,
1895 5032 2074 5088 fracta
2103 5037 2306 5088 catena
2338 5048 2464 5104 quae
2497 5035 2568 5090 ab
2601 5037 2742 5093 urbe
2773 5039 2845 5095 ad
2879 5041 3078 5098 Peram
3121 5046 3468 5117 extenditur,
3500 5066 3598 5105 ex-

188 5148 479 5219 pugnant,
515 5141 880 5212 fugienteque
914 5136 1110 5190 Alexio
1142 5132 1442 5188 fratricida
1473 5131 1758 5188 Isaacium
1788 5130 2056 5195 liberant,
2090 5133 2147 5184 et
2176 5128 2437 5184 Alexium
2475 5138 2603 5200 pust
2633 5134 2880 5192 subitam
2915 5139 3099 5209 patris
3132 5147 3376 5198 mortem
3408 5148 3596 5216 (squa-

190 5245 309 5300 lore
339 5242 494 5298 enim
521 5239 769 5296 carceris
800 5234 1049 5298 obsitus,
1083 5247 1292 5303 purum
1328 5230 1696 5299 liberumque
1741 5226 1951 5283 coelum
2008 5227 2153 5281 ferre
2203 5244 2314 5282 non
2367 5232 2648 5301 potuerat)
2698 5232 3101 5304 imperatorem
3146 5239 3369 5296 dicunt.
3428 5243 3595 5301 Hunc

191 5359 426 5414 quoque
458 5341 627 5410 paulo
662 5343 791 5408 post
821 5331 1172 5403 Mursyphus
1199 5329 1437 5400 quidam
1471 5326 1600 5395 (vel,
1634 5331 1699 5380 ut
1735 5325 1855 5394 alii,
1888 5325 2179 5397 Myrtilus)
2221 5324 2497 5396 ignobilis
2547 5328 2749 5384 fraude
2798 5330 3164 5392 innocentem
3210 5341 3438 5410 occidit,
3494 5345 3596 5416 qui

190 5449 480 5514 tyrannus
510 5455 644 5494 cum
678 5439 896 5490 frustra
924 5451 955 5487 a
978 5447 1040 5487 se
1072 5430 1341 5485 hostibus
1372 5425 1764 5497 opposuisset,
1797 5425 2020 5480 amissa
2044 5423 2275 5478 tandem
2326 5424 2468 5480 urbe
2506 5425 3006 5502 Constantinopoli
3052 5437 3162 5491 sub
3213 5444 3440 5498 noctem
3473 5461 3595 5502 me-

189 5542 349 5596 diam
383 5555 518 5594 cum
555 5549 752 5599 uxore,
786 5530 1090 5602 pellicibus
1120 5536 1174 5583 et
1204 5527 1481 5581 thesauro
1514 5522 1656 5578 clam
1685 5522 1936 5594 aufugit,
1977 5520 2274 5593 pauloque
2323 5526 2454 5591 post
2501 5522 2559 5578 in
2610 5524 3004 5598 Peloponneso
3052 5539 3256 5606 captus
3320 5543 3377 5594 et
3405 5539 3465 5596 in
3499 5558 3594 5600 ur-

184 5640 316 5696 bem
351 5638 639 5694 retractus
669 5628 1031 5688 interficitur.
1070 5625 1215 5682 Urbs
1245 5623 1444 5694 itaque
1475 5636 1627 5677 anno
1657 5620 1871 5677 Christi
1905 5620 2043 5675 i202
2071 5617 2308 5675 Francis
2337 5622 2395 5674 et
2427 5607 2654 5680 Venetis
2682 5641 2750 5680 ea
2779 5625 2906 5699 lege
2934 5631 3135 5701 cessit,
3182 5638 3249 5690 ut
3296 5636 3444 5695 Galli
3476 5643 3598 5700 Ca-
3662 5628 3669 5634 ’

145 5717 148 5720 λ
180 5754 374 5795 sarem
406 5735 654 5805 Gallum,
685 5730 890 5788 Veneti
920 5723 1312 5800 patriarcham
1337 5720 1629 5777 Venetum
1659 5723 1884 5778 darent.
1920 5719 2012 5776 Illi
2058 5716 2417 5775 Balduidum
2469 5720 2810 5796 Flandrum,
2857 5727 2919 5783 hi
2967 5730 3254 5792 Thomam
3283 5742 3592 5799 Mauroce-

181 5852 329 5897 num
359 5853 426 5894 ex
455 5840 624 5912 pacto
665 5832 971 5890 dederunt.
1001 5823 1280 5899 Reliquiae
1311 5823 1640 5882 Graecorum
1674 5819 1859 5879 Latini
1891 5818 2150 5878 nominis
2182 5816 2312 5876 odio
2342 5817 2782 5899 Adrianopolim
2813 5835 3417 5911 secesserunt,ibique
3446 5839 3597 5896 The-
