4066 6208
526 261 676 324 1091
1849 258 2132 324 ΝΙΟΕΤᾸ

2230 260 2610 328 ‘rHONIA‘l‘IE
3724 267 3836 328 1092

522 397 768 454 odorum
796 393 1091 460 Lascarin,
1120 391 1304 449 Alexii
1344 407 1644 464 generum,
1703 391 1802 463 qui
1865 408 1991 449 eam
2050 392 2346 452 civitatem
2403 394 2644 453 nomine
2698 393 2857 452 dotis
2907 396 3234 466 acceperat,
3288 392 3665 466 imperatorem
3703 399 3839 474 elege~

520 501 682 569 runt,
713 511 888 569 quam
961 509 1093 550 cum
1169 491 1321 549 Galli
1391 507 1600 563 capere
1673 502 2041 562 conarentur,
2115 501 2322 565 captus
2395 497 2486 550 est
2559 494 2903 564 Balduinus,
2949 501 3004 554 et
3080 497 3350 554 mortuus
3420 501 3604 552 exacto
3669 498 3836 571 imperii

523 614 598 655 an
607 615 704 656 no.

593 698 664 753 Et
693 695 816 752 hac
845 698 936 751 est
963 692 1067 750 illa
1095 691 1310 760 clades,
1342 706 1521 762 quam
1568 708 1600 746 a
1644 690 1866 748 Latinis
1916 707 2251 763 perpessam
2300 691 2583 748 Graeciam
2633 692 2802 751 toties
2851 691 3234 763 conqueritur
3277 692 3336 747 in
3383 692 3630 750 Monodia
3661 697 3838 753 Michael

521 794 862 862 Chonietes,
895 808 1012 864 quo
1043 791 1286 863 quidem
1315 793 1575 860 tempore
1595 789 1842 846 Athenis
1874 805 2101 860 quoque
2131 791 2481 862 expugnatis
2511 791 2812 862 beataeque
2843 789 3038 846 Mariae
3071 788 3290 862 templo
3321 797 3553 860 exterso,
3581 792 3759 851 electus
3780 803 3840 853 est

521 892 583 949 in
614 889 874 948 insulam
901 893 1044 959 Coo,
1075 889 1150 946 ad
1180 887 1488 944 Prodromi
1514 886 1954 945 monasterium.
1987 887 2215 946 Nicetes
2245 892 2415 945 antea
2445 892 2777 961 expugnata
2807 905 2840 944 a
2872 887 3091 944 Latinis
3118 887 3623 961 ConstantinOpoli,
3650 891 3837 965 virgine-

520 1007 632 1064 que
663 990 766 1046 illa
789 988 1243 1046 Bellissariotide
1273 1003 1304 1043 e
1336 987 1610 1042 manibus
1636 985 1826 1044 hostis
1865 992 2080 1058 erepta,
2113 1003 2290 1058 quam
2323 990 2521 1058 postea
2577 986 2746 1046 duxit
2806 1002 3044 1043 uxorem
3087 987 3282 1057 (cujus
3327 986 3586 1044 facinoris
3625 1005 3734 1062 ergo
3772 991 3838 1050 lli-

525 1088 692 1146 chael
720 1104 854 1144 eum
881 1085 1238 1154 Abrahamo,
1269 1083 1483 1154 lsaaco,
1520 1083 1739 1150 Davidi,
1776 1084 1900 1142 Levi
1929 1089 1986 1142 et
2015 1085 2272 1142 Simeoni
2317 1085 2576 1156 prmfert,
2618 1083 2849 1158 ipsique
2895 1083 3150 1155 Christo,
3203 1077 3692 1160 ὑπερϐολικωτέρως
3723 1106 3835 1159 sane,

517 1204 853 1261 comparem
886 1187 1064 1258 facit),
1098 1186 1374 1250 Niceam,
1408 1200 1532 1256 quis
1564 1183 1843 1256 Bithyniae
1874 1183 2218 1256 metropolis
2243 1191 2352 1253 est,
2383 1201 2445 1242 se
2474 1183 2820 1252 contnlerat,
2844 1183 2943 1242 ubi
2972 1183 3130 1256 quod
3162 1189 3461 1254 supererat
3489 1185 3601 1242 vitae
3627 1185 3835 1246 litterario

517 1287 636 1346 otio
667 1287 1051 1360 impenderet.
1086 1285 1245 1350 Quod
1274 1283 1508 1355 quidem
1537 1286 1755 1354 quanta
1782 1281 2088 1354 diligentia
2109 1283 2424 1356 laboreque
2453 1282 2792 1358 praestiterit
2818 1285 3134 1352 testantur,
3183 1286 3567 1354 aeternumque
3615 1286 3836 1342 testaban-

521 1389 617 1444 tur
643 1384 851 1440 divina:
877 1383 1340 1452 lucubratione,
1373 1397 1514 1454 quas
1544 1381 1602 1436 in
1634 1381 1740 1437 hoc
1771 1397 1920 1453 cpus
1943 1397 2073 1437 vere
2103 1397 2346 1440 aureum
2377 1382 2698 1458 congessit,
2727 1384 2999 1452 tantoque
3025 1379 3270 1440 artiﬁcio
3298 1381 3372 1444 ab
3405 1380 3536 1454 ipsis
3559 1382 3732 1440 Adami
3753 1385 3834 1454 pri-

518 1482 760 1541 mcrdiis
785 1483 854 1537 ad
887 1498 991 1537 sua
1024 1497 1209 1553 usque
1242 1488 1498 1552 tempora
1526 1478 1785 1545 deduxit,
1818 1483 1882 1535 ut
1913 1479 2202 1536 hmreseon
2234 1497 2362 1552 qum
2393 1481 2548 1539 inter
2573 1479 2811 1540 Judmos
2840 1477 3141 1550 Graecique
3172 1478 3545 1551 philosophos
3583 1486 3698 1536 ante
3721 1481 3834 1537 Chri-

515 1588 672 1639 stum
704 1587 902 1639 natum
934 1584 1294 1648 exarserunt,
1328 1583 1386 1633 et
1413 1596 1445 1641 a
1473 1577 1704 1636 Christo
1738 1581 1870 1632 nato
1903 1578 2054 1634 inter
2081 1595 2180 1635 eos
2223 1577 2324 1650 qui
2374 1595 2507 1635 cum
2558 1595 2626 1635 ex
2671 1579 2955 1640 diametro
3007 1575 3380 1650 dogmatibus
3419 1577 3614 1636 Christi
3639 1579 3833 1635 adversa-

518 1685 744 1748 rentur,
777 1678 1090 1736 Christiani
1122 1682 1338 1744 tamen,
1374 1691 1487 1731 non
1519 1691 1690 1732 secus
1721 1680 1896 1747 atque
1924 1684 2141 1732 veteres
2174 1676 2256 1732 illi
2288 1677 2565 1733 Socratici
2601 1677 2801 1736 haberi
2831 1675 3282 1743 contendebant,
3318 1676 3481 1746 quasi
3526 1675 3834 1751 hypotyposin

513 1779 829 1850 quamdam
860 1773 1182 1848 posteritati
1213 1774 1566 1831 consecrarit
1596 1790 1610 1828 :
1644 1789 1762 1844 qua
1792 1773 2082 1841 consulta,
2114 1773 2159 1829 si
2193 1774 2346 1844 quod
2379 1773 2692 1845 aliquando
2723 1773 2969 1830 dubium
3001 1773 3074 1831 de
3103 1773 3281 1830 rebus
3323 1771 3530 1830 divinis
3557 1773 3832 1843 suboriatur,

419 1913 422 1922 ι
518 1879 706 1952 possit
730 1878 930 1934 statim
962 1876 1158 1932 videre
1185 1879 1374 1931 utram
1407 1875 1467 1929 in
1502 1878 1722 1945 partem
1755 1874 2176 1930 deﬂectendum
2208 1874 2301 1931 sit.
2339 1879 2458 1931 Hoc
2490 1880 2834 1948 argumento
2866 1873 3058 1942 multi,
3094 1875 3306 1940 fateor,
3337 1881 3464 1930 ante
3491 1873 3714 1929 Nicetam
3739 1877 3836 1930 scri-

516 1980 786 2048 pserunt,
819 1975 916 2030 sed
947 1973 1170 2040 Niceta,
1201 1972 1251 2028 si
1291 1987 1544 2027 errorem
1578 1971 1648 2028 de
1675 1971 1926 2042 Spiritus
1955 1971 2145 2027 sancti
2176 1971 2550 2044 processione
2591 1973 2795 2029 demas
2843 1971 3038 2043 (quem
3089 1975 3299 2026 contra
3347 1971 3566 2034 Latinos
3615 1971 3836 2028 mordicus

514 2075 734 2145 tuetur)
775 2071 1001 2128 felicius
1032 2069 1255 2127 nullus.
1294 2071 1394 2125 Hic
1424 2069 1579 2126 enim
1614 2075 2000 2142 prmterquam
2033 2070 2186 2140 quod
2219 2086 2287 2126 ex
2320 2070 2658 2128 auctoribus
2689 2071 2949 2143 profanis
2997 2069 3335 2127 Graecorum
3378 2068 3628 2136 haereses,
3665 2069 3834 2126 ludan-

512 2188 643 2227 rum
673 2187 743 2228 ex
772 2168 955 2225 sacris
987 2167 1210 2237 Bibliis,
1243 2167 1704 2224 Christianorum
1735 2185 1806 2224 ex
1834 2167 2236 2225 ecclesiasticis
2268 2169 2666 2241 scriptoribus,
2703 2167 2974 2241 Dionysio
3008 2165 3384 2238 Areopagita,
3426 2165 3723 2237 Athanasio,
3754 2167 3832 2221 Eu-

510 2269 697 2336 sebio,
727 2266 1112 2338 Tertulliano,
1148 2267 1496 2340 Epiphanio,
1530 2267 1771 2335 Irenaeo,
1801 2265 2234 2337 Cbrysostomo,
2269 2267 2502 2334 Basilio,
2535 2266 2946 2338 Philostorgio,
2985 2264 3294 2320 Theodoro
3343 2263 3730 2336 Mopsuesteno,
3761 2265 3830 2319 So.

511 2377 688 2440 crate,
714 2371 1057 2434 Sozomeno,
1087 2366 1461 2436 Theodorito,
1493 2365 1808 2438 Gregoriis,
1845 2366 2065 2434 Photio,
2095 2366 2480 2434 Damasceno,
2513 2366 2746 2439 Cyrillo,
2776 2364 3110 2437 Euthymic,
3143 2364 3469 2434 Eustathio,
3519 2363 3713 2420 Nicolao
3748 2363 3828 2417 Mc-

512 2468 808 2539 thonensi,
843 2469 1114 2532 Maximo,
1142 2464 1576 2538 Amphilochia,
1609 2465 1831 2521 Thema
1863 2463 2312 2536 Indiccpleusta,
2343 2468 2553 2533 Leone,
2585 2469 2722 2532 etc.,
2756 2467 3037 2538 tanquam
3070 2467 3184 2528 mel
3219 2483 3359 2538 apes
3381 2465 3549 2528 variis
3571 2479 3632 2518 ex
3657 2461 3830 2517 ﬂoribus

511 2566 570 2622 in
602 2565 752 2623 hanc
781 2565 1213 2623 ﬂoridissimam
1245 2562 1644 2636 anthologiam
1678 2562 1934 2636 collegit,
1964 2562 2287 2621 antitheses
2317 2579 2554 2636 quoque
2607 2563 2881 2636 subjecit,
2941 2565 3158 2637 quibus
3216 2564 3476 2638 plumbei
3505 2561 3827 2620 haereticorum

509 2667 798 2740 pugiones
829 2666 990 2724 nullo
1025 2665 1254 2738 negotio
1286 2665 1701 2720 retundantur.
1735 2663 2036 2736 Superest,
2065 2663 2154 2719 vir
2180 2662 2579 2730 ornatissimo,
2613 2667 2677 2720 ut
2703 2679 2774 2722 ex
2803 2663 2914 2724 hoc
2943 2666 3110 2730 quasi
3140 2664 3486 2729 diverticulo
3532 2663 3586 2718 in
3621 2661 3744 2716 viam
3768 2675 3827 2716 re-

507 2766 698 2838 diens,
730 2766 903 2823 etiam
935 2770 1110 2838 atque
1141 2763 1314 2820 etiam
1339 2768 1392 2819 te
1422 2778 1615 2835 regem
1647 2767 1824 2834 atque
1854 2762 2132 2828 obtestor,
2165 2766 2230 2819 ut
2259 2762 2364 2820 has
2391 2762 2669 2820 Thesauri
2699 2762 2788 2822 tui
2839 2763 3146 2834 primitias,
3196 2765 3558 2836 primamque
3598 2775 3751 2818 meam
3785 2759 3825 2812 in

506 2863 720 2921 Graecis
794 2864 1086 2921 vertendis
1155 2860 1572 2932 experientiam
1645 2859 1786 2916 boni
1861 2858 2112 2916 consula:

2234 2876 2371 2918 nam
2445 2859 2535 2917 vel
2609 2861 2913 2933 proverbio
2989 2860 3296 2936 συγγνώμη
3373 2857 3716 2935 πρωτοπεὶρφ,
3772 2855 3826 2912 sic

505 2963 663 3020 enim
740 2964 810 3020 ad
885 2962 1142 3034 reliquos
1215 2959 1428 3017 Nicetes
1501 2959 1685 3016 libros
1758 2958 1886 3031 tibi,
1973 2963 2032 3015 et
2104 2975 2212 3032 per
2298 2963 2359 3016 te
2449 2958 2564 3032 piis
2636 2961 2914 3020 omnibus
2989 2963 3426 3024 consecrandos
3495 2959 3706 3018 alacrior
3760 2971 3824 3014 ac-

505 3063 734 3120 cedam.

788 3185 950 3256 Vale,
979 3185 1070 3241 vir
1089 3183 1430 3241 clarissime.

505 3386 542 3442 b
580 3314 878 3442 .Ltiiggtiiae,
911 3330 979 3370 ex
1009 3311 1333 3371 doctissimi
1358 3311 1530 3383 juxta
1560 3314 1618 3368 et
1646 3309 2068 3368 humanissimi
2099 3309 2204 3369 viri
2234 3315 2300 3368 D.
2332 3310 2631 3370 Michaelis
2661 3313 2974 3372 Vascosani
3004 3313 3410 3390 typographia,
3455 3313 3521 3370 ad
3560 3309 3677 3370 Idus
3700 3308 3823 3366 Octo-

546 3403 625 3442 m
809 3428 824 3442 .

546 3403 625 3443 PII
666 3403 824 3442 1301.

3061 3508 3822 3541 ______

1657 3619 2015 3680 ANGELO
2074 3619 2234 3678 MAI
2288 3620 2744 3680 MONITUM.

1833 3743 2052 3816 (Spicil.
2086 3744 2252 3804 Rom.
2284 3749 2428 3802 tom.
2456 3746 2570 3818 IV).

2167 3899 2238 3913 ῌ

568 3999 772 4053 Νἰεειίε
799 3995 1105 4061 Choniatae,
1135 3996 1350 4050 saeculis
1381 3995 1586 4052 Christi
1615 4011 1694 4050 xu
1723 4001 1778 4052 et
1816 4011 1916 4050 xm
1946 3994 2109 4061 clari,
2171 3997 2475 4051 Thesaurus
2527 3995 2856 4054 orthodoxae
2909 3996 3068 4066 ﬁdei,
3104 3997 3173 4052 ab
3229 4013 3299 4052 eo
3358 4005 3473 4066 post
3510 3998 3811 4066 occupata"!!!

500 4072 711 4125 Latinis
744 4069 1277 4136 Constantinopolim
1311 4069 1368 4122 in
1401 4066 1597 4122 exsilio
1628 4067 1974 4136 compositus,
1997 4071 2132 4122 satis
2161 4067 2451 4138 philologis
2479 4071 2635 4124 notus
2661 4077 2800 4122 erat.
2833 4062 2975 4124 Nam
3022 4062 3072 4124 et
3120 4062 3554 4137 blant/aueonius

497 4139 936 4209 Palmographia,
967 4149 1017 4194 et
1047 4135 1331 4194 Fabricius
1363 4140 1424 4194 Β.
1455 4139 1518 4196 ,6.
1553 4139 1604 4194 Τ.
1645 4140 1704 4194 Vl
1733 4139 1968 4202 ed.vet.,
2002 4135 2213 4194 necnbn
2271 4141 2328 4193 in
2369 4135 2502 4193 'nov.
2557 4140 2607 4194 Τ.
2667 4141 2786 4206 γης
2835 4142 2968 4196 item
2998 4135 3311 4198 Bandinius
3344 4143 3401 4198 in
3432 4138 3580 4196 Codd.
3610 4135 3682 4191 Gr.
3709 4135 3810 4188 Lau-

497 4216 641 4266 rent.
681 4218 748 4267 ν.
782 4217 827 4274 1,
862 4221 914 4268 et
943 4214 1002 4266 in
1036 4216 1278 4268 Monum.
1308 4211 1450 4265 Eccl.
1486 4210 1576 4283 llr.
1609 4210 1662 4266 Τ.
1695 4211 1765 4266 III
1783 4227 1803 4272 ;
1836 4211 2056 4283 Cakus
2087 4209 2311 4283 insuper
2340 4210 2576 4283 aliique,
2608 4210 2822 4266 doctum
2853 4211 2950 4268 hoc
2976 4219 3139 4283 atque
3165 4221 3479 4276 exoptatum
3505 4210 3680 4283 Hiceta:
3714 4214 3814 4283 an!“

492 4288 1082 4338 commemoraverunt.
1117 4288 1266 4354 Bene,
1285 4286 1474 4354 tamen
1505 4281 1569 4335 de
1597 4295 1812 4354 capra:
1841 4282 2058 4354 caeteris
2081 4282 2269 4354 meriti
2293 4290 2421 4354 sunt
2451 4280 2911 4351 dlontfauconius,
2941 4280 3058 4354 qui'
3071 4284 3206 4338 XXII
3229 4283 3497 4338 librorum
3515 4280 3668 4352 (idest
3690 4280 3808 4354 {aliut

492 4354 695 4425 operis)
726 4358 1051 4425 argumenta
1079 4352 1338 4422 protulit,
1370 4369 1440 4407 ex
1467 4367 1633 4421 eoque
1661 4351 1946 4406 Fabricius
1975 4353 2225 4425 repetivit
2255 4369 2270 4418 ;
2301 4346 2787 4424 multoque'magis
2833 4346 3034 4410 Petrus
3075 4355 3380 4420 loreltius,
3427 4371 3462 4410 α
3512 4346 3605 4424 ἀιιο
3631 4346 3811 4425 φαίδιμα

493 4421 704 4498 priores
734 4421 866 4498 libri
893 4421 1088 4498 Latine
1118 4425 1331 4498 vulgati
1357 4425 1591 4494 [uerunt
1621 4443 1637 4490 ;
1671 4425 1912 4496 denique
1940 4421 2249 4484 Bandinius
2281 4426 2381 4496 qui
2409 4426 2466 4480 in
2485 4421 2744 4488 manuni.
2777 4425 3014 4486 indicem
3043 4437 3333 4486 auctorum
3357 4421 3659 4497 operumque
3680 4421 3812 4473 conte-

493 4496 643 4566 rruit,
677 4497 872 4567 quibus
903 4497 1113 4551 Nicctas
1145 4497 1204 4550 in
1235 4496 1502 4551 Thesauro
1533 4497 1734 4567 utitur,

568 4555 704 4634 Quae
731 4584 855 4622 cum
883 4567 964 4621 ita
993 4582 1048 4621 se
1077 4567 1362 4632 haberent,
1395 4566 1821 4640 doluiequidem
1853 4571 1962 4620 tam
1982 4567 2157 4640 utilis
2179 4565 2363 4640 operis
2393 4567 2488 4622 via:
2514 4573 2770 4638 coeptam,
2796 4571 2849 4623 et
2873 4569 3104 4640 quidem
3123 4569 3333 4640 Latine
3359 4555 3808 4640 tantummodo,edi-

495 4638 698 4692 tionem
732 4657 746 4705 ;
780 4654 954 4708 neque
985 4640 1459 4710 tamenmeipsum
1482 4639 1568 4710 uel
1600 4634 1742 4710 uires
1786 4639 1881 4710 vel,
1912 4637 2090 4710 otium
2139 4634 2521 4705 hortabantur,
2550 4634 2617 4710 ut
2663 4634 2897 4696 tantum'
2923 4656 3062 4698 onus
3113 4639 3464 4710 laboremque
3497 4634 3802 4710 susciperem:

492 4703 812 4782 quanquam
841 4703 903 4782 in
931 4724 1062 4782 mss.
1093 4703 1367 4782 codicibus
1394 4709 1626 4782 (mirum
1649 4709 1842 4782 dictu}
1875 4709 1892 4782 )
1959 4707 2294 4782 ipsissimum
2354 4703 2606 4768 Morcllii
2671 4717 3051 4782 apographum
3084 4715 3283 4782 ,Grzce
3327 4703 3677 4782 ct'Latinoad
3695 4711 3806 4755 nos:

492 4777 674 4853 Gallia
699 4779 833 4834 olim
870 4777 1111 4853 delatum
1144 4779 1278 4847 vidi,
1310 4777 1469 4853 cuius
1509 4782 1576 4853 is,
1613 4790 1670 4853 ut
1699 4779 1840 4850 dixi,
1874 4777 2098 4853 nonnisi
2127 4783 2420 4836 minimam
2447 4793 2660 4846 partem
2692 4777 2861 4838 edidit
2881 4777 2906 4848 ’;
2941 4781 3185 4851 eiusdem
3213 4798 3338 4839 vero
3377 4783 3546 4853 operis
3586 4779 3714 4853 longe
3735 4784 3805 4853 ᾳπ·

489 4850 698 4923 tiquius
729 4850 1017 4917 exemplar
1045 4847 1399 4924 nancisccbar
1427 4852 1485 4924 in
1517 4847 1852 4924 bombycinis
1875 4851 2080 4906 chartis
2107 4853 2420 4924 paulogpost
2449 4857 2690 4908 auctoris
2717 4847 2944 4910 atatem
2971 4847 3258 4924 scriptum,
3294 4855 3384 4908 sed
3406 4847 3582 4924 'multo
3622 4847 3806 4924 stricti"!

491 4919 558 4978 ac
581 4938 732 4978 more
757 4928 1162 4991 excerptarum.
1190 4922 1497 4987 cuiusmodi
1559 4919 1800 4978 alterum
1854 4919 2119 4979 codicem'
2166 4919 2494 4980 bibliotheca
2532 4923 2836 4980 Bodleiano
2899 4919 3127 4992 retinet,
3170 4929 3302 4980 teste
3364 4921 3610 4992 Fabricio.
3637 4919 3803 4992 Decrqu

487 4995 674 5066 itaque
699 4981 1037 5068 notabiliora
1063 4981 1272 5049 saltem
1293 5002 1544 5068 excerpta
1571 5010 1645 5050 ex
1679 4996 1954 5068 Vaticanis
2017 4993 2298 5068 codicibus
2363 4994 2542 5053 Graece
2596 4998 2865 5068 excitare,
2932 5013 3031 5068 cap
3045 5005 3094 5051 to
3114 4981 3302 5051 'initio
3331 5013 3370 5051 a
3400 4990 3696 5068 Morellianz
3717 4981 3803 5068 εέίξ

484 5064 652 5141 tionis
676 5065 812 5141 ﬁne,
844 5065 1116 5141 nimirum
1146 5083 1180 5121 a
1208 5075 1364 5122 sexto
1392 5065 1554 5136 libro,
1586 5066 1707 5141 qui,
1741 5069 1799 5124 ut
1827 5067 2208 5139 cognoscimus
2239 5082 2312 5122 ex
2342 5068 2744 5138 Montfauconii
2770 5064 3122 5134 summariis,
3155 5069 3214 5124 in
3239 5064 3527 5124 Macedonii
3563 5066 3802 5134 premunt

491 5139 696 5196 haeresi
721 5138 1062 5197 versabatur.
