4032 6216
206 274 356 338 1093

1668 269 2158 343 THESAURUS.

3473 277 3492 332 t
3503 275 3624 342 084

1194 639 1608 734 INDEX
1680 637 2350 735 LIBBORUM
2413 641 2654 737 XIV

1686 843 1748 886 QU
1757 841 1802 878 ῙΒ
1812 842 1867 878 τε
1901 841 2116 880 εοπεητ

929 1003 1210 1060 ΝΙΒΕΤΆΕ
1265 1001 1642 1057 CHONIAT/E
1695 1000 2122 1059 THESAURUS
2179 1002 2647 1060 ORTHODOXAE
2702 1005 2914 1061 FIDEl.

806 1338 996 1412 Τόμος
1026 1340 1267 1412 πρῶτος.

287 1458 374 1514 Ἐν
422 1459 504 1527 τῷ
559 1453 767 1528 πρώτῳ
805 1451 964 1525 τόμῳ
1029 1451 1092 1505 τὸ
1168 1448 1488 1524 προοίμιον.
1553 1449 1688 1504 Εἶτα
1743 1446 1866 1521 περὶ

209 1543 393 1619 Ἀδάμ
464 1543 554 1598 καὶ
628 1564 792 1598 τινων
877 1541 1122 1616 ἀρχαίων
1179 1535 1388 1614 ἀνδρῶν
1449 1538 1716 1614 εὐρόντων
1772 1537 1870 1600 τὰς

211 1633 614 1709 εἷ’κονουργίας.
691 1631 823 1705 Περὶ
913 1634 1046 1685 τῶν-
1107 1626 1445 1698 Ἑλληνικῶν
1527 1625 1867 1700 μυστηρίων.

209 1725 345 1800 Περὶ
377 1721 695 1797 Ηυθαγόρου
751 1720 841 1774 καὶ
898 1717 1207 1788 Πλάτωνος,
1262 1717 1352 1771 καὶ
1407 1718 1610 1792 έτέρων
1641 1712 1871 1792 φιλοσό-

211 1835 330 1892 φων
361 1813 588 1868 καὶτῶν
636 1809 804 1881 δοξῶν
855 1810 1050 1865 αὑτῶν.
1103 1807 1233 1884 Περὶ
1280 1811 1388 1863 τῶν
1419 1807 1690 1882 τεσσάρων
1723 1825 1871 1860 στοι-

211 1906 408 1980 χείων.
445 1903 574 1978 Περὶ
607 1901 838 1976 οὐρανοῦ
884 1899 976 1955 καὶ
1025 1906 1152 1975 γῆς,
1200 1903 1298 1954 τοῦ
1331 1895 1602 1967 ζωδιακοῦ
1642 1896 1870 1963 κύκλου,

210 2001 326 2050 τῶν
375 1993 632 2048 ἀπλανῶν
690 1991 782 2047 καὶ
841 1989 1136 2060 πλανητῶν
1190 1988 1448 2063 ἀστέρων.
1504 1987 1631 2062 Περὶ
1680 2008 1870 2060 κομη-

209 2089 347 2152 τῶν,
411 2080 613 2158 ἲριὸος,
671 2083 909 2160 πᾶχνου,
969 2076 1288 2155 παρηλίων,
1330 2083 1437 2132 τῶν
1473 2081 1733 2150 σεισμῶν,
1765 2077 1872 2132 τῶν

215 2173 457 2245 ἀνέμων,
525 2171 616 2226 καὶ
688 2175 798 2226 τῶν
875 2170 1230 2244 πρηστήρων.
1311 2168 1415 2223 Καὶ
1491 2161 1675 2221 ἔκτοτε
1747 2165 1868 2239 περὶ

216 2259 595 2334 Ἰο·)ὃαϊσμοῦ.
642 2259 773 2335 Περὶ
823 2264 934 2313 τῶν
986 2257 1206 2331 χρυσῶν
1260 2255 1550 2329 δαμάλεων
1579 2254 1675 2310 τοῖ’)
1708 2255 1874 2329 Ἰερο-

223 2347 396 2424 ϐοάμ.
449 2350 579 2424 Περὶ
634 2352 1009 2424 Σαμαρειτῶν.
1060 2347 1187 2421 Περὶ
1240 2342 1514 2415 Ἐσσηνῶν
1561 2345 1647 2398 καὶ
1683 2341 1872 2398 ἄλλων

219 2445 391 2495 τινῶν
459 2441 844 2514 αἱρεσιαρχῶψ
922 2437 1047 2511 περὶ
1123 2432 1530 2501 Σαδδουκαίων,
1609 2439 1875 2507 Γραμμα-

216 2531 383 2600 τέων,
487 2527 796 2603 Φαρισαίων
893 2519 1409 2600 ἡμεροὸαπτιστῶν,
1504 2521 1594 2578 καὶ
1695 2523 1873 2597 Ἥρω-

225 2617 452 2675 διανῶν.

797 2747 988 2821 Τόμος
1038 2742 1309 2820 δεύτερος.

297 2887 382 2940 Ἐν
433 2889 515 2958 τῷ
567 2880 799 2958 δευτέρῳ
854 2881 1035 2955 τὸμῳ,
1101 2881 1226 2957 περί
1282 2881 1382 2950 τῆς
1439 2877 1591 2954 ἁγίας
1647 2874 1884 2953 Τριάδος

227 2972 506 3052 διαφόρων
565 2972 620 3026 αἱ
678 2973 926 3050 χρήσεις.
961 2974 1213 3040 Ἔπειτα,
1257 2968 1381 3041 περὶ
1448 2965 1716 3044 ἀγγέλων.
1754 2965 1883 3040 Περὶ

231 3067 562 3141 ἀνθρώπων.
598 3063 856 3143 Διάφοροι
915 3058 1064 3132 δόξαι
1117 3059 1240 3134 περὶ
1295 3062 1395 3116 νοῦ
1436 3057 1527 3114 καὶ
1558 3061 1768 3136 ψυχῆς,
1795 3055 1885 3112 καὶ

230 3150 418 3210 ἔκτοτε
447 3154 571 3230 περὶ
601 3153 830 3228 ἀρετῶν.

840 3286 1025 3360 Τόμος
1074 3281 1280 3360 τρίτος.

306 3425 436 3500 Περὶ
485 3426 676 3502 φωνῶν
733 3424 1052 3499 προφητῶν,
1111 3417 1404 3490 δηλουσῶν
1457 3419 1557 3487 τὴν
1619 3416 1672 3472 ἐν
1731 3415 1888 3491 σαρκὶ

233 3513 530 3590 παρουσίαν
589 3517 687 3568 τοῦ
736 3513 866 3567 Υἱοῦ
916 3514 1014 3565 τοῦ
1071 3511 1226 3578 Θεοῦ,
1270 3509 1332 3564 τὸ
1384 3505 1474 3563 διὰ
1521 3511 1756 3579 σταυροῦ
1786 3506 1889 3561 πά-

236 3615 350 3671 θος,
404 3604 493 3658 καὶ
554 3605 655 3672 τὴν
712 3601 1025 3663 ἀνάστασιν.
1091 3599 1221 3672 Περὶ
1274 3604 1374 3667 τῆς
1435 3594 1767 3670 συλλήψεως
1797 3595 1888 3651 καὶ

235 3700 345 3752 τῶν
409 3693 504 3749 δύο
562 3693 772 3772 φύσεων
825 3694 923 3747 τοῦ
980 3691 1238 3764 Χριστοῦ.
1273 3687 1402 3762 Περὶ
1456 3687 1886 3756 Ἐνυποστάτων,

232 3784 361 3860 περὶ
417 3783 794 3857 Ὀμοουσίων,
852 3781 975 3856 περὶ
1033 3777 1519 3859 Ὀμοῦποστάτων,
1570 3776 1693 3853 περὶ
1755 3777 1891 3831 ὑπο-

235 3879 497 3944 στατικῆς
562 3873 808 3935 ένώσεως
870 3870 962 3925 καὶ
1021 3866 1304 3944 διαφορᾶς.
1360 3867 1486 3942 Περῖ
1553 3866 1886 3941 προσώπων.

177 4015 194 4020 -
239 3965 373 4042 Περὶ
441 3965 673 4042 φύσεως.
747 3960 876 4036 Περὶ
979 3961 1205 4036 φθορᾶς·
1305 3956 1428 4032 περί
1495 3960 1735 4036 φθαρτοῦ
1799 3955 1890 4010 καὶ

1908 2697 1958 2761 Β

2576 1340 2764 1397 Tomus
2790 1343 3028 1413 primus.

2051 1452 2114 1506 In
2148 1453 2336 1522 primo
2367 1453 2516 1510 libro
2575 1457 2944 1526 prooemium.
3000 1457 3219 1515 Deinde
3277 1461 3345 1517 de
3383 1462 3634 1532 Adamo,

1979 1545 2036 1598 et
2067 1543 2137 1598 de
2166 1544 2528 1616 quibusdam
2563 1548 2819 1620 antiquis
2849 1550 2988 1606 viris
3039 1552 3138 1625 qui
3184 1553 3634 1612 simulacrorum

1982 1631 2272 1688 fictionem
2309 1634 2750 1694 adinvenerunt.
2802 1638 2882 1694 De
2932 1641 3225 1712 mysteriis
3276 1642 3632 1712 Graecorum,

1979 1719 2059 1775 De
2093 1720 2422 1793 Pythagora
2452 1731 2503 1778 el
2545 1723 2800 1794 Platone,
2844 1727 3030 1799 deque
3060 1729 3190 1797 aliis
3243 1729 3634 1804 philosophis,

1980 1826 2046 1866 ac
2077 1810 2147 1866 de
2176 1828 2376 1868 eorum
2437 1813 2832 1885 opinionibus.
2891 1817 2973 1874 De
3031 1824 3282 1890 quatuor
3311 1821 3631 1892 elementis.

1979 1899 2060 1954 De
2093 1900 2236 1956 ccslo
2267 1905 2323 1956 et
2353 1905 2525 1958 terra.
2580 1909 2662 1960 De
2729 1904 2943 1961 circulo
3005 1907 3256 1966 Zodiaci.
3320 1910 3400 1965 De
3448 1909 3636 1968 stellis

1983 1987 2109 2043 ﬁxis
2140 1991 2199 2042 et
2230 1989 2298 2043 de
2357 1990 2710 2047 errantibus.
2770 1992 2851 2047 De
2908 1995 3169 2051 cometis.
3230 1996 3308 2051 De
3356 1997 3520 2068 iride,
3565 1999 3636 2052 de

1980 2076 2209 2147 pruina,
2244 2077 2314 2132 de
2349 2077 2603 2144 Pareliis,
2636 2080 2707 2136 de
2762 2084 2932 2136 terrae
2983 2083 3262 2151 motibus,
3296 2086 3366 2139 de
3427 2086 3632 2149 ventis,

1981 2164 2050 2220 de
2082 2166 2468 2222 Presteribus.
2531 2167 2749 2224 Deinde
2805 2177 2991 2226 autem
3052 2172 3122 2227 de
3173 2172 3498 2229 Judaismo.
3552 2178 3631 2230 De

1983 2255 2218 2312 Esseuis
2247 2261 2304 2312 et
2335 2257 2465 2312 aliis
2496 2259 2848 2329 quibusdam
2887 2260 3310 2318 haeresiarchis.
3361 2269 3441 2318 De
3485 2264 3630 2319 Sad-

1980 2346 2215 2416 duczsis,
2275 2346 2346 2402 de
2400 2345 2635 2417 Scribis,
2695 2348 3026 2422 Pharisaeis,
3081 2350 3626 2424 Hemerobaptistis,

1982 2433 2345 2492 Herodianis.

2539 2740 2731 2798 Tomu:
2757 2741 3048 2799 secundus.

2061 2875 2124 2929 In
2155 2874 2412 2931 secundo
2443 2878 2622 2948 tome,
2654 2877 2726 2933 de
2758 2881 2962 2934 sancta
3012 2877 3297 2935 Trinitate
3344 2879 3634 2938 variorum

1989 2961 2140 3018 loca.
2177 2963 2390 3035 Deinde
2429 2964 2502 3019 de
2548 2965 2793 3036 angelis.
2840 2967 2920 3022 De
2976 2966 3338 3025 hominibus.
3388 2969 3636 3026 Diversae

1990 3051 2291 3108 sententiae
2323 3053 2394 3108 de
2424 3051 2719 3112 intellectu
2748 3059 2804 3112 et
2836 3053 3051 3114 anima.
3095 3060 3302 3116 Postea
3352 3058 3422 3115 de
3450 3057 3638 3115 virtu-

1990 3139 2170 3197 tibus.

2598 3285 2785 3344 Tomus
2813 3288 3029 3354 tertius.

2063 3422 2144 3474 De
2173 3417 2416 3475 vocibus
2447 3419 2882 3493 prophetarum,
2914 3423 3042 3480 Filii
3073 3424 3176 3481 Dei
3224 3423 3286 3481 in
3337 3441 3509 3484 carne
3538 3427 3642 3482 ad-

1991 3510 2227 3562 ventum
2271 3507 2730 3580 declarantibus,
2786 3527 3010 3568 necnon
3070 3514 3263 3570 crucis
3311 3516 3647 3585 passionem

1993 3601 2050 3652 et
2069 3599 2576 3655 resurrectionem.
2613 3601 2688 3656 De
2709 3601 3081 3673 conceptione
3102 3611 3155 3657 et
3172 3604 3402 3659 duabus
3421 3604 3650 3660 naturis

1993 3686 2226 3743 Christi.
2271 3685 2349 3743 De
2393 3687 2834 3761 Enbypostatis,
2884 3691 2954 3746 de
3003 3691 3646 3764 Consubslantialibus,

1995 3775 2064 3830 de
2099 3777 2637 3849 llomohypostatis,
2675 3785 2776 3835 aut
2806 3780 2984 3836 simul
3024 3780 3378 3853 hypostatis,
3428 3783 3500 3837 de
3545 3782 3648 3855 hy-

1997 3867 2284 3937 postatica
2317 3868 2529 3924 unione
2586 3875 2642 3925 et
2699 3871 3046 3926 differentia.
3106 3875 3185 3926 De
3240 3871 3526 3928 Personis.
3571 3877 3648 3928 De

1996 3961 2224 4011 natura.
2259 3962 2339 4011 De
2369 3958 2778 4028 corruptione:
2828 3959 2898 4014 de
2941 3960 3308 4031 corruptibili
3357 3965 3414 4016 et
3460 3960 3650 4016 incor-

237 4056 540 4134 ἀφθάρτου.
599 4056 848 4118 "Emere,
933 4051 1162 4125 χρήσεις
1227 4051 1335 4102 τῶν
1393 4046 1562 4123 ἁγίων
1615 4044 1739 4121 περὶ
1792 4051 1885 4115 τῆς

2009 4043 2290 4114 ruptibili.
2326 4049 2535 4101 Postea
2565 4046 2692 4102 loca
2731 4051 3072 4104 Sanctorum
3121 4050 3193 4105 de
3239 4050 3562 4105 oeconomia
3589 4048 3650 4104 in

240 4133 507 4220 ἐνσάρκου
564 4142 900 4215 οἰκονομίας.
961 4140 1088 4212 Περί
1145 4142 1241 4193 τοῦ
1288 4138 1498 4212 τρόπου
1545 4142 1647 4205 τῆς
1678 4133 1893 4191 ἀντιδό-

238 4221 401 4298 σεως.
454 4233 585 4306 Περὶ
634 4236 732 4286 τοῦ
781 4229 864 4286 ὅτι
906 4234 1051 4285 πᾶσα
1095 4230 1132 4298 ἡ
1185 4226 1302 4291 θεία
1354 4227 1513 4300 φύσις
1565 4222 1616 4279 ἒν
1666 4228 1764 4298 μιᾷ
1791 4229 1898 4280 τῶν

238 4327 440 4393 ἑαυτῆς
508 4321 853 4378 ὑποστάσεων
916 4319 1102 4389 ἠνώθη
1142 4335 1145 4337 ·
1189 4319 1257 4389 τῇ
1332 4311 1648 4389 ἀνθρωπίνῃ
1717 4313 1894 4389 φύσει,

237 4413 335 4470 καὶ
403 4412 466 4467 οὗ
531 4410 693 4486 μέρος
759 4408 928 4484 μέρει·
994 4406 1086 4461 καὶ
1147 4401 1303 4479 ἕτερα
1372 4401 1603 4480 διάφορα
1668 4401 1897 4473 καθεξῆς

237 4502 367 4578 περὶ
399 4508 497 4572 τῆς
531 4499 988 4576 ἐνανορωπήσεως
1013 4500 1111 4552 τοῦ
1143 4495 1268 4554 Υίοῦ
1295 4496 1393 4548 τοῦ
1423 4495 1578 4548 Θεοῦ.

815 4633 996 4705 Τόμος
1045 4630 1324 4705 τέταρτος.

315 4773 404 4829 Ἐν
438 4770 616 4841 τούτῳ
680 4771 884 4824 κεῖνται
945 4768 1110 4819 πᾶσαι
1168 4763 1222 4816 αἱ
1280 4759 1512 4817 παλαιαὶ
1563 4757 1796 4836 αἱρέσεις
1844 4760 1899 4816 αἱ

241 4863 593 4935 ἀναφανεῖσαι
654 4857 822 4934 μέχρι
883 4860 984 4924 τῆς
1045 4851 1255 4926 Ἀρείου
1324 4849 1603 4924 αἱρέσεως.
1653 4851 1894 4926 Ἐγράφη

243 4951 337 5008 καὶ
395 4948 588 5024 πρώτη
621 4948 655 5017 ἠ
686 4949 782 5000 τοῦ
842 4943 1094 5018 Σίμωνος
1157 4939 1358 5014 α’ίρεσιν
1391 4940 1480 4994 καὶ
1529 4941 1564 5010 ἠ
1614 4939 1700 4994 ἐπ’
1729 4939 1897 5010 αὐτὴν

246 5038 585 5117 ἀντίρρησις.
651 5034 878 5108 Δευτέρα
935 5034 970 5100 ἡ
1030 5035 1137 5086 τῶν
1203 5026 1572 5086 Νικολαϊτῶν.
1633 5029 1801 5117 Τρίτῃ
1863 5030 1897 5099 ἡ

245 5115 380 5186 τῶνί
426 5126 946 5197 Καρποκρατιανῶν.
1016 5117 1260 5193 Τετάρτη
1319 5119 1354 5188 ἡ
1412 5121 1508 5173 τοῦ
1550 5115 1897 5176 Βαλεντίνου.

250 5222 482 5290 Πέμπτη
552 5216 587 5284 ἡ
663 5217 765 5268 τοῦ
831 5207 1203 5283 Πτολεμαίου,
1267 5201 1392 5277 ἕκτη
1436 5207 1471 5276 ὴ
1510 5203 1607 5260 τοῦ
1649 5206 1896 5278 Μάρκου.

249 5300 497 5378 Ἑϐδόμη
557 5303 593 5371 ἡ
652 5303 762 5356 τῶν
818 5293 1256 5371 ’Δσκοδρούγων.
1315 5290 1518 5369 Ὁγδύη
1579 5293 1616 5362 ἡ
1663 5295 1900 5348 105K0-

245 5389 544 5469 λορϐἀσου.
603 5388 831 5459 Ἐννάτη
889 5390 925 5458 ἠ
985 5391 1091 5442 τῶν
1148 5386 1388 5463 Οφιτῶν,
1448 5382 1661 5469 Λεκάτη
1721 5383 1756 5450 ἡ
1800 5386 1899 5437 τοῦ

245 5466 540 5554 Προδίκου.
596 5475 883 5548 Ἐνδεκάτη
941 5477 978 5546 ἡ
1038 5479 1146 5530 τῶν
1211 5475 1451 5528 Καῖνῶν.
1511 5466 1800 5540 Δωδεκάτη
1859 5471 1896 5540 ἡ

239 5577 352 5630 τῶν
385 5571 694 5644 Σηθιανῶν.
754 5561 1186 5642 Τρισκαιδεκάτη
1247 5561 1283 5630 ἡ
1341 5561 1451 5614 τῶν
1496 5559 1896 5633 ’Λρχοντικῶν.

318 5731 397 5805 (1)
426 5730 489 5788 Id
521 5729 634 5795 est,
666 5724 734 5784 de
762 5722 984 5780 ratione
1012 5715 1532 5777 communicationis
1561 5713 1912 5775 idiomalum.

2004 4149 2196 4202 carne,
2229 4134 2352 4188 sive
2381 4135 2452 4190 de
2479 4134 2899 4193 incarnatione.
2947 4143 3023 4193 De
3071 4138 3147 4210 (1)
3197 4139 3368 4194 modo
3401 4139 3652 4194 retribu-

2002 4221 2196 4278 tionis.
2231 4223 2394 4288 Quod
2427 4228 2546 4279 tota
2578 4231 2786 4281 natura
2816 4226 3015 4282 divina
3043 4227 3099 4281 in
3130 4244 3247 4282 una
3276 4243 3344 4283 ex
3393 4228 3518 4283 suis
3546 4228 3651 4300 hy-

2004 4312 2337 4383 postasibus
2371 4313 2536 4368 unita
2561 4314 2638 4369 sit
2667 4313 2936 4371 humanae
2994 4321 3236 4386 naturae,
3287 4333 3402 4370 non
3453 4323 3647 4372 autem

2002 4418 2136 4474 pars
2168 4403 2318 4474 parti
2354 4419 2367 4458 :
2401 4407 2457 4458 et
2485 4403 2598 4458 alia
2624 4404 2782 4459 varia
2811 4409 2943 4476 post
2972 4404 3094 4461 haec
3136 4405 3205 4460 de
3253 4405 3653 4462 incarnatione

2006 4491 2130 4548 Filii
2162 4491 2285 4550 Dei.

2574 4630 2766 4687 Tomus
2804 4639 3060 4703 quartus.

2076 4765 2138 4820 In
2170 4764 2278 4821 hoc
2337 4765 2630 4822 habentur
2688 4783 2892 4824 omnes
2950 4771 3173 4826 veteres
3230 4767 3482 4825 hereses
3527 4785 3658 4841 quae

2004 4871 2188 4926 usque
2217 4855 2288 4910 ad
2345 4857 2468 4913 Arii
2521 4855 2791 4912 haeresim
2837 4862 3226 4914 emerserunt.
3285 4858 3478 4913 Prima
3526 4874 3660 4914 vero

2005 4943 2264 5001 Simonis
2296 4943 2530 5001 haeresis
2555 4944 2926 5014 describitur,
2957 4961 3088 5000 eum
3125 4946 3251 5016 ejus
3283 4945 3650 5000 refutatione.

2003 5033 2286 5097 Secunda,
2319 5033 2756 5103 Nicolailarum,
2787 5034 3004 5100 Tertia,
3053 5034 3664 5106 Carpocratianorum,

2006 5122 2238 5190 Onarta,
2275 5122 2582 5191 Valentini,
2616 5122 2852 5190 Quinta,
2886 5122 3199 5179 Ptolemei.
3234 5123 3422 5193 Sexta,
3455 5121 3660 5189 Marci,

2007 5211 2293 5281 Septima,
2330 5213 2828 5285 Ascodru‘gorum,
2861 5211 3092 5277 Octava,
3127 5211 3447 5278 Colorbasi,
3481 5211 3663 5268 Nona-

2005 5297 2376 5370 Opbitarum,
2434 5300 2690 5369 Decima,
2743 5299 2992 5359 Prodici.
3044 5299 3388 5369 Undecima,
3429 5299 3666 5372 Gaiano-

2008 5403 2162 5444 rum.
2197 5388 2570 5458 Duodecima,
2600 5388 3032 5446 Setbianorum.
3063 5389 3298 5446 Decima
3327 5389 3516 5457 tertla,
3550 5392 3661 5445 Ar-

2008 5475 2434 5533 chonticorum.
2466 5477 2689 5533 Decima
2718 5486 2944 5550 quarta,
2991 5478 3268 5535 Cerdonis
3313 5482 3370 5534 et
3413 5477 3662 5533 Marcio-

2008 5564 2120 5622 nis.
2155 5563 2392 5622 Decima
2423 5566 2628 5638 quinta
2650 5566 2917 5626 Luciani.
2946 5567 3184 5626 Decima
3212 5571 3396 5640 sexta,
3418 5565 3660 5640 Apellis.
