4032 6216
405 287 586 366 1095'

1725 293 2036 355 NICETE
2076 293 2498 356 CHONIA'I‘E

3667 297 3838 358 1096

403 439 638 498 Decima
663 436 932 510 seplima,
965 433 1428 490 Severianorum.
1457 430 1693 486 Decima
1721 429 2046 496 octava,Ta‘

2170 428 2736 504 Τεσσαρεσκαιδεκάτή
2785 433 2820 500 ἡ
2877 434 2976 486 106
3024 428 3310 506 Κέρδωνος
3347 432 3437 486 καὶ
3469 433 3840 506 Μαρκίωνος.

404 530 573 586 tiani.
607 527 840 584 Decima
872 543 1048 592 nona,
1081 523 1530 579 Encratilarum.
1565 518 2064 590 Vigesima,Mon-

409 620 778 676 tanistarum.
835 614 1124 686 Vigesima
1174 613 1381 684 prima,
1445 608 2060 677 Quintillianistarum,

410 707 1012 774 Prisciilianistarum,
1041 701 1448 773 Pepuzilarum
1482 703 1538 753 et
1582 696 2056 768 Artotyritarum.

408 798 704 870 Vigesima
762 795 1040 862 secunda,
1109 788 1878 854 Tessarescaadecaticarum,
1940 785 2059 840 sive

407 885 1086 952 Quartodecimanorum.
1169 879 1462 951 Vigesima
1511 877 1683 930 tertia
1739 874 2053 945 Aiogorum

408 981 471 1032 ut
500 983 724 1031 vocant.
759 973 1050 1043 Vigesima
1083 975 1291 1042 quarta
1325 969 1802 1022 Adamianorum.
1837 965 2056 1034 Vigesi-

409 1083 505 1122 ma
535 1066 765 1137 quinta,
797 1065 1228 1133 Sampsaaorum
1261 1064 1317 1114 et
1367 1059 1776 1112 Elcesaaorum.
1837 1053 2052 1122 νῆεςοεί-

410 1173 507 1211 ma
565 1159 746 1220 sexta,
797 1151 1355 1206 Theodotianorum.
1414 1145 1710 1216 Vigesima
1777 1145 2050 1213 septima,

408 1244 570 1302 Νοοιί
601 1250 656 1299 et
687 1243 908 1300 Novati.
945 1239 1236 1310 Vigesima
1267 1242 1487 1304 octava,
1536 1233 1787 1289 Sabellii.
1831 1231 2050 1298 νῆεςθεὶ-

408 1350 502 1389 ma
532 1349 708 1400 nona,
740 1327 1018 1386 Marcelli.
1045 1326 1387 1397 Trigesima,
1433 1322 1896 1383 Valesianorum,
1931 1320 2050 1373 sive

404 1421 906 1478 Valcntianorum.
945 1416 1267 1487 Trigesima
1326 1414 1539 1484 prima,
1600 1409 1890 1482 Origenis,
1951 1407 2048 1462 ubi

403 1511 670 1580 quaedam
695 1509 766 1564 de
797 1507 1012 1572 anima,
1047 1510 1100 1559 et
1132 1503 1420 1558 enarratio
1469 1500 1610 1556 dicti
1659 1496 1996 1568 hujusmodi
2031 1511 2046 1551 :

404 1598 675 1668 Cuiusque
703 1611 833 1666 Opus
863 1593 1030 1665 quale
1055 1600 1147 1657 su,
1179 1591 1320 1661 ignis
1354 1588 1609 1659 probabit
1640 1589 1678 1638 ¹.
1727 1585 2050 1655 Trigesima

402 1687 680 1752 secunda,
714 1683 871 1740 Pauli
905 1679 1289 1738 Samosaieni.
1321 1677 1648 1748 Trigesima
1687 1675 1875 1740 tertia,
1923 1674 2046 1729 Ma-

403 1775 758 1830 nichaeorum
790 1778 846 1827 et
876 1770 1277 1826 Cubricorum.
1310 1766 1631 1838 Trigesima
1661 1769 1888 1836 quarta,
1913 1763 2046 1817 Hie-
2078 1800 2125 1865 Β

402 1863 743 1918 racitarum.
801 1858 1127 1930 Trigesima
1203 1854 1424 1927 quinta,
1500 1853 2046 1923 Collyridianorum.

400 1953 723 2024 Trigesima
754 1956 934 2016 sexta,
971 1947 1478 2010 Massalianorum,
1496 1943 1615 1998 sive
1637 1943 2044 1996 Enchilarum:

403 2041 502 2097 ubi
534 2039 895 2097 enumeratio
926 2037 1240 2107 impiorum
1268 2036 1607 2103 dogmatum
1649 2031 1909 2101 ejusdem
1942 2029 2052 2084 hae-

399 2131 564 2187 resis.
601 2129 927 2198 Trigesima
953 2126 1221 2196 septima,
1271 2123 1805 2178 Corinthianorum.
1863 2120 2052 2189 Trige-

399 2219 551 2276 sima
581 2227 801 2284 octava,
835 2216 1201 2270 lcetioorum.
1255 2211 1580 2282 Trigesima
1625 2225 1797 2276 nona,
1847 2210 2049 2263 Gnosi-

401 2307 764 2364 machorum.
841 2301 1316 2374 Quadragesima,
1399 2298 2046 2369 Thnetopsychitarum.

401 2396 860 2465 Quadragesima
891 2393 1099 2464 prima,
1146 2387 1669 2460 Chrystolytorum.
1719 2387 2046 2455 Quadrage-

401 2486 544 2541 sima
571 2485 845 2552 secunda,
906 2479 1478 2551 Etbnophronorum,
1539 2475 1657 2530 sive
1712 2490 1909 2529 eorum
1954 2471 2047 2544 qui

401 2588 535 2627 cum
570 2570 828 2626 Ethnicis
860 2563 1602 2634 sentiunt.Quadragesima
1625 2562 1813 2631 tertia,
1848 2561 2046 2616 Parer-

404 2668 835 2724 meneularum,
867 2659 986 2713 sive
1015 2671 1212 2710 eorum
1247 2653 1347 2726 qui
1380 2667 1552 2724 prave
1597 2650 1928 2722 Scriptores
1961 2653 2047 2706 in-

397 2754 816 2822 terpretantur.
851 2744 1310 2816 Quadragesima
1341 2739 2046 2813 quarta,Meletianorum.

2177 515 2633 588 Πεντεκαιδεκᾶτή
2667 521 2702 588 ἡ
2731 523 2828 574 106
2878 524 3205 578 Λουκιανοῦ.
3237 517 3628 590 Ἐξκαιδεκὰτη
3661 523 3701 588 ἡ
3739 525 3840 574 τοῦ

2169 605 2438 676 Ἀπελλῇ.
2471 605 2938 678 Ἐπτακαιδεκᾶτη
2984 610 3019 675 ἡ
3068 613 3177 664 τῶν
3225 604 3590 682 Σεϐεριανῶν.
3623 610 3844 662 Ὀκτω-

2167 692 2458 766 καιδεκάτη
2519 699 2554 765 ἡ
2613 700 2708 751 106
2747 699 3035 754 Τατιανοῦ.
3097 695 3573 768 Ἐννεακαιδεκάτη
3628 700 3664 766 ἡ
3719 703 3835 750 τῶν

2167 785 2553 860 Ἐγκρατιτῶν.
2588 785 2823 857 Εἰκοστή
2879 789 2914 857 ἡ
2967 792 3074 842 τῶν
3128 789 3536 844 Μοντανιστῶν.
3581 786 3832 854 Εἰκοστή

2165 874 2354 947 πρώτη
2390 877 2424 942 ἡ
2457 879 2561 928 τῶν
2593 873 2964 932 Κυντιλιανῶν
2995 877 3086 930 καὶ
3128 875 3560 950 Πρισκιλιανῶν,
3592 877 3691 930 καὶ
3729 881 3837 929 Πε-

2165 969 2459 1033 πουζιτῶν,
2510 964 2600 1019 καὶ
2649 967 3063 1041 Ἀρτοτυριτῶν.
3119 967 3352 1034 Εἰκοστή
3397 965 3622 1040 δευτέρα
3662 969 3692 1034 ἡ
3726 970 3837 1020 τῶν

2163 1055 2838 1127 Τεσσαρεσκαιδεκατιτῶν.
2900 1055 3134 1124 Εἰκοστή
3187 1056 3348 1129 τρίτη
3407 1057 3442 1124 ἡ
3500 1060 3612 1109 τῶν
3662 1054 3835 1127 λεγο-

2165 1141 2340 1211 μένων
2370 1140 2647 1218 ’Λλόγιυν.
2680 1143 2912 1212 Εἰκοστή
2943 1145 3173 1217 τετάρτη
3226 1147 3260 1213 ἡ
3304 1149 3412 1198 τῶν
3448 1141 3830 1215 Ἀδαμιανῶν.

2162 1229 2394 1299 Εἰκοστή
2450 1232 2674 1304 πέμπτη
2734 1234 2769 1301 ἡ
2823 1237 2932 1287 τῶν
2992 1233 3292 1305 Σαμψαίων
3334 1234 3423 1286 καὶ
3465 1231 3831 1290 Ἐλκεσαίων.

2163 1318 2393 1389 Εἰκοστή
2452 1316 2580 1390 ἓκτη
2640 1323 2674 1390 ἡ
2728 1325 2837 1376 τῶν
2897 1319 3286 1378 Θεοδοτιανῶν.
3330 1322 3566 1390 Εἰκοστή
3604 1317 3827 1393 ἑϐδόμη

2158 1409 2192 1478 ἡ
2250 1413 2346 1463 τοῦ
2406 1410 2624 1480 Νοήτου
2679 1409 2770 1463 καὶ
2822 1414 2919 1464 τοῦ
2978 1411 3256 1470 Ναυάτου.
3303 1409 3540 1480 Εἴκοστή
3576 1407 3757 1484 ὀγδόη
3792 1413 3827 1479 ἡ

2157 1501 2256 1553 τοῦ
2288 1491 2616 1556 Σαϐελλίου.
2668 1499 2904 1567 Εἰκοστή
2959 1499 3148 1570 ὲννάτη
3206 1502 3241 1568 ἡ
3298 1503 3394 1554 106
3455 1499 3827 1573 Μαρκέλλου.

2157 1587 2465 1659 Τριακοστή
2535 1589 2570 1656 ἡ
2637 1590 2744 1640 τῶν
2812 1585 3165 1657 Οὐαλησίων.
3241 1588 3549 1663 Τριακοστή
3619 1590 3830 1661 πρώτη

2156 1676 2190 1744 ἡ
2238 1678 2334 1728 106
2389 1674 2720 1751 Ὠριγένους,
2788 1674 2839 1730 έν
2989 1677 3075 1731 καὶ
3138 1676 3262 1752 περὶ
3319 1680 3503 1752 ψυχῆς
3551 1698 3700 1748 τινα,
3737 1677 3834 1730 καὶ

2156 1761 2414 1838 ἐξήγησις
2481 1769 2580 1819 106
2664 1763 2980 1842 ἀπορρήτου
3053 1764 3082 1820 ὅ
3149 1787 3332 1842 φησιν,
3421 1767 3690 1821 Ἐκάστοο
3759 1767 3830 1820 τὸ

2155 1844 2306 1925 ἔργον
2375 1851 2564 1905 ὁποῖόν
2639 1849 2772 1923 ἐστι,
2813 1852 2878 1907 τὸ
2943 1856 3050 1928 πῦρ
3135 1849 3443 1926 δοκιμάσει.
3503 1854 3828 1927 Τριακοστή

2156 1939 2378 2016 δευτέρα
2409 1945 2443 2011 ἡ
2477 1944 2698 1998 Παύλου
2749 1949 2845 2000 106
2897 1944 3280 2016 Σαμοσατέως.
3311 1947 3624 2020 Τριακοστή
3656 1945 3827 2018 τρίτη

2155 2031 2190 2100 ἠ
2242 2036 2350 2086 τῶν
2424 2033 2742 2106 Μανιχαίων
2800 2034 2892 2087 καὶ
2950 2029 3297 2108 Κουὸρίκων.
3354 2036 3676 2107 Τριακοστή
3735 2056 3828 2088 τε-

2154 2119 2324 2193 τάρτη
2385 2123 2419 2188 ἡ
2469 2125 2578 2175 τῶν
2620 2125 2947 2196 Ἱερακιτῶν.
3009 2123 3323 2194 Τριακοοτὴ
3376 2122 3602 2193 πέμπτη
3638 2124 3675 2190 ἡ
3707 2127 3829 2175 τῶν

2161 2205 2630 2281 Κολλυριδιανῶν.
2674 2211 2984 2284 Τριακοστή
3038 2206 3167 2278 ἕκτη
3202 2213 3236 2280 ἦ
3269 2215 3376 2265 τῶν
3412 2210 3821 2267 Μασσαλιανῶν

2153 2297 2277 2364 ἢτοι
2337 2296 2609 2372 Εὐχιτῶν,
2669 2297 2721 2352 ἐν
2781 2298 2817 2372 ᾖ
2875 2299 2964 2352 καὶ
3025 2299 3394 2372 ἀπαρίθμησις
3442 2304 3550 2352 τῶν
3602 2295 3823 2353 ἀσεϐῶν

2155 2381 2452 2461 δογμάτων
2501 2393 2607 2454 τῆς
2658 2386 2825 2456 αὐτῆς
2887 2387 3164 2459 αἱρέσεως.
3222 2390 3534 2462 Τριακοστή
3596 2385 3820 2461 ἑϐδόμη

2154 2475 2190 2543 ἡ
2250 2479 2359 2527 τῶν
2420 2477 2812 2550 Κηρινθιανῶν.
2872 2478 3175 2551 Τριακοστή
3233 2473 3404 2551 ὀγδόη
3463 2479 3499 2545 ἡ
3541 2481 3652 2531 τῶν
3681 2479 3824 2533 Ἱκε-

2153 2567 2259 2617 τῶν
2311 2567 2388 2634 (2)
2447 2566 2776 2636 (Ἱκετικῖυν).
2835 2567 3144 2639 Τριακοστή
3205 2564 3388 2636 έινάτη
3423 2568 3456 2636 ἡ
3499 2570 3610 2620 τῶν
3663 2572 3824 2622 Γνω-

2155 2653 2433 2728 σιμάχων.
2494 2655 2909 2727 Τεσσαρακοστή
2943 2656 2978 2723 ἠ
3010 2659 3116 2708 τῶν
3177 2658 3634 2730 Θνητοψυχιτῶν.
3678 2657 3824 2712 Τεσ-

2156 2743 2461 2814 σαρακοστὴ
2491 2743 2684 2816 πρώτη
2739 2745 2774 2812 ἡ
2823 2746 2932 2797 τῶν
2966 2743 3349 2819 Χρυσολυτῶν.
3383 2745 3817 2819 Τεσσαρακοστὴ

399 2837 620 2913 δευτέρα
647 2839 682 2906 ἡ
713 2839 822 2890 τῶν
860 2832 1256 2908 Ἐθνοφρὸνων.
1306 2827 1722 2903 Τεσσαρακοστή
1777 2826 1936 2901 τρίτη
1997 2829 2032 2896 ἡ
2091 2833 2201 2884 τῶν
2260 2832 2760 2904 ΙΙαραρμηνευτῶν.
2795 2832 2892 2888 Καὶ
2927 2834 3330 2907 τεσσαρακοστή
3360 2833 3594 2907 τετάρτη
3630 2834 3667 2901 ἡ
3701 2839 3820 2888 τῶν

403 2925 766 2984 Μελιτιανῶν.

991 3058 1181 3112 Tomus
1219 3055 1457 3127 quintus.

473 3225 538 3282 In
570 3223 679 3279 hoc
709 3226 892 3289 tomo,
917 3219 1170 3292 primum
1203 3218 1272 3273 de
1290 3217 1444 3284 Ario,
1480 3216 1632 3271 unde
1651 3215 1944 3288 prodierit,
1979 3216 2052 3270 d0

403 3319 629 3371 statura
660 3317 717 3369 ct
766 3311 1030 3366 moribus
1079 3310 1226 3378 ejus,
1275 3307 1347 3362 de
1387 3306 1584 3377 impiis
1617 3306 1877 3376 ejusdem
1909 3306 2050 3376 dog-

403 3403 698 3461 matibus:
735 3403 804 3456 de
835 3400 1080 3472 synodo,
1114 3413 1240 3469 qum
1287 3397 1446 3453 illius
1489 3411 1660 3451 causa
1702 3395 1904 3450 Nicena
1942 3393 2048 3449 ha-

399 3494 520 3550 bita
546 3497 681 3561 est;
738 3493 810 3547 de
868 3489 1250 3546 subversione
1305 3493 1362 3542 et
1419 3484 1796 3541 damnatione
1853 3484 1980 3554 eius
2031 3499 2044 3538 :

397 3589 570 3657 atque
600 3583 817 3640 ibidem
853 3579 1130 3636 memoria
1158 3577 1364 3650 synodi
1395 3576 1783 3632 Ariminensis
1819 3592 1834 3640 ;
1883 3574 2046 3629 simi-

392 3673 640 3746 literque
673 3674 742 3728 de
773 3671 999 3744 synodo
1030 3668 1308 3725 Seleucia:
1348 3665 1664 3722 celebrata.
1716 3664 1928 3719 Deinde
1956 3680 2036 3718 re-

393 3765 598 3822 futatio
631 3764 757 3834 ejus
790 3778 824 3816 a
855 3758 1023 3815 nobis
1053 3758 1356 3813 adornata.
1389 3754 1597 3810 Postea
1653 3749 1944 3808 enarratio
1973 3751 2045 3806 de

396 3855 573 3911 rebus
608 3851 849 3908 Aetiiet
899 3847 1190 3904 Eunomii.
1242 3845 1524 3914 Deinceps
1572 3842 1778 3913 capita,
1829 3840 2044 3912 quibus

391 3941 764 4016 (Eunomius)
799 3938 1042 4010 probare
1075 3936 1306 3998 nititur,
1373 3933 1577 3987 Filium
1640 3940 1761 4000 post
1815 3935 2042 3986 Patrem

390 4037 581 4087 ortum
617 4033 672 4085 et
705 4032 1034 4083 creaturam
1078 4040 1227 4079 esse.
1277 4022 1396 4077 Sub
1459 4021 1577 4076 haec
1622 4018 2042 4090 propositiones

393 4120 658 4190 quaedam
693 4116 970 4171 haeretica;
1001 4114 1148 4168 Aetii
1183 4117 1240 4167 et
1269 4110 1556 4178 Eunomii,
1589 4125 1907 4180 earumque
1949 4125 2036 4164 re-

389 4208 704 4264 futationes
735 4223 769 4260 a
800 4205 968 4260 nobis
996 4201 1342 4273 conscriptas
1375 4217 1388 4254 :
1423 4204 1480 4255 et
1510 4204 1710 4270 postea
1747 4197 1875 4255 loca
1903 4214 2036 4254 san-

391 4303 616 4355 ctorum
651 4295 911 4351 Patrum.

999 4492 1189 4547 Tomus
1217 4492 1425 4544 sextus.

462 4625 544 4676 De
604 4615 939 4672 Macedonio
995 4610 1543 4680 Pneumalomacho,
1603 4610 1720 4667 sive
1792 4609 2043 4683 Spiritus

391 4707 581 4764 sancti
643 4707 828 4760 hoste.
889 4706 950 4758 In
1013 4703 1121 4757 hoc
1178 4705 1334 4756 tomo
1393 4700 1603 4755 iterum
1686 4710 2044 4755 memoratur

390 4800 568 4853 Arius
597 4801 654 4851 et
683 4797 812 4864 ejus
843 4792 1077 4848 asseclae
1113 4817 1127 4859 ;
1161 4797 1283 4846 tum
1316 4791 1432 4845 duo
1467 4789 1719 4855 Eusebii,
1773 4790 2041 4846 Nicome-

391 4887 617 4946 diensis
646 4883 911 4940 videlicel
940 4885 996 4937 et
1043 4881 1112 4944 is,
1147 4879 1246 4953 qui
1275 4879 1332 4933 in
1366 4882 1618 4934 Caesarea
1668 4877 1980 4933 Palaestina!
2025 4895 2039 4934 :

390 4979 463 5036 de
495 4979 553 5034 S.
590 4972 913 5031 Athanasio
958 4988 970 5027 :
1006 4972 1078 5026 de
1098 4971 1155 5027 S.
1206 4969 1379 5025 Paulo
1428 4969 1776 5024 confessore.
1833 4972 1906 5023 De
1947 4986 2040 5041 sy-

393 5068 548 5125 nodo
576 5063 923 5122 Sardicensi.
977 5062 1063 5117 De
1137 5058 1503 5115 restitutione
1559 5056 1880 5112 Macedonii
1979 5055 2040 5112 in

390 5159 673 5214 thronum
704 5149 1440 5222 Constantinopolitanum,
1472 5151 1529 5201 et
1559 5147 1629 5201 de
1655 5146 1783 5216 ejus
1813 5145 1871 5200 in
1902 5161 2040 5201 san-

393 5253 546 5304 ctam
605 5244 956 5302 Trinitatem
1012 5237 1374 5310 blasphemis
1421 5235 1614 5300 dictis,
1674 5235 2042 5307 maximeque

392 5334 453 5390 in
476 5338 745 5392 sanctum
767 5333 1069 5404 Spiritum.
1101 5327 1320 5385 Deinde
1342 5333 1536 5381 autem
1561 5325 1869 5392 enarratio,
1896 5340 2039 5396 quo-

467 5513 648 5572 ICor.
683 5531 762 5572 m.
799 5515 884 5571 l3.

2729 3053 2909 3128 Τόμος
2967 3055 3235 3130 πέμπτος.

2229 3216 2320 3272 Ἐν
2377 3220 2456 3288 τῷ
2511 3217 2746 3292 τοιούτῳ
2803 3223 3023 3293 πρῶτον
3075 3219 3198 3294 περῖ
3258 3223 3354 3275 τοῦ
3413 3218 3658 3296 Ἀρείου,
3693 3221 3822 3284 ὅθεν

2157 3301 2434 3380 ὥρμηται,
2467 3305 2556 3361 καὶ
2587 3308 2709 3381 περὶ
2767 3314 2868 3377 τῆς
2925 3306 3149 3378 ἡλικίας
3177 3311 3268 3364 καὶ
3296 3313 3394 3365 106
3424 3308 3594 3380 ἤθους
3629 3309 3825 3379 αὐτοῦ,

2155 3395 2245 3449 καὶ
2295 3399 2402 3450 τῶν
2457 3391 2665 3450 ἀσεϐῶν
2726 3394 3036 3474 δογμάτων,
3095 3397 3186 3452 καὶ
3232 3405 3332 3468 τῆς
3391 3399 3442 3454 ἐν
3502 3402 3707 3471 Nini;
3751 3399 3824 3455 δι’

2156 3483 2320 3538 αὐτὸν
2414 3485 2681 3556 συστάσης
2749 3483 3000 3558 συνόδου,
3067 3488 3157 3542 καὶ
3241 3495 3342 3558 τῆς
3428 3496 3826 3564 καταστροφῆς

2155 3573 2340 3629 αὐτοῦ.
2389 3573 2479 3628 Ἐν
2545 3571 2725 3645 ταύτῷ
2784 3572 2842 3630 δὲ
2897 3576 2985 3630 καὶ
3051 3577 3206 3649 μνεία
3258 3583 3360 3646 τῆς
3419 3577 3472 3632 ἰν
3525 3582 3825 3652 ’Δριμήνφ

2152 3661 2454 3738 γενομένης
2485 3661 2741 3736 συνόδου,
2798 3665 3057 3728 ὡσαύτως
3115 3668 3206 3722 καὶ
3261 3674 3360 3737 τῆς
3412 3667 3467 3722 έν
3521 3668 3818 3742 Σιλευκείᾳ

2150 3757 2249 3820 τῆς
2307 3750 2594 3826 Ἰσαυρίας.
2651 3754 2879 3809 Ἕκτοτε
2931 3756 3069 3828 πρὸς
3120 3759 3288 3811 ταῦτα
3360 3757 3607 3832 ἡμετέρα
3669 3758 3816 3813 ἀντί-

2152 3851 2317 3904 θεσις.
2379 3842 2474 3896 Ἐκ
2527 3838 2582 3896 δὲ
2638 3843 2833 3897 τούτου
2893 3840 3151 3918 διήγησις
3210 3849 3318 3899 τῶν
3377 3847 3516 3900 κατὰ
3565 3848 3812 3915 Ἀέτιον,

2149 3930 2238 3984 καὶ
2279 3931 2370 3984 τὸν
2431 3929 2725 4003 Εὐνόμιον.
2779 3931 2876 3986 Καὶ
2935 3931 3124 4012 ἐφεξῆς
3175 3933 3444 4009 κεφάλαια
3476 3932 3545 3989 δι’
3580 3934 3658 3989 ὦν
3691 3959 3812 3992 πει-

2151 4021 2307 4091 ρᾶται
2370 4015 2535 4087 δεῖξαι
2585 4018 2675 4072 τὸν
2735 4019 2861 4073 Υἱὸν
2923 4019 3250 4097 ὑστερογενῆ
3303 4026 3400 4077 106
3459 4024 3676 4099 Ιίατρὸς
3720 4027 3814 4081 καὶ

2145 4105 2365 4178 κτίσμα.
2425 4106 2527 4163 Καὶ
2607 4107 2743 4181 μετὰ
2801 4112 2970 4164 ταῦτα
3028 4109 3199 4173 θέσεις
3254 4109 3396 4174 τιὸἒς
3454 4117 3552 4167 τοῦ
3591 4115 3814 4170 Ἀετίου

2147 4193 2237 4248 καὶ
2293 4197 2391 4248 106
2451 4193 2725 4268 Εὐνομίου
2780 4196 3068 4270 αἱρετικαὶ,
3124 4197 3212 4254 καὶ
3268 4199 3568 4274 ἀνατροπαὶ
3600 4203 3816 4259 τούτων

2146 4289 2540 4362 συγγραφεῖσαι
2598 4285 2745 4361 παρὰ
2826 4287 3012 4360 ἡμῶν.
3099 4287 3201 4345 Καὶ
3285 4291 3420 4363 μετὰ
3503 4296 3682 4348 ταῦτα
3761 4296 3816 4349 αὶ

2147 4373 2378 4448 χρήσεις
2406 4377 2516 4428 τῶν
2546 4372 2738 4446 ἁγίων.

2771 4469 2960 4563 Τόμος
3001 4488 3174 4554 ἕκτος.

2222 4612 2352 4688 Περὶ
2413 4611 2756 4670 Μακεδονίου
2809 4620 2908 4670 106
2966 4621 3462 4695 πνευματομάχου.
3522 4624 3614 4680 ’Ev
3646 4621 3704 4678 δὲ
3733 4630 3815 4696 τῷ

2147 4701 2382 4773 τοιούτῳ
2448 4701 2604 4775 τόμῳ
2665 4703 2820 4774 μνεία
2874 4703 3043 4760 πάλιν
3101 4711 3196 4760 τοῦ
3265 4708 3480 4782 ’Δρείου
3540 4711 3635 4765 καὶ
3703 4718 3812 4767 τῶν

2151 4790 2471 4869 συμφρόνων
2523 4790 2689 4863 αὐτῷ,
2737 4791 2826 4846 καὶ
2876 4797 2985 4846 τῶν
3043 4789 3138 4848 δύο
3181 4791 3454 4852 Εὗσεϐίων
3487 4804 3587 4852 106
3619 4821 3676 4854 τε
3709 4808 3812 4870 τῆς

2152 4877 2519 4952 Νικομηδείας
2549 4879 2640 4934 καὶ
2684 4883 2780 4934 106
2827 4887 2926 4949 τῆς
2977 4880 3028 4936 έν
3081 4881 3415 4959 Παλαιστίνῃ
3448 4893 3550 4955 τῆς
3587 4893 3805 4944 Καισα-

2154 4966 2320 5042 ρείας,
2353 4969 2449 5023 τοῦ
2499 4967 2655 5043 ἁγίου
2704 4969 3043 5039 Ἀθανασίου,
3093 4972 3183 5026 καὶ
3226 4979 3326 5028 106
3376 4974 3532 5050 ἁγίου
3584 4978 3807 5034 Παύλου

2149 5059 2245 5110 106
2277 5055 2654 5130 ὁμολογητοῦ.
2689 5057 2818 5133 Περὶ
2857 5065 2957 5128 τῆς
3007 5058 3057 5114 ὲν
3110 5058 3349 5136 Σαρδικῆ
3384 5062 3639 5123 συνόδου.
3673 5070 3807 5141 Περὶ

2148 5147 2250 5208 τῆς
2278 5144 2354 5206 εἷς
2389 5145 2481 5200 τὸν
2539 5146 2728 5220 Θρόνον
2773 5153 2872 5216 τῆς
2921 5149 3555 5217 Κωνσταντινουπόλεως
3593 5157 3804 5211 ἀποκαι

2149 5233 2455 5295 ταστάσεως
2510 5238 2608 5288 106
2665 5233 3030 5308 Μακεδονίου,
3088 5240 3179 5294 καὶ
3235 5246 3342 5296 τῶν
3395 5243 3472 5305 εἰς
3511 5247 3616 5315 τήν
3647 5247 3811 5323 ἁγίαν

2150 5319 2357 5397 Τριάδα
2417 5321 2781 5399 βλασφημιῶν
2849 5323 3038 5399 αὐτοῦ,
3108 5327 3392 5404 ἐξαιρέτως
3465 5329 3526 5386 δὲ
3603 5319 3711 5395 εἰς⁷
3752 5337 3814 5390 τὸ

466 5661 546 5734 (2)
579 5660 804 5720 Confer.
839 5669 1181 5721 Damascen.
1213 5678 1269 5722 c.
1309 5663 1399 5734 87,
1431 5662 1502 5719 de
1532 5660 1739 5720 haeres.
1771 5673 1803 5716 e
1834 5657 2074 5716 Philone
2105 5657 2185 5716 De
2215 5657 2621 5733 Therapontis.
