4066 6208
245 311 412 377 1097

1720 327 2083 394 THESAUR
2096 333 2216 397 US.

3508 364 3662 427 1098

240 450 468 521 Πνεῦμα
494 445 557 502 τὸ
588 446 766 525 ἅγιον.
800 451 907 507 Καὶ
957 453 1185 524 καθεξῆς
1238 452 1521 532 διήγησις,
1571 458 1720 523 ὅπως
1779 482 1865 516 συν

248 538 372 563 L____
412 539 441 563 Δ
484 534 699 563 β-..-1-,.
766 539 819 563 _’
863 537 941 563 A9,
970 562 978 563 κ
1133 543 1148 563 \
1308 544 1322 561 ο
1418 550 1446 562 «ι
1710 550 1754 563 ,ι

1984 470 2189 563 _r_no_do
2221 478 2480 563 secunda
2536 483 2793 553 synodus
2850 495 3196 563 congregata
3257 493 3449 561 fuerit,
3511 503 3567 555 et
3595 501 3667 557 de
3762 516 3769 523 '

246 538 378 609 έστη
412 539 447 607 ἡ
480 534 701 613 δευτέρα
760 537 1001 611 σύνοδος,
1060 543 1149 597 καὶ
1201 544 1324 621 περῖ
1381 550 1488 601 τῶν
1547 550 1865 624 κυρωθέντω

342 627 388 648 μὶ
479 628 492 646 Ί
542 634 570 645 ο
610 643 624 648 -
750 629 765 648 \
861 636 887 648 ο
1202 634 1215 648 ι
1470 640 1496 648 α.
1564 639 1578 648 ι
1634 639 1645 648 ι
1759 645 1797 648 ___

2544 534 2792 553 1---"-
2852 534 3196 563 --κοηυηω
3257 534 3370 550 ...ω

2015 557 2455 624 definitionibus
2513 588 2578 625 ao
2636 572 2885 632 decretis
2941 579 3256 648 eiusdem:
3319 584 3388 641 de

246 627 401 703 παρὰ
431 628 624 697 αὐτῆς
675 629 765 682 καὶ
820 636 921 700 τῆς
978 634 1358 706 παραιτήσεως
1403 640 1500 692 τοῦ
1553 639 1711 713 ἁγίου

247 896 459 970 αἱπερὶ
487 900 585 951 τοῦ
617 890 888 970 ὁμότιμον
932 898 1070 954 εἶναι
1119 899 1183 955 τὸ
1214 906 1436 978 Πνεῦμα
1474 909 1554 978 τῷ
1585 904 1758 981 Πατρὶ

241 988 331 1057 τῷ
356 984 521 1063 Λόγῳ
559 985 979 1064 ἐκφωνηθεῖσαι.

836 1098 1026 1171 Τόμος
1056 1092 1314 1173 ἕϐδομος.

346 1200 480 1278 Περὶ
513 1206 610 1258 τοῦ
634 1201 759 1278 βίου
790 1203 880 1258 καὶ
930 1207 1040 1259 τῶν
1099 1204 1355 1280 αἱρέσεων
1404 1205 1502 1263 τοῦ
1553 1208 1894 1267 Ἀπολλινα-

3427 586 3663 645 abdica-

1759 645 1906 716 Γρη-
2014 647 2174 741 tione
2202 652 2397 711 throni
2431 645 3060 736 Constantinopolitani
3097 686 3198 741 per
3224 679 3496 732 sanctum
3524 679 3661 737 Gre-

242 717 444 792 γορίου
472 721 571 772 τοῦ
601 715 879 795 Θεολόγου
932 727 1033 790 τῆς
1082 721 1166 776 ἐπὶ
1223 727 1301 795 τῷ
1348 724 1522 800 θρόνῳ
1570 730 1904 785 Κωνσταντι-
2011 740 2134 800 gori

245 805 591 868 νουπόλεως.
636 807 737 894 Καγῖ
775 808 911 880 μετᾶ
951 813 1121 866 ταῦτα
1178 813 1234 867 αἱ
1286 816 1518 888 χρήσεις
1572 821 1679 871 τῶν
1729 817 1899 894 ἁγίων
2011 805 2165 884 {rum

2175 870 2190 897 ,
2224 835 2379 904 quod
2400 837 2553 928 _pari
2585 839 2803 898 honore
2860 846 3225 909 adficiendus
3278 852 3356 910 sit
3407 855 3659 928 Spiritus

1807 905 1898 962 καὶ
2009 924 2269 993 sanctus,
2303 940 2368 980 ac
2399 905 2567 984 Pater
2595 934 2652 986 et
2678 931 2881 990 Filius.

2572 1121 2760 1180 Tomus
2785 1129 3067 1198 septimus.

2078 1216 2160 1273 De
2190 1219 2307 1276 vita
2336 1230 2388 1280 et
2419 1223 2738 1286 haeresibus
2766 1233 3111 1305 Apollinarii
3146 1256 3162 1295 :
3219 1244 3276 1298 et
3313 1247 3644 1304 sanctorum

241 1291 397 1366 ρίου,
452 1293 545 1347 καὶ
599 1296 708 1348 τῶν
766 1293 1178 1370 ἀνατρεπόντων
1232 1297 1399 1359 αὐτὰς
1459 1298 1720 1373 ῥημάτων
1784 1306 1863 1357 τῶ

253 1382 267 1398 .
329 1381 341 1398 .
523 1382 537 1398 .
571 1383 596 1398 ,ι
721 1383 734 1398 .
890 1385 905 1398 .
973 1388 1001 1398 -
1075 1389 1120 1398 --
1197 1382 1218 1398 υ

2002 1304 2475 1398 deiferorumque
2502 1320 2743 1376 Patrum
2775 1291 2951 1394 dicta,
2997 1291 3646 1398 quibusnill—mﬂc‘dnit:

239 1381 421 1456 ἁγίων
449 1382 540 1437 καὶ
570 1383 852 1461 θεοφόρων
880 1385 1042 1458 ἡμῶν
1075 1382 1353 1461 Πατέρων.

845 1510 1026 1585 Τόμος
1063 1505 1283 1588 ὄγδοος.

308 1632 438 1710 Περί
484 1639 583 1690 τοῦ
632 1634 756 1711 βίου
804 1634 895 1691 καὶ
949 1643 1050 1708 τῆς
1104 1637 1362 1712 αἱρέσεως
1421 1641 1743 1717 Νεστορίου,
1795 1643 1886 1698 καὶ

228 1729 346 1779 τῶν
380 1723 697 1788 θεοπλόκωθ
731 1724 994 1801 ῥημάτων
1027 1731 1124 1782 τοῦ
1154 1728 1461 1806 άγιωτάτου
1510 1731 1670 1787 Πάπα
1727 1731 1887 1790 Ἀλε-

2003 1397 2206 1456 tantur
2233 1406 2291 1457 et
2319 1409 2666 1465 evertuntur.

2590 1539 2780 1595 Tomus
2806 1546 3044 1600 octavus.

2068 1654 2148 1753 lle
2174 1657 2293 1712 vita
2322 1662 2377 1715 et
2404 1659 2609 1718 haeresi
2641 1664 2890 1722 Nestorii
2926 1689 2941 1739 ;
2970 1671 3158 1744 deque
3187 1675 3357 1733 dictis
3405 1680 3636 1753 divinis,

1997 1743 2657 1840 quibussanctissimus
2690 1759 2836 1827 Papa
2862 1743 3219 1819 Alexandria
3250 1766 3501 1840 Cyrillus
3532 1743 3642 1827 hu;

226 1810 515 1889 ξανδρείας
570 1813 870 1891 Κυρίλλου,
924 1822 1033 1872 τῶν
1085 1817 1486 1894 ἀνατρεπόντων
1543 1821 1644 1890 τήν
1696 1821 1865 1878 τοιαό·

1984 1810 2249 1904 jusmodi
2281 1835 2549 1896 haeresim
2582 1810 2804 1900 evertit.

224 1923 335 1974 την
367 1901 592 1979 αἳρεσιν.

824 2012 1011 2089 Τόμὸς
1050 2012 1287 2078 ἔννατος.

299 2123 571 2197 Διήγησις
608 2126 716 2178 τῶν
782 2123 919 2178 κατὰ
975 2123 1066 2179 τὸν
1125 2124 1350 2201 Εὐτυχῆ
1399 2125 1490 2182 καὶ
1553 2131 1654 2194 τῆς
1711 2130 1878 2186 αὐτοῦ

212 2214 505 2289 αἱρέσεως·
538 2212 631 2267 καὶ
688 2212 817 2288 ὃρος
863 2219 965 2282 τῆς
982 2214 1117 2269 κατά
1157 2218 1255 2269 τοῦ
1299 2214 1553 2273 τοιούτου
1592 2218 1876 2295 Εὖτυχοῦς

216 2303 692 2380 συγκροτηθείσης
748 2303 907 2378 ἁγίας
962 2299 1221 2378 τετάρτης
1268 2302 1515 2363 συνόδου.
1567 2308 1701 2364 Εἶτα
1750 2310 1871 2384 περῖ

212 2398 333 2448 τῶν
366 2388 936 2465 ἀντιλαμϐανομένων
989 2392 1090 2447 τοῦ
1140 2394 1459 2469 Διοσκόρου,
1510 2396 1568 2459 ὅς
1612 2397 1873 2474 πατριάρ-

214 2490 338 2559 χῆς
369 2484 435 2552 ἦν
487 2479 920 2556 Ἀλεξανδρείας,
982 2484 1354 2560 συγκαθῃρέθη
1408 2481 1464 2540 δὶ
1510 2490 1589 2559 τῷ
1634 2487 1874 2564 Εὐτυχεῖ

210 2573 301 2634 ὡς
361 2572 622 2648 ὁμόφρων
681 2570 955 2647 περὶτῶν
1004 2572 1284 2646 αἱρέσεων,
1338 2572 1415 2634 εἰς
1466 2575 1524 2629 ἄν
1584 2577 1661 2651 (3)
1719 2578 1870 2632 οὗτοι

211 2659 574 2736 διῃρέθησαν,
662 2657 1109 2736 διακρινομένους
1191 2661 1413 2725 ἑαυτοὺς
1493 2662 1868 2737 ὀνομάσαντες.

206 2754 311 2809 Ἑν
341 2752 509 2825 ταύτῃ
545 2747 701 2824 δὶντῇ
751 2747 1024 2826 διηγήσει,
1072 2752 1163 2806 καὶ
1220 2752 1345 2829 περὶ
1400 2758 1510 2809 τῶν
1564 2753 1867 2831 λεγομένων

208 2840 544 2920 Ἀκειράλων
598 2841 741 2911 τινὰ,
802 2839 893 2896 καὶ
956 2840 1113 2914 μνεία
1170 2842 1424 2897 Ἰωάννου
1480 2851 1868 2920 γραμματικοῦ

198 2936 316 2988 τοῦ
364 2928 664 3005 λεγομένου
732 2930 1068 2987 Φιλοπόνου.
1120 2930 1218 2985 Καὶ
1266 2927 1447 2988 ἔκτοτε
1495 2929 1868 3009 προϐλήματα

198 3043 339 3077 τινα
386 3025 496 3075 τῶν
546 3023 962 3097 Μονοφυσιτῶν,
1011 3019 1101 3074 καὶ
1150 3019 1287 3091 πρὸς
1329 3026 1499 3078 ταῦτα
1545 3021 1864 3100 ἀντίρρησις

207 3110 342 3186 μία.
386 3109 487 3165 Καὶ
516 3108 704 3186 ἐφεξῆς
733 3111 768 3179 ἡ
824 3105 1089 3178 ἐπιστολή
1134 3112 1233 3164 τοῦ
1276 3109 1506 3175 Λέοντος
1553 3118 1651 3168 τοῦ
1699 3115 1865 3188 ἁγιω-

2595 2033 2784 2092 Τοηιοιε
2815 2053 3018 2095 nonus.

2060 2132 2358 2226 Enarratio
2388 2134 2459 2193 dc
2491 2138 2662 2196 rebus
2693 2142 2972 2216 Eutychis
3005 2150 3062 2202 et
3091 2147 3161 2204 de
3191 2148 3400 2208 haeresi
3449 2155 3577 2226 ejus
3614 2173 3629 2214 :

1985 2233 2051 2273 ac
2082 2220 2376 2276 decretum
2410 2232 2627 2296 quartae
2660 2235 2877 2286 sanctae
2897 2235 3325 2304 synodicontra
3355 2220 3628 2301 eumdem

1984 2308 2302 2381 Eutychen.
2338 2312 2539 2371 Postea
2571 2317 2641 2373 de
2675 2318 2770 2385 iis,
2804 2321 2903 2392 qui
2946 2323 3218 2383 Dioscoro
3274 2332 3623 2389 Patriarehaa

1980 2397 2378 2459 Alexandrino
2404 2406 2941 2479 patrocinabantur,
3003 2414 3102 2485 qui
3159 2432 3290 2472 cum
3343 2418 3622 2493 Eutyche,

1984 2490 2184 2559 utpote
2214 2494 2552 2547 earumdem
2576 2493 2888 2553 hmresium
2910 2506 3184 2568 assertor,
3201 2490 3629 2566 condemnatus

1980 2579 2091 2644 est,
2120 2577 2545 2637 doneciietiam
2569 2583 2739 2640 divisi
2762 2592 2922 2658 sunt,
2954 2605 3078 2646 sese
3127 2593 3624 2667 Diacrinomenos,

1980 2665 2037 2719 id
2069 2675 2151 2721 est
2182 2676 2537 2741 segregatos,
2565 2674 2949 2745 appellantes.
2984 2679 3046 2734 In
3083 2680 3186 2737 hac
3244 2700 3378 2741 vero
3423 2665 3627 2744 narra?

1978 2753 2136 2811 tione
2167 2759 2427 2828 quaedam
2463 2760 2532 2817 de
2563 2760 2655 2831 iis,
2689 2767 2789 2834 qui
2833 2768 3112 2840 Acephali
3164 2774 3542 2845 vocabantur,
3574 2784 3629 2834 et

1980 2846 2197 2902 mentio
2217 2848 2425 2906 Jannis
2457 2851 2855 2925 Grammatici,
2889 2859 2989 2928 qui
3022 2859 3379 2933 Philoponus
3422 2866 3622 2938 appel-

1976 2936 2225 2993 labatur.
2259 2942 2467 2995 Postea
2493 2957 2623 2996 vero
2682 2945 3038 3014 problemata
3094 2953 3360 3021 quaedam
3411 2936 3623 3012 Mono-

1975 3024 2342 3097 physitarum
2379 3044 2394 3083 :
2427 3032 2485 3085 et
2515 3030 2584 3085 ad
2641 3031 2758 3087 haec
2818 3035 3233 3096 antirrheticus
3287 3058 3461 3098 unus.
3524 3049 3627 3100 De-

1978 3130 2135 3169 mum
2173 3114 2431 3187 Epistola
2462 3117 2670 3175 Leonis
2731 3122 3089 3180 sanctissimi
3149 3126 3313 3201 Papa
3369 3132 3616 3188 Romani

198 3203 381 3259 τάτου
412 3203 571 3257 Πάπα
616 3201 861 3274 Ῥώμης,
905 3201 942 3270 ἡ
991 3204 1297 3276 πεμφθεῖσα
1341 3203 1479 3278 πρὸς
1525 3204 1626 3275 τήν
1673 3203 1859 3280 τετάρ.

1984 3203 2045 3259 ιὰ
2078 3207 2344 3275 quartam
2373 3207 2666 3275 synodum
2698 3211 2901 3268 missa.

198 3314 316 3365 την
349 3288 588 3348 σύνοδον.

794 3399 986 3474 Τόμος
1029 3396 1275 3463 δέκατος.

282 3524 412 3594 Περὶ
467 3530 568 3592 τῆς
626 3521 884 3597 πέμπτης
943 3519 1195 3595 συνόδου,
1250 3524 1377 3595 ἣτις
1431 3525 1532 3595 τὴν
1600 3524 1865 3602 τετάρτην

196 3612 436 3670 σύνοδον
497 3611 737 3688 ἐκύρωσε
797 3612 885 3667 καὶ
941 3610 1213 3685 ἐκράτυνε,
1284 3620 1712 3690 συγκροτηθεῖση
1774 3614 1861 3671 ἐπὶ

200 3708 310 3769 τῆς
368 3701 651 3778 βασιλείας
710 3704 1115 3759 Ἰουστινιανοῦ.
1174 3702 1262 3758 Ἐν
1328 3700 1386 3758 δὲ
1456 3709 1526 3779 τῇ
1609 3702 1859 3782 διηγήσει

200 3795 311 3862 τῆς
341 3791 596 3859 τοιαύτης
656 3789 903 3858 συνόδου,
960 3789 1050 3846 καὶ
1108 3795 1205 3846 τοῦ
1262 3791 1414 3856 ’ὁπως
1464 3796 1859 3869 συνεκροτήθη,

203 3882 507 3960 ἐμφέρεται
550 3883 586 3949 ἡ
632 3878 837 3955 α’ίρεσις
881 3885 988 3934 τῶν
1038 3881 1456 3958 Μονοφυσιτῶν,
1497 3881 1550 3938 ἐν
1601 3882 1751 3959 μέρει
1804 3882 1861 3940 δὲ

198 3973 299 4027 καὶ
354 3975 464 4025 τῶν
526 3971 922 4045 Νεστοριανῶν.
982 3971 1213 4026 ’Έκτοτε
1282 3974 1462 4049 ψῆφος
1537 3973 1859 4053 Ἐπιφανίου

197 4061 558 4138 πατριάρχου
589 4059 1234 4129 ΚωνσταντινουπόΑεως,
1260 4112 1261 4115 η
1292 4060 1382 4116 καὶ
1433 4068 1535 4131 τῆς
1583 4059 1862 4134 ἐνδημοῦ-

198 4170 309 4220 σης
352 4146 586 4203 συνόδου
642 4148 779 4203 κατὰ
839 4142 1088 4222 Σεϐήρου
1133 4149 1225 4203 καὶ
1274 4150 1463 4225 Ζωόρα
1509 4152 1599 4206 καὶ
1652 4152 1858 4227 Πέτρου

199 4243 319 4295 τῶν
363 4241 777 4311 Μονοφυσιτῶν.
837 4237 1029 4313 Ἑτέρα
1071 4240 1253 4314 ψῆφος
1309 4241 1469 4309 Μηνᾶ
1512 4238 1857 4313 πατριάρχου

201 4326 848 4390 Κωνσταντινουπόλεως
902 4326 1037 4381 κατὰ
1116 4331 1224 4382 τῶν
1279 4326 1472 4384 αὐτῶν.
1547 4330 1855 4402 ’Δναθομα-

194 4419 396 4491 τισμοὶ
432 4419 690 4493 Ἀνθίμου
752 4416 1167 4494 μητροπολίτου
1215 4420 1629 4493 Τραπεζοῦντος
1678 4426 1856 4475 Μονο-

195 4512 430 4591 φυσίτον
461 4506 637 4573 ὄντος.
686 4509 873 4583 Ἑτέρα
922 4511 1105 4586 ψῆφος
1150 4512 1246 4564 τοῦ
1294 4507 1459 4564 αὐτοῦ
1506 4511 1854 4589 πατριάρχου

188 4604 556 4676 καθαιρετική
614 4605 712 4658 τοῦ
770 4600 935 4657 αὐτοῦ
995 4599 1281 4675 Ἀνθίμου.
1341 4602 1568 4659 Ἔκτοτε
1612 4601 1848 4678 διάταξις

192 4696 591 4751 Ἰουστινιανοῦ
654 4689 927 4768 βασιλέως
991 4689 1129 4745 κατὰ
1206 4688 1493 4764 ’Λνθίμου,
1576 4688 1846 4768 Σεόήρου,

2549 3406 2738 3464 Tomus
2766 3408 3032 3468 decimus.

2038 3528 2118 3585 De
2148 3530 2355 3601 quinta
2385 3532 2627 3604 synodo,
2644 3549 2771 3604 quas
2793 3542 3065 3608 quartam
3089 3541 3378 3613 synodum
3401 3544 3615 3600 contir-

1968 3618 2153 3675 mavit
2184 3623 2241 3676 et
2278 3621 2549 3689 asseruit,
2610 3639 2855 3697 quisque
2904 3627 3227 3700 imperante
3280 3631 3620 3689 Justiniano

1968 3712 2164 3764 coacta
2194 3713 2303 3766 est.
2339 3710 2401 3765 In
2434 3713 2768 3770 narratione
2799 3719 2994 3772 autem
3027 3717 3098 3772 de
3135 3716 3238 3773 illa
3275 3720 3519 3791 synodo,
3559 3725 3617 3775 et

1968 3798 2260 3868 quomodo
2289 3797 2529 3856 collecta
2560 3800 2754 3871 fuerit,
2788 3803 3069 3861 inseritur
3114 3805 3352 3863 haeresis
3411 3807 3618 3863 Mono-

1969 3886 2360 3959 physitarum,
2390 3896 2565 3960 atque
2595 3891 2768 3946 etiam
2804 3908 2872 3947 ex
2901 3896 3064 3964 parte
3110 3895 3609 3952 Nestorianorum.

1967 3976 2250 4048 Deinceps
2280 3978 2578 4034 decretum
2611 3980 2925 4053 Epiphanii
2957 3984 3301 4055 patriarcha
3328 3990 3613 4043 Constan-

1967 4063 2356 4136 tinopolitani,
2388 4070 2446 4121 et
2471 4067 2678 4139 synodi
2712 4068 2928 4125 ibidem
2991 4078 3354 4145 congregatis
3408 4080 3612 4133 contra

1964 4154 2505 4222 Severum,Zooram
2528 4159 2585 4210 et
2608 4160 2830 4212 Petrum
2855 4156 3312 4233 Monophysitas.
3345 4163 3609 4221 Alterum

1965 4242 2261 4298 decretum
2319 4242 2486 4298 Mena
2544 4246 2890 4316 patriarcha;
2980 4252 3609 4326 Constantinopolitani

1964 4334 2166 4387 contra
2194 4332 2451 4388 eosdem.
2487 4333 2976 4393 Anathematismi
3008 4340 3274 4397 Anthimi
3314 4334 3608 4415 metropo-

1963 4420 2077 4476 litae
2107 4420 2545 4494 Trapezuntini,
2577 4424 2674 4494 qui
2703 4427 3108 4499 Monophysita
3160 4436 3301 4486 erat.
3345 4430 3607 4487 Alterum

1963 4510 2259 4567 decretum
2306 4511 2571 4583 ejusdem
2630 4515 2991 4589 patriarchae,
3053 4535 3169 4590 quo
3227 4521 3612 4577 damnabatur

1960 4600 2310 4656 Anthimus:
2343 4606 2477 4673 post
2508 4602 2626 4658 haec
2657 4605 2997 4662 constitutio
3016 4608 3337 4665 Justiniani
3360 4608 3612 4683 impera-

1955 4688 2100 4744 toris
2131 4694 2334 4745 eontra
2360 4690 2731 4760 Antbimum,
2761 4696 3062 4765 Severum,
3101 4701 3357 4765 Petrum,
3390 4703 3446 4754 et
3481 4700 3612 4756 Zoo-

194 4783 431 4858 Πέτρου,
485 4780 578 4835 καὶ
635 4780 844 4855 Ζωόρα.
898 4776 1195 4850 Ἐπιστολή
1241 4781 1492 4837 Ἰωάννου
1540 4781 1848 4857 Ἰεροσολύ-

1984 4793 2105 4834 am.
2136 4774 2394 4844 Epistola
2423 4781 2662 4838 Joannis
2691 4782 3168 4858 Jerosolymitani
3206 4792 3263 4843 et
3303 4789 3610 4860 episcopo-

195 4884 318 4946 μῶν
367 4869 460 4925 καὶ
510 4874 619 4926 τῶν
683 4870 772 4925 ὑπ’
827 4868 987 4950 αὐτὸν
1045 4867 1355 4925 ἐπισκόπων
1430 4867 1701 4947 δεχομένη
1779 4875 1848 4929 τὰ

1984 4884 2108 4936 νοω,
2142 4868 2240 4940 qui
2274 4868 2386 4925 sub
2418 4869 2544 4942 ipso
2572 4879 2755 4940 erant,
2790 4890 2906 4945 qua
2936 4877 3163 4933 decreta
3193 4881 3395 4933 contra
3437 4878 3608 4933 Seve-

191 4961 333 5016 κατα
362 4955 614 5033 Σεϐήρου
668 4958 1025 5034 ψηφισθέντα,
1069 4958 1156 5012 καὶ
1212 4959 1345 5033 μετὰ
1391 4963 1557 5016 ταῦτα
1613 4964 1844 5038 χρήσεις

1989 4973 2087 5012 um
2120 4958 2503 5031 recipiuntur.
2565 4966 2811 5018 Demum
2870 4962 2996 5019 loca
3054 4964 3214 5021 varia
3269 4969 3604 5021 sanctorum

190 5046 448 5129 διάφοροι
478 5053 585 5104 τῶν
620 5046 809 5125 ἁγίων,
839 5048 977 5103 κατὰ
1005 5050 1113 5105 τῶν
1147 5049 1558 5128 Μονοφυσιτῶν.

746 5153 934 5229 Τόμος
975 5151 1278 5219 ἑνδέκατος.

262 5261 415 5323 Κατὰ
444 5265 761 5336 Τριθεῖτῶν,

743 5368 926 5445 Τόμος
967 5366 1295 5434 δωδέκατος.

263 5477 415 5537 Κατᾶ
444 5479 555 5532 τῶν
589 5472 1134 5557 Ἀφθαρτόδοκητῶν.

261 5654 341 5732 (3)
369 5655 486 5714 Pro
514 5647 620 5716 ἕως
650 5648 735 5709 ἃν.

462 5770 739 5837 Paeon.
788 5769 896 5833 Gn.
945 5767 1258 5835 CXXXIX.

1952 5046 2191 5104 Patrum
2220 5052 2424 5105 contra
2454 5048 2916 5122 MonOphysitas.

2487 5158 2676 5215 Tomu:
2701 5158 3050 5215 undecimus.

2021 5263 2235 5320 Contra
2261 5262 2594 5320 Trithsitas.

2476 5370 2668 5427 Tomu:
2699 5369 3070 5431 duodecimae.

2021 5477 2233 5536 Contra
2269 5475 2849 5552 Aphthartodoostas.
