4032 6216
205 344 243 404 1
257 345 370 406 101

650 477 838 552 Τόμος
876 475 1118 538 εἶκοστὸς
1159 481 1432 556 πέμπτος.

297 587 428 663 Περὶ
459 591 557 642 106
625 584 903 662 δόγματος
953 593 1074 657 1'06,
1116 591 1175 648 Ὀ
1241 594 1429 669 Πατὴρ
1502 614 1607 665 μου
1680 595 1878 668 μείξων

220 699 335 752 μου
399 675 567 746 ἐστίν,
637 675 961 754 ἀναφυὲντος
1025 678 1111 734 ἐπὶ
1178 685 1274 736 106
1343 684 1514 738 αὐτοῦ
1587 683 1878 761 βασιλέως.

220 770 385 838 Ζήτει
435 768 536 835 τὴν
597 765 904 840 λεγομένην
974 773 1286 850 συγγραφὴν
1359 771 1514 838 εὐθὺς
1581 775 1714 847 μετὰ
1776 776 1874 844 τήν

220 857 467 932 κύρωσιν
497 860 594 909 106
624 857 876 910 τοιούτου
910 854 1184 933 δόγματος
1227 863 1372 936 παρά
1417 883 1526 918 τισι
1571 862 1875 936 λεγομένην

215 947 298 1008 ὡς
359 946 434 1019 μή
497 943 692 1000 ἐπίπαν
776 944 1200 1020 ἀρεσκομένηνΔ
1251 949 1302 1004 ἐν
1471 950 1527 1007 δὲ
1595 955 1876 1028 συγγραφῇ

215 1039 457 1111 χρήσεις
534 1033 732 1113 σχεδὸν
812 1036 1024 1091 πάντων
1096 1043 1206 1093 τῶν
1284 1041 1453 1116 ἁγίων
1527 1041 1872 1118 ἐμφέρονται.

217 1127 355 1200 Περὶ
405 1123 461 1179 δὲ
509 1126 570 1179 τὸ
623 1122 786 1186 τέλος
833 1127 920 1180 καὶ
974 1125 1371 1201 συλλογιστικά
1407 1153 1526 1186 τινα
1584 1130 1874 1202 κεφάλαια,

223 1215 480 1288 περὶτοῦ
514 1215 590 1286 μή
625 1211 732 1268 δεῖν
784 1215 876 1268 τὸν
937 1217 1168 1290 Χριστὸν
1219 1221 1319 1289 τήν
1374 1218 1499 1294 μίαν
1557 1216 1875 1288 ὑπόστασιν,

219 1305 316 1358 καὶ
352 1303 442 1358 τὸν
474 1299 565 1357 ἕνα
597 1302 794 1376 Κύριον
826 1303 914 1358 καὶ
946 1306 1068 1359 Υίὸν
1095 1311 1194 1360 106
1241 1313 1397 1376 Θεοῦ,
1455 1309 1544 1362 καὶ
1599 1310 1732 1382 μετὰ
1779 1311 1876 1377 τὴν

220 1389 636 1463 ἐνανθρώπησιν
669 1389 931 1447 ἐλάττονα
988 1397 1085 1448 106
1133 1399 1339 1470 Ματρὸς
1389 1395 1562 1472 λέγειν
1619 1398 1695 1459 ὡς
1746 1418 1877 1474 σαρ-

221 1483 482 1560 κοφόρον,
518 1483 710 1556 Ἡμεῖς
742 1485 846 1559 γὰρ
875 1489 1044 1540 ταῦτα
1074 1487 1182 1561 οὐχ
1220 1487 1469 1563 εὕρομεν.
1527 1487 1710 1562 (³Αλλ’
1765 1489 1875 1563 ἐγὼ

215 1577 389 1628 ταῦτα
438 1571 684 1648 εὑρηκὼς
741 1573 1056 1648 προσέθηκα
1107 1578 1243 1649 μετὰ
1300 1579 1398 1647 τήν
1444 1580 1729 1654 καταρχὴν
1778 1581 1875 1633 106

218 1660 409 1739 τρίτου
447 1662 624 1732 τόμου
652 1669 754 1731 τῆς
786 1662 1064 1734 παρούσης
1097 1659 1344 1740 βίϐλου.)

703 1771 887 1844 Τόμος
926 1771 1168 1833 εἰκοστὸς
1197 1770 1374 1836 ἕκτος.

1570 353 1972 420 THESAURI
2017 360 2165 422 LIB.
2215 367 2266 425 I.

1901 498 1956 560 A

3479 381 3635 444 1102

2417 501 2608 557 Tomus
2636 504 2926 562 vicesimus
2957 506 3207 576 quintus.

2058 600 2139 695 De
2169 604 2436 695 dogmate
2465 608 2588 674 illo,
2625 614 2794 666 Pater
2847 629 3002 669 meus
3049 617 3234 687 major
3281 635 3368 675 me
3411 628 3489 677 est
3539 625 3637 695 (7),

1987 692 2134 758 quod
2169 694 2281 749 sub
2311 697 2515 753 eodem
2549 700 2900 772 imperatore
2950 714 3214 760 exortum
3278 713 3384 764 est.
3436 692 3640 775 Quaere

1987 781 2176 852 ipsum
2200 789 2509 842 tractatum
2537 791 2733 846 statim
2751 800 2879 863 post
2902 793 3079 864 hujus
3099 797 3390 869 dogmatis
3419 803 3637 857 contir-

1989 871 2323 941 mationem,
2358 892 2532 947 quam
2583 879 2817 948 quidam
2879 882 3170 953 dicebant,
3227 902 3344 943 non
3397 891 3636 948 omnino

1986 960 2250 1032 placere:
2284 964 2339 1018 in
2374 982 2488 1036 quo
2520 973 2768 1024 tractatu
2805 969 2919 1025 fere
2969 974 3232 1030 omnium
3287 978 3632 1037 Sanctorum

1986 1050 2470 1142 locaraﬂ'eruntur.
2503 1057 2564 1111 In
2611 1057 2726 1112 ﬁne
2765 1076 2898 1115 vero
2931 1063 3120 1131 capita
3151 1067 3418 1135 quaedam
3451 1070 3631 1142 syllo-

1984 1141 2216 1213 gistica,
2249 1145 2401 1215 quod
2435 1162 2547 1202 non
2582 1153 2848 1216 Oporteat
2897 1151 3217 1223 Christum,
3249 1156 3349 1228 qui
3398 1141 3634 1216 estuna

1986 1230 2335 1302 hypostasis,
2368 1250 2636 1306 unusque
2671 1237 2951 1294 Dominus
2984 1244 3037 1295 et
3075 1241 3252 1299 Filius
3311 1245 3432 1313 Dei,
3456 1247 3629 1304 etiam

1985 1326 2116 1390 post
2142 1320 2608 1379 Incurnationem
2641 1326 2924 1383 minorem
2959 1334 3124 1386 Patre
3183 1331 3396 1402 dicere,
3431 1340 3629 1408 utpote

1984 1426 2217 1466 carnem
2249 1412 2552 1470 ferentem.
2586 1419 2701 1470 Nos
2732 1416 2886 1472 enim
2919 1419 3040 1475 hmo
3099 1437 3214 1478 non
3273 1428 3624 1496 reperimus.

1987 1503 2050 1554 Et
2079 1500 2257 1556 altera
2285 1518 2492 1558 manu:
2526 1507 2598 1558 At
2626 1521 2731 1575 ego
2763 1522 2898 1561 cum
2930 1511 3300 1580 reperissem,
3333 1522 3462 1585 post.
3520 1517 3630 1571 ini-

1987 1587 2132 1643 tium
2163 1589 2318 1645 tertii
2351 1592 2492 1647 tomi
2526 1592 2773 1664 hujusce
2804 1593 2937 1651 libri
2970 1598 3177 1668 adjeci.

2429 1790 2618 1844 Tomus
2647 1790 2941 1848 vicesimus
2968 1802 3174 1850 sextus.

297 1876 421 1951 Περὶ
474 1881 572 1931 106
630 1874 904 1952 δόγματος
967 1883 1064 1934 106
1119 1884 1251 1936 Θεοῦ
1308 1885 1404 1937 106
1459 1882 1724 1956 Μιυάμετ,
1779 1887 1867 1938 τοῦ

2056 1897 2132 1949 De
2161 1894 2428 1964 dogmate
2461 1897 2555 1952 Dei
2588 1897 2921 1955 Mahometh
2956 1901 3055 1972 (8),
3090 1903 3243 1974 quod
3276 1905 3478 1961 eodem
3512 1907 3628 1962 im-

219 1965 557 2037 λαληθέντος
585 1965 668 2023 ἔπὶ
704 1973 800 2022 106
830 1967 994 2023 αὐτοῦ
1030 1969 1320 2045 βασιλέως.

654 2078 840 2151 Τόμος
881 2077 1124 2143 εἰκοστὸς
1159 2075 1418 2154 ἕϐδομος.

293 2186 420 2259 Περὶ
490 2189 586 2239 106
646 2181 922 2260 δόγματος
977 2190 1087 2241 τῶν
1149 2188 1306 2243 θείων
1395 2187 1706 2266 μυστηρίων
1770 2193 1866 2244 106

209 2273 528 2344 κινηθέντος
607 2272 694 2328 ἐπὶ
767 2278 866 2340 τῆς
948 2273 1225 2352 βασιλείας
1297 2282 1395 2332 τοῦ
1473 2275 1522 2350 ἐξ
1592 2277 1868 2353 Ἀγγὲλων

211 2363 463 2436 Ἀλεξίου
494 2367 590 2418 106
624 2365 937 2435 Κομνηνοῦ,
968 2369 1066 2420 106
1104 2367 1192 2420 καὶ
1233 2367 1599 2440 κυρώσαντος,
1625 2366 1868 2445 ἅςιςθαρτα

211 2452 460 2530 λέγεσθαι
492 2456 658 2508 ταῦτα
689 2453 776 2508 καὶ
813 2454 890 2528 μή
923 2456 1159 2530 φθαρτά.

290 2627 366 2693 (7)
398 2625 477 2680 De
507 2625 616 2682 hac
647 2627 1036 2682 controversia
1068 2645 1168 2698 per
1212 2627 1570 2684 Demetrium
1624 2628 1870 2698 Lampe-

207 2715 352 2771 num
387 2702 545 2771 mota
575 2699 703 2752 vide
735 2698 1084 2771 Cinnamum
1119 2699 1216 2756 lib.
1250 2714 1323 2769 Vl,
1350 2700 1492 2756 Hist.
1554 2717 1685 2771 pag.
1747 2703 1870 2770 147,

211 2770 474 2827 Nicetam
502 2769 560 2824 in
595 2770 852 2825 Manuele
885 2770 1181 2826 Comneno
1211 2771 1313 2828 lib.
1348 2789 1450 2839 vn,
1483 2769 1610 2842 cap.
1636 2769 1697 2828 5.

287 2842 366 2912 (8)
413 2845 564 2913 Num
628 2843 995 2898 anathemate
1053 2843 1422 2899 devovendus
1480 2848 1654 2910 esset,
1713 2844 1869 2913 quod

211 2912 444 2969 Manuel
475 2917 807 2971 Comnenus
829 2915 1080 2971 vetabat.
1117 2916 1258 2971 Vide
1285 2915 1496 2972 Nicetis
1537 2912 1868 2972 Manuélem

1982 1988 2219 2054 parante
2243 1985 2565 2057 expositum
2598 1987 2729 2046 fuit.

2387 2096 2578 2149 Tomus
2607 2094 2903 2151 vicesimus
2928 2100 3213 2170 septimus.

2046 2204 2128 2255 De
2160 2199 2427 2270 dogmate
2466 2201 2798 2258 divinorum
2868 2206 3280 2277 mysteriorum
3335 2208 3438 2282 (9),
3473 2211 3630 2267 exci—

1976 2291 2096 2344 tato
2127 2290 2238 2344 sub
2271 2289 2514 2361 imperio
2570 2291 2751 2347 Alexii
2814 2296 3085 2351 Comneni
3143 2297 3368 2368 Angeli,
3429 2300 3527 2372 qui
3574 2305 3631 2356 et

1979 2377 2232 2435 decrevit
2262 2380 2378 2436 haec
2410 2379 2898 2455 incorruptibilia,
2940 2402 3054 2440 non
3106 2391 3300 2442 autem
3338 2391 3629 2462 corrupti-

1978 2467 2139 2539 bilia,
2163 2469 2278 2523 dici
2311 2474 2596 2540 oportere.

1979 2628 2471 2706 Comnenumdib.
2527 2648 2620 2706 ut,
2669 2647 2794 2706 cap.
2853 2632 3234 2706 6.ASylburgi
3289 2637 3631 2696 Saracenica

1980 2717 2116 2782 pag,
2143 2703 2230 2765 86,
2268 2702 2396 2782 133,
2413 2718 2540 2782 seq.
2574 2702 2876 2759 Vedelium
2911 2703 2981 2761 de
3005 2702 3324 2777 prudentia
3367 2709 3490 2765 Vet.
3527 2713 3624 2767 Ec-

1980 2771 2168 2828 clesia:
2203 2789 2333 2844 pag.
2366 2771 2648 2844 2t6,_seq.
3013 2771 3029 2777 ’

1981 2915 2010 2923 Δ
2053 2843 2360 2923 (θλςξοῃῗοι-
2382 2845 2735 2923 ljicetamin
2751 2846 2948 2903 Alexio
2991 2849 3210 2920 Angelo
3250 2851 3350 2907 lib.
3387 2870 3464 2918 ιιι,
3497 2870 3624 2923 cap.

1979 2915 2100 2982 3,et
2124 2915 2357 2972 Mich.le
2377 2917 2560 2981 Quien
2584 2919 2654 2973 ad
2709 2915 3128 2977 Damascenum
3179 2927 3221 2980 t.
3257 2924 3299 2992 I,
3334 2915 3462 2997 pag;
3496 2915 3622 2984 653.

943 3345 1734 3513 NICETfE
1816 3344 2899 3512 CHONIAT/E

608 3659 1441 3756 THESAURI
1594 3659 2634 3757 ORTHODOXZE
2773 3664 3231 3760 FIDEI

1488 3887 1816 3976 LIBER
1913 3886 2345 3978 PRIMUS
2807 3850 2810 3854 ’

1002 4095 1082 4147 De
1113 4088 1600 4164 philosophorum
1633 4088 2002 4147 ethnicorum
2035 4092 2094 4146 et
2129 4089 2466 4149 Judmorum
2498 4092 2814 4150 erroribus.

809 4359 1246 4417 PROCEMIUM.

278 4461 416 4531 Deo,
452 4463 660 4533 Deique
691 4459 1016 4517 cultoribus
1040 4460 1179 4532 quid
1212 4459 1282 4514 ad
1334 4457 1448 4524 sui,
1482 4473 1701 4530 quasso,
1735 4473 1860 4530 per-

199 4551 511 4606 fectionem
538 4552 814 4607 accedere
873 4550 1104 4622 possit?
1157 4549 1257 4604 Ille
1313 4548 1492 4617 enim,
1521 4564 1652 4603 cum
1694 4563 1860 4619 expe-

201 4642 508 4696 tendorum
541 4642 800 4697 omnium
838 4640 1092 4712 primum
1125 4642 1183 4695 et
1203 4653 1504 4694 summum
1530 4638 1628 4704 sit,
1659 4653 1857 4693 eorum

199 4735 354 4784 certe
385 4746 512 4801 qum
545 4735 684 4786 sunt
714 4729 774 4784 in
809 4743 1004 4783 rerum
1069 4731 1276 4783 natura
1340 4725 1562 4782 nullius
1612 4725 1857 4797 indiget.

201 4818 500 4890 Siquidem
533 4825 589 4874 et
621 4835 688 4874 ex
721 4819 867 4890 ipso.
901 4822 958 4872 et
989 4833 1092 4888 per
1149 4817 1343 4888 ipsum
1403 4814 1602 4870 omnia
1634 4814 1743 4868 hoc
1772 4814 1860 4885 ip-

201 4924 360 4974 sum,
393 4912 455 4962 ut
483 4911 702 4974 essent,
737 4907 944 4963 sortita
1019 4909 1178 4961 sunt.
1227 4905 1297 4960 Hi
1375 4909 1569 4960 autem
1627 4904 1860 4959 virtutis

199 4996 505 5060 beneficio,
539 4997 729 5068 quoad
763 4999 892 5068 ejus
936 4995 1280 5051 humanitus
1337 4994 1462 5050 ﬁeri
1520 4997 1730 5065 potest,
1786 4992 1860 5048 ad

201 5087 388 5142 Deum
450 5087 709 5159 proxime
767 5086 1133 5155 accedentes,
1183 5083 1626 5154 divinitatisque
1681 5083 1860 5154 parti-

202 5175 363 5247 cipes
421 5176 632 5243 elTecti,
692 5192 756 5232 ex
816 5175 945 5248 ejus
998 5175 1164 5244 capia
1224 5189 1392 5228 suam
1443 5172 1860 5244 suppleverunt

197 5265 483 5337 inopiam,
517 5264 635 5320 imo
696 5253 854 5320 vero
887 5269 1038 5319 Deus
1091 5263 1215 5333 ipse
1271 5261 1341 5316 ad
1391 5261 1695 5316 hominum
1730 5263 1863 5314 vota

199 5355 460 5427 seipsum
481 5353 1015 5416 accommodans,si
1051 5351 1191 5422 quid
1217 5367 1415 5405 eorum
1441 5365 1572 5421 quas
1611 5347 1862 5419 largitus

199 5450 291 5500 est
319 5445 394 5500 ab
425 5444 541 5500 illis
603 5443 903 5509 offeratur,
965 5441 1019 5495 id
1080 5441 1133 5496 ei
1180 5443 1541 5512 pergratum,
1575 5441 1859 5508 tanquam

197 5539 422 5590 certum
457 5533 590 5590 ﬁdei
625 5532 946 5604 specimen,
977 5526 1554 5603 perquejucundum
1609 5532 1719 5582 est.
1755 5526 1856 5583 Ille

195 5640 338 5680 sane
363 5639 555 5696 neque
588 5621 930 5679 oﬂerentem
987 5623 1314 5685 aversatur,
1377 5632 1566 5690 neque
1623 5633 1753 5672 raro
1797 5632 1860 5674 se

195 5712 474 5788 precibus
505 5713 630 5790 ipse
667 5711 883 5788 placari
934 5709 1125 5782 jubet,
1188 5710 1252 5763 ut
1294 5706 1404 5763 hoc
1439 5709 1606 5779 pacto
1658 5705 1716 5767 in
1765 5707 1861 5764 die

1884 4358 1928 4426 C
1967 4323 2302 4416 afﬂictionis
2333 4361 2488 4416 mala
2511 4361 2708 4432 procul
2731 4363 3005 4435 aspellat,
3025 4369 3082 4422 et
3105 4367 3326 4425 meritis
3343 4369 3620 4444 deinceps

1969 4448 2242 4504 laudibus
2274 4449 2934 4509 celebretur.Cteterum
2995 4457 3094 4528 qui
3153 4457 3224 4513 ad
3283 4459 3466 4515 Deum
3519 4477 3622 4532 per

1968 4539 2243 4594 virtutem
2271 4539 2528 4610 proxime
2566 4542 2877 4610 accedunt,
2911 4560 3014 4601 nec
3067 4546 3337 4604 humanas
3395 4554 3618 4607 natura;

1969 4628 2252 4684 terminos
2284 4631 2656 4702 transgressi,
2688 4649 2791 4687 nec
2829 4635 3069 4692 omnino
3117 4637 3399 4694 Martham
3430 4637 3618 4708 illam,

1969 4735 2096 4788 quae
2125 4718 2351 4790 corpori
2382 4721 2640 4776 curando
2671 4727 3005 4781 necessaria
3059 4727 3296 4798 satagit,
3345 4730 3617 4800 aversati,

1970 4808 2145 4864 rebus
2176 4809 2414 4882 insuper
2443 4827 2576 4867 cum
2620 4813 2804 4868 Maria
2863 4816 3330 4888 contemplandis
3387 4818 3618 4889 intenti,

1969 4903 2022 4950 et
2052 4896 2206 4953 comi
2237 4898 2714 4969 supplicantibus
2771 4900 3028 4973 alloquio
3085 4905 3455 4973 respondent,
3515 4920 3618 4958 nec

1970 5000 2031 5040 se
2063 5002 2300 5057 prorsus
2333 4987 2739 5059 implacabiles
2771 4989 2909 5057 illis,
2936 4990 3435 5062 inexpiabilesque
3475 5008 3620 5062 prai-

1969 5079 2147 5141 stant,
2182 5080 2238 5131 et
2267 5093 2396 5147 qus:
2427 5077 2496 5131 ad
2533 5077 2897 5148 spiritualem
2931 5083 3104 5134 vitam
3160 5080 3488 5135 necessaria
3535 5080 3618 5134 vi-

1970 5164 2198 5232 dentur,
2231 5164 2465 5220 candidi
2515 5166 2851 5235 petentibus
2912 5166 3300 5237 impertiant:
3361 5166 3620 5223 vicissim

1969 5253 2143 5308 etiam
2177 5251 2288 5322 ipsi
2329 5267 2692 5322 quascunque
2753 5254 3027 5308 virtutem
3098 5271 3212 5309 non
3265 5253 3619 5327 adulterant,

1967 5340 2414 5410 benignissime,
2449 5340 2497 5394 ei
2531 5346 2944 5413 suggerantur,
2974 5342 3296 5414 excipiunt.

2040 5428 2154 5484 Hac
2181 5428 2378 5500 itaque
2410 5427 2479 5483 de
2505 5444 2705 5494 causa,
2739 5430 2825 5484 vir
2850 5429 3048 5487 animo
3089 5447 3216 5488 meo
3265 5432 3434 5505 longe
3487 5435 3626 5493 cha-

1968 5518 2220 5584 rissime,
2252 5533 2356 5588 ego
2389 5516 2625 5588 quidem
2660 5517 2804 5572 nihil
2836 5533 3038 5575 eorum
3097 5520 3308 5592 quibus
3365 5525 3440 5580 ali
3499 5542 3622 5584 cor-

1969 5626 2077 5682 pus
2109 5612 2166 5664 et
2211 5606 2525 5662 sustentari
2579 5607 2747 5675 solet,
2809 5607 3008 5680 pietati
3059 5615 3171 5666 tuae
3231 5615 3618 5686 suppeditavi,

1966 5716 2036 5757 ex
2065 5714 2181 5772 quo
2213 5687 2276 5753 tu
2308 5696 2609 5753 communi
2670 5712 2901 5757 mecum
2953 5699 3187 5771 jactura
3218 5703 3493 5774 gentibus
3545 5706 3619 5762 ad
