4066 6208
501 309 656 372 1103
1823 301 2129 364 ΝΙΟΕΤΑΞ
2173 301 2586 363 ΟΗΟΝΙΑΤᾸΞ
3705 309 3824 371 ιιοι

497 442 768 499 Occiduis
802 440 992 497 natale
1023 437 1212 496 solum
1242 441 1465 494 vertere
1522 441 1755 493 coactus
1812 452 1896 493 es.
1955 440 2146 508 Atque
2175 442 2229 509 Α
2262 435 2481 493 nullius
2511 453 2626 492 non
2660 437 3042 510 turpitudinis
3081 441 3212 494 nota
3266 437 3601 510 insignibus,
3644 441 3694 497 in
3727 461 3821 501 sen-

495 533 618 589 baac
659 547 726 588 eo
757 546 899 587 sane
939 546 1055 585 non
1101 529 1249 592 dico,
1307 527 1446 598 quia
1502 525 1706 582 nullus
1759 541 1960 582 eorum
2019 540 2147 596 quae
2258 542 2387 580 sum
2422 527 2641 582 scilicet
2689 529 2998 597 reprobum
3047 527 3216 598 lapsi,
3268 528 3336 581 ad
3383 544 3554 600 eaque
3597 530 3824 596 iacienda.

496 627 635 679 sunt
663 622 721 675 in
755 635 946 676 rerum
979 623 1186 672 natura
1216 618 1340 688 ipse
1374 616 1665 687 indigeam
1712 614 1845 684 (hoc
1885 614 2043 669 enim
2077 629 2148 669 ne
2260 630 2386 684 quas
2429 615 2671 670 minime
2703 618 3078 678 conveniunt,
3115 617 3392 687 proclives
3448 618 3820 689 impertivimus.

497 713 650 768 Elias
681 709 942 781 quidem,
985 707 1316 762 sobriorum
1371 705 1588 775 alioqui
1636 703 2148 774 Jejunantiumque
2258 702 2336 758 Ex
2381 720 2496 775 quo
2547 709 2756 769 evenit,
2818 712 2882 759 ut
2934 722 3047 759 una
3095 705 3357 759 omnium
3407 705 3694 778 eademque
3732 728 3821 776 vox,

496 800 790 873 primitiae,
824 797 1111 870 praestitit.
1171 795 1386 867 Aﬂeres
1426 795 1582 848 enim
1636 794 1794 861 mihi,
1827 793 2020 863 inquit
2050 791 2146 846 ille
2257 809 2440 848 unum
2495 794 2767 865 idemque
2815 793 3038 848 labium
3093 797 3147 848 in
3214 796 3405 850 varias
3453 812 3503 850 et
3544 799 3823 870 multiplices

493 890 701 959 viduae,
734 888 1034 943 buccellam
1063 901 1273 957 quoque
1321 885 1484 950 panis
1521 885 1570 938 et
1625 881 1796 952 facies
1845 880 1984 936 mihi
2029 897 2145 952 prz-
2255 881 2482 954 linguas
2513 887 2837 939 evaserint:
2875 889 3052 954 atque
3083 884 3283 939 eadem
3318 901 3489 956 opera
3542 888 3718 942 unicus
3757 891 3824 945 ille

492 999 646 1038 mum
672 981 1098 1036 subcinert'clum
1125 993 1344 1048 panem,
1371 975 1507 1046 filiis
1527 984 1722 1030 autem
1750 975 1860 1028 luis
1881 982 2071 1044 postea
2102 975 2144 1029 ¹.
2258 972 2355 1026 Dei
2399 972 2588 1028 cultus
2634 973 2691 1027 in
2741 973 2971 1028 diversa
3017 972 3346 1042 linguarum
3386 974 3646 1030 idiomata
3681 980 3824 1034 multi-

495 1076 618 1128 Imo
675 1085 832 1135 vero,
884 1085 958 1125 ne
1016 1083 1182 1123 meus
1240 1065 1472 1136 quidem
1527 1062 1626 1119 ille
1683 1063 1954 1133 idemque
2003 1065 2142 1117 tuus
2255 1061 2503 1133 plicatus
2551 1062 2956 1134 dissectusque
2999 1062 3091 1130 sit,
3145 1068 3208 1118 ut
3255 1063 3348 1117 vix
3382 1065 3671 1136 quicquam
3705 1085 3820 1136 repe-

489 1163 685 1226 Jesus,
720 1160 817 1232 qui
852 1157 1132 1228 tantisper
1188 1156 1325 1210 dum
1387 1155 1444 1207 in
1504 1153 1674 1208 terris
1731 1157 1997 1207 versatus
2027 1154 2139 1221 est,
2254 1153 2391 1216 rias,
2428 1154 2484 1207 in
2517 1169 2633 1225 quo
2667 1155 2917 1223 majores
2950 1168 3128 1224 quam
3163 1151 3219 1206 in
3247 1169 3316 1208 ea
3345 1170 3469 1224 quae
3499 1155 3564 1208 de
3587 1155 3680 1210 Deo
3703 1157 3821 1214 insti-

491 1250 562 1306 iis
593 1266 740 1321 opus
789 1247 1013 1312 habuit,
1074 1260 1201 1314 quae
1257 1241 1465 1298 alendo
1524 1240 1752 1312 corpori
1811 1238 2142 1295 necessaria
2252 1242 2439 1295 tuitur
2470 1245 2694 1296 ratione
2747 1242 3052 1296 varietates
3108 1241 3412 1296 exsistant.
3459 1242 3720 1314 Siquidem
3755 1247 3820 1300 alii

490 1347 649 1404 sunt,
681 1339 780 1394 sed
814 1353 938 1392 cum
978 1336 1298 1406 jejunassel,
1327 1343 1517 1402 postea
1545 1329 1802 1400 esuriz'lg,
1837 1336 1902 1384 ut
1935 1330 2140 1384 huma-
2253 1330 2389 1400 alia,
2421 1329 2520 1384 alii
2553 1331 2692 1385 item
2724 1330 2795 1385 ab
2827 1331 2920 1385 bis
2949 1330 3200 1400 diversa,
3235 1330 3454 1402 aliique
3501 1348 3679 1387 rursus
3717 1334 3818 1388 sibi-

491 1430 692 1484 niiatis
715 1431 1029 1495 assumpta;
1056 1423 1228 1478 {idem
1253 1421 1486 1491 faceret)
1511 1437 1524 1487 ;
1549 1435 1749 1474 verum
1776 1419 1916 1490 quia
1963 1419 2140 1473 bene-
2248 1421 2394 1491 ipsis
2425 1419 2738 1483 contraria,
2769 1420 3022 1490 denique
3065 1421 3137 1474 ab
3190 1419 3352 1475 hisce
3390 1421 3486 1476 alii
3524 1422 3820 1479 dissentanea

486 1519 771 1584 volentia‘,
826 1534 944 1587 qua
974 1519 1029 1570 te
1061 1529 1400 1584 prosequor,
1440 1511 1744 1583 spirituale
1799 1510 1906 1565 tibi
1965 1524 2138 1580 quam
2251 1509 2566 1566 commenti
2597 1516 2738 1564 sunt
2768 1515 2824 1564 et
2854 1511 3199 1566 docuerunt.
3230 1510 3502 1574 Quocirca
3537 1516 3594 1566 ut
3626 1519 3819 1569 veterum

488 1607 781 1678 corporale
814 1604 1111 1676 specimen
1149 1601 1240 1656 edi
1301 1601 1502 1668 mavis,
1555 1604 1621 1654 ut
1678 1598 1778 1670 qui
1836 1599 1976 1654 satis
2013 1597 2140 1669 ipse
2249 1600 2423 1654 etiam
2477 1598 2881 1670 theologorum
2941 1599 3203 1672 plerique
3259 1602 3331 1655 de
3382 1600 3672 1658 haeresibus
3717 1606 3820 1659 scri-

487 1714 590 1768 per
619 1705 671 1749 le
721 1698 1106 1749 commeatum
1168 1690 1262 1744 vix
1319 1688 1466 1743 mihi
1522 1703 1829 1758 superesse
1887 1687 2138 1753 noveris,
2250 1690 2495 1760 pserint,
2529 1706 2642 1744 non
2699 1693 2897 1744 tamen
2959 1690 3263 1745 universas
3321 1689 3530 1762 singuli
3578 1699 3694 1748 sunt
3739 1711 3822 1749 uno

487 1785 585 1856 qui
619 1783 935 1839 comitibus
969 1779 1114 1835 meis
1145 1783 1201 1834 et
1255 1777 1542 1834 ministris
1593 1776 1820 1832 alendis
1864 1775 2138 1842 sufficiat,
2171 1812 2216 1877 Β
2249 1779 2670 1834 commentario
2702 1778 3007 1850 complexi,
3068 1796 3176 1834 nec
3236 1779 3534 1852 sigillatim
3588 1797 3824 1852 percurre-

485 1891 619 1931 eum
656 1872 974 1946 praesertim
1011 1868 1374 1940 peregrinam
1417 1867 1476 1921 in
1532 1869 1830 1937 regionem
1889 1864 2134 1920 commi-
2172 1864 2215 1877 "
2249 1872 2406 1924 runt.
2441 1868 2843 1923 Theodoretus
2871 1867 3048 1932 enim,
3111 1870 3198 1924 vir
3256 1869 3317 1924 in
3377 1870 3577 1925 divinis
3614 1871 3825 1926 exercita-

483 1964 790 2036 graverim,
850 1967 908 2016 et
966 1960 1036 2014 ad
1101 1957 1381 2027 Bithynia;
1459 1954 1828 2027 metropolim
1887 1955 2135 2010 Nicaeam
2245 1956 2537 2020 tissimus,
2571 1956 2806 2011 illarum
2840 1956 3167 2024 catalogum
3203 1958 3516 2024 contexuit,
3554 1959 3684 2030 quod
3725 1965 3822 2014 ante

481 2049 924 2108 tabernaculum
963 2048 1208 2109 ﬁxerim,
1269 2045 1369 2099 ubi
1427 2046 1576 2110 vitae,
1637 2044 1790 2114 quod
1845 2048 2134 2114 superest,
2245 2063 2377 2102 eum
2413 2047 2767 2118 aliiquoque
2799 2048 3080 2114 fecerunt,
3143 2047 3397 2119 illasque
3460 2049 3606 2103 velut
3652 2065 3678 2103 e
3723 2067 3817 2118 pro-

475 2142 635 2196 vehit
666 2137 889 2194 inutilis
920 2135 1105 2202 exsul,
1139 2137 1482 2205 advenaque
1505 2132 1843 2205 despicatus
1893 2134 2131 2203 agitem.
2243 2136 2438 2191 cinctu
2471 2137 2900 2202 dissecuerunt,
2935 2141 2991 2190 et
3022 2145 3304 2207 tanquam
3352 2141 3542 2193 lenum
3595 2142 3814 2194 tectorum

478 2233 763 2288 Caeterum
821 2228 973 2298 quod
1041 2245 1072 2280 a
1159 2241 1554 2296 saepenumero
1640 2223 2020 2295 requisivisti,
2077 2229 2136 2278 et
2246 2225 2503 2280 ﬂammis
2537 2226 2880 2295 injecerunt,
2909 2232 3198 2298 quotquot
3232 2227 3356 2282 suis
3417 2228 3675 2298 cujusque
3715 2233 3818 2281 temo

477 2318 777 2392 ﬂagitasti,
811 2317 868 2371 id
900 2332 1034 2370 vero
1069 2314 1173 2368 tibi
1220 2313 1575 2384 perlibenter
1631 2313 1896 2376 exhibeo,
1929 2314 2132 2367 elucu-
2245 2315 2485 2385 poribus
2518 2321 2727 2370 exorta
2760 2320 2917 2382 sunt,
2952 2316 3108 2370 velut
3139 2316 3374 2371 aconita
3413 2317 3637 2383 scilicet,
3660 2316 3819 2388 quibus

481 2411 705 2464 brutam
739 2406 959 2462 scilicet
988 2410 1044 2459 et
1101 2401 1455 2458 elaboratam
1515 2402 1805 2456 baereseon
1865 2401 2131 2456 omnium
2245 2407 2474 2460 sincera
2504 2422 2750 2478 quaeque
2779 2413 3319 2478 corrumperentur.

486 2503 864 2570 iurraginem,
927 2508 1145 2547 munus
1203 2491 1440 2562 quidem
1527 2497 1702 2555 certe,
1773 2489 1928 2560 quod
1988 2489 2137 2544 nulli
2317 2495 2488 2550 Liber
2518 2500 2736 2561 autem,
2771 2495 2870 2564 qui
2905 2494 3239 2566 dogmatica
3299 2495 3561 2568 Panoplia
3611 2495 3818 2551 inscribi-

482 2603 683 2641 eorum
715 2601 842 2656 qua:
880 2582 1146 2639 homines
1179 2580 1235 2634 in
1261 2579 1445 2650 pretio
1468 2578 1707 2642 habent,
1741 2578 2132 2650 postponitur,
2246 2585 2356 2639 bur
2384 2584 2486 2654 (1),
2542 2591 2606 2640 ιη
2663 2585 2885 2656 priscas
2939 2586 3193 2642 haereses
3267 2587 3653 2659 compendiose
3716 2603 3815 2640 me

482 2678 576 2732 sed
616 2681 680 2730 ut
707 2674 877 2745 longe
907 2670 1170 2727 omnium
1203 2667 1694 2741 pretiosissimum
1737 2672 1794 2722 et
1851 2667 2102 2723 excellen

2246 2674 2624 2740 recensuerit,
2660 2681 2827 2746 atque
2859 2692 2893 2730 a
2931 2673 3187 2730 Sabellio
3243 2675 3403 2741 Afro,
3459 2679 3513 2730 et
3565 2673 3817 2741 nonnullis,

483 2765 777 2821 tissimum
837 2762 1150 2834 iudicatur,
1218 2774 1348 2813 cum
1407 2757 1479 2812 ab
1540 2757 1614 2812 iis
1671 2757 1771 2828 qui
1859 2756 2134 2828 pietatem
2245 2763 2344 2833 qui
2369 2768 2632 2835 tempora
2663 2763 2820 2818 illius
2871 2770 3323 2835 praecesserunt,
3373 2765 3593 2819 initium
3627 2763 3819 2824 duxerit,

478 2869 795 2926 eorum-ique
852 2852 994 2906 adeo
1052 2847 1472 2920 cognitionem,
1532 2863 1661 2916 quae
1720 2847 1791 2902 de
1861 2846 2135 2902 Numinis
2247 2868 2369 2922 quas
2392 2860 2544 2909 certe
2574 2871 2607 2908 a
2638 2853 2906 2909 Patribus
2937 2855 3004 2908 ad
3049 2853 3293 2909 illarum
3340 2853 3666 2909 eversionem
3709 2851 3821 2904 dicta

479 2945 640 3000 cuitu
672 2941 886 2996 sentire
917 2944 1086 3008 atque
1117 2953 1218 3008 pro
1257 2936 1397 2990 ratis
1458 2934 1673 2990 habere
1726 2939 1976 3006 oportet,
2027 2952 2134 2990 σεε-
2247 2941 2385 3010 sint,
2415 2942 2725 3013 permultis
2755 2943 2815 2997 in
2848 2943 3207 2998 sectionibus
3241 2943 3606 3016 praetermisit
3644 2955 3823 3012 :neque

479 3033 621 3088 teris
655 3031 830 3084 rebus
855 3026 1131 3081 omnibus
1181 3023 1469 3077 anteferre
1529 3021 1770 3077 solent:
1821 3028 1945 3076 tum
2003 3040 2134 3078 vero
2247 3032 2605 3087 mentionem
2642 3031 2821 3087 ullam
2859 3033 3010 3100 fecit,
3055 3034 3354 3088 undenam
3415 3033 3709 3087 earumdem
3747 3045 3820 3083 au-

480 3123 563 3176 vel
599 3117 846 3174 maxime
863 3115 935 3169 ab
963 3114 1033 3168 iis
1056 3113 1155 3183 qui
1191 3128 1302 3166 non
1347 3110 1569 3165 multos
1618 3110 1876 3166 evolvere
1929 3111 2109 3167 libros

2247 3127 2431 3175 ctores
2464 3127 2656 3176 ortum
2692 3121 3023 3190 habuerint,
3058 3122 3513 3194 cujusmodique
3541 3122 3688 3176 vitam
3716 3119 3824 3174 vixe-

486 3209 699 3264 ncdum
725 3207 1019 3261 haereseon
1040 3201 1428 3273 cognitionem
1456 3199 1701 3270 adipisci
1744 3207 2012 3272 possunt,
2045 3203 2132 3258 vel
2175 3183 2216 3248 C
2248 3211 2383 3265 ιιῑηι,

484 3300 620 3370 quia
654 3295 883 3351 lectioni
916 3308 1118 3347 vacare
1149 3291 1455 3344 commodo
1487 3288 1604 3343 illis
1663 3288 1956 3361 integrum
2018 3308 2134 3346 non
2319 3300 2430 3368 Ego
2462 3315 2596 3354 γει-ο
2631 3299 2829 3370 pietati
2864 3305 2976 3355 tum
3009 3299 3401 3372 εταίίδοδωε,
3447 3299 3694 3369 facileque
3719 3313 3817 3351 con.

485 3395 592 3452 est,
647 3385 734 3441 vel
792 3385 931 3455 quia
987 3381 1098 3436 alio
1159 3380 1404 3435 artiiicio
1461 3377 1844 3450 exploratoris
1901 3380 2132 3436 Satanas
2232 3387 2448 3459 jiciens
2479 3389 2619 3460 quid
2652 3389 2756 3444 tibi
2816 3406 2992 3460 super
3047 3407 3115 3445 ea
3175 3407 3238 3445 re
3301 3392 3638 3462 prepositum
3665 3387 3815 3456 etjam

485 3478 649 3532 (10103
680 3493 712 3530 ἃ
743 3492 803 3529 36
834 3472 1057 3527 θωοιίνί
1093 3470 1444 3525 ἀίάίνθτιέοί·
2240 3477 2625 3533 constitutum
2659 3478 3016 3547 sit,h:rreses
3037 3495 3162 3550 qua:
3187 3480 3305 3550 iam
3343 3479 3474 3534 olim
3505 3478 3813 3534 emerserunt,

555 3569 936 3639 Hippocrates
969 3564 1146 3634 igitur
1177 3561 1274 3616 ille
1305 3561 1454 3616 Cous
1509 3561 1582 3615 de
1640 3565 1761 3616 arte
1816 3561 2165 3630 disserens,’
2240 3566 2297 3621 in
2331 3568 2786 3623 commentarios
2820 3569 3102 3640 redigam,
3138 3576 3375 3625 nostras
3420 3568 3620 3640 aliquot
3660 3565 3812 3618 coniu-

487 3676 613 3730 quze
639 3655 943 3711 hominum
977 3650 1294 3707 Valetudini
1325 3649 1602 3716 consulit,
1625 3649 1781 3706 hunc
1814 3652 1870 3705 in
1897 3651 2132 3706 modum
2238 3657 2512 3724 tationes,
2547 3659 2879 3730 perspicuas
2910 3659 3147 3729 quidem
3182 3659 3316 3714 illas
3349 3664 3406 3714 et
3434 3656 3686 3714 dilucidus
3713 3651 3811 3707 sub-

486 3747 853 3820 perapposite
905 3743 1320 3799 ratiocinatur:
1381 3740 1440 3796 Si
1512 3740 1686 3795 homo
1748 3757 1931 3795 unum
1991 3742 2131 3796 sim-
2231 3747 2571 3815 juncturus.
2607 3748 2821 3803 Deinde
2869 3764 2967 3802 eas
3016 3764 3252 3819 quoque
3296 3746 3670 3819 agglutinabo,
3710 3757 3809 3810 qua-

484 3836 683 3906 plexve
714 3833 852 3904 quid
887 3836 1059 3898 esset,
1103 3828 1300 3884 dolore
1353 3833 1504 3883 certe
1566 3827 1725 3883 nullo
1776 3835 1874 3882 aut
1928 3830 2131 3884 morbo
2240 3851 2372 3890 rum
2423 3836 2757 3907 Dogmuiica
2799 3835 3076 3908 PanOplia
3120 3837 3412 3904 meminit,
3472 3835 3592 3890 illos
3636 3829 3809 3887 interim

483 3926 812 3979 afficeretur
843 3937 856 3976 :
886 3927 945 3976 at
975 3917 1244 3990 quisquis
1277 3918 1510 3989 pietatis
1560 3918 1858 3972 studiosus
1906 3921 2013 3982 est,
2073 3921 2131 3972 et
2240 3942 2354 3980 non
2380 3926 3015 3997 praetermissurusﬂui
3049 3927 3118 3982 de
3142 3927 3470 3982 bmresibus
3506 3924 3807 3994 scripserunt,

483 4013 805 4068 multiﬁdas
837 4010 1128 4064 haereseon
1165 4008 1382 4062 formas
1413 4023 1558 4072 aegre
1589 4007 1717 4068 fert,
1763 4022 1876 4060 non
1924 4006 2112 4060 absur'

2240 4019 2303 4068 ut
2336 4031 2449 4068 non
2482 4014 2668 4069 solum
2720 4015 3060 4084 blaspheme
3109 4015 3213 4070 illa
3263 4015 3513 4070 convitia
3561 4012 3649 4066 tibi
3687 4010 3808 4063 iuno.

481 4103 551 4156 de
582 4117 722 4156 sane
771 4101 851 4154 ita
912 4097 1293 4152 ratiocinatus
1351 4097 1449 4149 sit.
1508 4096 1564 4149 Si
1617 4099 1675 4149 in
1732 4095 1977 4166 pristina
2030 4095 2134 4152 illa
2238 4107 2485 4174 tescant,
2518 4121 2644 4176 quae
2678 4105 2874 4160 seculi
2907 4105 3084 4176 hujus
3113 4105 3412 4176 sapientes
3461 4120 3551 4159 ore
3577 4103 3625 4156 in
3653 4097 3807 4154 caelum

481 4189 811 4246 conditione
842 4188 1358 4258 acquievisseinus,
1389 4200 1494 4239 nec
1543 4201 1610 4239 ea
1658 4183 1976 4256 despicatui
2025 4185 2129 4240 ha-
2236 4197 2524 4262 protento,
2557 4193 2835 4249 adversus
2868 4193 3050 4248 Deum
3083 4200 3529 4249 cruciaverunt:
3572 4189 3655 4244 sed
3683 4186 3810 4240 etiam

481 4279 838 4344 buissemus,
872 4294 996 4348 quae
1043 4275 1379 4348 praescripta
1418 4273 1589 4328 nobis
1630 4277 1688 4328 et
1725 4273 1993 4344 imperata
2015 4275 2133 4331 fuc-
2236 4282 2530 4336 undenam
2563 4288 2754 4337 ortum
2787 4283 3079 4346 duxerint,
3114 4282 3559 4354 cujusmodique
3601 4279 3809 4349 Spartam

480 4374 635 4436 runt,
670 4383 853 4422 unum
906 4368 1105 4438 utique
1154 4365 1339 4420 Deum
1387 4362 1772 4428 novissemus,
1825 4368 2002 4435 atque
2048 4364 2129 4418 ita
2234 4370 2385 4424 nacti
2411 4369 2548 4426 sint.
2605 4371 2728 4434 Qua
2774 4371 2833 4427 in
2876 4371 3300 4444 consequentia
3348 4368 3612 4426 nonnulla
3638 4375 3808 4438 quoque

477 4476 545 4514 ex
567 4460 693 4528 ejus
725 4461 873 4511 nutu
906 4454 1416 4527 dependissemus,
1450 4461 1516 4507 ut
1549 4451 1751 4508 nullus
1801 4453 1872 4507 ab
1925 4469 1992 4507 ea
2023 4469 2128 4509 nos
2235 4465 2506 4526 aitexam,
2557 4477 2686 4531 quis
2731 4462 3029 4531 proposito
3096 4468 3444 4530 argumento
3511 4451 3809 4530 perapposita

477 4562 739 4617 unquam
770 4553 1132 4599 transversos
1157 4559 1326 4614 agere
1347 4542 1789 4613 distrahereque
1813 4541 2120 4612 potuisset,
2153 4543 2200 4608 D
2228 4547 2520 4612 videntur,
2563 4553 2626 4602 ut
2667 4549 2972 4618 multiplici
3025 4549 3344 4605 voluminis
3403 4548 3567 4603 unius
3621 4536 3804 4597 historia

473 4632 1099 4704 eo,inquam,quinos
1147 4633 1266 4687 luto
1311 4632 1477 4686 ﬁnxit
1521 4636 1576 4686 et
1623 4632 1970 4700 efformavit,
2017 4631 2120 4703 qui
2230 4637 2503 4708 gaudeas,
2535 4656 2603 4694 ex
2632 4655 2817 4711 eoque
2849 4655 3180 4710 panaceam
3226 4655 3520 4711 excerpas,
3550 4651 3652 4706 qua
3690 4629 3806 4684 velut

471 4726 646 4779 verbo
705 4739 811 4778 suo
861 4738 1070 4792 corpus
1112 4722 1220 4776 hoc
1270 4721 1670 4775 universitatis
1737 4721 2002 4776 fundavit
2065 4728 2121 4778 et
2230 4727 2486 4783 amuleto
2519 4733 2574 4782 te
2604 4746 2637 4782 a
2677 4729 3018 4798 perniciosis
3067 4730 3359 4802 dogmatis
3415 4730 3676 4798 integrum
3720 4733 3804 4774 sar-

473 4811 776 4879 exstruxit,
810 4825 969 4866 nunc
999 4813 1192 4865 autem
1245 4807 1490 4864 consilio
1533 4810 1662 4880 ejus
1711 4825 1846 4876 usu,
1878 4810 1979 4881 qui
2021 4827 2118 4866 ne-
2228 4819 2469 4887 tumque
2489 4820 2707 4873 tectum
2741 4833 3069 4874 οοηερτνθε,

469 4904 668 4977 quitiae
698 4917 873 4958 omne
910 4914 1092 4991 genus
1124 4903 1327 4991 auctor
1355 4902 1464 4991 est,
1492 4896 1627 4991 laxa
1655 4897 1754 4953 illa
1794 4903 1850 4954 et
1891 4899 2115 4991 magnis
2881 4935 3118 4990 CAPUT
3174 4936 3196 4991 Ῑ

468 4976 570 5052 [ica
615 4991 867 5066 paradisi
926 4988 1285 5046 habitatione
1337 4986 1527 5057 ejecti,
1572 4992 1629 5042 et
1680 5003 1713 5042 a
1779 4992 1944 5059 grato
2018 4989 2113 5045 Dei
2232 5051 2271 5066 η
2384 5052 2393 5062 ι
2461 5049 2542 5066 An
2883 4976 3106 5064 υ-ιιῖη
3174 4976 3217 5066 ι..

463 5087 772 5156 conspectu
834 5078 1034 5152 procul
1095 5075 1332 5132 abducti
1392 5090 1629 5130 sumus:
1678 5075 1832 5132 mala
1861 5078 2112 5150 denique

464 5174 712 5244 pristina
742 5168 1130 5226 deterioribus
1174 5164 1562 5230 cumulantes,
1616 5165 1877 5220 divinum
1918 5165 2108 5236 illum,
2291 5169 2544 5223 Adamus
2571 5167 2832 5223 omnium
2866 5167 3096 5238 primus
3127 5185 3160 5225 a
3192 5174 3307 5224 Deo
3338 5185 3406 5223 ex
3435 5167 3602 5222 humo
3639 5161 3807 5216 forma-

461 5264 554 5334 qui
599 5262 705 5319 soli
756 5261 871 5316 Deo
917 5255 1230 5330 peculiaris
1279 5262 1386 5324 est,
1434 5257 1679 5323 cultum,
1740 5255 2010 5326 gloriam,
2048 5262 2108 5313 et
2218 5262 2314 5313 tus
2345 5262 2454 5324 est,
2488 5265 2664 5329 atque
2694 5256 2858 5312 vitali
2889 5258 3100 5328 spiritu
3157 5257 3412 5324 afﬂatus,
3451 5273 3516 5311 ex
3566 5253 3803 5308 costarum

458 5350 879 5415 adorationem,
911 5345 1241 5411 elementis,
1295 5343 1505 5411 brutis,
1563 5349 1734 5414 atque
1767 5344 2103 5402 hominibus
2217 5363 2456 5403 suarum
2491 5364 2604 5403 una
2638 5348 2810 5402 Evam
2844 5346 2956 5402 sibi
2989 5347 3244 5404 similem
3264 5346 3458 5404 emisit
3487 5361 3500 5400 :
3543 5349 3649 5398 tum
3691 5349 3804 5392 aon-

529 5476 547 5509 ί
579 5477 652 5531 III
684 5475 824 5546 Reg.
858 5490 994 5546 xvu,
1034 5474 1122 5529 13.
1203 5472 1224 5506 ³
1261 5469 1470 5528 Matth.
1506 5486 1579 5537 iv,
1627 5473 1676 5526 1.

2221 5051 2472 5108 Mosaicae
2505 5049 2762 5108 Geneseos
2820 5053 3090 5123 synOpsis,
3149 5052 3216 5108 ab
3275 5051 3476 5106 Adamn
3527 5047 3595 5104 ad
3639 5043 3804 5098 Mosam.

527 5640 603 5711 (1)
634 5637 946 5719 Euthymio
977 5637 1264 5693 monacho
1294 5636 1582 5717 Zigabeno
1611 5637 1863 5692 auctore.
