4066 6208
257 387 289 445 ι
301 386 418 448 105

1605 385 2010 450 THESAURI
2054 389 2206 448 LIB.
2254 391 2302 450 Ι.

3522 393 3676 456 1106

254 526 460 590 gentos
487 517 731 592 triginta
756 520 1348 590 annos,posteaquam
1375 518 1446 574 ob
1477 522 1914 591 transgressum
1943 521 1999 588 Α
2026 521 2244 578 Jacobo
2276 523 2582 579 duodecim
2616 522 2719 578 filii
2751 523 2871 579 nati
2900 530 3054 592 sunt,
3084 541 3332 595 quorum
3366 541 3521 580 unus
3563 527 3670 581 Le-

254 607 489 664 Domini
524 611 876 679 praeceptum
907 607 1178 677 paradiso
1229 608 1575 664 exturbatus
1631 613 1740 677 est,
1791 608 1915 664 Cai-

257 714 426 763 num,
472 713 577 752 nec
625 696 705 750 ita
756 695 939 751 multo
997 702 1123 767 post
1175 695 1416 752 Abelem
1465 698 1690 769 genuit,
1737 698 1916 753 Crete-

2025 610 2102 678 vi,
2137 627 2310 683 quem
2344 611 2514 667 tertia
2553 613 2922 684 generatione
2955 614 3301 668 subsecutus
3333 619 3424 668 est
3467 618 3672 684 Moses,

2027 716 2140 770 quo
2172 699 2316 756 duce
2345 708 2403 757 et
2432 711 2664 757 auclore
2698 701 2876 758 Israel
2907 704 3086 757 duras
3117 703 3514 774 Egyptiorum
3550 722 3670 758 ma-

257 804 387 842 rum
421 789 635 842 Cainus
667 785 829 841 Abeli
861 785 1177 840 insidiatus
1209 785 1377 842 illum
1409 789 1647 842 tandem
1702 788 1759 842 in
1791 789 1917 859 agri
2027 807 2135 846 nus
2165 793 2369 860 evasit,
2407 793 2581 848 Mosis
2611 810 2778 864 porro
2825 795 3189 864 temporibus
3231 795 3300 849 Jo
3354 795 3410 849 in
3454 795 3675 852 Graecia

253 876 578 932 solitudine
609 874 1034 944 deprehensum
1070 875 1377 932 interfecit.
1414 877 1548 931 Post
1579 877 1774 932 Abelis
1804 893 1912 932 cte-

254 969 390 1021 dem
419 967 634 1021 Sethus
670 965 891 1021 Adamo
947 964 1223 1020 nascitur.
1289 971 1490 1037 Itaque
1552 967 1622 1022 ab
1687 967 1912 1022 Adamo

253 1058 672 1127 transgressio,
707 1071 740 1110 a
777 1055 954 1110 Caino
988 1055 1172 1109 credes
1204 1055 1435 1110 initium
1472 1055 1714 1110 habuit:
1763 1060 1829 1110 ut
1858 1062 1911 1110 et

253 1163 290 1202 a
314 1146 549 1214 Jaredo,
583 1144 682 1218 qui
714 1144 956 1216 quintus
987 1161 1021 1199 a
1051 1144 1225 1200 Setho
1280 1145 1410 1212 fuit,
1467 1145 1771 1217 spurcitia,
1809 1161 1909 1200 ve-

253 1235 554 1303 neﬁcium,
608 1235 934 1307 prmetigiaa,
984 1242 1038 1290 et
1086 1234 1460 1290 adulterium.
1510 1235 1705 1291 Jaredi
1755 1234 1909 1291 tilius

255 1327 372 1382 fuit
400 1324 691 1390 Enochus,
721 1324 821 1396 qui
869 1325 987 1380 Deo
1037 1329 1240 1395 gratus
1271 1328 1327 1380 et
1344 1332 1617 1396 acceptus
1649 1342 1682 1380 a
1709 1341 1907 1382 corru-

253 1420 358 1487 pto
392 1413 650 1486 parentis
684 1413 955 1470 instituto
987 1414 1248 1468 descivit.
1279 1413 1382 1468 Hic
1430 1418 1633 1486 genuit
1678 1414 1910 1470 Mathu-

254 1505 571 1574 salemum,
617 1504 712 1573 «iui
767 1503 1117 1559 Lamachum
1181 1504 1460 1575 suscepit,
1520 1503 1677 1558 Nerei
1747 1503 1906 1559 illius

253 1601 507 1668 patrem.
541 1598 706 1661 cujus
739 1593 1099 1664 temporibus
1131 1593 1346 1648 diluvio
1400 1598 1559 1648 totus
1620 1603 1903 1649 terrarum

252 1685 416 1739 orbis
445 1685 691 1739 obrutus
738 1687 845 1738 est.
894 1682 970 1738 Ex
1016 1683 1292 1738 omnibus
1348 1700 1516 1754 porro
1560 1683 1905 1739 mortalibus

250 1774 416 1828 solus
445 1772 538 1827 hic
572 1789 686 1826 una
721 1788 852 1827 cum
896 1772 1084 1826 tribus
1136 1771 1290 1835 ﬁliis,
1342 1771 1534 1840 Semo,
1578 1773 1816 1841 Chamo,
1849 1778 1906 1827 et

2024 878 2283 948 ﬂorebat,
2318 897 2490 952 quam
2523 881 2771 952 Egyptii
2823 881 2938 937 Isin
2986 881 3275 945 dicebant,
3307 888 3363 937 et
3412 890 3476 937 ut
3505 885 3670 938 deam

2023 969 2464 1027 venerabantur.
2499 972 2685 1052 Atthis
2716 987 2950 1043 quoque
2972 973 3335 1044 temporibus
3365 972 3482 1028 illis
3516 973 3670 1044 apud

2021 1058 2406 1118 Athenienses
2430 1061 2673 1119 celebris
2703 1066 2845 1120 erat.

2711 1201 2858 1254 CAP.
2901 1201 2972 1255 II.

2090 1313 2393 1371 Graecorum
2413 1317 2806 1386 mysteriorum
2831 1331 3012 1442 ῗηρο,
3045 1315 3596 1388 philosophorumque

2747 1404 2832 1442 sec
2855 1402 2926 1442 ae.

2747 1402 2907 1445 δεειᾶε
2914 1429 2926 1442 .

2087 1494 2246 1560 Quod
2309 1494 2378 1548 ad
2439 1494 2771 1550 Graecorum
2835 1494 3108 1564 mysteria
3166 1495 3442 1566 pertinet,
3503 1497 3659 1566 apud

2016 1581 2293 1654 Phrygas,
2329 1583 2650 1651 thnicas,
2685 1590 2742 1638 et
2769 1585 3061 1656 Egyptios
3117 1585 3217 1639 illa
3263 1585 3444 1640 fuisse
3477 1586 3660 1655 prius,

2014 1681 2186 1742 atque
2216 1673 2359 1727 adeo
2390 1689 2422 1726 a
2452 1673 2786 1744 Babyloniis
2819 1675 3073 1739 inventa,
3096 1675 3413 1742 Cadmique
3435 1680 3661 1744 tempo-

2013 1761 2175 1814 ribus
2204 1759 2262 1815 in
2295 1761 2576 1816 Graeciam
2608 1761 2898 1818 translata
2922 1763 3211 1818 memoriae
3232 1763 3524 1832 proditum
3551 1770 3658 1818 est.

247 1861 685 1934 Japheto,arcze
707 1878 883 1931 quam
910 1860 1009 1916 Dei
1035 1863 1208 1930 jussu
1241 1878 1309 1916 ex
1340 1863 1695 1929 incorruptis
1725 1861 1902 1933 lignis
1938 1896 1981 1961 Β
2016 1849 2445 1961 [mg—nonnum
2476 1867 2544 1905 ex
2574 1850 2692 1961 illi?
2740 1850 3008 1921 Orpheus
3057 1852 3416 1961 θΧοοβίῐθθεξ)
3460 1852 3660 1921 fertur,

249 1956 636 2020 exstruxerat,
669 1956 726 2006 et
758 1952 1019 2022 undique
1050 1951 1356 2022 picaverut,
1391 1949 1745 2006 adminiculo
1786 1949 1900 2006 sal-

246 2059 359 2097 vus
391 2043 595 2099 evasit.
625 2044 911 2096 Caeterum
939 2045 1138 2096 sextus
1168 2057 1200 2095 a
1223 2045 1390 2097 Semo
1426 2039 1708 2096 Phalecus
1739 2057 1901 2096 exor-

245 2134 350 2186 tus
382 2132 670 2200 est,cuius
699 2134 1046 2202 tempestate
1095 2130 1274 2184 turris
1314 2134 1630 2193 exstructa,
1654 2128 1900 2200 linguas-

249 2236 367 2291 que
398 2221 650 2275 conl‘usaa
683 2223 839 2274 sunt.
872 2218 1146 2275 Confusis
1176 2220 1314 2274 orbe
1347 2227 1464 2273 toto
1514 2217 1751 2290 linguis,
1783 2219 1901 2289 pri-

247 2325 384 2364 mus
410 2306 672 2364 omnium
709 2307 1074 2364 Nembrodus
1123 2306 1422 2378 Ethiopim
1471 2323 1532 2362 se
1582 2322 1775 2378 regem
1819 2314 1903 2378 ty-

245 2413 620 2470 rannumque
659 2397 820 2452 dixit.
857 2396 1042 2467 Hujus
1073 2402 1130 2452 et
1159 2396 1388 2452 Phaleci
1441 2397 1749 2468 posteritas
1781 2406 1898 2452 sta-

240 2489 498 2546 tuariam
531 2505 561 2545 e
611 2487 810 2558 ﬁglina
860 2487 1229 2558 excogitavit.
1281 2491 1454 2542 Porro
1504 2490 1638 2541 ante
1676 2485 1899 2543 Thareai

239 2585 515 2651 tempora
547 2577 746 2633 nullus
779 2583 943 2649 patre
984 2577 1142 2648 prior
1190 2575 1335 2631 vivis
1394 2576 1711 2631 excessisse
1755 2575 1896 2647 legi-

240 2675 361 2725 tur.
404 2667 551 2732 Quia
599 2672 789 2722 autem
836 2666 930 2721 hic
978 2664 1132 2721 idola
1177 2665 1300 2720 luto
1349 2665 1623 2736 efﬁngere
1670 2665 1897 2736 primus

238 2759 545 2816 adinvenit
565 2757 794 2825 suique,
827 2754 1024 2811 saeculi
1048 2755 1387 2810 hominibus
1408 2754 1746 2826 hujusmodi
1769 2773 1894 2812 sce-

236 2847 384 2903 leris
410 2852 612 2901 auctor
642 2845 772 2912 fuit,
807 2845 1025 2900 idcirco
1072 2846 1260 2914 justas
1306 2850 1482 2916 atque
1530 2860 1734 2916 graves
1775 2863 1894 2917 pm-

237 2953 352 2994 nas
384 2936 623 2991 Numini
656 2934 894 2990 tandem
929 2933 1238 3004 persolvit:
1273 2933 1365 2988 cui
1424 2934 1702 2989 nimirum
1739 2934 1894 2990 filius

244 3033 424 3082 Arras
453 3026 773 3080 immatura
806 3029 991 3080 morte
1022 3027 1343 3096 praereptus
1376 3026 1484 3092 est,
1521 3027 1584 3078 ut
1631 3023 1721 3078 his
1753 3040 1894 3095 quo-

238 3133 358 3188 que
381 3115 571 3170 verbis
594 3114 888 3186 Scriptura
913 3118 1197 3169 testatur:
1224 3115 1298 3168 Et
1340 3117 1588 3168 mortuus
1615 3117 1692 3168 est
1724 3115 1895 3170 Arras

238 3217 372 3262 ante
399 3207 689 3261 Thermum
729 3215 944 3274 patrem
999 3219 1160 3258 suam
1192 3203 1232 3256 ³.
1293 3201 1556 3258 Colorum
1618 3209 1893 3273 praeterea

240 3297 544 3367 pigmenta
595 3312 629 3349 a
681 3292 939 3348 Serucho
993 3293 1319 3363 excogitata
1375 3297 1533 3356 sunt,
1568 3292 1784 3362 quibus
1825 3310 1892 3347 ex

239 3385 541 3456 figmentis
585 3384 986 3453 improborum
1045 3381 1437 3452 quorumdam
1489 3385 1889 3453 tyrannorum,

236 3475 668 3545 hominumque
692 3471 1107 3528 sceleratorum
1158 3467 1462 3532 ἀποθέωσις
1510 3475 1566 3525 in
1611 3472 1748 3526 orbe
1785 3477 1894 3526 ter-

238 3581 440 3620 rarum
472 3562 726 3634 inolevit.
777 3560 1076 3632 Primique
1134 3561 1276 3614 adeo
1325 3576 1590 3615 omnium
1640 3560 1891 3632 [Egyptii

236 3661 297 3708 et
327 3652 547 3724 Assyrii
592 3652 662 3706 ad
715 3667 861 3721 opus
916 3657 1036 3704 tam
1082 3649 1192 3704 vile
1239 3656 1297 3703 et
1345 3649 1634 3719 abjectum
1687 3655 1893 3721 sponte

239 3742 530 3815 provoluti
564 3745 722 3796 sunt.
757 3739 935 3795 Paulo
969 3744 1099 3811 post
1129 3740 1186 3795 in
1235 3737 1464 3795 Graecos
1517 3745 1694 3793 etiam
1738 3755 1892 3794 mor-

231 3834 350 3888 bus
385 3833 478 3887 hic
510 3835 814 3904 grassatus
845 3833 954 3894 est,
1015 3845 1128 3900 quo
1177 3836 1434 3900 tempore
1483 3827 1599 3884 illis
1626 3829 1892 3902 Cecrope,

231 3922 493 3995 Assyriis
525 3921 711 3977 Ninus
737 3923 794 3975 et
822 3918 1160 3974 Semiramis
1194 3923 1493 3990 praeerant.
1527 3917 1673 3974 Nam
1705 3919 1894 3976 Ninus

236 4017 298 4070 et
326 4013 579 4083 Cecrope
609 4011 812 4066 eodem
843 4025 956 4080 quo
988 4007 1360 4064 Abrahamus
1389 4012 1651 4080 tempore
1679 4007 1892 4066 vixisse

231 4103 527 4159 feruntur.
586 4098 958 4157 Abrahamus
1016 4098 1109 4154 hic
1171 4114 1270 4154 sex
1327 4096 1478 4153 filios
1535 4113 1604 4153 ex
1642 4097 1894 4155 Cethura

231 4191 521 4263 suscepit,
546 4207 579 4246 a
599 4190 817 4262 quibus
840 4189 1036 4245 felices
1053 4185 1676 4274 Arabes,Madianeos,
1709 4186 1890 4244 alias-

233 4299 351 4355 que
383 4285 607 4354 gentes,
643 4283 708 4334 ut
744 4279 816 4334 ab
841 4281 1025 4349 Agere
1068 4274 1416 4342 lsmaelitas,
1463 4274 1745 4347 originem
1779 4275 1889 4332 du-

232 4375 394 4428 xisse
429 4371 722 4425 memorias
773 4367 1068 4439 proditum
1117 4370 1223 4422 est.
1274 4363 1608 4420 Abrahamo
1654 4365 1890 4421 tandem

234 4480 458 4518 nntium
495 4459 727 4516 circiter
773 4457 1157 4513 centesimum
1194 4455 1412 4527 agenti,
1455 4462 1625 4526 prout
1678 4456 1892 4527 promi-

2013 1938 2229 2008 quibus
2264 1944 2395 2010 post
2420 1956 2555 1994 eum
2587 1940 2683 1994 alii
2717 1956 2949 2010 quoque
2981 1939 3269 2010 permulta
3305 1939 3660 2010 adjecerunt.

2012 2027 2208 2082 Divisa
2239 2044 2409 2099 porro
2442 2029 2599 2083 inter
2627 2045 2689 2083 se
2719 2029 3049 2083 Graecorum
3086 2045 3318 2100 quoque
3367 2029 3659 2100 mysteria,

2009 2120 2067 2171 et
2099 2115 2157 2170 in
2187 2114 2471 2187 plurimas
2499 2115 2746 2171 haereses
2805 2115 3060 2172 dissecta
3104 2119 3360 2172 luerunt.
3403 2116 3662 2171 Philoso-

2008 2205 2258 2276 phorum
2290 2205 2446 2261 enim
2501 2204 2651 2260 alios
2709 2205 3042 2276 Epicureos,
3104 2205 3252 2261 alios
3303 2204 3652 2272 Platonicos,

2006 2294 2153 2350 alios
2184 2294 2324 2350 item
2353 2313 2386 2350 a
2413 2294 2607 2350 Samio
2640 2295 2992 2367 Pythagora,
3023 2294 3168 2351 alios
3200 2312 3232 2350 a
3273 2295 3498 2350 Zenone
3536 2293 3658 2350 Cit-

2005 2384 2157 2453 tiaeo,
2185 2384 2330 2438 alios
2361 2383 2613 2454 denique
2647 2386 2717 2438 ab
2752 2382 2884 2438 aliis
2915 2383 3323 2440 denominatos
3353 2383 3534 2439 fuisse
3564 2383 3650 2438 in-

2005 2476 2092 2527 ter
2121 2487 2323 2529 omnes
2355 2471 2520 2543 plane
2549 2477 2798 2528 constat.

2676 2604 2832 2662 CAP.
2873 2605 2966 2661 III.

2377 2721 2536 2776 Plato
2565 2720 2632 2776 de
2659 2723 2831 2776 trium
2865 2736 3050 2777 rerum
3076 2723 3288 2778 causis:

2074 2837 2152 2892 Ex
2209 2836 2426 2907 quibus
2479 2836 2643 2892 Plato
2700 2837 2939 2909 quidem
3002 2838 3060 2892 in
3112 2838 3299 2893 Attica
3368 2843 3540 2895 natus
3592 2845 3651 2895 et

2002 2925 2238 2981 adultus
2263 2943 2297 2980 a
2322 2927 2432 2982 Deo
2455 2928 2550 2996 qui
2574 2925 2735 2982 solus
2755 2929 3077 2993 est,omnia
3099 2933 3312 2993 creata,
3335 2927 3650 3000 ipsumque

2001 3017 2142 3070 adeo
2192 3015 2495 3070 materiam
2537 3017 2825 3087 primam:
2874 3021 3133 3088 potestas
3181 3033 3314 3072 vero
3363 3019 3645 3089 quasdam

2000 3105 2072 3160 ab
2105 3105 2232 3176 ipso
2267 3107 2600 3174 productas,
2652 3105 2962 3161 secundam
2993 3123 3006 3161 :
3058 3121 3185 3161 eam
3234 3107 3486 3178 denique
3524 3124 3650 3178 quae

2004 3200 2061 3249 et
2093 3195 2165 3249 ab
2196 3197 2394 3249 eodem
2427 3199 2486 3249 et
2534 3212 2567 3250 a
2617 3195 3008 3266 potestatibus
3052 3195 3196 3267 ipsis
3230 3195 3378 3263 ﬂuit,
3419 3197 3650 3251 tertiam

2005 3304 2206 3344 eorum
2249 3303 2379 3359 quae
2423 3287 2482 3342 in
2537 3305 2728 3343 rerum
2783 3294 2990 3344 natura
3040 3292 3178 3343 sunt
3233 3305 3472 3344 causam
3521 3305 3651 3344 esse

1999 3378 2248 3433 dicebat.
2282 3377 2568 3432 Mundum
2620 3394 2749 3432 vero
2785 3384 2848 3432 ut
2895 3378 3182 3448 genitum,
3227 3377 3302 3432 ita
3351 3383 3408 3433 et
3445 3394 3649 3434 corru—

1998 3467 2181 3538 ptioni
2227 3467 2543 3522 obnoxium
2605 3468 3040 3538 pronuntiabat.
3098 3467 3255 3522 Idem
3316 3467 3642 3524 animorum

2002 3557 2402 3631 μεταγγισμοὺς
2433 3558 2709 3614 tradidit:
2736 3574 2852 3629 quo
2873 3557 3152 3614 vocabulo
3175 3575 3289 3614 una
3328 3563 3386 3613 et
3443 3561 3643 3613 eadem

1999 3647 2197 3704 anima
2227 3649 2486 3704 humano
2520 3647 2778 3702 resoluta
2817 3664 3055 3719 corpore
3113 3647 3171 3701 in
3223 3646 3380 3709 aliud
3434 3663 3647 3717 corpus

1997 3738 2084 3794 vel
2118 3737 2376 3794 hominis
2402 3739 2614 3804 denuo,
2649 3738 2732 3793 vel
2758 3738 2939 3803 bovis,
2973 3736 3060 3792 vel
3082 3737 3330 3792 aliorum
3380 3737 3647 3790 animan-

2001 3830 2170 3898 tium,
2201 3829 2377 3885 etiam
2405 3829 2659 3884 ferarum
2683 3827 2930 3898 alicujus
2964 3825 3216 3898 migrare
3253 3824 3648 3897 signiﬁcatur.

1999 3919 2162 3975 Idem
2193 3917 2568 3990 impudentes
2600 3931 2832 3987 quoque
2861 3916 2932 3971 de
2963 3929 3276 3986 puerorum
3323 3912 3644 3982 altioribus,

1999 4007 2460 4079 nuptiarumque
2489 4004 2905 4060 communitate
2934 4003 3088 4075 leges
3116 4002 3270 4060 tulit.

2671 4141 2822 4196 CAP.
2867 4138 2958 4197 IV.

2267 4259 2593 4329 Pythagorae
2621 4255 2805 4328 [utilis
2832 4255 3119 4327 nugatoria
3147 4255 3366 4313 deliria.

2066 4374 2297 4430 Samius
2351 4377 2545 4430 autem
2603 4371 2964 4445 Pythagoras
3019 4372 3230 4445 integri
3277 4373 3634 4445 quadrienni

1997 4463 2294 4521 silentium
2351 4461 2607 4520 docebat.
2671 4462 2886 4518 Adhaao
2945 4479 3082 4518 suos
3167 4463 3522 4532 hortabatur,
3579 4467 3642 4518 ut

236 4559 415 4616 serat.
456 4559 600 4605 Deus
631 4551 895 4604 Isaacum
923 4547 1178 4610 ιιοηανὶιν
1214 4545 1313 4616 qui
1363 4550 1428 4599 υἱ
1477 4545 1783 4612 bonorum.
1816 4544 1892 4600 ila
1924 4617 1951 4623 _
1996 4555 2325 4611 Graecorum
2377 4553 2490 4608 diis
2549 4552 2874 4608 animatum
2939 4552 3160 4623 aliquid
3218 4551 3641 4610 sacriﬁcarent.

231 4653 288 4700 et
323 4640 558 4697 virtutis
583 4644 831 4710 paternae
859 4639 1038 4692 haeres
1076 4635 1317 4690 exstitit.
1361 4636 1506 4689 Huic
1549 4633 1715 4689 liberi
1748 4637 1886 4702 duo,
1922 4617 1964 4682 Ι)
1995 4647 2156 4702 Idem
2186 4645 2313 4717 lege
2342 4644 2461 4699 lata
2493 4643 2562 4699 ab
2594 4642 2938 4699 animalium
2972 4617 3319 4699 errabat-um
3354 4659 3457 4699 esu
3502 4643 3639 4699 abs.

235 4739 425 4790 Esaus
456 4737 514 4786 et
541 4729 796 4785 Jacobus
829 4730 949 4784 nati
983 4731 1146 4794 sunt,
1170 4741 1421 4797 quorum
1475 4725 1658 4780 Esaus
1687 4741 1887 4782 crasso

237 4822 544 4895 iilnsoque
603 4833 841 4890 corpore
897 4816 1123 4872 deliciis
1207 4815 1487 4887 gaudens,
1546 4815 1888 4886 ceterisque

231 4912 634 4985 voluptatibus
693 4908 948 4975 deditus,
1010 4907 1304 4963 civitatem
1367 4907 1650 4962 exstruxit
1709 4923 1887 4977 quam

234 5007 542 5070 Edomam,
576 4999 812 5056 nomine
847 4998 1123 5055 nimirum
1157 4998 1440 5055 institutis
1489 5001 1717 5056 vivendi
1769 5002 1888 5056 for-

234 5113 342 5150 mas
378 5094 753 5165 perapposito
811 5090 1051 5145 vocavit.
1111 5088 1291 5144 Edom
1345 5091 1498 5146 enim
1555 5091 1749 5147 carnis
1806 5092 1891 5147 in-

236 5183 718 5248 flammationem,
747 5196 848 5236 seu
883 5179 1171 5250 prurituin
1205 5179 1514 5250 significat.
1547 5180 1798 5244 Quintus
1818 5181 1888 5236 ab

236 5275 344 5328 hoc
378 5274 512 5343 pius
544 5269 988 5340 illejustusque
1011 5270 1193 5324 Jobus
1225 5267 1439 5325 ﬂoruit.
1463 5269 1716 5325 Jacobus
1745 5285 1888 5325 con-

235 5371 322 5418 tta
359 5363 604 5417 laevitate
657 5359 938 5414 continua
986 5358 1187 5430 glaber
1237 5363 1348 5413 Deo
1387 5358 1556 5429 longe
1601 5357 1891 5429 acceptior

231 5459 350 5510 erat
381 5469 560 5524 quam
599 5449 823 5522 pilosus
853 5447 951 5504 ille
995 5453 1232 5504 venator
1281 5447 1482 5510 Esaus,
1539 5449 1710 5516 cujus
1755 5463 1889 5518 spes

233 5544 427 5602 omnis
484 5541 557 5598 ab
619 5556 758 5596 arcu
816 5542 875 5595 et
922 5537 1118 5610 gladio
1176 5535 1558 5607 dependebat.
1605 5540 1888 5594 Caeterum

303 5729 326 5766 ³
355 5727 499 5784 Gen.
533 5739 615 5795 ιι,
644 5722 741 5781 28.

1995 4734 2300 4790 tinendum
2332 4733 2596 4790 edicebat
2642 4733 2822 4804 (quod
2869 4731 3154 4788 esculenti
3200 4748 3389 4804 genus
3419 4733 3640 4805 alioqui

1997 4823 2288 4896 plerisque
2321 4827 2583 4878 nostrum
2613 4821 3014 4892 gratissimum
3047 4825 3154 4890 est,
3183 4826 3240 4877 et
3268 4823 3421 4878 inter
3464 4839 3637 4893 pran-

1998 4914 2226 4969 diorum
2247 4918 2563 4985 apparatus
2590 4913 2707 4968 fere
2730 4911 3059 4982 apponitur)
3082 4911 3247 4981 quasi
3270 4911 3636 4966 tantumdem

1998 5003 2203 5075 ﬂagitii
2235 5003 2581 5069 committat,
2614 5000 2712 5072 qui
2740 4999 2910 5069 fabis,
2944 5004 3230 5070 quantum
3261 4999 3362 5069 qui
3395 5002 3635 5069 paterno

1998 5093 2187 5163 capite
2216 5096 2502 5148 vescatur.
2539 5089 2657 5146 Etsi
2707 5087 2977 5145 nonnul!i
3015 5087 3088 5143 ad
3137 5087 3473 5158 allegoriam
3524 5091 3640 5142 tra-

2003 5181 2226 5245 hentes,
2259 5182 2643 5254 Pythagoram
2677 5178 2786 5233 sub
2819 5177 3081 5231 fabarum
3131 5175 3428 5231 involucra
3480 5175 3640 5232 dicas

2000 5286 2101 5326 seu
2128 5268 2435 5337 judiciales
2467 5267 2788 5324 sententias
2835 5264 3186 5320 intellexisse
3223 5265 3544 5331 afﬁrmant,
3576 5271 3642 5322 ut

2003 5358 2078 5432 μὴ
2123 5354 2452 5431 δικοφαγεῖν,
2487 5373 2590 5411 seu
2622 5354 2940 5410 sententias
2989 5370 3104 5408 non
3149 5370 3278 5410 esse
3326 5357 3636 5426 vorandas,

1999 5448 2214 5517 sedjus
2244 5463 2313 5502 ex
2334 5462 2499 5516 aequo
2516 5450 2572 5500 et
2600 5447 2749 5498 bono
2772 5443 3242 5516 prosequendum
3280 5460 3408 5500 esse
3451 5444 3638 5516 signi-

1998 5538 2244 5595 ﬁcaret:
2305 5536 2461 5592 unde
2516 5534 2692 5591 etiam
2751 5534 3142 5608 κυαμοτρῶγες
3218 5551 3320 5592 seu
3393 5534 3636 5592 tabivori
