4032 6216
416 357 574 417 1107

1729 350 2036 413 NICETIE
2078 349 2502 411 CHONIATJ‘E

3681 353 3849 414 “08

403 488 637 560 judices
669 487 801 542 olim
830 487 1195 550 dicebantur,
1249 504 1490 558 quorum
1540 487 1835 542 sententiae
1887 503 2054 542 vena-
2084 508 2137 574 Α
2170 485 2368 574 formis
2403 483 2920 574 subsistentiaeque
2942 500 3184 574 prorsus
3203 483 3588 574 expersINam
3617 483 3670 538 si
3694 484 3846 540 forte

409 579 496 636 les
528 583 745 645 essent,
779 577 1022 649 insuper
1044 578 1258 647 placita
1297 595 1402 633 sua
1446 579 1606 633 nullo
1656 579 1824 634 modo
1873 577 2062 632 discu-

408 670 628 734 tienda,
663 685 850 740 neque
882 667 1025 738 quid
1051 685 1114 722 ea
1146 668 1258 724 sibi
1290 667 1500 724 vellent
1539 669 1828 726 curiosius
1869 667 2061 738 inqui-

412 759 656 812 rendum
693 773 821 812 esse
853 758 1148 812 monebat.
1182 758 1258 812 Ex
1294 775 1406 828 quo
1439 760 1630 823 ﬁebat,
1666 763 1727 812 ut
1770 756 2059 828 Pythago-

412 864 488 901 ra:
521 855 690 901 sectas
716 846 930 902 initiati
965 847 1305 918 dogmatum
1340 847 1707 919 praeceptoris
1754 846 1843 900 sui
1892 846 2063 900 ratio-

414 952 517 991 nes
549 935 988 1006 anquirentibus
1023 935 1163 990 nihil
1199 936 1355 991 aliud
1384 937 1820 1008 respouderent,
1845 949 2058 1006 quam:

414 1026 502 1080 lta
532 1025 677 1078 dixit
710 1042 723 1080 :
758 1041 881 1091 seu,
917 1030 1273 1097 Pythagoras
1331 1027 1408 1080 ita
1438 1026 1654 1081 docuit.
1718 1025 1820 1079 Hic
1866 1028 2064 1094 praete-

415 1129 513 1168 rea
571 1111 780 1167 cmlum
827 1129 1060 1184 corpus,
1134 1113 1512 1183 ejusdemque
1586 1113 1777 1168 sidera
1861 1112 2060 1166 lunam

418 1206 474 1257 et
531 1201 714 1257 solem
772 1202 970 1257 oculos
1028 1218 1157 1257 esse
1235 1203 1481 1258 dicebat.
1559 1205 1840 1258 Caeterum
1926 1217 2059 1256 cum

419 1291 680 1363 magicen
739 1307 971 1362 quoque
1032 1297 1341 1358 exerceret,
1401 1293 1459 1347 in
1534 1293 1790 1347 conferta
1864 1289 2061 1361 populi

416 1382 589 1436 turba
621 1381 812 1436 femur
830 1397 1074 1436 aureum
1101 1381 1414 1452 aliquando
1449 1381 1776 1436 ostentavit.
1811 1381 2062 1435 Piscium

416 1488 650 1543 quoque
681 1471 780 1542 qui
824 1472 964 1527 forte
994 1471 1054 1526 in
1087 1472 1592 1543 littorejacebant,
1627 1477 1679 1525 et
1703 1471 1836 1543 quia
1861 1485 2061 1525 recens

415 1563 592 1634 capti,
627 1560 994 1632 palpitabunt
1026 1577 1337 1617 numerum
1373 1562 1651 1617 ariolatus
1693 1570 1799 1618 est.
1835 1561 2062 1615 Primus

417 1650 669 1720 denique
710 1645 1124 1719 ἐνσωματώσεις
1156 1665 1253 1705 seu
1296 1651 1627 1705 animarum
1659 1651 1716 1704 in
1767 1650 1880 1704 alia
1936 1665 2062 1703 cor-

416 1737 1133 1809 poramigrationes,qum
1191 1738 1463 1810 σωμάτων
1515 1735 1900 1810 μεταγγισμοὶ,
1957 1754 2059 1792 seu

418 1842 728 1898 corporum
755 1825 1163 1883 .elutriationes
1212 1834 1269 1883 et
1319 1828 1737 1884 transfusiones
1787 1846 1820 1883 a
1850 1827 2062 1883 Graecis

392 1902 783 1984 dicebantur,
817 1915 1037 1972 delirus
1069 1917 1165 1972 ille
1203 1916 1504 1989 {utilisque
1549 1922 1796 1989 nugator
1839 1915 2064 1988 excogi-

418 2003 581 2060 tavit.

1119 2096 1271 2152 CAP.
1314 2097 1380 2150 V.

492 2201 714 2272 Epicuri
744 2199 1085 2256 mellitarum
1110 2202 1501 2272 placenlarum
1518 2201 1790 2257 helluonis
1819 2217 1996 2272 πτερω.

492 2304 561 2355 At
586 2299 865 2372 Epirurus
889 2304 1066 2355 Deum
1091 2305 1148 2355 et
1167 2302 1589 2372 providentiam
1634 2318 1761 2357 esse
1795 2301 2069 2372 negabat,

419 2405 631 2461 corpus
664 2390 772 2444 hoc
795 2390 1193 2446 universitatis
1216 2407 1283 2446 ex
1315 2392 1526 2446 atomis
1554 2396 1841 2455 constare,
1867 2389 2070 2462 quales

421 2495 536 2536 una
565 2497 699 2535 cum
735 2479 1028 2536 solaribus
1095 2483 1274 2537 radiis
1327 2487 1626 2554 apparent,
1658 2497 1979 2552 rursusque
2010 2480 2068 2535 in

421 2570 648 2625 easdem
685 2571 891 2626 resolvi
923 2587 1232 2627 asserens:
1274 2572 1436 2642 quasi
1509 2578 1718 2628 natura
1775 2573 2069 2644 perpetui-

421 2664 540 2715 tate
571 2660 824 2740 quadam
857 2667 1112 2732 generet,
1146 2662 1462 2733 denuoque
1493 2663 1552 2717 in
1584 2661 1683 2718 illa
1715 2663 1844 2733 ipsa
1891 2661 2068 2718 resol-

422 2753 611 2818 vatur,
645 2763 712 2804 ex
743 2749 958 2820 quibus
990 2751 1314 2820 composita
1343 2755 1450 2807 est.
1489 2755 1656 2806 Porro
1715 2751 1824 2808 hoc
1875 2751 2068 2821 ipsum

423 2837 823 2895 universitatis
868 2855 1077 2910 corpus
1125 2841 1196 2895 ab
1246 2840 1362 2895 ima
1409 2839 1545 2896 sede
1588 2844 1643 2895 et
1690 2839 2070 2894 fundamento

424 2932 511 2986 ovi
545 2930 791 2984 formam
841 2930 1184 3002 exprimere,
1245 2939 1628 3001 naturamque
1681 2931 1824 2987 adeo
1883 2930 2069 3000 ipsam

423 3019 660 3090 spiritu,
694 3018 794 3090 qui
826 3035 1044 3074 coronae
1067 3025 1164 3074 aut
1191 3019 1416 3091 coaguli
1450 3021 1636 3076 instar
1683 3036 1854 3075 ovum
1888 3020 2072 3075 ambit

424 3107 772 3177 constringi,
795 3112 852 3162 et
882 3108 1164 3174 coartari;
1210 3108 1539 3164 universam
1579 3108 1818 3180 insuper
1849 3113 2068 3164 naturas

425 3194 634 3251 molem
671 3195 853 3250 nimio
885 3195 1125 3251 violenti
1176 3197 1420 3267 spiritus
1450 3197 1667 3268 impetu
1718 3198 1775 3254 in
1830 3199 1942 3253 duo
1973 3198 2068 3254 he-

424 3281 757 3354 misphaeria
779 3283 873 3337 did
887 3283 1254 3353 uci,quorum
1278 3284 1520 3341 alterum
1544 3284 2060 3351 cmleste,alterum

422 3374 696 3427 terrestre
727 3371 804 3426 sit
835 3387 846 3424 :
883 3372 1024 3442 quin
1076 3371 1252 3428 etiam
1301 3389 1370 3430 ea
1421 3391 1549 3446 quae
1581 3375 1639 3430 in
1677 3373 1946 3430 universa
1975 3392 2063 3430 re-

422 3477 551 3516 rum
578 3467 790 3516 natura
806 3461 1101 3518 levissima
1124 3467 1525 3528 sunt,sursum
1543 3464 1761 3521 scilicet
1779 3465 2066 3533 inlucem,

423 3551 699 3608 mtherem
731 3555 789 3607 et
820 3568 993 3608 auras
1014 3552 1394 3609 tenuissimas
1433 3554 1879 3626 superﬂuitare:
1939 3571 2070 3626 quae

423 3648 625 3698 contra
647 3641 1015 3714 gravissima,
1039 3642 1491 3715 quisquiliisque
1512 3648 1566 3699 et
1590 3644 1859 3699 ramentis
1883 3643 2066 3699 simil-

423 3729 563 3786 lima
621 3735 783 3796 sunt,
832 3747 900 3787 ea
942 3732 1212 3788 deorsum
1273 3732 1331 3788 in
1383 3740 1617 3801 terram,
1666 3737 1720 3788 et
1765 3733 2066 3788 humidam

429 3835 713 3890 aquarum
744 3819 1136 3876 substantiam
1189 3821 1535 3877 subsidere:
1581 3821 1775 3877 omnia
1818 3822 2068 3893 denique

428 3925 531 3980 per
561 3909 756 3980 seipsa
785 3925 1009 3981 suaque
1040 3914 1244 3981 sponte
1285 3927 1418 3966 cum
1478 3911 1600 3966 axis
1657 3916 2070 3981 astrorumque

428 3997 911 4054 circumvectione
952 4001 1163 4054 moveri
1198 3999 1548 4056 affirmabat.
1574 4001 1732 4056 Idem
1765 4000 2074 4056 beatitudi-

430 4087 521 4142 nis
543 4104 737 4159 quem,
772 4105 871 4144 seu
899 4105 1197 4144 summum
1232 4090 1473 4157 bonum,
1500 4090 1558 4144 in
1606 4089 1901 4162 voluptate
1933 4107 2072 4146 con-

427 4176 629 4234 sistere
661 4182 846 4246 ratus,
879 4179 1116 4234 mellitis
1149 4177 1456 4250 placentis,
1513 4179 1840 4251 impensius
1896 4196 2069 4251 quam

426 4282 623 4323 mures
654 4267 1005 4339 adipalibus,
1035 4267 1452 4324 oblectabatur.

1102 4376 1257 4432 CAP.
1289 4375 1382 4431 VI.

419 4464 582 4521 Moses
608 4464 945 4538 philosophis
969 4465 1185 4520 certior.
1223 4464 1518 4535 Principia
1550 4480 1739 4538 rerum
1778 4465 2065 4521 elementa.

623 4536 836 4607 Ecquod
864 4537 1264 4591 elementorum
1299 4538 1490 4606 primo
1517 4536 1861 4608 productum.

491 4632 566 4688 Ut
605 4638 800 4689 autem
829 4633 1152 4703 generatim
1185 4632 1324 4703 quid
1367 4635 1589 4688 externi
1637 4633 1967 4706 philosophi
1999 4634 2070 4690 de

422 4722 703 4778 universa:
747 4727 966 4777 naturae
1014 4722 1235 4777 fabrica
1283 4725 1594 4793 senserint,
1646 4723 1928 4796 explicem
1980 4725 2070 4794 (ut

419 4828 554 4867 cum
634 4810 767 4868 illos
825 4813 973 4867 inter
1029 4828 1090 4866 se
1147 4810 1461 4867 dissentire
1518 4814 1871 4884 cognoveris,
1935 4813 2068 4868 inde

416 4918 780 4974 quaecunque
810 4902 880 4958 de
912 4917 1109 4957 rerum
1141 4900 1513 4973 generatione
1566 4903 1851 4973 prolocuti
1907 4913 2063 4971 sunt,

414 5001 474 5048 ut
507 4992 823 5064 plurimum
859 5009 892 5048 a
938 5007 1069 5047 vero
1108 4989 1440 5046 aberrantia
1479 4992 1805 5063 perspicere
1829 4993 2063 5063 possis),

412 5082 601 5139 Moses
633 5083 870 5155 quidem
905 5080 1263 5154 simpliciore
1283 5083 1592 5152 magisque
1610 5081 2064 5153 compendiario,

409 5170 528 5228 imo
561 5174 757 5246 potius
811 5171 1135 5244 cepiosiore
1195 5169 1345 5242 style
1397 5170 1469 5226 de
1520 5170 1725 5224 mundi
1777 5171 2066 5226 creatione

410 5261 742 5318 disserens:
791 5262 848 5317 In
896 5263 1197 5333 principio,
1256 5259 1462 5330 inquit,
1513 5261 1641 5330 fecit
1681 5260 1823 5315 Deus
1871 5260 2067 5315 eretum

408 5355 459 5403 et
487 5356 715 5408 terram.
750 5353 970 5409 Deinde
1015 5369 1082 5407 ea
1131 5349 1336 5406 ordine
1378 5365 1504 5419 qua:
1527 5349 1744 5406 suntin
1761 5349 1903 5407 cmlo
1935 5367 2064 5423 pcr-

409 5449 681 5496 currit.At
703 5451 1071 5498 externorum
1100 5437 1592 5512 philosophorum
1618 5440 2063 5512 nonnulliprin-

409 5523 561 5594 cipia
599 5546 794 5586 rerum
855 5531 1159 5587 materiam
1209 5533 1266 5585 et
1318 5528 1564 5584 formam
1597 5530 1886 5588 dixerunt.
1940 5531 2063 5586 Pri-

408 5627 684 5685 mamque
715 5619 855 5674 adeo
889 5622 1191 5676 materiam
1223 5635 1351 5691 quas
1385 5620 1496 5674 sub
1545 5636 1787 5678 sensum
1821 5620 2060 5693 quidem

406 5700 650 5761 minime
673 5703 966 5778 cadat,sed
994 5708 1119 5765 sola
1141 5707 1493 5781 cogitatione
1513 5711 2058 5784 comprehendatur,

2167 573 2545 645 quantitates,
2579 571 2911 644 qualitates,
2929 572 3262 642 relationes,
3293 571 3556 639 habitus,
3591 588 3841 628 conver-

2165 663 2382 730 siones,
2419 667 2632 727 motus,
2663 662 3062 730 alterationes,
3094 665 3473 730 mutationes,
3531 669 3592 718 et
3625 669 3847 718 cetera

2166 751 2223 806 id
2247 767 2433 823 genus
2456 753 2804 809 abstrahas:
2840 754 2993 825 quod
3029 755 3337 824 supererit,
3375 754 3628 808 materia
3680 754 3842 808 dice-

2165 844 2281 895 tur.
2315 841 2418 898 Cui
2462 841 2702 912 quidem
2755 842 2804 897 si
2866 842 3041 897 facies
3101 851 3198 897 aut
3259 842 3450 913 ligura
3512 844 3842 913 quaepiam,

2166 946 2340 1001 quam
2385 929 2630 985 formam
2665 935 2871 986 vocant
2902 931 3303 1003 imprimatur,
3352 933 3437 986 sic
3499 933 3751 986 tandem
3781 932 3840 986 in

2167 1019 2543 1084 elementum,
2604 1020 2877 1076 aetherem
2937 1019 3225 1088 videlicet,
3285 1020 3371 1075 vel
3433 1037 3682 1090 aquam,
3750 1023 3840 1076 rel

2166 1108 2384 1180 ignem,
2416 1113 2502 1164 vel
2527 1114 2736 1165 terram
2761 1109 2990 1166 evadit:
3025 1127 3092 1165 ex
3140 1127 3390 1180 quorum
3414 1110 3636 1165 deinde
3671 1127 3837 1166 com-

2168 1200 2365 1256 mixtis
2395 1199 2700 1256 elementis
2733 1202 3058 1273 composita
3100 1218 3366 1273 corpora,
3387 1206 3444 1257 et
3485 1202 3759 1256 animata
3784 1209 3838 1257 et

2165 1291 2428 1347 inanima
2492 1300 2823 1347 nascantur.
2875 1293 3154 1364 Maiorem
3211 1293 3408 1364 itaque
3459 1295 3732 1348 materiae
3783 1300 3837 1348 et

2167 1381 2360 1436 forms:
2413 1381 2858 1453 principiorum,
2903 1399 3081 1453 quam
3148 1381 3459 1439 elementis
3522 1390 3837 1453 quatuor:

2169 1469 2376 1541 hisque
2407 1470 2667 1526 vicissim
2699 1471 3150 1536 elementorum.
3181 1490 3354 1543 quam
3408 1472 3664 1544 reliquis
3707 1490 3839 1528 cor-

2167 1559 2407 1632 poribus
2457 1559 2738 1616 rationem
2792 1561 2983 1616 inesse
3042 1561 3304 1617 tradunt.
3355 1565 3545 1633 Atque
3626 1579 3838 1618 eorum

2167 1647 2402 1720 quidem
2428 1648 2696 1704 nonnulli
2728 1649 2929 1705 eodem
2973 1667 3086 1721 quo
3109 1650 3292 1706 Deum
3347 1651 3406 1706 in
3432 1652 3625 1721 gradu
3654 1658 3842 1706 mate-

2168 1739 2309 1793 riam
2343 1755 2578 1810 quoque
2609 1738 2912 1808 collocant,
2966 1745 3165 1811 utpote
3214 1757 3342 1812 qua:
3392 1741 3665 1796 omnium
3701 1758 3839 1812 quas

2171 1831 2310 1881 sunt
2342 1826 2399 1882 in
2425 1842 2614 1882 rerum
2669 1834 2876 1884 natura
2917 1829 3072 1899 prior
3121 1829 3197 1885 sit
3243 1833 3300 1884 et
3347 1831 3676 1901 antiquior,
3710 1831 3839 1885 imo

2176 1932 2307 1972 vero
2330 1933 2572 1988 corpora
2593 1918 2790 1973 omnia
2807 1919 3179 1974 successione
3219 1919 3498 1974 continua
3539 1921 3842 1990 producat

2179 2007 2334 2077 (cum
2361 2023 2464 2062 nos
2486 2007 2717 2062 interim
2737 2007 2916 2062 Deum
2942 2024 3136 2063 rerum
3181 2007 3442 2064 omnium
3471 2009 3845 2086 principium

2177 2095 2599 2168 principiisque
2619 2098 2762 2153 adeo
2787 2097 2934 2168 ipsis
2965 2097 3363 2168 antiquiorum
3399 2114 3530 2154 esse
3568 2099 3851 2170 proﬁtea-

2179 2189 2489 2258 mur),quae
2516 2188 2768 2259 denique
2786 2193 2915 2260 post
2936 2189 3296 2245 substantias
3337 2191 3595 2247 materiae
3643 2207 3850 2263 exper-

2180 2281 2267 2332 tes
2300 2277 2600 2333 materiam
2632 2279 2822 2349 ipsam
2855 2277 3189 2349 protulerit,
3240 2287 3415 2352 atque
3464 2281 3546 2336 ita
3593 2281 3845 2336 demum

2180 2368 2515 2422 universum
2551 2378 2771 2423 naturaa
2802 2383 3015 2440 corpus
3057 2370 3337 2425 fabricata
3383 2370 3482 2425 sit.
3542 2371 3656 2426 Alii
3710 2387 3846 2426 vero

2179 2454 2554 2528 physiologia
2584 2473 2796 2512 arcana
2817 2456 3270 2528 diligentissime
3303 2459 3520 2527 rimati,
3578 2461 3843 2530 ecquod-

2181 2560 2309 2599 nam
2341 2545 2758 2600 elementorum
2815 2546 3002 2617 primo
3054 2548 3400 2618 productum
3452 2549 3628 2606 fuerit
3663 2549 3842 2605 variis

2180 2634 2334 2689 inter
2391 2650 2450 2689 se
2507 2636 3042 2692 concertationibus
3118 2636 3587 2708 disputaverunt.
3650 2643 3843 2711 Atque

2179 2723 2311 2779 aliis
2342 2724 2580 2796 quidem
2605 2727 2831 2796 primus
2854 2725 3119 2780 omnium
3145 2726 3300 2798 ignis
3339 2729 3659 2784 emersisse
3683 2732 3843 2785 vide-

2180 2817 2294 2881 tur,
2329 2818 2564 2884 propter
2586 2814 2697 2868 vim
2723 2815 2774 2870 ei
2798 2815 3061 2882 insitam,
3095 2833 3212 2886 qua
3251 2825 3458 2872 cuncta
3498 2819 3844 2874 consumit:

2179 2901 2309 2957 aliis
2341 2919 2456 2968 aer,
2488 2903 2658 2973 cujus
2691 2904 2890 2959 afﬂatu
2923 2909 2978 2960 et
3011 2905 3217 2960 reﬂatu
3273 2906 3610 2963 animantia
3649 2910 3844 2964 consi-

2178 2999 2374 3047 stunt:
2408 2993 2538 3048 aliis
2587 3009 2739 3064 aqua
2782 2993 3100 3064 generandi
3153 2995 3448 3052 facultatis
3499 3013 3668 3069 ergo,
3719 3015 3844 3068 qua:

2178 3080 2369 3137 inesse
2395 3080 2477 3136 illi
2510 3082 2730 3145 fertur;
2785 3081 2917 3137 aliis
2968 3083 3224 3154 denique
3274 3090 3449 3152 terra,
3481 3087 3644 3156 quod
3679 3104 3751 3142 ex
3782 3105 3847 3143 ea

2177 3169 2497 3226 animantia
2516 3170 2714 3226 omnia
2745 3175 2937 3228 ortum
2970 3171 3245 3243 habeant,
3279 3182 3451 3244 atque
3495 3177 3556 3231 in
3582 3192 3712 3232 eam
3747 3177 3842 3234 dc-

2106 3245 2148 3311 C
2179 3275 2292 3316 nuo
2321 3259 2704 3317 resolvantur.

2093 1879 2141 1945 B

2847 3457 3000 3514 CAP.
3032 3458 3158 3514 VII.

2724 3610 2796 3666 De
2825 3612 2973 3667 [deis
3001 3616 3050 3667 et
3083 3613 3242 3669 Ca’lo.

2250 3745 2314 3799 Et
2346 3743 2503 3800 Plato
2527 3746 2758 3816 quidem
2792 3745 2936 3802 ideaa
2969 3748 3166 3818 primas
3208 3749 3446 3806 nomine
3486 3751 3826 3825 intelligen-

2178 3835 2318 3890 tiam
2349 3843 2400 3890 et
2438 3835 2888 3891 inenarrabilem
2923 3837 3315 3908 phantasiam,
3347 3839 3638 3913 illamque
3692 3843 3828 3898 adeo

2178 3921 2656 3993 imaginationem
2715 3940 2831 3994 qua
2890 3927 3177 3981 mundum
3237 3930 3446 3984 creavit
3492 3947 3505 3985 :
3560 3933 3827 3986 secunde

2179 4009 2644 4077 vero,beatarum
2669 4012 2954 4068 mentium
2977 4014 3263 4083 ordinem,
3280 4015 3610 4089 mundique
3633 4018 3830 4088 hujus,

2181 4099 2280 4169 qui
2311 4099 2587 4156 sensibus
2620 4105 2777 4172 patet
2805 4101 3101 4174 exemplar
3131 4119 3144 4159 :
3188 4105 3370 4160 tertiae
3414 4105 3698 4179 denique,
3745 4123 3834 4179 ge-

2180 4187 2404 4244 nerales
2434 4187 2568 4245 illas
2599 4190 2854 4247 rationes
2905 4190 3204 4264 intelligit,
3253 4195 3469 4265 quibus
3518 4213 3615 4253 res
3646 4214 3680 4253 a
3713 4200 3834 4254 suis

2179 4279 2520 4346 corporibus
2571 4280 2895 4337 abstractas
2940 4282 3426 4354 contemplemur,
3484 4291 3547 4340 ut
3597 4303 3737 4343 cum
3765 4290 3832 4344 de

2179 4366 2435 4438 homine,
2470 4367 2555 4424 vel
2587 4385 2755 4441 equo,
2805 4369 2892 4426 vel
2943 4370 3087 4427 bove
3135 4387 3323 4429 sermo
3373 4374 3730 4432 instituitur.
3764 4381 3831 4432 At

2180 4456 2518 4514 Aristoteles
2549 4457 2694 4514 ideis
2728 4459 3118 4516 substantiam
3159 4461 3385 4531 tribuit,
3439 4479 3545 4519 nec
3589 4482 3712 4531 eas,
3749 4466 3830 4521 uti

2185 4545 2360 4613 Plato,
2395 4564 2496 4619 per
2517 4565 2578 4604 se
2634 4548 2808 4621 vique
2865 4565 2974 4605 sua
3014 4551 3335 4606 subsistere
3392 4560 3617 4610 censet.
3673 4556 3828 4611 Ide-.1

2101 4619 2145 4685 D
2178 4635 2304 4707 ipse
2333 4637 2540 4693 coelum
2576 4619 2846 4708 quintum
2879 4655 3092 4710 corpus
3124 4655 3254 4696 esse
3285 4641 3456 4714 longe
3496 4643 3733 4700 diversa
3761 4646 3828 4701 ab

2177 4725 2487 4782 elementis
2537 4734 2747 4783 natura
2797 4728 3111 4800 praeditum
3173 4734 3377 4786 auctor
3431 4737 3541 4787 est.
3605 4736 3828 4791 Caelum

2177 4822 2326 4870 certe
2360 4814 2578 4871 Platoni
2610 4815 2667 4871 id
2701 4833 2829 4872 esse
2858 4816 3104 4884 videtur,
3137 4819 3292 4889 quod
3343 4819 3399 4874 in
3443 4829 3699 4890 quatuor
3724 4824 3829 4879 ele-

2177 4904 2390 4960 mentis
2421 4905 2674 4962 maxime
2706 4907 3002 4978 prazlucet.
3037 4907 3360 4963 Terrestris
3392 4911 3549 4965 enim
3583 4927 3826 4981 corpora

2177 4992 2504 5050 illeinﬁma
2547 4995 2969 5051 elementorum
3022 5001 3206 5067 parte,
3270 5002 3332 5053 ut
3380 5015 3506 5070 quae
3555 5003 3823 5060 omnium

2177 5083 2544 5139 crassissima
2603 5084 2681 5140 sit
2721 5086 3100 5158 matericique
3145 5085 3273 5156 plus
3321 5086 3550 5156 habeat,
3613 5092 3822 5148 caelum

2176 5177 2371 5227 autem
2422 5173 2676 5229 maxime
2728 5173 3020 5230 luminosa
3081 5175 3415 5232 eorumdem
3462 5186 3628 5248 parte
3656 5197 3827 5237 cons-

2176 5265 2298 5318 tare
2329 5267 2612 5318 autumat.
2645 5264 2926 5318 Cteterum
2961 5263 3301 5320 Aristoteles
3333 5268 3621 5324 rationem
3676 5286 3826 5342 quo-

2175 5369 2288 5424 que
2319 5353 2520 5423 adfert,
2557 5369 2735 5424 quare
2764 5352 2974 5409 cmlum
3008 5369 3219 5425 corpus
3249 5370 3377 5410 esse
3409 5355 3686 5425 quintum
3718 5361 3823 5417 sibi

2174 5442 2460 5511 videatur,
2507 5444 2722 5514 quippe
2765 5447 2902 5514 quia
2950 5443 3207 5500 directus
3257 5444 3682 5505 elementorum
3754 5453 3823 5508 sit

2173 5537 2388 5600 motus,
2413 5549 2546 5588 cum
2580 5532 2788 5588 caelum
2820 5534 2877 5588 in
2910 5535 3046 5589 orbe
3078 5533 3312 5590 feratur.
3364 5536 3570 5608 Itaque
3607 5539 3821 5598 diversi

2171 5626 2364 5678 motus
2393 5639 2550 5695 ergo,
2602 5623 2893 5680 diversam
2941 5622 3026 5678 illi
3076 5639 3304 5696 quoque
3347 5642 3381 5681 a
3429 5632 3691 5701 quatuor
3719 5630 3821 5690 ele-

2171 5711 2378 5769 mentis
2410 5713 2803 5771 substantiam
2836 5711 3113 5786 assignat.
