4066 6208
251 354 412 416 1109

925 491 1078 548 CAP.
1116 492 1253 548 VIII.

316 605 391 658 De
427 602 638 668 Stellis,
668 602 840 658 Solet
875 602 1013 660 luna
1044 623 1117 660 an
1147 608 1433 675 planetae?
1464 611 1840 670 Planelarum

670 675 820 744 ordo,
855 693 1034 732 morus
1066 684 1118 733 et
1146 687 1461 737 concentus.

323 790 403 845 De
435 791 621 846 stellis
655 793 832 847 etiam
865 796 1200 852 errantibus
1230 802 1286 852 et
1313 798 1442 854 fixis
1500 806 1746 872 uterque
1787 803 1906 858 dis-

246 883 414 936 serit.
438 881 502 934 Et
532 879 693 936 Plato
725 883 960 952 quidem
993 901 1169 941 unam
1211 889 1474 943 omnium
1527 892 1908 961 eamdemque

251 970 741 1038 substantiam,id
767 972 1042 1028 nimirum
1069 977 1222 1045 quod
1257 976 1312 1031 in
1332 988 1583 1046 quatuor
1604 977 1906 1035 elementis

253 1062 511 1115 maxime
533 1059 847 1131 perluceat,
873 1077 998 1117 esse
1019 1062 1118 1117 ait.
1138 1065 1474 1122 Aristoteles
1498 1072 1690 1123 autem
1715 1069 1904 1140 quinti

235 1148 503 1208 corooris
537 1151 774 1206 nomine
805 1156 861 1206 et
904 1150 1115 1207 coelum
1149 1158 1205 1208 et
1233 1154 1428 1212 stellas
1481 1173 1685 1213 omnes
1740 1174 1900 1214 com-

230 1238 535 1309 plectitur,
572 1249 807 1312 pr0pter
841 1247 1065 1297 motum
1099 1242 1342 1312 scilicet,
1378 1262 1548 1316 quem
1594 1246 1898 1302 diversum

232 1344 270 1380 a
311 1332 564 1399 quatuor
593 1327 898 1386 elementis
931 1331 1162 1388 habent.
1215 1337 1394 1389 Porro
1445 1333 1657 1390 calum
1717 1337 1896 1403 istud,

239 1417 401 1486 (μιυό
437 1416 703 1488 quintum
740 1434 952 1487 corpus
983 1419 1261 1490 appellat.
1294 1421 1434 1493 quid
1496 1439 1555 1478 re
1615 1440 1749 1478 vera
1796 1425 1894 1493 sit,

240 1521 609 1576 nequaquam
634 1507 857 1562 deﬁnit.
892 1507 1000 1562 Sed
1026 1526 1095 1564 ex
1136 1509 1407 1580 opinione
1453 1516 1510 1567 et
1556 1513 1895 1584 conjectura

231 1599 471 1650 tantum
508 1595 786 1666 loquitur.
811 1597 1022 1653 Verum
1057 1599 1640 1672 enimveruquamvis
1671 1607 1890 1675 septem

222 1691 495 1740 errantes
519 1687 694 1756 vulgo
729 1694 1026 1756 vocentur,
1060 1689 1316 1760 quinque
1370 1698 1556 1747 tamen
1607 1692 1890 1749 duntaxat

228 1791 438 1831 revera
469 1782 654 1832 sunt:
718 1794 906 1848 neque
963 1780 1117 1834 enim
1178 1779 1320 1836 solis
1378 1787 1434 1837 et
1489 1781 1642 1838 luna
1674 1801 1882 1841 cursus

1603 364 1997 430 THESAURI
2041 371 2188 435 LIB.
2234 378 2283 437 Ι.

1940 503 1989 571 Α
2022 531 2154 573 vero
2174 511 2605 576 ἀποκατάστασις
2637 517 2855 573 exactis
2910 522 2999 574 ter
3059 519 3216 578 mille
3263 525 3532 586 ducentis
3567 548 3678 588 su-

3519 395 3677 457 1110

2022 625 2128 680 pra
2148 607 2366 663 centies
2392 614 2444 661 et
2473 607 2870 678 septuagesies
2884 609 3193 682 quinquies
3208 614 3357 670 dena
3381 634 3671 680 annorum

2022 696 2209 752 millia
2235 695 2568 767 peragitur:
2602 700 2858 768 tuncque
2897 699 3039 754 adeo
3091 705 3351 770 synodus
3406 711 3670 776 quaedam

2017 793 2457 856 conventusque
2496 784 2798 841 stellarum
2859 789 3120 845 omnium
3183 793 3252 848 ad
3314 795 3673 856 tricesimum

2016 875 2217 931 Cancri
2253 873 2638 937 mansionem.
2673 876 2792 930 sive
2833 876 3041 933 Leonis
3098 881 3346 951 primam
3405 887 3670 945 celebra-

2013 968 2112 1019 tur
2141 981 2154 1021 :
2194 978 2298 1020 nec
2326 963 2404 1019 ita
2439 964 2622 1019 multo
2655 970 2786 1036 post
2815 968 3070 1037 generali
3130 970 3345 1028 diluvio
3404 979 3663 1035 mundus

2015 1054 2303 1110 obruitur.
2336 1054 2516 1109 Aiunt
2549 1060 2822 1125 praterea
2851 1057 2913 1113 in
2945 1074 3231 1115 annorum
3258 1062 3437 1119 stella
3468 1068 3665 1138 cujus-

2011 1140 2152 1198 libet
2180 1141 2475 1197 minorum
2508 1144 2892 1214 apocatastasi
2949 1147 3221 1218 specialia
3270 1153 3535 1222 quadam
3569 1157 3662 1211 di-

2009 1229 2167 1287 luvia
2197 1231 2520 1302 obtingere.
2553 1230 2804 1288 Cuilibet
2833 1235 2986 1290 enim
3019 1237 3274 1294 erratica
3307 1241 3487 1298 stella
3521 1260 3663 1300 suos

2010 1336 2198 1376 annos
2232 1319 2541 1391 maximos,
2575 1321 2798 1379 medios
2827 1327 2884 1379 et
2916 1325 3192 1384 minimos
3223 1345 3370 1388 esse.

2695 1458 2850 1514 CAP.
2884 1459 2951 1516 X.

2003 1563 2075 1618 Dc
2094 1563 2246 1632 satis,
2280 1564 2448 1630 lunae,
2481 1567 2749 1635 terraeque
2790 1567 3194 1638 magnitudine
3239 1577 3291 1627 et
3328 1575 3660 1634 intervallo.

2072 1678 2562 1751 Philosophorum
2598 1697 2770 1752 porro
2803 1684 3092 1752 nonnulli,
3125 1685 3278 1741 inter
3331 1705 3478 1760 quos
3530 1690 3658 1746 Ari-

1998 1767 2273 1825 starchus
2294 1774 2691 1836 astronomus,
2710 1770 2878 1827 aiunt
2901 1774 3178 1844 majorem
3203 1776 3312 1832 soli
3335 1795 3466 1834 cum
3500 1785 3659 1838 terra

234 1866 528 1920 erraticus
565 1872 652 1922 est
684 1884 698 1936 ;
731 1871 789 1922 at
820 1875 1080 1924 errantes
1110 1869 1288 1924 stella
1321 1871 1449 1928 ideo
1499 1873 1887 1944 appellantur,
1917 1863 1962 1928 Β
1999 1857 2283 1914 rationem
2315 1875 2466 1926 esse:
2501 1875 2675 1930 ψιειω
2700 1875 2799 1916 sex
2847 1861 3108 1918 millibus
3133 1866 3487 1939 οοιῖυεθηιίε
3519 1887 3656 1928 cum

230 1955 378 2026 quia
403 1971 556 2012 nunc
585 1960 760 2024 stare,
798 1974 952 2014 nunc
984 1960 1274 2032 progredi,
1309 1961 1614 2033 denuoque
1674 1956 1896 2035 regredi

230 2045 528 2100 videntur.
564 2049 753 2117 Atque
811 2047 1195 2104 inerrantium
1255 2050 1488 2121 quidem
1548 2052 1688 2108 ordo
1723 2051 1894 2126 longe

233 2133 564 2191 sublimius
593 2152 770 2207 quam
831 2139 1157 2194 errantium
1218 2140 1482 2196 eminet:
1537 2140 1892 2200 inerrantes-

227 2240 347 2295 que
377 2225 520 2280 adeo
551 2224 690 2295 ipsa
727 2243 840 2282 non
873 2226 934 2283 in
969 2244 1084 2283 una
1115 2235 1170 2284 et
1200 2229 1398 2285 eadem
1431 2231 1688 2301 corporis
1716 2233 1890 2288 athe-

226 2315 314 2368 rei
349 2313 659 2386 superficie
687 2315 812 2370 sita
846 2321 985 2373 sunt
1015 2326 1070 2373 et
1102 2318 1403 2376 feruntur:
1438 2319 1554 2376 imo
1603 2320 1726 2376 alia
1759 2322 1892 2379 aliis

227 2401 615 2458 sublimiores
656 2410 957 2478 apparent.
987 2407 1145 2463 Fixis
1201 2413 1461 2465 errantes
1519 2413 1889 2466 succedunt:

223 2490 292 2545 in
328 2491 546 2563 quibus
605 2494 795 2564 prima
847 2495 1121 2557 Saturno.
1190 2498 1449 2553 secunda
1514 2497 1660 2562 Jovi,
1720 2500 1890 2555 tertia

227 2578 430 2643 Marii,
465 2586 676 2652 quarta
706 2581 852 2654 Soli,
879 2585 1086 2655 quinta
1115 2584 1350 2654 Veneri,
1375 2591 1537 2642 sexta
1580 2587 1889 2658 Mercurio,

227 2675 540 2742 postrema
587 2671 762 2727 Luna
822 2673 989 2729 sedes
1051 2675 1406 2748 assignatur.
1470 2678 1627 2732 Int'ra
1684 2677 1887 2734 lunam

226 2766 481 2834 quatuor
511 2761 816 2833 elementa,
877 2764 1158 2822 nimirum
1217 2766 1394 2839 ignis,
1453 2784 1573 2836 aer,
1632 2775 1800 2840 terra,
1833 2777 1888 2825 et

228 2867 414 2922 aqua,
450 2851 653 2907 ordine
683 2868 790 2908 suo
822 2853 1056 2926 singula
1075 2855 1296 2926 jacent.
1327 2861 1476 2912 Sunt
1531 2861 1726 2914 autem
1769 2859 1888 2914 oui-

226 2937 380 2996 lihet
410 2941 728 2998 errantium
761 2943 1043 3013 praefinita
1072 2947 1587 3018 tempora.quibus
1613 2964 1884 3004 movean-

224 3029 650 3087 tur.Saturnas
681 3032 955 3100 enim,cui
991 3040 1054 3090 ut
1083 3037 1304 3092 caeteris
1337 3036 1526 3093 altiori
1587 3037 1880 3094 maximus
1920 3021 1963 3088 C

221 3119 393 3176 orbis
451 3120 876 3191 permetiendus
933 3131 1040 3192 est,
1099 3141 1335 3180 cursum
1407 3143 1581 3182 suum
1638 3127 1880 3199 triginta

224 3225 521 3264 annorum
581 3210 764 3282 spatio
823 3213 1074 3270 conﬁcit.
1130 3213 1356 3286 Jupiter
1444 3216 1614 3273 celeri
1701 3233 1876 3273 cursu

220 3297 525 3368 spharam
559 3314 726 3354 suam
777 3300 949 3357 annis
1005 3304 1333 3374 duodecim,
1366 3310 1519 3360 Mars
1550 3307 1781 3362 duobus
1811 3323 1878 3362 ac

222 3386 479 3443 semisse
513 3393 788 3459 permeat.
827 3389 1000 3457 Solis,
1032 3392 1286 3463 Veneris,
1335 3403 1388 3450 et
1436 3396 1703 3451 Mercurii
1743 3413 1878 3452 cur-

221 3494 335 3534 sus
366 3480 546 3546 idem,
579 3483 744 3554 isque
776 3499 967 3538 annus
991 3488 1100 3540 est.
1163 3486 1318 3540 Luna
1378 3496 1504 3557 post
1535 3486 1875 3542 vicesimum

220 3584 451 3623 nonum
503 3569 657 3626 diem
719 3579 773 3626 et
837 3572 1144 3630 semissem
1206 3590 1440 3630 cursum
1502 3577 1874 3647 redintegrat.

218 3657 387 3721 Quod
423 3657 473 3712 si
504 3657 638 3730 quis
668 3659 1006 3730 hujusmodi
1040 3679 1416 3720 numerorum
1451 3681 1663 3720 arcana
1694 3665 1875 3721 rima-

219 3744 276 3799 ri
306 3745 466 3814 velit,
497 3747 634 3803 hinc
666 3749 828 3806 facile
857 3757 1076 3822 quanta
1117 3753 1193 3808 sit
1238 3753 1538 3810 architecti
1596 3755 1877 3826 sapientia

219 3837 622 3909 deprehendet
655 3856 668 3894 :
702 3842 855 3912 quod
884 3840 1163 3898 nimirum
1195 3850 1582 3901 concentuum
1624 3845 1874 3902 rationes

219 3943 434 3983 omnes
465 3927 525 3984 in
586 3928 680 3985 his
735 3929 1116 3989 elucescaut:
1177 3949 1398 4002 eorum,
1457 3935 1722 4008 inquam,
1777 3935 1875 4006 qui

214 4015 408 4089 vulgo.
430 4013 521 4072 Sta‘:
547 4020 754 4089 πασῶν,
786 4015 877 4073 διὰ
929 4020 1083 4076 πέντε
1135 4029 1193 4080 et
1250 4021 1338 4078 διὰ
1372 4024 1644 4098 τεσσάρων
1677 4024 1874 4097 appel-

213 4106 444 4164 lantur.

932 4202 1085 4259 CAP.
1123 4204 1222 4259 IX.

287 4313 501 4370 Judr'ciz'
543 4318 785 4389 supremi
834 4323 1063 4389 tempus.
1114 4319 1470 4374 Planelarum
1519 4315 1800 4374 ἀποκατα-

489 4387 719 4449 στάσεις.
753 4387 1036 4446 Aur-orum
1065 4391 1328 4462 synodus,
1359 4389 1603 4448 diluvia.

282 4504 541 4560 Tametsi
576 4509 778 4562 autem
810 4524 878 4563 ex
910 4507 1202 4580 Evangelii
1263 4507 1498 4563 oraculo
1529 4509 1571 4574 ‘,
1604 4507 1757 4563 diem
1815 4513 1873 4565 et

208 4595 422 4652 horam
472 4598 731 4667 supremi
789 4597 991 4666 iudicii
1054 4615 1223 4655 nemo
1281 4607 1606 4668 cngnoscat,
1667 4607 1873 4670 prater

212 4689 476 4752 Patrem,
511 4692 568 4740 et
596 4686 749 4742 Patri
807 4698 1154 4744 coaternum
1218 4689 1450 4754 Filium,
1509 4693 1682 4760 atque
1727 4689 1870 4745 adeo

210 4774 521 4845 Spiritum,
556 4776 653 4846 qui
688 4793 754 4832 ex
789 4783 955 4833 Patre
995 4777 1299 4850 (Filioque)
1346 4780 1636 4850 procedit:
1691 4778 1868 4835 Grani

214 4868 412 4918 tamen
450 4867 617 4921 novis
647 4867 1004 4937 quibusdam
1039 4867 1638 4924 demonstrationihus
1655 4869 1869 4941 perspi-

209 4969 384 5009 cuam
421 4955 606 5010 facere
639 4955 1042 5012 conuituntur.
1075 4958 1195 5020 Quo
1225 4957 1280 5012 id
1317 4963 1508 5013 autem
1557 4959 1748 5018 modo.
1781 4958 1866 5014 sic

205 5043 427 5113 accipe.
483 5044 773 5101 Saturnus
835 5047 1148 5102 maximam
1206 5063 1374 5103 suam
1431 5046 1862 5102 ἀποκατάστασιν

212 5132 484 5188 ducentis
517 5135 817 5198 sexaginta
846 5135 1110 5207 quinque
1164 5135 1370 5191 annis:
1428 5138 1675 5208 Jupiter,
1717 5154 1861 5208 qua-

211 5222 540 5295 dringentis
565 5226 766 5297 viginti
796 5232 1050 5296 septem:
1079 5230 1247 5294 Mars,
1270 5228 1538 5282 ducentis
1567 5233 1858 5298 quatuor:

209 5313 321 5377 sol,
357 5313 518 5370 mille
548 5315 994 5386 quadringentis
1054 5315 1358 5387 sexaginta
1415 5331 1581 5372 uno:
1641 5315 1858 5381 Venus,

206 5400 368 5457 mille
390 5404 652 5460 centenis
683 5405 1115 5476 quinquaginta
1149 5421 1266 5460 uno
1293 5421 1306 5458 :
1339 5403 1681 5473 Mercurius,
1716 5420 1861 5474 qua-

205 5490 536 5565 dringentis
561 5510 575 5550 :
602 5491 764 5562 luna,
798 5494 1286 5566 vigintiquinque
1305 5491 1560 5548 coniicit.
1595 5493 1860 5549 Cosmica

275 5706 300 5743 ⁸
328 5705 508 5764 Maro.
539 5722 662 5774 xm,
694 5707 784 5763 32.

2007 1947 2437 2020 quinquaginta
2467 1965 2670 2004 novem
2703 1966 2715 2004 :
2745 1951 3128 2024 ejusdemque
3159 1953 3444 2014 diametro
3483 1960 3660 2016 vicis-

2006 2037 2116 2092 sim
2151 2039 2432 2108 majorem
2458 2053 2592 2093 cum
2629 2043 2792 2094 terra
2836 2039 3120 2097 diametro
3179 2045 3463 2102 rationem
3505 2065 3654 2118 esse,

2006 2141 2182 2197 quam
2217 2127 2618 2182 novemdecim
2652 2143 2783 2182 cum
2821 2129 3030 2186 tribus.
3064 2132 3149 2186 Ad
3203 2132 3324 2188 hac
3356 2134 3496 2191 solis
3530 2137 3659 2192 dia-

2003 2221 2184 2270 meter
2214 2215 2448 2287 octuplo
2482 2215 2631 2270 luna
2671 2217 3024 2273 diametrum
3072 2227 3327 2292 superat,
3385 2224 3656 2282 interval-

2001 2303 2242 2375 lumque
2275 2305 2416 2360 adeo
2448 2321 2564 2376 quo
2597 2304 2684 2361 sol
2714 2323 2745 2360 a
2776 2311 2928 2362 terra
2957 2308 3153 2372 distat,
3189 2311 3422 2384 octuplo
3458 2316 3653 2385 majus

1999 2398 2108 2460 est,
2141 2411 2316 2465 quam
2350 2393 2721 2449 intervallum
2758 2411 2872 2466 quo
2904 2396 3045 2453 luna
3076 2399 3146 2453 ab
3189 2401 3389 2457 eadem
3423 2403 3651 2473 disjun-

1999 2482 2175 2553 gitur.
2211 2483 2361 2547 Quin
2394 2483 2568 2538 etiam
2610 2483 2718 2538 soli
2769 2501 2900 2540 cum
2950 2485 3091 2541 luna
3135 2488 3282 2545 ratio
3315 2491 3507 2561 major
3538 2497 3650 2558 est,

1999 2587 2174 2641 quam
2209 2574 2470 2645 quinque
2503 2572 2766 2628 millibus
2821 2575 3175 2648 octingentis
3234 2579 3465 2637 duobus
3513 2598 3647 2638 cum

1998 2677 2134 2717 uno.

2679 2752 2838 2809 CAP.
2869 2753 2960 2811 XI.

2448 2874 2526 2926 De
2553 2870 2684 2926 satis
2711 2874 2764 2927 et
2793 2871 2942 2929 tunae
2971 2873 3181 2945 eclipsi.

2063 2989 2344 3042 Caterum
2378 2988 2449 3043 ad
2483 2986 2624 3044 solis
2655 2993 2712 3044 et
2744 2989 2894 3045 luna
2926 2991 3186 3047 defectus
3208 2995 3356 3063 quod
3407 2995 3635 3064 attinet,

1993 3078 2091 3147 qui
2126 3075 2296 3146 paulo
2328 3075 2605 3133 subtilius
2662 3076 2773 3133 ista
2830 3077 3024 3134 rimati
3090 3090 3248 3148 sunt,
3281 3082 3525 3154 eclipsin
3580 3087 3638 3141 in

1986 3164 2107 3220 sole
2134 3166 2364 3237 proprie
2393 3166 2506 3220 dici
2545 3183 2714 3238 posse
2745 3173 2960 3239 negant
3017 3169 3172 3239 (cum
3235 3171 3379 3228 solis
3436 3173 3634 3230 lumen

1984 3253 2147 3310 nullo
2180 3263 2434 3325 tempore
2465 3255 2736 3326 deficiat).
2771 3257 3077 3325 caliginem
3111 3266 3306 3315 autem
3368 3266 3426 3317 et
3477 3266 3636 3320 obte-

1985 3344 2386 3400 nehrationem
2422 3345 2896 3417 admittunt,qua
2920 3352 3048 3402 tum
3082 3348 3320 3405 demum
3349 3352 3630 3424 percipia-

1983 3440 2098 3502 tur,
2131 3449 2265 3488 cum
2296 3433 2354 3489 in
2385 3433 2669 3505 eclipticis
2699 3436 3216 3505 conjunctionibus
3266 3437 3406 3494 luna
3437 3441 3518 3495 illi
3556 3443 3626 3496 ad

1984 3523 2462 3595 perpendiculum
2496 3524 2762 3595 opposita
2791 3526 2965 3580 fuerit
2997 3542 3010 3581 :
3047 3530 3186 3582 tunc
3215 3530 3367 3584 enim
3427 3531 3628 3586 oculos

1982 3616 2237 3677 nostros,
2269 3613 2368 3683 qui
2401 3613 2781 3668 sublunarem
2825 3613 3120 3686 regionem
3173 3616 3506 3684 incolimus,
3539 3623 3630 3672 te-

1983 3703 2352 3759 nebricosum
2385 3703 2528 3759 solis
2560 3703 2758 3759 lumen
2791 3703 3465 3761 obumbrat.Astronomi
3486 3723 3633 3778 pra-

1981 3797 2140 3848 terea
2168 3791 2373 3864 digitis
2405 3793 2709 3848 duodecim
2756 3791 2910 3847 luna
2969 3809 3182 3864 corpus
3238 3793 3630 3864 dimetientes,

1979 3881 2124 3937 alias
2155 3882 2393 3953 quidam
2425 3883 2531 3938 toti
2565 3881 2753 3950 ipsius
2778 3882 3005 3952 corpori
3038 3882 3180 3937 solis
3206 3883 3397 3938 radius
3426 3885 3634 3938 adver-

1981 3987 2098 4040 sos,
2132 3971 2278 4027 alias
2307 3987 2440 4026 vero
2475 3970 2650 4026 etiam
2681 3969 3060 4041 paucioribus
3111 3971 3417 4027 duodecim
3486 3974 3634 4042 obji-

1981 4063 2164 4119 ciunt.
2199 4062 2340 4118 Cum
2372 4060 2526 4116 enim
2560 4059 2700 4117 luna
2741 4059 3080 4116 sublimiore
3133 4062 3273 4117 orbe
3312 4062 3632 4119 circumve-

1981 4151 2160 4220 hitur,
2196 4167 2262 4207 eo
2293 4149 2516 4206 scilicet
2545 4149 2646 4220 qui
2695 4149 2801 4205 soli
2852 4149 3234 4222 propinquior
3278 4157 3388 4220 est,
3422 4169 3632 4225 parum

1980 4243 2160 4311 abest,
2193 4239 2334 4312 quin
2367 4239 2640 4295 tenebras
2669 4237 2751 4293 illi
2785 4239 3084 4296 oﬁ'undere
3142 4239 3408 4297 videatur
3437 4258 3450 4297 :
3499 4260 3633 4300 cum

1981 4337 2179 4386 autem
2212 4329 2382 4402 pleno
2415 4327 2573 4397 orbe,
2600 4329 2876 4400 justeque
2906 4329 2997 4384 sui
3050 4331 3454 4402 magnitudine
3503 4349 3637 4388 con-

1982 4427 2148 4479 stans
2178 4423 2452 4478 interiora
2483 4426 2760 4494 permeat,
2815 4426 2957 4477 tunc
3013 4422 3235 4478 scilicet
3287 4423 3488 4480 oculos
3534 4424 3635 4481 illa

1982 4517 2211 4568 nostros
2241 4512 2552 4583 splendore
2598 4527 2704 4567 suo
2762 4511 3126 4583 perstringit,
3161 4519 3216 4568 et
3262 4514 3488 4585 integro
3521 4513 3631 4570 soli

1981 4601 2314 4673 opponitur.
2352 4601 2531 4656 Iidem
2566 4601 2792 4669 objectu
2830 4607 3003 4672 atque
3035 4602 3356 4659 interventu
3403 4604 3625 4659 umbra

1982 4697 2140 4745 terra
2167 4688 2365 4743 lunam
2398 4688 2642 4745 deficere
2669 4689 2961 4745 dixerunt.
2995 4689 3139 4744 Nam
3191 4696 3345 4747 terra
3401 4692 3627 4748 lumine

1979 4777 2119 4834 solis
2149 4778 2440 4832 illustrata
2471 4779 2737 4834 umbram
2773 4796 2886 4834 non
2913 4796 3036 4834 eam
3075 4779 3310 4852 quidem
3345 4782 3628 4854 cylindri-

1979 4883 2128 4932 cam,
2154 4883 2257 4923 seu
2289 4869 2627 4932 rotundam,
2686 4869 2880 4940 qualis
2930 4873 3018 4924 est
3074 4868 3358 4926 columna
3420 4871 3626 4940 figura,

1978 4961 2076 5015 sed
2113 4959 2416 5016 conoidem
2449 4976 2550 5014 seu
2587 4959 2947 5016 turbinatam
3010 4961 3166 5016 facit.
3224 4963 3403 5019 Κῶνος
3446 4961 3626 5028 enim,

1976 5049 2076 5120 qui
2108 5058 2162 5104 et
2193 5041 2510 5122 στρόϐιλος,
2543 5049 2599 5102 id
2632 5054 2721 5104 est
2754 5050 2946 5115 turbo,
2977 5047 3210 5116 dicitur,
3245 5064 3312 5104 ex
3341 5047 3457 5104 lata
3504 5048 3626 5120 pla-

1973 5139 2118 5194 uitio
2163 5138 2224 5194 in
2283 5153 2622 5193 mucronem
2677 5137 2995 5192 exacuitur.
3061 5135 3273 5192 Umbra
3329 5144 3488 5192 terra
3545 5138 3626 5194 ita

1975 5225 2358 5298 proculdubio
2391 5242 2454 5280 se
2487 5225 2682 5289 habet,
2725 5226 2891 5294 cujus
2949 5224 3029 5278 rei
3081 5239 3260 5279 causa
3317 5225 3624 5298 perspicua

1973 5323 2060 5373 est
2089 5315 2321 5380 Quoties
2353 5315 2511 5370 enim
2547 5331 2762 5384 corpus
2793 5314 3030 5384 aliquod
3065 5316 3137 5368 ab
3168 5315 3434 5384 ejusdem
3496 5332 3622 5372 cor-

1971 5405 2131 5476 poris
2165 5404 2568 5475 magnitudine
2587 5401 2781 5457 lumen
2815 5401 3046 5469 accipit,
3080 5401 3431 5472 cylindrica:
3475 5421 3619 5476 quo-

1969 5493 2079 5549 ties
2108 5509 2240 5547 vero
2265 5509 2298 5548 a
2325 5490 2867 5561 minoris,conoides
2892 5491 3120 5558 umbra,
3151 5507 3252 5548 seu
3295 5494 3594 5551 turbinata
