4066 6208
431 356 582 418 1111

433 580 639 650 major,
675 596 923 654 eamque
981 583 1105 640 suis
1164 586 1346 642 radiis
1401 587 1678 662 illustret,
1730 593 2082 648 turbinatam

435 685 667 740 quoque
698 671 966 726 umbram
999 673 1230 729 efficiat.
1263 678 1465 748 Itaque
1517 679 1660 736 luna
1716 687 1856 737 tunc
1915 682 2082 737 nobis

435 759 702 823 obscura,
738 758 1140 834 deﬁcientique
1173 765 1384 824 similis
1414 768 1660 838 videtur,
1694 788 1827 827 cum
1861 771 1920 826 in
1955 788 2081 828 um-

435 846 600 902 bram
633 846 861 905 telluris
887 849 1172 909 inciderit.
1204 857 1364 918 Quod
1413 858 1460 912 si
1519 859 1575 914 in
1637 861 1855 917 umbrae
1897 862 2082 932 ipsius

433 935 686 992 radicem
719 954 822 994 seu
857 941 1250 1000 meditullium
1275 944 1753 1018 indicat,omnino
1771 951 1965 1008 deﬁcit
1993 969 2006 1006 :
2033 952 2082 1008 si

437 1042 569 1082 vero
601 1026 659 1082 in
681 1028 1290 1096 verticem,ohscurior
1311 1038 1599 1095 efﬁcitur:
1634 1039 1770 1112 quia
1805 1042 2084 1099 nimirum

439 1131 554 1186 quo
607 1118 880 1174 conoides
941 1121 1160 1177 umbrae
1215 1123 1484 1195 planities
1543 1127 1729 1198 latior,
1771 1146 1836 1186 eo
1890 1136 2084 1187 vertex

437 1207 786 1263 contractior
817 1211 924 1264 est.

1099 1331 1255 1388 CAP.
1289 1332 1413 1388 XII.

616 1445 689 1498 De
720 1445 870 1514 satis,
903 1444 1074 1517 lunas,
1108 1449 1492 1521 astrorumque
1522 1451 1902 1521 qualitatibus.

506 1559 639 1616 Haec
678 1577 911 1633 quoque
939 1563 1085 1619 scitu
1122 1581 1236 1620 non
1271 1566 1514 1638 indigna
1545 1573 1704 1638 sunt,
1763 1574 1825 1625 ut
1883 1587 2006 1640 quae
2051 1586 2085 1625 a

437 1648 612 1720 primi
646 1651 900 1706 nominis
934 1652 1295 1725 philosophis
1344 1657 1569 1713 sancita
1624 1659 1860 1714 fuerint.
1923 1658 2083 1716 Plato

437 1743 592 1792 certe
622 1754 833 1809 corpus
892 1740 1120 1796 aetheris
1178 1745 1513 1800 universum
1571 1762 1640 1802 ex
1697 1747 1851 1820 igne,
1905 1753 2079 1818 terra,

437 1825 774 1897 caeterisque
803 1826 1032 1883 duobus
1063 1828 1363 1885 elementis
1395 1832 1778 1900 constituens,
1824 1835 2076 1890 calidum

437 1914 617 1969 solem
647 1930 775 1970 esse
806 1916 969 1972 dixit.
993 1917 1332 1974 Aristoteles
1361 1926 1554 1975 autem
1611 1938 1821 1993 corpus
1870 1922 2080 1994 hujus-

438 2003 597 2058 modi
630 2003 925 2060 diversum
959 2007 1254 2076 quoddam
1293 2026 1323 2063 a
1347 2019 1596 2080 quatuor
1623 2011 1924 2068 elementis
1965 2018 2083 2070 sta-

437 2096 632 2158 tuens,
661 2109 848 2164 neque
876 2095 1126 2150 calidum
1161 2097 1366 2164 solem,
1401 2117 1587 2171 nsque
1618 2101 1729 2157 alia
1787 2101 1906 2156 ulla
1949 2120 2088 2175 qua-

439 2181 601 2237 litate
631 2183 938 2254 praeditum
970 2202 1099 2241 esse
1132 2187 1230 2258 ait,
1262 2189 1362 2243 sed
1397 2195 1452 2244 et
1480 2187 1690 2243 λεῖκνον
1752 2192 1949 2267 φωτὸς,
1983 2211 2085 2250 seu

443 2271 756 2328 canistrum
816 2272 1055 2329 luminis
1104 2277 1380 2348 appellat.
1441 2283 1512 2334 At
1585 2297 1716 2338 vero
1775 2281 1868 2338 hic
1927 2288 2090 2355 roget

444 2361 762 2432 quispiam,
797 2363 897 2434 qui
931 2364 1054 2420 fieri
1095 2367 1300 2437 possit,
1364 2376 1426 2422 ut
1485 2369 1567 2424 sol
1621 2369 1830 2427 caloris
1886 2389 2090 2445 expers

448 2452 754 2506 calafaciat
776 2451 803 2507 ‘I
832 2454 1115 2518 Quoniam
1153 2462 1364 2523 movet,
1398 2461 1666 2528 quamvis
1707 2468 2007 2518 moveatur
2036 2467 2093 2518 et

447 2537 593 2608 ipse,
627 2538 1074 2609 exhalationem,
1110 2549 1166 2598 et
1197 2561 1331 2600 aera
1362 2547 1458 2616 qui
1516 2552 1677 2603 terrae
1710 2550 2091 2607 circumfluus

449 2631 757 2698 est,atque
787 2630 993 2686 exinde
1026 2632 1084 2686 in
1135 2649 1313 2689 causa
1368 2641 1476 2702 est,
1537 2641 1600 2692 ut
1657 2639 1920 2710 subjecta
1976 2658 2093 2696 cor-

447 2734 589 2788 pora
619 2716 1402 2780 incalescantExhalationis
1435 2743 1602 2796 porro
1633 2732 1690 2783 et
1721 2733 1985 2784 naturam
2036 2735 2094 2786 et

445 2823 658 2863 nomen
693 2808 919 2880 primus
949 2808 1170 2867 invenit
1197 2819 1371 2884 atque
1402 2814 1633 2884 indidit,
1666 2817 2090 2875 exbalationem

443 2896 713 2968 inquiens
746 2915 1018 2970 vaporem
1054 2917 1183 2956 eum
1221 2902 1475 2959 calidum
1535 2911 1591 2960 et
1647 2907 1891 2975 siccum,
1941 2909 2094 2965 velu-

442 2985 602 3056 tique
635 2987 931 3042 fumosum
964 2991 1221 3060 esse,qui
1256 3009 1288 3046 a
1319 2997 1471 3048 terra
1502 3011 1738 3052 sursum
1783 2997 2092 3054 emittitur.

441 3079 574 3131 Haec
605 3076 686 3132 ita
716 3075 841 3147 ipsa
870 3077 1158 3135 exhalatio
1194 3081 1451 3152 fumosa,
1485 3100 1619 3140 cum
1645 3087 1766 3156 jam
1803 3104 1915 3158 prie
1951 3088 2096 3145 levi-

441 3168 558 3220 tate
587 3166 656 3218 ad
689 3164 891 3222 lunam
935 3183 1123 3239 usque
1183 3172 1464 3241 pervenit,
1523 3173 1734 3231 deinde
1788 3176 1848 3232 in
1895 3183 2086 3250 partes

1025 3227 1043 3239 .
1183 3227 1199 3240 .
1336 3227 1343 3228 κ
1449 3227 1464 3241 .
1575 3227 1730 3231 ττπ-
1788 3227 1848 3232 ——
1895 3227 2085 3250 ιι---η

440 3253 684 3310 diducta
711 3259 822 3324 est,
881 3258 1278 3328 succenditur,
1338 3261 1580 3334 ignique
1630 3265 1992 3336 persimilem
2023 3287 2086 3326 se
2118 3227 2160 3294 Ο

445 3343 662 3398 nostris
693 3343 875 3400 oculis
905 3345 1175 3403 exhibet:
1205 3353 1380 3422 atque
1433 3351 1576 3408 adeo
1624 3354 1943 3426 subjectam
1972 3358 2084 3414 sibi

444 3433 832 3490 substantiam
869 3435 1152 3492 calefacit.
1189 3439 1349 3503 Quod
1384 3452 1574 3498 autem
1606 3459 1670 3499 ex
1731 3449 1886 3501 motu
1930 3446 2088 3503 calor

448 3522 728 3593 nascitur,
761 3525 817 3580 id
851 3541 916 3580 ex
942 3526 1270 3595 jaculorum
1317 3530 1659 3602 cuspidibus
1710 3537 2083 3607 perspicuum

447 3618 554 3670 est.
590 3613 898 3670 Plumbum
935 3615 1112 3682 enim,
1152 3634 1266 3688 quo
1325 3623 1702 3678 communitas
1760 3633 1914 3694 sunt,
1957 3626 2084 3698 ipso

447 3707 604 3759 motu
637 3703 900 3774 solvitur,
932 3710 989 3761 et
1017 3705 1399 3777 colliquescit.
1423 3711 1612 3781 Atque
1632 3713 1811 3768 (ἓνωοί
1842 3715 2081 3781 quidem

444 3791 550 3848 soli
580 3791 776 3848 lumen
810 3793 880 3848 ab
903 3793 1090 3862 initio,
1125 3800 1180 3850 et
1211 3796 1448 3867 quidem
1483 3805 1691 3856 natura
1721 3801 1849 3873 ipsa
1892 3805 2084 3862 inesse

443 3881 629 3938 aiunt.
663 3884 1036 3954 Anaxagoras
1067 3901 1198 3940 vero
1229 3885 1482 3944 solidum
1543 3889 1788 3960 lapidem
1847 3908 1915 3950 ex
1954 3895 2084 3950 uni-

441 3970 590 4028 versi
615 3971 1101 4029 circumvectione
1120 3974 1328 4032 elisum
1351 3982 1408 4034 et
1429 3977 1858 4038 inﬂammatum
1895 3984 2086 4040 denuo

445 4060 707 4133 levigari,
738 4065 796 4116 et
841 4061 898 4117 in
958 4063 1156 4119 stellas
1213 4065 1478 4124 cmlestes
1537 4067 1859 4128 coalescere
1888 4075 2087 4130 tradit.

445 4150 607 4206 Idem
667 4150 1058 4208 foraminibus
1116 4155 1302 4210 instar
1359 4157 1603 4228 pumicis
1668 4163 1726 4216 et
1779 4163 2091 4234 spiraculis

446 4242 669 4296 scatere
721 4239 942 4308 stellas,
1001 4245 1175 4312 atque
1232 4261 1657 4318 nonnunquam
1711 4249 1853 4307 ccelo
1902 4251 2095 4309 delabi

449 4333 650 4386 auctor
707 4333 854 4387 est:
915 4331 1132 4403 quibus
1191 4333 1362 4389 dictis
1422 4336 1595 4394 ﬁdem
1653 4341 2095 4410 conciliaturas,

449 4419 636 4475 adfert
665 4436 877 4491 corpus
909 4419 1051 4474 illud
1079 4420 1356 4494 ignitum,
1388 4427 1637 4482 rotunda
1686 4428 1893 4501 forma,
1943 4433 2096 4504 quod

451 4509 598 4566 coelo
620 4513 917 4582 quondam
953 4512 1012 4568 in
1035 4511 1190 4586 αἰγὸς
1223 4514 1466 4572 ﬂuvium
1499 4519 1736 4578 decidit.
1772 4521 1883 4578 Alii
1915 4523 2098 4580 solem

1736 369 2047 432 NICETJE
2087 369 2502 434 ΟΗΟΝΙΑΤΕ

430 490 752 564 consurgit.
786 491 948 549 Unde
976 494 1250 564 efﬁcitur,
1311 501 1376 554 ut
1431 516 1562 557 cum
1621 501 1707 559 sol
1761 502 1967 559 tellure
1997 503 2074 559 sit
2103 503 2156 569 Α

3687 379 3848 444 HIS

2837 508 2992 565 CAP.
3023 510 3181 566 XIII.

2394 631 2469 684 De
2497 630 2626 686 satis
2653 635 2703 687 et
2725 632 2874 690 tunae
2901 650 3087 699 cursu,
3120 637 3365 707 annique
3391 640 3637 697 ratione.

2261 745 2574 803 Sciendum
2607 758 2881 822 praeterea
2900 751 3222 818 est,lunam
3255 757 3567 828 integram,
3611 756 3722 812 hoc
3753 765 3841 815 est

2190 837 2635 908 quindenariam
2660 842 2731 896 ab
2751 843 2955 912 Opifice
2977 853 3228 901 creatam
3257 864 3270 914 ;
3294 848 3422 904 suis
3443 849 3601 904 enim
3631 867 3840 905 nume-

2190 927 2270 982 ris
2301 927 2627 985 absolutam
2659 948 2785 988 eese
2809 935 3208 992 conveniebat.
3251 940 3462 1004 Quarto
3511 945 3715 995 autem
3748 941 3840 996 die

2190 1024 2378 1071 creata
2401 1020 2718 1091 est.ltaque
2737 1022 2944 1079 diebus
2967 1026 3235 1082 undecim
3287 1027 3469 1084 solem
3521 1034 3839 1101 praevertit,

2190 1106 2480 1178 siquidem
2515 1125 2547 1163 a
2576 1117 2778 1181 quarto
2810 1115 2881 1168 ad
2915 1115 3206 1171 decimum
3238 1117 3512 1188 quintum
3563 1119 3838 1174 undecim

2190 1196 2314 1252 dies
2344 1196 2796 1258 intercederunt.
2832 1203 2953 1268 Quo
2983 1204 3122 1260 fitut
3152 1223 3504 1279 unoquoque
3522 1225 3682 1264 anno
3708 1211 3841 1264 duo-

2191 1286 2378 1343 decim
2404 1304 2636 1346 menses
2668 1289 2838 1359 lunre,
2870 1293 3142 1350 undecim
3176 1295 3401 1353 dierum
3454 1300 3675 1370 spatio,
3709 1302 3845 1355 duo-

2191 1377 2377 1432 decim
2399 1378 2687 1436 solaribus
2704 1382 3006 1439 mensibus
3031 1384 3286 1442 minores
3299 1386 3846 1458 deprehendantur.

2189 1463 2421 1522 Solares
2451 1467 2609 1524 enim
2659 1470 2866 1526 diebus
2915 1475 3187 1530 trecentis
3235 1477 3534 1548 sexaginta
3585 1479 3850 1551 quinque

2191 1570 2324 1610 cum
2365 1556 2690 1626 quadrante
2712 1565 3005 1627 constant,
3031 1576 3098 1617 ex
3122 1580 3236 1635 quo
3257 1581 3357 1636 per
3382 1571 3640 1637 quatuor
3655 1585 3849 1623 annos

2191 1646 2512 1716 composito
2543 1648 2668 1704 dies
2699 1666 2854 1705 unus
2896 1653 3238 1721 absolvitur,
3290 1672 3465 1728 quem
3518 1659 3852 1716 Bissextum

2190 1736 2360 1807 vulgo
2391 1737 2615 1802 dicunt,
2648 1737 2860 1811 illeque
2891 1742 3033 1798 adeo
3065 1759 3254 1800 annus
3302 1746 3508 1803 diebus
3570 1754 3854 1808 trecentis

2191 1828 2489 1897 sexaginta
2515 1845 2614 1883 sex
2630 1834 2876 1886 constat.
2912 1831 3233 1890 Atlunares
3262 1838 3401 1892 anni
3442 1843 3852 1898 trecentorum

2195 1917 2620 1989 quinquaginta
2649 1925 2900 1991 quatuor
2925 1923 3152 1978 dierum
3182 1930 3337 1980 sunt.
3382 1928 3460 1982 Ex
3516 1947 3636 2001 quo
3691 1933 3856 1988 enim

2194 2005 2334 2062 luna
2365 2007 2688 2076 emerserit,
2721 2025 2818 2064 seu
2853 2012 2976 2066 orbi
3009 2029 3117 2067 suo
3177 2016 3445 2071 restituta
3503 2019 3684 2075 fuerit
3726 2025 3858 2076 tan-

2195 2095 2380 2166 tisper
2410 2096 2743 2168 augebitur,
2777 2099 2910 2154 dum
2945 2101 3017 2156 ad
3049 2103 3174 2158 dies
3203 2107 3648 2175 quatuordecim
3675 2116 3860 2182 atque

2199 2184 2539 2256 quadrantis
2569 2187 2876 2244 semissem
2911 2193 3255 2262 pervenerit,
3316 2211 3350 2250 a
3407 2213 3524 2268 quo
3576 2200 3857 2256 nimirum

2198 2278 2460 2345 tempore
2491 2275 2735 2333 deficere
2767 2277 2994 2350 incipit,
3027 2281 3098 2336 ad
3141 2299 3479 2356 nonumque
3527 2294 3588 2343 et
3638 2289 3858 2345 vicesi-

2202 2378 2361 2418 mum
2395 2363 2546 2419 diem
2589 2381 2724 2420 cum
2780 2368 3027 2425 semisse
3086 2371 3402 2429 deﬁciendo
3457 2379 3859 2448 progreditur.

2205 2449 2454 2508 Perfecta
2485 2453 2965 2528 igitur,justaque
2995 2459 3090 2515 sui
3121 2462 3527 2533 magnitudine
3550 2473 3860 2536 constans,

2201 2542 2441 2598 luminis
2469 2559 2673 2614 expers
2705 2550 2793 2600 est
2840 2547 3149 2620 denuoque
3194 2551 3301 2606 soli
3350 2556 3665 2625 conjuncta
3704 2560 3861 2615 redi-

2202 2632 2328 2688 viva
2385 2633 2707 2706 consurgit,
2762 2639 2818 2690 et
2868 2636 3345 2710 redintegratur:
3394 2645 3548 2714 quod
3625 2654 3859 2703 certum

2203 2718 2582 2790 proculdubio
2642 2724 3082 2781 resurrectionis
3132 2732 3344 2785 nostra
3398 2743 3862 2792 monumentum

2203 2812 2309 2863 est.
2346 2812 2546 2878 Itaque
2577 2807 2822 2878 singulis
2880 2813 3050 2869 annis
3110 2816 3234 2872 dies
3304 2821 3577 2878 undecim
3619 2827 3737 2880 soli
3773 2843 3864 2882 re-

2203 2898 2420 2969 pendit,
2455 2898 2535 2954 ita
2567 2903 2627 2954 ut
2659 2902 2917 2957 Hebraeis
2951 2903 3116 2960 tertio
3149 2922 3379 2980 quoque
3419 2927 3579 2967 anno
3640 2916 3869 2972 mensis

2204 2981 2532 3059 ἐμϐόλιμος,
2568 3005 2667 3046 seu
2722 2991 3101 3062 intercalaris,
3157 3004 3484 3058 conﬂetur:
3546 3021 3870 3079 annuaque

2203 3077 2347 3133 adeo
2381 3077 2476 3133 ille
2513 3079 2787 3136 tredecim
2820 3083 3139 3152 mensibus,
3171 3104 3237 3142 ex
3294 3091 3566 3148 undecim
3632 3077 3868 3152 dierum

2205 3165 2548 3238 adjectione,
2582 3175 2848 3226 constare
2880 3172 3368 3243 deprehendatur.

2855 3297 3009 3354 CAP.
3042 3299 3180 3356 XIV.

2286 3396 2451 3462 Solis,
2485 3396 2638 3455 tum?
2670 3403 2722 3452 et
2749 3399 3036 3456 stellarum
3067 3405 3325 3473 maleria,
3357 3407 3505 3477 iam:
3533 3415 3765 3469 natura.

2267 3486 2641 3557 Perspicuum
2668 3493 2862 3546 autem
2893 3499 3001 3558 est,
3027 3491 3234 3559 solem,
3285 3495 3486 3554 lunam
3543 3506 3608 3557 et
3658 3502 3862 3560 stellas

2195 3593 2263 3633 ex
2293 3575 2446 3632 lunae
2468 3577 2639 3647 globo
2668 3583 2956 3635 constare.
3002 3581 3285 3640 Vasorum
3336 3587 3494 3644 enim
3542 3590 3743 3647 instar
3770 3593 3860 3648 lu-

2199 3682 2329 3722 men
2367 3665 2480 3721 sibi
2518 3670 2714 3737 postea
2744 3670 3221 3741 superadjectum
3253 3681 3859 3748 exceperunt.Horum

2198 3757 2458 3832 profecto
2489 3756 2823 3827 cujusmodi
2857 3763 3066 3817 natura
3096 3762 3190 3830 sit,
3223 3767 3545 3824 nescimus.
3575 3770 3728 3828 Sunt
3762 3755 3865 3844 qui

2200 3849 2395 3921 ignem
2427 3848 2540 3903 nisi
2575 3847 2630 3903 in
2659 3851 2964 3907 materiam
2997 3852 3258 3925 aliquam
3291 3862 3446 3928 agat,
3472 3861 3861 3934 conspicuum

2201 3955 2329 3996 esse
2362 3944 2571 4010 negent
2616 3952 2630 3992 :
2693 3939 2844 3994 unde
2894 3939 2979 4011 ﬁt,
3039 3946 3104 3997 ut
3157 3945 3483 4003 exstinctus
3532 3957 3864 4009 evanescat-

2204 4028 2315 4084 Alii
2347 4026 2702 4085 exstinctum
2733 4026 2793 4084 in
2826 4045 3019 4087 aerem
3053 4033 3269 4090 mutari
3300 4039 3694 4099 contendunt.

2870 4145 3023 4203 CAP.
3059 4148 3178 4204 XV.

2421 4252 2494 4307 De
2520 4251 2763 4318 zodiaca,
2791 4252 3253 4330 planetaraoiquc
3292 4257 3563 4330 domibus,
3596 4271 3650 4318 et

2812 4323 3236 4385 devotionibus.

2277 4429 2502 4486 Zodiari
2537 4445 2709 4502 porro
2740 4430 2941 4487 circuli
2982 4436 3176 4489 motus
3223 4433 3496 4508 obliquus
3551 4444 3663 4508 est,
3695 4447 3864 4512 atque

2211 4519 2269 4575 in
2295 4519 2578 4576 sectiones
2603 4519 2907 4576 duodecim
2930 4520 3226 4592 dividitur,
3269 4541 3397 4596 quas
3439 4527 3656 4600 vulgus
3697 4528 3865 4598 ζώδια

451 4603 507 4654 et
538 4598 738 4654 lunam
773 4600 958 4656 nubes
989 4601 1264 4660 aethereas
1292 4604 1725 4666 inﬂammatas:
1759 4611 1856 4668 alii
1912 4612 2092 4670 solem
2126 4606 2171 4670 D
2213 4626 2315 4666 seu
2349 4609 2515 4680 signa
2541 4615 2744 4665 vocat:
2780 4627 3020 4682 quorum
3081 4612 3318 4685 singula
3374 4598 3635 4675 denariis
3681 4622 3867 4676 tribus

449 4687 641 4758 ipsum
677 4704 926 4744 massam
957 4692 1356 4750 candefactam
1389 4711 1518 4752 esse
1566 4698 1854 4756 dixerunt.
1887 4703 2095 4759 Verum

450 4777 744 4833 enimvero
803 4793 935 4834 cum
991 4780 1168 4835 Mosis
1224 4781 1464 4839 historia
1522 4785 1728 4855 solem,
1791 4789 1991 4846 lunam
2042 4797 2102 4849 et

450 4864 650 4921 stellas
678 4883 709 4921 a
741 4866 946 4922 mundi
982 4867 1188 4939 opiﬁce
1221 4874 1333 4926 Deo
1365 4872 1620 4944 primum
1655 4877 1964 4935 creationis
1986 4881 2098 4936 ini-

447 4955 601 5012 tium
632 4955 910 5013 habuisse
933 4956 1207 5025 dicimus,
1241 4975 1355 5016 non
1390 4963 1545 5032 quod
1580 4963 1675 5021 ille
1723 4965 1835 5023 alio
1875 4967 2100 5027 lumine

447 5051 663 5118 egeret,
703 5047 804 5102 sed
842 5062 910 5101 ne
941 5046 1137 5104 lumen
1171 5048 1311 5106 illud
1347 5051 1499 5108 iners
1548 5054 1919 5130 otiosumque
1976 5076 2098 5117 ma-

447 5137 793 5208 neret,quod
816 5136 1031 5194 idcirco
1059 5138 1245 5209 primo
1269 5143 1466 5198 statim
1503 5144 1594 5200 die
1639 5147 1872 5202 creavit.
1909 5151 2103 5222 lnquit

445 5226 600 5282 enim
628 5227 942 5296 Scriptura,
987 5228 1144 5284 Dixit
1191 5247 1404 5302 quoque
1457 5233 1642 5291 Deus:
1699 5237 1823 5292 Fiat
1876 5240 1995 5308 tum,
2052 5248 2106 5297 et

446 5319 590 5380 facta
621 5323 701 5372 est
733 5316 835 5372 lux
863 5317 903 5372 ⁵.
939 5319 1218 5375 Caeterum
1252 5320 1398 5377 nihil
1432 5321 1587 5379 aliud
1623 5324 1778 5396 ignis
1798 5333 2100 5400 est,quam

446 5405 647 5460 lumen
680 5405 898 5477 ipsum.
956 5408 1293 5466 Luminaria
1342 5427 1480 5469 vero
1530 5430 1646 5470 non
1702 5421 1844 5473 sunt
1898 5417 2100 5476 lumen

449 5491 668 5564 ipsum,
701 5495 802 5552 sed
835 5495 1076 5554 luminis
1104 5501 1484 5571 receptacula.

523 5708 549 5750 ⁵
577 5709 722 5764 Gen.
755 5722 796 5775 ι,
827 5708 882 5762 3.

2208 4699 2571 4772 trigintaque
2603 4699 2870 4771 partibus
2901 4705 3193 4758 constant.
3226 4704 3366 4761 Pars
3424 4712 3621 4764 autem
3677 4711 3871 4782 quaeli-

2209 4790 2307 4846 bet
2335 4805 2435 4845 sex
2465 4788 2710 4845 minutis
2744 4789 3174 4862 complectitur,
3209 4793 3292 4850 ita
3322 4800 3385 4851 ut
3427 4796 3640 4854 coelum
3675 4805 3868 4871 partes

2209 4897 2311 4936 seu
2347 4878 2682 4936 mansiones
2713 4884 3000 4937 trecentas
3033 4883 3338 4954 sexaginta
3381 4884 3618 4946 habeat.
3684 4889 3866 4946 Hemi-

2211 4969 2469 5042 sphaerii,
2502 4969 2657 5040 quod
2690 4985 2868 5042 supra
2898 4975 3110 5027 terram
3153 4979 3363 5042 exstat,
3419 4982 3659 5034 centum
3708 4985 3865 5037 octo-

2210 5063 2391 5132 ginta,
2423 5059 2788 5131 totidemque
2819 5061 2945 5131 ejus
2976 5061 3135 5132 quod
3170 5064 3280 5118 sub
3329 5070 3486 5122 terra
3523 5073 3637 5136 est,
3675 5075 3866 5141 partes

2210 5152 2646 5205 enumerantur.
2681 5152 2960 5205 Caeterum
2995 5150 3361 5221 planetarum
3397 5155 3614 5213 domus
3636 5159 3725 5214 hae
3750 5167 3866 5214 tra-

2211 5238 2454 5306 duntur,
2488 5238 2645 5293 Aries
2676 5243 2734 5293 et
2763 5238 3038 5309 Scorpius
3071 5242 3292 5298 Martis.
3326 5243 3557 5300 Taurus
3588 5257 3650 5302 et
3696 5249 3864 5304 Libra

2210 5327 2470 5384 Veneris.
2504 5328 2730 5384 Gemini
2761 5333 2817 5384 et
2848 5330 3024 5401 Virgo
3055 5331 3337 5388 Mercurii.
3387 5333 3608 5391 Cancer
3669 5339 3862 5394 Lunae.

2212 5419 2319 5474 Leo
2369 5417 2540 5474 Solis.
2601 5418 2948 5491 Sagittarius
3003 5423 3061 5476 et
3119 5420 3321 5478 Piscea
3371 5423 3552 5482 Jovis.
3631 5429 3862 5484 Saturni

2213 5507 2464 5580 denique
2521 5507 2911 5581 Capricornus
2979 5513 3038 5564 et
3116 5512 3431 5583 Aquarius.
3502 5513 3860 5574 Elevationes
