4066 6208
260 398 419 460 1113

1607 394 2006 456 THESAUBI
2049 395 2205 454 LIB.
2252 396 2301 455 I.

3514 394 3671 456 11H

257 529 602 588 eorumdem
643 529 728 585 sic
750 528 998 584 habent:
1033 526 1184 583 Solis
1211 528 1391 583 Aries.
1428 527 1602 582 Lunae
1651 528 1903 582 Taurus.
1936 537 1989 604 Α
2021 526 2372 597 dispertiens
2412 544 2480 582 ex
2511 528 2652 584 solis
2696 527 2938 584 orientis
2995 527 3185 582 medio
3243 525 3623 581 constituitur
3658 543 3671 595 ;

253 624 417 680 Jovis
445 627 682 677 Cancer.
719 620 985 676 Mercurii
1020 619 1213 692 Virgo.
1251 619 1487 676 Saturni
1517 618 1912 676 Libra.Martis

252 714 664 784 Capricornus.
697 711 936 767 Veneris
960 712 1173 766 Pisces.

928 821 1076 876 CAP.
1115 820 1251 877 XVI.

740 933 810 988 De
841 932 985 987 lunae
1015 931 1210 1002 ﬁguris
1239 931 1440 987 decem.

335 1043 511 1097 Lunaa
546 1057 779 1114 quoque
811 1041 1028 1113 ﬁguras
1059 1040 1141 1096 sic
1200 1039 1425 1094 habeto.
1495 1039 1764 1110 Synodus
1808 1054 1909 1093 seu

257 1134 593 1204 conjunctis
624 1138 733 1200 est,
775 1149 908 1188 eum
938 1133 995 1188 in
1029 1147 1095 1188 ea
1131 1138 1291 1204 parte
1327 1131 1517 1200 fuerit,
1581 1146 1758 1202 quam
1821 1126 1908 1184 sol

253 1229 545 1294 occupat:
593 1222 913 1294 Conceptio
970 1238 1104 1278 cum
1167 1238 1200 1276 a
1257 1221 1376 1277 sole
1451 1221 1517 1275 ad
1581 1218 1910 1290 quindecim

255 1317 458 1384 partes
489 1311 1096 1381 abscesserit:0rtus,
1129 1329 1261 1366 cum
1300 1305 1626 1382 μηνυειδῆς,
1669 1309 1776 1364 hoc
1826 1313 1915 1364 est

257 1402 494 1467 falcata,
524 1401 791 1458 lunatave
820 1401 1077 1457 secundo
1108 1402 1462 1472 apparuerit,
1503 1399 1592 1456 vel
1649 1416 1778 1455 cum
1840 1399 1910 1454 ad

257 1508 365 1547 sex
395 1496 686 1561 septemve
719 1496 913 1562 partes
964 1491 1350 1558 abscesserit;
1401 1487 1702 1561 Διχὸτομοι
1763 1489 1912 1555 duae,

257 1583 372 1637 hoc
403 1585 492 1636 est
523 1581 792 1644 dividuaa,
839 1597 968 1634 cum
1035 1581 1103 1636 ad
1169 1580 1522 1649 nonaginta:
1579 1576 1914 1654 ἀμφίκυρτα

268 1671 423 1739 duae,
463 1670 565 1724 hoc
596 1675 684 1724 est
718 1672 986 1740 utrinque
1015 1671 1292 1739 gibbosae,
1325 1686 1456 1724 cum
1490 1671 1559 1723 ad
1593 1669 1794 1737 viginti
1815 1683 1916 1722 su-

261 1777 370 1831 pra
401 1763 638 1813 centum
671 1776 684 1813 :
719 1755 1047 1834 πλησιφαεῖς
1079 1758 1187 1814 hoc
1216 1764 1308 1814 est
1366 1757 1760 1830 plenilunares
1809 1773 1912 1812 seu

269 1847 679 1918 perluminosaz
713 1850 860 1914 dum,
897 1864 1028 1903 cum
1063 1849 1132 1904 ad
1167 1854 1400 1903 centum
1455 1846 1912 1918 quinquaginta,

261 1932 605 2003 πανσέϐηνος
625 1955 723 1993 seu
752 1937 1136 2009 plenilunium
1164 1938 1502 2008 integraque
1535 1936 1685 1991 lunas
1717 1935 1910 2004 facies,
1947 1912 1991 1978 Β

259 2046 397 2086 cum
434 2031 504 2083 ad
542 2036 772 2084 centum
807 2029 1104 2100 octoginta
1135 2033 1334 2101 partes
1393 2027 1728 2084 abcesserit.
1764 2033 1912 2083 Duas

259 2125 460 2174 autem
494 2119 774 2184 diximus,
806 2119 911 2174 hoc
935 2124 1024 2174 est
1047 2136 1219 2174 unam
1243 2136 1368 2190 qua:
1391 2125 1635 2186 crescat,
1669 2117 1909 2172 alteram

249 2226 382 2279 quae
414 2209 668 2264 deﬁciat.
705 2207 962 2264 Duorum
1022 2225 1191 2280 porro
1249 2207 1478 2263 dierum
1538 2212 1595 2262 et
1647 2206 1912 2262 semissis

247 2299 444 2369 spatio
479 2300 780 2369 signorum
813 2300 1282 2371 unumquodque
1313 2298 1463 2354 luna
1497 2298 1800 2369 percurrit.

899 2425 1047 2481 CAP.
1089 2425 1264 2481 XVII.

257 2533 331 2587 De
358 2539 566 2603 septem
594 2534 945 2603 plum'tarum
982 2535 1126 2588 tonis
1157 2542 1209 2588 et
1239 2549 1424 2595 cursu,
1478 2549 1586 2586 una
1636 2550 1757 2587 tum
1807 2534 1910 2587 lori

333 2605 595 2659 Davidici
627 2606 832 2659 Psalm.
865 2621 983 2671 vni,
1019 2604 1040 2638 ⁸
1075 2621 1086 2654 :
1121 2605 1342 2659 Lunam
1374 2612 1429 2659 et
1455 2605 1654 2659 stellas
1687 2622 1810 2675 quae
1845 2611 1907 2659 tu

329 2677 613 2745 fundasti,
647 2675 1032 2747 explicatione.

330 2785 409 2838 Ex
438 2785 563 2855 ipsa
586 2781 908 2838 cmlestium
944 2785 1251 2856 globorum
1279 2783 1651 2840 universitate
1687 2788 1904 2855 septem

263 2875 533 2946 planetas
565 2890 690 2929 esse
723 2874 887 2928 aiunt
921 2874 1057 2945 :qui
1127 2881 1283 2928 motu
1345 2891 1378 2928 a
1435 2873 1648 2929 caelesti
1681 2874 1907 2929 diverso

256 2969 598 3020 moventur:
634 2980 748 3036 qua
780 2967 1001 3020 ratione
1034 2963 1398 3036 planetarum
1433 2980 1661 3036 quoque
1694 2979 1904 3020 nomen

250 3053 449 3125 adepti
482 3058 642 3109 sunt.
679 3053 821 3109 Nam
855 3070 986 3108 cum
1021 3053 1223 3108 emtum
1259 3053 1329 3107 ah
1362 3053 1592 3108 Oriente
1632 3054 1699 3108 ad
1754 3052 1910 3108 Occi-

263 3144 497 3199 dentem
560 3148 859 3199 moveatur
913 3160 926 3198 :
988 3141 1072 3198 illi
1125 3147 1323 3198 contra
1371 3144 1441 3198 ab
1500 3143 1807 3198 Occidente
1847 3142 1903 3197 in

259 3231 557 3288 Orientem
592 3232 934 3304 rapiuntur;
969 3231 1299 3304 ccelumque
1333 3235 1475 3288 adeo
1508 3232 1701 3305 ipsum
1753 3233 1905 3303 rapi-

265 3322 514 3377 dissimo
555 3339 660 3377 suo
709 3330 866 3377 motu
921 3327 1137 3394 septem
1203 3324 1462 3392 planetas
1511 3322 1910 3390 circumvehit,

265 3428 396 3483 quas
428 3411 522 3466 his
553 3412 725 3482 vulgo
760 3412 1102 3467 nominibus
1151 3417 1500 3467 censentur:
1555 3412 1672 3480 Sol,
1732 3417 1914 3477 Luna,

260 3499 516 3572 Jupiter,
550 3500 896 3571 Mercurius,
929 3503 1098 3569 Mars,
1135 3501 1345 3571 Venus,
1378 3502 1761 3558 Saturnus.ln
1795 3502 1918 3558 sin-

261 3589 423 3662 gulis
467 3594 660 3646 autem
693 3591 820 3646 caeli
853 3592 1012 3646 zonis
1039 3608 1191 3646 unus
1223 3590 1436 3663 aliquis
1463 3609 1493 3648 e
1523 3596 1743 3664 septem
1801 3593 1918 3664 pla-

265 3681 420 3734 netis
448 3679 731 3736 volvitur:
766 3680 821 3734 in
857 3679 1044 3752 prima
1075 3681 1329 3751 quidem,
1360 3700 1485 3753 qum
1535 3686 1591 3737 et
1621 3699 1917 3754 suprema,

262 3769 603 3827 Saturnus:
641 3772 697 3826 in
734 3771 1253 3843 secunda,Jupiter
1276 3791 1289 3829 :
1315 3773 1369 3828 in
1400 3774 1590 3839 tertia,
1623 3773 1776 3830 Mars
1811 3791 1823 3829 :
1859 3775 1917 3829 in

262 3864 505 3931 quarta,
537 3859 620 3916 sol
659 3878 671 3916 :
707 3861 764 3915 in
792 3861 1018 3931 quinta,
1052 3865 1286 3917 Venus:
1345 3863 1402 3917 in
1463 3868 1646 3931 sexta,
1696 3869 1919 3919 Mercu-

259 3950 432 4004 rius:
469 3949 527 4004 in
561 3951 828 4022 septima,
855 3968 984 4021 qua:
1014 3952 1275 4007 omnium
1312 3970 1541 4024 quoque
1577 3955 1778 4008 inﬁma
1808 3959 1916 4021 est,

251 4041 430 4098 luna.
465 4040 783 4114 Irrequieto
843 4043 1036 4115 itaque
1091 4049 1146 4099 et
1204 4045 1553 4100 indesinenti
1607 4063 1785 4103 cursu
1817 4046 1919 4104 de-

257 4136 610 4199 currunt,eo
634 4133 934 4202 nimirum,
969 4151 1144 4206 quem
1193 4135 1277 4192 eis
1311 4136 1514 4190 mundi
1559 4138 1755 4208 Opifex
1783 4149 1922 4208 prre‘

261 4222 481 4292 ﬁnivit,
513 4227 569 4279 et
599 4229 771 4296 prout
801 4223 933 4280 illos
965 4224 1246 4292 fundavit,
1283 4230 1346 4280 ut
1393 4225 1627 4282 divinus
1679 4225 1776 4281 ille
1809 4228 1920 4282 Da-

254 4313 430 4368 vides
455 4313 758 4380 exclamat,
790 4315 1001 4370 Lunam
1032 4319 1082 4369 et
1113 4315 1319 4381 stellas,
1347 4332 1465 4383 qua:
1498 4322 1560 4370 ιιι
1588 4315 1844 4388 fundasti
1864 4319 1913 4373 δε

255 4417 332 4456 eo
365 4402 521 4457 enim
553 4403 700 4474 quod
759 4403 1009 4474 fundasti
1057 4403 1218 4471 dixit,
1307 4403 1656 4460 soliditatem
1718 4405 1915 4477 utique

257 4489 761 4547 nulliobnoxiam
823 4491 1151 4562 mutationi,
1209 4493 1474 4548 ordinem
1535 4499 1832 4566 praeterea,
1859 4500 1916 4551 et

255 4577 462 4651 εἱρμὸν
491 4598 591 4636 seu
627 4581 1106 4636 consecutionem
1141 4580 1296 4637 illam
1332 4583 1643 4654 signiﬁcat,
1678 4602 1851 4658 quam
1879 4604 1912 4641 a

260 4672 379 4724 Deo
414 4676 780 4741 acceperunt.
816 4669 952 4726 Illas
982 4671 1134 4726 enim
1172 4671 1229 4726 in
1281 4677 1562 4743 tempore,
1610 4675 1664 4729 in
1727 4675 1911 4749 signa,

256 4767 322 4818 et
357 4763 412 4817 in
449 4779 631 4817 annos
664 4760 970 4834 disposuit.

902 4867 1054 4923 CAP.
1087 4869 1283 4927 XVIlI.

577 4977 652 5034 De
681 4979 918 5048 quatuor
947 4978 1173 5047 tropicis
1201 4977 1315 5034 sive
1345 4980 1606 5037 solstitiis.

340 5085 826 5155 Quandoquidem
860 5083 1113 5140 solstitia
1144 5093 1398 5157 quatuor
1430 5105 1532 5159 per
1569 5089 1745 5145 solem
1781 5107 1917 5146 con-

267 5178 614 5241 stituuntur,
649 5172 898 5244 primum
932 5173 1168 5244 quidem
1202 5191 1469 5244 vernum,
1502 5177 1560 5231 in
1621 5195 1737 5250 quo
1773 5185 1920 5236 Deus

265 5268 544 5322 universa
575 5265 813 5327 creavit,
846 5265 1014 5332 cujus
1075 5265 1312 5334 quidem
1373 5265 1450 5320 rei
1511 5266 1680 5322 flores
1738 5269 1794 5323 in
1854 5287 1920 5325 eo

262 5359 594 5415 etiamnum
621 5361 984 5427 emergentes
1006 5361 1062 5410 et
1085 5355 1442 5428 pullulantes
1496 5368 1648 5412 certo
1707 5360 1918 5414 indicio

263 5452 426 5514 sunt,
454 5447 566 5504 alio
599 5447 838 5502 nomine
869 5445 1194 5503 solstitium
1230 5446 1633 5518 aequinoctiale
1689 5448 1921 5517 dicitur,

268 5539 427 5610 quod
462 5542 616 5596 certe
639 5537 752 5594 diei
779 5535 1052 5610 noctique
1093 5537 1396 5593 duodecim
1446 5537 1622 5595 horas
1661 5554 1726 5594 ex
1759 5555 1923 5612 aequo

339 5728 362 5769 ⁸
388 5726 556 5786 Vere.
586 5726 643 5785 5.

2015 613 2183 684 justa
2214 617 2491 688 temperie
2543 617 2842 688 praeditum
2902 621 3010 684 est,
3072 616 3414 688 sanguinem
3476 619 3673 687 auget,

2025 704 2196 760 calidi
2229 712 2285 761 et
2319 707 2542 762 humidi
2579 708 3082 781 partieeps,hiemi
3107 707 3357 778 denique
3379 713 3434 762 et
3484 707 3672 760 testati

2024 794 2282 849 medium
2317 797 2667 867 interjacet:
2727 797 2829 852 illa
2885 799 3118 868 quidem
3181 797 3424 851 calidius
3482 801 3539 850 et
3567 795 3674 850 sic-

2025 882 2172 948 cius,
2206 883 2314 940 hac
2347 903 2478 941 vero
2511 887 2798 959 frigidius.
2833 893 2910 942 Ea
2946 905 3115 960 porro
3176 887 3309 941 anni
3370 903 3504 956 pars
3537 903 3562 938 a
3592 884 3669 937 vi-

2024 974 2241 1030 cesimo
2275 981 2458 1046 primo
2489 979 2582 1032 die
2606 979 2788 1032 Martii
2824 980 2891 1032 ad
2923 978 3082 1034 Junii
3116 977 3457 1032 vicesimum
3495 992 3670 1046 quar-

2025 1068 2170 1118 tum.
2209 1065 2425 1119 Deinde
2460 1065 2598 1121 solis
2628 1071 2755 1121 ortu
2791 1068 3027 1139 paulum
3060 1067 3336 1133 exaltato,
3389 1066 3466 1119 ita
3523 1071 3585 1118 ut
3617 1064 3673 1118 in

2025 1154 2538 1222 septentrionalem
2571 1155 2800 1228 plagam
2861 1162 3080 1228 vergat,
3137 1155 3392 1227 tropicus
3443 1154 3676 1207 aestivus

2025 1243 2308 1310 succedit,
2341 1261 2434 1298 ver
2491 1249 2547 1300 et
2597 1251 2947 1302 autumnum
3009 1246 3238 1301 medius
3286 1245 3669 1312 intersecans,

2023 1331 2179 1385 etab
2220 1331 2316 1387 illo
2345 1333 2616 1402 calorem,
2672 1336 2744 1389 ab
2802 1334 2911 1390 hoc
2972 1335 3154 1406 frigus
3212 1333 3477 1405 percipit,
3541 1349 3669 1386 nam

2025 1421 2246 1476 calidus
2277 1428 2333 1477 et
2363 1423 2554 1479 siccus
2613 1429 2722 1492 est,
2782 1425 2987 1480 ﬂavam
3047 1424 3218 1478 bilem
3281 1429 3476 1494 auget.
3531 1424 3671 1492 Ejus

2025 1525 2197 1579 porro
2221 1512 2511 1566 maximus
2537 1513 2660 1567 dies
2687 1514 2842 1568 horis
2880 1512 3234 1584 quindecim,
3268 1530 3378 1567 nox
3432 1512 3672 1567 minima

2027 1615 2227 1654 novem
2263 1601 2537 1656 horarum
2576 1602 2906 1658 interstitiis
2938 1603 3273 1658 absolvitur.
3309 1603 3434 1673 Ipse
3475 1608 3667 1656 autem

2025 1688 2244 1743 aJunii
2296 1692 2572 1746 vicesima
2631 1700 2839 1764 quarta
2893 1691 2965 1746 ad
3023 1691 3349 1746 vicesimam
3405 1693 3667 1761 quintam

2025 1778 2382 1850 Septembris
2410 1783 2667 1850 procedit
2691 1799 2704 1838 :
2732 1794 2856 1837 tum
2882 1781 3091 1836 deinde
3114 1781 3220 1836 sub
3244 1779 3502 1835 medium
3533 1779 3670 1833 solis

2026 1869 2096 1921 ad
2132 1885 2235 1922 nos
2259 1869 2554 1926 redeuntis
2586 1880 2772 1926 ortum
2798 1873 3056 1942 tropicus
3099 1870 3456 1925 autumnalls
3489 1868 3666 1923 vicem

2021 1957 2240 2027 aestivo,
2278 1964 2499 2014 retenta
2540 1961 2792 2031 quadam
2828 1960 3017 2031 frigidi
3051 1971 3100 2014 et
3153 1959 3346 2026 calidi,
3416 1958 3670 2028 itemque

2021 2047 2158 2101 sicci
2196 2053 2250 2102 et
2274 2047 2500 2103 humidi
2536 2052 2955 2116 moderatione,
2989 2051 3252 2119 rependit
3284 2067 3296 2103 :
3349 2058 3514 2118 atque
3573 2065 3674 2101 ms-

2020 2136 2135 2191 tivo
2169 2137 2405 2208 quidem
2440 2139 2801 2211 hibernoque
2868 2140 3110 2212 tropicis
3163 2137 3546 2205 intermediis,
3600 2138 3670 2191 ab

2019 2225 2118 2280 illo
2152 2227 2426 2298 calorem,
2461 2230 2532 2283 ab
2564 2230 2673 2284 hoc
2705 2229 3084 2299 {rigiditatem
3146 2233 3482 2282 mutuatur:
3534 2244 3665 2280 nam

2020 2317 2266 2389 frigidus
2297 2326 2355 2374 et
2385 2320 2575 2376 siccus
2607 2325 2716 2384 est,
2779 2328 3082 2392 atramque
3135 2319 3306 2374 bilem
3342 2323 3532 2388 auget.
3564 2317 3668 2374 llic

2019 2405 2169 2462 alter
2225 2408 2653 2480 aequinoctialis
2711 2411 2967 2481 trepicus
3030 2409 3252 2464 diurnis
3311 2407 3472 2462 horis
3526 2407 3638 2462 duo

2017 2497 2226 2565 decim,
2286 2499 2648 2571 totidemque
2708 2500 3011 2556 nocturnis
3071 2502 3317 2564 constat,
3404 2504 3577 2566 atque
3635 2513 3668 2551 a

2015 2585 2369 2656 Septembris
2399 2589 2676 2644 vicesima
2707 2589 2916 2660 quinta
2955 2589 3025 2642 ad
3071 2587 3407 2642 Decembris
3466 2586 3666 2640 vicesi-

2018 2689 2171 2728 mam
2207 2675 2470 2746 quintam
2506 2679 2882 2749 protrahitur.
2915 2681 3057 2733 Cum
3090 2692 3221 2732 vero
3254 2675 3340 2730 sol
3385 2675 3454 2730 ad
3491 2673 3663 2728 mini-

2015 2779 2178 2818 mum
2214 2765 2597 2837 intimuuique
2629 2767 2738 2824 hoc
2770 2772 2860 2822 est
2891 2767 3275 2822 meridianum
3311 2772 3502 2820 ortum
3531 2781 3663 2833 pro-

2017 2853 2214 2924 lapsus
2269 2862 2378 2926 est,
2431 2859 2666 2913 tandem
2726 2858 2984 2929 tropicus
3044 2857 3324 2913 hibernus
3397 2857 3663 2925 emergit,

2015 2944 2264 3017 frigidus
2287 2947 2520 3017 quidem
2547 2948 2643 3002 ille
2666 2954 2722 3004 et
2743 2948 3045 3016 humidus,
3078 2948 3296 3021 quique
3341 2943 3672 3002 autumnali

2019 3039 2272 3091 etverno
2306 3038 2534 3093 medius
2567 3038 2892 3108 interjacel,
2948 3038 3105 3094 illius
3163 3037 3399 3110 quidem
3453 3035 3675 3106 frigidi-

2018 3129 2216 3193 tatem,
2249 3125 2426 3198 hujus
2478 3143 2608 3182 vero
2656 3128 2906 3188 calorem
2931 3144 2999 3183 ex
3029 3144 3192 3198 aequo
3216 3127 3494 3182 referens.
3526 3124 3667 3178 Tro-

2020 3214 2135 3284 pici
2166 3215 2346 3287 hujus
2379 3218 2502 3273 dies
2535 3217 2782 3273 minima
2841 3235 3044 3274 novem
3105 3217 3401 3282 horarum,
3449 3230 3674 3286 noxque

2027 3305 2281 3359 maxima
2303 3306 2629 3376 quindecim
2652 3309 2841 3378 spatio
2865 3307 3154 3364 decurrit:
3182 3307 3451 3379 pituitam
3485 3309 3674 3372 auget,

2025 3411 2058 3448 a
2099 3393 2548 3468 Decembrisque
2580 3397 2858 3452 vicesima
2888 3397 3091 3468 quinta
3118 3397 3190 3452 ad
3233 3394 3421 3451 Martii
3469 3394 3676 3450 vicesi-

2027 3499 2179 3538 mam
2206 3485 2448 3554 primam
2483 3486 2832 3542 extenditur.
2865 3487 3168 3558 Sapienter
3220 3485 3373 3541 enim
3415 3485 3485 3539 ab
3547 3485 3676 3555 ipso

2027 3573 2227 3627 mundi
2261 3573 2476 3645 Opiﬁce
2509 3573 2803 3646 provisum
2867 3581 2976 3642 est,
3039 3592 3108 3630 ne
3161 3575 3231 3629 ab
3288 3579 3542 3629 extremo
3583 3569 3674 3626 vel

2027 3661 2216 3717 calore
2247 3663 2328 3718 vel
2374 3665 2606 3736 frigore,
2665 3664 2754 3720 vel
2813 3666 3096 3732 siccitate,
3154 3663 3241 3718 vel
3299 3662 3673 3726 humiditate,

2027 3753 2086 3806 in
2117 3757 2432 3808 extremam
2465 3753 2892 3809 contrariarum
2927 3753 3273 3824 qualitatum
3300 3748 3549 3818 aliquam
3575 3750 3678 3801 de.

2025 3844 2154 3908 lati,
2189 3842 2247 3896 in
2299 3845 2587 3912 graviores
2645 3843 2872 3915 aliquot
2928 3843 3160 3898 morbos
3219 3841 3672 3895 incurrereinus.

2027 3933 2174 3990 Nam
2199 3933 2512 4004 repentina:
2546 3934 2890 3987 mutationes
2951 3930 3290 4004 periculosae
3338 3933 3395 3983 et
3435 3927 3672 3982 lubricae

2025 4023 2199 4093 vulgo
2232 4022 2518 4077 leruntur.
2553 4021 2668 4076 Hoc
2699 4021 2898 4092 itaque
2957 4025 3124 4091 pacto
3184 4019 3269 4074 sol
3311 4017 3585 4088 tropicos,
3620 4024 3678 4072 et

2027 4129 2130 4186 per
2159 4128 2260 4167 eos
2312 4128 2556 4175 annum,
2587 4111 2712 4166 dies
2760 4109 3010 4181 denique
3056 4114 3368 4177 noctesque
3417 4105 3676 4178 digerit;

2027 4201 2156 4257 illos
2187 4202 2421 4272 quidem
2457 4206 2580 4256 ortu
2616 4217 2722 4256 suo
2751 4214 3042 4271 supraque
3067 4202 3279 4253 terram
3307 4201 3530 4262 vectus,
3565 4197 3672 4252 has

2023 4309 2153 4348 vero
2184 4308 2317 4347 cum
2343 4291 2726 4347 subterranea
2757 4290 2879 4345 loca
2912 4291 3180 4360 permeat,
3213 4286 3455 4358 aliisque
3489 4285 3667 4340 lumi-

2026 4383 2288 4450 naribus,
2321 4382 2490 4451 lunai,
2523 4381 2787 4452 inquam,
2848 4384 2905 4436 et
2962 4379 3164 4447 stellis,
3225 4378 3508 4450 fulgorem
3554 4377 3666 4431 im-

2020 4475 2213 4548 pertit.

2671 4579 2827 4635 CAP.
2870 4579 3015 4635 XIX.

2376 4697 2570 4767 Signa,
2599 4714 2813 4754 menses
2841 4706 2892 4753 et
2915 4693 3312 4771 npovaunxa’z.

2091 4819 2362 4876 Caelestis
2394 4837 2566 4891 porro
2597 4819 2766 4892 signa
2795 4835 2864 4873 ex
2919 4816 3107 4873 stellis
3146 4820 3202 4871 et
3249 4816 3380 4887 ipsa
3427 4814 3677 4870 conﬂata

2022 4915 2457 4983 esse,motuque
2490 4909 2619 4978 soli,
2663 4911 2836 4975 lunas,
2871 4912 2927 4963 et
2957 4905 3194 4976 reliquis
3253 4905 3509 4975 quinque
3551 4903 3676 4972 pla-

2023 5000 2173 5054 netis
2210 5000 2496 5056 contrario
2530 4997 2746 5053 moveri
2780 4996 2970 5061 aiunt,
3031 4997 3230 5065 utpote
3283 5009 3409 5062 quae
3455 4995 3675 5057 septem

2022 5087 2135 5160 ipsi
2166 5089 2408 5159 planetas
2442 5091 2802 5160 percurrent.
2841 5087 3041 5154 Itaque
3079 5081 3164 5137 sol
3205 5083 3261 5136 in
3325 5094 3675 5151 unoquoque

2025 5180 2188 5250 signo
2220 5197 2478 5235 mensem
2515 5183 2806 5248 integrum
2853 5177 3220 5236 immoratur,
3249 5171 3674 5241 duodecimque

2026 5270 2328 5325 mensibus
2377 5272 2544 5335 signa
2565 5269 2806 5322 totidem
2835 5265 3138 5337 percurrit,
3162 5279 3408 5334 quorum
3437 5263 3671 5334 quidem

2026 5369 2198 5430 atque
2223 5359 2510 5414 mensium
2538 5357 2654 5411 illis
2681 5353 3062 5426 peculiarium
3095 5352 3217 5407 haec
3242 5355 3476 5407 nomina
3501 5356 3672 5408 sunt:

2025 5448 2187 5505 Aries
2223 5448 2386 5502 Marii
2420 5446 2636 5502 mentis
2658 5443 3064 5515 vicesimadie,
3113 5443 3344 5498 Taurus
3403 5445 3676 5499 vicesima

2031 5538 2199 5595 tertia
2230 5537 2471 5611 Aprilis,
2503 5535 2729 5592 Gemini
2761 5534 3037 5592 vicesima
3067 5533 3238 5592 tertia
3273 5532 3430 5600 Maii,
3463 5535 3679 5591 Cancer
