4066 6208
493 363 648 423 1115

1791 355 2103 418 ΝΙΟΕἸἊΕ
2149 354 2584 414 ΟΗΟΝΙΑΤΑΞ

3709 357 3818 417 1116

493 493 772 550 vicesima
803 496 1012 566 quarta
1040 492 1228 560 Junii,
1264 493 1370 548 Leo
1400 490 1675 547 vicesima
1715 490 1921 562 quinta
1975 487 2139 554 Julii,
2171 487 2221 553 Α,
2255 486 2452 550 vidua,
2485 494 2534 540 et
2569 483 2908 561 ἀμφίκυρτος
2936 483 3200 555 utrinque
3231 482 3474 554 gibbcsa
3529 487 3580 539 et
3631 491 3819 554 repanda

496 583 668 653 Virgo
713 584 989 638 vicesima
1047 583 1246 654 quinta
1303 582 1570 653 Augusti,
1639 580 1810 636 Libra
1867 578 2142 633 vicesima

498 673 702 744 quinta
740 672 1114 743 Septembris,
1159 673 1411 742 Scorpus
1459 670 1735 725 vicesima
1791 669 1995 739 quinta
2033 669 2138 719 Oc.

496 763 701 829 tcbris,
761 761 1104 831 Sagittarius
1157 762 1432 817 vicesima
1516 763 1718 831 quinta
1779 754 2139 811 Novembris.

493 849 884 921 Capricornus
915 851 1190 906 vicesima
1219 851 1422 922 quinta
1467 849 1816 913 Decembris,
1849 844 2140 916 Aquarius

494 941 777 996 vicesima
806 940 1090 1006 Januarii,
1150 941 1344 996 Pisces
1405 940 1654 1011 denique
1713 936 1989 990 vrcesima
2039 933 2141 987 Fe-

499 1031 721 1086 bruarii
754 1032 931 1087 solem
959 1031 1272 1100 excipiunt.
1316 1029 1577 1102 Singulis
1606 1036 1797 1084 autem
1841 1023 2140 1080 mensibus

498 1120 639 1175 luna
671 1119 978 1174 duodecim
1027 1118 1253 1174 Zodiaci
1308 1118 1478 1188 signa
1540 1115 1845 1187 percurrit,
1903 1117 1965 1167 ut
2019 1127 2142 1183 quae

500 1207 671 1282 longe
700 1209 815 1264 illis
845 1208 1083 1264 inferior
1112 1219 1163 1264 et
1194 1209 1542 1265 citatissimo
1601 1210 1727 1280 ipsa
1774 1220 1947 1260 cursu
1999 1219 2143 1274 prae-

500 1301 851 1356 tervehatur.
885 1301 1386 1366 Quemadmodum
1443 1300 1597 1355 enim
1658 1297 1706 1353 si
1764 1293 1979 1350 circulo
2029 1293 2141 1347 cir-

499 1391 692 1446 culum
756 1393 1002 1457 inseras,
1061 1393 1304 1448 interior
1350 1392 1627 1447 exteriore
1706 1391 1892 1444 minor
1949 1389 2146 1457 depre-

499 1481 798 1546 henditur,
835 1482 909 1536 ita
941 1487 994 1536 ct
1028 1483 1198 1550 luam,
1230 1488 1508 1554 tanquam
1569 1478 1883 1544 inferioris,
1945 1492 2143 1531 rursus

501 1570 680 1625 multo
715 1573 1069 1626 contractior
1098 1576 1208 1642 est,
1242 1571 1592 1640 citatiusque
1619 1569 1797 1622 multo
1817 1564 2141 1620 coniicitur.

497 1664 627 1720 Jam
659 1681 726 1718 ex
757 1669 1045 1718 astrorum
1115 1661 1450 1731 hujusmcdi
1511 1667 1638 1713 ortu
1699 1665 1753 1713 et
1789 1673 2018 1724 occasu,
2051 1669 2140 1710 ac-

501 1755 760 1809 cessibus
783 1757 839 1808 et
871 1751 1221 1814 recessibus,
1253 1751 1370 1805 imo
1429 1749 1599 1804 etiam
1638 1745 2144 1818 progressionibus

2246 581 2355 632 est.
2386 578 2528 631 Nam
2566 577 2651 632 vel
2687 577 2934 631 dimidia
2975 575 3190 643 minus,
3226 574 3312 628 vel
3348 574 3675 639 dimidia,vel
3692 581 3814 635 etiam

2249 665 2382 738 plus
2418 683 2595 737 quam
2631 667 2878 722 dimidia
2906 668 2996 722 sui
3034 674 3194 738 parte
3235 664 3600 721 illuminatur.

2906 804 3061 858 CAP.
3095 803 3242 858 XXI.

2931 925 3012 975 De
3039 935 3235 976 vacuo.

2323 1036 2813 1108 Philosophorum
2852 1042 3128 1107 praeterea
3158 1033 3423 1090 nonnulli
3447 1051 3664 1090 vacuum
3685 1041 3817 1107 quod-

2250 1125 2385 1179 dam
2419 1126 2598 1181 etiam
2631 1124 3100 1191 introduxerunt,
3142 1124 3320 1194 idque
3376 1140 3596 1194 corpore
3645 1142 3816 1196 prorsus

2249 1215 2621 1281 destitutum,
2655 1215 2823 1284 quasi
2857 1215 3157 1285 quoddam
3216 1213 3396 1268 chaos
3450 1214 3708 1270 inﬁnitum
3751 1219 3815 1271 de-

2252 1311 2610 1368 monstrant,
2641 1305 2920 1375 idemque
2952 1309 3085 1359 ante
3119 1305 3408 1358 mundum
3443 1304 3601 1360 luisse
3647 1311 3816 1360 conten-

2251 1394 2396 1449 dunt
2429 1411 2442 1448 :
2477 1394 2686 1449 creatis
2719 1394 2933 1448 deinde
2972 1393 3283 1448 elementis
3341 1393 3592 1448 universa
3639 1411 3815 1465 corpu-ra

2251 1485 2473 1538 ambitu
2503 1490 2561 1538 et
2590 1483 3077 1538 circumvectione
3117 1482 3251 1537 coeli
3297 1482 3688 1550 cencluserunt,
3715 1483 3814 1538 nihil

2253 1574 2495 1628 interius
2526 1573 2690 1628 vacui
2728 1573 3146 1643 relinquentes.
3191 1572 3357 1638 Quod
3402 1578 3576 1626 autem
3625 1574 3816 1627 exterius

2250 1668 2358 1726 est,
2395 1668 2569 1733 atque
2599 1667 2740 1718 adeo
2771 1665 2933 1717 extra
2962 1663 3150 1733 ipsam
3187 1661 3315 1716 cmli
3341 1661 3813 1728 circumvectionem,

2251 1753 2306 1808 id
2341 1759 2576 1807 demum
2608 1767 2773 1806 omne
2802 1768 3050 1806 vacuum
3083 1766 3238 1817 esse,
3273 1757 3330 1805 et
3367 1751 3652 1817 inﬁnitum,
3679 1768 3814 1821 quan-

499 1853 556 1900 et
587 1842 1044 1914 regressicnihus
1102 1840 1500 1896 Chaldaeorum
1564 1843 1620 1892 et
1659 1836 2008 1899 Graecorum,
2043 1835 2139 1889 in-
2174 1849 2220 1914 Β
2253 1847 2376 1898 tum
2411 1842 2544 1913 quis
2576 1842 2636 1897 in
2670 1842 2896 1897 inﬁnito
2927 1842 3052 1897 ιοοο
3085 1841 3397 1912 imaginari
3429 1841 3612 1912 possit,

498 1950 672 2005 super
703 1939 760 1987 et
791 1932 1106 2002 impiorum
1140 1927 1562 1999 astrologorum
1615 1925 1693 1998 ('3)
1751 1925 1848 1978 alii
1907 1924 2142 1994 quidem

498 2040 591 2079 res
621 2021 908 2076 humanas
940 2019 1060 2089 regi
1118 2023 1174 2072 et
1227 2015 1563 2089 gubernari,
1594 2015 1691 2069 alii
1738 2030 1891 2080 vero,
1927 2012 2031 2083 qui
2088 2015 2146 2068 et

503 2112 904 2174 modestiores,
963 2107 1397 2164 Christianismi
1455 2104 1673 2161 scilicet
1740 2109 2016 2176 praetextu
2077 2119 2146 2157 ex

499 2202 709 2257 iisdem
744 2201 1073 2256 futurorum
1110 2197 1274 2268 signa
1303 2196 1431 2252 elici
1456 2193 1937 2251 al'ﬁrmant.Unde
1970 2194 2143 2248 etiam

498 2291 912 2358 Arietinorum,
944 2288 1354 2350 Taurinorum,
1389 2290 1445 2340 et
1485 2291 1820 2340 cmterorum
1875 2281 1928 2336 id
1962 2298 2145 2350 genus

501 2383 740 2436 nomina
765 2380 972 2451 priscrs
1005 2378 1366 2446 temporibus
1399 2383 1618 2429 ratione
1659 2375 1938 2444 cujusque
1996 2371 2145 2442 signi

500 2470 717 2538 habita,
745 2487 858 2542 quo
891 2469 1142 2540 quisque
1174 2465 1464 2538 perruptis
1497 2464 1606 2519 alvi
1651 2468 1924 2518 materna:
1983 2462 2143 2518 clau-

502 2560 640 2616 stris
673 2558 854 2614 solem
885 2558 1175 2630 objectum
1210 2556 1470 2622 haberet,
1501 2553 1885 2609 inoleverunt.

1169 2673 1325 2730 CAP.
1359 2673 1474 2728 XX.

749 2808 827 2860 De
857 2802 1150 2859 stellarum
1180 2805 1349 2856 motu.
1383 2802 1622 2871 Itemque
1650 2798 1715 2854 de
1741 2799 1895 2854 luna.

578 2930 823 2997 Quidam
841 2927 1316 3000 philosophorum
1339 2926 1454 2980 haec
1478 2941 1707 2997 quoque
1745 2925 1816 2978 de
1846 2921 2149 2978 stellistra-

503 3020 988 3088 diderunt.Atque
1020 3017 1346 3072 inerrantes
1377 3014 1612 3086 quidem
1670 3013 1871 3068 stellas
1929 3012 2146 3068 Aristo-

505 3105 644 3163 teles
675 3122 925 3177 eumque
957 3103 1162 3172 secuti,
1194 3103 1335 3160 ccelo
1367 3103 1568 3158 afﬁxas
1599 3118 1749 3166 esse,
1781 3105 1837 3156 et
1889 3101 1969 3157 ita
2017 3117 2146 3157 cum

2891 1986 3049 2041 CAP.
3085 1985 3257 2042 XXII.

2500 2101 2723 2174 Ecqucd
2753 2103 3079 2158 elementum
3109 2107 3296 2173 primo
3321 2101 3640 2174 productum.

2322 2219 2405 2274 Ad
2440 2219 2559 2272 haec
2587 2218 2778 2274 Moses
2807 2219 3068 2290 quidem,
3117 2218 3217 2274 cui
3273 2234 3335 2273 se
3396 2219 3533 2272 Deus
3573 2216 3807 2271 videndum

2254 2307 2519 2379 praebuit,
2551 2308 2610 2362 in
2640 2314 2769 2362 ortu
2804 2307 3008 2362 mundi
3040 2308 3187 2362 caelo
3217 2312 3275 2362 et
3303 2311 3462 2362 terra:
3493 2305 3678 2377 primas
3705 2305 3810 2359 assi-

2253 2403 2414 2470 gnat.
2449 2397 2778 2453 Grmcorum
2814 2413 2945 2452 vero
2973 2398 3274 2468 sapientes
3307 2394 3416 2450 alia
3443 2395 3498 2450 in
3529 2395 3698 2449 haeresi
3724 2395 3810 2446 fue-

2253 2497 2393 2541 runt
2425 2503 2438 2541 :
2473 2502 2724 2557 quorum
2759 2485 2854 2540 alii
2916 2491 3131 2541 terram
3202 2485 3385 2557 primo
3441 2484 3571 2552 loco,
3599 2489 3808 2554 tanquam

2254 2576 2506 2632 celestis
2531 2575 2690 2631 orbis
2713 2584 2976 2631 centrum
3001 2580 3295 2630 statuunt.
3330 2573 3746 2644 Quandoquidem
3772 2572 3810 2624 in

2254 2665 2438 2721 solido
2470 2665 2685 2720 circulo
2712 2670 2975 2722 centrum
3007 2665 3174 2735 prius
3206 2669 3263 2721 et
3301 2664 3578 2735 antiquius
3623 2669 3707 2717 est.
3731 2659 3810 2714 Alii

2256 2771 2387 2810 vero
2406 2754 2610 2810 mundi
2641 2754 3079 2810 universitatem
3122 2754 3189 2809 in
3241 2758 3481 2825 quatuor
3522 2751 3750 2807 elementa
3771 2752 3810 2802 et

2257 2843 2525 2915 quintum
2560 2859 2770 2914 corpus
2800 2842 3033 2899 cceleste
3074 2843 3388 2898 dividunt:
3443 2841 3808 2898 elementorum-

2255 2948 2368 3004 que
2399 2933 2706 2999 tetradern,
2741 2949 2843 2987 seu
2876 2932 3351 3002 quaternionem,
3381 2933 3446 2986 ab
3501 2931 3608 3002 ipso
3655 2927 3810 2983 ethera

2257 3018 2471 3074 moveri
2515 3024 2846 3074 autumant.
2906 3019 3161 3075 [Etheris
3224 3036 3392 3092 porro
3447 3015 3807 3091 pulcherrimam

2256 3113 2476 3180 partem
2509 3107 2716 3164 cmlum
2776 3125 2926 3176 esse,
2983 3109 3136 3180 quod
3203 3109 3389 3180 primo
3439 3107 3592 3162 etiam
3641 3104 3734 3160 loco
3769 3101 3808 3155 in

501 3195 602 3252 i110
658 3195 1009 3290 Oll‘c_llmV8hi
1059 3197 1352 3290 Βεεϐτξωῐν
1406 3197 1475 3290 ,υἱ
1529 3191 1602 3290 tib
1651 3189 1750 3290 illo
1812 3189 2001 3245 divelli
2043 3207 2139 3290 Ile-
2182 3222 2224 3290 α
2259 3217 2452 3254 rerum
2488 3206 2757 3255 naturam
2793 3200 3141 3270 productum
3180 3195 3805 3264 arbitrantur.Quicunque

503 3290 740 3356 queant.
771 3285 967 3355 Itaque
988 3299 1116 3339 curn
1135 3282 1342 3338 cmlum
1368 3283 1439 3336 ab
1457 3284 1586 3337 ortu
1639 3281 1707 3334 ad
1755 3296 2024 3336 occasum
2061 3281 2140 3335 l'e-

505 3380 689 3441 ratur,
723 3375 925 3429 eodem
957 3374 1126 3429 etiam
1159 3372 1289 3428 illas
1311 3388 1440 3427 cum
1484 3369 1697 3425 caelesti
1746 3386 1985 3440 corpore
2019 3385 2144 3424 mc-

502 3464 1090 3520 verizerrantesvero
1113 3462 1311 3518 divina
1359 3459 1740 3515 moderatrice
1789 3458 2147 3530 providentia

504 3555 791 3613 contrario
824 3564 1004 3624 motu,
1051 3554 1289 3626 parique
1345 3551 1502 3607 velut
1559 3551 1908 3606 libramento
1965 3552 2144 3607 obﬁr-

503 3652 691 3702 matas
721 3653 920 3701 contra
952 3643 1056 3700 nlti
1089 3661 1102 3700 :
1138 3659 1209 3698 ne
1251 3643 1394 3698 forte
1451 3642 2034 3697 circumvectionibus
2089 3645 2146 3699 et

504 3733 1122 3792 circumvolutionibus
1149 3729 1406 3786 assiduis
1433 3730 1899 3801 confringantur,
1926 3730 2144 3802 proprii

507 3824 908 3895 naturalisque
942 3827 1136 3877 motus
1169 3821 1412 3889 ratione,
1437 3837 1552 3891 quo
1604 3821 1675 3876 ab
1737 3821 2046 3877 Occidente
2087 3823 2144 3877 in

505 3913 800 3971 Orientem
832 3911 1164 3984 rapiuntur,
1196 3925 1520 3981 rursusque
1541 3910 1615 3964 ab
1635 3909 1869 3965 Oriente
1902 3911 1959 3965 in
1985 3909 2143 3967 Occi-

505 4004 738 4060 dentem
771 4018 886 4058 una
917 4017 1046 4056 cum
1081 3999 1223 4057 caelo
1281 4000 1648 4055 revebuntur.
1709 4000 1786 4054 Ex
1843 4017 1959 4070 quo
1999 4000 2144 4068 ﬁeri,

507 4099 572 4149 ut
598 4092 683 4149 sol
717 4103 873 4148 motu
908 4091 1141 4165 proprio
1169 4107 1327 4146 nunc
1359 4090 1428 4145 ad
1472 4089 1958 4160 Septentrionem,
1995 4107 2148 4146 nunc

507 4185 575 4240 ad
612 4182 904 4239 Meridiem
941 4197 1184 4253 vergens
1216 4189 1464 4251 quatuor
1510 4179 1647 4234 anni
1695 4189 1955 4252 tempora
1986 4196 2150 4236 com-

508 4272 660 4346 pleat
692 4288 703 4327 :
737 4273 833 4343 qui
867 4271 1020 4326 idem
1061 4285 1195 4326 cum
1229 4269 1372 4325 ccelo
1403 4269 1475 4325 ab
1507 4268 1739 4324 Oriente
1770 4271 1827 4324 in
1875 4267 2149 4326 Occideno

509 4366 624 4419 tem
656 4362 885 4416 delatus
915 4359 1140 4415 dierum
1169 4364 1226 4415 et
1269 4358 1520 4414 noctium
1581 4358 1926 4414 discrimina
1983 4359 2150 4432 parit.

509 4448 896 4506 Inerrantium
934 4463 1100 4519 porro
1129 4445 1429 4500 stellarum
1477 4445 1696 4498 nullam
1746 4461 1893 4516 esse,
1928 4446 2150 4503 nullam

510 4554 743 4610 quoque
773 4537 1116 4599 errantium,
1179 4533 1320 4588 luna
1376 4533 1655 4586 duntaxat
1707 4541 1966 4606 excepta,
2023 4553 2149 4608 qua:

508 4623 912 4682 lumenasole
980 4626 1318 4677 mutuetur:
1379 4627 1724 4691 quaprOpter
1782 4625 1956 4678 etiam
2017 4641 2148 4695 pars

509 4717 633 4786 ejus
685 4713 976 4769 illustrata
1059 4709 1241 4765 solem
1311 4724 1544 4780 semper
1597 4713 1902 4766 adversum
1965 4712 2152 4770 habet.

510 4805 709 4876 Neque
741 4817 872 4858 vero
903 4815 1160 4872 unquam
1194 4801 1335 4853 luna
1374 4814 1612 4869 prorsus
1661 4797 1900 4856 luminis
1948 4818 2155 4875 eXpers

507 4900 618 4964 est,
649 4895 745 4949 sed
782 4890 1123 4949 semilunari
1170 4887 1392 4943 lumine
1431 4903 1662 4960 semper
1708 4888 1925 4946 illucet.
1972 4892 2152 4964 lgitur

508 4986 568 5042 in
609 4984 872 5058 synodis,
903 4998 1004 5038 seu
1037 4977 1547 5050 conjunctionibus
1604 4979 1819 5048 gibbus
1874 4982 2001 5049 ejus
2057 4981 2154 5038 ille

505 5076 674 5132 nobis
705 5075 970 5144 objectus
1031 5069 1254 5125 lumine
1313 5072 1504 5123 caret:
1565 5073 1761 5123 vertex
1816 5085 1949 5124 vero
1981 5087 2152 5140 supe-

505 5164 986 5222 riorluminosus
1043 5165 1151 5216 est.
1214 5159 1272 5213 In
1330 5155 1664 5230 pleniluniis
1721 5162 1914 5213 autem
1968 5163 2149 5217 totum

501 5257 761 5326 ejusdem
799 5254 948 5326 quod
982 5257 1036 5307 in
1065 5267 1170 5307 nos
1192 5246 1857 5319 vergithemisphmrium
1883 5247 2151 5306 collucet.

503 5360 608 5399 nec
649 5344 919 5414 superius
949 5341 1096 5396 lucis
1151 5355 1350 5396 exsors
1406 5340 1514 5392 est.
1558 5335 1661 5392 Illo
1707 5353 1837 5393 vero
1892 5343 2154 5411 tempore

502 5433 654 5486 uuod
689 5434 1164 5501 conjunctionem
1186 5434 1244 5483 et
1274 5425 1661 5499 plenilunium
1697 5426 2150 5501 interjacet,pro-

502 5523 631 5575 uta
660 5520 781 5575 sole
832 5519 1031 5588 distat,
1096 5513 1392 5590 μηνοειδὴς
1458 5517 1679 5586 lunata,
1713 5511 2017 5594 διχότομος
2065 5518 2150 5575 di-

2255 3295 2446 3346 autem
2481 3289 2802 3361 ingenitum
2835 3305 2964 3344 esse
2997 3291 3288 3344 mundum
3321 3288 3671 3349 asseruerunt,
3697 3281 3802 3335 idem

2252 3395 2484 3451 quoque
2515 3395 2586 3434 ex
2613 3379 3030 3450 consequentia
3061 3379 3130 3433 de
3175 3379 3302 3450 ipsa
3358 3375 3682 3432 universitate
3713 3385 3802 3424 sen-

2253 3474 2474 3526 serunt.
2506 3469 2699 3525 Potior
2729 3462 2860 3524 vero
2893 3467 3180 3526 sententia
3213 3467 3358 3524 mihi
3402 3467 3618 3530 videtur,
3644 3468 3692 3517 ut
3721 3476 3801 3514 cca-

2253 3558 2374 3615 lum
2403 3563 2686 3630 tanquam
2721 3575 2931 3628 corpus
2965 3558 3342 3631 praestantius
3359 3561 3415 3613 et
3431 3548 3799 3620 nobilius,quod-

2253 3665 2366 3720 que
2398 3647 2621 3704 ambitu
2651 3665 2757 3704 suo
2787 3653 2993 3702 caetera
3025 3647 3460 3720 complectatur,
3514 3644 3669 3716 primo
3702 3651 3794 3708 quo-

2254 3755 2366 3812 que
2393 3738 2518 3795 loco
2549 3741 2897 3811 productum
2929 3737 3117 3793 fuerit.

2881 3872 3038 3929 CAP.
3068 3872 3270 3928 XXIII.

2254 3991 2327 4046 De
2358 3990 2598 4060 cometis,
2631 3998 2682 4046 et
2707 3990 3027 4117 fulgorizas
3060 3989 3196 4060 illis,
3230 3986 3324 4061 qui
3352 3983 3621 4042 διάττοντες
3644 3975 3797 4048 ἀστέρες

2975 4070 3218 4117 ισαηιιιν.

2975 4070 3097 4116 icun
3105 4070 3218 4117 tur.

2325 4180 2390 4236 Ut
2414 4183 2609 4235 autem
2640 4177 2929 4250 perceptis
2959 4177 3075 4233 illis
3095 4193 3331 4250 quoque
3379 4169 3697 4247 passionibus
3726 4177 3796 4219 seu

2254 4269 2679 4337 affectionibus,
2713 4269 2926 4341 quibus
2966 4269 3176 4324 caelum
3211 4266 3362 4324 afﬁci
3417 4259 3796 4337 pbilcscphcrum

2256 4363 2638 4414 monumenta
2669 4358 2926 4426 tradunt,
2960 4357 3276 4414 multarum
3310 4355 3438 4411 inde
3487 4365 3649 4408 rerum
3683 4355 3798 4413 expe-

2257 4448 2728 4520 rientiam,atque
2750 4464 2949 4504 eorum
2974 4448 3146 4502 etiam
3173 4464 3299 4518 quae
3326 4448 3458 4500 sunt
3499 4435 3796 4511 cognitionem

2258 4538 2361 4592 tibi
2383 4553 2707 4609 compares,
2741 4546 2997 4592 cometas
3032 4535 3153 4591 ﬁeri
3195 4536 3379 4599 aiunt,
3413 4546 3529 4586 cum
3565 4520 3796 4609 exhalatio-

2259 4627 2350 4682 nis
2382 4607 2745 4698 parsvaliqua
2775 4626 3188 4682 inflammatur.
3221 4623 3358 4679 Nam
3403 4623 3446 4676 si
3473 4613 3707 4673 concretio
3731 4607 3796 4660 illa

2263 4717 2493 4772 tenuior
2513 4716 2771 4786 sit,quod
2793 4731 3107 4770 accensum
3131 4723 3210 4770 est
3241 4711 3402 4768 celeri
3439 4723 3589 4764 cursu
3620 4700 3794 4771 rapitur,

2261 4803 2430 4876 isque
2460 4805 2653 4860 evadit
2682 4806 2784 4875 qui
2814 4803 2986 4875 vulgo
3011 4801 3238 4857 διάττων
3290 4799 3448 4870 ἀστὴρ
3489 4794 3679 4854 dicitur,
3724 4786 3794 4840 hoc

2262 4899 2349 4950 est
2389 4893 2559 4950 stella
2618 4895 2911 4964 trajiciens
2969 4909 3099 4965 qum
3158 4891 3298 4946 nibil
3351 4887 3496 4943 aliud
3547 4886 3636 4949 est,
3672 4885 3793 4947 quam

2262 4983 2414 5054 ignis
2439 4982 2727 5052 trajectio,
2761 4999 2862 5038 seu
2886 4983 3078 5053 fulgor
3096 4981 3344 5035 caelestis
3363 4976 3622 5033 emicans:
3643 4966 3792 5058 siverit

2263 5072 2516 5128 crassior
2549 5071 2784 5127 materia
2813 5072 3166 5136 subsederit,
3208 5069 3282 5124 ibi
3332 5065 3534 5122 scilicet
3572 5054 3794 5113 candentis

2262 5161 2416 5233 ignis
2446 5160 2665 5217 semina
2695 5161 2981 5228 foveatur,
3015 5166 3409 5228 ccmetamque
3459 5168 3548 5207 seu
3597 5142 3792 5236 crinium

2262 5250 2491 5307 stellam
2522 5251 2854 5305 ell‘crmant.
2878 5254 3240 5304 Cometarum
3274 5261 3434 5318 porro
3452 5244 3621 5311 ﬁguris
3657 5241 3793 5318 varia,

2262 5357 2364 5412 pro
2396 5339 2553 5394 varia
2585 5341 2839 5394 materiis
2895 5336 3364 5402 inﬂammatione,
3421 5334 3656 5386 feruntur.
3690 5317 3791 5412 Natn

2260 5401 2348 5483 vel
2377 5427 2504 5484 sola
2534 5429 2625 5484 sui
2656 5427 3020 5498 longitudine
3081 5424 3315 5482 materia
3354 5401 3660 5478 inardescit,
3685 5401 3792 5460 unde

2259 5524 2484 5576 cometa
2514 5519 2792 5592 gignitur,
2826 5535 2999 5592 quem
3033 5517 3202 5590 vulgo
3232 5510 3420 5580 δοκίαν,
3465 5508 3556 5564 hoc
3595 5504 3664 5557 est
3707 5499 3788 5549 tra-

570 5674 648 5752 (2)
679 5669 1098 5746 EthnOphrona:
1126 5673 1288 5728 vocat
1308 5669 1462 5728 intra
1487 5670 1591 5727 lib.
1624 5687 1700 5743 iv,
1733 5687 1784 5728 ο.
1817 5672 1907 5744 42,
1936 5671 2340 5746 hmreticisque
2368 5675 2657 5732 accenset.
