4066 6208
1609 379 2006 442 THESAURI
2053 383 2204 445 LIB.
2249 386 2298 444 Ι.

248 501 386 594 bem
416 500 645 572 igneam
679 505 922 594 vpcant:
955 502 1040 558 vel
1073 503 1434 577 longitudine
1484 517 1654 583 alque
1701 511 1899 567 latitu-
1933 519 1986 586 Α
2020 519 2134 572 tem
2178 522 2440 573 revocet:
2477 521 2975 588 quemadmodum
3009 521 3135 594 ipse
3166 539 3398 593 quoque
3419 523 3668 579 Davides

250 591 413 657 dine,
436 594 493 645 et
525 594 666 646 tunc
699 589 780 658 fit,
815 592 912 662 qui
947 595 1177 665 proprie
1231 607 1453 654 cometa
1510 600 1764 657 dicitur:
1820 609 1906 664 vel

256 683 336 736 ab
369 681 628 736 inferiori
662 686 820 750 parte
852 683 1120 754 quadam
1151 685 1308 741 velut
1342 691 1623 746 micantes
1641 691 1908 747 scintillas

258 775 631 840 promuntur,
669 777 926 844 tuncque
991 775 1228 830 demum
1298 777 1612 850 πωγωνίας,
1674 780 1781 836 hoc
1821 785 1910 836 est

260 859 540 914 barbatus
582 866 836 917 cometes
895 863 1240 935 appellatur.
1297 872 1484 938 Atque
1542 869 1612 924 de
1667 869 1907 926 cometis

253 946 562 1006 hactenus.

891 1070 1042 1126 CAP.
1077 1071 1282 1128 XXIV.

290 1185 364 1239 De
387 1185 602 1255 pluvia,
634 1185 782 1256 nive,
813 1187 1104 1258 grandine,
1133 1194 1184 1245 et
1215 1207 1334 1261 quae
1369 1209 1442 1247 ea:
1470 1208 1671 1264 vapore
1700 1195 1863 1263 ﬁunt.

320 1299 514 1371 Vapor
544 1307 761 1371 autem,
799 1321 930 1359 cum
967 1305 1046 1360 sit
1104 1306 1326 1360 humi-li
1377 1307 1667 1380 calidique
1724 1310 1902 1381 parti-

245 1405 412 1462 ceps,
447 1391 795 1463 simulatque
845 1395 1145 1465 superiora
1206 1398 1369 1466 petit,
1431 1406 1710 1466 mutatur,
1757 1400 1900 1454 etin

245 1494 466 1548 aquam
502 1481 870 1552 colliquescit
908 1500 920 1538 :
954 1489 1008 1539 et
1039 1485 1331 1555 siquidem
1393 1489 1680 1558 copiosior
1729 1488 1900 1559 paulo

253 1568 612 1640 densiorque
644 1572 955 1636 deferatur,
975 1573 1226 1644 pluviam
1263 1576 1311 1630 si
1344 1591 1476 1630 vero
1536 1577 1739 1641 rarior,
1775 1576 1899 1631 stil-

245 1656 371 1712 lam
410 1666 709 1729 procreat:
734 1661 962 1732 quodsi
999 1673 1348 1730 concrescat,
1384 1664 1442 1717 in
1500 1666 1710 1735 nivem,
1746 1666 1834 1720 sin
1869 1683 1902 1721 a

255 1747 576 1803 mutatione
595 1750 787 1804 statim
814 1753 1105 1807 concretio
1131 1753 1249 1819 fiat,
1283 1754 1338 1808 in
1383 1755 1728 1826 grandinem
1771 1772 1898 1810 eva-

252 1837 558 1908 dit.Atque
589 1838 708 1893 haac
737 1840 970 1910 quidem
1003 1846 1160 1908 sunt,
1195 1860 1320 1913 quas
1372 1861 1550 1914 vapor
1606 1844 1663 1898 in
1723 1861 1894 1916 supe-

247 1925 403 1982 riore
427 1927 575 1982 aeris
601 1928 830 1999 regione
855 1930 1138 2001 levigatus
1159 1931 1332 1986 efficit
1356 1948 1369 1986 :
1395 1933 1494 2004 qui
1519 1934 1569 1988 si
1599 1935 1894 2001 deorsum,

249 2032 357 2072 seu
389 2016 449 2071 in
483 2016 687 2072 infima
717 2022 996 2089 terraeque
1052 2022 1320 2091 proxima
1383 2028 1543 2094 parte
1601 2022 1751 2078 aeris
1784 2041 1898 2096 prae

249 2105 648 2162 crassitudine
678 2124 779 2162 seu
815 2109 1104 2165 densitate
1160 2111 1404 2181 restitet,
1438 2117 1540 2168 aut
1596 2113 1654 2167 in
1708 2129 1896 2168 rorem

249 2201 538 2266 mutatur,
573 2202 673 2251 aut
705 2197 760 2252 in
795 2197 926 2268 gelu
977 2202 1314 2255 concrescit.
1374 2201 1655 2256 Caeterum
1707 2218 1801 2256 ros
1832 2218 1897 2258 eo

243 2286 629 2357 potissimum
661 2292 940 2358 tempore,
984 2305 1099 2359 quo
1145 2289 1356 2344 ccelum
1408 2307 1680 2346 serenum
1716 2300 1767 2346 et
1800 2308 1896 2345 su-

241 2378 384 2432 dum
411 2382 713 2448 est,atque
739 2379 793 2432 in
823 2379 962 2435 locis
1005 2381 1256 2436 maxime
1292 2381 1660 2452 tepentibus:
1687 2381 1898 2453 pruina

237 2483 378 2520 vero
412 2467 471 2520 in
519 2467 915 2538 frigidioribus
967 2470 1260 2535 coalescit,
1295 2481 1466 2541 atque
1521 2487 1613 2525 ros
1657 2471 1896 2542 quidem

238 2572 377 2610 cum
414 2556 888 2612 meridionalium
921 2564 1268 2613 ventorum:
1301 2559 1512 2631 pruina
1567 2576 1722 2627 vero,
1757 2575 1894 2615 cum

240 2645 792 2714 septentrionalium
836 2647 1002 2701 flatus
1060 2649 1347 2717 praevalet.
1407 2648 1635 2703 Grande
1698 2654 1891 2704 autem

240 2735 514 2806 partibus
545 2733 682 2789 anni
742 2735 1142 2803 calidioribus,
1203 2754 1331 2792 vere
1381 2739 1658 2792 nimirum
1713 2743 1769 2792 et
1798 2756 1894 2793 au-

232 2830 472 2889 tumno,
509 2841 659 2896 saepe
682 2826 856 2880 etiam
876 2830 1078 2881 aestate
1101 2827 1532 2883 condensatur:
1587 2837 1896 2899 prepterea

234 2916 392 2983 quod
430 2912 685 2967 calidum
732 2919 790 2968 et
839 2915 1117 2986 frigidum
1171 2915 1250 2970 ita
1309 2922 1515 2972 natura
1559 2921 1896 2988 comparata

231 3006 472 3068 sunt,ut
504 3019 565 3057 se
597 3007 800 3058 mutuo
821 3003 1211 3074 comprimant
1261 3009 1316 3058 et
1359 3014 1694 3062 coerceant:
1749 3006 1893 3060 adeo

234 3096 306 3146 ut
338 3092 385 3146 si
420 3093 705 3146 exteriora
726 3091 882 3148 calor
903 3098 1166 3166 occupet,
1199 3095 1257 3148 in
1281 3093 1656 3150 interioribus
1706 3094 1893 3168 frigus

230 3181 562 3249 delitescat,
596 3186 652 3238 et
681 3188 902 3238 contra.
931 3185 1126 3255 Itaque
1178 3185 1230 3238 in
1277 3184 1541 3256 partibus
1572 3184 1710 3240 anni
1745 3184 1888 3239 cali-

2021 607 2210 662 canit:
2246 609 2352 676 Qui
2379 609 2608 677 despicit
2636 611 2693 664 in
2726 620 2952 678 terram,
2988 616 3038 667 et
3085 616 3321 668 concutit
3361 629 3500 668 eam.
3539 613 3666 668 Phi-

2017 694 2246 768 losophi
2285 713 2417 753 vero
2457 716 2693 754 causam
2728 699 2960 756 illorum
3002 719 3035 756 a
3072 704 3260 758 ventis
3300 709 3586 772 repetunt,
3612 702 3661 757 si

2021 787 2165 841 forte
2195 802 2326 842 cum
2361 804 2390 842 e
2422 795 2573 844 terra
2640 807 2875 845 sursum
2929 792 3212 859 feruntur,
3246 793 3563 863 contingat,
3599 798 3664 848 ut

2019 873 2192 929 flatus
2232 876 2447 948 aliquis
2476 878 2633 933 velut
2671 880 2991 935 extrinseca
3032 882 3300 951 quaedam
3349 882 3662 950 exhalatio,

2017 965 2418 1022 subterraneis
2453 969 2666 1024 reflans
2699 986 2824 1025 sese
2867 971 3157 1026 meatibus
3217 972 3514 1027 insinuet:
3547 989 3664 1043 qua

2018 1053 2191 1110 etiam
2226 1058 2296 1111 de
2327 1072 2505 1112 causa
2537 1075 2742 1114 serena
2776 1065 3119 1131 tempestate
3142 1068 3307 1115 terra:
3334 1066 3530 1116 motus
3569 1079 3665 1116 ac-

2017 1145 2228 1216 cidere,
2259 1164 2439 1219 eaque
2470 1149 2612 1205 adeo
2653 1151 3012 1222 frequentius
3069 1150 3194 1206 loca
3240 1153 3512 1207 infestare
3567 1170 3664 1209 so-

2015 1233 2155 1298 lent,
2191 1235 2246 1290 in
2302 1238 2518 1307 quibus
2595 1255 2750 1294 mare
2818 1241 3078 1312 rapidius
3155 1241 3306 1308 fluit,
3376 1241 3662 1312 tellusque

2016 1323 2208 1379 mollis
2276 1333 2329 1380 et
2387 1325 2517 1382 laxa
2600 1329 2861 1383 cavernis
2951 1335 3006 1385 et
3091 1329 3376 1386 cuniculis
3454 1337 3658 1387 scatet.

2015 1415 2192 1467 Porro
2223 1414 2403 1469 solem
2448 1417 2640 1486 ipsum
2686 1423 3053 1474 terraemotus
3095 1428 3348 1490 tempore
3415 1422 3663 1474 tenebri-

2011 1517 2212 1556 cosum
2236 1508 2293 1558 et
2323 1507 2642 1559 obscurum
2701 1523 2830 1561 esse
2897 1508 3230 1562 affirmant:
3293 1508 3432 1578 quia
3491 1509 3661 1562 nimi-

2013 1606 2140 1644 rum
2175 1596 2473 1646 ventorum
2512 1603 2650 1647 tunc
2692 1593 2748 1647 in
2782 1601 2998 1650 terram
3044 1613 3299 1650 remeare
3359 1597 3529 1650 ﬂatus
3570 1598 3654 1650 lil-

2010 1678 2172 1750 cipit,
2213 1697 2246 1734 a
2279 1696 2394 1750 quo
2419 1680 2694 1752 liquidior
2731 1699 2825 1738 aer
2865 1683 3099 1738 interim
3131 1689 3198 1754 et
3250 1685 3510 1740 serenior
3541 1685 3660 1738 elﬁ-

2010 1769 2179 1824 citur.

2623 1886 2775 1942 CAP.
2817 1886 3040 1943 XXVII.

2685 2015 2758 2069 De
2787 2016 2979 2069 ventis.

2080 2125 2595 2183 Verumenimvoro
2617 2129 2688 2183 de
2709 2129 2897 2183 ventis
2936 2129 3090 2184 idem
3126 2147 3352 2200 quoque
3404 2132 3653 2188 Davides

2009 2214 2087 2268 ita
2107 2218 2259 2270 canit
2283 2232 2296 2270 :
2324 2216 2427 2283 Qui
2453 2215 2635 2271 educit
2665 2222 2849 2272 ventos
2872 2219 2936 2272 de
2967 2217 3248 2273 thesauris
3280 2221 3416 2276 suis.
3471 2219 3654 2275 Prisci

2009 2319 2136 2359 vero
2178 2304 2509 2376 philosophi
2543 2313 2744 2362 ventos
2785 2307 2838 2361 in
2870 2307 3204 2363 universum
3239 2318 3484 2378 quatuor
3526 2325 3654 2366 esse

2007 2394 2324 2459 affirmant,
2365 2395 2785 2463 Subsolanum,
2817 2396 3166 2468 Zephyrum,
3199 2397 3434 2463 Notum,
3468 2407 3516 2453 et
3541 2399 3653 2454 Bo-

2005 2497 2187 2552 ream,
2223 2500 2466 2554 quorum
2507 2485 2874 2540 Subsolanus
2939 2491 2996 2540 et
3053 2486 3349 2558 Zephyrus
3419 2505 3531 2542 non
3572 2487 3653 2542 ita

2004 2571 2377 2628 vehementes
2408 2575 2549 2638 sint,
2586 2573 2770 2630 Notus
2809 2591 2940 2630 vero
2982 2580 3039 2629 et
3096 2575 3306 2631 Boreas
3347 2575 3653 2632 infestissi-

2005 2674 2161 2714 mam
2195 2663 2562 2732 tyrannidem
2595 2668 2919 2716 exerceant.
2953 2663 3086 2725 Qua:
3119 2677 3222 2717 cur
3250 2664 3416 2728 fiant,
3441 2663 3528 2718 his
3560 2681 3650 2718 ra-

2003 2747 2264 2806 tionibus
2297 2751 2653 2819 innituntur,
2703 2754 2854 2822 quod
2908 2752 2994 2807 sol
3050 2768 3156 2808 nec
3223 2751 3510 2808 australes
3551 2769 3655 2808 nec

2004 2838 2491 2911 septentrionales
2518 2841 2720 2911 plagas
2759 2840 3091 2898 calefaciat:
3126 2841 3264 2912 quia
3287 2857 3390 2897 nec
3432 2843 3489 2896 in
3522 2859 3652 2898 arc-

2004 2928 2119 2983 tico
2155 2944 2258 2984 nec
2301 2929 2357 2981 in
2391 2929 2710 2985 antarctico
2742 2929 2872 3001 polo
2905 2947 3136 3001 semper
3183 2938 3447 2986 versatur
3478 2931 3654 3001 (unde

2004 3020 2090 3087 fit,
2127 3024 2190 3074 ut
2217 3021 2438 3092 frigidae
2471 3038 2540 3076 ex
2575 3038 2740 3094 aquo
2775 3027 2832 3077 et
2863 3022 3116 3077 humida:
3157 3023 3296 3087 sint,
3333 3022 3650 3093 multisque

2003 3111 2144 3166 adeo
2187 3110 2474 3166 imbribus
2534 3111 2785 3168 indicem
2855 3112 3092 3180 exortis,
3139 3111 3359 3168 multus
3418 3128 3650 3184 quoque

2001 3219 2200 3274 vapor,
2234 3202 2402 3274 isque
2470 3203 2732 3259 fumosus
2786 3208 3222 3275 consequatur:
3291 3221 3417 3275 qua:
3462 3222 3552 3260 res
3591 3205 3649 3260 in

227 3269 504 3324 dioribus
535 3270 715 3341 frigus
747 3270 936 3327 calido
966 3273 1326 3329 extrinsecus
1373 3273 1667 3343 objectum
1715 3289 1884 3345 gran-

2006 3310 2179 3348 causa
2206 3298 2318 3359 est,
2353 3297 2415 3347 ut
2449 3293 2657 3349 Boreas
2689 3298 2746 3348 et
2776 3295 2956 3348 Notus
3006 3299 3124 3349 tam
3177 3294 3519 3365 impetuosis
3553 3295 3653 3349 fla-

221 3358 432 3414 dinem
469 3357 704 3414 conﬁat.

876 3479 1030 3535 CAP.
1073 3479 1238 3534 XXV.

469 3595 546 3648 De
577 3594 742 3659 iride,
772 3593 994 3660 halonc,
1025 3594 1276 3666 poi-etiis,
1307 3600 1362 3651 et
1394 3595 1644 3668 virgulis.

308 3720 473 3786 Quod
507 3721 572 3774 ad
611 3721 719 3776 irin
757 3721 1023 3794 pertinet,
1058 3721 1158 3794 qui
1209 3742 1242 3779 a
1276 3723 1474 3780 multis
1495 3741 1666 3781 arcus
1686 3723 1888 3796 appel-

226 3809 420 3876 latur,
455 3811 706 3866 naturali
735 3812 972 3882 quidem
989 3814 1324 3869 substantia
1346 3814 1588 3886 praedita
1623 3831 1738 3870 non
1776 3816 1884 3881 est,

231 3901 455 3972 quippe
473 3917 602 3972 quae
616 3901 992 3957 simulacrum
1011 3904 1302 3974 quoddam
1318 3904 1888 3978 inane,pbantasma—

235 4007 357 4061 que
389 3991 484 4055 sit,
518 3991 672 4062 quod
713 3991 1037 4048 videntium
1061 3993 1240 4049 oculis
1263 4000 1402 4051 tunc
1425 3995 1718 4065 objicitur,
1753 4012 1884 4050 cum

237 4079 387 4134 solis
420 4081 561 4134 radii
583 4080 751 4150 quasi
772 4081 965 4151 procid
979 4099 1008 4136 u
1021 4085 1082 4136 nt
1103 4087 1157 4137 et
1172 4082 1404 4138 reflectu
1417 4101 1445 4137 n
1458 4089 1569 4150 tur,
1600 4100 1885 4156 arcusque

231 4169 387 4224 adeo
419 4185 671 4239 speciem
707 4186 824 4240 prae
855 4186 918 4225 se
967 4171 1178 4228 ferunt.
1231 4177 1404 4227 Porro
1462 4172 1736 4244 quaelibet.
1781 4173 1883 4228 iris

223 4257 457 4329 triplici
486 4257 677 4314 colore
708 4259 985 4314 distincta
1015 4264 1120 4315 est.
1151 4261 1291 4332 Ejus
1338 4261 1495 4315 enim
1553 4277 1698 4316 zona
1745 4260 1887 4316 inte-

223 4348 377 4418 rior,
411 4347 690 4418 punicea:
717 4349 996 4416 secunda,
1030 4350 1234 4406 viridis
1259 4367 1281 4404 ,ο
1326 4350 1500 4406 tertia
1545 4349 1792 4407 caerulea
1827 4355 1884 4406 et

222 4437 404 4509 quasi
439 4453 731 4508 purpurea
760 4442 864 4492 est.
898 4437 1212 4510 Consurgit
1241 4445 1436 4494 autem
1469 4455 1537 4494 ex
1585 4439 1881 4510 inaequali-

223 4531 355 4582 tate
385 4530 443 4581 et
465 4525 964 4582 dissimulitudine
987 4527 1256 4583 nubium.
1288 4531 1360 4584 At
1390 4528 1630 4585 haiones
1661 4545 1762 4584 seu
1795 4545 1883 4586 co-

2000 3383 2156 3438 tibus
2190 3383 2490 3456 ferantur).
2525 3383 2741 3438 Contra
2788 3399 2920 3438 vero
2990 3400 3124 3438 cum
3190 3383 3250 3438 in
3293 3383 3647 3454 regionibus,

1998 3488 2125 3543 quas
2157 3470 2241 3526 vel
2278 3471 2336 3526 in
2367 3471 2659 3528 Orientem
2711 3472 2799 3528 vel
2852 3474 2911 3528 in
2966 3473 3339 3530 Occidentem
3382 3479 3648 3548 vergunt,

1998 3559 2084 3616 sol
2117 3559 2334 3616 crebris
2367 3561 2729 3618 anfractibus
2762 3571 3087 3632 moveatur,
3122 3563 3374 3618 multum
3410 3563 3488 3618 ibi
3542 3564 3647 3618 fri-

1997 3650 2153 3722 goris
2181 3650 2436 3706 suboriri
2469 3667 2582 3707 non
2617 3651 2777 3708 sinit.

2601 3789 2756 3841 CAP.
2790 3785 3034 3841 XXVIII.

2139 3902 2210 3956 De
2234 3900 2496 3972 fulmine,
2532 3901 2771 3972 turbine,
2803 3901 3060 3968 lonitrui,
3090 3902 3351 3973 procella,
3392 3908 3492 3959 etc.

2069 4017 2309 4072 Fulmen
2346 4034 2516 4089 porro
2550 4017 2768 4072 nullam
2800 4018 2857 4072 in
2892 4035 2954 4073 se
2984 4019 3506 4074 inflammationem
3540 4017 3640 4072 ha-

1998 4105 2346 4176 bet,quippe
2378 4107 2530 4176 quod
2562 4122 2752 4162 aerem
2815 4107 3073 4178 ingenita
3141 4109 3252 4163 sibi
3311 4107 3537 4164 levitate
3585 4111 3643 4162 et

1996 4195 2276 4249 tenuitate
2308 4199 2538 4250 relerat.
2574 4193 2736 4250 Uude
2771 4195 2827 4250 id
2860 4195 3035 4252 etiam
3088 4197 3344 4252 nominis
3368 4197 3638 4253 sortitum

1993 4289 2101 4351 est,
2126 4292 2184 4337 ut
2208 4283 2285 4338 sit
2318 4283 2590 4355 κεραυνὸς,
2635 4286 2798 4354 quasi
2841 4284 3094 4358 εὐκραὴς,
3132 4287 3270 4357 quia
3308 4304 3423 4359 prae
3451 4290 3640 4342 levore

1992 4388 2100 4426 suo
2133 4370 2376 4426 minime
2399 4372 2626 4428 adurat.
2663 4373 2886 4429 Prester
2907 4391 3061 4445 vero,
3097 4377 3201 4430 hoc
3224 4380 3312 4430 est
3350 4375 3520 4430 turbo
3552 4389 3642 4430 ac-

1992 4476 2221 4527 census,
2243 4477 2375 4515 cum
2403 4477 2472 4516 ex
2491 4462 2641 4516 nube
2665 4463 3058 4519 substantiam
3105 4466 3348 4520 materia
3379 4461 3639 4520 crasissi-

1995 4567 2088 4607 ma
2119 4557 2482 4607 constantem
2520 4552 2743 4620 habeat,
2767 4570 3014 4626 eamque
3043 4555 3383 4611 incendatet
3409 4554 3640 4610 inflam-

227 4632 400 4672 ronas
429 4632 676 4687 quarum
705 4617 957 4672 rotunda
986 4633 1218 4687 semper
1252 4618 1452 4689 ﬁgura,
1515 4635 1618 4674 nec
1675 4617 1885 4674 iridum

2006 4646 2133 4708 met,
2170 4633 2302 4696 inde
2326 4641 2412 4706 fit,
2448 4647 2510 4697 ut
2535 4617 2822 4699 incendiis
2843 4617 3472 4716 etconﬂagrationibus
3523 4643 3640 4698 ido-

223 4705 377 4763 orbe
404 4707 591 4760 minor
611 4709 869 4777 apparet,
902 4705 1055 4762 circa
1080 4707 1274 4763 lunam
1301 4724 1454 4779 saepe
1501 4714 1697 4776 noctu,
1731 4724 1882 4780 sirpe

222 4794 412 4850 etiam
443 4794 696 4849 interdiu
730 4795 1188 4865 conspiciuntur.
1240 4797 1477 4852 Addunt
1534 4797 1880 4869 pbysiologi,

225 4883 455 4954 quique
488 4888 704 4938 natura:
736 4901 950 4939 arcana
983 4890 1344 4953 scrutantur,
1374 4894 1427 4941 et
1460 4885 1727 4955 purelios,
1779 4903 1879 4942 seu

228 4971 376 5028 solis
410 4972 721 5042 imagines,
754 4980 809 5028 et
849 4967 1104 5044 ῥάϐδους.
1141 4975 1244 5030 hoc
1273 4980 1362 5030 est
1391 4974 1646 5048 virgulas
1671 4995 1684 5032 :
1709 4981 1882 5048 atque

234 5061 350 5116 has
375 5059 613 5132 quidem
647 5079 715 5116 ex
746 5062 992 5117 nubium
1038 5063 1431 5134 inaequalitate
1479 5066 1620 5134 fieri,
1653 5065 1885 5122 tricolo-

233 5166 471 5220 resque,
507 5155 570 5205 ut
600 5156 657 5204 et
686 5151 884 5218 iridas,
921 5168 1048 5208 esse
1079 5171 1092 5208 :
1145 5153 1391 5224 parelios
1445 5165 1636 5210 autem
1697 5155 1882 5225 albos,

237 5244 307 5294 ut
339 5247 393 5294 et
425 5238 687 5309 balonas,
720 5246 1010 5298 asserunt.

863 5385 1018 5441 CAP.
1051 5388 1251 5444 XXVI.

361 5498 683 5555 Christiana
711 5505 762 5556 et
792 5501 1165 5574 philosophica
1194 5509 1533 5558 ierraemotu:
1561 5517 1747 5557 causa.

307 5619 588 5672 Ceterum
612 5621 980 5674 terremotus
1000 5636 1032 5674 a
1059 5625 1173 5675 Deo
1194 5620 1320 5675 ideo
1344 5618 1468 5674 fieri
1521 5617 1790 5686 dicimus,
1824 5623 1889 5676 ut

232 5705 580 5764 hominibus
603 5708 1170 5779 terroremincutiat,
1203 5712 1260 5764 et
1306 5708 1379 5766 ad
1406 5707 1694 5767 saniorem
1718 5724 1884 5768 men-

1997 4746 2137 4786 neus
2151 4729 2705 4787 evadat.Presterem
2726 4738 2920 4790 autem
2937 4739 3138 4789 ventus
3152 4737 3324 4790 etiam
3343 4732 3634 4806 praecedit,

1992 4821 2162 4892 cujus
2194 4822 2271 4876 rei
2302 4826 2455 4878 certo
2487 4822 2545 4878 id
2577 4822 2790 4878 indicio
2823 4829 2932 4890 est,
2964 4825 3117 4895 quod
3180 4825 3424 4880 fulmine
3475 4826 3637 4894 jam-

1989 4910 2108 4980 jam
2141 4912 2500 4982 tangendum
2530 4919 2638 4979 est,
2674 4913 2809 4983 quia
2857 4914 3020 4982 prius
3070 4922 3234 4969 vento
3279 4914 3632 4968 concutitur.

1994 5002 2274 5056 Presteris
2305 5003 2460 5057 enim
2495 5007 2702 5058 ventus
2735 5003 2924 5070 ferire,
2961 5003 3095 5074 quia
3153 5003 3530 5074 sulphureos,
3580 5003 3637 5054 et

1994 5094 2302 5147 concutere
2320 5090 2487 5145 solet.
2516 5090 2715 5161 Neque
2738 5107 2865 5144 vero
2891 5097 3099 5146 ventus
3125 5092 3220 5146 ille
3259 5099 3507 5159 prestera
3540 5106 3634 5144 so-

1995 5178 2297 5234 lummodo
2332 5179 2619 5249 precedit,
2657 5179 2755 5232 sed
2789 5178 2962 5232 etiam
2997 5179 3307 5233 comitatur
3335 5184 3391 5232 et
3422 5179 3634 5234 subse-

1995 5268 2214 5338 quitur,
2246 5266 2662 5337 dispersusque
2685 5266 2814 5320 etin
2839 5266 3167 5322 levissimos
3192 5267 3362 5324 ﬂatus
3387 5269 3634 5324 diffusus

1994 5355 2248 5412 tonitrus
2275 5360 2332 5410 et
2363 5354 2640 5423 fulgetras
2679 5354 2926 5410 excitat:
2959 5360 3037 5419 et,
3072 5358 3119 5411 si
3149 5358 3636 5429 quideminﬂam-

1996 5449 2206 5509 metur,
2239 5441 2328 5498 vel
2362 5445 2602 5510 fulmen,
2634 5442 2720 5497 vel
2778 5442 2992 5516 fulgur,
3045 5445 3130 5502 vel
3192 5453 3487 5519 prestera:
3543 5448 3634 5503 sin

1995 5549 2189 5598 secus,
2217 5529 2462 5606 ’sxvscplav
2523 5535 2580 5586 et
2637 5533 2876 5608 τυφῶνα,
2937 5533 3045 5589 hoc
3103 5540 3192 5592 est
3227 5537 3534 5608 procellam
3578 5541 3636 5594 et

1995 5621 2266 5681 vorticem
2290 5621 2418 5676 ciet.
2452 5624 2628 5676 Porro
2653 5620 2772 5677 haec
2794 5625 2992 5680 omnia
3013 5625 3084 5681 ad
3115 5625 3635 5687 inﬂammationem

1995 5719 2048 5770 et
2079 5709 2443 5769 adactionem
2478 5709 2816 5773 referantur.
