  <div class='ocr_page' id='page_1' title='image "/cluster/home/n/w/nwhite01/storage/ocr_20150623/139/hvd.32044023361710/565.png"; bbox 0 0 4066 6208; ppageno 0'>
   <div class='ocr_carea' id='block_1_1' title="bbox 417 360 573 422">
    <p class='ocr_par' dir='ltr' id='par_1_1' title="bbox 417 360 573 422">
     <span class='ocr_line' id='line_1_1' title="bbox 417 360 573 422; baseline 0.006 -1"><span class='ocrx_word' id='word_1_1' title='bbox 417 360 573 422; x_wconf 72' lang='grc'><strong>1119</strong></span> 
     </span>
    </p>
   </div>
   <div class='ocr_carea' id='block_1_2' title="bbox 1049 495 1426 572">
    <p class='ocr_par' dir='ltr' id='par_1_2' title="bbox 1049 495 1426 572">
     <span class='ocr_line' id='line_1_2' title="bbox 1049 495 1426 572; baseline -0.003 -21"><span class='ocrx_word' id='word_1_2' title='bbox 1049 497 1202 552; x_wconf 89' lang='lat' dir='ltr'><strong><em>CAP.</em></strong></span> <span class='ocrx_word' id='word_1_3' title='bbox 1235 495 1426 572; x_wconf 62' lang='lat' dir='ltr'><strong><em>xxix.</em></strong></span> 
     </span>
    </p>
   </div>
   <div class='ocr_carea' id='block_1_3' title="bbox 623 642 1878 710">
    <p class='ocr_par' dir='ltr' id='par_1_3' title="bbox 623 642 1878 710">
     <span class='ocr_line' id='line_1_3' title="bbox 623 642 1878 710; baseline 0.002 -18"><span class='ocrx_word' id='word_1_4' title='bbox 623 642 700 694; x_wconf 84' lang='lat' dir='ltr'><strong><em>De</em></strong></span> <span class='ocrx_word' id='word_1_5' title='bbox 727 655 1022 710; x_wconf 85' lang='lat' dir='ltr'><strong><em>corporum</em></strong></span> <span class='ocrx_word' id='word_1_6' title='bbox 1051 642 1451 697; x_wconf 76' lang='lat' dir='ltr'><strong><em>resurrectione</em></strong></span> <span class='ocrx_word' id='word_1_7' title='bbox 1480 649 1530 697; x_wconf 90' lang='lat' dir='ltr'><strong><em>et</em></strong></span> <span class='ocrx_word' id='word_1_8' title='bbox 1559 642 1878 697; x_wconf 80' lang='lat' dir='ltr'><strong><em>animorum</em></strong></span> 
     </span>
    </p>
   </div>
   <div class='ocr_carea' id='block_1_4' title="bbox 1026 714 1466 770">
    <p class='ocr_par' dir='ltr' id='par_1_4' title="bbox 1026 714 1466 770">
     <span class='ocr_line' id='line_1_4' title="bbox 1026 714 1466 770; baseline 0.009 -4"><span class='ocrx_word' id='word_1_9' title='bbox 1026 714 1466 770; x_wconf 71' lang='lat' dir='ltr'><strong><em>immortalitate.</em></strong></span> 
     </span>
    </p>
   </div>
   <div class='ocr_carea' id='block_1_5' title="bbox 494 816 2070 890">
    <p class='ocr_par' dir='ltr' id='par_1_5' title="bbox 494 816 2070 890">
     <span class='ocr_line' id='line_1_5' title="bbox 494 816 2070 890; baseline -0.001 -18"><span class='ocrx_word' id='word_1_10' title='bbox 494 816 574 872; x_wconf 87' lang='lat' dir='ltr'><strong><em>De</em></strong></span> <span class='ocrx_word' id='word_1_11' title='bbox 605 834 910 889; x_wconf 85' lang='lat' dir='ltr'><strong><em>corporum</em></strong></span> <span class='ocrx_word' id='word_1_12' title='bbox 936 821 1361 876; x_wconf 80' lang='lat' dir='ltr'><strong><em>resurrectione</em></strong></span> <span class='ocrx_word' id='word_1_13' title='bbox 1392 821 1554 876; x_wconf 88' lang='lat' dir='ltr'><strong><em>nulla</em></strong></span> <span class='ocrx_word' id='word_1_14' title='bbox 1583 820 1911 876; x_wconf 67' lang='lat' dir='ltr'><strong><em>Graecorum</em></strong></span> <span class='ocrx_word' id='word_1_15' title='bbox 1946 817 2070 890; x_wconf 88' lang='lat' dir='ltr'><strong><em>pla-</em></strong></span> 
     </span>
    </p>
   </div>
   <div class='ocr_carea' id='block_1_6' title="bbox 425 906 2067 982">
    <p class='ocr_par' dir='ltr' id='par_1_6' title="bbox 425 906 2067 982">
     <span class='ocr_line' id='line_1_6' title="bbox 425 906 2067 982; baseline -0.001 -20"><span class='ocrx_word' id='word_1_16' title='bbox 425 906 558 973; x_wconf 84' lang='lat' dir='ltr'><strong><em>cita,</em></strong></span> <span class='ocrx_word' id='word_1_17' title='bbox 582 907 652 963; x_wconf 91' lang='lat' dir='ltr'><strong><em>de</em></strong></span> <span class='ocrx_word' id='word_1_18' title='bbox 675 909 856 964; x_wconf 88' lang='lat' dir='ltr'><strong><em>animi</em></strong></span> <span class='ocrx_word' id='word_1_19' title='bbox 881 910 1320 966; x_wconf 75' lang='lat' dir='ltr'><strong><em>immortalitate</em></strong></span> <span class='ocrx_word' id='word_1_20' title='bbox 1345 910 1629 982; x_wconf 72' lang='lat' dir='ltr'><strong><em>permulta</em></strong></span> <span class='ocrx_word' id='word_1_21' title='bbox 1677 909 2067 980; x_wconf 90' lang='lat' dir='ltr'><strong><em>reperiuntur.</em></strong></span> 
     </span>
    </p>
   </div>
   <div class='ocr_carea' id='block_1_7' title="bbox 424 995 2071 1072">
    <p class='ocr_par' dir='ltr' id='par_1_7' title="bbox 424 995 2071 1072">
     <span class='ocr_line' id='line_1_7' title="bbox 424 995 2071 1072; baseline 0.001 -23"><span class='ocrx_word' id='word_1_22' title='bbox 424 995 515 1050; x_wconf 91' lang='lat' dir='ltr'><strong><em>llli</em></strong></span> <span class='ocrx_word' id='word_1_23' title='bbox 537 997 693 1052; x_wconf 89' lang='lat' dir='ltr'><strong><em>enim</em></strong></span> <span class='ocrx_word' id='word_1_24' title='bbox 727 1003 783 1053; x_wconf 89' lang='lat' dir='ltr'><strong><em>et</em></strong></span> <span class='ocrx_word' id='word_1_25' title='bbox 817 1017 1014 1069; x_wconf 72' lang='lat' dir='ltr'><strong><em>poenas</em></strong></span> <span class='ocrx_word' id='word_1_26' title='bbox 1037 1001 1192 1072; x_wconf 90' lang='lat' dir='ltr'><strong><em>apud</em></strong></span> <span class='ocrx_word' id='word_1_27' title='bbox 1219 1001 1434 1056; x_wconf 81' lang='lat' dir='ltr'><strong><em>inferos</em></strong></span> <span class='ocrx_word' id='word_1_28' title='bbox 1458 1017 1559 1072; x_wconf 89' lang='lat' dir='ltr'><strong><em>pro</em></strong></span> <span class='ocrx_word' id='word_1_29' title='bbox 1587 1000 1658 1053; x_wconf 89' lang='lat' dir='ltr'><strong><em>iis</em></strong></span> <span class='ocrx_word' id='word_1_30' title='bbox 1703 1017 1828 1070; x_wconf 73' lang='lat' dir='ltr'><strong><em>qua:</em></strong></span> <span class='ocrx_word' id='word_1_31' title='bbox 1868 997 1927 1052; x_wconf 86' lang='lat' dir='ltr'><strong><em>in</em></strong></span> <span class='ocrx_word' id='word_1_32' title='bbox 1957 997 2071 1050; x_wconf 90' lang='lat' dir='ltr'><strong><em>vita</em></strong></span> 
     </span>
    </p>
   </div>
   <div class='ocr_carea' id='block_1_8' title="bbox 425 1085 2070 1166">
    <p class='ocr_par' dir='ltr' id='par_1_8' title="bbox 425 1085 2070 1166">
     <span class='ocr_line' id='line_1_8' title="bbox 425 1085 2070 1166; baseline 0 -26"><span class='ocrx_word' id='word_1_33' title='bbox 425 1086 576 1142; x_wconf 91' lang='lat' dir='ltr'><strong><em>male</em></strong></span> <span class='ocrx_word' id='word_1_34' title='bbox 597 1087 731 1158; x_wconf 85' lang='lat' dir='ltr'><strong><em>quis</em></strong></span> <span class='ocrx_word' id='word_1_35' title='bbox 757 1089 1017 1158; x_wconf 83' lang='lat' dir='ltr'><strong><em>gesserit,</em></strong></span> <span class='ocrx_word' id='word_1_36' title='bbox 1051 1094 1106 1145; x_wconf 86' lang='lat' dir='ltr'><strong><em>et</em></strong></span> <span class='ocrx_word' id='word_1_37' title='bbox 1147 1085 1419 1160; x_wconf 79' lang='grc' dir='ltr'><strong><em>λειμῶνας</em></strong></span> <span class='ocrx_word' id='word_1_38' title='bbox 1463 1085 1813 1166; x_wconf 72' lang='grc' dir='ltr'><strong><em>ἀσφιδελοὺς,</em></strong></span> <span class='ocrx_word' id='word_1_39' title='bbox 1845 1087 1952 1142; x_wconf 88' lang='lat' dir='ltr'><strong><em>hoc</em></strong></span> <span class='ocrx_word' id='word_1_40' title='bbox 1982 1089 2070 1141; x_wconf 91' lang='lat' dir='ltr'><strong><em>est</em></strong></span> 
     </span>
    </p>
   </div>
   <div class='ocr_carea' id='block_1_9' title="bbox 424 1173 2068 1248">
    <p class='ocr_par' dir='ltr' id='par_1_9' title="bbox 424 1173 2068 1248">
     <span class='ocr_line' id='line_1_9' title="bbox 424 1173 2068 1248; baseline 0 -21"><span class='ocrx_word' id='word_1_41' title='bbox 424 1180 589 1244; x_wconf 87' lang='lat' dir='ltr'><strong><em>prata</em></strong></span> <span class='ocrx_word' id='word_1_42' title='bbox 617 1174 936 1245; x_wconf 85' lang='lat' dir='ltr'><strong><em>asphodelo</em></strong></span> <span class='ocrx_word' id='word_1_43' title='bbox 986 1176 1254 1246; x_wconf 80' lang='lat' dir='ltr'><strong><em>virentia,</em></strong></span> <span class='ocrx_word' id='word_1_44' title='bbox 1294 1181 1351 1232; x_wconf 91' lang='lat' dir='ltr'><strong><em>et</em></strong></span> <span class='ocrx_word' id='word_1_45' title='bbox 1398 1176 1622 1248; x_wconf 80' lang='lat' dir='ltr'><strong><em>Elysios</em></strong></span> <span class='ocrx_word' id='word_1_46' title='bbox 1669 1191 1906 1244; x_wconf 89' lang='lat' dir='ltr'><strong><em>campos</em></strong></span> <span class='ocrx_word' id='word_1_47' title='bbox 1965 1173 2068 1227; x_wconf 81' lang='lat' dir='ltr'><strong><em>ﬁn-</em></strong></span> 
     </span>
    </p>
   </div>
   <div class='ocr_carea' id='block_1_10' title="bbox 423 1262 2063 1337">
    <p class='ocr_par' dir='ltr' id='par_1_10' title="bbox 423 1262 2063 1337">
     <span class='ocr_line' id='line_1_10' title="bbox 423 1262 2063 1337; baseline 0 -20"><span class='ocrx_word' id='word_1_48' title='bbox 423 1268 607 1334; x_wconf 82' lang='lat' dir='ltr'><strong><em>gunt:</em></strong></span> <span class='ocrx_word' id='word_1_49' title='bbox 643 1262 859 1336; x_wconf 84' lang='lat' dir='ltr'><strong><em>quibus</em></strong></span> <span class='ocrx_word' id='word_1_50' title='bbox 891 1265 972 1320; x_wconf 86' lang='lat' dir='ltr'><strong>illi</strong></span> <span class='ocrx_word' id='word_1_51' title='bbox 1012 1279 1142 1337; x_wconf 87' lang='lat' dir='ltr'><strong><em>post</em></strong></span> <span class='ocrx_word' id='word_1_52' title='bbox 1173 1271 1419 1323; x_wconf 86' lang='lat' dir='ltr'><strong><em>mortem</em></strong></span> <span class='ocrx_word' id='word_1_53' title='bbox 1453 1266 1764 1332; x_wconf 85' lang='lat' dir='ltr'><strong><em>donentur,</em></strong></span> <span class='ocrx_word' id='word_1_54' title='bbox 1790 1263 1888 1336; x_wconf 89' lang='lat' dir='ltr'><strong>qui</strong></span> <span class='ocrx_word' id='word_1_55' title='bbox 1922 1280 2063 1334; x_wconf 76' lang='lat' dir='ltr'><strong><em>pras-</em></strong></span> 
     </span>
    </p>
   </div>
   <div class='ocr_carea' id='block_1_11' title="bbox 423 1352 2065 1428">
    <p class='ocr_par' dir='ltr' id='par_1_11' title="bbox 423 1352 2065 1428">
     <span class='ocr_line' id='line_1_11' title="bbox 423 1352 2065 1428; baseline 0 -20"><span class='ocrx_word' id='word_1_56' title='bbox 423 1352 574 1408; x_wconf 86' lang='lat' dir='ltr'><strong><em>clare</em></strong></span> <span class='ocrx_word' id='word_1_57' title='bbox 607 1354 753 1410; x_wconf 90' lang='lat' dir='ltr'><strong><em>sein</em></strong></span> <span class='ocrx_word' id='word_1_58' title='bbox 790 1355 898 1411; x_wconf 90' lang='lat' dir='ltr'><strong><em>bac</em></strong></span> <span class='ocrx_word' id='word_1_59' title='bbox 948 1356 1065 1412; x_wconf 89' lang='lat' dir='ltr'><strong><em>vita</em></strong></span> <span class='ocrx_word' id='word_1_60' title='bbox 1121 1359 1430 1428; x_wconf 76' lang='lat' dir='ltr'><strong><em>gesserint.</em></strong></span> <span class='ocrx_word' id='word_1_61' title='bbox 1485 1359 1673 1428; x_wconf 81' lang='lat' dir='ltr'><strong><em>Atque</em></strong></span> <span class='ocrx_word' id='word_1_62' title='bbox 1733 1353 2065 1411; x_wconf 74' lang='lat' dir='ltr'><strong><em>Grmcorum</em></strong></span> 
     </span>
    </p>
   </div>
   <div class='ocr_carea' id='block_1_12' title="bbox 423 1444 2065 1517">
    <p class='ocr_par' dir='ltr' id='par_1_12' title="bbox 423 1444 2065 1517">
     <span class='ocr_line' id='line_1_12' title="bbox 423 1444 2065 1517; baseline 0.001 -22"><span class='ocrx_word' id='word_1_63' title='bbox 423 1444 657 1514; x_wconf 82' lang='lat' dir='ltr'><strong><em>quidem</em></strong></span> <span class='ocrx_word' id='word_1_64' title='bbox 686 1445 755 1500; x_wconf 92' lang='lat' dir='ltr'><strong><em>de</em></strong></span> <span class='ocrx_word' id='word_1_65' title='bbox 779 1446 850 1500; x_wconf 89' lang='lat' dir='ltr'><strong><em>iis</em></strong></span> <span class='ocrx_word' id='word_1_66' title='bbox 874 1464 1000 1517; x_wconf 65' lang='lat' dir='ltr'><strong><em>quae</em></strong></span> <span class='ocrx_word' id='word_1_67' title='bbox 1019 1453 1157 1502; x_wconf 88' lang='lat' dir='ltr'><strong><em>sunt</em></strong></span> <span class='ocrx_word' id='word_1_68' title='bbox 1177 1447 1232 1501; x_wconf 92' lang='lat' dir='ltr'><strong><em>in</em></strong></span> <span class='ocrx_word' id='word_1_69' title='bbox 1260 1463 1452 1502; x_wconf 91' lang='lat' dir='ltr'><strong><em>rerum</em></strong></span> <span class='ocrx_word' id='word_1_70' title='bbox 1490 1454 1698 1501; x_wconf 86' lang='lat' dir='ltr'><strong><em>natura</em></strong></span> <span class='ocrx_word' id='word_1_71' title='bbox 1746 1446 2065 1508; x_wconf 68' lang='lat' dir='ltr'><strong><em>sententiae,</em></strong></span> 
     </span>
    </p>
   </div>
   <div class='ocr_carea' id='block_1_13' title="bbox 425 1532 2064 1608">
    <p class='ocr_par' dir='ltr' id='par_1_13' title="bbox 425 1532 2064 1608">
     <span class='ocr_line' id='line_1_13' title="bbox 425 1532 2064 1608; baseline -0.001 -22"><span class='ocrx_word' id='word_1_72' title='bbox 425 1535 612 1602; x_wconf 81' lang='lat' dir='ltr'><strong><em>quoad</em></strong></span> <span class='ocrx_word' id='word_1_73' title='bbox 638 1551 706 1588; x_wconf 83' lang='lat' dir='ltr'><strong><em>ex</em></strong></span> <span class='ocrx_word' id='word_1_74' title='bbox 732 1535 932 1589; x_wconf 89' lang='lat' dir='ltr'><strong><em>multis</em></strong></span> <span class='ocrx_word' id='word_1_75' title='bbox 958 1552 1172 1608; x_wconf 88' lang='lat' dir='ltr'><strong><em>paucas</em></strong></span> <span class='ocrx_word' id='word_1_76' title='bbox 1190 1551 1458 1590; x_wconf 75' lang='lat' dir='ltr'><strong><em>sermone</em></strong></span> <span class='ocrx_word' id='word_1_77' title='bbox 1496 1549 1826 1606; x_wconf 87' lang='lat' dir='ltr'><strong><em>percurrere</em></strong></span> <span class='ocrx_word' id='word_1_78' title='bbox 1879 1532 2064 1599; x_wconf 82' lang='lat' dir='ltr'><strong><em>licuit,</em></strong></span> 
     </span>
    </p>
   </div>
   <div class='ocr_carea' id='block_1_14' title="bbox 423 1623 861 1679">
    <p class='ocr_par' dir='ltr' id='par_1_14' title="bbox 423 1623 861 1679">
     <span class='ocr_line' id='line_1_14' title="bbox 423 1623 861 1679; baseline 0.009 -4"><span class='ocrx_word' id='word_1_79' title='bbox 423 1623 501 1676; x_wconf 89' lang='lat' dir='ltr'><strong><em>ita</em></strong></span> <span class='ocrx_word' id='word_1_80' title='bbox 533 1640 592 1678; x_wconf 90' lang='lat' dir='ltr'><strong><em>se</em></strong></span> <span class='ocrx_word' id='word_1_81' title='bbox 627 1624 861 1679; x_wconf 87' lang='lat' dir='ltr'><strong><em>habent.</em></strong></span> 
     </span>
    </p>
   </div>
   <div class='ocr_carea' id='block_1_15' title="bbox 1061 1735 1421 1792">
    <p class='ocr_par' dir='ltr' id='par_1_15' title="bbox 1061 1735 1421 1792">
     <span class='ocr_line' id='line_1_15' title="bbox 1061 1735 1421 1792; baseline 0.006 -2"><span class='ocrx_word' id='word_1_82' title='bbox 1061 1735 1219 1792; x_wconf 85' lang='lat' dir='ltr'><strong><em>CAP.</em></strong></span> <span class='ocrx_word' id='word_1_83' title='bbox 1260 1735 1421 1792; x_wconf 85' lang='lat' dir='ltr'><strong><em>XXX.</em></strong></span> 
     </span>
    </p>
   </div>
   <div class='ocr_carea' id='block_1_16' title="bbox 861 1851 1619 1908">
    <p class='ocr_par' dir='ltr' id='par_1_16' title="bbox 861 1851 1619 1908">
     <span class='ocr_line' id='line_1_16' title="bbox 861 1851 1619 1908; baseline 0.004 -4"><span class='ocrx_word' id='word_1_84' title='bbox 861 1851 935 1906; x_wconf 85' lang='lat' dir='ltr'><strong><em>De</em></strong></span> <span class='ocrx_word' id='word_1_85' title='bbox 972 1851 1257 1908; x_wconf 73' lang='lat' dir='ltr'><strong><em>Judaismi</em></strong></span> <span class='ocrx_word' id='word_1_86' title='bbox 1287 1851 1619 1906; x_wconf 73' lang='lat' dir='ltr'><strong><em>auctoribus.</em></strong></span> 
     </span>
    </p>
   </div>
   <div class='ocr_carea' id='block_1_17' title="bbox 495 1967 2070 2042">
    <p class='ocr_par' dir='ltr' id='par_1_17' title="bbox 495 1967 2070 2042">
     <span class='ocr_line' id='line_1_17' title="bbox 495 1967 2070 2042; baseline 0.004 -23"><span class='ocrx_word' id='word_1_87' title='bbox 495 1967 838 2022; x_wconf 84' lang='lat' dir='ltr'><strong><em>Judaismus</em></strong></span> <span class='ocrx_word' id='word_1_88' title='bbox 857 1972 1049 2024; x_wconf 90' lang='lat' dir='ltr'><strong><em>autem</em></strong></span> <span class='ocrx_word' id='word_1_89' title='bbox 1073 1971 1144 2025; x_wconf 90' lang='lat' dir='ltr'><strong><em>ab</em></strong></span> <span class='ocrx_word' id='word_1_90' title='bbox 1164 1970 1492 2026; x_wconf 83' lang='lat' dir='ltr'><strong><em>Abrahamo</em></strong></span> <span class='ocrx_word' id='word_1_91' title='bbox 1507 1969 2070 2042; x_wconf 87' lang='lat' dir='ltr'><strong><em>originem,circum-</em></strong></span> 
     </span>
    </p>
   </div>
   <div class='ocr_carea' id='block_1_18' title="bbox 426 2057 2069 2131">
    <p class='ocr_par' dir='ltr' id='par_1_18' title="bbox 426 2057 2069 2131">
     <span class='ocr_line' id='line_1_18' title="bbox 426 2057 2069 2131; baseline 0.004 -20"><span class='ocrx_word' id='word_1_92' title='bbox 426 2057 1038 2126; x_wconf 89' lang='lat' dir='ltr'><strong><em>cisionisinterventu,</em></strong></span> <span class='ocrx_word' id='word_1_93' title='bbox 1073 2059 1258 2117; x_wconf 86' lang='lat' dir='ltr'><strong><em>duxit.</em></strong></span> <span class='ocrx_word' id='word_1_94' title='bbox 1321 2062 1491 2117; x_wconf 83' lang='lat' dir='ltr'><strong><em>Auxit</em></strong></span> <span class='ocrx_word' id='word_1_95' title='bbox 1538 2063 1810 2118; x_wconf 90' lang='lat' dir='ltr'><strong><em>eumdem</em></strong></span> <span class='ocrx_word' id='word_1_96' title='bbox 1862 2067 2069 2131; x_wconf 84' lang='lat' dir='ltr'><strong><em>Moses,</em></strong></span> 
     </span>
    </p>
   </div>
   <div class='ocr_carea' id='block_1_19' title="bbox 429 2147 2072 2222">
    <p class='ocr_par' dir='ltr' id='par_1_19' title="bbox 429 2147 2072 2222">
     <span class='ocr_line' id='line_1_19' title="bbox 429 2147 2072 2222; baseline 0.001 -20"><span class='ocrx_word' id='word_1_97' title='bbox 429 2147 528 2219; x_wconf 87' lang='lat' dir='ltr'><strong><em>qui</em></strong></span> <span class='ocrx_word' id='word_1_98' title='bbox 551 2150 837 2219; x_wconf 83' lang='lat' dir='ltr'><strong><em>septimus</em></strong></span> <span class='ocrx_word' id='word_1_99' title='bbox 869 2150 941 2204; x_wconf 90' lang='lat' dir='ltr'><strong><em>ab</em></strong></span> <span class='ocrx_word' id='word_1_100' title='bbox 961 2151 1286 2207; x_wconf 84' lang='lat' dir='ltr'><strong><em>Abrahamo</em></strong></span> <span class='ocrx_word' id='word_1_101' title='bbox 1311 2150 1572 2208; x_wconf 88' lang='lat' dir='ltr'><strong><em>Judaicis</em></strong></span> <span class='ocrx_word' id='word_1_102' title='bbox 1598 2152 1772 2207; x_wconf 87' lang='lat' dir='ltr'><strong><em>rebus</em></strong></span> <span class='ocrx_word' id='word_1_103' title='bbox 1822 2153 2072 2222; x_wconf 62' lang='lat' dir='ltr'><strong><em>praefuit,</em></strong></span> 
     </span>
    </p>
   </div>
   <div class='ocr_carea' id='block_1_20' title="bbox 431 2237 2074 2312">
    <p class='ocr_par' dir='ltr' id='par_1_20' title="bbox 431 2237 2074 2312">
     <span class='ocr_line' id='line_1_20' title="bbox 431 2237 2074 2312; baseline 0.002 -20"><span class='ocrx_word' id='word_1_104' title='bbox 431 2237 577 2309; x_wconf 85' lang='lat' dir='ltr'><strong><em>legis</em></strong></span> <span class='ocrx_word' id='word_1_105' title='bbox 607 2238 910 2305; x_wconf 79' lang='lat' dir='ltr'><strong><em>beneflcio,</em></strong></span> <span class='ocrx_word' id='word_1_106' title='bbox 945 2257 1121 2312; x_wconf 88' lang='lat' dir='ltr'><strong><em>quam</em></strong></span> <span class='ocrx_word' id='word_1_107' title='bbox 1173 2259 1207 2295; x_wconf 86' lang='lat' dir='ltr'><strong><em>a</em></strong></span> <span class='ocrx_word' id='word_1_108' title='bbox 1263 2246 1373 2297; x_wconf 90' lang='lat' dir='ltr'><strong><em>Deo</em></strong></span> <span class='ocrx_word' id='word_1_109' title='bbox 1404 2241 1460 2296; x_wconf 90' lang='lat' dir='ltr'><strong><em>in</em></strong></span> <span class='ocrx_word' id='word_1_110' title='bbox 1511 2242 1649 2296; x_wconf 86' lang='lat' dir='ltr'><strong><em>Sina</em></strong></span> <span class='ocrx_word' id='word_1_111' title='bbox 1685 2247 1880 2298; x_wconf 89' lang='lat' dir='ltr'><strong><em>monte</em></strong></span> <span class='ocrx_word' id='word_1_112' title='bbox 1911 2258 2074 2297; x_wconf 88' lang='lat' dir='ltr'><strong><em>acce-</em></strong></span> 
     </span>
    </p>
   </div>
   <div class='ocr_carea' id='block_1_21' title="bbox 428 2327 2074 2400">
    <p class='ocr_par' dir='ltr' id='par_1_21' title="bbox 428 2327 2074 2400">
     <span class='ocr_line' id='line_1_21' title="bbox 428 2327 2074 2400; baseline 0.001 -18"><span class='ocrx_word' id='word_1_113' title='bbox 428 2334 612 2399; x_wconf 82' lang='lat' dir='ltr'><strong><em>perat.</em></strong></span> <span class='ocrx_word' id='word_1_114' title='bbox 646 2327 882 2384; x_wconf 88' lang='lat' dir='ltr'><strong><em>Ornavit</em></strong></span> <span class='ocrx_word' id='word_1_115' title='bbox 916 2335 1116 2400; x_wconf 89' lang='lat' dir='ltr'><strong><em>postea</em></strong></span> <span class='ocrx_word' id='word_1_116' title='bbox 1151 2331 1391 2385; x_wconf 87' lang='lat' dir='ltr'><strong><em>Davides</em></strong></span> <span class='ocrx_word' id='word_1_117' title='bbox 1421 2347 1489 2385; x_wconf 86' lang='lat' dir='ltr'><strong><em>ex</em></strong></span> <span class='ocrx_word' id='word_1_118' title='bbox 1528 2331 1681 2386; x_wconf 87' lang='lat' dir='ltr'><strong><em>tribu</em></strong></span> <span class='ocrx_word' id='word_1_119' title='bbox 1745 2331 2074 2400; x_wconf 84' lang='lat' dir='ltr'><strong><em>Benjamin,</em></strong></span> 
     </span>
    </p>
   </div>
   <div class='ocr_carea' id='block_1_22' title="bbox 429 2416 2078 2490">
    <p class='ocr_par' dir='ltr' id='par_1_22' title="bbox 429 2416 2078 2490">
     <span class='ocr_line' id='line_1_22' title="bbox 429 2416 2078 2490; baseline 0.002 -19"><span class='ocrx_word' id='word_1_120' title='bbox 429 2416 531 2471; x_wconf 89' lang='lat' dir='ltr'><strong><em>ubi</em></strong></span> <span class='ocrx_word' id='word_1_121' title='bbox 564 2417 816 2485; x_wconf 88' lang='lat' dir='ltr'><strong><em>primum</em></strong></span> <span class='ocrx_word' id='word_1_122' title='bbox 850 2416 1006 2472; x_wconf 80' lang='lat' dir='ltr'><strong>Sauli</strong></span> <span class='ocrx_word' id='word_1_123' title='bbox 1040 2419 1341 2484; x_wconf 83' lang='lat' dir='ltr'><strong><em>successit.</em></strong></span> <span class='ocrx_word' id='word_1_124' title='bbox 1380 2435 1632 2490; x_wconf 81' lang='lat' dir='ltr'><strong><em>cumque</em></strong></span> <span class='ocrx_word' id='word_1_125' title='bbox 1675 2421 1797 2488; x_wconf 88' lang='lat' dir='ltr'><strong><em>jam</em></strong></span> <span class='ocrx_word' id='word_1_126' title='bbox 1835 2421 2078 2490; x_wconf 88' lang='lat' dir='ltr'><strong><em>quadra-</em></strong></span> 
     </span>
    </p>
   </div>
   <div class='ocr_carea' id='block_1_23' title="bbox 430 2507 2079 2579">
    <p class='ocr_par' dir='ltr' id='par_1_23' title="bbox 430 2507 2079 2579">
     <span class='ocr_line' id='line_1_23' title="bbox 430 2507 2079 2579; baseline 0.002 -19"><span class='ocrx_word' id='word_1_127' title='bbox 430 2507 592 2579; x_wconf 87' lang='lat' dir='ltr'><strong><em>ginta</em></strong></span> <span class='ocrx_word' id='word_1_128' title='bbox 619 2523 804 2562; x_wconf 87' lang='lat' dir='ltr'><strong><em>annos</em></strong></span> <span class='ocrx_word' id='word_1_129' title='bbox 835 2507 1055 2564; x_wconf 63' lang='lat' dir='ltr'><strong><em>Judaei:</em></strong></span> <span class='ocrx_word' id='word_1_130' title='bbox 1087 2508 1452 2579; x_wconf 65' lang='lat' dir='ltr'><strong><em>imperasset,</em></strong></span> <span class='ocrx_word' id='word_1_131' title='bbox 1502 2508 1711 2563; x_wconf 89' lang='lat' dir='ltr'><strong><em>virtute</em></strong></span> <span class='ocrx_word' id='word_1_132' title='bbox 1760 2509 1982 2564; x_wconf 90' lang='lat' dir='ltr'><strong><em>scilicet</em></strong></span> <span class='ocrx_word' id='word_1_133' title='bbox 2022 2512 2079 2564; x_wconf 89' lang='lat' dir='ltr'><strong><em>et</em></strong></span> 
     </span>
    </p>
   </div>
   <div class='ocr_carea' id='block_1_24' title="bbox 438 2596 2077 2668">
    <p class='ocr_par' dir='ltr' id='par_1_24' title="bbox 438 2596 2077 2668">
     <span class='ocr_line' id='line_1_24' title="bbox 438 2596 2077 2668; baseline 0.001 -17"><span class='ocrx_word' id='word_1_134' title='bbox 438 2596 725 2665; x_wconf 76' lang='lat' dir='ltr'><strong><em>sapientia</em></strong></span> <span class='ocrx_word' id='word_1_135' title='bbox 756 2596 1108 2666; x_wconf 68' lang='lat' dir='ltr'><strong><em>praecellens,</em></strong></span> <span class='ocrx_word' id='word_1_136' title='bbox 1151 2599 1367 2668; x_wconf 90' lang='lat' dir='ltr'><strong><em>quippe</em></strong></span> <span class='ocrx_word' id='word_1_137' title='bbox 1424 2597 1523 2668; x_wconf 90' lang='lat' dir='ltr'><strong><em>qui</em></strong></span> <span class='ocrx_word' id='word_1_138' title='bbox 1583 2599 1824 2654; x_wconf 83' lang='lat' dir='ltr'><strong><em>numine</em></strong></span> <span class='ocrx_word' id='word_1_139' title='bbox 1883 2598 2077 2653; x_wconf 89' lang='lat' dir='ltr'><strong><em>divino</em></strong></span> 
     </span>
    </p>
   </div>
   <div class='ocr_carea' id='block_1_25' title="bbox 437 2684 2076 2755">
    <p class='ocr_par' dir='ltr' id='par_1_25' title="bbox 437 2684 2076 2755">
     <span class='ocr_line' id='line_1_25' title="bbox 437 2684 2076 2755; baseline 0.001 -15"><span class='ocrx_word' id='word_1_140' title='bbox 437 2684 671 2740; x_wconf 84' lang='lat' dir='ltr'><strong><em>altlatus</em></strong></span> <span class='ocrx_word' id='word_1_141' title='bbox 721 2689 898 2750; x_wconf 87' lang='lat' dir='ltr'><strong><em>esset,</em></strong></span> <span class='ocrx_word' id='word_1_142' title='bbox 957 2702 1197 2741; x_wconf 89' lang='lat' dir='ltr'><strong><em>suorum</em></strong></span> <span class='ocrx_word' id='word_1_143' title='bbox 1250 2688 1534 2742; x_wconf 83' lang='lat' dir='ltr'><strong><em>terminos</em></strong></span> <span class='ocrx_word' id='word_1_144' title='bbox 1591 2687 1873 2742; x_wconf 87' lang='lat' dir='ltr'><strong><em>dilatavit.</em></strong></span> <span class='ocrx_word' id='word_1_145' title='bbox 1938 2687 2076 2755; x_wconf 88' lang='lat' dir='ltr'><strong><em>Ejus</em></strong></span> 
     </span>
    </p>
   </div>
   <div class='ocr_carea' id='block_1_26' title="bbox 435 2777 2078 2844">
    <p class='ocr_par' dir='ltr' id='par_1_26' title="bbox 435 2777 2078 2844">
     <span class='ocr_line' id='line_1_26' title="bbox 435 2777 2078 2844; baseline 0 -11"><span class='ocrx_word' id='word_1_146' title='bbox 435 2777 592 2833; x_wconf 91' lang='lat' dir='ltr'><strong><em>enim</em></strong></span> <span class='ocrx_word' id='word_1_147' title='bbox 630 2795 873 2834; x_wconf 90' lang='lat' dir='ltr'><strong><em>manum</em></strong></span> <span class='ocrx_word' id='word_1_148' title='bbox 906 2779 1061 2835; x_wconf 89' lang='lat' dir='ltr'><strong><em>Deus</em></strong></span> <span class='ocrx_word' id='word_1_149' title='bbox 1091 2779 1152 2834; x_wconf 89' lang='lat' dir='ltr'><strong><em>in</em></strong></span> <span class='ocrx_word' id='word_1_150' title='bbox 1187 2779 1330 2834; x_wconf 86' lang='lat' dir='ltr'><strong><em>mari</em></strong></span> <span class='ocrx_word' id='word_1_151' title='bbox 1387 2778 1664 2844; x_wconf 86' lang='lat' dir='ltr'><strong><em>extendit,</em></strong></span> <span class='ocrx_word' id='word_1_152' title='bbox 1709 2784 1766 2835; x_wconf 90' lang='lat' dir='ltr'><strong><em>et</em></strong></span> <span class='ocrx_word' id='word_1_153' title='bbox 1810 2779 1868 2834; x_wconf 91' lang='lat' dir='ltr'><strong><em>in</em></strong></span> <span class='ocrx_word' id='word_1_154' title='bbox 1904 2778 2078 2834; x_wconf 81' lang='lat' dir='ltr'><strong><em>fluvio</em></strong></span> 
     </span>
    </p>
   </div>
   <div class='ocr_carea' id='block_1_27' title="bbox 435 2869 910 2940">
    <p class='ocr_par' dir='ltr' id='par_1_27' title="bbox 435 2869 910 2940">
     <span class='ocr_line' id='line_1_27' title="bbox 435 2869 910 2940; baseline 0.002 -18"><span class='ocrx_word' id='word_1_155' title='bbox 435 2869 729 2924; x_wconf 85' lang='lat' dir='ltr'><strong><em>dexteram</em></strong></span> <span class='ocrx_word' id='word_1_156' title='bbox 762 2869 910 2940; x_wconf 80' lang='lat' dir='ltr'><strong><em>eius.</em></strong></span> 
     </span>
    </p>
   </div>
   <div class='ocr_carea' id='block_1_28' title="bbox 1056 2959 1453 3016">
    <p class='ocr_par' dir='ltr' id='par_1_28' title="bbox 1056 2959 1453 3016">
     <span class='ocr_line' id='line_1_28' title="bbox 1056 2959 1453 3016; baseline 0.008 -5"><span class='ocrx_word' id='word_1_157' title='bbox 1056 2961 1212 3016; x_wconf 83' lang='lat' dir='ltr'><strong><em>CAP.</em></strong></span> <span class='ocrx_word' id='word_1_158' title='bbox 1244 2959 1453 3014; x_wconf 82' lang='lat' dir='ltr'><strong><em>XXXI.</em></strong></span> 
     </span>
    </p>
   </div>
   <div class='ocr_carea' id='block_1_29' title="bbox 600 3047 1924 3120">
    <p class='ocr_par' dir='ltr' id='par_1_29' title="bbox 600 3047 1924 3120">
     <span class='ocr_line' id='line_1_29' title="bbox 600 3047 1924 3120; baseline 0.002 -20"><span class='ocrx_word' id='word_1_159' title='bbox 600 3050 897 3104; x_wconf 69' lang='lat' dir='ltr'><strong><em>Haereseon</em></strong></span> <span class='ocrx_word' id='word_1_160' title='bbox 935 3050 985 3101; x_wconf 85' lang='lat' dir='ltr'><strong><em>et</em></strong></span> <span class='ocrx_word' id='word_1_161' title='bbox 1007 3047 1335 3102; x_wconf 79' lang='lat' dir='ltr'><strong><em>seditionum</em></strong></span> <span class='ocrx_word' id='word_1_162' title='bbox 1365 3047 1723 3104; x_wconf 72' lang='lat' dir='ltr'><strong><em>Iudaicarum</em></strong></span> <span class='ocrx_word' id='word_1_163' title='bbox 1752 3047 1924 3120; x_wconf 85' lang='lat' dir='ltr'><strong><em>origo.</em></strong></span> 
     </span>
    </p>
   </div>
   <div class='ocr_carea' id='block_1_30' title="bbox 510 3135 2079 3209">
    <p class='ocr_par' dir='ltr' id='par_1_30' title="bbox 510 3135 2079 3209">
     <span class='ocr_line' id='line_1_30' title="bbox 510 3135 2079 3209; baseline -0.001 -17"><span class='ocrx_word' id='word_1_164' title='bbox 510 3138 653 3192; x_wconf 89' lang='lat' dir='ltr'><strong><em>Cum</em></strong></span> <span class='ocrx_word' id='word_1_165' title='bbox 686 3151 822 3207; x_wconf 86' lang='lat' dir='ltr'><strong><em>ergo</em></strong></span> <span class='ocrx_word' id='word_1_166' title='bbox 868 3153 934 3191; x_wconf 92' lang='lat' dir='ltr'><strong><em>eo</em></strong></span> <span class='ocrx_word' id='word_1_167' title='bbox 973 3135 1255 3192; x_wconf 80' lang='lat' dir='ltr'><strong><em>claritatis</em></strong></span> <span class='ocrx_word' id='word_1_168' title='bbox 1302 3137 1608 3192; x_wconf 76' lang='lat' dir='ltr'><strong><em>Iudaicum</em></strong></span> <span class='ocrx_word' id='word_1_169' title='bbox 1669 3153 1857 3209; x_wconf 90' lang='lat' dir='ltr'><strong><em>genus</em></strong></span> <span class='ocrx_word' id='word_1_170' title='bbox 1891 3152 2079 3192; x_wconf 82' lang='lat' dir='ltr'><strong><em>excre-</em></strong></span> 
     </span>
    </p>
   </div>
   <div class='ocr_carea' id='block_1_31' title="bbox 1722 363 2489 427">
    <p class='ocr_par' dir='ltr' id='par_1_31' title="bbox 1722 363 2489 427">
     <span class='ocr_line' id='line_1_31' title="bbox 1722 363 2489 427; baseline 0.001 -2"><span class='ocrx_word' id='word_1_171' title='bbox 1722 363 2024 426; x_wconf 66' lang='lat' dir='ltr'><strong><em>NICETIE</em></strong></span> <span class='ocrx_word' id='word_1_172' title='bbox 2065 363 2489 427; x_wconf 72' lang='grc' dir='ltr'><strong><em>ΟΗΟΝΙΑΤΕ</em></strong></span> 
     </span>
    </p>
   </div>
   <div class='ocr_carea' id='block_1_32' title="bbox 2097 496 3841 567">
    <p class='ocr_par' dir='ltr' id='par_1_32' title="bbox 2097 496 3841 567">
     <span class='ocr_line' id='line_1_32' title="bbox 2097 496 3841 567; baseline 0.003 -16"><span class='ocrx_word' id='word_1_173' title='bbox 2097 504 2147 567; x_wconf 75' lang='grc' dir='ltr'><strong>Α</strong></span> <span class='ocrx_word' id='word_1_174' title='bbox 2181 496 2646 564; x_wconf 78' lang='lat' dir='ltr'><strong><em>interﬂuxerunt,</em></strong></span> <span class='ocrx_word' id='word_1_175' title='bbox 2679 514 2712 552; x_wconf 90' lang='lat' dir='ltr'><strong><em>a</em></strong></span> <span class='ocrx_word' id='word_1_176' title='bbox 2740 513 2876 552; x_wconf 89' lang='lat' dir='ltr'><strong><em>vero</em></strong></span> <span class='ocrx_word' id='word_1_177' title='bbox 2907 497 3006 553; x_wconf 91' lang='lat' dir='ltr'><strong><em>Dei</em></strong></span> <span class='ocrx_word' id='word_1_178' title='bbox 3039 498 3202 555; x_wconf 92' lang='lat' dir='ltr'><strong><em>cultu</em></strong></span> <span class='ocrx_word' id='word_1_179' title='bbox 3263 499 3607 556; x_wconf 81' lang='lat' dir='ltr'><strong><em>aberrantes</em></strong></span> <span class='ocrx_word' id='word_1_180' title='bbox 3661 501 3841 558; x_wconf 88' lang='lat' dir='ltr'><strong><em>Israel</em></strong></span> 
     </span>
    </p>
   </div>
   <div class='ocr_carea' id='block_1_33' title="bbox 3675 361 3846 430">
    <p class='ocr_par' dir='ltr' id='par_1_33' title="bbox 3675 361 3846 430">
     <span class='ocr_line' id='line_1_33' title="bbox 3675 361 3846 430; baseline 0 -1"><span class='ocrx_word' id='word_1_181' title='bbox 3675 361 3846 430; x_wconf 66' lang='grc'><strong><em>’1120</em></strong></span> 
     </span>
    </p>
   </div>
   <div class='ocr_carea' id='block_1_34' title="bbox 2182 585 3841 658">
    <p class='ocr_par' dir='ltr' id='par_1_34' title="bbox 2182 585 3841 658">
     <span class='ocr_line' id='line_1_34' title="bbox 2182 585 3841 658; baseline 0.005 -19"><span class='ocrx_word' id='word_1_182' title='bbox 2182 585 2295 641; x_wconf 69' lang='lat' dir='ltr'><strong><em>litae</em></strong></span> <span class='ocrx_word' id='word_1_183' title='bbox 2327 585 2439 640; x_wconf 87' lang='lat' dir='ltr'><strong><em>diis</em></strong></span> <span class='ocrx_word' id='word_1_184' title='bbox 2471 585 2680 641; x_wconf 88' lang='lat' dir='ltr'><strong><em>alienis</em></strong></span> <span class='ocrx_word' id='word_1_185' title='bbox 2708 603 2873 641; x_wconf 87' lang='lat' dir='ltr'><strong><em>sacra</em></strong></span> <span class='ocrx_word' id='word_1_186' title='bbox 2906 587 3184 642; x_wconf 83' lang='lat' dir='ltr'><strong><em>fecerunt.</em></strong></span> <span class='ocrx_word' id='word_1_187' title='bbox 3217 591 3358 644; x_wconf 90' lang='lat' dir='ltr'><strong><em>Cum</em></strong></span> <span class='ocrx_word' id='word_1_188' title='bbox 3395 589 3650 658; x_wconf 90' lang='lat' dir='ltr'><strong><em>primum</em></strong></span> <span class='ocrx_word' id='word_1_189' title='bbox 3689 593 3841 647; x_wconf 87' lang='lat' dir='ltr'><strong><em>enim</em></strong></span> 
     </span>
    </p>
   </div>
   <div class='ocr_carea' id='block_1_35' title="bbox 2181 673 3838 748">
    <p class='ocr_par' dir='ltr' id='par_1_35' title="bbox 2181 673 3838 748">
     <span class='ocr_line' id='line_1_35' title="bbox 2181 673 3838 748; baseline 0.003 -18"><span class='ocrx_word' id='word_1_190' title='bbox 2181 673 2506 730; x_wconf 85' lang='lat' dir='ltr'><strong><em>conﬂatiles</em></strong></span> <span class='ocrx_word' id='word_1_191' title='bbox 2537 691 2680 730; x_wconf 86' lang='lat' dir='ltr'><strong><em>auro</em></strong></span> <span class='ocrx_word' id='word_1_192' title='bbox 2709 691 2918 731; x_wconf 87' lang='lat' dir='ltr'><strong><em>vaccas</em></strong></span> <span class='ocrx_word' id='word_1_193' title='bbox 2966 676 3195 748; x_wconf 74' lang='lat' dir='ltr'><strong><em>ignavis</em></strong></span> <span class='ocrx_word' id='word_1_194' title='bbox 3253 683 3308 732; x_wconf 85' lang='lat' dir='ltr'><strong><em>et</em></strong></span> <span class='ocrx_word' id='word_1_195' title='bbox 3349 677 3669 734; x_wconf 72' lang='lat' dir='ltr'><strong><em>hebetibus</em></strong></span> <span class='ocrx_word' id='word_1_196' title='bbox 3701 682 3838 736; x_wconf 84' lang='lat' dir='ltr'><strong><em>ado-</em></strong></span> 
     </span>
    </p>
   </div>
   <div class='ocr_carea' id='block_1_36' title="bbox 2183 764 3845 836">
    <p class='ocr_par' dir='ltr' id='par_1_36' title="bbox 2183 764 3845 836">
     <span class='ocr_line' id='line_1_36' title="bbox 2183 764 3845 836; baseline 0.003 -17"><span class='ocrx_word' id='word_1_197' title='bbox 2183 765 2397 819; x_wconf 74' lang='lat' dir='ltr'><strong><em>randae</em></strong></span> <span class='ocrx_word' id='word_1_198' title='bbox 2425 764 2812 820; x_wconf 83' lang='lat' dir='ltr'><strong><em>Jerobuamus</em></strong></span> <span class='ocrx_word' id='word_1_199' title='bbox 2843 767 3167 836; x_wconf 85' lang='lat' dir='ltr'><strong><em>proposuit,</em></strong></span> <span class='ocrx_word' id='word_1_200' title='bbox 3229 783 3361 822; x_wconf 83' lang='lat' dir='ltr'><strong><em>mox</em></strong></span> <span class='ocrx_word' id='word_1_201' title='bbox 3419 771 3596 824; x_wconf 88' lang='lat' dir='ltr'><strong><em>etiam</em></strong></span> <span class='ocrx_word' id='word_1_202' title='bbox 3655 770 3715 823; x_wconf 90' lang='lat' dir='ltr'><strong><em>in</em></strong></span> <span class='ocrx_word' id='word_1_203' title='bbox 3748 771 3845 824; x_wconf 88' lang='lat' dir='ltr'><strong><em>ob-</em></strong></span> 
     </span>
    </p>
   </div>
   <div class='ocr_carea' id='block_1_37' title="bbox 2179 852 3842 927">
    <p class='ocr_par' dir='ltr' id='par_1_37' title="bbox 2179 852 3842 927">
     <span class='ocr_line' id='line_1_37' title="bbox 2179 852 3842 927; baseline 0.004 -20"><span class='ocrx_word' id='word_1_204' title='bbox 2179 853 2372 908; x_wconf 89' lang='lat' dir='ltr'><strong><em>scuris</em></strong></span> <span class='ocrx_word' id='word_1_205' title='bbox 2403 853 2546 909; x_wconf 90' lang='lat' dir='ltr'><strong><em>locis</em></strong></span> <span class='ocrx_word' id='word_1_206' title='bbox 2578 859 2634 907; x_wconf 85' lang='lat' dir='ltr'><strong><em>et</em></strong></span> <span class='ocrx_word' id='word_1_207' title='bbox 2664 852 2814 908; x_wconf 87' lang='lat' dir='ltr'><strong><em>lucis</em></strong></span> <span class='ocrx_word' id='word_1_208' title='bbox 2861 854 3131 908; x_wconf 79' lang='lat' dir='ltr'><strong><em>victimas</em></strong></span> <span class='ocrx_word' id='word_1_209' title='bbox 3191 855 3409 911; x_wconf 85' lang='lat' dir='ltr'><strong><em>multas</em></strong></span> <span class='ocrx_word' id='word_1_210' title='bbox 3468 859 3842 927; x_wconf 89' lang='lat' dir='ltr'><strong><em>obtulerunt,</em></strong></span> 
     </span>
    </p>
   </div>
   <div class='ocr_carea' id='block_1_38' title="bbox 2181 941 3625 1017">
    <p class='ocr_par' dir='ltr' id='par_1_38' title="bbox 2181 941 3625 1017">
     <span class='ocr_line' id='line_1_38' title="bbox 2181 941 3625 1017; baseline 0.004 -21"><span class='ocrx_word' id='word_1_211' title='bbox 2181 941 2532 1013; x_wconf 88' lang='lat' dir='ltr'><strong><em>Baalamque</em></strong></span> <span class='ocrx_word' id='word_1_212' title='bbox 2562 947 2832 1013; x_wconf 85' lang='lat' dir='ltr'><strong><em>tanquam</em></strong></span> <span class='ocrx_word' id='word_1_213' title='bbox 2868 941 3045 997; x_wconf 90' lang='lat' dir='ltr'><strong><em>Deum</em></strong></span> <span class='ocrx_word' id='word_1_214' title='bbox 3080 942 3265 1000; x_wconf 90' lang='lat' dir='ltr'><strong><em>colere</em></strong></span> <span class='ocrx_word' id='word_1_215' title='bbox 3296 954 3625 1017; x_wconf 75' lang='lat' dir='ltr'><strong><em>cmperuut.</em></strong></span> 
     </span>
    </p>
   </div>
   <div class='ocr_carea' id='block_1_39' title="bbox 2781 1051 3225 1107">
    <p class='ocr_par' dir='ltr' id='par_1_39' title="bbox 2781 1051 3225 1107">
     <span class='ocr_line' id='line_1_39' title="bbox 2781 1051 3225 1107; baseline 0.002 -1"><span class='ocrx_word' id='word_1_216' title='bbox 2781 1051 2936 1107; x_wconf 88' lang='lat' dir='ltr'><strong><em>CAP.</em></strong></span> <span class='ocrx_word' id='word_1_217' title='bbox 2970 1051 3225 1107; x_wconf 81' lang='lat' dir='ltr'><strong><em>XXXIII.</em></strong></span> 
     </span>
    </p>
   </div>
   <div class='ocr_carea' id='block_1_40' title="bbox 2181 1165 3841 1240">
    <p class='ocr_par' dir='ltr' id='par_1_40' title="bbox 2181 1165 3841 1240">
     <span class='ocr_line' id='line_1_40' title="bbox 2181 1165 3841 1240; baseline 0.001 -17"><span class='ocrx_word' id='word_1_218' title='bbox 2181 1166 2500 1240; x_wconf 73' lang='lat' dir='ltr'><strong><em>Captivitas.</em></strong></span> <span class='ocrx_word' id='word_1_219' title='bbox 2535 1165 2729 1240; x_wconf 75' lang='lat' dir='ltr'><strong><em>Esdras</em></strong></span> <span class='ocrx_word' id='word_1_220' title='bbox 2761 1165 3050 1240; x_wconf 54' lang='lat' dir='ltr'><strong><em>Babylone</em></strong></span> <span class='ocrx_word' id='word_1_221' title='bbox 3079 1168 3138 1222; x_wconf 80' lang='lat' dir='ltr'><strong><em>in</em></strong></span> <span class='ocrx_word' id='word_1_222' title='bbox 3162 1166 3478 1240; x_wconf 72' lang='lat' dir='ltr'><strong><em>Samariam</em></strong></span> <span class='ocrx_word' id='word_1_223' title='bbox 3510 1168 3841 1226; x_wconf 77' lang='lat' dir='ltr'><strong><em>idololatri:</em></strong></span> 
     </span>
    </p>
   </div>
   <div class='ocr_carea' id='block_1_41' title="bbox 2639 1237 3358 1294">
    <p class='ocr_par' dir='ltr' id='par_1_41' title="bbox 2639 1237 3358 1294">
     <span class='ocr_line' id='line_1_41' title="bbox 2639 1237 3358 1294; baseline 0 -2"><span class='ocrx_word' id='word_1_224' title='bbox 2639 1238 3061 1293; x_wconf 79' lang='lat' dir='ltr'><strong><em>inhabitabitem</em></strong></span> <span class='ocrx_word' id='word_1_225' title='bbox 3091 1237 3358 1294; x_wconf 79' lang='lat' dir='ltr'><strong><em>mittitur.</em></strong></span> 
     </span>
    </p>
   </div>
   <div class='ocr_carea' id='block_1_42' title="bbox 2245 1336 3832 1412">
    <p class='ocr_par' dir='ltr' id='par_1_42' title="bbox 2245 1336 3832 1412">
     <span class='ocr_line' id='line_1_42' title="bbox 2245 1336 3832 1412; baseline 0.004 -22"><span class='ocrx_word' id='word_1_226' title='bbox 2245 1337 2438 1394; x_wconf 85' lang='lat' dir='ltr'><strong><em>Verim</em></strong></span> <span class='ocrx_word' id='word_1_227' title='bbox 2465 1337 2760 1392; x_wconf 90' lang='lat' dir='ltr'><strong><em>enimvero</em></strong></span> <span class='ocrx_word' id='word_1_228' title='bbox 2786 1354 2921 1393; x_wconf 91' lang='lat' dir='ltr'><strong><em>cum</em></strong></span> <span class='ocrx_word' id='word_1_229' title='bbox 2969 1336 3388 1409; x_wconf 80' lang='lat' dir='ltr'><strong><em>Hierosolymis</em></strong></span> <span class='ocrx_word' id='word_1_230' title='bbox 3447 1342 3832 1412; x_wconf 77' lang='lat' dir='ltr'><strong><em>expugnatis,</em></strong></span> 
     </span>
    </p>
   </div>
   <div class='ocr_carea' id='block_1_43' title="bbox 2179 1427 3838 1502">
    <p class='ocr_par' dir='ltr' id='par_1_43' title="bbox 2179 1427 3838 1502">
     <span class='ocr_line' id='line_1_43' title="bbox 2179 1427 3838 1502; baseline 0.003 -20"><span class='ocrx_word' id='word_1_231' title='bbox 2179 1428 2516 1500; x_wconf 85' lang='lat' dir='ltr'><strong><em>temploque</em></strong></span> <span class='ocrx_word' id='word_1_232' title='bbox 2568 1428 2800 1482; x_wconf 84' lang='lat' dir='ltr'><strong><em>incenso</em></strong></span> <span class='ocrx_word' id='word_1_233' title='bbox 2843 1427 3381 1485; x_wconf 84' lang='lat' dir='ltr'><strong><em>Nabuchcdonosor</em></strong></span> <span class='ocrx_word' id='word_1_234' title='bbox 3424 1430 3612 1486; x_wconf 89' lang='lat' dir='ltr'><strong><em>victor</em></strong></span> <span class='ocrx_word' id='word_1_235' title='bbox 3646 1449 3838 1502; x_wconf 72' lang='lat' dir='ltr'><strong><em>popu-</em></strong></span> 
     </span>
    </p>
   </div>
   <div class='ocr_carea' id='block_1_44' title="bbox 2175 1517 3839 1590">
    <p class='ocr_par' dir='ltr' id='par_1_44' title="bbox 2175 1517 3839 1590">
     <span class='ocr_line' id='line_1_44' title="bbox 2175 1517 3839 1590; baseline 0.003 -18"><span class='ocrx_word' id='word_1_236' title='bbox 2175 1517 2320 1583; x_wconf 91' lang='lat' dir='ltr'><strong><em>lum,</em></strong></span> <span class='ocrx_word' id='word_1_237' title='bbox 2358 1524 2634 1584; x_wconf 69' lang='lat' dir='ltr'><strong><em>regnante</em></strong></span> <span class='ocrx_word' id='word_1_238' title='bbox 2665 1524 2804 1572; x_wconf 87' lang='lat' dir='ltr'><strong><em>tunc</em></strong></span> <span class='ocrx_word' id='word_1_239' title='bbox 2833 1517 3138 1588; x_wconf 77' lang='lat' dir='ltr'><strong><em>Jecbonia,</em></strong></span> <span class='ocrx_word' id='word_1_240' title='bbox 3171 1520 3464 1590; x_wconf 87' lang='lat' dir='ltr'><strong><em>captivum</em></strong></span> <span class='ocrx_word' id='word_1_241' title='bbox 3518 1519 3631 1576; x_wconf 83' lang='lat' dir='ltr'><strong><em>sibi</em></strong></span> <span class='ocrx_word' id='word_1_242' title='bbox 3671 1539 3839 1577; x_wconf 87' lang='lat' dir='ltr'><strong><em>man-</em></strong></span> 
     </span>
    </p>
   </div>
   <div class='ocr_carea' id='block_1_45' title="bbox 2178 1607 3844 1685">
    <p class='ocr_par' dir='ltr' id='par_1_45' title="bbox 2178 1607 3844 1685">
     <span class='ocr_line' id='line_1_45' title="bbox 2178 1607 3844 1685; baseline 0.004 -23"><span class='ocrx_word' id='word_1_243' title='bbox 2178 1607 2451 1679; x_wconf 87' lang='lat' dir='ltr'><strong><em>cipasset,</em></strong></span> <span class='ocrx_word' id='word_1_244' title='bbox 2483 1607 2670 1662; x_wconf 71' lang='lat' dir='ltr'><strong><em>Judaai</em></strong></span> <span class='ocrx_word' id='word_1_245' title='bbox 2704 1623 2806 1678; x_wconf 89' lang='lat' dir='ltr'><strong><em>per</em></strong></span> <span class='ocrx_word' id='word_1_246' title='bbox 2837 1607 3055 1676; x_wconf 73' lang='lat' dir='ltr'><strong><em>legatos</em></strong></span> <span class='ocrx_word' id='word_1_247' title='bbox 3105 1625 3138 1662; x_wconf 90' lang='lat' dir='ltr'><strong><em>a</em></strong></span> <span class='ocrx_word' id='word_1_248' title='bbox 3193 1611 3646 1677; x_wconf 79' lang='lat' dir='ltr'><strong><em>Babyloniorum</em></strong></span> <span class='ocrx_word' id='word_1_249' title='bbox 3708 1629 3844 1685; x_wconf 84' lang='lat' dir='ltr'><strong><em>rege</em></strong></span> 
     </span>
    </p>
   </div>
   <div class='ocr_carea' id='block_1_46' title="bbox 2176 1697 3841 1768">
    <p class='ocr_par' dir='ltr' id='par_1_46' title="bbox 2176 1697 3841 1768">
     <span class='ocr_line' id='line_1_46' title="bbox 2176 1697 3841 1768; baseline 0.002 -15"><span class='ocrx_word' id='word_1_250' title='bbox 2176 1703 2509 1766; x_wconf 89' lang='lat' dir='ltr'><strong><em>exorarunt,</em></strong></span> <span class='ocrx_word' id='word_1_251' title='bbox 2545 1702 2610 1751; x_wconf 90' lang='lat' dir='ltr'><strong><em>ut</em></strong></span> <span class='ocrx_word' id='word_1_252' title='bbox 2638 1713 2707 1751; x_wconf 83' lang='lat' dir='ltr'><strong><em>ex</em></strong></span> <span class='ocrx_word' id='word_1_253' title='bbox 2739 1697 2864 1751; x_wconf 89' lang='lat' dir='ltr'><strong><em>suis</em></strong></span> <span class='ocrx_word' id='word_1_254' title='bbox 2901 1697 3125 1768; x_wconf 83' lang='lat' dir='ltr'><strong><em>aliquot</em></strong></span> <span class='ocrx_word' id='word_1_255' title='bbox 3190 1698 3247 1752; x_wconf 92' lang='lat' dir='ltr'><strong><em>in</em></strong></span> <span class='ocrx_word' id='word_1_256' title='bbox 3309 1700 3700 1756; x_wconf 84' lang='lat' dir='ltr'><strong><em>Israeliticam</em></strong></span> <span class='ocrx_word' id='word_1_257' title='bbox 3761 1719 3841 1756; x_wconf 83' lang='lat' dir='ltr'><strong><em>re-</em></strong></span> 
     </span>
    </p>
   </div>
   <div class='ocr_carea' id='block_1_47' title="bbox 2175 1789 3841 1861">
    <p class='ocr_par' dir='ltr' id='par_1_47' title="bbox 2175 1789 3841 1861">
     <span class='ocr_line' id='line_1_47' title="bbox 2175 1789 3841 1861; baseline 0.003 -16"><span class='ocrx_word' id='word_1_258' title='bbox 2175 1793 2403 1861; x_wconf 74' lang='lat' dir='ltr'><strong><em>gionem</em></strong></span> <span class='ocrx_word' id='word_1_259' title='bbox 2439 1790 2709 1856; x_wconf 86' lang='lat' dir='ltr'><strong><em>mitteret,</em></strong></span> <span class='ocrx_word' id='word_1_260' title='bbox 2745 1807 2816 1846; x_wconf 92' lang='lat' dir='ltr'><strong><em>ne</em></strong></span> <span class='ocrx_word' id='word_1_261' title='bbox 2857 1789 2997 1845; x_wconf 85' lang='lat' dir='ltr'><strong><em>forte</em></strong></span> <span class='ocrx_word' id='word_1_262' title='bbox 3051 1791 3273 1846; x_wconf 88' lang='lat' dir='ltr'><strong><em>diutius</em></strong></span> <span class='ocrx_word' id='word_1_263' title='bbox 3324 1793 3553 1848; x_wconf 89' lang='lat' dir='ltr'><strong><em>deserta</em></strong></span> <span class='ocrx_word' id='word_1_264' title='bbox 3619 1799 3681 1849; x_wconf 89' lang='lat' dir='ltr'><strong><em>et</em></strong></span> <span class='ocrx_word' id='word_1_265' title='bbox 3736 1812 3841 1851; x_wconf 84' lang='lat' dir='ltr'><strong><em>ne-</em></strong></span> 
     </span>
    </p>
   </div>
   <div class='ocr_carea' id='block_1_48' title="bbox 2096 1875 3846 1954">
    <p class='ocr_par' dir='ltr' id='par_1_48' title="bbox 2096 1875 3846 1954">
     <span class='ocr_line' id='line_1_48' title="bbox 2096 1875 3846 1954; baseline 0.003 -21"><span class='ocrx_word' id='word_1_266' title='bbox 2096 1875 2142 1940; x_wconf 88' lang='lat' dir='ltr'><strong>B</strong></span> <span class='ocrx_word' id='word_1_267' title='bbox 2171 1879 2360 1951; x_wconf 83' lang='lat' dir='ltr'><strong><em>glecta</em></strong></span> <span class='ocrx_word' id='word_1_268' title='bbox 2383 1879 2736 1946; x_wconf 84' lang='lat' dir='ltr'><strong><em>silvesceret,</em></strong></span> <span class='ocrx_word' id='word_1_269' title='bbox 2770 1885 2944 1950; x_wconf 90' lang='lat' dir='ltr'><strong><em>atque</em></strong></span> <span class='ocrx_word' id='word_1_270' title='bbox 2969 1879 3104 1934; x_wconf 83' lang='lat' dir='ltr'><strong><em>feris</em></strong></span> <span class='ocrx_word' id='word_1_271' title='bbox 3137 1884 3362 1935; x_wconf 87' lang='lat' dir='ltr'><strong><em>tantum</em></strong></span> <span class='ocrx_word' id='word_1_272' title='bbox 3413 1881 3665 1937; x_wconf 87' lang='lat' dir='ltr'><strong><em>latibula</em></strong></span> <span class='ocrx_word' id='word_1_273' title='bbox 3700 1900 3846 1954; x_wconf 67' lang='lat' dir='ltr'><strong><em>pre-</em></strong></span> 
     </span>
    </p>
   </div>
   <div class='ocr_carea' id='block_1_49' title="bbox 2180 1967 3842 2042">
    <p class='ocr_par' dir='ltr' id='par_1_49' title="bbox 2180 1967 3842 2042">
     <span class='ocr_line' id='line_1_49' title="bbox 2180 1967 3842 2042; baseline 0.004 -19"><span class='ocrx_word' id='word_1_274' title='bbox 2180 1967 2466 2024; x_wconf 87' lang='lat' dir='ltr'><strong><em>beret.Ille</em></strong></span> <span class='ocrx_word' id='word_1_275' title='bbox 2491 1968 2686 2040; x_wconf 86' lang='lat' dir='ltr'><strong><em>itaque</em></strong></span> <span class='ocrx_word' id='word_1_276' title='bbox 2707 1968 2964 2040; x_wconf 87' lang='lat' dir='ltr'><strong><em>gentium</em></strong></span> <span class='ocrx_word' id='word_1_277' title='bbox 2999 1968 3109 2024; x_wconf 88' lang='lat' dir='ltr'><strong><em>sibi</em></strong></span> <span class='ocrx_word' id='word_1_278' title='bbox 3137 1970 3510 2026; x_wconf 86' lang='lat' dir='ltr'><strong><em>subditarum</em></strong></span> <span class='ocrx_word' id='word_1_279' title='bbox 3558 1979 3842 2042; x_wconf 84' lang='lat' dir='ltr'><strong><em>quatuor,</em></strong></span> 
     </span>
    </p>
   </div>
   <div class='ocr_carea' id='block_1_50' title="bbox 2182 2057 3844 2132">
    <p class='ocr_par' dir='ltr' id='par_1_50' title="bbox 2182 2057 3844 2132">
     <span class='ocr_line' id='line_1_50' title="bbox 2182 2057 3844 2132; baseline 0.003 -19"><span class='ocrx_word' id='word_1_280' title='bbox 2182 2057 2459 2113; x_wconf 89' lang='lat' dir='ltr'><strong><em>nimirum</em></strong></span> <span class='ocrx_word' id='word_1_281' title='bbox 2518 2057 2807 2122; x_wconf 71' lang='lat' dir='ltr'><strong><em>Cuthmos,</em></strong></span> <span class='ocrx_word' id='word_1_282' title='bbox 2875 2057 3182 2126; x_wconf 67' lang='lat' dir='ltr'><strong><em>Cuddaos,</em></strong></span> <span class='ocrx_word' id='word_1_283' title='bbox 3251 2059 3722 2132; x_wconf 70' lang='lat' dir='ltr'><strong><em>Sepbarveraaos,</em></strong></span> <span class='ocrx_word' id='word_1_284' title='bbox 3787 2070 3844 2118; x_wconf 85' lang='lat' dir='ltr'><strong><em>et</em></strong></span> 
     </span>
    </p>
   </div>
   <div class='ocr_carea' id='block_1_51' title="bbox 2185 2147 3841 2222">
    <p class='ocr_par' dir='ltr' id='par_1_51' title="bbox 2185 2147 3841 2222">
     <span class='ocr_line' id='line_1_51' title="bbox 2185 2147 3841 2222; baseline 0.004 -21"><span class='ocrx_word' id='word_1_285' title='bbox 2185 2152 2609 2218; x_wconf 71' lang='lat' dir='ltr'><strong><em>Anegoganteos</em></strong></span> <span class='ocrx_word' id='word_1_286' title='bbox 2626 2163 2692 2203; x_wconf 90' lang='lat' dir='ltr'><strong><em>eo</em></strong></span> <span class='ocrx_word' id='word_1_287' title='bbox 2713 2147 2951 2203; x_wconf 88' lang='lat' dir='ltr'><strong><em>colonos</em></strong></span> <span class='ocrx_word' id='word_1_288' title='bbox 2969 2149 3264 2213; x_wconf 80' lang='lat' dir='ltr'><strong><em>misit.Qui</em></strong></span> <span class='ocrx_word' id='word_1_289' title='bbox 3291 2149 3468 2204; x_wconf 90' lang='lat' dir='ltr'><strong><em>simul</em></strong></span> <span class='ocrx_word' id='word_1_290' title='bbox 3495 2155 3678 2222; x_wconf 89' lang='lat' dir='ltr'><strong><em>atque</em></strong></span> <span class='ocrx_word' id='word_1_291' title='bbox 3711 2169 3841 2208; x_wconf 88' lang='lat' dir='ltr'><strong><em>cum</em></strong></span> 
     </span>
    </p>
   </div>
   <div class='ocr_carea' id='block_1_52' title="bbox 2183 2235 3842 2310">
    <p class='ocr_par' dir='ltr' id='par_1_52' title="bbox 2183 2235 3842 2310">
     <span class='ocr_line' id='line_1_52' title="bbox 2183 2235 3842 2310; baseline 0.004 -20"><span class='ocrx_word' id='word_1_292' title='bbox 2183 2235 2531 2292; x_wconf 87' lang='lat' dir='ltr'><strong><em>tutelaribus</em></strong></span> <span class='ocrx_word' id='word_1_293' title='bbox 2563 2235 2733 2291; x_wconf 87' lang='lat' dir='ltr'><strong><em>idolis</em></strong></span> <span class='ocrx_word' id='word_1_294' title='bbox 2763 2237 2821 2291; x_wconf 89' lang='lat' dir='ltr'><strong><em>in</em></strong></span> <span class='ocrx_word' id='word_1_295' title='bbox 2881 2238 3208 2292; x_wconf 89' lang='lat' dir='ltr'><strong><em>Samariam</em></strong></span> <span class='ocrx_word' id='word_1_296' title='bbox 3267 2247 3691 2310; x_wconf 89' lang='lat' dir='ltr'><strong><em>pervenerunt,</em></strong></span> <span class='ocrx_word' id='word_1_297' title='bbox 3735 2242 3842 2296; x_wconf 89' lang='lat' dir='ltr'><strong><em>ibi-</em></strong></span> 
     </span>
    </p>
   </div>
   <div class='ocr_carea' id='block_1_53' title="bbox 2185 2325 3849 2402">
    <p class='ocr_par' dir='ltr' id='par_1_53' title="bbox 2185 2325 3849 2402">
     <span class='ocr_line' id='line_1_53' title="bbox 2185 2325 3849 2402; baseline 0.002 -21"><span class='ocrx_word' id='word_1_298' title='bbox 2185 2327 2434 2397; x_wconf 88' lang='lat' dir='ltr'><strong><em>demque</em></strong></span> <span class='ocrx_word' id='word_1_299' title='bbox 2466 2325 2576 2380; x_wconf 94' lang='lat' dir='ltr'><strong><em>sibi</em></strong></span> <span class='ocrx_word' id='word_1_300' title='bbox 2602 2326 2805 2380; x_wconf 88' lang='lat' dir='ltr'><strong><em>domos</em></strong></span> <span class='ocrx_word' id='word_1_301' title='bbox 2827 2331 3258 2395; x_wconf 84' lang='lat' dir='ltr'><strong><em>exstruxerunt,</em></strong></span> <span class='ocrx_word' id='word_1_302' title='bbox 3291 2345 3326 2382; x_wconf 88' lang='lat' dir='ltr'><strong><em>a</em></strong></span> <span class='ocrx_word' id='word_1_303' title='bbox 3377 2327 3516 2385; x_wconf 82' lang='lat' dir='ltr'><strong><em>feris</em></strong></span> <span class='ocrx_word' id='word_1_304' title='bbox 3541 2330 3849 2402; x_wconf 82' lang='lat' dir='ltr'><strong><em>absumpti</em></strong></span> 
     </span>
    </p>
   </div>
   <div class='ocr_carea' id='block_1_54' title="bbox 2185 2414 3851 2491">
    <p class='ocr_par' dir='ltr' id='par_1_54' title="bbox 2185 2414 3851 2491">
     <span class='ocr_line' id='line_1_54' title="bbox 2185 2414 3851 2491; baseline 0.003 -21"><span class='ocrx_word' id='word_1_305' title='bbox 2185 2419 2343 2470; x_wconf 90' lang='lat' dir='ltr'><strong><em>sunt.</em></strong></span> <span class='ocrx_word' id='word_1_306' title='bbox 2379 2415 2660 2480; x_wconf 87' lang='lat' dir='ltr'><strong><em>Quocirca</em></strong></span> <span class='ocrx_word' id='word_1_307' title='bbox 2684 2431 2782 2484; x_wconf 90' lang='lat' dir='ltr'><strong><em>per</em></strong></span> <span class='ocrx_word' id='word_1_308' title='bbox 2802 2414 3026 2487; x_wconf 87' lang='lat' dir='ltr'><strong><em>legatos</em></strong></span> <span class='ocrx_word' id='word_1_309' title='bbox 3053 2416 3124 2470; x_wconf 88' lang='lat' dir='ltr'><strong><em>ab</em></strong></span> <span class='ocrx_word' id='word_1_310' title='bbox 3161 2417 3538 2488; x_wconf 78' lang='lat' dir='ltr'><strong><em>Assyriorum</em></strong></span> <span class='ocrx_word' id='word_1_311' title='bbox 3588 2435 3726 2487; x_wconf 64' lang='lat' dir='ltr'><strong><em>rege</em></strong></span> <span class='ocrx_word' id='word_1_312' title='bbox 3756 2437 3851 2491; x_wconf 84' lang='lat' dir='ltr'><strong><em>pe-</em></strong></span> 
     </span>
    </p>
   </div>
   <div class='ocr_carea' id='block_1_55' title="bbox 2187 2506 3847 2571">
    <p class='ocr_par' dir='ltr' id='par_1_55' title="bbox 2187 2506 3847 2571">
     <span class='ocr_line' id='line_1_55' title="bbox 2187 2506 3847 2571; baseline 0.002 -10"><span class='ocrx_word' id='word_1_313' title='bbox 2187 2507 2426 2571; x_wconf 88' lang='lat' dir='ltr'><strong><em>tierunt,</em></strong></span> <span class='ocrx_word' id='word_1_314' title='bbox 2457 2514 2556 2560; x_wconf 88' lang='lat' dir='ltr'><strong><em>aut</em></strong></span> <span class='ocrx_word' id='word_1_315' title='bbox 2588 2507 2659 2560; x_wconf 89' lang='lat' dir='ltr'><strong><em>ad</em></strong></span> <span class='ocrx_word' id='word_1_316' title='bbox 2725 2506 2976 2560; x_wconf 77' lang='lat' dir='ltr'><strong><em>ferarum</em></strong></span> <span class='ocrx_word' id='word_1_317' title='bbox 3037 2506 3494 2563; x_wconf 89' lang='lat' dir='ltr'><strong><em>internecionem</em></strong></span> <span class='ocrx_word' id='word_1_318' title='bbox 3553 2510 3847 2565; x_wconf 79' lang='lat' dir='ltr'><strong><em>auxilium</em></strong></span> 
     </span>
    </p>
   </div>
   <div class='ocr_carea' id='block_1_56' title="bbox 2189 2596 3856 2669">
    <p class='ocr_par' dir='ltr' id='par_1_56' title="bbox 2189 2596 3856 2669">
     <span class='ocr_line' id='line_1_56' title="bbox 2189 2596 3856 2669; baseline 0.003 -18"><span class='ocrx_word' id='word_1_319' title='bbox 2189 2596 2818 2663; x_wconf 88' lang='lat' dir='ltr'><strong><em>mitteret,autcolonia</em></strong></span> <span class='ocrx_word' id='word_1_320' title='bbox 2851 2598 3126 2654; x_wconf 83' lang='lat' dir='ltr'><strong><em>excedere</em></strong></span> <span class='ocrx_word' id='word_1_321' title='bbox 3176 2598 3288 2653; x_wconf 84' lang='lat' dir='ltr'><strong><em>sibi</em></strong></span> <span class='ocrx_word' id='word_1_322' title='bbox 3332 2616 3468 2654; x_wconf 91' lang='lat' dir='ltr'><strong><em>cum</em></strong></span> <span class='ocrx_word' id='word_1_323' title='bbox 3522 2601 3684 2657; x_wconf 87' lang='lat' dir='ltr'><strong><em>bona</em></strong></span> <span class='ocrx_word' id='word_1_324' title='bbox 3730 2603 3856 2669; x_wconf 83' lang='lat' dir='ltr'><strong><em>ejus</em></strong></span> 
     </span>
    </p>
   </div>
   <div class='ocr_carea' id='block_1_57' title="bbox 2189 2687 3857 2758">
    <p class='ocr_par' dir='ltr' id='par_1_57' title="bbox 2189 2687 3857 2758">
     <span class='ocr_line' id='line_1_57' title="bbox 2189 2687 3857 2758; baseline 0.002 -16"><span class='ocrx_word' id='word_1_325' title='bbox 2189 2688 2353 2742; x_wconf 88' lang='lat' dir='ltr'><strong><em>venia</em></strong></span> <span class='ocrx_word' id='word_1_326' title='bbox 2386 2691 2863 2758; x_wconf 80' lang='lat' dir='ltr'><strong><em>permitteretur;</em></strong></span> <span class='ocrx_word' id='word_1_327' title='bbox 2895 2687 3283 2743; x_wconf 88' lang='lat' dir='ltr'><strong><em>admiratione</em></strong></span> <span class='ocrx_word' id='word_1_328' title='bbox 3326 2688 3565 2744; x_wconf 89' lang='lat' dir='ltr'><strong><em>interim</em></strong></span> <span class='ocrx_word' id='word_1_329' title='bbox 3613 2707 3857 2745; x_wconf 85' lang='lat' dir='ltr'><strong><em>summa</em></strong></span> 
     </span>
    </p>
   </div>
   <div class='ocr_carea' id='block_1_58' title="bbox 2189 2775 3857 2849">
    <p class='ocr_par' dir='ltr' id='par_1_58' title="bbox 2189 2775 3857 2849">
     <span class='ocr_line' id='line_1_58' title="bbox 2189 2775 3857 2849; baseline 0.001 -16"><span class='ocrx_word' id='word_1_330' title='bbox 2189 2775 2501 2844; x_wconf 82' lang='lat' dir='ltr'><strong><em>ducti.qui</em></strong></span> <span class='ocrx_word' id='word_1_331' title='bbox 2538 2777 2655 2830; x_wconf 76' lang='lat' dir='ltr'><strong><em>fieri</em></strong></span> <span class='ocrx_word' id='word_1_332' title='bbox 2718 2777 2967 2849; x_wconf 89' lang='lat' dir='ltr'><strong><em>potuerit</em></strong></span> <span class='ocrx_word' id='word_1_333' title='bbox 3027 2783 3092 2832; x_wconf 87' lang='lat' dir='ltr'><strong><em>ut</em></strong></span> <span class='ocrx_word' id='word_1_334' title='bbox 3163 2778 3477 2849; x_wconf 87' lang='lat' dir='ltr'><strong><em>quisquam</em></strong></span> <span class='ocrx_word' id='word_1_335' title='bbox 3541 2782 3857 2836; x_wconf 84' lang='lat' dir='ltr'><strong><em>retroactis</em></strong></span> 
     </span>
    </p>
   </div>
   <div class='ocr_carea' id='block_1_59' title="bbox 2189 2865 3855 2938">
    <p class='ocr_par' dir='ltr' id='par_1_59' title="bbox 2189 2865 3855 2938">
     <span class='ocr_line' id='line_1_59' title="bbox 2189 2865 3855 2938; baseline 0 -14"><span class='ocrx_word' id='word_1_336' title='bbox 2189 2865 2556 2938; x_wconf 87' lang='lat' dir='ltr'><strong><em>temporibus</em></strong></span> <span class='ocrx_word' id='word_1_337' title='bbox 2580 2867 2899 2920; x_wconf 79' lang='lat' dir='ltr'><strong><em>Samariam</em></strong></span> <span class='ocrx_word' id='word_1_338' title='bbox 2936 2865 3234 2924; x_wconf 88' lang='lat' dir='ltr'><strong><em>incoleret.</em></strong></span> <span class='ocrx_word' id='word_1_339' title='bbox 3259 2866 3377 2921; x_wconf 79' lang='lat' dir='ltr'><strong><em>Rex</em></strong></span> <span class='ocrx_word' id='word_1_340' title='bbox 3401 2884 3541 2937; x_wconf 80' lang='lat' dir='ltr'><strong><em>ergo</em></strong></span> <span class='ocrx_word' id='word_1_341' title='bbox 3575 2869 3647 2924; x_wconf 88' lang='lat' dir='ltr'><strong><em>iis</em></strong></span> <span class='ocrx_word' id='word_1_342' title='bbox 3682 2871 3755 2924; x_wconf 87' lang='lat' dir='ltr'><strong><em>ad</em></strong></span> <span class='ocrx_word' id='word_1_343' title='bbox 3793 2885 3855 2924; x_wconf 89' lang='lat' dir='ltr'><strong><em>se</em></strong></span> 
     </span>
    </p>
   </div>
   <div class='ocr_carea' id='block_1_60' title="bbox 2189 2953 3856 3025">
    <p class='ocr_par' dir='ltr' id='par_1_60' title="bbox 2189 2953 3856 3025">
     <span class='ocr_line' id='line_1_60' title="bbox 2189 2953 3856 3025; baseline 0.001 -12"><span class='ocrx_word' id='word_1_344' title='bbox 2189 2956 2509 3018; x_wconf 87' lang='lat' dir='ltr'><strong><em>accersitis,</em></strong></span> <span class='ocrx_word' id='word_1_345' title='bbox 2544 2955 2641 3025; x_wconf 91' lang='lat' dir='ltr'><strong><em>qui</em></strong></span> <span class='ocrx_word' id='word_1_346' title='bbox 2683 2954 2837 3009; x_wconf 89' lang='lat' dir='ltr'><strong><em>inter</em></strong></span> <span class='ocrx_word' id='word_1_347' title='bbox 2894 2953 3165 3010; x_wconf 65' lang='lat' dir='ltr'><strong><em>Hebreos</em></strong></span> <span class='ocrx_word' id='word_1_348' title='bbox 3222 2956 3503 3012; x_wconf 80' lang='lat' dir='ltr'><strong><em>excellere</em></strong></span> <span class='ocrx_word' id='word_1_349' title='bbox 3560 2959 3856 3014; x_wconf 88' lang='lat' dir='ltr'><strong><em>videban-</em></strong></span> 
     </span>
    </p>
   </div>
   <div class='ocr_carea' id='block_1_61' title="bbox 2191 3043 3854 3118">
    <p class='ocr_par' dir='ltr' id='par_1_61' title="bbox 2191 3043 3854 3118">
     <span class='ocr_line' id='line_1_61' title="bbox 2191 3043 3854 3118; baseline -0.001 -14"><span class='ocrx_word' id='word_1_350' title='bbox 2191 3053 2307 3115; x_wconf 88' lang='lat' dir='ltr'><strong><em>tur,</em></strong></span> <span class='ocrx_word' id='word_1_351' title='bbox 2343 3043 2722 3116; x_wconf 84' lang='lat' dir='ltr'><strong><em>interrogavit</em></strong></span> <span class='ocrx_word' id='word_1_352' title='bbox 2779 3044 2918 3114; x_wconf 89' lang='lat' dir='ltr'><strong><em>quid</em></strong></span> <span class='ocrx_word' id='word_1_353' title='bbox 2979 3061 3172 3099; x_wconf 68' lang='lat' dir='ltr'><strong><em>causae</em></strong></span> <span class='ocrx_word' id='word_1_354' title='bbox 3228 3051 3403 3112; x_wconf 89' lang='lat' dir='ltr'><strong><em>esset,</em></strong></span> <span class='ocrx_word' id='word_1_355' title='bbox 3436 3049 3594 3118; x_wconf 89' lang='lat' dir='ltr'><strong><em>quod</em></strong></span> <span class='ocrx_word' id='word_1_356' title='bbox 3647 3049 3854 3104; x_wconf 82' lang='lat' dir='ltr'><strong><em>Sama-</em></strong></span> 
     </span>
    </p>
   </div>
   <div class='ocr_carea' id='block_1_62' title="bbox 2193 3133 3856 3209">
    <p class='ocr_par' dir='ltr' id='par_1_62' title="bbox 2193 3133 3856 3209">
     <span class='ocr_line' id='line_1_62' title="bbox 2193 3133 3856 3209; baseline -0.001 -15"><span class='ocrx_word' id='word_1_357' title='bbox 2193 3138 2276 3194; x_wconf 89' lang='lat' dir='ltr'><strong><em>ria</em></strong></span> <span class='ocrx_word' id='word_1_358' title='bbox 2306 3139 2390 3191; x_wconf 80' lang='lat' dir='ltr'><strong><em>tot</em></strong></span> <span class='ocrx_word' id='word_1_359' title='bbox 2421 3153 2454 3191; x_wconf 88' lang='lat' dir='ltr'><strong><em>a</em></strong></span> <span class='ocrx_word' id='word_1_360' title='bbox 2487 3133 2620 3189; x_wconf 78' lang='lat' dir='ltr'><strong><em>teris</em></strong></span> <span class='ocrx_word' id='word_1_361' title='bbox 2647 3133 3042 3200; x_wconf 75' lang='lat' dir='ltr'><strong><em>intestaretur,</em></strong></span> <span class='ocrx_word' id='word_1_362' title='bbox 3077 3141 3250 3205; x_wconf 85' lang='lat' dir='ltr'><strong><em>atque.</em></strong></span> <span class='ocrx_word' id='word_1_363' title='bbox 3287 3137 3430 3191; x_wconf 80' lang='lat' dir='ltr'><strong><em>adeo</em></strong></span> <span class='ocrx_word' id='word_1_364' title='bbox 3452 3135 3677 3199; x_wconf 90' lang='lat' dir='ltr'><strong><em>coloni,</em></strong></span> <span class='ocrx_word' id='word_1_365' title='bbox 3713 3155 3856 3209; x_wconf 80' lang='lat' dir='ltr'><strong><em>quos</em></strong></span> 
     </span>
    </p>
   </div>
   <div class='ocr_carea' id='block_1_63' title="bbox 439 3218 3857 3297">
    <p class='ocr_par' dir='ltr' id='par_1_63' title="bbox 439 3218 3857 3297">
     <span class='ocr_line' id='line_1_63' title="bbox 439 3218 3857 3297; baseline 0.001 -19"><span class='ocrx_word' id='word_1_366' title='bbox 439 3223 1230 3297; x_wconf 81' lang='lat' dir='ltr'><strong><em>visset,Hierosolymamque</em></strong></span> <span class='ocrx_word' id='word_1_367' title='bbox 1252 3226 1495 3282; x_wconf 86' lang='lat' dir='ltr'><strong><em>Davides</em></strong></span> <span class='ocrx_word' id='word_1_368' title='bbox 1518 3232 1573 3282; x_wconf 91' lang='lat' dir='ltr'><strong><em>et</em></strong></span> <span class='ocrx_word' id='word_1_369' title='bbox 1615 3226 1889 3283; x_wconf 86' lang='lat' dir='ltr'><strong><em>Salomon</em></strong></span> <span class='ocrx_word' id='word_1_370' title='bbox 1939 3243 2083 3281; x_wconf 73' lang='lat' dir='ltr'><strong><em>mm-</em></strong></span> <span class='ocrx_word' id='word_1_371' title='bbox 2117 3218 2161 3282; x_wconf 88' lang='lat' dir='ltr'><strong><em>C</em></strong></span> <span class='ocrx_word' id='word_1_372' title='bbox 2193 3227 2292 3282; x_wconf 91' lang='lat' dir='ltr'><strong><em>illo</em></strong></span> <span class='ocrx_word' id='word_1_373' title='bbox 2324 3228 2584 3292; x_wconf 86' lang='lat' dir='ltr'><strong><em>miserat,</em></strong></span> <span class='ocrx_word' id='word_1_374' title='bbox 2617 3227 2737 3278; x_wconf 85' lang='lat' dir='ltr'><strong><em>tam</em></strong></span> <span class='ocrx_word' id='word_1_375' title='bbox 2799 3225 3010 3278; x_wconf 88' lang='lat' dir='ltr'><strong><em>misere</em></strong></span> <span class='ocrx_word' id='word_1_376' title='bbox 3065 3223 3337 3294; x_wconf 86' lang='lat' dir='ltr'><strong><em>perirent.</em></strong></span> <span class='ocrx_word' id='word_1_377' title='bbox 3398 3229 3857 3297; x_wconf 81' lang='lat' dir='ltr'><strong><em>Responderunt</em></strong></span> 
     </span>
    </p>
   </div>
   <div class='ocr_carea' id='block_1_64' title="bbox 440 3314 2083 3387">
    <p class='ocr_par' dir='ltr' id='par_1_64' title="bbox 440 3314 2083 3387">
     <span class='ocr_line' id='line_1_64' title="bbox 440 3314 2083 3387; baseline 0.001 -18"><span class='ocrx_word' id='word_1_378' title='bbox 440 3315 614 3370; x_wconf 87' lang='lat' dir='ltr'><strong><em>nibus</em></strong></span> <span class='ocrx_word' id='word_1_379' title='bbox 645 3314 986 3380; x_wconf 82' lang='lat' dir='ltr'><strong><em>cinxissent,</em></strong></span> <span class='ocrx_word' id='word_1_380' title='bbox 1011 3319 1186 3386; x_wconf 89' lang='lat' dir='ltr'><strong><em>atque</em></strong></span> <span class='ocrx_word' id='word_1_381' title='bbox 1213 3317 1518 3387; x_wconf 62' lang='lat' dir='ltr'><strong><em>aggeribus</em></strong></span> <span class='ocrx_word' id='word_1_382' title='bbox 1545 3317 1673 3386; x_wconf 91' lang='lat' dir='ltr'><strong><em>ipsa</em></strong></span> <span class='ocrx_word' id='word_1_383' title='bbox 1722 3316 1938 3371; x_wconf 77' lang='lat' dir='ltr'><strong><em>mmnia</em></strong></span> <span class='ocrx_word' id='word_1_384' title='bbox 1968 3315 2083 3371; x_wconf 89' lang='lat' dir='ltr'><strong><em>cir-</em></strong></span> 
     </span>
    </p>
   </div>
   <div class='ocr_carea' id='block_1_65' title="bbox 441 3401 2080 3476">
    <p class='ocr_par' dir='ltr' id='par_1_65' title="bbox 441 3401 2080 3476">
     <span class='ocr_line' id='line_1_65' title="bbox 441 3401 2080 3476; baseline 0.001 -18"><span class='ocrx_word' id='word_1_385' title='bbox 441 3401 922 3467; x_wconf 86' lang='lat' dir='ltr'><strong><em>cumvallassent,</em></strong></span> <span class='ocrx_word' id='word_1_386' title='bbox 956 3403 1234 3476; x_wconf 89' lang='lat' dir='ltr'><strong><em>templum</em></strong></span> <span class='ocrx_word' id='word_1_387' title='bbox 1278 3406 1527 3476; x_wconf 89' lang='lat' dir='ltr'><strong><em>denique</em></strong></span> <span class='ocrx_word' id='word_1_388' title='bbox 1585 3405 1774 3460; x_wconf 87' lang='lat' dir='ltr'><strong><em>ubivis</em></strong></span> <span class='ocrx_word' id='word_1_389' title='bbox 1818 3410 2080 3475; x_wconf 82' lang='lat' dir='ltr'><strong><em>gentium</em></strong></span> 
     </span>
    </p>
   </div>
   <div class='ocr_carea' id='block_1_66' title="bbox 442 3490 2085 3564">
    <p class='ocr_par' dir='ltr' id='par_1_66' title="bbox 442 3490 2085 3564">
     <span class='ocr_line' id='line_1_66' title="bbox 442 3490 2085 3564; baseline 0.002 -18"><span class='ocrx_word' id='word_1_390' title='bbox 442 3490 770 3564; x_wconf 90' lang='lat' dir='ltr'><strong><em>percelebre</em></strong></span> <span class='ocrx_word' id='word_1_391' title='bbox 787 3491 1059 3548; x_wconf 87' lang='lat' dir='ltr'><strong><em>Salomon</em></strong></span> <span class='ocrx_word' id='word_1_392' title='bbox 1093 3493 1459 3557; x_wconf 70' lang='lat' dir='ltr'><strong><em>aedificasset,</em></strong></span> <span class='ocrx_word' id='word_1_393' title='bbox 1483 3494 1716 3563; x_wconf 87' lang='lat' dir='ltr'><strong><em>quidam</em></strong></span> <span class='ocrx_word' id='word_1_394' title='bbox 1756 3510 1862 3548; x_wconf 84' lang='lat' dir='ltr'><strong><em>sua</em></strong></span> <span class='ocrx_word' id='word_1_395' title='bbox 1909 3493 2085 3550; x_wconf 90' lang='lat' dir='ltr'><strong><em>Sione</em></strong></span> 
     </span>
    </p>
   </div>
   <div class='ocr_carea' id='block_1_67' title="bbox 443 3581 2081 3653">
    <p class='ocr_par' dir='ltr' id='par_1_67' title="bbox 443 3581 2081 3653">
     <span class='ocr_line' id='line_1_67' title="bbox 443 3581 2081 3653; baseline 0.001 -16"><span class='ocrx_word' id='word_1_396' title='bbox 443 3581 684 3637; x_wconf 90' lang='lat' dir='ltr'><strong><em>minime</em></strong></span> <span class='ocrx_word' id='word_1_397' title='bbox 716 3583 994 3646; x_wconf 83' lang='lat' dir='ltr'><strong><em>contenti,</em></strong></span> <span class='ocrx_word' id='word_1_398' title='bbox 1030 3581 1378 3638; x_wconf 83' lang='lat' dir='ltr'><strong><em>Hebraicum</em></strong></span> <span class='ocrx_word' id='word_1_399' title='bbox 1412 3583 1721 3653; x_wconf 82' lang='lat' dir='ltr'><strong><em>imperium</em></strong></span> <span class='ocrx_word' id='word_1_400' title='bbox 1786 3583 2081 3652; x_wconf 80' lang='lat' dir='ltr'><strong><em>propalam</em></strong></span> 
     </span>
    </p>
   </div>
   <div class='ocr_carea' id='block_1_68' title="bbox 442 3670 2080 3743">
    <p class='ocr_par' dir='ltr' id='par_1_68' title="bbox 442 3670 2080 3743">
     <span class='ocr_line' id='line_1_68' title="bbox 442 3670 2080 3743; baseline 0.001 -17"><span class='ocrx_word' id='word_1_401' title='bbox 442 3670 831 3726; x_wconf 76' lang='lat' dir='ltr'><strong><em>seditionibus</em></strong></span> <span class='ocrx_word' id='word_1_402' title='bbox 855 3671 982 3726; x_wconf 84' lang='lat' dir='ltr'><strong><em>suis</em></strong></span> <span class='ocrx_word' id='word_1_403' title='bbox 1005 3672 1411 3727; x_wconf 86' lang='lat' dir='ltr'><strong><em>adulterarunt</em></strong></span> <span class='ocrx_word' id='word_1_404' title='bbox 1437 3689 1450 3727; x_wconf 89' lang='lat'><strong>:</strong></span> <span class='ocrx_word' id='word_1_405' title='bbox 1479 3677 1544 3727; x_wconf 91' lang='lat' dir='ltr'><strong><em>ut</em></strong></span> <span class='ocrx_word' id='word_1_406' title='bbox 1566 3674 1752 3743; x_wconf 82' lang='lat' dir='ltr'><strong><em>major</em></strong></span> <span class='ocrx_word' id='word_1_407' title='bbox 1772 3671 1829 3726; x_wconf 92' lang='lat' dir='ltr'><strong><em>in</em></strong></span> <span class='ocrx_word' id='word_1_408' title='bbox 1849 3671 2080 3728; x_wconf 90' lang='lat' dir='ltr'><strong><em>illorum</em></strong></span> 
     </span>
    </p>
   </div>
   <div class='ocr_carea' id='block_1_69' title="bbox 440 3760 2081 3834">
    <p class='ocr_par' dir='ltr' id='par_1_69' title="bbox 440 3760 2081 3834">
     <span class='ocr_line' id='line_1_69' title="bbox 440 3760 2081 3834; baseline -0.001 -17"><span class='ocrx_word' id='word_1_409' title='bbox 440 3779 559 3830; x_wconf 81' lang='lat' dir='ltr'><strong><em>rep.</em></strong></span> <span class='ocrx_word' id='word_1_410' title='bbox 598 3761 952 3832; x_wconf 88' lang='lat' dir='ltr'><strong><em>perturbatio</em></strong></span> <span class='ocrx_word' id='word_1_411' title='bbox 986 3762 1187 3834; x_wconf 88' lang='lat' dir='ltr'><strong><em>primis</em></strong></span> <span class='ocrx_word' id='word_1_412' title='bbox 1221 3760 1338 3816; x_wconf 88' lang='lat' dir='ltr'><strong><em>illis</em></strong></span> <span class='ocrx_word' id='word_1_413' title='bbox 1356 3762 1718 3834; x_wconf 89' lang='lat' dir='ltr'><strong><em>temporibus</em></strong></span> <span class='ocrx_word' id='word_1_414' title='bbox 1743 3779 1856 3817; x_wconf 92' lang='lat' dir='ltr'><strong><em>non</em></strong></span> <span class='ocrx_word' id='word_1_415' title='bbox 1891 3763 2081 3825; x_wconf 84' lang='lat' dir='ltr'><strong><em>fuerit,</em></strong></span> 
     </span>
    </p>
   </div>
   <div class='ocr_carea' id='block_1_70' title="bbox 444 3849 2086 3922">
    <p class='ocr_par' dir='ltr' id='par_1_70' title="bbox 444 3849 2086 3922">
     <span class='ocr_line' id='line_1_70' title="bbox 444 3849 2086 3922; baseline 0.004 -20"><span class='ocrx_word' id='word_1_416' title='bbox 444 3851 660 3922; x_wconf 88' lang='lat' dir='ltr'><strong><em>quibus</em></strong></span> <span class='ocrx_word' id='word_1_417' title='bbox 701 3849 981 3906; x_wconf 89' lang='lat' dir='ltr'><strong><em>nimirum</em></strong></span> <span class='ocrx_word' id='word_1_418' title='bbox 1038 3851 1273 3908; x_wconf 75' lang='lat' dir='ltr'><strong><em>Iudices</em></strong></span> <span class='ocrx_word' id='word_1_419' title='bbox 1329 3851 1602 3907; x_wconf 88' lang='lat' dir='ltr'><strong><em>tribubus</em></strong></span> <span class='ocrx_word' id='word_1_420' title='bbox 1650 3851 1908 3908; x_wconf 89' lang='lat' dir='ltr'><strong><em>Judaicis</em></strong></span> <span class='ocrx_word' id='word_1_421' title='bbox 1949 3851 2086 3922; x_wconf 85' lang='lat' dir='ltr'><strong><em>jura</em></strong></span> 
     </span>
    </p>
   </div>
   <div class='ocr_carea' id='block_1_71' title="bbox 443 3939 738 3995">
    <p class='ocr_par' dir='ltr' id='par_1_71' title="bbox 443 3939 738 3995">
     <span class='ocr_line' id='line_1_71' title="bbox 443 3939 738 3995; baseline -0.003 -1"><span class='ocrx_word' id='word_1_422' title='bbox 443 3939 738 3995; x_wconf 88' lang='lat' dir='ltr'><strong><em>dicebant.</em></strong></span> 
     </span>
    </p>
   </div>
   <div class='ocr_carea' id='block_1_72' title="bbox 1054 4036 1472 4095">
    <p class='ocr_par' dir='ltr' id='par_1_72' title="bbox 1054 4036 1472 4095">
     <span class='ocr_line' id='line_1_72' title="bbox 1054 4036 1472 4095; baseline 0 -1"><span class='ocrx_word' id='word_1_423' title='bbox 1054 4037 1208 4094; x_wconf 90' lang='lat' dir='ltr'><strong><em>CAP.</em></strong></span> <span class='ocrx_word' id='word_1_424' title='bbox 1241 4036 1472 4095; x_wconf 84' lang='lat' dir='ltr'><strong>XXXII.</strong></span> 
     </span>
    </p>
   </div>
   <div class='ocr_carea' id='block_1_73' title="bbox 444 4154 2088 4212">
    <p class='ocr_par' dir='ltr' id='par_1_73' title="bbox 444 4154 2088 4212">
     <span class='ocr_line' id='line_1_73' title="bbox 444 4154 2088 4212; baseline -0.001 -1"><span class='ocrx_word' id='word_1_425' title='bbox 444 4155 732 4211; x_wconf 72' lang='lat' dir='ltr'><strong><em>Duodecim</em></strong></span> <span class='ocrx_word' id='word_1_426' title='bbox 782 4155 1030 4209; x_wconf 86' lang='lat' dir='ltr'><strong><em>tribuum</em></strong></span> <span class='ocrx_word' id='word_1_427' title='bbox 1086 4155 1144 4208; x_wconf 84' lang='lat' dir='ltr'><strong><em>in</em></strong></span> <span class='ocrx_word' id='word_1_428' title='bbox 1196 4154 1334 4209; x_wconf 71' lang='lat' dir='ltr'><strong><em>duo:</em></strong></span> <span class='ocrx_word' id='word_1_429' title='bbox 1390 4155 1618 4212; x_wconf 73' lang='lat' dir='ltr'><strong><em>ducatus</em></strong></span> <span class='ocrx_word' id='word_1_430' title='bbox 1669 4154 1769 4210; x_wconf 73' lang='lat' dir='ltr'><strong><em>sub</em></strong></span> <span class='ocrx_word' id='word_1_431' title='bbox 1818 4155 2088 4211; x_wconf 84' lang='lat' dir='ltr'><strong><em>Roboamo</em></strong></span> 
     </span>
    </p>
   </div>
   <div class='ocr_carea' id='block_1_74' title="bbox 1148 4225 1374 4283">
    <p class='ocr_par' dir='ltr' id='par_1_74' title="bbox 1148 4225 1374 4283">
     <span class='ocr_line' id='line_1_74' title="bbox 1148 4225 1374 4283; baseline 0.013 -3"><span class='ocrx_word' id='word_1_432' title='bbox 1148 4225 1374 4283; x_wconf 74' lang='lat' dir='ltr'><strong><em>divisio.</em></strong></span> 
     </span>
    </p>
   </div>
   <div class='ocr_carea' id='block_1_75' title="bbox 515 4339 2090 4412">
    <p class='ocr_par' dir='ltr' id='par_1_75' title="bbox 515 4339 2090 4412">
     <span class='ocr_line' id='line_1_75' title="bbox 515 4339 2090 4412; baseline -0.001 -16"><span class='ocrx_word' id='word_1_433' title='bbox 515 4345 742 4398; x_wconf 86' lang='lat' dir='ltr'><strong><em>Mortuo</em></strong></span> <span class='ocrx_word' id='word_1_434' title='bbox 773 4341 971 4412; x_wconf 89' lang='lat' dir='ltr'><strong><em>itaque</em></strong></span> <span class='ocrx_word' id='word_1_435' title='bbox 1003 4339 1312 4398; x_wconf 86' lang='lat' dir='ltr'><strong><em>Salomone</em></strong></span> <span class='ocrx_word' id='word_1_436' title='bbox 1352 4340 1659 4397; x_wconf 89' lang='lat' dir='ltr'><strong><em>duodecim</em></strong></span> <span class='ocrx_word' id='word_1_437' title='bbox 1719 4340 1929 4406; x_wconf 90' lang='lat' dir='ltr'><strong><em>tribus,</em></strong></span> <span class='ocrx_word' id='word_1_438' title='bbox 1963 4355 2090 4411; x_wconf 64' lang='lat' dir='ltr'><strong><em>qua)</em></strong></span> 
     </span>
    </p>
   </div>
   <div class='ocr_carea' id='block_1_76' title="bbox 449 4430 2090 4502">
    <p class='ocr_par' dir='ltr' id='par_1_76' title="bbox 449 4430 2090 4502">
     <span class='ocr_line' id='line_1_76' title="bbox 449 4430 2090 4502; baseline -0.002 -15"><span class='ocrx_word' id='word_1_439' title='bbox 449 4431 625 4487; x_wconf 90' lang='lat' dir='ltr'><strong><em>unius</em></strong></span> <span class='ocrx_word' id='word_1_440' title='bbox 653 4435 820 4486; x_wconf 81' lang='lat' dir='ltr'><strong><em>antea</em></strong></span> <span class='ocrx_word' id='word_1_441' title='bbox 859 4430 1105 4502; x_wconf 88' lang='lat' dir='ltr'><strong><em>imperio</em></strong></span> <span class='ocrx_word' id='word_1_442' title='bbox 1136 4433 1509 4501; x_wconf 71' lang='lat' dir='ltr'><strong><em>rogabantur,</em></strong></span> <span class='ocrx_word' id='word_1_443' title='bbox 1544 4430 1599 4485; x_wconf 91' lang='lat' dir='ltr'><strong><em>in</em></strong></span> <span class='ocrx_word' id='word_1_444' title='bbox 1647 4430 1797 4484; x_wconf 90' lang='lat' dir='ltr'><strong><em>duos</em></strong></span> <span class='ocrx_word' id='word_1_445' title='bbox 1845 4430 2090 4484; x_wconf 90' lang='lat' dir='ltr'><strong><em>ducatus</em></strong></span> 
     </span>
    </p>
   </div>
   <div class='ocr_carea' id='block_1_77' title="bbox 444 4518 2088 4577">
    <p class='ocr_par' dir='ltr' id='par_1_77' title="bbox 444 4518 2088 4577">
     <span class='ocr_line' id='line_1_77' title="bbox 444 4518 2088 4577; baseline -0.002 0"><span class='ocrx_word' id='word_1_446' title='bbox 444 4521 643 4577; x_wconf 74' lang='lat' dir='ltr'><strong><em>divisae</em></strong></span> <span class='ocrx_word' id='word_1_447' title='bbox 672 4525 829 4576; x_wconf 88' lang='lat' dir='ltr'><strong><em>sunt.</em></strong></span> <span class='ocrx_word' id='word_1_448' title='bbox 855 4523 990 4574; x_wconf 89' lang='lat' dir='ltr'><strong><em>Cum</em></strong></span> <span class='ocrx_word' id='word_1_449' title='bbox 1017 4519 1174 4576; x_wconf 90' lang='lat' dir='ltr'><strong><em>enim</em></strong></span> <span class='ocrx_word' id='word_1_450' title='bbox 1222 4519 1549 4575; x_wconf 83' lang='lat' dir='ltr'><strong><em>Salomonis</em></strong></span> <span class='ocrx_word' id='word_1_451' title='bbox 1580 4519 1734 4574; x_wconf 80' lang='lat' dir='ltr'><strong><em>filius</em></strong></span> <span class='ocrx_word' id='word_1_452' title='bbox 1756 4518 2088 4574; x_wconf 86' lang='lat' dir='ltr'><strong><em>Roboamus</em></strong></span> 
     </span>
    </p>
   </div>
   <div class='ocr_carea' id='block_1_78' title="bbox 2197 3313 3858 3383">
    <p class='ocr_par' dir='ltr' id='par_1_78' title="bbox 2197 3313 3858 3383">
     <span class='ocr_line' id='line_1_78' title="bbox 2197 3313 3858 3383; baseline 0.001 -11"><span class='ocrx_word' id='word_1_453' title='bbox 2197 3315 2413 3372; x_wconf 60' lang='lat' dir='ltr'><strong><em>Hebraei</em></strong></span> <span class='ocrx_word' id='word_1_454' title='bbox 2448 3315 2530 3368; x_wconf 84' lang='lat' dir='ltr'><strong><em>fas</em></strong></span> <span class='ocrx_word' id='word_1_455' title='bbox 2565 3329 2679 3368; x_wconf 90' lang='lat' dir='ltr'><strong><em>non</em></strong></span> <span class='ocrx_word' id='word_1_456' title='bbox 2713 3329 2862 3377; x_wconf 89' lang='lat' dir='ltr'><strong><em>esse,</em></strong></span> <span class='ocrx_word' id='word_1_457' title='bbox 2899 3323 2953 3366; x_wconf 89' lang='lat' dir='ltr'><strong><em>ut</em></strong></span> <span class='ocrx_word' id='word_1_458' title='bbox 2993 3314 3152 3383; x_wconf 82' lang='lat' dir='ltr'><strong><em>regio</em></strong></span> <span class='ocrx_word' id='word_1_459' title='bbox 3200 3313 3298 3369; x_wconf 89' lang='lat' dir='ltr'><strong><em>illa</em></strong></span> <span class='ocrx_word' id='word_1_460' title='bbox 3329 3314 3660 3372; x_wconf 74' lang='lat' dir='ltr'><strong><em>idololatris</em></strong></span> <span class='ocrx_word' id='word_1_461' title='bbox 3689 3319 3858 3373; x_wconf 87' lang='lat' dir='ltr'><strong><em>cede-</em></strong></span> 
     </span>
    </p>
   </div>
   <div class='ocr_carea' id='block_1_79' title="bbox 2195 3401 3857 3475">
    <p class='ocr_par' dir='ltr' id='par_1_79' title="bbox 2195 3401 3857 3475">
     <span class='ocr_line' id='line_1_79' title="bbox 2195 3401 3857 3475; baseline -0.001 -13"><span class='ocrx_word' id='word_1_462' title='bbox 2195 3405 2496 3472; x_wconf 88' lang='lat' dir='ltr'><strong><em>ret.cujus</em></strong></span> <span class='ocrx_word' id='word_1_463' title='bbox 2526 3401 2726 3456; x_wconf 70' lang='lat' dir='ltr'><strong><em>incolae</em></strong></span> <span class='ocrx_word' id='word_1_464' title='bbox 2759 3401 2992 3471; x_wconf 90' lang='lat' dir='ltr'><strong><em>pristini</em></strong></span> <span class='ocrx_word' id='word_1_465' title='bbox 3047 3402 3359 3458; x_wconf 87' lang='lat' dir='ltr'><strong><em>Mosaicam</em></strong></span> <span class='ocrx_word' id='word_1_466' title='bbox 3419 3405 3615 3475; x_wconf 80' lang='lat' dir='ltr'><strong><em>legem</em></strong></span> <span class='ocrx_word' id='word_1_467' title='bbox 3663 3408 3857 3462; x_wconf 86' lang='lat' dir='ltr'><strong><em>obser-</em></strong></span> 
     </span>
    </p>
   </div>
   <div class='ocr_carea' id='block_1_80' title="bbox 2193 3490 3854 3561">
    <p class='ocr_par' dir='ltr' id='par_1_80' title="bbox 2193 3490 3854 3561">
     <span class='ocr_line' id='line_1_80' title="bbox 2193 3490 3854 3561; baseline -0.001 -9"><span class='ocrx_word' id='word_1_468' title='bbox 2193 3495 2473 3552; x_wconf 88' lang='lat' dir='ltr'><strong><em>vaverint.</em></strong></span> <span class='ocrx_word' id='word_1_469' title='bbox 2511 3490 2634 3546; x_wconf 86' lang='lat' dir='ltr'><strong><em>Illis</em></strong></span> <span class='ocrx_word' id='word_1_470' title='bbox 2667 3492 2860 3561; x_wconf 88' lang='lat' dir='ltr'><strong><em>itaque</em></strong></span> <span class='ocrx_word' id='word_1_471' title='bbox 2921 3508 3018 3546; x_wconf 85' lang='lat' dir='ltr'><strong><em>rex</em></strong></span> <span class='ocrx_word' id='word_1_472' title='bbox 3074 3491 3367 3561; x_wconf 83' lang='lat' dir='ltr'><strong><em>integrum</em></strong></span> <span class='ocrx_word' id='word_1_473' title='bbox 3430 3495 3593 3556; x_wconf 77' lang='lat' dir='ltr'><strong><em>fecit,</em></strong></span> <span class='ocrx_word' id='word_1_474' title='bbox 3640 3501 3705 3550; x_wconf 90' lang='lat' dir='ltr'><strong><em>ut</em></strong></span> <span class='ocrx_word' id='word_1_475' title='bbox 3752 3497 3854 3550; x_wconf 87' lang='lat' dir='ltr'><strong><em>ali-</em></strong></span> 
     </span>
    </p>
   </div>
   <div class='ocr_carea' id='block_1_81' title="bbox 2195 3581 3853 3660">
    <p class='ocr_par' dir='ltr' id='par_1_81' title="bbox 2195 3581 3853 3660">
     <span class='ocr_line' id='line_1_81' title="bbox 2195 3581 3853 3660; baseline -0.001 -17"><span class='ocrx_word' id='word_1_476' title='bbox 2195 3603 2367 3660; x_wconf 91' lang='lat' dir='ltr'><strong><em>quem</em></strong></span> <span class='ocrx_word' id='word_1_477' title='bbox 2403 3585 2462 3638; x_wconf 90' lang='lat' dir='ltr'><strong><em>in</em></strong></span> <span class='ocrx_word' id='word_1_478' title='bbox 2492 3582 2813 3638; x_wconf 86' lang='lat' dir='ltr'><strong><em>Samariam</em></strong></span> <span class='ocrx_word' id='word_1_479' title='bbox 2850 3581 3163 3645; x_wconf 87' lang='lat' dir='ltr'><strong><em>mitterent,</em></strong></span> <span class='ocrx_word' id='word_1_480' title='bbox 3195 3582 3294 3653; x_wconf 91' lang='lat' dir='ltr'><strong><em>qui</em></strong></span> <span class='ocrx_word' id='word_1_481' title='bbox 3340 3584 3519 3639; x_wconf 69' lang='lat' dir='ltr'><strong><em>Hosis</em></strong></span> <span class='ocrx_word' id='word_1_482' title='bbox 3551 3585 3632 3638; x_wconf 91' lang='lat' dir='ltr'><strong><em>ibi</em></strong></span> <span class='ocrx_word' id='word_1_483' title='bbox 3666 3585 3853 3657; x_wconf 77' lang='lat' dir='ltr'><strong><em>legem</em></strong></span> 
     </span>
    </p>
   </div>
   <div class='ocr_carea' id='block_1_82' title="bbox 2197 3670 3850 3749">
    <p class='ocr_par' dir='ltr' id='par_1_82' title="bbox 2197 3670 3850 3749">
     <span class='ocr_line' id='line_1_82' title="bbox 2197 3670 3850 3749; baseline -0.001 -19"><span class='ocrx_word' id='word_1_484' title='bbox 2197 3676 2580 3749; x_wconf 90' lang='lat' dir='ltr'><strong><em>proliteretur.</em></strong></span> <span class='ocrx_word' id='word_1_485' title='bbox 2618 3670 2761 3726; x_wconf 92' lang='lat' dir='ltr'><strong><em>Illuc</em></strong></span> <span class='ocrx_word' id='word_1_486' title='bbox 2805 3687 2940 3737; x_wconf 70' lang='lat' dir='ltr'><strong><em>ergo</em></strong></span> <span class='ocrx_word' id='word_1_487' title='bbox 2997 3670 3238 3741; x_wconf 88' lang='lat' dir='ltr'><strong><em>quidam</em></strong></span> <span class='ocrx_word' id='word_1_488' title='bbox 3285 3673 3586 3740; x_wconf 78' lang='lat' dir='ltr'><strong><em>sacerdos,</em></strong></span> <span class='ocrx_word' id='word_1_489' title='bbox 3637 3673 3850 3729; x_wconf 84' lang='lat' dir='ltr'><strong><em>Esdras</em></strong></span> 
     </span>
    </p>
   </div>
   <div class='ocr_carea' id='block_1_83' title="bbox 2196 3760 3854 3833">
    <p class='ocr_par' dir='ltr' id='par_1_83' title="bbox 2196 3760 3854 3833">
     <span class='ocr_line' id='line_1_83' title="bbox 2196 3760 3854 3833; baseline -0.001 -13"><span class='ocrx_word' id='word_1_490' title='bbox 2196 3765 2452 3827; x_wconf 75' lang='lat' dir='ltr'><strong><em>nomine,</em></strong></span> <span class='ocrx_word' id='word_1_491' title='bbox 2486 3778 2683 3819; x_wconf 90' lang='lat' dir='ltr'><strong><em>secum</em></strong></span> <span class='ocrx_word' id='word_1_492' title='bbox 2728 3760 2870 3826; x_wconf 70' lang='lat' dir='ltr'><strong><em>legis</em></strong></span> <span class='ocrx_word' id='word_1_493' title='bbox 2927 3761 3224 3832; x_wconf 77' lang='lat' dir='ltr'><strong><em>exemplar</em></strong></span> <span class='ocrx_word' id='word_1_494' title='bbox 3279 3763 3643 3833; x_wconf 77' lang='lat' dir='ltr'><strong><em>exscriple</em></strong></span> <span class='ocrx_word' id='word_1_495' title='bbox 3704 3765 3854 3820; x_wconf 76' lang='lat' dir='ltr'><strong><em>defe-</em></strong></span> 
     </span>
    </p>
   </div>
   <div class='ocr_carea' id='block_1_84' title="bbox 2197 3850 3852 3921">
    <p class='ocr_par' dir='ltr' id='par_1_84' title="bbox 2197 3850 3852 3921">
     <span class='ocr_line' id='line_1_84' title="bbox 2197 3850 3852 3921; baseline -0.001 -11"><span class='ocrx_word' id='word_1_496' title='bbox 2197 3871 2354 3920; x_wconf 91' lang='lat' dir='ltr'><strong><em>rens,</em></strong></span> <span class='ocrx_word' id='word_1_497' title='bbox 2386 3851 2616 3908; x_wconf 87' lang='lat' dir='ltr'><strong><em>circiter</em></strong></span> <span class='ocrx_word' id='word_1_498' title='bbox 2645 3867 2862 3906; x_wconf 85' lang='lat' dir='ltr'><strong><em>annutn</em></strong></span> <span class='ocrx_word' id='word_1_499' title='bbox 2896 3867 2930 3906; x_wconf 88' lang='lat' dir='ltr'><strong><em>a</em></strong></span> <span class='ocrx_word' id='word_1_500' title='bbox 2953 3850 3285 3920; x_wconf 86' lang='lat' dir='ltr'><strong><em>captivitate</em></strong></span> <span class='ocrx_word' id='word_1_501' title='bbox 3342 3853 3733 3921; x_wconf 88' lang='lat' dir='ltr'><strong><em>tricesimum,</em></strong></span> <span class='ocrx_word' id='word_1_502' title='bbox 3791 3869 3852 3909; x_wconf 88' lang='lat' dir='ltr'><strong><em>se</em></strong></span> 
     </span>
    </p>
   </div>
   <div class='ocr_carea' id='block_1_85' title="bbox 2196 3944 2464 4003">
    <p class='ocr_par' dir='ltr' id='par_1_85' title="bbox 2196 3944 2464 4003">
     <span class='ocr_line' id='line_1_85' title="bbox 2196 3944 2464 4003; baseline -0.015 0"><span class='ocrx_word' id='word_1_503' title='bbox 2196 3944 2464 4003; x_wconf 88' lang='lat' dir='ltr'><strong><em>contulit.</em></strong></span> 
     </span>
    </p>
   </div>
   <div class='ocr_carea' id='block_1_86' title="bbox 2802 4031 3239 4089">
    <p class='ocr_par' dir='ltr' id='par_1_86' title="bbox 2802 4031 3239 4089">
     <span class='ocr_line' id='line_1_86' title="bbox 2802 4031 3239 4089; baseline -0.002 0"><span class='ocrx_word' id='word_1_504' title='bbox 2802 4033 2952 4089; x_wconf 85' lang='lat' dir='ltr'><strong><em>CAP.</em></strong></span> <span class='ocrx_word' id='word_1_505' title='bbox 2996 4031 3239 4088; x_wconf 82' lang='lat' dir='ltr'><strong>XXXIV.</strong></span> 
     </span>
    </p>
   </div>
   <div class='ocr_carea' id='block_1_87' title="bbox 2646 4139 3400 4198">
    <p class='ocr_par' dir='ltr' id='par_1_87' title="bbox 2646 4139 3400 4198">
     <span class='ocr_line' id='line_1_87' title="bbox 2646 4139 3400 4198; baseline 0 -2"><span class='ocrx_word' id='word_1_506' title='bbox 2646 4139 3123 4196; x_wconf 69' lang='lat' dir='ltr'><strong><em>Samaritarwrum</em></strong></span> <span class='ocrx_word' id='word_1_507' title='bbox 3157 4140 3400 4198; x_wconf 54' lang='grc' dir='ltr'><strong><em>Μηδὶς.</em></strong></span> 
     </span>
    </p>
   </div>
   <div class='ocr_carea' id='block_1_88' title="bbox 2269 4247 3854 4320">
    <p class='ocr_par' dir='ltr' id='par_1_88' title="bbox 2269 4247 3854 4320">
     <span class='ocr_line' id='line_1_88' title="bbox 2269 4247 3854 4320; baseline -0.001 -14"><span class='ocrx_word' id='word_1_508' title='bbox 2269 4250 2447 4306; x_wconf 88' lang='lat' dir='ltr'><strong><em>Porro</em></strong></span> <span class='ocrx_word' id='word_1_509' title='bbox 2476 4247 2845 4314; x_wconf 79' lang='lat' dir='ltr'><strong><em>Samaritani,</em></strong></span> <span class='ocrx_word' id='word_1_510' title='bbox 2904 4249 2949 4304; x_wconf 84' lang='lat' dir='ltr'><strong><em>si</em></strong></span> <span class='ocrx_word' id='word_1_511' title='bbox 3009 4248 3144 4319; x_wconf 88' lang='lat' dir='ltr'><strong><em>quis</em></strong></span> <span class='ocrx_word' id='word_1_512' title='bbox 3202 4248 3647 4320; x_wconf 85' lang='lat' dir='ltr'><strong><em>interpretetur,</em></strong></span> <span class='ocrx_word' id='word_1_513' title='bbox 3701 4251 3854 4305; x_wconf 89' lang='lat' dir='ltr'><strong><em>idem</em></strong></span> 
     </span>
    </p>
   </div>
   <div class='ocr_carea' id='block_1_89' title="bbox 2202 4339 3853 4415">
    <p class='ocr_par' dir='ltr' id='par_1_89' title="bbox 2202 4339 3853 4415">
     <span class='ocr_line' id='line_1_89' title="bbox 2202 4339 3853 4415; baseline -0.002 -17"><span class='ocrx_word' id='word_1_514' title='bbox 2202 4341 2359 4415; x_wconf 92' lang='lat' dir='ltr'><strong><em>quod</em></strong></span> <span class='ocrx_word' id='word_1_515' title='bbox 2389 4341 2664 4397; x_wconf 85' lang='lat' dir='ltr'><strong><em>custodes</em></strong></span> <span class='ocrx_word' id='word_1_516' title='bbox 2683 4340 3036 4412; x_wconf 82' lang='lat' dir='ltr'><strong><em>significant.</em></strong></span> <span class='ocrx_word' id='word_1_517' title='bbox 3072 4339 3258 4410; x_wconf 81' lang='lat' dir='ltr'><strong><em>Hique</em></strong></span> <span class='ocrx_word' id='word_1_518' title='bbox 3300 4341 3444 4395; x_wconf 91' lang='lat' dir='ltr'><strong><em>adeo</em></strong></span> <span class='ocrx_word' id='word_1_519' title='bbox 3468 4341 3648 4412; x_wconf 91' lang='lat' dir='ltr'><strong><em>primi</em></strong></span> <span class='ocrx_word' id='word_1_520' title='bbox 3673 4342 3853 4397; x_wconf 80' lang='lat' dir='ltr'><strong><em>exorti</em></strong></span> 
     </span>
    </p>
   </div>
   <div class='ocr_carea' id='block_1_90' title="bbox 2199 4430 3856 4504">
    <p class='ocr_par' dir='ltr' id='par_1_90' title="bbox 2199 4430 3856 4504">
     <span class='ocr_line' id='line_1_90' title="bbox 2199 4430 3856 4504; baseline 0 -18"><span class='ocrx_word' id='word_1_521' title='bbox 2199 4437 2360 4497; x_wconf 89' lang='lat' dir='ltr'><strong><em>sunt,</em></strong></span> <span class='ocrx_word' id='word_1_522' title='bbox 2386 4430 2720 4504; x_wconf 70' lang='lat' dir='ltr'><strong><em>quiJudaais</em></strong></span> <span class='ocrx_word' id='word_1_523' title='bbox 2749 4430 3128 4485; x_wconf 83' lang='lat' dir='ltr'><strong><em>consentanei</em></strong></span> <span class='ocrx_word' id='word_1_524' title='bbox 3162 4437 3354 4486; x_wconf 88' lang='lat' dir='ltr'><strong><em>essent</em></strong></span> <span class='ocrx_word' id='word_1_525' title='bbox 3397 4430 3452 4484; x_wconf 91' lang='lat' dir='ltr'><strong><em>in</em></strong></span> <span class='ocrx_word' id='word_1_526' title='bbox 3495 4430 3593 4496; x_wconf 90' lang='lat' dir='ltr'><strong><em>iis,</em></strong></span> <span class='ocrx_word' id='word_1_527' title='bbox 3627 4448 3760 4503; x_wconf 67' lang='lat' dir='ltr'><strong><em>qua</em></strong></span> <span class='ocrx_word' id='word_1_528' title='bbox 3792 4433 3856 4486; x_wconf 84' lang='lat' dir='ltr'><strong><em>de</em></strong></span> 
     </span>
    </p>
   </div>
   <div class='ocr_carea' id='block_1_91' title="bbox 2201 4519 3855 4592">
    <p class='ocr_par' dir='ltr' id='par_1_91' title="bbox 2201 4519 3855 4592">
     <span class='ocr_line' id='line_1_91' title="bbox 2201 4519 3855 4592; baseline -0.001 -15"><span class='ocrx_word' id='word_1_529' title='bbox 2201 4523 2314 4578; x_wconf 91' lang='lat' dir='ltr'><strong><em>Deo</em></strong></span> <span class='ocrx_word' id='word_1_530' title='bbox 2347 4522 2496 4592; x_wconf 88' lang='lat' dir='ltr'><strong><em>apud</em></strong></span> <span class='ocrx_word' id='word_1_531' title='bbox 2530 4520 2662 4576; x_wconf 87' lang='lat' dir='ltr'><strong><em>illos</em></strong></span> <span class='ocrx_word' id='word_1_532' title='bbox 2691 4519 3204 4576; x_wconf 81' lang='lat' dir='ltr'><strong><em>circumferuntur.</em></strong></span> <span class='ocrx_word' id='word_1_533' title='bbox 3231 4519 3432 4575; x_wconf 90' lang='lat' dir='ltr'><strong><em>Solum</em></strong></span> <span class='ocrx_word' id='word_1_534' title='bbox 3463 4525 3665 4576; x_wconf 86' lang='lat' dir='ltr'><strong><em>autem</em></strong></span> <span class='ocrx_word' id='word_1_535' title='bbox 3711 4522 3855 4576; x_wconf 86' lang='lat' dir='ltr'><strong><em>Peu-</em></strong></span> 
     </span>
    </p>
   </div>
   <div class='ocr_carea' id='block_1_92' title="bbox 443 4589 3851 4684">
    <p class='ocr_par' dir='ltr' id='par_1_92' title="bbox 443 4589 3851 4684">
     <span class='ocr_line' id='line_1_92' title="bbox 443 4589 3851 4684; baseline -0.001 -15"><span class='ocrx_word' id='word_1_536' title='bbox 443 4619 672 4669; x_wconf 89' lang='lat' dir='ltr'><strong><em>mortuo</em></strong></span> <span class='ocrx_word' id='word_1_537' title='bbox 701 4613 845 4684; x_wconf 88' lang='lat' dir='ltr'><strong><em>patri</em></strong></span> <span class='ocrx_word' id='word_1_538' title='bbox 869 4611 927 4664; x_wconf 89' lang='lat' dir='ltr'><strong><em>in</em></strong></span> <span class='ocrx_word' id='word_1_539' title='bbox 961 4610 1270 4682; x_wconf 90' lang='lat' dir='ltr'><strong><em>imperium</em></strong></span> <span class='ocrx_word' id='word_1_540' title='bbox 1296 4608 1675 4666; x_wconf 82' lang='lat' dir='ltr'><strong><em>successisset</em></strong></span> <span class='ocrx_word' id='word_1_541' title='bbox 1697 4609 1753 4663; x_wconf 77' lang='lat' dir='ltr'><strong><em>dt</em></strong></span> <span class='ocrx_word' id='word_1_542' title='bbox 1779 4623 1959 4680; x_wconf 58' lang='lat' dir='ltr'><strong><em>rique</em></strong></span> <span class='ocrx_word' id='word_1_543' title='bbox 1984 4624 2076 4664; x_wconf 88' lang='lat' dir='ltr'><strong><em>se-</em></strong></span> <span class='ocrx_word' id='word_1_544' title='bbox 2107 4589 2151 4653; x_wconf 82' lang='lat' dir='ltr'><strong>D</strong></span> <span class='ocrx_word' id='word_1_545' title='bbox 2189 4589 2532 4670; x_wconf 75' lang='lat' dir='ltr'><strong><em>tateucbum</em></strong></span> <span class='ocrx_word' id='word_1_546' title='bbox 2567 4610 2905 4665; x_wconf 66' lang='lat' dir='ltr'><strong><em>admittunt.</em></strong></span> <span class='ocrx_word' id='word_1_547' title='bbox 2936 4613 3295 4665; x_wconf 86' lang='lat' dir='ltr'><strong><em>Mortuorum</em></strong></span> <span class='ocrx_word' id='word_1_548' title='bbox 3356 4611 3851 4667; x_wconf 85' lang='lat' dir='ltr'><strong><em>resurrectionem</em></strong></span> 
     </span>
    </p>
   </div>
   <div class='ocr_carea' id='block_1_93' title="bbox 445 4696 2089 4770">
    <p class='ocr_par' dir='ltr' id='par_1_93' title="bbox 445 4696 2089 4770">
     <span class='ocr_line' id='line_1_93' title="bbox 445 4696 2089 4770; baseline -0.003 -14"><span class='ocrx_word' id='word_1_549' title='bbox 445 4700 709 4756; x_wconf 88' lang='lat' dir='ltr'><strong><em>nioribus</em></strong></span> <span class='ocrx_word' id='word_1_550' title='bbox 731 4705 788 4754; x_wconf 90' lang='lat' dir='ltr'><strong><em>et</em></strong></span> <span class='ocrx_word' id='word_1_551' title='bbox 812 4715 1042 4755; x_wconf 89' lang='lat' dir='ltr'><strong><em>morosa</em></strong></span> <span class='ocrx_word' id='word_1_552' title='bbox 1068 4715 1351 4768; x_wconf 89' lang='lat' dir='ltr'><strong><em>responsa</em></strong></span> <span class='ocrx_word' id='word_1_553' title='bbox 1399 4698 1586 4765; x_wconf 88' lang='lat' dir='ltr'><strong><em>daret,</em></strong></span> <span class='ocrx_word' id='word_1_554' title='bbox 1613 4698 1713 4769; x_wconf 89' lang='lat' dir='ltr'><strong><em>qui</em></strong></span> <span class='ocrx_word' id='word_1_555' title='bbox 1753 4696 1950 4770; x_wconf 91' lang='lat' dir='ltr'><strong><em>populi</em></strong></span> <span class='ocrx_word' id='word_1_556' title='bbox 1983 4713 2089 4752; x_wconf 87' lang='lat' dir='ltr'><strong><em>no-</em></strong></span> 
     </span>
    </p>
   </div>
   <div class='ocr_carea' id='block_1_94' title="bbox 449 4786 2093 4861">
    <p class='ocr_par' dir='ltr' id='par_1_94' title="bbox 449 4786 2093 4861">
     <span class='ocr_line' id='line_1_94' title="bbox 449 4786 2093 4861; baseline -0.002 -16"><span class='ocrx_word' id='word_1_557' title='bbox 449 4791 638 4846; x_wconf 89' lang='lat' dir='ltr'><strong><em>mines</em></strong></span> <span class='ocrx_word' id='word_1_558' title='bbox 671 4787 960 4861; x_wconf 89' lang='lat' dir='ltr'><strong><em>supplices</em></strong></span> <span class='ocrx_word' id='word_1_559' title='bbox 990 4789 1060 4844; x_wconf 88' lang='lat' dir='ltr'><strong><em>ad</em></strong></span> <span class='ocrx_word' id='word_1_560' title='bbox 1095 4787 1260 4841; x_wconf 90' lang='lat' dir='ltr'><strong><em>illum</em></strong></span> <span class='ocrx_word' id='word_1_561' title='bbox 1294 4787 1698 4858; x_wconf 80' lang='lat' dir='ltr'><strong><em>confugerant,</em></strong></span> <span class='ocrx_word' id='word_1_562' title='bbox 1727 4786 1922 4842; x_wconf 84' lang='lat' dir='ltr'><strong><em>divisae</em></strong></span> <span class='ocrx_word' id='word_1_563' title='bbox 1954 4789 2093 4842; x_wconf 86' lang='lat' dir='ltr'><strong><em>sunt</em></strong></span> 
     </span>
    </p>
   </div>
   <div class='ocr_carea' id='block_1_95' title="bbox 449 4875 2093 4950">
    <p class='ocr_par' dir='ltr' id='par_1_95' title="bbox 449 4875 2093 4950">
     <span class='ocr_line' id='line_1_95' title="bbox 449 4875 2093 4950; baseline -0.004 -14"><span class='ocrx_word' id='word_1_564' title='bbox 449 4881 656 4936; x_wconf 87' lang='lat' dir='ltr'><strong><em>tribus.</em></strong></span> <span class='ocrx_word' id='word_1_565' title='bbox 690 4881 875 4950; x_wconf 89' lang='lat' dir='ltr'><strong><em>Atque</em></strong></span> <span class='ocrx_word' id='word_1_566' title='bbox 897 4879 1007 4932; x_wconf 89' lang='lat' dir='ltr'><strong><em>sub</em></strong></span> <span class='ocrx_word' id='word_1_567' title='bbox 1029 4877 1155 4947; x_wconf 87' lang='lat' dir='ltr'><strong><em>ejus</em></strong></span> <span class='ocrx_word' id='word_1_568' title='bbox 1186 4877 1426 4946; x_wconf 90' lang='lat' dir='ltr'><strong><em>imperio</em></strong></span> <span class='ocrx_word' id='word_1_569' title='bbox 1470 4875 1676 4930; x_wconf 90' lang='lat' dir='ltr'><strong><em>ultima</em></strong></span> <span class='ocrx_word' id='word_1_570' title='bbox 1725 4875 1954 4947; x_wconf 89' lang='lat' dir='ltr'><strong><em>quidem</em></strong></span> <span class='ocrx_word' id='word_1_571' title='bbox 1992 4875 2093 4930; x_wconf 88' lang='lat' dir='ltr'><strong><em>tri-</em></strong></span> 
     </span>
    </p>
   </div>
   <div class='ocr_carea' id='block_1_96' title="bbox 448 4965 2086 5042">
    <p class='ocr_par' dir='ltr' id='par_1_96' title="bbox 448 4965 2086 5042">
     <span class='ocr_line' id='line_1_96' title="bbox 448 4965 2086 5042; baseline -0.004 -16"><span class='ocrx_word' id='word_1_572' title='bbox 448 4970 560 5026; x_wconf 92' lang='lat' dir='ltr'><strong><em>bus</em></strong></span> <span class='ocrx_word' id='word_1_573' title='bbox 579 4968 981 5042; x_wconf 84' lang='lat' dir='ltr'><strong><em>perseveravit.</em></strong></span> <span class='ocrx_word' id='word_1_574' title='bbox 1016 4967 1296 5024; x_wconf 88' lang='lat' dir='ltr'><strong><em>Undecim</em></strong></span> <span class='ocrx_word' id='word_1_575' title='bbox 1342 4983 1476 5022; x_wconf 89' lang='lat' dir='ltr'><strong><em>vero</em></strong></span> <span class='ocrx_word' id='word_1_576' title='bbox 1509 4965 1743 5038; x_wconf 82' lang='lat' dir='ltr'><strong><em>reliquae</em></strong></span> <span class='ocrx_word' id='word_1_577' title='bbox 1764 4969 2086 5035; x_wconf 81' lang='lat' dir='ltr'><strong><em>apostatam</em></strong></span> 
     </span>
    </p>
   </div>
   <div class='ocr_carea' id='block_1_97' title="bbox 445 5054 2088 5130">
    <p class='ocr_par' dir='ltr' id='par_1_97' title="bbox 445 5054 2088 5130">
     <span class='ocr_line' id='line_1_97' title="bbox 445 5054 2088 5130; baseline -0.006 -13"><span class='ocrx_word' id='word_1_578' title='bbox 445 5061 882 5129; x_wconf 82' lang='lat' dir='ltr'><strong><em>Jeroboamum,</em></strong></span> <span class='ocrx_word' id='word_1_579' title='bbox 917 5059 1014 5130; x_wconf 92' lang='lat' dir='ltr'><strong><em>qui</em></strong></span> <span class='ocrx_word' id='word_1_580' title='bbox 1047 5074 1078 5113; x_wconf 93' lang='lat' dir='ltr'><strong><em>e</em></strong></span> <span class='ocrx_word' id='word_1_581' title='bbox 1108 5055 1734 5112; x_wconf 69' lang='lat' dir='ltr'><strong><em>SamariainJudaaam</em></strong></span> <span class='ocrx_word' id='word_1_582' title='bbox 1773 5054 2088 5124; x_wconf 87' lang='lat' dir='ltr'><strong><em>invaserat,</em></strong></span> 
     </span>
    </p>
   </div>
   <div class='ocr_carea' id='block_1_98' title="bbox 448 5142 2090 5217">
    <p class='ocr_par' dir='ltr' id='par_1_98' title="bbox 448 5142 2090 5217">
     <span class='ocr_line' id='line_1_98' title="bbox 448 5142 2090 5217; baseline -0.004 -12"><span class='ocrx_word' id='word_1_583' title='bbox 448 5157 658 5206; x_wconf 61' lang='lat' dir='ltr'><strong><em>secutas</em></strong></span> <span class='ocrx_word' id='word_1_584' title='bbox 691 5152 1042 5216; x_wconf 81' lang='lat' dir='ltr'><strong><em>sunt.Atque</em></strong></span> <span class='ocrx_word' id='word_1_585' title='bbox 1067 5146 1151 5201; x_wconf 92' lang='lat' dir='ltr'><strong><em>illi</em></strong></span> <span class='ocrx_word' id='word_1_586' title='bbox 1185 5146 1418 5217; x_wconf 85' lang='lat' dir='ltr'><strong><em>quidem</em></strong></span> <span class='ocrx_word' id='word_1_587' title='bbox 1449 5146 1546 5215; x_wconf 90' lang='lat' dir='ltr'><strong><em>qui</em></strong></span> <span class='ocrx_word' id='word_1_588' title='bbox 1591 5143 1920 5198; x_wconf 80' lang='lat' dir='ltr'><strong><em>Salomonis</em></strong></span> <span class='ocrx_word' id='word_1_589' title='bbox 1971 5142 2090 5198; x_wconf 83' lang='lat' dir='ltr'><strong><em>tilio</em></strong></span> 
     </span>
    </p>
   </div>
   <div class='ocr_carea' id='block_1_99' title="bbox 448 5230 2092 5308">
    <p class='ocr_par' dir='ltr' id='par_1_99' title="bbox 448 5230 2092 5308">
     <span class='ocr_line' id='line_1_99' title="bbox 448 5230 2092 5308; baseline -0.004 -15"><span class='ocrx_word' id='word_1_590' title='bbox 448 5255 668 5294; x_wconf 88' lang='lat' dir='ltr'><strong><em>morem</em></strong></span> <span class='ocrx_word' id='word_1_591' title='bbox 694 5254 892 5307; x_wconf 80' lang='lat' dir='ltr'><strong><em>gerere</em></strong></span> <span class='ocrx_word' id='word_1_592' title='bbox 927 5239 1322 5308; x_wconf 85' lang='lat' dir='ltr'><strong><em>perrexerunt,</em></strong></span> <span class='ocrx_word' id='word_1_593' title='bbox 1370 5233 1569 5288; x_wconf 72' lang='lat' dir='ltr'><strong><em>Judte:</em></strong></span> <span class='ocrx_word' id='word_1_594' title='bbox 1622 5233 1718 5302; x_wconf 89' lang='lat' dir='ltr'><strong><em>qui</em></strong></span> <span class='ocrx_word' id='word_1_595' title='bbox 1780 5247 1905 5286; x_wconf 83' lang='lat' dir='ltr'><strong><em>vero</em></strong></span> <span class='ocrx_word' id='word_1_596' title='bbox 1935 5230 2092 5286; x_wconf 85' lang='lat' dir='ltr'><strong><em>Jero-</em></strong></span> 
     </span>
    </p>
   </div>
   <div class='ocr_carea' id='block_1_100' title="bbox 445 5324 2090 5395">
    <p class='ocr_par' dir='ltr' id='par_1_100' title="bbox 445 5324 2090 5395">
     <span class='ocr_line' id='line_1_100' title="bbox 445 5324 2090 5395; baseline -0.005 -12"><span class='ocrx_word' id='word_1_597' title='bbox 445 5329 720 5383; x_wconf 87' lang='lat' dir='ltr'><strong><em>boamum</em></strong></span> <span class='ocrx_word' id='word_1_598' title='bbox 779 5326 986 5382; x_wconf 86' lang='lat' dir='ltr'><strong><em>Nabati</em></strong></span> <span class='ocrx_word' id='word_1_599' title='bbox 1043 5325 1228 5379; x_wconf 87' lang='lat' dir='ltr'><strong><em>tilium</em></strong></span> <span class='ocrx_word' id='word_1_600' title='bbox 1286 5339 1475 5395; x_wconf 84' lang='lat' dir='ltr'><strong><em>regem</em></strong></span> <span class='ocrx_word' id='word_1_601' title='bbox 1539 5324 1647 5375; x_wconf 79' lang='lat' dir='ltr'><strong><em>sibi</em></strong></span> <span class='ocrx_word' id='word_1_602' title='bbox 1723 5325 2090 5385; x_wconf 72' lang='lat' dir='ltr'><strong><em>creawrunt,</em></strong></span> 
     </span>
    </p>
   </div>
   <div class='ocr_carea' id='block_1_101' title="bbox 447 5410 2092 5473">
    <p class='ocr_par' dir='ltr' id='par_1_101' title="bbox 447 5410 2092 5473">
     <span class='ocr_line' id='line_1_101' title="bbox 447 5410 2092 5473; baseline -0.002 -2"><span class='ocrx_word' id='word_1_603' title='bbox 447 5419 678 5473; x_wconf 88' lang='lat' dir='ltr'><strong><em>Israelis</em></strong></span> <span class='ocrx_word' id='word_1_604' title='bbox 724 5417 961 5471; x_wconf 90' lang='lat' dir='ltr'><strong><em>nomine</em></strong></span> <span class='ocrx_word' id='word_1_605' title='bbox 1007 5416 1147 5470; x_wconf 89' lang='lat' dir='ltr'><strong><em>dicti</em></strong></span> <span class='ocrx_word' id='word_1_606' title='bbox 1204 5418 1361 5470; x_wconf 87' lang='lat' dir='ltr'><strong><em>sunt.</em></strong></span> <span class='ocrx_word' id='word_1_607' title='bbox 1419 5415 1695 5467; x_wconf 71' lang='lat' dir='ltr'><strong><em>Craterum</em></strong></span> <span class='ocrx_word' id='word_1_608' title='bbox 1760 5410 2092 5467; x_wconf 80' lang='lat' dir='ltr'><strong><em>Roboamus</em></strong></span> 
     </span>
    </p>
   </div>
   <div class='ocr_carea' id='block_1_102' title="bbox 448 5500 2092 5576">
    <p class='ocr_par' dir='ltr' id='par_1_102' title="bbox 448 5500 2092 5576">
     <span class='ocr_line' id='line_1_102' title="bbox 448 5500 2092 5576; baseline -0.002 -16"><span class='ocrx_word' id='word_1_609' title='bbox 448 5505 859 5576; x_wconf 81' lang='lat' dir='ltr'><strong><em>septemdecim</em></strong></span> <span class='ocrx_word' id='word_1_610' title='bbox 882 5505 1053 5562; x_wconf 88' lang='lat' dir='ltr'><strong><em>annis</em></strong></span> <span class='ocrx_word' id='word_1_611' title='bbox 1076 5502 1279 5560; x_wconf 76' lang='lat' dir='ltr'><strong><em>lsraeli</em></strong></span> <span class='ocrx_word' id='word_1_612' title='bbox 1304 5501 1553 5575; x_wconf 66' lang='lat' dir='ltr'><strong><em>prefuit,</em></strong></span> <span class='ocrx_word' id='word_1_613' title='bbox 1587 5500 1865 5556; x_wconf 90' lang='lat' dir='ltr'><strong><em>nimirum</em></strong></span> <span class='ocrx_word' id='word_1_614' title='bbox 1908 5515 2092 5572; x_wconf 86' lang='lat' dir='ltr'><strong><em>usque</em></strong></span> 
     </span>
    </p>
   </div>
   <div class='ocr_carea' id='block_1_103' title="bbox 448 5588 2092 5666">
    <p class='ocr_par' dir='ltr' id='par_1_103' title="bbox 448 5588 2092 5666">
     <span class='ocr_line' id='line_1_103' title="bbox 448 5588 2092 5666; baseline -0.001 -18"><span class='ocrx_word' id='word_1_615' title='bbox 448 5594 518 5649; x_wconf 88' lang='lat' dir='ltr'><strong><em>ad</em></strong></span> <span class='ocrx_word' id='word_1_616' title='bbox 547 5593 843 5650; x_wconf 79' lang='lat' dir='ltr'><strong><em>Jeebonite</em></strong></span> <span class='ocrx_word' id='word_1_617' title='bbox 871 5598 1151 5666; x_wconf 88' lang='lat' dir='ltr'><strong><em>tempora,</em></strong></span> <span class='ocrx_word' id='word_1_618' title='bbox 1183 5593 1285 5664; x_wconf 90' lang='lat' dir='ltr'><strong><em>qui</em></strong></span> <span class='ocrx_word' id='word_1_619' title='bbox 1339 5599 1394 5649; x_wconf 87' lang='lat' dir='ltr'><strong><em>et</em></strong></span> <span class='ocrx_word' id='word_1_620' title='bbox 1447 5590 1716 5648; x_wconf 85' lang='lat' dir='ltr'><strong><em>Sedecias</em></strong></span> <span class='ocrx_word' id='word_1_621' title='bbox 1763 5588 2092 5662; x_wconf 88' lang='lat' dir='ltr'><strong><em>appellatus</em></strong></span> 
     </span>
    </p>
   </div>
   <div class='ocr_carea' id='block_1_104' title="bbox 447 5679 2087 5764">
    <p class='ocr_par' dir='ltr' id='par_1_104' title="bbox 447 5679 2087 5764">
     <span class='ocr_line' id='line_1_104' title="bbox 447 5679 2087 5764; baseline -0.005 -20"><span class='ocrx_word' id='word_1_622' title='bbox 447 5681 950 5755; x_wconf 75' lang='lat' dir='ltr'><strong><em>ost.Temporibus</em></strong></span> <span class='ocrx_word' id='word_1_623' title='bbox 979 5690 1172 5740; x_wconf 79' lang='lat' dir='ltr'><strong><em>autem</em></strong></span> <span class='ocrx_word' id='word_1_624' title='bbox 1220 5679 1341 5764; x_wconf 77' lang='lat' dir='ltr'><strong><em>illis</em></strong></span> <span class='ocrx_word' id='word_1_625' title='bbox 1383 5681 1486 5756; x_wconf 83' lang='lat' dir='ltr'><strong><em>qut</em></strong></span> <span class='ocrx_word' id='word_1_626' title='bbox 1536 5694 1730 5754; x_wconf 75' lang='lat' dir='ltr'><strong><em>regem</em></strong></span> <span class='ocrx_word' id='word_1_627' title='bbox 1769 5683 2087 5754; x_wconf 86' lang='lat' dir='ltr'><strong><em>utrumque</em></strong></span> 
     </span>
    </p>
   </div>
   <div class='ocr_carea' id='block_1_105' title="bbox 2202 4697 3852 4775">
    <p class='ocr_par' dir='ltr' id='par_1_105' title="bbox 2202 4697 3852 4775">
     <span class='ocr_line' id='line_1_105' title="bbox 2202 4697 3852 4775; baseline -0.001 -17"><span class='ocrx_word' id='word_1_628' title='bbox 2202 4703 2554 4775; x_wconf 86' lang='lat' dir='ltr'><strong><em>improbant.</em></strong></span> <span class='ocrx_word' id='word_1_629' title='bbox 2582 4700 2861 4771; x_wconf 89' lang='lat' dir='ltr'><strong><em>Spiritum</em></strong></span> <span class='ocrx_word' id='word_1_630' title='bbox 2893 4703 3160 4754; x_wconf 88' lang='lat' dir='ltr'><strong><em>sanctum</em></strong></span> <span class='ocrx_word' id='word_1_631' title='bbox 3206 4697 3436 4754; x_wconf 90' lang='lat' dir='ltr'><strong><em>nullum</em></strong></span> <span class='ocrx_word' id='word_1_632' title='bbox 3499 4700 3852 4756; x_wconf 84' lang='lat' dir='ltr'><strong><em>admittunt.</em></strong></span> 
     </span>
    </p>
   </div>
   <div class='ocr_carea' id='block_1_106' title="bbox 2200 4789 3844 4863">
    <p class='ocr_par' dir='ltr' id='par_1_106' title="bbox 2200 4789 3844 4863">
     <span class='ocr_line' id='line_1_106' title="bbox 2200 4789 3844 4863; baseline -0.001 -15"><span class='ocrx_word' id='word_1_633' title='bbox 2200 4794 2270 4848; x_wconf 88' lang='lat' dir='ltr'><strong><em>Et</em></strong></span> <span class='ocrx_word' id='word_1_634' title='bbox 2299 4791 2566 4863; x_wconf 85' lang='lat' dir='ltr'><strong><em>quamvis</em></strong></span> <span class='ocrx_word' id='word_1_635' title='bbox 2600 4789 2917 4846; x_wconf 66' lang='lat' dir='ltr'><strong><em>idololatria</em></strong></span> <span class='ocrx_word' id='word_1_636' title='bbox 2949 4804 3008 4844; x_wconf 89' lang='lat' dir='ltr'><strong><em>re</em></strong></span> <span class='ocrx_word' id='word_1_637' title='bbox 3038 4804 3168 4843; x_wconf 86' lang='lat' dir='ltr'><strong><em>vera</em></strong></span> <span class='ocrx_word' id='word_1_638' title='bbox 3199 4789 3338 4857; x_wconf 79' lang='lat' dir='ltr'><strong><em>sint,</em></strong></span> <span class='ocrx_word' id='word_1_639' title='bbox 3370 4805 3608 4845; x_wconf 87' lang='lat' dir='ltr'><strong><em>summa</em></strong></span> <span class='ocrx_word' id='word_1_640' title='bbox 3645 4796 3844 4847; x_wconf 87' lang='lat' dir='ltr'><strong><em>tamen</em></strong></span> 
     </span>
    </p>
   </div>
   <div class='ocr_carea' id='block_1_107' title="bbox 2201 4879 3855 4951">
    <p class='ocr_par' dir='ltr' id='par_1_107' title="bbox 2201 4879 3855 4951">
     <span class='ocr_line' id='line_1_107' title="bbox 2201 4879 3855 4951; baseline -0.002 -11"><span class='ocrx_word' id='word_1_641' title='bbox 2201 4883 2338 4951; x_wconf 89' lang='lat' dir='ltr'><strong><em>illis,</em></strong></span> <span class='ocrx_word' id='word_1_642' title='bbox 2373 4898 2442 4937; x_wconf 89' lang='lat' dir='ltr'><strong><em>ne</em></strong></span> <span class='ocrx_word' id='word_1_643' title='bbox 2469 4880 2614 4937; x_wconf 77' lang='lat' dir='ltr'><strong><em>tales</em></strong></span> <span class='ocrx_word' id='word_1_644' title='bbox 2643 4879 2971 4943; x_wconf 88' lang='lat' dir='ltr'><strong><em>videantur,</em></strong></span> <span class='ocrx_word' id='word_1_645' title='bbox 3015 4879 3206 4934; x_wconf 88' lang='lat' dir='ltr'><strong><em>cautio</em></strong></span> <span class='ocrx_word' id='word_1_646' title='bbox 3262 4882 3372 4936; x_wconf 88' lang='lat' dir='ltr'><strong><em>est.</em></strong></span> <span class='ocrx_word' id='word_1_647' title='bbox 3429 4879 3855 4950; x_wconf 75' lang='lat' dir='ltr'><strong><em>Hierosolymis</em></strong></span> 
     </span>
    </p>
   </div>
   <div class='ocr_carea' id='block_1_108' title="bbox 2203 4966 3855 5040">
    <p class='ocr_par' dir='ltr' id='par_1_108' title="bbox 2203 4966 3855 5040">
     <span class='ocr_line' id='line_1_108' title="bbox 2203 4966 3855 5040; baseline -0.004 -11"><span class='ocrx_word' id='word_1_648' title='bbox 2203 4973 2357 5030; x_wconf 91' lang='lat' dir='ltr'><strong><em>enim</em></strong></span> <span class='ocrx_word' id='word_1_649' title='bbox 2391 4987 2502 5025; x_wconf 89' lang='lat' dir='ltr'><strong><em>una</em></strong></span> <span class='ocrx_word' id='word_1_650' title='bbox 2537 4985 2669 5024; x_wconf 91' lang='lat' dir='ltr'><strong><em>cum</em></strong></span> <span class='ocrx_word' id='word_1_651' title='bbox 2711 4968 2941 5023; x_wconf 83' lang='lat' dir='ltr'><strong><em>ccnteris</em></strong></span> <span class='ocrx_word' id='word_1_652' title='bbox 2964 4966 3220 5023; x_wconf 64' lang='lat' dir='ltr'><strong><em>Hebreis</em></strong></span> <span class='ocrx_word' id='word_1_653' title='bbox 3252 4967 3497 5022; x_wconf 86' lang='lat' dir='ltr'><strong><em>adorare</em></strong></span> <span class='ocrx_word' id='word_1_654' title='bbox 3528 4968 3855 5040; x_wconf 78' lang='lat' dir='ltr'><strong><em>dedignati,</em></strong></span> 
     </span>
    </p>
   </div>
   <div class='ocr_carea' id='block_1_109' title="bbox 2203 5056 3858 5120">
    <p class='ocr_par' dir='ltr' id='par_1_109' title="bbox 2203 5056 3858 5120">
     <span class='ocr_line' id='line_1_109' title="bbox 2203 5056 3858 5120; baseline -0.001 -4"><span class='ocrx_word' id='word_1_655' title='bbox 2203 5062 2260 5116; x_wconf 92' lang='lat' dir='ltr'><strong><em>in</em></strong></span> <span class='ocrx_word' id='word_1_656' title='bbox 2294 5065 2490 5116; x_wconf 88' lang='lat' dir='ltr'><strong><em>monte</em></strong></span> <span class='ocrx_word' id='word_1_657' title='bbox 2520 5059 2745 5114; x_wconf 79' lang='lat' dir='ltr'><strong><em>Garizin</em></strong></span> <span class='ocrx_word' id='word_1_658' title='bbox 2773 5065 2830 5112; x_wconf 90' lang='lat' dir='ltr'><strong><em>et</em></strong></span> <span class='ocrx_word' id='word_1_659' title='bbox 2861 5073 3024 5111; x_wconf 88' lang='lat' dir='ltr'><strong><em>sacra</em></strong></span> <span class='ocrx_word' id='word_1_660' title='bbox 3055 5056 3299 5120; x_wconf 78' lang='lat' dir='ltr'><strong><em>faciunt,</em></strong></span> <span class='ocrx_word' id='word_1_661' title='bbox 3325 5063 3384 5110; x_wconf 88' lang='lat' dir='ltr'><strong><em>et</em></strong></span> <span class='ocrx_word' id='word_1_662' title='bbox 3429 5063 3620 5112; x_wconf 87' lang='lat' dir='ltr'><strong><em>orant.</em></strong></span> <span class='ocrx_word' id='word_1_663' title='bbox 3657 5058 3740 5114; x_wconf 86' lang='lat' dir='ltr'><strong><em>Eo</em></strong></span> <span class='ocrx_word' id='word_1_664' title='bbox 3799 5059 3858 5114; x_wconf 88' lang='lat' dir='ltr'><strong><em>in</em></strong></span> 
     </span>
    </p>
   </div>
   <div class='ocr_carea' id='block_1_110' title="bbox 2203 5147 3860 5220">
    <p class='ocr_par' dir='ltr' id='par_1_110' title="bbox 2203 5147 3860 5220">
     <span class='ocr_line' id='line_1_110' title="bbox 2203 5147 3860 5220; baseline -0.004 -14"><span class='ocrx_word' id='word_1_665' title='bbox 2203 5151 2328 5206; x_wconf 94' lang='lat' dir='ltr'><strong><em>loco</em></strong></span> <span class='ocrx_word' id='word_1_666' title='bbox 2361 5159 2613 5220; x_wconf 89' lang='lat' dir='ltr'><strong><em>quatuor</em></strong></span> <span class='ocrx_word' id='word_1_667' title='bbox 2646 5147 2973 5212; x_wconf 88' lang='lat' dir='ltr'><strong><em>nationum,</em></strong></span> <span class='ocrx_word' id='word_1_668' title='bbox 3002 5162 3132 5218; x_wconf 67' lang='lat' dir='ltr'><strong><em>qum</em></strong></span> <span class='ocrx_word' id='word_1_669' title='bbox 3161 5147 3246 5214; x_wconf 89' lang='lat' dir='ltr'><strong><em>(ut</em></strong></span> <span class='ocrx_word' id='word_1_670' title='bbox 3297 5147 3420 5210; x_wconf 85' lang='lat' dir='ltr'><strong><em>jam</em></strong></span> <span class='ocrx_word' id='word_1_671' title='bbox 3485 5148 3860 5214; x_wconf 65' lang='lat' dir='ltr'><strong><em>monuimus)</em></strong></span> 
     </span>
    </p>
   </div>
   <div class='ocr_carea' id='block_1_111' title="bbox 2202 5235 3864 5308">
    <p class='ocr_par' dir='ltr' id='par_1_111' title="bbox 2202 5235 3864 5308">
     <span class='ocr_line' id='line_1_111' title="bbox 2202 5235 3864 5308; baseline -0.002 -13"><span class='ocrx_word' id='word_1_672' title='bbox 2202 5240 2303 5295; x_wconf 86' lang='lat' dir='ltr'><strong><em>illo</em></strong></span> <span class='ocrx_word' id='word_1_673' title='bbox 2334 5241 2620 5294; x_wconf 82' lang='lat' dir='ltr'><strong><em>coloniam</em></strong></span> <span class='ocrx_word' id='word_1_674' title='bbox 2657 5254 2720 5291; x_wconf 81' lang='lat' dir='ltr'><strong><em>ex</em></strong></span> <span class='ocrx_word' id='word_1_675' title='bbox 2782 5235 3021 5308; x_wconf 67' lang='lat' dir='ltr'><strong><em>Assyria</em></strong></span> <span class='ocrx_word' id='word_1_676' title='bbox 3081 5236 3460 5300; x_wconf 54' lang='lat' dir='ltr'><strong><em>deduxerant,</em></strong></span> <span class='ocrx_word' id='word_1_677' title='bbox 3518 5237 3673 5292; x_wconf 80' lang='lat' dir='ltr'><strong><em>idola</em></strong></span> <span class='ocrx_word' id='word_1_678' title='bbox 3725 5237 3864 5292; x_wconf 77' lang='lat' dir='ltr'><strong><em>deli-</em></strong></span> 
     </span>
    </p>
   </div>
   <div class='ocr_carea' id='block_1_112' title="bbox 2201 5330 2659 5387">
    <p class='ocr_par' dir='ltr' id='par_1_112' title="bbox 2201 5330 2659 5387">
     <span class='ocr_line' id='line_1_112' title="bbox 2201 5330 2659 5387; baseline -0.011 -1"><span class='ocrx_word' id='word_1_679' title='bbox 2201 5336 2417 5387; x_wconf 90' lang='lat' dir='ltr'><strong><em>tescere</em></strong></span> <span class='ocrx_word' id='word_1_680' title='bbox 2451 5330 2659 5383; x_wconf 83' lang='lat' dir='ltr'><strong><em>ferunt.</em></strong></span> 
     </span>
    </p>
   </div>
   <div class='ocr_carea' id='block_1_113' title="bbox 2818 5413 3220 5470">
    <p class='ocr_par' dir='ltr' id='par_1_113' title="bbox 2818 5413 3220 5470">
     <span class='ocr_line' id='line_1_113' title="bbox 2818 5413 3220 5470; baseline -0.002 0"><span class='ocrx_word' id='word_1_681' title='bbox 2818 5415 2967 5470; x_wconf 86' lang='lat' dir='ltr'><strong><em>CAP.</em></strong></span> <span class='ocrx_word' id='word_1_682' title='bbox 3002 5413 3220 5469; x_wconf 82' lang='lat' dir='ltr'><strong><em>XXXV.</em></strong></span> 
     </span>
    </p>
   </div>
   <div class='ocr_carea' id='block_1_114' title="bbox 2201 5507 3857 5632">
    <p class='ocr_par' dir='ltr' id='par_1_114' title="bbox 2201 5507 3857 5632">
     <span class='ocr_line' id='line_1_114' title="bbox 2201 5507 3857 5632; baseline -0.004 -64"><span class='ocrx_word' id='word_1_683' title='bbox 2201 5513 2265 5568; x_wconf 85' lang='lat' dir='ltr'><strong>In</strong></span> <span class='ocrx_word' id='word_1_684' title='bbox 2292 5512 2489 5585; x_wconf 77' lang='lat' dir='ltr'><strong><em>quibus</em></strong></span> <span class='ocrx_word' id='word_1_685' title='bbox 2517 5513 2756 5582; x_wconf 83' lang='lat' dir='ltr'><strong><em>quatuor</em></strong></span> <span class='ocrx_word' id='word_1_686' title='bbox 2783 5507 3266 5632; x_wconf 52' lang='lat' dir='ltr'><strong><em>Samaritanorum</em></strong></span> <span class='ocrx_word' id='word_1_687' title='bbox 3306 5509 3470 5562; x_wconf 62' lang='lat' dir='ltr'><strong><em>secta</em></strong></span> <span class='ocrx_word' id='word_1_688' title='bbox 3500 5509 3857 5577; x_wconf 79' lang='lat' dir='ltr'><strong><em>conveniant,</em></strong></span> 
     </span>
     <span class='ocr_line' id='line_1_115' title="bbox 2792 5591 3244 5632; baseline -0.004 0"><span class='ocrx_word' id='word_1_689' title='bbox 2792 5595 2854 5632; x_wconf 81' lang='grc' dir='ltr'><strong><em>ιη</em></strong></span> <span class='ocrx_word' id='word_1_690' title='bbox 2891 5594 2984 5632; x_wconf 72' lang='lat' dir='ltr'><strong><em>aut</em></strong></span> <span class='ocrx_word' id='word_1_691' title='bbox 3024 5593 3084 5632; x_wconf 74' lang='lat' dir='ltr'><strong><em>us</em></strong></span> <span class='ocrx_word' id='word_1_692' title='bbox 3111 5591 3244 5632; x_wconf 79' lang='lat' dir='ltr'><strong><em>non.</em></strong></span> 
     </span>
    </p>
   </div>
   <div class='ocr_carea' id='block_1_115' title="bbox 2792 5591 3244 5652">
    <p class='ocr_par' dir='ltr' id='par_1_115' title="bbox 2792 5591 3244 5652">
     <span class='ocr_line' id='line_1_116' title="bbox 2792 5591 3244 5652; baseline -0.007 -18"><span class='ocrx_word' id='word_1_693' title='bbox 2792 5595 2854 5634; x_wconf 80' lang='grc' dir='ltr'><strong><em>ιη</em></strong></span> <span class='ocrx_word' id='word_1_694' title='bbox 2891 5591 3084 5652; x_wconf 73' lang='lat' dir='ltr'><strong><em>quious</em></strong></span> <span class='ocrx_word' id='word_1_695' title='bbox 3111 5591 3244 5632; x_wconf 79' lang='lat' dir='ltr'><strong><em>non.</em></strong></span> 
     </span>
    </p>
   </div>
   <div class='ocr_carea' id='block_1_116' title="bbox 2272 5663 3856 5738">
    <p class='ocr_par' dir='ltr' id='par_1_116' title="bbox 2272 5663 3856 5738">
     <span class='ocr_line' id='line_1_117' title="bbox 2272 5663 3856 5738; baseline -0.003 -7"><span class='ocrx_word' id='word_1_696' title='bbox 2272 5673 2351 5731; x_wconf 86' lang='lat' dir='ltr'><strong><em>Ex</em></strong></span> <span class='ocrx_word' id='word_1_697' title='bbox 2381 5671 2475 5729; x_wconf 88' lang='lat' dir='ltr'><strong><em>his</em></strong></span> <span class='ocrx_word' id='word_1_698' title='bbox 2505 5675 2699 5730; x_wconf 83' lang='lat' dir='ltr'><strong><em>autem</em></strong></span> <span class='ocrx_word' id='word_1_699' title='bbox 2733 5669 2957 5736; x_wconf 84' lang='lat' dir='ltr'><strong><em>Esseni,</em></strong></span> <span class='ocrx_word' id='word_1_700' title='bbox 2987 5665 3232 5737; x_wconf 60' lang='lat' dir='ltr'><strong><em>Sabaei,</em></strong></span> <span class='ocrx_word' id='word_1_701' title='bbox 3268 5663 3602 5738; x_wconf 87' lang='lat' dir='ltr'><strong><em>Sorothsni,</em></strong></span> <span class='ocrx_word' id='word_1_702' title='bbox 3633 5672 3694 5725; x_wconf 87' lang='lat' dir='ltr'><strong><em>et</em></strong></span> <span class='ocrx_word' id='word_1_703' title='bbox 3740 5673 3856 5726; x_wconf 88' lang='lat' dir='ltr'><strong><em>Do-</em></strong></span> 
     </span>
    </p>
   </div>
  </div>
