4032 6216
167 325 312 388 1121

1513 314 1915 376 THESAUBI
1961 315 2110 376 LIB.
2158 314 2203 376 Ι.

3409 315 3572 378 1122

165 464 329 523 silhei
360 463 420 518 in
453 458 806 532 quihusdam
839 456 1132 529 dogmatis
1160 453 1556 522 consentanei,
1581 454 1635 507 in
1672 451 1805 523 qui-
1836 461 1890 527 Α
1925 458 2184 509 mentum
2217 454 2344 527 ipso
2378 454 2633 525 periurio
2669 453 2925 510 deterius
2969 453 3404 511 existimabant.
3437 459 3570 512 Oni-

168 556 408 613 busdam
459 556 663 608 contra
719 548 1072 603 dissentanei
1139 550 1546 617 provenerunt.
1613 543 1809 596 Esseni

167 646 319 701 enim
352 646 610 713 Augusto
645 655 843 693 mense
871 639 1084 707 Azyma
1133 636 1213 705 (in
1249 649 1362 704 quo
1395 649 1528 687 cum
1556 632 1817 686 Sithoniis

170 731 963 802 conveniont),Si-enopegian
994 743 1146 786 vero.
1179 742 1312 780 cum
1350 732 1568 796 Azyma
1609 722 1816 791 Judaei,

171 827 542 882 Pentecmten
577 820 825 889 denique
855 817 915 871 in
949 820 1234 871 autumno
1262 814 1575 870 celebrant.
1609 817 1682 868 At
1720 819 1818 867 Se-

174 914 313 972 buai
347 913 548 968 eodem
579 910 693 963 ritu
726 924 838 978 quo
874 907 1074 961 Esseni
1117 911 1174 958 et
1228 904 1531 958 Sorotheni
1591 903 1714 957 dies
1748 903 1821 956 fe-

173 1011 292 1061 stos
322 1002 542 1069 colunt,
576 1017 608 1054 a
639 997 930 1054 Dositheis
977 1001 1173 1050 autem
1227 995 1604 1048 dissentiunt.
1648 992 1820 1048 Soro-

174 1095 332 1150 theni
365 1099 428 1148 ut
457 1093 514 1146 in
550 1089 770 1145 steteris
796 1103 926 1142 cum
953 1085 1189 1140 Essenis
1237 1091 1292 1139 et
1342 1083 1600 1138 Sebuasis
1625 1095 1824 1136 conve-

176 1188 359 1253 niant,
393 1182 661 1236 eumdem
694 1183 846 1233 certe
907 1175 1084 1229 ritum
1149 1173 1204 1226 in
1265 1173 1429 1227 festis
1461 1171 1826 1226 celebrandis

177 1289 346 1345 quem
396 1270 652 1327 Dosithei
709 1269 1044 1323 observant.
1107 1263 1408 1317 Festorum
1468 1261 1623 1316 enim
1685 1260 1830 1314 cele-

178 1364 529 1420 brandorum
561 1358 676 1414 illis
707 1356 1164 1424 Sorottienisque
1194 1358 1250 1406 et
1283 1350 1576 1406 Dositheis
1626 1350 1830 1404 eadem

178 1471 304 1527 qua:
335 1447 800 1506 caeterisJudaiis
849 1444 996 1500 ratio
1053 1451 1162 1497 est.
1222 1439 1483 1497 Dosithei
1535 1445 1708 1507 certe,
1768 1443 1834 1492 ut

179 1541 663 1602 resurrectionem
691 1539 1002 1604 fateantur,
1026 1539 1082 1589 et
1105 1534 1162 1588 in
1190 1533 1469 1587 festorum
1494 1529 1832 1586 celebritate

178 1632 518 1692 Sorothenis
544 1624 917 1685 consentanei
971 1623 1109 1690 sint,
1144 1619 1413 1694 privatim
1467 1622 1622 1674 certe
1673 1617 1829 1689 apud

176 1723 308 1778 illos
333 1721 595 1793 plerique
629 1717 700 1771 ab
733 1713 1127 1770 animatorum
1165 1727 1293 1775 esu,
1326 1724 1427 1763 nec
1469 1707 1773 1778 pauciores
1802 1723 1834 1760 a

177 1810 402 1884 nuptiis
436 1815 566 1880 post
597 1807 809 1860 liberos
833 1800 1013 1858 semel
1037 1804 1340 1870 susceptos
1374 1797 1690 1864 abstinent,
1729 1811 1832 1851 nec
1862 1800 1908 1864 B
1943 1805 2189 1855 tortores
2244 1799 2405 1870 ipsos
2471 1798 2792 1854 irridebant

181 1903 390 1956 desunt
422 1897 521 1970 qui
548 1893 934 1962 virginitatem
999 1889 1398 1960 proliteantur.
1433 1884 1620 1956 Hujus
1661 1888 1828 1938 sectas

185 1989 502 2046 Dositheus
526 1990 728 2040 auctor
754 1980 930 2036 fuisse
953 1975 1426 2050 perhibetur,qui
1451 1975 1834 2044 liebrasusge—

180 2095 343 2140 nere.
362 2074 767 2146 singularique
794 2068 1073 2140 praeditus
1097 2065 1421 2120 eruditione
1438 2079 1571 2119 cum
1619 2064 1835 2117 frustra

181 2170 602 2230 contendisset,
638 2172 698 2217 ut
734 2163 792 2216 in
825 2162 896 2214 iis
928 2175 1073 2230 quas
1107 2152 1456 2229 δευτερώσεις
1491 2154 1572 2208 illi
1603 2156 1833 2217 vocant,

182 2259 401 2332 primas
443 2257 922 2324 consequeretur,
981 2253 1048 2302 ad
1111 2247 1512 2300 Samaritanus
1567 2242 1838 2310 descivit,

180 2357 358 2419 atque
393 2347 570 2412 hujus
604 2345 886 2397 haereseos
917 2346 1116 2390 auctor
1149 2335 1277 2388 fuit.
1321 2332 1837 2387 Verumenimvero

184 2455 322 2496 cum
353 2436 538 2492 nimio
571 2429 951 2504 philosOphite
1007 2442 1206 2481 arnore
1263 2430 1577 2491 teneretur,
1609 2422 1668 2476 in
1730 2437 1838 2475 an-

181 2535 341 2584 trum
376 2525 668 2597 quoddam
700 2521 961 2584 secessit,
996 2517 1092 2572 ubi
1145 2516 1285 2569 dum
1330 2513 1572 2583 jejuniis
1623 2519 1842 2567 temere

191 2619 350 2674 vires
383 2618 647 2670 attenuat
668 2616 726 2665 et
753 2612 1030 2676 inlirmat,
1062 2605 1298 2659 tandem
1346 2601 1512 2673 panis
1572 2606 1629 2655 et
1680 2616 1842 2672 aqua:

193 2704 446 2780 penuria
477 2702 746 2756 moritur.
807 2697 1022 2752 Omnes
1081 2694 1274 2764 itaque
1330 2689 1848 2761 bujuscemodivi-

193 2807 318 2855 tam
354 2811 519 2852 suam
555 2793 634 2847 ita
675 2790 1079 2853 instituerunt,
1137 2790 1201 2839 ut
1256 2785 1407 2839 circa
1457 2799 1548 2838 res
1596 2782 1847 2854 agendas

194 2886 374 2961 paulo
408 2882 736 2940 solertiores
767 2885 982 2935 essent.

804 2989 960 3045 CAP.
994 2985 1244 3041 XXXVI.

697 3103 1018 3164 De'Essenis
1059 3106 1118 3158 in
1147 3102 1344 3170 specie.

272 3230 475 3288 Esseni
506 3229 748 3298 insuper
776 3238 974 3279 amore
1031 3217 1266 3274 virtutis
1323 3234 1357 3272 a
1388 3214 1633 3287 nuptiis,
1662 3215 1742 3268 ita
1787 3216 1849 3268 ut

196 3322 303 3394 qui
341 3318 608 3386 maxime,
643 3312 1031 3380 abstinebant,
1061 3307 1298 3363 divitias
1359 3322 1461 3377 pro
1520 3303 1704 3359 nihilo
1745 3303 1851 3394 du-

199 3392 435 3476 cebant,
469 3425 586 3463 una
643 3403 897 3473 denique
953 3401 1358 3454 vescebantur.
1415 3395 1642 3450 Privata
1696 3392 1854 3448 enim

206 3501 476 3574 publicos
507 3498 567 3552 in
599 3511 743 3550 usus
776 3488 1242 3562 comportabant,
1275 3491 1446 3556 turpe
1477 3486 1586 3538 rati
1637 3483 1683 3538 si
1726 3480 1856 3553 quis

207 3589 478 3665 privatim
512 3587 654 3660 quid
699 3582 1036 3640 divitiarum
1094 3576 1439 3648 possideret,
1500 3574 1653 3665 apud
1715 3587 1860 3644 quos

207 3664 435 3739 scilicet
459 3673 838 3734 fraternitatis
871 3669 1105 3725 nomine
1131 3667 1281 3722 bona
1311 3664 1856 3725 commiscebantur,

208 3781 269 3828 et
302 3781 646 3826 communes
678 3764 738 3818 in
775 3778 915 3817 usus
945 3760 1462 3836 depromebantur.
1522 3751 1692 3825 Apud
1743 3769 1863 3808 eos-

209 3863 346 3916 dem
385 3855 675 3930 squaloris
707 3851 902 3908 studio
934 3865 1078 3903 usus
1108 3846 1215 3902 olei
1273 3845 1473 3900 nullus
1529 3850 1649 3898 erat
1677 3859 1690 3898 :
1722 3857 1861 3897 can-

207 3951 388 4007 didus
423 3947 540 4002 illis
596 3945 756 4000 color
813 3938 1148 3994 arridebat:
1209 3941 1423 3990 vestem
1475 3937 1576 3987 aut
1640 3930 1863 3986 calceos

209 4044 476 4098 recentes
536 4051 650 4091 non
713 4032 829 4088 nisi
887 4028 1182 4101 prioribus
1239 4023 1466 4080 detritis
1523 4020 1862 4075 induebant.

209 4131 403 4187 Unum
437 4130 536 4183 aut
566 4124 745 4180 etiam
775 4120 1019 4175 alterum
1072 4117 1131 4170 in
1178 4127 1488 4168 commune
1528 4112 1869 4179 procurato-

210 4237 336 4276 rsm
372 4216 684 4273 habebant.
718 4210 928 4266 Nullus
958 4207 1114 4261 inter
1143 4203 1275 4258 illos
1331 4197 1637 4270 emptioni,
1666 4196 1867 4250 nullus

211 4305 533 4364 venditioni
561 4303 745 4366 locus,
780 4300 875 4354 sed
911 4294 1188 4365 expositis
1216 4289 1407 4362 egenti
1439 4286 1566 4342 suis
1591 4285 1870 4341 omnibus

211 4395 469 4473 quilibet
499 4394 552 4446 id
581 4393 652 4447 ab
711 4388 809 4443 illo
866 4384 1124 4473 vicissim
1181 4378 1520 4473 recipiebat,
1556 4374 1709 4446 quod
1759 4370 1871 4473 sibi

215 4461 439 4543 deerat.
478 4485 595 4537 imo
626 4495 757 4535 vero
790 4473 998 4532 alienis
1029 4472 1113 4526 uti
1147 4471 1369 4539 absque
1403 4470 1610 4519 mutua
1650 4461 1871 4535 gratiﬁ-

1925 558 2024 597 nes
2080 544 2412 616 scripturas
2463 544 2822 610 evolvebant,
2881 561 2977 598 eas
3031 561 3163 600 vero
3221 548 3468 601 maxime
3499 564 3566 602 ex

1927 633 2141 703 quibus
2163 643 2443 705 praecepta
2477 635 2544 688 ad
2581 637 2809 689 animos
2867 634 3033 688 bonis
3094 635 3357 691 moribus
3386 637 3566 692 infor-

1932 723 2174 776 mandos
2209 723 2371 778 utilia
2402 723 2767 778 eliserentur.
2802 729 2881 776 Ad
2917 741 2979 779 se
3035 727 3320 781 adeuntes
3363 729 3574 796 proba-

1931 812 2095 878 bant,
2144 829 2359 885 eosque
2412 816 2644 868 tandem
2710 815 3065 871 fortitudinis
3122 823 3178 870 et
3229 822 3572 874 constantia

1932 901 2253 972 specimine
2310 903 2560 957 celebres
2613 904 2673 958 in
2733 907 3090 960 consortium
3181 907 3326 962 ultro
3397 925 3572 964 suum

1937 992 2317 1048 asoiscebant.
2353 993 2415 1048 In
2437 994 2678 1064 judiciis
2708 996 3250 1066 exactissimijuxta
3275 1003 3332 1053 et
3370 1000 3577 1069 justis-

1937 1081 2161 1137 simi.Iu
2195 1085 2605 1155 congressibus
2635 1089 2692 1139 et
2723 1085 3266 1156 colloqiiiismutuis
3295 1104 3578 1158 exspuere

1939 1171 2054 1227 illis
2087 1173 2287 1244 religio
2316 1178 2456 1228 erat.
2490 1172 2552 1228 In
2587 1173 2790 1244 primis
2823 1182 3016 1230 autem
3067 1177 3222 1232 mala
3271 1179 3579 1234 obﬁrmato

1940 1262 2136 1317 animo
2166 1261 2332 1316 nihili
2366 1262 2674 1332 faciebant,
2708 1270 2883 1335 atque
2932 1264 3159 1321 dolores
3206 1267 3428 1337 quidem
3472 1286 3587 1323 ine-

1941 1351 2325 1406 ditationibus
2356 1354 2730 1423 superabant.
2751 1358 2906 1410 Mors
2939 1353 3052 1410 illis
3085 1372 3211 1426 quas
3243 1373 3376 1412 cum
3409 1357 3582 1412 laude

1940 1447 1999 1495 et
2029 1439 2216 1512 gloria
2246 1440 2521 1507 obiretur,
2556 1442 2998 1498 immortalitate
3034 1446 3161 1513 ipsa
3212 1446 3399 1514 potior
3439 1452 3586 1501 erat.

1943 1534 2126 1598 Quare
2158 1531 2325 1586 multi
2359 1533 2408 1587 si
2438 1532 2669 1600 quando
2703 1543 2936 1604 propter
2987 1534 3172 1603 legem
3221 1535 3420 1606 ﬂagris
3476 1553 3582 1591 cas-

1943 1621 2222 1676 derentur
2251 1638 2269 1674 :
2303 1636 2486 1691 neque
2516 1619 2745 1676 lorariis
2801 1620 3352 1690 adblandiebantur,
3402 1640 3590 1694 neque

1942 1709 2419 1782 lacrymabantur
2451 1725 2463 1764 :
2498 1709 2616 1766 imo
2649 1725 2784 1766 vero
2835 1715 2891 1766 et
2930 1713 3165 1767 verbera
3215 1712 3499 1779 ridebant,
3538 1718 3596 1768 et

2849 1816 2863 1855 :
2937 1800 3166 1856 animas
3241 1802 3596 1872 profundere

1938 1891 2144 1960 parati,
2179 1905 2246 1945 ac
2277 1890 2326 1943 si
2357 1889 2549 1944 denuo
2576 1889 2810 1945 easdem
2847 1892 3132 1960 recepturi
3181 1897 3400 1948 essent.
3429 1893 3590 1962 Apud

1936 1979 2098 2052 ipsos
2132 1979 2288 2032 enim
2323 1978 2632 2032 obfirmata
2666 1978 2785 2032 hac
2830 1979 3028 2048 Opinio
3086 1980 3432 2047 invalueiat,
3467 1996 3593 2035 cor-

1942 2085 2079 2141 pora
2105 2068 2341 2138 quidem
2375 2067 2729 2138 corruptioni
2765 2068 3015 2122 obnoxia
3055 2085 3205 2137 esse,
3239 2069 3594 2139 perituram-

1941 2175 2052 2228 que
2083 2159 2384 2212 materiam
2419 2173 2535 2228 qua
2593 2161 2858 2212 constant
2920 2175 2933 2212 :
2988 2157 3217 2212 animas
3276 2163 3471 2214 autem
3529 2157 3590 2212 in

1943 2262 2125 2302 savum
2164 2248 2585 2316 sempiternum
2611 2261 2968 2317 permanere,
3023 2262 3149 2317 quae
3208 2256 3361 2303 certe
3396 2247 3593 2302 nescio

1946 2353 2058 2407 quo
2131 2341 2351 2390 naturas
2410 2335 2722 2401 lenocinio,
2810 2339 3098 2406 quibusve
3184 2335 3473 2392 illecebris
3525 2336 3598 2390 ab

1947 2426 2158 2481 aethere
2190 2425 2501 2494 purissimo
2532 2425 2796 2490 divulsus,
2856 2433 3025 2497 atque
3084 2427 3142 2481 in
3201 2442 3441 2496 corpora
3497 2427 3600 2480 de-

1951 2516 2166 2580 misse,
2223 2514 2340 2569 illis
2396 2519 2674 2584 tanquam
2763 2516 3094 2570 carceribus
3178 2526 3602 2584 coercerentur,

1951 2605 2188 2660 tandem
2221 2619 2350 2658 vero
2409 2603 2636 2658 carneis
2696 2604 2848 2659 hisce
2899 2604 3148 2659 vinculis
3196 2605 3494 2672 exsolutis,
3548 2609 3606 2661 et

1954 2694 2123 2766 quasi
2182 2693 2459 2746 diuturna
2505 2693 2785 2748 servitute
2846 2692 3125 2760 liberatis,
3192 2699 3330 2750 tunc
3401 2695 3606 2762 utique

1955 2782 2359 2856 gauderent,et
2383 2781 2437 2835 in
2465 2780 2716 2836 sublime
2766 2781 3068 2837 ferrentur.
3104 2785 3292 2854 Atque
3326 2787 3386 2838 ut
3419 2784 3606 2838 bono-

1957 2888 2087 2926 rum
2123 2870 2359 2940 quidem
2395 2870 2604 2924 anima:
2628 2871 2768 2942 (qua
2799 2871 2856 2924 in
2875 2888 2935 2925 re
2957 2871 3168 2927 Graecis
3211 2872 3606 2944 consentiunt)

1959 2977 2189 3016 amoena
2218 2963 2483 3028 quaedam
2517 2959 2640 3015 loca
2695 2977 2874 3032 supra
2930 2961 3225 3016 Oceanum
3272 2963 3610 3033 incolerent,

1963 3066 2092 3122 quae
2121 3065 2309 3121 neque
2342 3050 2653 3114 imbribus,
2691 3065 2875 3121 neque
2908 3049 3162 3120 nivibus,
3217 3067 3402 3121 neque
3458 3051 3615 3106 calo-

1880 3173 1923 3239 C
1965 3142 2128 3195 ribus
2163 3138 2602 3239 infestarentur,
2657 3139 2757 3194 sed
2812 3139 3029 3210 quibus
3085 3140 3159 3194 ab
3217 3143 3443 3195 Oceano
3475 3137 3618 3238 levis

1965 3245 2105 3284 aura
2131 3227 2364 3299 zephyri
2395 3230 2712 3298 aspiraret:
2749 3231 3033 3283 malorum
3068 3244 3200 3284 vero
3234 3229 3304 3284 ad
3368 3227 3620 3283 tenebri—

1966 3333 2099 3373 cosa
2129 3320 2184 3372 et
2215 3315 2470 3388 hyberno
2502 3315 2714 3386 frigore
2766 3316 3032 3388 rigentia,
3088 3316 3341 3389 denique
3393 3315 3618 3388 suppli-

1967 3407 2073 3463 ciis
2098 3423 2270 3463 omne
2300 3422 2486 3478 genus
2519 3422 2816 3477 nunquam
2848 3407 3128 3462 desituris
3177 3407 3459 3464 scatentia
3495 3408 3617 3462 loca

1967 3497 2467 3570 protruderentur.
2528 3497 2596 3552 Et
2653 3497 2795 3553 mihi
2856 3499 3091 3570 quidem
3177 3500 3357 3554 Graeci
3421 3499 3618 3552 eodem

1969 3586 2213 3642 consilio
2246 3586 2494 3641 fortibus
2534 3585 2677 3642 viris
2733 3588 2904 3659 (quos
2963 3587 3166 3643 heroas
3222 3593 3279 3642 et
3331 3586 3622 3640 semideos

1969 3678 2056 3733 illi
2125 3678 2349 3747 vocant)
2440 3677 2885 3733 Fortunatorum
2949 3676 3175 3732 insulas
3231 3688 3625 3744 consecrasse,

1970 3767 2290 3840 impiorum
2324 3771 2529 3822 contra
2559 3767 2785 3822 animas
2817 3766 2963 3822 Orco
3003 3767 3155 3836 (qua
3209 3762 3620 3819 sceleratorum

1973 3857 2141 3912 sedes
2172 3858 2280 3924 est)
2311 3855 2607 3910 addixisse
2641 3855 2927 3919 videntur,
2963 3855 3056 3907 ubi
3109 3853 3283 3907 etiam
3321 3851 3623 3924 Sisyphos,

1974 3948 2529 4010 Tantalostionas,
2561 3951 2618 4000 et
2647 3946 2842 4016 Tityos
2874 3946 3154 4016 quosdam
3189 3944 3412 3998 meritis
3469 3944 3628 4000 affici

1977 4037 2162 4108 pomis
2195 4037 2252 4090 in
2289 4034 2497 4090 fabulis
2527 4042 2633 4090 est.
2669 4034 2923 4088 Primum
2959 4034 3146 4103 itaque
3190 4047 3472 4103 perennes
3501 4035 3627 4089 ani-

1978 4144 2106 4182 mas
2137 4141 2264 4181 esse
2296 4129 2652 4192 supponunt,
2692 4123 2902 4178 deinde
2933 4124 3000 4176 ad
3035 4123 3311 4179 virtutum
3362 4140 3634 4194 peracu-

1980 4219 2199 4274 tionem
2225 4217 2610 4284 vitiorumque
2669 4216 2859 4283 fugam
2923 4212 3264 4270 horninibus
3321 4229 3630 4270 concessas

1982 4306 2299 4369 affirmant,
2331 4312 2628 4374 prepterea
2685 4304 2832 4374 quod
2891 4303 3000 4358 viri
3061 4305 3217 4368 boni,
3249 4303 3511 4376 quandiu
3547 4305 3630 4358 vi-

1982 4399 2146 4457 vunt,
2181 4391 2449 4448 meliores
2506 4393 2772 4459 evadunt,
2833 4400 2988 4448 certa
3039 4409 3144 4463 spe
3198 4393 3454 4460 adducti,
3517 4392 3636 4447 fore

1984 4488 2047 4540 ut
2069 4490 2192 4555 post
2223 4482 2448 4537 obitum
2483 4481 2542 4536 in
2580 4482 2794 4537 honore
2828 4481 3172 4547 habeantur,
3222 4481 3630 4538 sceleratorum

213 4577 450 4635 czitione
484 4573 763 4644 poterant
817 4568 961 4621 Αῐηθ
1020 4559 1160 4616 εοῙίε
1216 4563 1407 4613 "tum
1466 4569 1701 4644 summ?
1756 4551 1873 4606 illis
1905 4547 1951 4612 D
1984 4547 2183 4630 contra
2215 4572 2457 4628 affectus
2489 4572 2569 4628 ita
2601 4576 2755 4628 metu
2800 4573 3238 4644 praepediuntur,
3299 4576 3360 4628 ut
3401 4573 3638 4628 etiamsi

214 4667 414 4726 cautio
442 4643 586 4728 erat,
613 4677 682 4715 ne
715 4654 939 4730 profani
974 4651 1112 4724 quid
1173 4647 1488 4703 eli‘utirent.
1530 4644 1614 4699 Ad
1670 4643 1874 4698 horam

215 4771 414 4829 usque
471 4752 730 4824 quintam
793 4743 1204 4816 operabantur.
1263 4734 1478 4829 Deinde
1555 4733 1613 4829 in
1695 4747 1874 4786 unum

216 4821 671 4905 conveniebant,
708 4837 956 4904 totisque
997 4827 1210 4899 frigida
1258 4823 1533 4880 manibus
1583 4821 1640 4876 in
1691 4837 1879 4876 caena-

216 4936 359 4995 culo
391 4929 866 4988 convivabantur.
900 4927 1150 4976 Promus
1181 4929 1631 4989 panes,coquus
1664 4927 1732 4966 ex
1763 4927 1878 4967 uno

215 5035 278 5085 et
309 5024 512 5082 eodem
546 5020 739 5076 edulio
775 5013 1082 5072 ferculum.
1145 5010 1438 5080 praeeunte
1483 5003 1752 5075 precibus
1797 5019 1881 5058 sa-

215 5119 474 5181 cerdote,
530 5109 778 5183 singulis
835 5101 1180 5176 apponebat.
1245 5097 1368 5153 Non
1423 5095 1673 5150 clamore
1704 5095 1877 5163 mdes,

215 5225 342 5266 non
402 5201 658 5260 tumultu
719 5193 1248 5254 confundebantur.
1308 5187 1563 5242 Alternis
1623 5185 1776 5238 inter
1819 5199 1882 5238 se

217 5312 443 5371 perque
465 5293 619 5347 vices
649 5287 1152 5356 colloquebantor.
1185 5285 1300 5332 Sua
1322 5291 1454 5371 vero
1497 5275 1601 5371 abs
1625 5289 1881 5371 ius-pro-

216 5362 561 5443 curatorum
596 5392 832 5435 a~sensu
876 5380 933 5428 et
966 5369 1272 5443 praesentia
1299 5363 1514 5419 nemini
1544 5362 1879 5431 erogabant.

219 5478 333 5533 Irae
367 5477 428 5528 ut
461 5470 754 5541 promi,iia
783 5457 1274 5519 excandescentia:
1325 5453 1511 5541 condi,
1533 5449 1879 5541 aequissimi.

219 5563 390 5623 Fidei
422 5538 714 5617 doctores.
748 5555 914 5610 Pacis
945 5545 1222 5607 ministri.
1264 5538 1558 5612 Quidquid
1617 5540 1884 5596 dixerant

221 5652 476 5727 majoris
508 5663 688 5725 quam
724 5641 1144 5718 jusjurandum
1204 5631 1476 5707 ponderis
1533 5633 1672 5687 erat.
1717 5631 1882 5687 Jura-

1983 4666 2043 4720 in
2075 4663 2188 4718 vita
2220 4662 2452 4729 lateant,
2495 4670 2622 4732 post
2682 4671 2928 4718 mortem
2985 4667 3179 4720 tamen
3241 4671 3463 4719 certum
3523 4662 3634 4717 sibi

1985 4753 2229 4809 exitium
2253 4737 2602 4824 exepectent.

2582 4906 2736 4962 CAP.
2771 4907 3052 4962 XXXVII.

2261 5060 2582 5118 Judayorum
2611 5063 2673 5116 in
2700 5070 2898 5132 septem
2923 5065 3106 5114 sectas
3136 5059 3352 5115 divisio.

2064 5182 2144 5235 Ex
2173 5180 2512 5251 huiusmodi
2544 5180 2888 5234 Esseuorum
2925 5177 3148 5233 vivendi
3198 5177 3333 5242 ritu,
3394 5176 3453 5232 ni
3515 5191 3640 5232 mea

1991 5285 2085 5325 me
2117 5268 2262 5324 fallit
2291 5269 2507 5338 Opinio,
2570 5271 2855 5322 nostrates
2911 5266 3159 5320 Nazarmi
3218 5266 3491 5338 pleraque
3531 5282 3641 5320 sua

1991 5361 2259 5418 instituta
2288 5360 2796 5428 deprompserunl,
2830 5357 3095 5428 quamvis
3145 5361 3202 5413 et
3257 5358 3355 5414 illa
3385 5363 3644 5428 tempore

1990 5450 2418 5507 interciderent.
2451 5449 2734 5504 Ceterum
2768 5448 2998 5502 tandem
3029 5445 3374 5504 Judaismus
3425 5447 3485 5504 in
3537 5447 3648 5504 Sa-

1991 5542 2244 5604 ducasos,
2274 5537 2525 5606 Scribas,
2559 5535 2898 5604 Phariaene,
2946 5535 3498 5610 Hemerobaptistas,
3527 5536 3647 5594 Na-

1992 5643 2218 5695 zareos,
2251 5627 2492 5696 Essreos,
2525 5632 2578 5683 et
2609 5624 2964 5684 Herodianos
2990 5625 3207 5685 divisus
3236 5631 3341 5686 est.
