4032 6216
428 317 581 380 “23

999 449 1156 507 CAP.
1191 448 1505 506 XXXVIII.

1044 568 1119 621 De
1148 566 1450 622 Saducaeis.

491 696 559 748 Et
592 691 991 748 Dositheorum
1017 694 1168 744 certe
1193 687 1346 742 velut
1377 684 1602 742 avulsio
1637 685 1902 756 quaedam
1971 682 2082 737 fra.

421 786 796 854 gmeutumve
825 780 1089 834 Saductei
1149 781 1312 833 sunt.
1368 776 1629 831 Saducaei
1688 779 1880 828 autem
1910 769 2076 844 quasi

414 872 559 942 justi
593 872 887 925 dicuntur.
920 871 1102 923 Sadoc
1135 869 1286 922 enim
1321 867 1576 921 Hebraeis
1600 866 1800 936 justus
1863 869 1975 917 est.
2013 859 2078 914 Ili

421 978 591 1032 porro
625 964 986 1014 mortuorum
1050 958 1533 1013 resurrectionem
1588 953 1940 1024 improbant,
1976 967 2076 1005 an-

421 1051 577 1121 gelos
609 1065 717 1103 non
755 1049 1098 1113 admittunt,
1131 1047 1413 1118 Spiritum
1467 1053 1730 1100 sanctum
1787 1043 2076 1112 ignorant.

425 1142 489 1196 In
518 1137 738 1194 caeteris
766 1137 1036 1193 omnibus
1067 1153 1200 1192 cum
1235 1135 1525 1189 Dositheis
1556 1133 1931 1188 conveniunt.

1035 1251 1186 1308 CAP.
1220 1251 1459 1307 XXXIX.

1066 1383 1141 1435 De
1174 1380 1406 1436 Scribis.

490 1502 700 1558 Scribis
736 1505 930 1555 autem
970 1499 1118 1569 legis
1177 1493 1522 1569 δευτερωταὶ,
1556 1494 1666 1548 hoc
1719 1497 1804 1548 est
1863 1507 2077 1547 secun-

419 1589 567 1645 darii
596 1589 1070 1650 denominantur,
1096 1585 1215 1641 sive
1239 1584 1326 1638 illi
1349 1584 1450 1654 qui
1501 1581 1848 1636 traditiones
1880 1585 1931 1634 et
1964 1594 2073 1632 cae-

421 1677 712 1734 remonias
747 1677 815 1731 ad
843 1675 1026 1746 legem
1051 1673 1417 1744 adjiciebant.
1441 1671 1740 1741 Siquidem
1775 1668 2072 1724 seniorum

424 1768 763 1822 traditiones
824 1761 1170 1837 δευτερώσεες
1231 1760 1690 1833 appellabantur.
1748 1759 1837 1826 Hi,
1901 1761 1963 1812 ut
2014 1757 2072 1810 in

1733 309 2044 374 ΝΙΟΕΤλΕ
2086 310 2518 374 ΟΗΟΝῙΑΤιΕ

2107 450 2162 518 Α
2191 445 2689 505 immortalitatem
2721 449 3062 520 tribuerent,
3090 448 3371 506 bonorum
3407 457 3565 509 certe
3617 455 3860 508 tantum

3705 315 3858 378 I124

2187 538 2410 594 animas
2469 538 2528 594 in
2591 538 2704 595 alia
2761 539 3009 595 transire
3065 556 3323 611 corpora,
3385 541 3680 597 malorum
3728 560 3864 598 vero

2188 629 2416 686 eternis
2446 628 2636 684 addici
2671 629 2974 700 suppliciis
3005 628 3310 687 docebant.

2709 741 2777 796 De
2806 742 3310 813 Hemerobapliuis.

2848 849 2997 904 CAP.
3032 849 3172 905 XLI.

2259 964 2765 1036 Hcmerobaptistae
2790 964 2846 1020 in
2879 964 2987 1021 hoc
3021 966 3301 1021 duntaxat
3360 983 3394 1021 a
3453 967 3770 1022 Pharisaeis
3800 977 3850 1023 et

2188 1053 2406 1109 Scribis
2440 1053 2804 1124 differebant,
2839 1055 2991 1125 quod
3027 1055 3150 1110 ﬁeri
3185 1073 3299 1110 non
3346 1072 3522 1126 posse
3569 1056 3859 1123 dicerent,

2188 1150 2248 1198 ul
2279 1144 2578 1214 quisquam
2613 1143 2810 1199 salvus
2840 1146 3124 1209 evaderet,
3157 1145 3267 1200 nisi
3298 1146 3396 1216 qui
3445 1146 3712 1217 singulis
3741 1147 3858 1201 die-

2189 1233 2295 1287 bus
2324 1249 2485 1289 sacro
2511 1233 2854 1305 baptismate
2885 1237 3224 1304 tiugeretur.

2800 1353 2872 1406 De
2900 1354 3218 1409 Nazarm’s.

2827 1458 2982 1514 CAP.
3018 1460 3183 1515 XLII.

2254 1568 2524 1636 Nazareni,
2557 1567 2660 1640 qui
2711 1567 2781 1638 (si
2835 1569 3100 1624 vocabuli
3161 1568 3273 1624 vim
3317 1569 3758 1641 interpreteris)
3797 1569 3862 1625 ii-

2184 1659 2312 1712 dem
2347 1662 2481 1712 sunt
2512 1658 2612 1728 qui
2643 1662 2698 1711 et
2725 1655 3071 1733 ἀφηνιασταὶ,
3104 1659 3159 1712 id
3193 1665 3300 1726 est,
3336 1658 3605 1722 rebelles,
3668 1660 3860 1729 patri-

2182 1746 2383 1800 archas
2413 1761 2636 1813 omnes,
2668 1762 2918 1816 quorum
2951 1747 3009 1800 in
3063 1746 3259 1802 Bibliis
3310 1747 3582 1802 Mosaicis
3638 1747 3861 1802 mentio

420 1857 642 1912 cwteris
675 1871 805 1911 cum
836 1835 1174 1909 Juda'sorum
1227 1852 1392 1923 vulgo
1440 1849 1841 1914 convenirent,
1870 1863 2067 1918 super-
2110 1837 2152 1900 Β
2187 1836 2270 1901 ﬁt.
2303 1835 2642 1907 Mosemque
2701 1836 2846 1890 adeo
2906 1835 3102 1908 ipsum
3161 1837 3472 1909 rccipiunt.
3534 1841 3866 1892 Pentateu-

423 1945 558 2002 fluis
588 1950 778 2000 tamen
812 1942 1005 1998 nescio
1036 1943 1250 2013 quibus
1282 1938 1783 1994 observationibus
1833 1935 2069 2003 addicti,

419 2050 655 2100 urceos,
686 2032 912 2105 pocula,
948 2032 1195 2103 patinas,
1221 2037 1277 2085 et
1309 2034 1514 2084 caetera
1571 2029 1627 2082 id
1677 2043 1860 2098 genus
1912 2042 2074 2080 men-

423 2125 566 2180 salia
596 2137 1087 2192 vasa,pugnoque
1143 2121 1288 2174 facto
1345 2135 1478 2174 suas
1538 2119 1799 2188 ipsorum
1865 2131 2074 2170 manus

425 2213 738 2270 curiosiore
768 2209 1176 2281 superstitione
1202 2209 1531 2263 abluebant.
1563 2205 1809 2262 Vascula
1833 2206 2074 2274 insuper

422 2312 551 2360 ante
587 2301 1036 2372 perpurgabant,
1099 2314 1274 2370 quam
1327 2300 1485 2352 cit-os
1535 2313 1604 2350 ex
1637 2295 1750 2351 tllis
1774 2299 2070 2366 caperent.

425 2392 782 2456 Dalmaticis,
817 2406 944 2461 quas
978 2405 1135 2444 nunc
1165 2387 1390 2443 colobia
1448 2389 1742 2454 dicuntur,
1791 2401 2074 2456 purpura-

424 2499 536 2554 que
569 2485 980 2551 praetexuntur,
1009 2477 1220 2540 induti,
1256 2475 1608 2548 phylacteria
1663 2493 1770 2530 sua
1826 2478 2078 2531 ostenta-

434 2571 592 2637 bant,
635 2568 830 2623 breves
890 2567 1163 2622 nimirum
1219 2565 1490 2632 cartulas,
1545 2565 1756 2634 quibus
1805 2564 2079 2633 inscripta

422 2660 516 2716 lex
543 2665 682 2728 erat,
718 2674 866 2728 quas
897 2656 984 2711 illi
1043 2656 1313 2726 pretiosis
1373 2655 1566 2709 fasciis
1623 2659 1871 2725 ornatas,
1913 2670 2082 2709 auro-

430 2767 544 2824 que
573 2749 900 2816 distinctas,
937 2755 1205 2818 tanquam
1239 2745 1568 2800 Judaeorum
1609 2745 1890 2815 magistri,
1923 2745 2082 2801 defc-

430 2842 653 2898 rebant.
716 2837 987 2893 Fimbriae
1046 2840 1321 2907 pra‘terea
1376 2835 1446 2889 ab
1526 2833 1759 2890 illorum
1827 2835 2082 2889 vestibus

432 2928 945 3003 promittebantur,
977 2931 1338 2996 quatuorque
1385 2923 1540 2979 stolae
1600 2925 1932 2978 eorumtlem
1973 2923 2081 2977 alis

427 3019 588 3074 aurei
621 3017 897 3088 corymbi,
933 3013 1216 3069 malorum
1277 3012 1616 3083 punicorum
1679 3011 2080 3078 similitudine,

427 3107 585 3165 afﬁxi
617 3112 804 3170 erant,
837 3121 952 3176 quo
987 3108 1246 3173 tempore
1276 3101 1512 3157 illorum
1555 3101 1847 3173 quispiam
1897 3101 2082 3157 conti-

426 3200 621 3262 nebat,
653 3202 749 3251 aut
778 3192 1163 3263 virginitatem
1197 3190 1512 3246 exercebat.

1077 3309 1238 3365 CAP.
1271 3306 1384 3363 XL.

1031 3429 1108 3482 De
1137 3424 1458 3481 Pharisaeis.

501 3553 574 3603 At
616 3545 886 3602 Pharisaei
943 3543 1104 3600 cultu
1156 3541 1460 3614 religionis
1516 3541 1793 3597 exteriore
1849 3542 2078 3598 Scribas

420 3640 590 3712 longe
624 3637 1002 3708 superabant,
1038 3649 1284 3705 quorum
1319 3631 1415 3687 alii
1475 3630 1708 3687 tabulas
1766 3631 1880 3686 sibi
1944 3632 2078 3687 lati-

421 3729 624 3786 tudine
656 3725 1008 3797 bipalmares
1041 3721 1450 3793 subjiciebant,
1483 3727 1548 3776 ut
1604 3721 1654 3776 si
1713 3722 1936 3790 quando
1967 3722 2076 3777 sub

419 3823 647 3876 noctem
679 3830 887 3870 somno
916 3811 1051 3867 victi
1083 3812 1143 3866 in
1175 3811 1565 3881 pavimentum
1605 3811 2073 3880 procumberent,

419 3906 725 3965 confestim
783 3901 1160 3974 expergefacti
1217 3900 1448 3955 Numen
1506 3906 1897 3970 precarentur.
1959 3890 2076 3955 Alii

419 3995 678 4056 calculos
710 3997 812 4050 aut
846 3992 1044 4062 spinas
1071 3991 1181 4046 sibi
1215 3987 1795 4055 substernebnnt,alii
1829 3990 1895 4044 ad
1931 4007 2071 4062 prae-

421 4087 654 4142 ﬁnitum
686 4088 917 4154 tempus
947 4081 1006 4136 in
1039 4079 1367 4152 virginitate
1426 4079 1734 4149 degebant,
1775 4083 1951 4147 atque
1995 4081 2072 4135 ita

419 4175 517 4231 alii
548 4174 617 4229 ad
648 4172 963 4237 decimum,
995 4168 1091 4226 alii
1129 4170 1196 4224 ad
1229 4172 1522 4237 octavum,
1555 4168 1652 4223 alii
1684 4168 1754 4223 ad
1800 4173 2072 4240 quartum

420 4279 609 4336 usque
640 4277 856 4317 annum
890 4259 1358 4330 perseverabant,
1402 4257 1584 4314 donec
1640 4257 1699 4312 in
1753 4257 1967 4313 somnis
1999 4260 2071 4314 ad

419 4353 662 4410 Veneris
695 4352 845 4406 furta
901 4349 1356 4403 stimularentur.
1413 4347 1510 4402 Bis
1569 4347 1627 4401 in
1673 4347 1944 4415 Sabbato,
1979 4364 2069 4403 se-

413 4444 602 4501 cunda
635 4441 914 4496 nimirum
945 4442 1002 4493 et
1023 4437 1226 4507 quinta
1255 4437 1416 4502 feria,
1468 4437 1835 4506 jejunabant.
1897 4437 2070 4495 Porro

409 4533 833 4590 Pharisaeorum
869 4545 1068 4584 nomen
1104 4529 1325 4598 indepti
1359 4533 1517 4592 sunt,
1547 4531 1606 4580 ut
1661 4527 1755 4597 qui
1816 4528 1886 4582 ab
1917 4528 2064 4597 aliis,

410 4639 528 4695 prae
584 4619 987 4688 hujuscemodi
1070 4616 1450 4687 philosophiae
1532 4616 1748 4684 studio,
1825 4619 2075 4689 sejuncti

418 4710 780 4766 essent.Nam
817 4705 1029 4760 Phares
1053 4704 1308 4758 Hebraeis
1359 4703 1509 4757 idem
1546 4710 1649 4766 est,
1707 4705 1806 4776 qui
1860 4709 2072 4763 Graecis

414 4794 814 4874 ἀφωρισμένος,
848 4797 903 4849 ct
953 4791 1176 4848 Latinis
1233 4795 1581 4862 segregatus.
1642 4793 1730 4847 Illi
1792 4800 2071 4864 praeterea

419 4893 779 4945 mortuorum
815 4881 1319 4947 resurrectionem,
1375 4879 1613 4952 angelos
1673 4887 1728 4936 et
1788 4883 2067 4955 Spiritum

416 4979 910 5040 sanctum,contra
928 4972 1334 5027 Saducaaorum
1362 4969 1592 5041 dogma,
1621 4971 2064 5030 conﬁtebantur.

413 5071 595 5126 Iidem
631 5068 745 5122 fato
776 5069 833 5120 et
856 5060 1225 5118 astronomiae
1259 5057 1464 5115 intenti
1497 5076 1530 5113 a
1570 5061 1819 5131 gravidis
1867 5064 2064 5134 conju-

413 5163 586 5233 gibus
619 5155 1016 5219 abstinebant,
1081 5167 1196 5222 quo
1253 5151 1400 5205 facto
1448 5164 1507 5205 se
1547 5165 1659 5205 non
1694 5150 2063 5210 fruendarum

2102 4581 2154 4644 D

2181 1923 2358 1980 chum
2393 1940 2522 1978 vero
2575 1924 2926 1997 improbant,
2989 1931 3157 1996 atque
3215 1924 3388 1981 aliam
3449 1925 3600 1981 Mosi
3664 1925 3862 1998 legem

2183 2015 2377 2070 datam
2415 2014 2592 2069 fuisse
2619 2015 3000 2083 contendunt,
3037 2032 3152 2086 quo
3213 2015 3277 2069 ﬁt
3335 2020 3399 2070 ut
3453 2015 3526 2070 ab
3562 2016 3862 2070 animatis

2183 2104 2458 2158 omnibus
2502 2103 2857 2172 abstineant,
2920 2103 3212 2175 nullisque
3273 2105 3531 2160 cruentis
3596 2105 3861 2160 victimis

2184 2193 2243 2248 in
2276 2193 2580 2248 sacriﬁciis
2613 2198 2874 2248 utantur.

2826 2301 2975 2357 CAP.
3009 2302 3190 2358 XLIII.

2186 2417 2257 2471 De
2285 2415 2508 2483 Essaeis,
2538 2424 2589 2470 et
2632 2415 2796 2471 ELrai
2850 2416 3334 2486 pseudopropheta,
3391 2425 3440 2473 et
3489 2419 3617 2486 eius
3672 2420 3856 2487 fratre

2375 2489 2546 2544 [caseo
2576 2503 2698 2543 cum
2727 2488 3006 2544 sororibus
3027 2489 3231 2544 Martha
3253 2494 3303 2545 et
3333 2489 3650 2544 Marthana.

2259 2593 2433 2650 Essaai
2467 2601 2678 2651 cuncta
2732 2612 2796 2650 ex
2853 2595 3000 2666 legis
3061 2596 3396 2667 praescripto
3453 2601 3764 2667 gerentes,
3801 2603 3862 2651 ut

2187 2700 2364 2756 supra
2395 2685 2674 2754 dixi,aliis
2705 2700 2935 2756 quoque
2971 2690 3175 2756 praeter
3206 2685 3392 2754 legem
3425 2685 3674 2756 scriptis
3733 2693 3861 2739 ute-

2188 2773 2417 2829 bantur.
2480 2774 2920 2844 Abjectissimos
2978 2775 3036 2828 id
3095 2775 3352 2829 nominis
3402 2779 3461 2829 et
3525 2774 3864 2829 vilissimus

2189 2862 2504 2934 signiﬁcat.
2565 2861 2683 2917 Illis
2749 2861 2909 2918 Elxai
2992 2862 3228 2934 quidam
3306 2863 3863 2935 pseudopropheta,

2189 2968 2503 3024 rerumque
2534 2951 2919 3008 laudabilium
2954 2959 3283 3024 corruptor,
3341 2953 3578 3024 Trajani
3635 2953 3859 3008 Roma-

2191 3057 2398 3096 norum
2427 3041 2793 3111 imperatoris
2846 3041 3208 3113 temporibus
3268 3057 3329 3099 se
3371 3043 3712 3112 conjunxit,
3751 3043 3859 3112 qui

2189 3129 2403 3186 Christi
2424 3130 2482 3184 in
2508 3146 2681 3186 carne
2702 3131 3015 3186 adventum
3042 3131 3857 3204 negabat,virginitatemque

2117 3207 2158 3274 C
2188 3225 2247 3276 et
2269 3220 2688 3276 continentiam
2718 3221 3049 3276 detestatus
3079 3221 3153 3276 ad
3197 3221 3429 3292 nuptias
3489 3220 3856 3276 exhortaba-

2192 3315 2308 3368 tur.
2345 3312 2497 3367 Elxai
2528 3311 2665 3367 huic
2698 3312 2932 3367 fratrem
2983 3311 3165 3367 fuisse
3222 3311 3406 3382 aiunt,
3466 3311 3573 3383 qui
3635 3312 3855 3367 lezeus

2196 3401 2504 3471 diceretur,
2545 3405 2883 3473 posteaque,
2939 3401 3137 3473 magni
3194 3401 3418 3457 scilicet
3474 3401 3849 3456 Constantini

2190 3491 2570 3563 temporibus,
2605 3508 2722 3547 una
2751 3507 2886 3546 cum
2919 3491 3149 3547 duabus
3167 3491 3468 3548 sororibus
3491 3491 3842 3557 innotuerit,

2191 3599 2317 3653 quae
2347 3581 2548 3638 eodem
2584 3598 2694 3653 quo
2745 3581 2842 3637 ille
2899 3597 3109 3654 genere
3167 3585 3460 3653 prognatae
3523 3581 3844 3643 ferrentur,

2189 3671 2412 3726 Martho
2443 3670 2660 3727 scilicet
2685 3676 2744 3726 et
2780 3671 3103 3738 Marthana,
3163 3670 3381 3742 quibus
3439 3686 3639 3725 errore
3699 3670 3851 3726 deli-

2191 3760 2314 3816 buti
2346 3759 2636 3830 homines,
2669 3769 2945 3832 tanquam
2979 3760 3200 3816 deabus
3234 3776 3266 3813 a
3295 3759 3500 3814 divinu
3558 3760 3722 3814 Elxai
3751 3776 3846 3815 se-

2190 3851 2347 3907 mine
2379 3850 2697 3922 prognatis,
2729 3850 2992 3906 divinum
3027 3849 3248 3905 cultum
3307 3848 3682 3905 exhiberent.
3721 3849 3844 3904 Ca-

2186 3944 2373 3996 terum
2408 3941 2562 3995 Elxai
2591 3939 2905 4011 potentiam
2938 3939 3228 3995 occultam
3253 3942 3310 3994 et
3341 3954 3620 3994 arcanam
3653 3939 3841 4007 signi-

2188 4029 2341 4086 ﬁcat.
2374 4029 2440 4086 El
2471 4028 2627 4084 enim
2659 4029 2916 4085 Hebraeis
2949 4029 3224 4100 potentia,
3259 4027 3362 4083 Xai
3410 4027 3648 4084 occulta
3693 4028 3843 4084 dici-

2183 4119 2301 4172 tur.

2815 4223 2968 4278 CAP.
3002 4220 3194 4279 XLIV.

2781 4332 2854 4386 De
2885 4331 3225 4386 Herodiam’s.

2258 4441 2563 4497 llerodiani
2598 4440 2668 4496 ab
2692 4439 2914 4496 Herode
2972 4438 3256 4512 Antipatri
3313 4437 3436 4494 ﬁlio
3499 4455 3722 4494 nomen
3755 4454 3844 4495 aco

2183 4538 2480 4602 ceperunt.
2529 4529 2835 4598 Antipater
2885 4529 3045 4585 enim
3102 4527 3468 4585 Ascalonites
3530 4545 3566 4583 θ,
3620 4529 3842 4585 Judaeis

2187 4625 2392 4692 captus
2421 4625 2477 4674 et
2505 4619 2792 4674 abductus
2829 4621 3114 4675 Herodem
3179 4618 3346 4674 illum
3403 4619 3692 4690 suscepit,
3744 4618 3844 4690 qui

2189 4709 2399 4764 Christi
2433 4709 2792 4780 temporibus
2823 4724 3032 4779 pueros
3065 4706 3370 4763 interfecit.
3432 4708 3700 4762 Tandem
3747 4713 3845 4762 De-

2184 4802 2389 4855 metrio
2420 4797 2883 4852 familiarissime
2934 4797 3305 4868 conjunctus,
3359 4796 3656 4866 Judaque
3710 4813 3840 4868 pro-

2180 4893 2412 4944 curator
2441 4887 2704 4952 etI'ectus,
2737 4888 2990 4954 seipsum
3023 4903 3155 4941 cum
3177 4887 3400 4941 Herode
3435 4885 3558 4939 ﬁlio
3589 4886 3841 4940 circum-

2179 4979 2491 5034 cidendum
2524 4978 2767 5033 curavit.
2797 4977 2898 5033 Hic
2925 4979 3184 5033 Herodes
3236 4983 3436 5047 postea
3487 4991 3625 5031 cum
3679 4976 3837 5031 Julio

2176 5065 2408 5135 Caesari,
2443 5067 2711 5133 Antonio,
2747 5071 2804 5122 et
2840 5069 3102 5138 Augusto
3164 5063 3547 5132 innotuisset,
3606 5063 3843 5120 Judan-

2177 5171 2305 5210 rum
2341 5170 2516 5227 regno
2549 5155 2855 5226 praefectus
2885 5159 2990 5210 est.
3025 5153 3295 5211 Nonnulli
3323 5169 3459 5223 ergo
3506 5151 3679 5207 illum
3711 5168 3840 5207 esse

412 5250 802 5322 voluptatum,
835 5246 933 5302 sed
973 5242 1282 5298 liberorum
1327 5238 1832 5308 suscipiendorum
1880 5245 2066 5312 gratia
2174 5247 2474 5302 Christum
2508 5246 2966 5312 arbitrabantur,
3022 5245 3224 5303 Jacobi
3285 5245 3510 5300 scilicet
3557 5243 3839 5299 vaticinia

415 5355 618 5395 uxores
664 5337 898 5392 duxisse
956 5330 1387 5403 signiﬁcabant.
1450 5327 1662 5383 Balnea
1723 5332 1874 5400 apud
1933 5332 2064 5389 illos

415 5425 649 5481 feminis
682 5425 901 5493 velatis,
931 5420 1426 5495 quemadmodum
1487 5424 1541 5472 et
1594 5419 1729 5474 viris
1779 5421 2061 5495 subligari

2174 5337 2430 5401 adducti,
2468 5336 2617 5407 quod
2654 5337 2729 5390 ita
2785 5335 2980 5391 canit:
3041 5337 3156 5391 Non
3211 5335 3422 5405 deﬁciet
3485 5331 3605 5388 dux
3665 5347 3839 5403 neque

2171 5428 2426 5498 princeps
2455 5425 2517 5481 de
2545 5428 2753 5495 femore
2782 5425 2926 5496 ejus,
2956 5424 3127 5481 donec
3155 5423 3343 5480 veniat
3391 5424 3484 5479 cui
3535 5425 3837 5494 repositum

415 5516 756 5585 praecinctis,
818 5514 1319 5587 permittebantur.
1377 5507 1449 5566 Ut
1525 5510 1736 5567 animis
1790 5515 2063 5572 omnibus
2170 5525 2252 5574 est
2278 5515 2320 5586 ⁷,
2353 5515 2566 5572 idcirco
2597 5515 2911 5572 Herodiani
2944 5515 3346 5572 nominantur.

481 5635 503 5670 '
533 5639 676 5690 Gen.
708 5651 870 5705 χιιι,
903 5635 992 5691 10.
