4066 6208
192 282 352 350 1125

821 411 974 470 CAP.
1007 410 1167 466 XLV.

676 530 839 586 Libri
865 526 1044 599 primi
1073 526 1349 598 Epilogus.

257 656 446 723 Atque
505 649 591 704 ha:
643 648 880 718 quidem
940 649 1079 700 sunt
1136 644 1384 698 hazreses
1441 656 1568 712 qua
1626 637 1838 695 Christi

185 745 248 800 in
285 760 458 800 carne
491 742 801 796 adventum
836 741 1392 808 prmcesseruut,nec
1413 738 1606 788 tamen
1633 744 1840 786 omnes

187 835 535 906 improbataa
575 835 733 899 sunt,
755 836 843 883 ast
875 827 986 881 illa!
1019 831 1410 895 tantum,qu
1445 822 1620 878 Mosis
1652 821 1837 891 legem

183 925 579 994 antiquabant
611 921 852 989 ejusque
886 916 1115 987 placitis
1152 915 1628 969 adversabantur.
1662 912 1838 966 Porro

184 1014 613 1071 Pharisaeorum
671 1014 729 1065 et
783 1008 1117 1064 Scribarum
1177 1006 1544 1070 traditiones,
1586 1004 1636 1058 si
1703 1017 1837 1057 cum

177 1104 330 1176 legis
359 1100 614 1159 oraculis
644 1100 1116 1162 observarentur,
1151 1095 1293 1151 nihil
1353 1093 1673 1166 przejudicii
1733 1109 1837 1164 pa-

185 1193 438 1248 riebant.
472 1189 619 1245 Nam
653 1188 790 1258 quid
815 1185 1032 1256 alioqui
1059 1185 1391 1240 detrimenti
1415 1201 1483 1239 ex
1533 1198 1838 1238 urceorum

183 1279 519 1353 baptismis,
555 1292 836 1332 manuum
873 1275 1290 1342 ablutionibus,
1312 1272 1838 1329 tintinnabulorum

181 1371 409 1434 sonitu,
471 1367 884 1437 corymborum
963 1381 1276 1420 aureorum
1358 1363 1838 1436 appensionibus,

180 1459 527 1530 tabulisque
559 1454 987 1526 bipalmaribus
1031 1454 1104 1509 ad
1164 1468 1434 1508 somnum
1495 1452 1838 1524 capiendum

1519 264 1828 328 THESAU
1839 262 1917 322 BI
1966 259 2116 322 LIB.
2163 257 2239 320 II.

1854 403 1906 468 Α
1945 410 2145 468 preces
2168 392 2376 450 mediis
2405 393 2464 448 in
2490 389 2697 464 plateis
2729 390 2895 458 fusas,
2927 388 3285 461 privatorum
3339 392 3562 466 deniqu

3445 250 3609 324 1126.

1953 484 2362 539 mandatorum
2422 499 2534 554 prae
2601 479 2816 537 divinis
2867 480 3210 547 observatio,
3237 486 3410 553 atque
3460 486 3600 539 adeo

1952 572 2462 629 accuratissimum
2498 571 2833 642 dogmatum
2887 586 3130 624 suorum
3187 587 3301 641 pre
3341 570 3434 626 Dei
3464 589 3601 644 prae-

1951 662 2132 732 ceptis
2163 662 2449 725 studium,
2481 665 2797 716 extremam
2833 659 3212 730 proculdubio
3263 661 3476 716 animis
3505 661 3607 716 ho-

1951 753 2178 806 minum
2214 750 2527 821 perniciem
2561 748 2917 818 exitiumque
2971 747 3260 804 alI‘erunt:
3325 754 3390 804 ut
3457 752 3602 806 satis

1947 841 2068 894 haec
2090 856 2384 910 superque
2406 837 2799 906 Theanthropi
2835 838 3004 892 verba
3046 838 3334 894 indicant:
3378 842 3480 895 Vw
3508 855 3604 894 vo-

1950 930 2057 997 bis,
2111 930 2390 985 Pharisaei
2437 926 2758 998 hyaocritaz,
2818 928 2949 997 quia
2996 926 3279 982 mundatis
3324 927 3603 983 exteriora

1934 1018 2137 1073 'calicis
2184 1028 2236 1072 et
2290 1016 2634 1085 parapsidis,
2687 1015 2960 1070 interiora
3007 1027 3190 1070 autem
3249 1016 3417 1086 plena
3472 1021 3605 1071 sunt

1948 1109 2145 1176 rapina
2185 1113 2238 1162 et
2269 1105 2568 1176 iniustitia.
2605 1108 2772 1173 Item,
2813 1105 2893 1158 Vae
2927 1105 3094 1171 vobis,
3136 1104 3338 1160 Scriba:
3379 1111 3433 1159 et
3463 1106 3605 1160 Pha-

1947 1199 2106 1254 risaei
2135 1195 2456 1268 hypocrita},
2489 1197 2620 1266 quia
2651 1196 2948 1250 decimatis
2978 1194 3287 1265 menthom,
3321 1197 3606 1264 anethum,

1947 1293 2000 1341 et
2025 1285 2310 1357 cyminum
2330 1300 2350 1338 :
2379 1291 2430 1340 et
2464 1283 2766 1356 reliquistis
2821 1300 2940 1355 quae
2988 1286 3252 1352 graviora
3290 1289 3419 1340 sunt
3449 1285 3606 1355 tegis,

1948 1361 2238 1442 iudicium,
2265 1379 2318 1429 et
2347 1373 2812 1441 misericordiam,
2845 1378 2894 1428 et
2950 1373 3133 1443 ﬁdem.
3185 1375 3308 1428 Haec
3363 1376 3608 1441 oportuit

1946 1465 2151 1534 facere,
2182 1467 2231 1519 et
2256 1463 2360 1518 illa
2386 1479 2496 1518 non
2526 1463 2781 1518 omittere
2810 1461 2852 1516 ⁸.
2912 1465 3098 1533 Atque
3155 1463 3276 1518 haec
3325 1468 3489 1530 sunt,
3519 1466 3606 1520 in-

182 1547 539 1611 substratis,
593 1543 950 1615 ejuscemodi
1032 1542 1500 1598 Observationum
1573 1542 1839 1597 studioso

181 1636 427 1692 conﬂari
457 1633 801 1706 potuisset?
833 1633 996 1687 Idem
1055 1632 1126 1686 de
1177 1629 1400 1701 jejunio
1452 1630 1839 1700 judicandum

181 1731 295 1794 est,
349 1729 404 1781 et
459 1723 680 1779 caeteris
739 1721 956 1793 quibus
1010 1719 1332 1775 Pharismus
1399 1719 1836 1792 designabatur,

188 1820 363 1836 -A____-
399 1811 597 1836 Q-_2L_
630 1811 712 1836 --ΑΙ
750 1810 943 1836 ---ι-..1
1008 1813 1358 1836 ,Ληηηληιιιη
1423 1810 1819 1836 ζ--Αιιυηιλιρηι

1967 1727 2063 1783 ille
2094 1743 2299 1800 corpus
2331 1727 2653 1783 humanum
2714 1728 3052 1798 assumpsit,
3113 1745 3146 1782 a
3196 1728 3446 1783 mortuis
3479 1746 3612 1784 sur-

1958 1815 2101 1836 __,,u
2158 1817 2209 1836 _-_
2258 1816 2426 1836 -,-.-_
2463 1816 2721 1836 μημε.
2781 1815 3023 1836 ,μημιε
3091 1817 3330 1836 ,με-η-
3378 1833 3471 1836 -η

185 1820 370 1886 atque
399 1811 604 1868 Scriba
630 1811 717 1867 vel
749 1810 946 1882 procul
1006 1813 1359 1882 conspectus
1423 1810 1844 1880 innotescebat,
1879 1810 1925 1836 υ
1957 1815 2125 1886 rexit,
2158 1817 2217 1871 in
2250 1816 2428 1872 cmlos
2459 1816 2745 1882 ascendit,
2778 1815 3027 1888 apostoli
3085 1817 3335 1887 denique
3375 1833 3476 1887 per
3508 1818 3609 1874 ho-

186 1904 410 1975 quibus
442 1902 726 1956 hactenus
759 1899 992 1972 ignotus
1050 1898 1274 1954 fuisset.
1336 1899 1499 1965 Quod
1560 1903 1844 1969 superest,
1955 1907 2172 1962 minum
2206 1905 2471 1960 nationes
2494 1904 2742 1974 dispersi
2768 1909 2928 1972 sunt,
2952 1905 3274 1961 innumerae
3309 1906 3611 1978 opiniones

185 2009 329 2049 vera
357 2007 482 2048 esse
513 2008 642 2062 qua:
665 1991 816 2054 dico,
850 1989 1120 2045 Christus
1164 1989 1305 2058 ipse,
1339 1989 1439 2060 qui
1483 1991 1690 2044 veritas
1721 1989 1850 2060 ipsa
1956 1995 2029 2050 ab
2060 1993 2391 2050 orthodoxae
2426 1994 2556 2049 ﬁdei
2593 1992 2791 2064 regula
2825 1995 3087 2060 diversae,
3113 1994 3304 2051 studio
3348 1996 3476 2065 ejus
3509 1997 3608 2067 qui

183 2087 303 2147 est,
338 2081 428 2136 his
460 2081 651 2135 verbis
687 2079 856 2150 plane
889 2079 1080 2150 arguit
1113 2094 1126 2132 :
1162 2079 1286 2133 Dico
1317 2081 1466 2132 enim
1524 2080 1696 2144 vobis,
1736 2078 1850 2133 nisi
1955 2082 2180 2137 zizania
2237 2082 2619 2137 disseminare
2678 2081 2845 2149 solet,
2920 2089 3131 2138 exorta)
3203 2087 3358 2137 sunt.
3418 2086 3607 2152 Opera:

181 2170 727 2243 superabunzluverit
784 2171 997 2234 iustitia
1047 2177 1223 2223 vestra
1280 2169 1402 2237 plus
1471 2185 1636 2238 quam
1695 2167 1851 2223 Scri-
1959 2182 2153 2226 autem
2191 2171 2440 2242 pretium
2479 2187 2572 2226 me
2603 2171 2890 2225 facturum
2924 2172 3213 2237 existimo,
3265 2171 3314 2225 si
3357 2171 3609 2242 primum

182 2261 388 2315 barum
417 2270 470 2314 et
506 2260 939 2323 Pharisaeorum,
1000 2273 1109 2312 non
1166 2255 1452 2311 intr-abitis
1506 2259 1564 2311 in
1623 2272 1848 2327 regnum

179 2352 445 2407 cwlorum
473 2349 539 2404 ⁸⁵.
574 2349 977 2421 Hypocriticus
1016 2363 1187 2420 porro
1231 2348 1607 2403 Iraditionum
1631 2351 1850 2415 cultus,

180 2439 516 2513 primorum
553 2439 928 2494 accubituum
964 2453 1146 2505 amor,
1183 2437 1379 2507 primae
1409 2436 1563 2492 sedis
1587 2437 1850 2507 ambitio,

1949 1567 2150 1622 quam,
2183 1550 2241 1606 in
2277 1551 2496 1622 quibus
2527 1556 2660 1606 ante
2712 1550 2927 1606 Christi
2992 1551 3050 1605 in
3084 1566 3259 1606 carne
3289 1553 3604 1608 adventum

1952 1657 1985 1694 a
2014 1639 2140 1711 lege
2165 1639 2364 1695 divina
2409 1640 2738 1695 aberratum
2769 1642 2876 1708 est,
2908 1643 3176 1694 caeterum
3226 1644 3606 1710 posteaquam

1963 2260 2034 2314 de
2060 2269 2260 2314 sancta
2289 2259 2572 2313 Trinitate
2605 2259 2920 2328 disseram,
2951 2265 3075 2314 tum
3108 2259 3318 2315 deinde
3365 2258 3614 2315 haereses

1960 2348 2149 2418 ipsam
2183 2354 2461 2415 attexam,
2498 2365 2610 2403 una
2644 2365 2776 2403 cum
2813 2349 2882 2404 iis
2936 2365 3060 2420 qua:
3111 2350 3391 2405 adversus
3422 2348 3555 2404 illas
3583 2366 3616 2404 a

1967 2453 2054 2494 me
2085 2439 2412 2509 conscripta
2444 2443 2604 2494 sunt.

262 2616 311 2652 ⁸⁵
340 2615 554 2673 Matth.
589 2632 640 2685 v,
672 2616 764 2670 20.
841 2616 861 2649 ⁸
888 2614 1090 2672 Matth.
1135 2631 1297 2681 mn,
1332 2614 1420 2670 13.

909 2946 1696 3113 NICET/E
1814 2945 2896 3114 CHONIAT/E

614 3209 1473 3331 THESAURI
1566 3208 2674 3333 ORDHODOXAS
2759 3213 3206 3339 FIDEI

1326 3421 1714 3516 LIBER
1783 3420 2479 3516 SECUNDUS.

1223 3587 1303 3642 De
1335 3590 1531 3643 sancta
1559 3584 1866 3655 Trinitate,
1896 3584 2130 3657 Angelis
2160 3593 2211 3643 et
2242 3585 2605 3646 hominibus.

189 2793 3582 2820 ww

892 3845 1048 3902 CAP.
1082 3845 1124 3902 Ι.

296 3940 454 4011 Quod
486 3940 758 3995 divinitas
789 3935 1185 4011 trishypostala
1213 3935 1306 3998 sit,
1350 3934 1448 3991 hoc
1475 3943 1552 3990 est
1589 3933 1767 3989 tribus

781 4009 1041 4081 personis
1063 4014 1291 4064 constet.

273 4119 421 4176 Inde
457 4121 611 4174 certe
641 4117 884 4173 dicendi
943 4115 1287 4188 praeludium
1345 4113 1649 4180 faciemus,
1709 4112 1862 4168 unde

175 4207 594 4266 dubitationis
618 4206 978 4261 occasionem
1004 4205 1293 4278 plerisque
1342 4203 1637 4258 suborlam
1671 4201 1861 4268 video,

168 4297 485 4355 nimirum
523 4296 665 4368 quid
698 4295 1010 4363 obstiterit,
1038 4293 1354 4366 quominus
1415 4308 1478 4347 se
1527 4299 1732 4347 natura
1761 4290 1860 4345 illa

163 4403 398 4446 rerum
432 4387 696 4442 omnium
731 4385 1066 4441 fabricatrix
1095 4383 1166 4439 ab
1198 4384 1362 4438 initio
1395 4380 1612 4436 trinam
1659 4385 1858 4435 esten.

166 4476 486 4540 derit,sed
516 4483 638 4529 tum
671 4475 936 4540 demum,
969 4473 1206 4545 quando
1253 4489 1286 4526 a
1333 4469 1523 4524 Verbo
1581 4485 1712 4524 caro
1763 4484 1860 4524 az-

162 4570 450 4636 sumpta
479 4567 588 4633 est,
620 4563 876 4634 idipsum
935 4562 1045 4617 sibi
1104 4560 1329 4631 placere
1377 4559 1745 4631 perspicuum
1789 4557 1863 4612 fe-

163 4655 372 4714 cerit.
427 4653 873 4724 Respondemus
931 4653 1124 4722 itaque
1193 4651 1558 4723 perapposita
1643 4647 1696 4703 id
1759 4663 1862 4719 pro

158 4745 414 4803 divinas
447 4742 896 4809 magniﬁcentia:
933 4740 1212 4813 dignitate
1261 4740 1471 4794 factum
1531 4738 1612 4793 ita
1666 4737 1860 4793 fuisse.

150 4834 302 4894 Illa
327 4831 483 4889 enim
508 4848 643 4887 cum
669 4832 936 4886 homines
958 4848 988 4886 a
1012 4829 1374 4894 monarchia,
1403 4845 1500 4884 seu
1551 4828 1653 4884 Dei
1687 4827 1863 4884 unius

155 4923 362 4983 cultu
393 4922 617 4977 alienos
637 4922 780 4977 etad
805 4922 1045 4976 deorum
1081 4909 1464 4989 pluralitatein
1520 4935 1863 4990 propensos,

154 5018 609 5074 creaturarum
639 5010 825 5079 potius
853 5026 1028 5081 quam
1053 5009 1339 5064 Creatoris
1381 5007 1562 5063 cultui
1605 5008 1863 5064 addictos
1971 5005 2170 5058 dicens
2203 5003 2555 5059 vaticinatus
2585 5010 2670 5059 est
2701 5005 2989 5072 futurum,
3021 5012 3086 5062 ut
3117 5008 3166 5062 is
3223 5010 3462 5077 quicum
3513 5005 3625 5061 col-

146 5118 329 5162 esse
359 5099 608 5162 videret.
644 5107 782 5154 tunc
831 5099 1110 5171 temporis
1154 5115 1216 5153 se
1273 5096 1446 5170 vulgo
1491 5096 1720 5164 celavit,
1757 5113 1861 5152 nec
1969 5092 2224 5146 luctatus
2270 5101 2436 5147 nocte
2496 5093 2701 5160 luerat,
2765 5093 3103 5150 hominibus
3153 5095 3623 5165 conjungeretur,

154 5192 496 5251 unitatem
531 5189 690 5243 illam
755 5205 882 5261 quae
939 5188 1209 5243 'l‘rinitati
1270 5202 1650 5260 personarum
1684 5186 1857 5252 inest,
1890 5213 1936 5276 Β
1970 5189 2022 5237 el
2054 5181 2232 5235 veluti
2265 5180 2494 5235 catulus
2527 5181 2710 5237 leonis
2743 5200 2775 5238 a
2805 5200 3009 5238 somno
3053 5193 3399 5254 resurgeret.
3455 5183 3623 5248 Quis-

145 5281 397 5343 cuivis
429 5280 796 5349 perspicuam
855 5281 912 5334 et
955 5279 1322 5349 explanatam
1382 5292 1510 5332 esse
1557 5275 1738 5330 voluit
1798 5282 1861 5330 ut
1890 5269 1930 5276 ”
1973 5272 2104 5340 quis
2134 5269 2382 5340 denique
2411 5269 2610 5324 divino
2643 5271 2751 5325 fuit
2786 5272 3018 5326 afﬂatus
3050 5272 3308 5342 numine,
3339 5281 3625 5346 quantum

141 5369 512 5431 imbecilla
575 5384 978 5439 perversorum
1024 5367 1341 5438 cognitioni
1422 5370 1698 5435 parceret,
1762 5363 1860 5434 qui
1971 5359 2080 5415 hoc
2112 5355 2197 5411 vel
2226 5355 2325 5410 illo
2357 5363 2520 5426 pacto
2552 5359 2759 5413 mentis
2792 5361 2995 5416 oculos
3056 5363 3404 5418 contendere
3445 5361 3632 5434 potuit

139 5476 344 5522 sane
372 5457 454 5513 vel
492 5457 666 5514 nullis
734 5457 1140 5527 hujuscemodi
1200 5455 1510 5528 propositis
1556 5453 1858 5524 exemplis,
1972 5444 2275 5505 Trinitatis
2305 5447 2698 5515 cognitionem
2761 5452 3038 5520 tanquam
3094 5450 3152 5505 in
3205 5451 3444 5524 speculo
3491 5469 3627 5509 con-

137 5551 350 5612 alias
380 5545 671 5622 ἀναρχίαν,
707 5548 814 5604 hoc
843 5553 932 5603 est
989 5546 1213 5603 nullum
1275 5559 1514 5613 prorsus
1556 5548 1754 5614 Deum,
1787 5560 1864 5599 re-
1975 5537 2294 5611 templatus
2324 5540 2433 5590 est.
2473 5535 2708 5609 Alioqui
2741 5537 2826 5596 vel
2858 5540 2988 5613 ipsa
3018 5542 3090 5598 de
3135 5541 3251 5599 Deo
3300 5548 3465 5602 Patre
3515 5559 3624 5602 con

1882 3842 1924 3909 C
1962 3840 2332 3910 verebantur,
2365 3838 2508 3897 alias
2535 3844 2604 3914 τῇ
2643 3842 2942 3920 μοναρχίᾳ,
2999 3843 3109 3900 hoc
3156 3853 3239 3901 est
3299 3846 3466 3902 unius
3523 3847 3624 3904 Dei

1969 3929 2174 3996 cultui,
2206 3931 2446 3986 deorum
2481 3931 2868 4002 pluralitatem
2903 3935 3299 4003 praeferebant.
3334 3937 3618 3993 Caeterum

1973 4021 2124 4090 apud
2157 4019 2272 4076 Deo
2303 4020 2682 4076 charissimos
2714 4027 2914 4078 Patres
2947 4026 3169 4080 unitate
3226 4043 3328 4082 sua
3370 4028 3624 4083 Trinitas

1972 4125 2087 4163 non
2147 4110 2358 4175 caruit,
2412 4109 2530 4165 imo
2582 4125 2714 4166 vero
2770 4113 3143 4170 Abrahamus
3195 4132 3311 4188 quo
3365 4122 3627 4190 tempore

1972 4197 2204 4268 angelos
2237 4196 2490 4267 hospitio
2550 4199 2796 4269 excepit,
2847 4201 3157 4258 obscurius
3223 4203 3383 4260 illam
3417 4207 3632 4262 tacitus

1968 4303 2169 4341 secum
2205 4291 2514 4358 reputavut,
2538 4288 2867 4354 expressius
2917 4301 3107 4348 autem
3139 4295 3432 4364 specimen
3465 4295 3624 4351 illius

1971 4377 2175 4439 edidit,
2211 4391 2344 4432 cum
2373 4376 2560 4431 filium
2621 4376 2886 4432 Isaacum
2945 4385 3248 4453 supposito
3307 4384 3506 4450 ariete,
3539 4384 3622 4437 vi-

1968 4471 2196 4521 ventem
2231 4481 2260 4522 e
2288 4465 2575 4520 sacrificio
2607 4467 2840 4538 recepit.
2876 4469 2956 4524 Ex
2988 4472 3056 4525 iis
3112 4472 3266 4527 enim
3321 4488 3448 4544 quas
3485 4478 3624 4528 tunc

1969 4555 2310 4623 vidit,Verbi
2358 4553 2816 4611 incarnationem
2845 4559 3123 4616 ariolatus
3178 4567 3288 4630 est,
3323 4563 3624 4618 futurum-

1972 4661 2078 4716 que
2106 4644 2345 4709 adeo,ut
2376 4643 2649 4700 divinitas
2705 4645 2945 4704 minime
3003 4655 3314 4719 pateretur,
3349 4653 3446 4708 sed
3489 4669 3622 4708 caro

1973 4735 2113 4802 sola,
2147 4750 2316 4805 quam
2375 4733 2431 4787 in
2468 4735 2672 4789 mundi
2722 4737 2901 4792 t0tius
2953 4741 3341 4811 expiationem
3405 4759 3630 4798 assum-

1972 4837 2177 4897 pturus
2208 4828 2378 4880 esset.
2404 4827 2581 4880 Porro
2605 4825 2770 4891 Mosi,
2800 4829 2933 4884 dum
2960 4831 3017 4884 in
3048 4837 3242 4886 monte
3263 4831 3626 4896 obambulat,

1972 4931 2120 4970 nova
2152 4913 2251 4969 illa
2281 4913 2425 4969 visio
2447 4914 2675 4984 objecta
2703 4921 2808 4971 est.
2850 4919 2914 4971 Et
2960 4918 3217 4975 Jacobus
3269 4918 3403 4973 ﬁliis
3454 4920 3622 4974 bene-
