4066 6208
489 245 650 359 1:127

1803 296 2110 358 NICETJE
2152 297 2578 362 CHONIA'I‘AI

3748 308 3892 372 ωδ·

487 435 652 501 cepta
701 429 884 497 notio,
944 431 1069 487 Filii
1125 448 1360 503 quoque
1418 434 1474 487 et
1527 429 1779 501 Spiritus
1831 428 2138 486 essentiam
2176 433 2222 498 Α
2257 435 2467 502 potest,
2501 450 2617 504 qua
2647 452 2738 492 res
2771 437 3140 508 expetendas,
3173 441 3231 495 et
3261 456 3402 496 suos
3453 442 3695 500 eﬁ‘ectus
3725 461 3884 502 causa

486 530 903 577 commonstrat
948 527 1005 577 et
1055 522 1376 576 confirmat.
1439 521 1583 577 Nam
1643 520 1770 575 Filii
1828 520 1996 576 Pater
2053 523 2141 574 est
2244 524 2538 592 praecedit,
2572 527 2672 596 qui
2709 537 2895 582 tamen
2928 529 3169 584 diversis
3199 537 3449 599 natura),
3503 535 3881 607 posteriores-

481 621 534 666 et
569 611 754 666 Patris
791 611 989 678 Filius,
1022 626 1235 681 eosque
1271 628 1387 665 una
1418 615 1472 665 et
1503 610 1704 664 eadem
1743 615 1946 664 natura
1967 610 2132 664 otior-

485 709 616 754 mat.
651 700 903 770 Spiritus
945 697 1144 753 itidem
1205 699 1448 754 alterius
1503 700 1832 770 cujuspiam
1891 698 2136 769 spiritus

481 796 588 856 est,
618 791 747 858 ejus
774 790 1054 843 nimirum
1115 792 1279 856 cujus
1335 793 1393 845 et
1451 788 1682 843 dicitur.
1717 788 1792 842 Iis
1841 788 2034 859 itaque
2063 788 2133 842 de

479 877 670 934 causis
701 878 1167 949 Trishypostata,
1203 878 1308 932 hoc
1341 881 1447 942 est,
1477 878 1668 932 tribus
1716 883 1988 932 constans
2015 892 2135 946 per-

483 967 644 1022 sonis
697 967 981 1022 Divinitas
1035 968 1229 1022 animo
1288 983 1355 1022 ex
1405 967 1690 1038 symbolis
1748 969 2002 1037 primum
2059 966 2130 1021 ab

480 1058 597 1114 illis
624 1062 901 1129 concepta
932 1062 1038 1128 est,
1075 1058 1175 1128 qui
1202 1073 1390 1112 rerum
1417 1057 1742 1112 divinarum
1769 1055 2132 1127 praescientia

478 1149 853 1203 claruerunt:
882 1146 1071 1218 palam
1105 1163 1236 1202 vero
1262 1151 1316 1201 et
1342 1147 1647 1219 perspicue
1692 1151 1815 1201 tum
1865 1146 2126 1215 demum,

476 1253 609 1293 cum
633 1253 700 1292 ex
732 1235 1033 1292 Trinitatis
1065 1237 1333 1308 personis
1368 1252 1483 1291 una
1515 1236 1816 1291 nobiscum
1858 1236 1916 1291 in
1951 1251 2126 1290 carne

473 1332 702 1382 versata
722 1331 832 1384 est.

1163 1446 1321 1501 CAP.
1359 1444 1427 1498 ΙΙ.

475 1561 584 1617 Cur
643 1561 945 1618 Trinitatis
996 1563 1320 1633 mysterium
1362 1560 1677 1633 ministerio
1734 1562 1888 1616 Verbi
1940 1562 2123 1632 posuit

730 1651 896 1706 quam
921 1632 1160 1689 hominis
1189 1632 1498 1703 cuiue/liam
1530 1634 1850 1689 innotuerit.

538 1755 824 1808 Caeterum
857 1752 1039 1808 Verbo
1073 1751 1332 1807 muneris
1365 1751 1420 1806 id
1453 1749 1855 1817 conveniebat,
1891 1753 1959 1805 ut
1993 1749 2118 1804 Tri-

471 1841 674 1898 nitatis
735 1842 1076 1914 mysterium
1141 1844 1354 1896 mundo
1416 1842 1779 1910 patefaceret,
1813 1845 1878 1894 ut
1936 1839 2119 1895 homi-

469 1949 570 1987 nes
603 1950 633 1987 τι
665 1931 776 1987 Deo
809 1949 876 1987 ea
907 1949 1032 2003 quae
1067 1931 1167 1986 Dei
1225 1937 1367 1986 sunt
1423 1931 1629 1997 edocti,
1664 1930 1819 1985 haud
1879 1928 2116 1985 dubiam

466 2023 537 2077 dc
563 2021 635 2076 iis
669 2021 1002 2093 Opinionem
1039 2020 1426 2090 conciperent.
1462 2019 1605 2073 Nam
1640 2019 1689 2073 si
1717 2036 1750 2073 a
1783 2018 2116 2073 mortalium

467 2111 664 2183 sitquo
743 2112 1021 2166 traditum
1083 2110 1315 2174 fuisset,
1374 2126 1680 2181 nunquam
1746 2109 1802 2162 id
1847 2108 2115 2179 ponderis

468 2201 618 2271 apud
683 2217 873 2256 rerum
935 2199 1262 2254 divinarum
1320 2199 1615 2254 studiosos
1673 2197 1991 2264 habuisset,
2054 2201 2116 2253 ut

462 2290 630 2346 facile
685 2289 1127 2361 suscipiendum
1189 2289 1481 2344 videretur
1538 2305 1551 2342 :
1618 2287 2110 2359 quemadmodum

464 2380 620 2434 verbi
657 2382 864 2450 gratia,
927 2378 1196 2433 Mosaicis
1251 2377 1483 2445 scriptis
1540 2377 1884 2432 nsuvenisse
1949 2393 2111 2448 syco-

469 2467 700 2538 phanta:
733 2469 1022 2522 afﬁrmare
1055 2467 1180 2522 ausi
1215 2471 1352 2521 sunt
1383 2466 1486 2537 (3),
1519 2481 1765 2536 quorum
1827 2465 1937 2520 alia
1984 2465 2110 2537 qui-

461 2558 592 2611 dem
629 2575 658 2611 a
694 2561 802 2612 Deo
837 2557 1184 2628 legislature,
1219 2555 1330 2611 alia
1360 2572 1492 2611 vero
1524 2573 1556 2608 a
1589 2556 1744 2612 Mose
1795 2556 2110 2627 pOpulique

462 2646 795 2702 senioribus
829 2646 1192 2718 promulgata
1225 2647 1515 2701 dixerunt.
1554 2650 1742 2718 Atque
1792 2645 1971 2714 hujus
2005 2663 2106 2716 po-

458 2737 721 2792 sterioris
750 2735 1044 2808 Opiniouis
1075 2753 1234 2807 ergo,
1278 2752 1348 2790 ne
1405 2735 1551 2806 legis
1601 2736 1838 2807 quidem
1901 2735 2108 2790 divinas

459 2825 682 2882 cultum
720 2826 1056 2898 bujusmodi
1117 2827 1350 2897 scriptis
1413 2824 1818 2879 exhibuerunt.
1881 2824 2024 2880 Nam
2057 2825 2107 2879 si

458 2920 840 2988 posteaquam
874 2915 999 2983 ipse
1029 2913 1291 2966 Christus
1349 2912 1702 2981 theologiam
1762 2912 1923 2966 illam
1974 2927 2103 2983 pro-

452 3007 645 3060 fessus
677 3010 785 3074 est,
845 3021 975 3074 quae
1031 3010 1087 3059 et
1144 3003 1204 3060 iu
1263 3001 1485 3056 unitate
1546 3002 1896 3066 Divinitatis,
1932 3006 1986 3056 et
2044 3004 2101 3057 in

450 3093 709 3148 trinitate
767 3108 1144 3164 personarum
1214 3091 1508 3154 elucescit,
1598 3091 1886 3156 nonnulli,
1947 3089 2103 3145 velut

453 3181 794 3236 adulterinis
828 3183 1095 3253 quaedam
1121 3180 1403 3234 daemonis
1424 3186 1695 3247 monetae,
1726 3181 1902 3235 exorti
1938 3184 2096 3246 sunt,
2138 3173 2182 3241 C

451 3271 552 3342 qui
584 3270 685 3326 Dei
721 3272 1083 3341 maiestatem
1146 3268 1304 3325 nullo
1367 3269 1536 3325 modo
1597 3269 1846 3337 reveriti,
1900 3287 1932 3324 a
1982 3270 2094 3324 tide

448 3359 791 3414 diverticula
849 3358 1419 3425 subintroducerent,
1478 3375 1511 3413 a
1578 3359 1818 3429 quibus,
1874 3375 2090 3430 quaeso,

443 3449 635 3504 verbis
668 3447 780 3503 sibi
812 3453 1236 3519 temperassent
1272 3447 1557 3509 homines.
1592 3448 1638 3502 si
1682 3447 2088 3503 abstrusarum

440 3554 660 3606 rerum,
694 3537 942 3593 necdum
977 3554 1011 3592 θ.
1044 3553 1341 3608 quoquam
1394 3541 1772 3592 tractatarum
1827 3537 2090 3594 doctores

439 3628 734 3684 fuissent?

1103 3745 1263 3801 CAP.
1302 3745 1400 3798 lli.

427 3863 748 3917 Incnrstatio
781 3861 993 3916 Christi
1011 3863 1386 3916 certissimum
1415 3860 1618 3916 divina'
1649 3878 1779 3932 erga
1828 3876 1924 3916 nos
1952 3877 2082 3932 pro-

902 3936 1172 3988 videntiae
1201 3944 1607 4003 argumentum.

501 4047 600 4103 Dei
663 4065 832 4120 porro
896 4049 1224 4119 majr‘statis
1282 4047 1839 4104 excellentissimum
1910 4066 2079 4121 opus,

423 4136 804 4208 ejusdemque
871 4138 1242 4209 providentia:
1309 4154 1446 4209 erga
1503 4154 1608 4192 nos
1666 4146 2077 4209 argumentum

421 4225 901 4281 efﬁcacissimum
935 4228 1072 4282 inde
1105 4227 1386 4292 innotuit,
1420 4229 1573 4300 quod
1630 4227 1810 4282 Filius
1842 4244 2074 4283 carnem

424 4316 832 4386 assumpserit,
869 4327 921 4371 et
954 4333 1138 4388 usque
1170 4319 1238 4371 ad
1267 4322 1510 4371 mortem
1544 4318 1732 4372 crucis
1787 4334 1915 4372 sese
1957 4319 2073 4373 exi-

423 4406 733 4462 naniverit.
763 4409 903 4460 Cum
938 4406 1224 4462 enimille
1289 4407 1382 4461 Dei
1438 4405 1630 4479 imago
1687 4406 2074 4463 immutabilis

416 4497 472 4548 et
504 4493 788 4546 naturalis
819 4500 990 4560 esset,
1027 4510 1253 4564 nosque
1306 4494 1582 4564 imaginis
1638 4493 1795 4549 illius
1837 4495 2069 4561 divinas,
2100 4540 2147 4605 D

419 4579 487 4605 ..Ᾰ
529 4597 695 4605 ......M
731 4580 1008 4605 ..ΝΑ-...ηιξ
1070 4582 1364 4605 ι--,---.νν.---
1418 4581 1803 4605 -L-_--L-_-_
1870 4599 2032 4605 -_____

417 4579 492 4635 ad
523 4597 696 4650 quam
727 4580 1012 4635 eti‘ormati
1070 4582 1366 4635 fueramus
1415 4581 1808 4637 characterem
1867 4599 2060 4639 corru-

415 4668 894 4740 pissemus,idem
920 4668 1016 4723 ille
1034 4670 1132 4741 qui
1163 4670 1299 4725 utin
1323 4686 1513 4724 rerum
1542 4676 1746 4727 natura
1769 4687 2054 4739 essemus,

409 4757 699 4823 effecerat,
731 4759 1008 4812 creatura}
1035 4775 1152 4811 suae
1187 4758 1669 4812 restaurationem
1723 4758 1778 4813 in
1813 4777 1875 4814 se
1907 4777 2054 4815 rece-

409 4847 513 4919 pit,
549 4852 724 4918 atque
756 4846 901 4902 adeo
931 4842 1289 4900 ἒνυπόστατον
1349 4845 1512 4914 illud,
1547 4846 1656 4902 hoc
1711 4852 1820 4915 est,
1866 4865 1962 4920 per
1992 4865 2055 4904 se

409 4935 745 4991 subsistens
785 4934 883 4990 Dei
915 4933 1195 5001 Verbum,
1253 4935 1416 4990 Patre
1474 4935 1769 5006 propriam
1808 4936 2050 5008 gloriam

408 5043 523 5082 non
553 5030 819 5092 exuente,
853 5026 1222 5082 incarnatum
1258 5025 1315 5080 in
1349 5025 1519 5081 terris
1548 5027 1838 5097 apparuit,
1872 5031 1928 5082 et
1956 5045 2054 5084 eos

405 5118 574 5186 quia
631 5115 854 5170 ratione
911 5114 1285 5181 deﬂexerant,
1345 5115 1414 5171 ad
1469 5118 1818 5187 brutamque
1877 5117 2053 5173 vitam

407 5208 782 5276 diverte-rant,
816 5209 1002 5263 denuo
1035 5208 1104 5262 ad
1141 5207 1380 5263 rationis
1411 5211 1467 5262 et
1496 5206 1830 5263 intellectus
1862 5209 2054 5281 digni-

401 5300 582 5353 tatem
607 5297 909 5366 revocavit,
973 5297 1136 5352 Pater
1194 5301 1392 5352 autem
1455 5295 1661 5352 ordine
1706 5297 1939 5363 Filium,
1970 5299 2054 5352 Fi-

400 5383 631 5457 liusque
687 5387 971 5456 Spiritum
1023 5387 1348 5459 praecedere
1402 5387 1605 5442 eadem
1669 5387 1895 5443 ratione
1935 5388 2051 5444 dici

474 5536 495 5572 ’³
525 5537 723 5593 Matth.
756 5555 950 5610 xxvm,
982 5540 1072 5596 49.
1147 5539 1172 5574 ⁸
1193 5540 1361 5597 Joan.
1395 5556 1510 5610 xiv,
1541 5542 1636 5596 26.

477 5663 558 5742 (3)
587 5663 932 5724 Ptolemaeus
962 5667 1020 5725 in
1053 5667 1258 5744 primis
1289 5667 1427 5728 intr.
1461 5667 1563 5726 lib.
1598 5683 1673 5738 ιν,
1707 5685 1758 5726 c.
1783 5669 1837 5725 Β.

2243 630 2352 685 que
2385 620 2644 686 tempore
2677 635 2789 673 non
2819 618 2962 686 sint,
2995 621 3095 676 sed
3151 629 3365 677 interna
3427 626 3624 694 potius
3671 633 3885 682 coaeter-

2246 720 2452 758 norum
2487 706 2799 763 etiactuum
2833 725 3012 764 causa
3043 710 3140 780 sit,
3202 713 3466 780 ejusdem
3527 714 3881 785 substantiae,

2241 792 2365 848 sola
2397 796 2751 866 proprietate
2784 799 3038 868 dempta,
3086 801 3392 872 particeps.
3449 803 3686 859 Primus
3734 807 3878 861 enim

2239 887 2420 953 pater,
2481 886 2770 942 secundus
2822 887 3110 959 genitura,
3141 891 3350 946 tertius
3402 893 3699 962 processio
3743 895 3876 949 dici-

2169 1007 2176 1014 -
2235 975 2350 1029 tur.

2917 1066 3068 1123 CAP.
3098 1068 3192 1124 IV.

2233 1157 2366 1209 Cum
2391 1153 2661 1232 diuinitas
2701 1157 3004 1232 inc/[abitis
3058 1160 3163 1232 siti
3189 1164 3242 1214 et
3286 1161 3875 1232 incomprehensibilis,

2302 1227 2400 1308 qui
2427 1225 2686 1308 ﬁttutna
2746 1225 2959 1308 Cliristo
3017 1232 3076 1284 in
3133 1231 3376 1299 Patrem,
3409 1225 3618 1290 Filium
3676 1242 3731 1292 et
3761 1225 3873 1308 Spil

2301 1299 2469 1352 ritum
2500 1298 2781 1354 dividatur
2797 1304 2823 1354 .9

2299 1412 2460 1477 Quod
2493 1415 2543 1470 si
2591 1431 2713 1471 rem
2765 1417 2950 1488 ipsam
3001 1416 3176 1474 altius
3231 1425 3408 1494 atque
3467 1424 3874 1482 convenienter

2229 1507 2339 1558 Deo
2372 1502 2793 1577 disquiramus,
2853 1513 3060 1563 natura
3113 1509 3313 1565 divina
3368 1512 3522 1568 omni
3584 1530 3652 1568 ex
3717 1520 3875 1587 parte

2225 1594 2537 1652 ineffabilia
2570 1599 2675 1662 est,
2709 1602 2766 1653 et
2799 1597 3438 1671 incomprehensibilis,
3473 1619 3581 1660 nec
3611 1605 3664 1659 id
3730 1609 3878 1678 quod

2226 1702 2286 1741 re
2316 1685 2445 1758 ipsa
2474 1690 2561 1742 est
2592 1691 2691 1742 aut
2724 1687 2980 1744 humana
3007 1690 3132 1760 capi
3193 1693 3420 1748 ratione
3489 1711 3556 1750 ac
3614 1696 3879 1765 revelari,

2226 1779 2324 1830 aut
2354 1776 2610 1832 oratione
2643 1776 2763 1832 ulla
2797 1779 3042 1850 exprimi
3074 1785 3289 1852 potest.
3321 1782 3392 1836 Et
3443 1785 3721 1855 quamvis
3752 1787 3878 1841 Tri-

2232 1863 2494 1932 nitatem,
2542 1869 2810 1937 quamvis
2863 1868 3165 1937 unitatem,
3218 1872 3488 1940 quamvis
3532 1876 3771 1928 Patrem
3829 1881 3880 1930 et

2227 1953 2457 2020 Filium,
2491 1963 2543 2010 et
2567 1955 2870 2026 Spiritum,
2903 1957 3174 2028 quamvis
3202 1959 3455 2032 denique
3502 1961 3876 2020 Divinitatem

2228 2043 2386 2099 illam
2421 2045 3163 2116 incomprehensibilem,et
3193 2053 3464 2104 naturam
3516 2051 3877 2110 ineffabilem

2223 2133 2310 2191 vel
2343 2134 2540 2190 animo
2572 2136 3097 2206 concipiamus,vel
3133 2138 3354 2194 ratione
3400 2142 3876 2209 pronuntiemus,

2226 2222 2324 2278 illa
2355 2240 2471 2278 non
2502 2223 2572 2280 iis
2604 2225 2798 2292 rebus,
2824 2226 2927 2281 sed
2957 2243 3133 2298 supra
3165 2241 3265 2283 eas
3296 2229 3593 2285 consistit.
3645 2230 3725 2286 Ex
3769 2250 3877 2304 quo

2224 2315 2310 2376 ﬁt,
2356 2320 2420 2368 ut
2468 2313 2672 2369 divinae
2723 2320 2943 2370 naturas
3003 2332 3191 2387 neque
3249 2318 3405 2389 prior
3462 2318 3630 2377 locus
3689 2340 3876 2395 neque

2224 2403 2512 2475 posterior
2541 2405 2965 2460 accommodari
2998 2408 3297 2463 commode
3350 2409 3562 2479 possit,
3598 2413 3700 2466 sed
3752 2429 3874 2468 om-

2223 2493 2383 2548 nium
2446 2510 2760 2564 supremus
2807 2496 3112 2563 duntaxat,
3171 2501 3368 2566 utpote
3444 2515 3577 2570 quae
3636 2517 3872 2557 omnem

2224 2598 2529 2639 numerum
2563 2589 2619 2637 et
2650 2584 2945 2639 unitatum
3003 2584 3484 2656 excogitationem
3537 2591 3794 2658 excedit,
3827 2594 3871 2646 si

2220 2671 2426 2728 saltem
2454 2688 2734 2728 numerus
2757 2679 2812 2728 et
2839 2675 3034 2729 unitas
3057 2673 3210 2729 circa
3237 2677 3610 2733 substantias
3634 2697 3870 2736 versen-

2217 2768 2332 2827 tur,
2368 2764 2518 2818 Deus
2548 2767 2743 2816 autem
2779 2779 2959 2834 supra
2988 2764 3383 2820 substantiam
3441 2767 3538 2823 sit.
3599 2773 3872 2826 Servatur

2215 2856 2409 2906 tamen
2446 2859 2658 2919 noster,
2693 2857 2757 2906 ut
2788 2853 3122 2908 nominibus
3154 2858 3206 2908 et
3242 2854 3415 2910 rebus
3477 2857 3649 2912 nobis
3705 2860 3868 2914 fami-

2215 2941 2459 2997 liaribus
2493 2941 2563 2996 ad
2596 2957 2661 2996 ea
2691 2958 2798 2996 nos
2830 2941 3162 3007 deduceret,
3197 2959 3323 3013 qua
3374 2962 3558 3015 supra
3591 2953 3867 3004 naturam

2214 3030 2402 3102 posita
2433 3038 2592 3097 sunt,
2650 3029 2980 3102 divinisque
3031 3031 3175 3086 adeo
3236 3034 3525 3103 mysteriis
3587 3035 3868 3103 initiaret,

2211 3121 2468 3176 oratione
2501 3137 2604 3175 sua
2664 3121 2816 3175 Patri
2877 3121 3154 3192 primum,
3209 3122 3352 3177 Filio
3410 3123 3694 3192 alterum,
3747 3131 3870 3198 Spi-

2212 3207 2463 3280 rituique
2493 3218 2693 3264 sancto
2719 3208 2957 3264 tertium
3021 3210 3208 3264 locum
3259 3210 3548 3277 attribuit,
3612 3230 3750 3269 cum
3791 3217 3869 3271 sic

2201 3298 2522 3370 discipulos
2575 3315 2714 3354 suos
2763 3298 3082 3370 alloquitur
3123 3315 3135 3354 :
3195 3304 3394 3356 Euntes
3444 3301 3634 3358 docete
3682 3321 3869 3359 omne:

2197 3393 2402 3460 gentes,
2436 3390 2778 3459 baptizari-tes
2803 3403 2970 3445 casm
3000 3390 3222 3446 nomine
3265 3391 3478 3460 Patris,
3517 3401 3573 3447 et
3617 3394 3781 3462 Filii,
3815 3404 3865 3449 et

2198 3480 2444 3550 Spiritus
2475 3480 2658 3533 sancti
2685 3476 2727 3532 ⁷.

2890 3570 3040 3624 CAP.
3084 3569 3144 3625 V.

2197 3687 2630 3760 Consentaneum
2670 3684 2862 3760 fuisse.
2920 3688 2978 3760 ut
3034 3685 3131 3741 Dei
3159 3685 3334 3740 Filius
3357 3687 3604 3760 homini:
3639 3706 3853 3760 quoque

2263 3759 2443 3812 Filius
2473 3759 2773 3822 diceretur,
2806 3756 3032 3828 ﬁerique
3088 3773 3197 3829 non
3251 3759 3491 3829 potuisse
3528 3770 3593 3816 ut
3649 3756 3733 3817 re!
3758 3756 3848 3817 'ab

2262 3829 2489 3885 homine
2517 3830 2777 3896 humano,
2812 3829 2896 3883 vel
2933 3830 3000 3883 ab
3029 3828 3226 3900 angelo
3252 3828 3594 3887 ξεῖναι-ειμι

2267 3949 2378 4003 Hoc
2409 3951 2598 4002 autem
2629 3962 2813 4018 neque
2845 3946 3000 4002 Patri
3031 3963 3064 4000 a
3097 3953 3303 4002 natura
3331 3949 3606 4020 insitum,
3656 3967 3851 4023 neque

2189 4037 2385 4092 divino
2435 4037 2570 4090 item
2631 4036 2875 4106 Spiritui
2936 4041 3392 4093 consentaneum
3455 4045 3604 4107 erat,
3662 4048 3727 4094 ut
3789 4044 3850 4096 in

2187 4132 2340 4182 terra
2398 4126 2714 4191 videretur,
2773 4131 2832 4180 et
2901 4126 3208 4181 nobiscum
3297 4126 3674 4185 coalesceret.
3745 4131 3854 4195 Qui

2187 4216 2341 4273 enim
2404 4215 2524 4270 fieri
2589 4218 2803 4284 posset,
2864 4219 2929 4270 ut
2988 4215 3089 4286 qui
3150 4215 3326 4270 nullis
3413 4234 3530 4272 non
3616 4221 3855 4275 saeculis

2183 4306 2415 4362 insitam
2497 4302 2607 4357 sibi
2693 4303 3102 4374 paternitatem
3193 4307 3574 4375 praedicabat,
3666 4309 3855 4365 Filius

2187 4397 2442 4455 hominis
2472 4394 2747 4452 audiret?
2773 4395 2861 4451 vel
2896 4396 3068 4451 etiam
3103 4396 3358 4468 Spiritus
3387 4397 3484 4454 ille
3534 4403 3856 4472 coadjutor

2181 4495 2239 4545 et
2278 4487 2583 4560 perfector,
2625 4501 2946 4557 eorumque
3008 4487 3409 4554 conﬁrmatur,
3469 4506 3603 4559 qum
3662 4491 3852 4546 Filius

2179 4597 2248 4634 ex
2280 4576 2463 4632 nihilo
2495 4576 2563 4630 ad
2625 4575 2679 4630 id
2726 4575 2879 4647 quod
2942 4580 3031 4630 est
3090 4575 3147 4630 in
3193 4592 3385 4632 rerum
3450 4583 3666 4635 natura
3721 4599 3849 4654 pro-

2165 4668 2352 4731 duxit,
2390 4670 2561 4738 prout
2595 4663 2862 4736 plerique
2893 4663 3130 4736 scriptis
3194 4666 3318 4721 suis
3385 4677 3849 4740 assueruerunt,

2167 4759 2285 4816 imo
2313 4756 2402 4812 vel
2436 4757 2561 4827 ipse
2589 4755 2866 4809 Servator
2910 4753 2967 4808 in
3025 4754 3378 4826 Evangeliis,
3416 4758 3476 4811 in
3519 4758 3748 4828 quibus
3778 4761 3849 4815 de

2162 4849 2382 4923 Spiritu
2414 4849 2617 4902 sancto
2649 4843 2948 4902 disserens
2981 4843 3308 4915 discipulos
3339 4845 3435 4900 his
3462 4848 3660 4904 verbis
3695 4849 3847 4904 allo-

2163 4942 2412 5013 quitur:
2467 4935 2788 4991 Paracletus
2837 4943 3024 4990 autem
3077 4937 3324 5005 Spiritus
3372 4941 3619 5006 sanctus,
3683 4958 3848 5012 quem

2161 5033 2343 5086 mittet
2373 5031 2533 5084 Patet
2564 5027 2623 5081 in
2654 5023 2881 5079 nomine
2913 5039 3051 5092 meo,
3096 5025 3203 5080 ille
3229 5041 3320 5080 vos
3349 5025 3572 5083 docebit
3614 5033 3843 5094 omnia,

2164 5125 2219 5176 et
2241 5121 2492 5192 suggeret
2523 5114 2670 5171 vobis
2700 5129 3034 5186 quoscunque
3063 5113 3187 5170 dixi
3214 5116 3366 5170 vobis
3395 5115 3437 5172 ⁸.
3489 5118 3663 5187 Item,
3702 5119 3846 5174 Cum

2163 5215 2350 5266 autem
2379 5207 2589 5262 venerit
2621 5204 2969 5271 Paracletus,
3028 5219 3188 5275 quem
3246 5220 3342 5276 ego
3397 5205 3627 5262 mittam
3659 5208 3843 5279 vobis,

2161 5299 2411 5367 Spiritus
2439 5295 2713 5361 veritatis,
2753 5295 2847 5364 qui
2903 5309 2943 5347 α
3000 5293 3166 5348 Patre
3203 5294 3476 5364 procedit,
3529 5295 3630 5351 ille
3679 5301 3846 5352 testi-

2160 5390 2406 5446 monium
2437 5387 2579 5458 feret
2609 5383 2674 5440 de
2715 5399 2800 5440 me
2831 5383 2871 5437 °.
2907 5382 3019 5439 Sed
3058 5381 3168 5440 hoc
3207 5401 3241 5440 a
3299 5385 3521 5441 ratione
3572 5403 3696 5443 non
3731 5388 3839 5444 a‘o-

1713 5540 1738 5576 ο
1763 5544 1938 5599 Joan.
1971 5559 2066 5610 xv,
2096 5543 2190 5598 26.
