4044 6212
257 356 411 428 1133

1598 357 2008 430 ΤΗΕΒΑΠΒΙ
2051 355 2199 425 LIB.
2244 353 2319 420 ll.

3509 359 3663 422 1134

250 490 495 548 aliorum
558 489 749 544 locum
804 488 1152 558 transeant),
1202 505 1391 560 neque
1439 492 1645 549 contra
1693 489 1752 543 in
1782 493 1902 548 tres
1935 491 1984 556 Α
2014 488 2270 546 doctoris
2312 504 2448 544 voce
2497 488 2826 554 institutus,
2879 487 3203 560 discipulus
3245 489 3500 544 infidelis
3531 506 3666 546 eva-

251 582 492 635 naturas
555 576 641 632 vel
707 577 1067 649 peregrinas,
1128 576 1469 643 dissimiles,
1531 582 1588 632 et
1647 577 1798 634 inter
1847 595 1907 632 se

258 669 564 733 dissectas,
614 682 741 721 eam
795 682 970 735 quam
1007 667 1139 736 jure
1187 666 1407 737 optimo
1439 666 1728 726 insaniam
1763 665 1904 732 dixi,

250 755 564 828 amplexati
600 772 613 810 :
650 754 733 809 vel
769 754 1057 826 principio
1096 762 1149 809 et
1180 756 1382 811 ordine
1416 761 1705 823 carentes,
1738 760 1907 823 atque

254 850 318 900 ut
347 846 430 900 ita
459 845 676 911 dicam,
729 842 1019 898 divinitati
1080 844 1423 900 contrarias.
1477 845 1555 899 Eo
1587 844 1740 914 quod
1773 843 1906 898 hinc

256 937 314 990 in
353 934 612 991 Judaicte
677 933 993 1005 paucitatis
1046 934 1350 1005 angustias
1399 934 1822 1000 contrahimur,
1857 932 1902 992 si

256 1025 362 1080 soli
411 1024 676 1095 Ingenito
729 1023 1096 1078 divinitatem
1139 1024 1556 1080 ascribamus:
1608 1023 1744 1078 inde
1776 1038 1906 1082 vero

257 1115 316 1168 in
371 1111 726 1167 contrarium
779 1111 1039 1181 quidem,
1091 1113 1190 1166 sed
1227 1129 1391 1183 seque
1425 1112 1666 1178 malum,
1700 1112 1904 1168 vitium

256 1202 638 1266 incurrimus,
666 1201 713 1255 si
747 1200 861 1255 tria
886 1201 1196 1271 principia,
1221 1206 1410 1256 tresve
1433 1202 1573 1256 deos
1597 1216 1905 1272 ponamus,

261 1293 412 1363 quod
440 1290 675 1361 quidem
700 1289 994 1360 praedictis
1019 1291 1189 1359 longe
1212 1290 1526 1345 absurdius
1550 1289 1909 1345 estPrastat

260 1384 418 1438 enim
452 1379 500 1435 si
534 1395 722 1450 neque
753 1379 980 1433 Patrem
1015 1378 1250 1449 quidam
1286 1379 1365 1434 ita
1390 1425 1397 1431 .
1419 1377 1906 1449 complectantur,

258 1479 322 1528 ut
351 1487 480 1526 eum
515 1467 604 1524 vel
641 1469 825 1523 Patris
854 1468 1086 1523 nomine
1121 1467 1487 1534 del'raudent,
1531 1469 1689 1536 (nam
1737 1469 1907 1536 cujus

252 1561 488 1620 tandem
524 1559 688 1614 Pater
720 1557 832 1614 dici
868 1561 1065 1629 queat,
1101 1558 1150 1612 si
1201 1557 1448 1612 diversa)
1494 1561 1714 1611 natura:
1767 1571 1905 1612 cen-

255 1655 469 1716 seatur,
532 1651 588 1704 et
644 1647 927 1703 creaturis
979 1651 1358 1702 accenseatur
1389 1647 1434 1715 ‘2)
1495 1661 1684 1716 neque
1741 1643 1906 1700 Chri-

256 1745 407 1797 stum
440 1743 735 1808 tantopere
759 1741 1048 1803 ament,ut
1072 1753 1204 1796 eum
1227 1737 1352 1793 Filii
1374 1737 1608 1792 nomine
1628 1736 1904 1807 spoliant,

2017 578 2175 632 dam.
2211 577 2524 633 Veritatem
2579 579 2884 634 confessus
2937 593 3086 647 sum,
3142 595 3256 633 non
3291 577 3660 634 mendacium

2015 683 2128 722 non
2189 668 2580 736 committam,
2645 672 2710 722 ut
2769 669 2868 738 qui
2927 668 3218 739 baptismo
3271 668 3661 739 perﬁciendae

2014 756 2296 823 venerim,
2357 757 2753 827 imperfectior
2818 758 3019 812 abeam
3070 774 3082 811 :
3141 757 3239 828 qui
3300 765 3362 812 ut
3416 757 3664 813 viverem

2017 844 2348 915 baptizatus
2407 862 2562 908 sum,
2610 845 2666 900 in
2704 861 2856 917 aqua
2887 845 3124 913 moriar,
3160 847 3660 916 quemadmodum

2016 932 2118 992 illa
2147 951 2275 1004 quae
2311 935 2368 990 in
2427 935 2556 1006 ipso
2611 941 2775 1007 partu
2831 940 3102 1006 pereunt,
3153 941 3514 1005 mortemque
3549 954 3666 992 una

2016 1038 2146 1080 cum
2178 1027 2306 1078 ortu
2338 1023 2739 1094 experiuntur.
2772 1025 2889 1080 Cur
2922 1041 3031 1092 me,
3085 1041 3303 1095 quaso,
3341 1025 3576 1080 beatum
3609 1030 3666 1081 et

2016 1111 2310 1180 miserum,
2335 1128 2536 1168 recens
2560 1113 2959 1171 illuminatum
2985 1117 3039 1168 et
3070 1113 3309 1169 luminis
3341 1119 3662 1184 expertem,

2016 1199 2280 1256 divinum
2333 1208 2390 1257 et
2428 1202 2702 1273 impium,
2755 1203 2956 1258 eodem
3032 1203 3313 1274 temporis
3366 1211 3658 1258 momento

2015 1288 2157 1354 facis
2189 1290 2215 1344 7
2243 1290 2533 1352 Numnam
2579 1295 2641 1346 ut
2680 1291 2791 1346 hoc
2842 1292 3170 1361 naufragio,
3215 1291 3300 1346 vel
3342 1307 3446 1362 spe
3477 1292 3661 1347 refor-

2015 1380 2295 1435 mationis
2323 1382 2588 1438 excidam
2621 1382 2648 1435 ?
2680 1381 2753 1436 Ut
2786 1399 2903 1437 rem
2940 1383 3143 1451 paucis
3174 1381 3492 1451 absolvam,
3518 1382 3659 1451 quid

2014 1469 2319 1524 confessus
2353 1471 2457 1537 sis,
2490 1471 2976 1526 reminiscitor.ln
3005 1487 3173 1540 quem
3203 1470 3529 1540 baptizatus
3553 1487 3613 1526 es
3637 1471 3665 1525 ?

2015 1561 2076 1612 In
2138 1561 2390 1614 Patrem.
2455 1561 2619 1616 Recte
2671 1561 2780 1614 hoc
2837 1561 3098 1630 quidem,
3160 1561 3262 1614 sed
3314 1561 3650 1615 Judaicum.

2014 1648 2230 1703 Deinde
2289 1649 2345 1703 in
2405 1649 2634 1704 Filium.
2695 1650 2866 1703 Recte
2909 1654 2965 1703 et
3013 1649 3142 1716 hoc,
3178 1654 3237 1703 at
3267 1649 3534 1719 quamvis
3563 1649 3664 1703 Ju-

2013 1737 2244 1804 daicum
2318 1755 2430 1794 non
2493 1737 2588 1804 sit,
2643 1739 2904 1793 nondum
2974 1743 3167 1792 tamen
3205 1738 3525 1810 perfectum
3554 1744 3662 1794 est.

254 1831 424 1900 cujus
447 1828 627 1894 enim,
662 1845 878 1898 quaso,
936 1827 1112 1882 Filius
1138 1827 1357 1888 audiat,
1393 1826 1506 1882 nisi
1538 1827 1607 1879 ad
1641 1842 1900 1891 causam,
1939 1847 1984 1913 Β
2016 1827 2078 1884 Et
2109 1827 2167 1882 in
2197 1828 2481 1898 Spiritum
2508 1832 2823 1883 sanctum.
2880 1829 3108 1900 Optime
3167 1827 3275 1883 hoc
3320 1833 3499 1895 certe,
3530 1845 3664 1883 nam

258 1918 482 1974 scilicet
530 1921 760 1973 Patrem
812 1917 1092 1974 referatur
1123 1915 1168 1986 ‘2)
1225 1932 1414 1986 neque
1454 1918 1508 1972 in
1544 1919 1710 1969 Patre
1738 1915 1899 1985 prin-

254 2008 397 2079 cipii
449 2007 793 2077 dignitatem
844 2006 1130 2072 minuant,
1183 2022 1300 2076 qua
1348 2005 1625 2060 nimirum
1661 2008 1817 2072 pater
1846 2007 1903 2058 et

257 2099 486 2169 genitor
543 2096 841 2153 asseritur.
893 2097 1108 2151 Rerum
1176 2096 1332 2151 enim
1413 2097 1570 2166 parvi
1629 2094 1899 2150 momenti

257 2207 361 2246 nec
384 2205 445 2244 ee
468 2190 797 2259 dignarum,
832 2186 1184 2257 principium
1213 2186 1407 2254 fuerit,
1443 2186 1554 2241 nisi
1580 2186 1899 2240 divinitatis

255 2280 404 2350 ejus,
463 2294 588 2348 quas
647 2276 706 2331 in
769 2275 908 2330 Filio
965 2279 1021 2329 et
1073 2274 1290 2345 Spiritu
1347 2275 1624 2340 cernitur,
1698 2278 1900 2328 auctor

256 2367 521 2422 exsistat.
556 2363 1038 2434 Quandoquidem
1069 2372 1123 2418 et
1155 2381 1337 2419 unum
1369 2363 1548 2420 Deum
1583 2364 1789 2429 colere,
1839 2366 1898 2417 et

254 2458 370 2508 tres
401 2453 743 2525 hypostasee
776 2467 874 2506 seu
905 2467 1208 2522 personas,
1244 2457 1419 2523 atque
1441 2451 1669 2507 illarum
1694 2466 1896 2522 quam-

256 2543 400 2599 libet
432 2559 541 2598 sua
572 2540 920 2612 proprietate
946 2541 1252 2611 praeditam
1283 2542 1542 2597 confiteri
1576 2545 1822 2612 oportet.

937 2662 1096 2714 CAP.
1147 2658 1207 2715 X.

255 2757 533 2828 Ejusdem,
593 2773 664 2812 ex
719 2758 968 2812 oratione
1007 2757 1066 2811 in
1112 2757 1366 2824 Arianos,
1431 2761 1481 2811 et
1556 2771 1652 2826 pro
1723 2756 1898 2828 seipso

327 2832 595 2899 [Patrcm.
644 2828 869 2894 Filium,
915 2834 971 2883 et
1015 2829 1288 2897 Spiritum
1344 2829 1623 2882 communi
1677 2827 1900 2882 nomine

327 2907 506 2957 Deum
548 2901 678 2967 dici,
717 2916 948 2970 quorum
995 2916 1254 2969 expressa
1301 2901 1711 2970 comprehensio
1765 2914 1899 2953 vera

323 2973 563 3039 demum,
599 2973 714 3038 hoc,
737 2975 816 3026 est
855 2973 1094 3028 caelestis
1119 2973 1358 3041 felicitas
1378 2974 1449 3026 sit
1491 2972 1614 3042 (9).]

325 3088 397 3138 At
451 3098 585 3138 vero
644 3097 752 3137 nos
814 3081 1063 3146 Patrem,
1118 3089 1172 3136 et
1235 3081 1469 3146 Filium,
1527 3084 1585 3134 et
1616 3079 1898 3151 Spiritum

1971 1919 1974 1923 ’
2016 1918 2333 1987 perfectum
2385 1926 2487 1972 est.
2537 1924 2657 1989 Age
2714 1935 2869 1984 vero,
2905 1934 3189 1973 numnam
3225 1918 3570 1988 simpliciter
3603 1919 3660 1972 in

2014 2005 2353 2076 hujusmodi
2398 2007 2634 2061 nomine
2684 2006 3010 2077 baptizatus
3047 2023 3130 2073 es,
3188 2023 3258 2060 an
3293 2005 3470 2060 etiam
3502 2023 3663 2060 com-

2015 2112 2187 2150 mune
2245 2095 2479 2165 aliquod
2542 2095 2747 2150 horum
2818 2109 3029 2152 nomen
3082 2093 3292 2148 nosti?
3332 2095 3656 2149 Commune

2011 2190 2165 2240 certe
2197 2183 2350 2240 novi.
2386 2184 2755 2254 Ecquodnam
2790 2189 2880 2238 est
2905 2184 2932 2237 ?
2965 2183 3254 2238 Nimirum
3288 2183 3387 2237 Dei
3413 2199 3648 2238 nomen.

2015 2275 2074 2332 In
2107 2274 2216 2329 hoc
2249 2289 2558 2328 commune
2590 2289 2801 2328 nomen
2835 2273 3070 2340 credito,
3107 2289 3340 2343 gressus
3387 2271 3646 2343 dirigito,

2011 2368 2067 2418 et
2109 2368 2366 2434 regnate.
2415 2363 2545 2418 Jam
2605 2379 2673 2417 ex
2722 2361 2826 2418 hoc
2878 2363 3096 2417 mundo
3119 2363 3188 2417 ad
3225 2361 3643 2416 beatitudinem

2011 2453 2172 2508 illam
2203 2453 2493 2508 caelestem
2544 2451 2999 2522 transmigraeti.
3059 2449 3158 2506 illa
3187 2467 3380 2522 porro,
3417 2455 3479 2506 ut
3511 2467 3640 2506 mea

2007 2544 2119 2598 fert
2147 2541 2367 2612 opinio,
2400 2540 2547 2597 nihil
2579 2541 2736 2596 aliud
2765 2545 2874 2609 est,
2907 2555 3084 2612 quam
3115 2540 3443 2612 expressior
3470 2542 3646 2610 [quin-

2009 2629 2164 2699 dam]
2197 2629 2405 2685 borum
2440 2628 2900 2700 comprehensio.

2683 2744 2838 2800 CAP.
2866 2744 2966 2802 XI.

2010 2861 2072 2916 ι).
2124 2859 2372 2926 Maximi,
2422 2859 2486 2914 de
2545 2859 2706 2914 Patre
2764 2869 2818 2913 et
2876 2858 3036 2926 Filio,
3089 2863 3140 2913 et
3185 2857 3395 2928 Spiritu
3445 2868 3653 2924 sancto,

2083 2931 2340 2986 distincta
2412 2931 2579 2985 simul
2636 2942 2689 2986 et
2757 2930 3051 3000 conjuncta
3114 2929 3434 2985 Divinitatis
3490 2933 3655 2986 ratio.

2086 3005 2298 3074 [Patris
2347 3005 2397 3056 et
2441 3003 2574 3056 Filii
2622 3008 2672 3074 et
2713 3001 3235 3074 Spiritusieamdcm
3266 3003 3658 3071 substantiam,

2080 3073 2407 3146 potentiam,
2439 3082 2489 3128 et
2520 3073 2792 3129 actionem
2820 3073 2977 3143 assa]

255 3175 532 3284 etinctum:
577 3171 909 3284 adpramus,
958 3175 1152 3284 atquej
1182 3168 1897 3284 Ρεξινθωῃιιωυῑυηῖξίίυω
1941 3215 1984 3284 C
2085 3191 2136 3244 1.
2171 3190 2318 3244 Deus
2377 3205 2530 3243 unus
2580 3192 2688 3253 est,
2734 3187 2872 3258 quia
2902 3187 3175 3242 divinitas
3208 3203 3346 3256 una,
3380 3184 3651 3258 principii

260 3266 468 3330 Deum,
500 3260 785 3331 Spiritum
819 3265 1090 3315 sanctum
1121 3259 1370 3329 denique
1399 3258 1606 3325 Deum,
1629 3257 1740 3312 nisi
1774 3273 1902 3312 mo-

257 3350 404 3406 leste
437 3351 606 3419 feras,
643 3366 816 3404 unam
851 3348 1078 3404 scilicet
1106 3349 1491 3418 eamdemque
1542 3351 1810 3403 naturam
1842 3346 1901 3399 in

264 3439 451 3495 tribus
485 3437 960 3510 proprietatibus,
984 3455 1112 3510 qute
1144 3437 1440 3496 intellectu
1478 3436 1903 3508 percipiuntur,

259 3529 526 3601 perfectas
557 3532 716 3597 sunt,
773 3544 872 3599 per
921 3527 1146 3599 aeipsas
1198 3527 1550 3593 consistunt,
1581 3531 1639 3581 et
1663 3541 1906 3581 numero

256 3633 377 3673 non
431 3617 735 3673 divinitate
786 3615 1144 3672 dividuntur.
1203 3616 1310 3672 His
1361 3616 1502 3670 mihi
1552 3615 1793 3670 vocibus
1822 3615 1906 3670 uti

257 3723 363 3778 per
401 3710 456 3760 te
489 3705 683 3773 liceat,
715 3706 1050 3776 quicunque
1083 3705 1258 3760 minis
1283 3722 1390 3761 nos
1434 3705 1604 3760 hodie
1637 3705 1865 3760 territas
1893 3719 1906 3758 :

259 3800 499 3853 steteras
555 3811 688 3850 vero
753 3799 1143 3866 persequatur
1196 3794 1297 3866 qui
1353 3794 1526 3852 volet.
1587 3793 1735 3849 Fieri
1789 3809 1907 3848 non

267 3889 486 3958 potest,
523 3889 585 3939 ut
610 3889 780 3940 Pater
809 3884 1110 3952 subsistat,
1145 3884 1194 3939 si
1218 3883 1346 3939 Filii
1376 3886 1661 3955 iacturam
1687 3883 1863 3940 faciat
1893 3896 1909 3948 ς

264 3990 373 4030 nec
401 3973 656 4040 Filius,ei
686 3973 901 4044 Spiritu
960 3978 1160 4029 sancto
1208 3974 1486 4044 privetur.
1519 3973 1785 4027 Privatur
1811 3987 1916 4027 au-

272 4069 417 4132 tem,
449 4063 499 4118 si
523 4061 835 4132 aliquando
858 4079 987 4119 esse
1007 4061 1265 4134 cceperit,
1299 4063 1467 4132 sique
1515 4067 1777 4117 creatura
1821 4059 1915 4115 sit.

274 4152 565 4207 Creatura
611 4151 769 4206 enim
825 4157 975 4207 Deus
1023 4167 1137 4206 non
1187 4154 1298 4218 est,
1338 4150 1695 4221 baptismum
1749 4163 1918 4219 porro

267 4241 562 4297 imminui
622 4256 727 4296 nec
785 4258 890 4314 ego
935 4241 1174 4314 quidem
1222 4240 1387 4297 fero:
1447 4241 1591 4297 Unus
1637 4241 1919 4306 Dominus,

269 4347 388 4386 una
423 4331 595 4393 fides;
650 4348 822 4387 unum
884 4332 1166 4402 baptisma
1205 4328 1271 4386 ιι.
1327 4329 1488 4392 Quod
1524 4328 1669 4383 mihi
1700 4327 1747 4383 si
1782 4344 1919 4383 con-

265 4421 491 4476 feratur
525 4420 782 4490 irritum,
840 4421 960 4488 ubi,
1007 4435 1226 4490 quaeso,
1275 4418 1519 4474 alterum
1557 4418 1863 4474 nanciscar
1894 4416 1922 4470 τ

268 4510 433 4574 Quod
471 4509 662 4564 dicitis
694 4510 720 4564 ?
754 4511 905 4565 Heus
934 4525 1037 4564 vos
1061 4508 1162 4580 qui
1184 4509 1544 4578 baptismum
1573 4507 1920 4576 pervertitis,

2013 3296 2238 3352 expers,
2265 3277 2536 3350 simplex,
2562 3277 3175 3350 supersubstantialis,
3199 3275 3574 3348 impartibilis
3599 3280 3653 3330 et

2011 3366 2408 3425 indivieibilis.
2468 3368 2679 3423 Eadem
2738 3367 2936 3422 unitas
2992 3371 3050 3422 et
3095 3367 3352 3423 Trinitas
3397 3384 3409 3422 :
3453 3367 3655 3421 eadem

2012 3463 2132 3514 tota
2168 3458 2384 3523 unitas,
2417 3461 2472 3512 et
2499 3461 2618 3512 tota
2647 3457 2904 3511 Trinitas
2941 3472 2953 3510 :
2987 3456 3191 3511 eadem
3223 3460 3344 3510 tota
3376 3455 3653 3518 unitas,si

2015 3547 2302 3616 essentia,
2329 3546 2529 3602 eadem
2554 3551 2676 3601 tota
2705 3545 2984 3612 Trinitas,
3018 3547 3064 3599 si
3100 3561 3477 3616 personarum
3514 3543 3658 3596 ratio

2016 3638 2321 3694 habeatur.
2369 3640 2540 3691 Pater
2589 3639 2645 3690 et
2687 3635 2870 3689 Filius
2903 3641 2960 3688 et
2988 3633 3242 3706 Spiritus
3275 3636 3533 3696 sanctus,
3568 3631 3656 3683 Di-

2017 3727 2230 3782 vinitas
2277 3725 2502 3782 eadem.
2549 3723 2803 3795 Quaque
2856 3723 3010 3777 Patri
3061 3727 3117 3776 et
3149 3721 3288 3775 Filio
3320 3724 3376 3774 et
3416 3717 3660 3790 Spiritui

2021 3821 2222 3872 sancto
2271 3814 2544 3869 divinitas
2594 3812 2769 3880 inest,
2810 3811 3009 3866 eadem
3056 3814 3174 3864 tota
3222 3809 3279 3862 in
3322 3808 3489 3861 Patre
3516 3810 3660 3871 toto,

2022 3912 2196 3976 atque
2217 3903 2476 3959 vicissim
2493 3901 2678 3956 eidem
2706 3901 2805 3955 toti
2851 3900 3013 3954 Pater
3051 3902 3208 3952 totus
3240 3897 3414 3950 inest.
3451 3895 3663 3948 Eadem

2025 3998 2143 4048 tota
2169 3995 2226 4047 in
2261 3996 2378 4046 toto
2413 3988 2576 4055 Filio,
2611 3991 2784 4056 atque
2806 3990 2963 4040 totus
2985 3985 3045 4039 in
3077 3984 3279 4038 eadem
3312 3988 3434 4038 tota
3463 3981 3664 4036 Filius.

2027 4083 2240 4137 Eadem
2272 4085 2394 4135 tota
2422 4078 2480 4132 in
2513 4080 2630 4130 toto
2655 4075 2868 4145 Spiritu
2906 4077 3127 4138 sancto,
3181 4075 3355 4142 atque
3404 4075 3559 4125 totus
3611 4069 3671 4124 in

2029 4169 2230 4227 eadem
2269 4171 2385 4222 tota
2423 4164 2672 4237 Spiritus
2713 4165 2976 4218 sanctus.
3031 4161 3230 4232 Neque
3275 4177 3343 4215 ex
3397 4167 3557 4232 parte
3612 4157 3672 4212 in

2029 4263 2194 4316 Patre
2245 4253 2525 4310 Divinitas
2584 4256 2693 4320 est,
2727 4249 2816 4307 vel
2856 4267 2923 4307 ex
2955 4254 3115 4316 parte
3157 4253 3324 4305 Pater
3365 4255 3518 4314 Deus
3567 4255 3675 4312 est,

2031 4363 2220 4417 neque
2245 4361 2312 4400 ex
2365 4347 2527 4414 parte
2588 4339 2869 4396 Divinitas
2913 4339 3055 4394 Filio
3088 4339 3260 4404 inest,
3297 4336 3382 4392 vel
3415 4353 3483 4392 ex
3517 4339 3674 4407 parte

2036 4433 2214 4490 Filius
2270 4431 2422 4485 Deus
2480 4433 2590 4496 est,
2653 4443 2841 4498 neque
2890 4442 2958 4480 ex
3017 4429 3178 4496 parte
3240 4423 3394 4479 inest
3435 4421 3678 4496 Spiritui

2037 4525 2234 4577 sancto
2295 4516 2599 4584 Divinitas,
2659 4514 2744 4570 vel
2802 4531 2869 4569 ex
2925 4518 3087 4584 parte
3148 4513 3399 4583 Spiritus
3443 4518 3678 4566 sanctus

271 4615 378 4656 seu
408 4598 816 4669 rebaptizatis!
861 4599 1064 4654 fierine
1103 4601 1313 4668 potest,
1348 4602 1409 4652 ut
1442 4597 1574 4668 quis
1605 4596 1908 4668 spiritualit

2031 4615 2184 4663 Deus
2232 4610 2340 4661 est.
2396 4604 2510 4661 Nec
2558 4604 2714 4659 enim
2779 4601 3073 4670 partitioni
3115 4598 3396 4655 Divinitas
3428 4598 3678 4653 obnoxia

274 4689 406 4744 sine
449 4687 666 4758 Spiritu
715 4687 942 4743 dicatur
969 4687 997 4742 τ
1048 4694 1134 4742 An
1175 4703 1306 4742 vero
1336 4687 1590 4758 Spiritus
1627 4687 1920 4757 particeps

272 4776 374 4832 ille
405 4775 504 4841 sit,
534 4779 634 4848 qui
680 4777 963 4848 Spiritum
1012 4793 1126 4832 non
1177 4780 1488 4831 veneratur
1515 4776 1542 4830 ?
1591 4776 1721 4830 Isne
1754 4791 1922 4845 porro

272 4865 557 4938 Spiritum
590 4869 920 4932 veneratur,
956 4865 1056 4937 qui
1103 4865 1160 4920 in
1218 4869 1498 4920 creature
1544 4865 1926 4934 conservique

275 4955 514 5012 nomine
547 4956 878 5028 baptizatus
903 4958 992 5011 est
1019 4954 1045 5009 ?
1077 4955 1392 5027 Nunquam
1424 4953 1928 5026 certe,quamlibet

278 5043 470 5100 multa
499 5044 678 5111 dicas,
715 5061 1020 5116 nunquam
1064 5045 1122 5100 id
1151 5044 1558 5117 persuadebis.
1591 5043 1715 5099 Non
1747 5048 1800 5098 te
1824 5043 1930 5098 fal-

279 5134 420 5197 lam,
458 5150 490 5188 o
549 5134 820 5206 principii
864 5150 1067 5204 expers
1103 5134 1288 5190 Pater.
1342 5137 1466 5189 Non
1512 5137 1568 5188 te
1619 5133 1842 5197 fallam,
1893 5149 1924 5187 o

284 5223 657 5294 unigenitum
716 5223 995 5278 Verbum.
1057 5223 1182 5278 Non
1242 5228 1297 5278 te
1351 5221 1569 5288 fallam,
1616 5220 1930 5292 oSpiritus

281 5315 506 5368 sancte.
538 5313 668 5368 Scio
691 5311 831 5383 quid
861 5313 1165 5368 confessus
1190 5312 1326 5380 sim,
1358 5328 1393 5366 a
1423 5327 1532 5380 quo
1567 5310 1933 5377 desciverim,

283 5414 460 5471 quem
493 5402 730 5456 secutus
763 5400 898 5456 sim.
933 5398 1058 5455 Non
1092 5397 1456 5455 committam
1491 5401 1556 5452 ut
1586 5397 1715 5452 viva
1743 5395 1931 5452 fidelis

358 5530 402 5567 “
432 5532 578 5603 Eph.
612 5549 690 5598 1v,
721 5533 774 5586 5.

359 5678 440 5750 (9)
471 5677 640 5734 Tom.
676 5677 927 5747 xxxvr,
963 5676 1070 5732 col.
1104 5677 1230 5731 236.

2032 4703 2138 4753 est.
2174 4696 2372 4766 Neque
2414 4694 2580 4749 Pater
2628 4701 2727 4748 aut
2781 4691 2984 4761 Filius,
3020 4693 3120 4745 aut
3149 4689 3403 4761 Spiritus
3435 4694 3678 4744 sanctus

2040 4788 2186 4842 Deus
2231 4788 2319 4838 est
2371 4783 2769 4853 imperfectus.
2818 4781 2930 4835 Sed
2980 4783 3098 4835 tota
3153 4778 3356 4833 eadem
3429 4777 3680 4848 perfecta

2036 4877 2290 4949 perfecte
2348 4873 2503 4927 Patri
2565 4872 2863 4942 perfecto:
2927 4873 3043 4923 tota
3118 4868 3374 4938 perfecta
3433 4863 3681 4934 perfecte

2039 4967 2182 5023 Filio
2210 4964 2460 5037 perfecto
2494 4980 2506 5016 :
2544 4964 2666 5016 tota
2694 4959 2946 5029 denique
2995 4958 3250 5028 perfecta
3302 4959 3574 5024 perfecte,
3630 4954 3687 5003 et

2039 5057 2237 5111 eadem
2283 5049 2528 5124 Spiritui
2572 5051 2770 5103 sancto
2817 5047 3070 5118 perfecto
3104 5044 3276 5097 inest.
3313 5043 3498 5095 Totus
3530 5037 3686 5093 enim

2039 5146 2142 5200 toti
2206 5143 2346 5198 Filio
2387 5145 2443 5195 ct
2488 5137 2728 5210 Spiritui
2781 5139 2982 5190 sancto
3020 5134 3272 5204 perfecte
3321 5129 3489 5184 Pater
3516 5127 3686 5183 inest.

2043 5237 2185 5291 Item
2244 5238 2401 5288 totus
2440 5230 2542 5286 toti
2595 5226 2750 5281 Patri
2805 5229 2860 5279 et
2904 5221 3146 5295 Spiritui
3194 5223 3394 5276 sancto
3436 5218 3686 5290 perfecte

2046 5324 2227 5379 Filius
2260 5321 2428 5376 inest.
2457 5321 2634 5372 Totus
2671 5314 2921 5384 denique
2969 5311 3071 5364 toti
3114 5309 3265 5364 Patri
3296 5313 3353 5363 et
3384 5306 3522 5362 Filio
3559 5323 3690 5377 per-

2045 5416 2192 5469 fecte
2227 5409 2482 5482 Spiritus
2523 5410 2762 5461 sanctus
2815 5403 2986 5456 inest.
3047 5399 3170 5456 Una
3217 5398 3368 5453 enim
3401 5401 3456 5453 et
3497 5396 3697 5456 eadem
