4066 6208
373 383 526 443 1135

1691 372 1996 434 ΝΙΟΕΤΕ
2038 374 2456 437 CHONIATAI

3627 373 3786 435 i136

374 512 564 570 Patris
596 515 652 566 et
683 508 814 565 Filii
846 511 902 562 et
929 505 1182 577 Spiritus
1215 504 1398 560 sancti
1431 504 1705 573 essentia,
1736 505 2014 575 potentia,
2047 510 2105 574 A
2134 523 2265 562 vero
2295 508 2591 563 internum
2643 523 2876 579 quoque
2925 506 3160 562 dicitur.
3211 505 3475 561 Tertium
3532 506 3791 577 denique

377 607 433 657 et
471 600 618 656 actio
650 602 758 654 est.
792 598 904 652 Nec
945 611 1146 651 eorum
1199 594 1510 665 quisquam
1564 593 1784 663 absque
1843 593 2021 650 altero

382 708 511 747 esse
552 693 654 744 aut
687 686 929 750 intelligi
963 689 1173 756 potest.

445 781 498 832 2.
535 777 829 847 Ejusdem.
863 773 967 828 Illa
985 773 1237 828 universi
1273 773 1462 843 opifex
1493 778 1702 827 sanctae
1725 771 2028 827 Trinitatis

382 866 636 924 essentia
664 864 786 920 sola
817 863 1086 934 simplex,
1120 861 1624 930 uniformis,nulla
1657 879 1712 917 re
1737 879 1937 934 egens,
1971 865 2030 916 et

381 954 773 1012 immutabilis
806 957 914 1008 est.
949 951 1154 1007 Omnis
1182 956 1376 1007 autem
1409 957 1677 1007 creatura
1700 953 2025 1022 composita

383 1050 492 1114 est,
520 1061 644 1116 quas
680 1043 958 1098 nimirum
990 1057 1058 1095 ex
1088 1041 1420 1095 substantia
1449 1045 1504 1096 et
1555 1041 1849 1096 accidente
1892 1057 2027 1096 con-

385 1139 522 1202 stet,
580 1133 783 1188 divinas
843 1130 1218 1204 providentiae
1290 1129 1504 1186 auxilio
1562 1147 1790 1202 semper
1848 1135 2028 1203 egeat,

387 1225 845 1294 haudquaquam
883 1220 1227 1276 mutationis
1259 1235 1481 1292 expers.
1516 1220 1764 1275 Proinde
1795 1235 1902 1275 nec
1943 1237 2030 1274 ac-

395 1313 596 1368 cidens
642 1313 774 1381 Deo,
824 1327 930 1366 nec
992 1310 1244 1382 qualitas
1293 1309 1679 1366 attribuenda.
1713 1314 1847 1364 Hice
1877 1312 2029 1366 enim

396 1402 570 1458 rebus
627 1399 969 1472 compositis
1026 1404 1084 1454 et
1137 1398 1445 1454 mutationi
1497 1399 1761 1454 obnoxiis
1793 1401 2030 1455 attribui

399 1491 606 1546 solent.
665 1490 1034 1558 Quaecunque
1091 1492 1285 1542 autem
1343 1491 1453 1542 Deo
1532 1489 1755 1558 insunt,
1825 1501 2036 1544 natura

395 1580 619 1646 insunt,
653 1595 767 1634 non
801 1582 1082 1647 tanquam
1117 1577 1404 1646 acquisita
1435 1582 1491 1631 et
1520 1577 1855 1632 adventitia.

463 1667 515 1721 3.
563 1666 859 1736 Ejusdem.
917 1663 999 1717 Ne
1047 1663 1282 1718 habitus
1332 1668 1388 1718 et
1418 1664 1772 1734 aptitudines
1803 1666 1860 1718 in
1894 1666 2036 1720 sim-

393 1755 531 1827 plici
563 1759 619 1808 et
648 1752 883 1806 infinita
927 1759 1141 1806 sanctas
1189 1751 1491 1806 Trinitatis
1534 1755 1786 1808 essentia
1826 1756 2034 1824 quaesi-

395 1844 587 1899 veris:
629 1859 700 1897 ne
732 1842 876 1896 forte
932 1842 1316 1911 compositam
1374 1840 1532 1896 illam
1582 1841 1928 1912 proﬁtearis,
1981 1847 2037 1898 ct
2067 1875 2113 1938 Β

393 1934 569 1988 rebus
602 1930 812 1985 creatis
843 1945 1172 1985 accenseas.

464 2021 516 2074 4.
551 2020 846 2085 Ejusdem.
909 2020 986 2073 Ex
1047 2020 1116 2073 iis
1154 2037 1283 2090 quae
1316 2028 1473 2087 sunt,
1502 2037 1700 2076 eorum
1736 2039 1861 2093 quae
1897 2027 2036 2079 sunt

394 2125 632 2164 causam
731 2109 1126 2180 dignoscimus
1225 2109 1529 2179 [nimirum
1612 2112 1881 2183 Patrem],
1969 2129 2037 2168 ex

395 2215 595 2254 eorum
630 2204 826 2254 autem
881 2215 1006 2269 quae
1065 2203 1204 2253 sunt
1261 2199 1605 2267 diti‘erentia,
1659 2201 1754 2255 illa
1785 2203 2035 2273 enbypo-

395 2291 570 2354 stata,
604 2287 713 2342 hoc
771 2291 880 2350 est,
929 2303 1030 2357 per
1088 2303 1149 2341 se
1207 2288 1558 2355 consistens,
1605 2291 1729 2359 ejus
1760 2291 1914 2361 quod
1949 2299 2036 2346 est

393 2379 702 2450 sapientia,
733 2394 938 2449 nempe
971 2378 1174 2445 Filius,
1201 2378 1367 2434 nobis
1392 2380 1717 2437 innotescit.
1753 2385 1830 2434 Ex
1863 2386 2034 2437 natu-

395 2467 502 2522 rali
535 2468 780 2537 denique
809 2483 1008 2523 eorum
1042 2486 1168 2538 quae
1201 2473 1341 2523 sunt
1373 2475 1551 2538 motu,
1587 2471 2032 2543 cnhypostatam

395 2572 627 2628 quoque
652 2572 752 2612 seu
788 2573 891 2627 per
919 2574 980 2611 se
1013 2557 1428 2613 consistentem
1477 2576 1676 2614 eorum
1724 2577 1852 2630 quae
1901 2565 2038 2616 sunt

392 2647 593 2714 vitam,
654 2651 712 2702 et
767 2647 1050 2702 vivificam
1111 2665 1310 2704 eorum
1363 2667 1491 2720 quae
1524 2658 1660 2706 sunt
1693 2653 2031 2723 potentiam,

392 2753 601 2808 nempe
631 2736 909 2808 Spiritum
939 2743 1209 2792 sanctum
1235 2739 1641 2811 intelligimus.

460 2829 513 2880 5.
551 2828 846 2899 Ejusdem.
878 2827 932 2881 Si
963 2829 1217 2884 Verbum
1243 2847 1444 2885 eorum
1476 2848 1601 2901 quae
1633 2836 1772 2886 sunt
1801 2849 2036 2904 genera-

391 2916 536 2971 tioni
569 2922 795 2987 praeest,
832 2917 1058 2971 nullum
1113 2935 1372 2988 unquam
1425 2919 1533 2974 hoc
1572 2920 1760 2976 Verbo
1791 2923 2031 2978 verbum

391 3006 694 3077 antiquius
728 3006 855 3073 fuit,
891 3005 1214 3061 futurumve
1244 3011 1352 3064 est.
1386 3008 1635 3063 Verbum
1686 3015 1880 3064 autem
1927 3029 2032 3068 nec

393 3093 606 3148 mentis
640 3110 860 3160 exsors,
916 3111 1021 3148 nec
1079 3095 1206 3147 vitae
1263 3103 1369 3161 est,
1420 3097 1520 3151 sed
1569 3099 1779 3154 mentis
1819 3105 1876 3154 et
1907 3100 2031 3155 vitae

389 3181 700 3254 particeps.
751 3181 1134 3238 Generantem
1168 3184 1322 3238 enim
1357 3190 1612 3240 mentem
1648 3186 1841 3258 habet,
1874 3205 2029 3259 qua:-

390 3287 504 3340 que
534 3271 623 3325 sui
657 3271 908 3326 essentia
930 3273 1211 3328 consistat
1242 3273 1520 3329 nimirum
1551 3276 1780 3332 Patrem
1816 3277 2032 3334 :habet

390 3361 448 3410 et
469 3356 642 3411 vitam
667 3357 758 3410 sui
781 3358 1486 3430 essentiaconsistentem,
1505 3362 1726 3418 scilicet
1747 3363 2028 3434 Spiritum

391 3449 682 3501 sanctum.

1049 3546 1199 3598 CAP.
1237 3543 1360 3600 XII.

392 3629 737 3706 Dmrygzsceni,
796 3647 894 3706 ac
925 3633 1172 3706 oratione
1230 3633 1300 3706 De
1356 3633 1520 3706 Patre
1566 3638 1616 3688 et
1656 3635 1796 3690 Filio
1825 3639 1874 3690 et
1903 3636 2026 3706 Spi-

459 3699 578 3774 ritu
598 3708 802 3774 sancto,
834 3700 1099 3757 distincta
1125 3705 1294 3757 simul
1314 3710 1367 3758 et
1383 3705 1673 3774 conjuncta
1706 3699 2030 3763 Divim‘tdtis

638 3771 644 3780 ι

426 3783 430 3787 ι
459 3773 600 3826 ratio
630 3773 762 3842 (10).

460 3870 615 3925 Deus
672 3879 724 3926 et
774 3875 942 3927 Pater
991 3876 1101 3940 est,
1162 3874 1257 3944 qui
1319 3891 1549 3945 semper
1588 3876 1885 3947 ingenitus
1919 3883 2026 3946 est,

388 3960 605 4031 quippe
665 3960 764 4031 qui
828 3979 860 4016 a
921 3962 1081 4017 nullo
1138 3963 1374 4034 genitus
1423 3970 1776 4020 coaeternum
1814 3967 2027 4022 Filium

385 4049 672 4120 genuerit.
727 4054 875 4104 Deus
920 4055 976 4105 et
1014 4050 1190 4106 Filius
1241 4059 1351 4118 est,
1396 4054 1494 4123 qui
1528 4071 1657 4109 cum
1687 4054 1850 4111 Patre
1883 4073 2030 4112 sem-

387 4155 490 4207 per
520 4143 629 4206 est,
653 4140 724 4194 ab
756 4139 974 4212 illoque
1023 4142 1149 4196 sine
1197 4147 1459 4214 tempore
1490 4149 1868 4214 sempiterno,
1903 4146 2029 4202 sine

389 4225 548 4282 ﬂuxu
604 4227 1046 4299 imperturbate,
1101 4237 1153 4284 et
1203 4230 1328 4286 sine
1377 4231 1736 4302 sejunctione
1777 4235 1848 4289 ab
1880 4235 2027 4306 ipso,

385 4316 641 4388 genitus.
691 4318 841 4373 Deus
890 4319 1138 4389 denique
1195 4319 1452 4390 Spiritus
1521 4325 1784 4389 sanctus,
1845 4323 2026 4379 virtus

387 4407 786 4473 sanctificans,
821 4424 946 4479 quas
976 4425 1076 4478 per
1106 4425 1167 4464 se
1198 4409 1488 4478 subsistit,
1533 4426 1567 4464 a
1601 4409 1764 4466 Patre
1795 4416 1851 4466 et
1886 4412 2026 4467 Filio

386 4495 665 4567 procedit,
724 4499 781 4549 et
832 4496 889 4550 in
949 4495 1092 4551 Filio
1139 4499 1523 4568 conquiescit,
1585 4501 1845 4570 ejusdem
1889 4518 2024 4557 cum

2137 596 2444 665 profertur.
2503 596 2758 668 Spiritus
2811 597 2983 651 etiam
3047 594 3354 664 multiplex
3383 602 3468 649 est
3503 595 3796 666 acceptio.

2137 683 2282 737 Nam
2314 691 2368 739 et
2395 684 2649 755 Spiritus
2681 690 2921 739 sanctus
2953 687 3040 738 est
3073 699 3086 751 ;
3123 688 3179 737 et
3224 681 3559 753 spirituales
3614 683 3798 736 facul-

2137 778 2284 828 tates
2314 772 2626 844 spirituum
2682 774 2918 829 nomine
2957 773 3359 843 designantur.
3413 772 3666 841 Spiritus
3700 773 3790 826 in—

2137 878 2311 931 super
2333 879 2434 934 pro
2457 864 2663 935 angelo
2689 862 3006 930 bono,item
3029 866 3086 917 et
3117 879 3218 932 pro
3242 861 3505 916 diemone
3531 863 3791 933 capitur.

2137 950 2389 1022 Spiritus
2422 952 2557 1006 item
2593 952 2790 1007 anima
2819 956 2928 1007 est.
2983 950 3312 1022 Aliquando
3345 951 3520 1006 etiam
3557 950 3791 1005 intelle-

2139 1045 2287 1110 ctus,
2321 1046 2554 1109 ventus,
2586 1059 2702 1110 aer,
2735 1047 2790 1096 et
2819 1045 3024 1097 caetera
3052 1039 3109 1094 id
3151 1056 3338 1112 genus
3389 1038 3638 1111 spiritus
3687 1057 3790 1110 ap-

2140 1128 2454 1199 pellantur.

2775 1246 2932 1302 CAP.
2985 1245 3141 1300 XIII.

2141 1361 2346 1415 Eadem
2403 1361 2474 1416 de
2511 1378 2594 1427 re,
2647 1363 2738 1415 Ea:
2792 1360 2964 1416 variis
3016 1359 3292 1414 Palribus.
3375 1359 3669 1430 [Perfecta
3738 1363 3796 1411 in

2304 1432 2426 1487 Trin
2437 1433 2571 1488 irate
2591 1447 2861 1502 personae,
2896 1432 2955 1486 in
2985 1447 3041 1487 se
3066 1430 3320 1486 vicissim
3342 1429 3626 1498 singula]

2217 1568 2267 1621 1.
2292 1566 2617 1622 Exduabus
2641 1567 2910 1638 perfectis
2934 1566 3480 1638 hypostasibus,seu
3502 1564 3799 1635 personis,

2147 1655 2490 1723 compositio
2523 1655 2646 1709 ﬁeri
2678 1671 2792 1710 non
2837 1660 3048 1725 potest.
3089 1655 3339 1709 Proinde
3380 1655 3628 1724 speciem
3692 1670 3797 1708 ne-

2149 1758 2444 1814 quaquam
2473 1759 2540 1798 ex
2571 1744 2860 1814 personis,
2895 1743 2994 1798 sed
3027 1742 3087 1797 in
3120 1743 3389 1814 personis
3416 1743 3690 1798 dicimus.
3721 1743 3801 1796 Ex

2147 1850 2260 1904 quo
2296 1834 2382 1900 tit,
2417 1839 2476 1889 ut
2535 1835 2817 1905 perfectas
2867 1835 3106 1905 quidem
3164 1842 3361 1889 sancta
3411 1834 3466 1888 in
3508 1833 3802 1888 Trinitate

2147 1940 2426 1992 personas
2459 1923 2746 1988 dicamus,
2778 1939 2848 1978 ne
2898 1923 3238 1993 compositio
3288 1924 3346 1978 in
3391 1923 3508 1978 illis
3539 1922 3653 1977 ulla
3689 1938 3802 1977 co—

2145 2011 2382 2081 gitetur.
2434 2011 2550 2066 Has
2597 2018 2786 2067 autem
2832 2011 2888 2066 in
2937 2028 2997 2067 se
3043 2011 3302 2066 vicissim
3336 2012 3623 2083 singulas,
3660 2027 3802 2082 pro-

2145 2105 2271 2169 pter
2302 2104 2574 2155 mutuum
2608 2117 2809 2156 earum
2845 2100 3109 2155 habitum
3142 2100 3300 2155 inter
3332 2117 3394 2155 se
3435 2107 3612 2171 atque
3656 2099 3801 2154 reia-

2144 2189 2361 2245 tionem
2411 2190 2757 2245 asserimus.
2798 2189 2945 2254 Quia
2999 2188 3177 2244 etiam
3222 2205 3326 2244 nec
3357 2189 3794 2252 circumscribi,

2144 2293 2249 2333 nec
2279 2277 2403 2332 loco
2438 2278 2718 2334 contineri
2771 2282 3041 2349 possunt,
3088 2278 3228 2349 quia
3258 2277 3513 2349 denique
3545 2294 3666 2332 una
3695 2293 3787 2332 eo-

2144 2384 2273 2422 rum
2306 2368 2623 2439 eademque
2647 2367 2931 2423 Divinitas
2961 2374 3068 2423 est.

2211 2457 2266 2511 2.
2299 2456 2361 2510 In
2395 2457 2672 2511 omnibus
2701 2457 2875 2511 rebus
2898 2457 3132 2522 creatis,
3161 2472 3542 2528 personarum
3578 2455 3790 2511 divisio

2141 2561 2202 2600 re
2259 2546 2386 2616 ipsa
2442 2545 2918 2617 deprehenditur.
2978 2545 3122 2602 Nam
3188 2563 3247 2600 re
3301 2547 3429 2617 ipsa
3468 2544 3720 2600 Michael
3763 2563 3796 2599 a

2144 2632 2426 2702 Gabriele,
2460 2639 2666 2689 Petrus
2697 2652 2729 2690 a
2761 2634 2938 2689 Paulo
2971 2636 3273 2704 sejunctus
3319 2639 3426 2696 est.
3476 2639 3534 2688 et
3587 2641 3795 2688 caetera

2142 2723 2344 2777 eodem
2380 2724 2564 2778 modo.
2599 2723 2760 2786 Quod
2792 2740 2925 2778 vero
2957 2740 3271 2779 commune
3303 2724 3360 2778 in
3392 2723 3484 2777 his
3515 2729 3574 2777 et
3607 2741 3796 2778 unum

2142 2811 2314 2877 est,id
2339 2812 2692 2882 cogitatione
2713 2811 3243 2883 dignoscitur.Sola
3264 2812 3423 2867 enim
3440 2812 3800 2882 cogitatione

2145 2899 2540 2971 angelitatem,
2572 2901 2731 2955 verbi
2761 2901 2969 2971 gratia,
2994 2906 3051 2955 et
3071 2900 3525 2970 humanitatem,
3550 2901 3661 2955 hoc
3685 2907 3798 2966 est,

2142 3005 2511 3044 communem
2536 2990 2877 3060 angelorum
2912 2998 2964 3043 et
2991 2990 3294 3044 hominum
3346 2989 3640 3046 notionem
3695 3006 3794 3043 co-

2141 3079 2498 3150 gnoscimus.
2558 3080 2636 3133 At
2691 3079 2750 3133 in
2807 3079 3007 3134 divina
3054 3079 3336 3134 Trinitate
3387 3096 3560 3134 secus
3607 3095 3673 3134 se
3707 3096 3796 3133 res

2142 3167 2337 3224 habet.
2390 3168 2552 3232 Quod
2601 3168 2756 3223 enim
2816 3169 2874 3223 in
2929 3183 2998 3223 ea
3029 3184 3338 3224 commune
3368 3173 3426 3224 et
3458 3185 3648 3223 unum
3681 3175 3792 3234 est,

2061 3229 2104 3296 ϐ
2143 3261 2200 3316 id
2261 3275 2322 3314 re
2380 3229 2509 3330 ipsa
2557 3260 2926 3332 perspicitur.
2990 3260 3134 3318 Nam
3179 3277 3239 3315 re
3291 3261 3420 3332 ipsa
3449 3267 3574 3317 tres
3609 3229 3791 3315 unum

2139 3349 2342 3416 Deum,
2403 3367 2580 3405 unam
2631 3354 2689 3404 et
2745 3349 3013 3406 eamdem
3070 3351 3129 3404 in
3189 3351 3382 3406 tribus
3425 3355 3706 3406 naturam
3739 3357 3792 3405 et

2139 3439 2448 3503 actionem,
2501 3455 2679 3493 unam
2727 3439 2980 3509 denique
3035 3443 3092 3494 et
3123 3441 3388 3495 eamdem
3421 3440 3789 3495 voluntatem

2138 3545 2266 3584 esse
2295 3532 2452 3583 certo
2483 3529 2726 3583 scimus.
2761 3528 3152 3584 Personarum
3187 3532 3384 3583 autem
3417 3529 3630 3584 divisio
3653 3529 3787 3584 sim-

2139 3616 2275 3688 plici
2332 3621 2388 3672 et
2437 3617 2595 3672 nuda
2646 3617 2996 3688 cogitatione
3044 3615 3416 3688 intelligitur.
3476 3617 3595 3674 Nec
3627 3617 3782 3672 enim

2139 3722 2266 3761 eam
2335 3706 2964 3777 circumscriptionem,
3030 3722 3144 3777 qua
3219 3722 3481 3778 personas
3543 3707 3786 3763 circum-

2139 3795 2314 3850 scribi
2343 3797 2553 3862 solent,
2588 3811 2778 3866 neque
2807 3793 3202 3860 intervallum,
3234 3811 3352 3866 quo
3401 3794 3572 3850 locus
3602 3813 3634 3850 a
3664 3796 3786 3850 loco

2141 3883 2516 3955 disjungitur,
2547 3901 2651 3939 nec
2681 3884 2857 3939 aliam
2891 3883 3068 3939 ullam
3101 3900 3171 3939 ex
3194 3883 3269 3939 iis
3301 3884 3786 3956 proprietatibus,

2139 3973 2348 4042 quibus
2378 3972 2609 4044 singula
2640 3974 2762 4028 suis
2785 3973 2951 4044 quasi
2982 3973 3199 4028 finibus
3236 3975 3641 4040 continentur,
3695 3974 3787 4028 hic

2138 4060 2462 4133 intelligere
2508 4065 2609 4115 aut
2655 4061 2910 4132 cogitare
2958 4061 3263 4116 audemus.
3335 4063 3554 4118 Preter
3604 4067 3788 4133 pater-

2139 4150 2400 4216 nitatem,
2470 4149 2836 4217 filiationem,
2895 4153 2951 4204 et
3003 4151 3460 4220 processionem,
3519 4168 3626 4206 seu
3689 4167 3787 4205 no-

2137 4238 2325 4295 tiones
2355 4255 2473 4305 eas,
2543 4239 2756 4310 quibus
2814 4237 2983 4293 Pater
3029 4238 3277 4309 genitor,
3312 4237 3496 4293 Filius
3525 4241 3786 4311 genitus,

2137 4333 2196 4385 et
2251 4328 2506 4400 Spiritus
2556 4329 2875 4400 procedens
2955 4328 3320 4398 intelligitur.
3395 4331 3590 4400 Atque
3666 4330 3783 4385 hac

2135 4417 2370 4487 quidem
2415 4417 2824 4488 hujuscemodi
2875 4417 3098 4473 ratione
3148 4417 3320 4485 fiunt,
3353 4435 3480 4489 qua:
3516 4424 3783 4474 naturam

2137 4511 2194 4562 et
2223 4506 2540 4562 essentiam
2591 4522 3009 4577 quamcunque
3042 4504 3208 4561 facile
3237 4512 3496 4575 superat.
3531 4508 3779 4563 Proinde

385 4587 554 4636 Patre
613 4582 870 4652 Filioque
925 4585 1287 4638 substantiae.
1364 4585 1618 4642 Verbum
1694 4597 1801 4656 est,
1874 4592 2026 4660 quod
2059 4603 2104 4668 ι)
2140 4595 2319 4650 Deum
2351 4611 2533 4650 unum
2565 4611 2662 4650 eos
2695 4611 2823 4650 esse
2845 4593 3255 4662 dicimus,cum
3284 4595 3408 4649 ﬁeri
3442 4613 3557 4650 non
3583 4597 3787 4667 possit,

385 4669 846 4725 substantialiter
873 4670 1023 4727 Patri
1069 4688 1295 4743 semper
1335 4675 1519 4729 adest.
1571 4677 1823 4731 Verbum
1883 4679 2019 4734 item

386 4762 495 4828 est,
557 4759 843 4814 naturalis
908 4765 1123 4828 motus,
1185 4777 1299 4831 quo
1359 4763 1594 4818 animus
1651 4764 1778 4835 ipse
1829 4784 2023 4824 move-

2138 4690 2200 4740 ut
2246 4686 2498 4757 perfecte
2536 4688 2707 4754 atque
2761 4701 2820 4740 re
2867 4684 2993 4756 ipsa
3015 4701 3214 4740 eorum
3245 4700 3527 4756 personas
3559 4687 3786 4740 divida-

2137 4790 2292 4842 mus,
2325 4789 2453 4845 qua:
2504 4774 2630 4828 sine
2677 4773 2962 4828 divisione
3011 4773 3372 4839 dividuntur,
3414 4779 3473 4829 et
3493 4773 3620 4830 sine
3653 4792 3788 4830 con-

383 4851 499 4914 tur,
565 4847 859 4919 intelligit,
925 4853 980 4903 et
1027 4849 1263 4921 cogitat,
1324 4851 1463 4920 quia
1512 4852 1789 4908 nimirum
1837 4855 2024 4924 ipsius
2129 4863 2435 4934 junctione
2487 4862 2948 4933 conjunguntur,
3028 4868 3267 4934 propter
3342 4863 3651 4920 divisionis
3730 4871 3786 4920 et

382 4936 553 5008 quasi
612 4936 702 4993 lex
754 4943 806 4992 et;
855 4937 1131 5009 splendor
1182 4938 1426 4995 exsistit.
1459 4939 1712 4996 Verbum
1747 4949 2026 5014 praeterea

381 5027 795 5094 est,intcrnum
815 5044 1048 5100 quoque
1070 5027 1399 5100 illud,quod
1425 5030 1481 5084 in
1506 5031 1678 5086 corde
1705 5032 2022 5104 loquimur.

380 5116 618 5183 Adhazc,
650 5117 889 5172 verbum
921 5122 1028 5184 est,
1062 5119 1243 5174 animi
1275 5119 1541 5188 nuntius,
1575 5121 1819 5178 Verbum
1848 5123 2024 5193 igitur

383 5209 533 5260 Deus
588 5207 844 5261 essentia
890 5223 998 5262 sua
1050 5211 1106 5262 et
1136 5208 1434 5280 hypostasi
1469 5195 1703 5280 propria
1732 5212 2021 5270 consistit.

379 5297 598 5350 Caetera
648 5296 758 5351 tria
829 5297 1004 5352 verba
1083 5297 1387 5353 facultates
1450 5298 1629 5354 animi
1676 5305 1834 5369 sunt,
1896 5319 2023 5374 qua:

381 5385 617 5452 propria
651 5384 706 5438 in
729 5385 1026 5456 hypostasi
1058 5385 1522 5458 haudquaquam
1553 5390 2020 5449 considerantur.

382 5468 639 5532 Quorum
673 5473 925 5542 primum
958 5475 1142 5530 animi
1176 5476 1433 5533 naturale
1465 5494 1705 5548 germen
1728 5485 1837 5547 est,
1871 5483 2023 5552 quod

385 5573 617 5627 semper
664 5561 734 5615 ab
787 5562 914 5632 ipso
973 5565 1319 5622 naturaliter
1377 5567 1633 5638 proﬂuit.
1685 5569 2022 5628 Secundum

453 5675 568 5747 (10)
597 5674 756 5732 Tom.
793 5676 987 5748 XCIV,
1021 5681 1128 5737 col.
1161 5681 1286 5738 856.

2133 4951 2566 5022 oonjunctionis
2599 4968 2803 5008 eorum
2831 4953 3138 5020 rationem,
3171 4970 3297 5024 quas
3328 4969 3396 5008 ea
3426 4959 3538 5020 est,
3586 4962 3648 5009 ut
3682 4972 3783 5010 na-

2135 5045 2268 5096 tura
2299 5057 2650 5113 quacunque
2680 5045 2736 5097 et
2767 5043 3025 5098 essentia
3053 5040 3224 5113 longe
3270 5045 3646 5114 praestantior
3692 5045 3786 5099 sit.

2208 5132 2261 5186 3.
2295 5131 2752 5203 Distinguuntur
2803 5131 3171 5204 hypostases,
3226 5149 3338 5187 non
3392 5133 3659 5188 essentia:
3691 5151 3783 5188 ra-

2137 5220 2314 5286 tione,
2360 5222 2460 5276 sed
2516 5221 3121 5277 characteristicarum
3185 5223 3628 5293 proprietatum,
3684 5225 3788 5278 hoc

2135 5315 2225 5365 est
2256 5315 2549 5379 notarum,
2600 5327 2727 5382 quas
2775 5312 3036 5382 personis
3075 5312 3300 5368 insunt.
3357 5313 3436 5367 Ex
3467 5331 3583 5384 quo
3610 5315 3698 5379 ﬁt,
3733 5323 3791 5370 ut

2135 5415 2202 5454 ex
2234 5400 2412 5455 rebus
2445 5401 2671 5466 creatis,
2715 5416 2841 5470 quae
2887 5400 2965 5456 sit
2997 5400 3184 5456 Patris
3206 5406 3262 5456 et
3281 5401 3410 5455 Filii
3436 5407 3494 5456 et
3527 5402 3788 5473 Spiritus

2135 5488 2345 5556 sancti,
2385 5505 2483 5544 seu
2517 5491 2884 5560 propriarum
2923 5494 3217 5560 notarum,
3251 5490 3585 5547 differentia
3613 5494 3793 5548 resci-

2134 5592 2393 5647 scamus,
2429 5581 2766 5633 naturarum
2841 5594 2938 5634 ero
2970 5595 3085 5635 non
3119 5579 3281 5637 item.
