  <div class='ocr_page' id='page_1' title='image "/cluster/home/n/w/nwhite01/storage/ocr_20150623/139/hvd.32044023361710/574.png"; bbox 0 0 4066 6208; ppageno 0'>
   <div class='ocr_carea' id='block_1_1' title="bbox 325 359 486 416">
    <p class='ocr_par' dir='ltr' id='par_1_1' title="bbox 325 359 486 416">
     <span class='ocr_line' id='line_1_1' title="bbox 325 359 486 416; baseline 0 0"><span class='ocrx_word' id='word_1_1' title='bbox 325 359 486 416; x_wconf 74' lang='grc'>1137</span> 
     </span>
    </p>
   </div>
   <div class='ocr_carea' id='block_1_2' title="bbox 993 495 1320 552">
    <p class='ocr_par' dir='ltr' id='par_1_2' title="bbox 993 495 1320 552">
     <span class='ocr_line' id='line_1_2' title="bbox 993 495 1320 552; baseline 0.006 -2"><span class='ocrx_word' id='word_1_2' title='bbox 993 495 1142 550; x_wconf 80' lang='lat' dir='ltr'>CAP.</span> <span class='ocrx_word' id='word_1_3' title='bbox 1185 497 1320 552; x_wconf 85' lang='lat' dir='ltr'>XIV.</span> 
     </span>
    </p>
   </div>
   <div class='ocr_carea' id='block_1_3' title="bbox 327 611 1983 685">
    <p class='ocr_par' dir='ltr' id='par_1_3' title="bbox 327 611 1983 685">
     <span class='ocr_line' id='line_1_3' title="bbox 327 611 1983 685; baseline 0.002 -20"><span class='ocrx_word' id='word_1_4' title='bbox 327 611 591 685; x_wconf 69' lang='lat' dir='ltr'>Essentiae</span> <span class='ocrx_word' id='word_1_5' title='bbox 615 619 860 678; x_wconf 67' lang='lat' dir='ltr'>naturae,</span> <span class='ocrx_word' id='word_1_6' title='bbox 892 628 1136 682; x_wconf 66' lang='lat' dir='ltr'>generis,</span> <span class='ocrx_word' id='word_1_7' title='bbox 1184 613 1410 684; x_wconf 75' lang='lat' dir='ltr'>speciei,</span> <span class='ocrx_word' id='word_1_8' title='bbox 1443 618 1493 669; x_wconf 76' lang='lat' dir='ltr'>et</span> <span class='ocrx_word' id='word_1_9' title='bbox 1549 617 1786 685; x_wconf 68' lang='lat' dir='ltr'>formae;</span> <span class='ocrx_word' id='word_1_10' title='bbox 1847 617 1983 670; x_wconf 80' lang='lat' dir='ltr'>item</span> 
     </span>
    </p>
   </div>
   <div class='ocr_carea' id='block_1_4' title="bbox 397 682 1980 772">
    <p class='ocr_par' dir='ltr' id='par_1_4' title="bbox 397 682 1980 772">
     <span class='ocr_line' id='line_1_4' title="bbox 397 682 1980 772; baseline 0.001 -36"><span class='ocrx_word' id='word_1_11' title='bbox 397 682 770 772; x_wconf 51' lang='lat' dir='ltr'>Qypostaseos,</span> <span class='ocrx_word' id='word_1_12' title='bbox 801 699 1064 754; x_wconf 70' lang='lat' dir='ltr'>personae,</span> <span class='ocrx_word' id='word_1_13' title='bbox 1095 682 1453 751; x_wconf 72' lang='lat' dir='ltr'>characteris,</span> <span class='ocrx_word' id='word_1_14' title='bbox 1483 682 1844 742; x_wconf 54' lang='lat' dir='ltr'>et&#39;indiuidui</span> <span class='ocrx_word' id='word_1_15' title='bbox 1867 686 1980 738; x_wconf 83' lang='grc' dir='ltr'>ἰσο-</span> 
     </span>
    </p>
   </div>
   <div class='ocr_carea' id='block_1_5' title="bbox 400 769 651 824">
    <p class='ocr_par' dir='ltr' id='par_1_5' title="bbox 400 769 651 824">
     <span class='ocr_line' id='line_1_5' title="bbox 400 769 651 824; baseline 0.004 -18"><span class='ocrx_word' id='word_1_16' title='bbox 400 769 651 824; x_wconf 58' lang='lat' dir='ltr'>cunmm.</span> 
     </span>
    </p>
   </div>
   <div class='ocr_carea' id='block_1_6' title="bbox 395 871 1975 947">
    <p class='ocr_par' dir='ltr' id='par_1_6' title="bbox 395 871 1975 947">
     <span class='ocr_line' id='line_1_6' title="bbox 395 871 1975 947; baseline 0.004 -22"><span class='ocrx_word' id='word_1_17' title='bbox 395 872 448 925; x_wconf 84' lang='grc'><strong>4.</strong></span> <span class='ocrx_word' id='word_1_18' title='bbox 482 871 772 938; x_wconf 86' lang='lat' dir='ltr'>Essentia,</span> <span class='ocrx_word' id='word_1_19' title='bbox 805 877 1030 940; x_wconf 84' lang='lat' dir='ltr'>natura,</span> <span class='ocrx_word' id='word_1_20' title='bbox 1090 890 1293 943; x_wconf 79' lang='lat' dir='ltr'>genus,</span> <span class='ocrx_word' id='word_1_21' title='bbox 1355 877 1601 947; x_wconf 82' lang='lat' dir='ltr'>species,</span> <span class='ocrx_word' id='word_1_22' title='bbox 1661 882 1717 932; x_wconf 85' lang='lat' dir='ltr'>et</span> <span class='ocrx_word' id='word_1_23' title='bbox 1770 878 1975 943; x_wconf 84' lang='lat' dir='ltr'>forma,</span> 
     </span>
    </p>
   </div>
   <div class='ocr_carea' id='block_1_7' title="bbox 325 961 1974 1037">
    <p class='ocr_par' dir='ltr' id='par_1_7' title="bbox 325 961 1974 1037">
     <span class='ocr_line' id='line_1_7' title="bbox 325 961 1974 1037; baseline 0.004 -22"><span class='ocrx_word' id='word_1_24' title='bbox 325 961 423 1015; x_wconf 91' lang='lat' dir='ltr'>ubi</span> <span class='ocrx_word' id='word_1_25' title='bbox 457 962 526 1016; x_wconf 90' lang='lat' dir='ltr'>de</span> <span class='ocrx_word' id='word_1_26' title='bbox 557 961 673 1016; x_wconf 90' lang='lat' dir='ltr'>Deo</span> <span class='ocrx_word' id='word_1_27' title='bbox 704 962 918 1033; x_wconf 85' lang='lat' dir='ltr'>agitur,</span> <span class='ocrx_word' id='word_1_28' title='bbox 953 963 1107 1019; x_wconf 91' lang='lat' dir='ltr'>idem</span> <span class='ocrx_word' id='word_1_29' title='bbox 1132 965 1489 1037; x_wconf 78' lang='lat' dir='ltr'>signiﬁcant,</span> <span class='ocrx_word' id='word_1_30' title='bbox 1525 972 1587 1022; x_wconf 92' lang='lat' dir='ltr'>ut</span> <span class='ocrx_word' id='word_1_31' title='bbox 1616 967 1836 1023; x_wconf 88' lang='lat' dir='ltr'>sanctis</span> <span class='ocrx_word' id='word_1_32' title='bbox 1867 971 1974 1022; x_wconf 89' lang='lat' dir='ltr'>Pa-</span> 
     </span>
    </p>
   </div>
   <div class='ocr_carea' id='block_1_8' title="bbox 324 1048 1975 1126">
    <p class='ocr_par' dir='ltr' id='par_1_8' title="bbox 324 1048 1975 1126">
     <span class='ocr_line' id='line_1_8' title="bbox 324 1048 1975 1126; baseline 0.005 -24"><span class='ocrx_word' id='word_1_33' title='bbox 324 1048 512 1104; x_wconf 87' lang='lat' dir='ltr'>tribus</span> <span class='ocrx_word' id='word_1_34' title='bbox 545 1050 752 1120; x_wconf 80' lang='lat' dir='ltr'>placet.</span> <span class='ocrx_word' id='word_1_35' title='bbox 792 1050 934 1105; x_wconf 84' lang='lat' dir='ltr'>Item</span> <span class='ocrx_word' id='word_1_36' title='bbox 985 1051 1338 1123; x_wconf 80' lang='lat' dir='ltr'>hypostasis,</span> <span class='ocrx_word' id='word_1_37' title='bbox 1383 1071 1694 1126; x_wconf 87' lang='lat' dir='ltr'>prosopon,</span> <span class='ocrx_word' id='word_1_38' title='bbox 1746 1055 1854 1111; x_wconf 93' lang='lat' dir='ltr'>hoc</span> <span class='ocrx_word' id='word_1_39' title='bbox 1886 1059 1975 1110; x_wconf 90' lang='lat' dir='ltr'>est</span> 
     </span>
    </p>
   </div>
   <div class='ocr_carea' id='block_1_9' title="bbox 321 1140 1970 1215">
    <p class='ocr_par' dir='ltr' id='par_1_9' title="bbox 321 1140 1970 1215">
     <span class='ocr_line' id='line_1_9' title="bbox 321 1140 1970 1215; baseline 0.004 -23"><span class='ocrx_word' id='word_1_40' title='bbox 321 1154 590 1209; x_wconf 81' lang='lat' dir='ltr'>persona,</span> <span class='ocrx_word' id='word_1_41' title='bbox 623 1140 922 1194; x_wconf 84' lang='lat' dir='ltr'>character</span> <span class='ocrx_word' id='word_1_42' title='bbox 953 1158 1056 1194; x_wconf 86' lang='lat' dir='ltr'>seu</span> <span class='ocrx_word' id='word_1_43' title='bbox 1092 1147 1249 1208; x_wconf 92' lang='lat' dir='ltr'>nota,</span> <span class='ocrx_word' id='word_1_44' title='bbox 1283 1144 1631 1215; x_wconf 80' lang='lat' dir='ltr'>proprietas,</span> <span class='ocrx_word' id='word_1_45' title='bbox 1663 1151 1718 1200; x_wconf 89' lang='lat' dir='ltr'>et</span> <span class='ocrx_word' id='word_1_46' title='bbox 1759 1145 1970 1199; x_wconf 90' lang='lat' dir='ltr'>indivi-</span> 
     </span>
    </p>
   </div>
   <div class='ocr_carea' id='block_1_10' title="bbox 319 1228 1966 1304">
    <p class='ocr_par' dir='ltr' id='par_1_10' title="bbox 319 1228 1966 1304">
     <span class='ocr_line' id='line_1_10' title="bbox 319 1228 1966 1304; baseline 0.004 -23"><span class='ocrx_word' id='word_1_47' title='bbox 319 1228 500 1283; x_wconf 92' lang='lat' dir='ltr'>duum</span> <span class='ocrx_word' id='word_1_48' title='bbox 534 1245 635 1298; x_wconf 91' lang='lat' dir='ltr'>pro</span> <span class='ocrx_word' id='word_1_49' title='bbox 695 1229 895 1284; x_wconf 88' lang='lat' dir='ltr'>eodem</span> <span class='ocrx_word' id='word_1_50' title='bbox 949 1235 1284 1286; x_wconf 88' lang='lat' dir='ltr'>sumuntur.</span> <span class='ocrx_word' id='word_1_51' title='bbox 1338 1239 1524 1304; x_wconf 85' lang='lat' dir='ltr'><strong>Atque</strong></span> <span class='ocrx_word' id='word_1_52' title='bbox 1557 1235 1807 1289; x_wconf 85' lang='lat' dir='ltr'>essentia</span> <span class='ocrx_word' id='word_1_53' title='bbox 1839 1235 1966 1304; x_wconf 88' lang='lat' dir='ltr'>qui-</span> 
     </span>
    </p>
   </div>
   <div class='ocr_carea' id='block_1_11' title="bbox 315 1318 1965 1392">
    <p class='ocr_par' dir='ltr' id='par_1_11' title="bbox 315 1318 1965 1392">
     <span class='ocr_line' id='line_1_11' title="bbox 315 1318 1965 1392; baseline 0.005 -22"><span class='ocrx_word' id='word_1_54' title='bbox 315 1318 449 1370; x_wconf 88' lang='lat' dir='ltr'>dem</span> <span class='ocrx_word' id='word_1_55' title='bbox 475 1321 529 1370; x_wconf 90' lang='lat' dir='ltr'>et</span> <span class='ocrx_word' id='word_1_56' title='bbox 551 1323 762 1372; x_wconf 86' lang='lat' dir='ltr'>natura</span> <span class='ocrx_word' id='word_1_57' title='bbox 792 1319 861 1372; x_wconf 85' lang='lat' dir='ltr'>de</span> <span class='ocrx_word' id='word_1_58' title='bbox 887 1320 1163 1374; x_wconf 87' lang='lat' dir='ltr'>omnibus</span> <span class='ocrx_word' id='word_1_59' title='bbox 1185 1337 1251 1375; x_wconf 87' lang='lat' dir='ltr'>ex</span> <span class='ocrx_word' id='word_1_60' title='bbox 1277 1339 1439 1392; x_wconf 56' lang='lat' dir='ltr'>aquo</span> <span class='ocrx_word' id='word_1_61' title='bbox 1477 1323 1760 1392; x_wconf 76' lang='lat' dir='ltr'>subjectis</span> <span class='ocrx_word' id='word_1_62' title='bbox 1778 1340 1965 1378; x_wconf 88' lang='lat' dir='ltr'>enun-</span> 
     </span>
    </p>
   </div>
   <div class='ocr_carea' id='block_1_12' title="bbox 318 1405 1968 1482">
    <p class='ocr_par' dir='ltr' id='par_1_12' title="bbox 318 1405 1968 1482">
     <span class='ocr_line' id='line_1_12' title="bbox 318 1405 1968 1482; baseline 0.005 -24"><span class='ocrx_word' id='word_1_63' title='bbox 318 1405 733 1460; x_wconf 83' lang='lat' dir='ltr'>tiantur.Unde</span> <span class='ocrx_word' id='word_1_64' title='bbox 757 1407 910 1476; x_wconf 87' lang='lat' dir='ltr'>lit,ut</span> <span class='ocrx_word' id='word_1_65' title='bbox 931 1424 1129 1463; x_wconf 89' lang='lat' dir='ltr'>omnes</span> <span class='ocrx_word' id='word_1_66' title='bbox 1153 1410 1326 1464; x_wconf 90' lang='lat' dir='ltr'>unius</span> <span class='ocrx_word' id='word_1_67' title='bbox 1343 1409 1605 1466; x_wconf 62' lang='lat' dir='ltr'>essentia;</span> <span class='ocrx_word' id='word_1_68' title='bbox 1629 1416 1968 1482; x_wconf 70' lang='lat' dir='ltr'>naturaeque</span> 
     </span>
    </p>
   </div>
   <div class='ocr_carea' id='block_1_13' title="bbox 316 1494 1963 1568">
    <p class='ocr_par' dir='ltr' id='par_1_13' title="bbox 316 1494 1963 1568">
     <span class='ocr_line' id='line_1_13' title="bbox 316 1494 1963 1568; baseline 0.004 -20"><span class='ocrx_word' id='word_1_69' title='bbox 316 1494 454 1548; x_wconf 90' lang='lat' dir='ltr'>sint.</span> <span class='ocrx_word' id='word_1_70' title='bbox 491 1494 830 1565; x_wconf 83' lang='lat' dir='ltr'>Hypostasis</span> <span class='ocrx_word' id='word_1_71' title='bbox 856 1500 1047 1552; x_wconf 86' lang='lat' dir='ltr'>autem</span> <span class='ocrx_word' id='word_1_72' title='bbox 1098 1515 1369 1568; x_wconf 84' lang='lat' dir='ltr'>persona,</span> <span class='ocrx_word' id='word_1_73' title='bbox 1399 1504 1456 1554; x_wconf 88' lang='lat' dir='ltr'>et</span> <span class='ocrx_word' id='word_1_74' title='bbox 1484 1499 1875 1565; x_wconf 90' lang='lat' dir='ltr'>individuum,</span> <span class='ocrx_word' id='word_1_75' title='bbox 1906 1501 1963 1555; x_wconf 90' lang='lat' dir='ltr'>id</span> 
     </span>
    </p>
   </div>
   <div class='ocr_carea' id='block_1_14' title="bbox 314 1583 1962 1658">
    <p class='ocr_par' dir='ltr' id='par_1_14' title="bbox 314 1583 1962 1658">
     <span class='ocr_line' id='line_1_14' title="bbox 314 1583 1962 1658; baseline 0.005 -22"><span class='ocrx_word' id='word_1_76' title='bbox 314 1583 590 1653; x_wconf 80' lang='lat' dir='ltr'>est,quod</span> <span class='ocrx_word' id='word_1_77' title='bbox 629 1586 858 1654; x_wconf 84' lang='lat' dir='ltr'>proprie</span> <span class='ocrx_word' id='word_1_78' title='bbox 892 1602 992 1656; x_wconf 91' lang='lat' dir='ltr'>per</span> <span class='ocrx_word' id='word_1_79' title='bbox 1021 1603 1200 1658; x_wconf 88' lang='lat' dir='ltr'>seque</span> <span class='ocrx_word' id='word_1_80' title='bbox 1233 1587 1529 1655; x_wconf 85' lang='lat' dir='ltr'>subsistit,</span> <span class='ocrx_word' id='word_1_81' title='bbox 1578 1603 1684 1643; x_wconf 89' lang='lat' dir='ltr'>nec</span> <span class='ocrx_word' id='word_1_82' title='bbox 1725 1589 1962 1645; x_wconf 83' lang='lat' dir='ltr'>divisio-</span> 
     </span>
    </p>
   </div>
   <div class='ocr_carea' id='block_1_15' title="bbox 316 1674 1960 1749">
    <p class='ocr_par' dir='ltr' id='par_1_15' title="bbox 316 1674 1960 1749">
     <span class='ocr_line' id='line_1_15' title="bbox 316 1674 1960 1749; baseline 0.006 -24"><span class='ocrx_word' id='word_1_83' title='bbox 316 1689 451 1727; x_wconf 87' lang='lat' dir='ltr'>nem</span> <span class='ocrx_word' id='word_1_84' title='bbox 482 1674 630 1726; x_wconf 86' lang='lat' dir='ltr'>citra</span> <span class='ocrx_word' id='word_1_85' title='bbox 663 1674 914 1742; x_wconf 81' lang='lat' dir='ltr'>subjecti</span> <span class='ocrx_word' id='word_1_86' title='bbox 947 1676 1375 1747; x_wconf 79' lang='lat' dir='ltr'>corruptionem</span> <span class='ocrx_word' id='word_1_87' title='bbox 1416 1678 1720 1734; x_wconf 89' lang='lat' dir='ltr'>admittere</span> <span class='ocrx_word' id='word_1_88' title='bbox 1755 1683 1960 1749; x_wconf 83' lang='lat' dir='ltr'>potest.</span> 
     </span>
    </p>
   </div>
   <div class='ocr_carea' id='block_1_16' title="bbox 383 1762 1960 1839">
    <p class='ocr_par' dir='ltr' id='par_1_16' title="bbox 383 1762 1960 1839">
     <span class='ocr_line' id='line_1_16' title="bbox 383 1762 1960 1839; baseline 0.006 -25"><span class='ocrx_word' id='word_1_89' title='bbox 383 1764 437 1815; x_wconf 82' lang='lat'>5.</span> <span class='ocrx_word' id='word_1_90' title='bbox 492 1762 725 1833; x_wconf 87' lang='lat' dir='ltr'>Species</span> <span class='ocrx_word' id='word_1_91' title='bbox 775 1769 831 1818; x_wconf 89' lang='lat' dir='ltr'>et</span> <span class='ocrx_word' id='word_1_92' title='bbox 896 1765 1079 1820; x_wconf 79' lang='lat' dir='ltr'>forma</span> <span class='ocrx_word' id='word_1_93' title='bbox 1127 1766 1184 1820; x_wconf 92' lang='lat' dir='ltr'>in</span> <span class='ocrx_word' id='word_1_94' title='bbox 1257 1771 1460 1822; x_wconf 88' lang='lat' dir='ltr'>sancta</span> <span class='ocrx_word' id='word_1_95' title='bbox 1518 1768 1802 1823; x_wconf 88' lang='lat' dir='ltr'>Trinitate</span> <span class='ocrx_word' id='word_1_96' title='bbox 1859 1785 1960 1839; x_wconf 92' lang='lat' dir='ltr'>pro</span> 
     </span>
    </p>
   </div>
   <div class='ocr_carea' id='block_1_17' title="bbox 310 1853 2036 1932">
    <p class='ocr_par' dir='ltr' id='par_1_17' title="bbox 310 1853 2036 1932">
     <span class='ocr_line' id='line_1_17' title="bbox 310 1853 2036 1932; baseline 0.006 -28"><span class='ocrx_word' id='word_1_97' title='bbox 310 1853 512 1906; x_wconf 73' lang='lat' dir='ltr'>eodem</span> <span class='ocrx_word' id='word_1_98' title='bbox 546 1853 876 1923; x_wconf 88' lang='lat' dir='ltr'>capiuntur,</span> <span class='ocrx_word' id='word_1_99' title='bbox 937 1857 994 1908; x_wconf 88' lang='lat' dir='ltr'>et</span> <span class='ocrx_word' id='word_1_100' title='bbox 1040 1855 1228 1909; x_wconf 65' lang='lat' dir='ltr'>ambas</span> <span class='ocrx_word' id='word_1_101' title='bbox 1287 1857 1565 1911; x_wconf 82' lang='lat' dir='ltr'>denotant</span> <span class='ocrx_word' id='word_1_102' title='bbox 1620 1858 1955 1913; x_wconf 81' lang='lat' dir='ltr'>essentiam.</span> <span class='ocrx_word' id='word_1_103' title='bbox 1990 1869 2036 1932; x_wconf 77' lang='grc' dir='ltr'>Β</span> 
     </span>
    </p>
   </div>
   <div class='ocr_carea' id='block_1_18' title="bbox 305 1941 1960 2018">
    <p class='ocr_par' dir='ltr' id='par_1_18' title="bbox 305 1941 1960 2018">
     <span class='ocr_line' id='line_1_18' title="bbox 305 1941 1960 2018; baseline 0.005 -24"><span class='ocrx_word' id='word_1_104' title='bbox 305 1941 401 1994; x_wconf 85' lang='lat' dir='ltr'>Ait</span> <span class='ocrx_word' id='word_1_105' title='bbox 434 1941 614 2006; x_wconf 85' lang='lat' dir='ltr'>enim,</span> <span class='ocrx_word' id='word_1_106' title='bbox 641 1941 746 2009; x_wconf 79' lang='lat' dir='ltr'>Qui</span> <span class='ocrx_word' id='word_1_107' title='bbox 779 1944 921 1998; x_wconf 81' lang='lat' dir='ltr'>videt</span> <span class='ocrx_word' id='word_1_108' title='bbox 950 1959 1056 2012; x_wconf 84' lang='lat' dir='ltr'>me,</span> <span class='ocrx_word' id='word_1_109' title='bbox 1110 1944 1251 1999; x_wconf 82' lang='lat' dir='ltr'>videt</span> <span class='ocrx_word' id='word_1_110' title='bbox 1280 1953 1332 2000; x_wconf 82' lang='lat' dir='ltr'>et</span> <span class='ocrx_word' id='word_1_111' title='bbox 1383 1950 1610 2001; x_wconf 81' lang='lat' dir='ltr'>Patrem</span> <span class='ocrx_word' id='word_1_112' title='bbox 1641 1947 1688 1980; x_wconf 62' lang='grc' dir='ltr'>η</span> <span class='ocrx_word' id='word_1_113' title='bbox 1713 1964 1726 2000; x_wconf 87' lang='lat'>:</span> <span class='ocrx_word' id='word_1_114' title='bbox 1753 1964 1868 2018; x_wconf 92' lang='lat' dir='ltr'>quo</span> <span class='ocrx_word' id='word_1_115' title='bbox 1901 1947 1960 2002; x_wconf 92' lang='lat' dir='ltr'>in</span> 
     </span>
    </p>
   </div>
   <div class='ocr_carea' id='block_1_19' title="bbox 302 2029 1884 2104">
    <p class='ocr_par' dir='ltr' id='par_1_19' title="bbox 302 2029 1884 2104">
     <span class='ocr_line' id='line_1_19' title="bbox 302 2029 1884 2104; baseline 0.005 -22"><span class='ocrx_word' id='word_1_116' title='bbox 302 2029 433 2083; x_wconf 89' lang='lat' dir='ltr'>loco</span> <span class='ocrx_word' id='word_1_117' title='bbox 467 2031 625 2085; x_wconf 89' lang='lat' dir='ltr'>visus</span> <span class='ocrx_word' id='word_1_118' title='bbox 667 2032 1031 2102; x_wconf 67' lang='lat' dir='ltr'>praescientia</span> <span class='ocrx_word' id='word_1_119' title='bbox 1059 2039 1117 2087; x_wconf 87' lang='lat' dir='ltr'>et</span> <span class='ocrx_word' id='word_1_120' title='bbox 1163 2034 1490 2102; x_wconf 84' lang='lat' dir='ltr'>cognitione</span> <span class='ocrx_word' id='word_1_121' title='bbox 1519 2035 1884 2104; x_wconf 70' lang='lat' dir='ltr'>intelligitur.</span> 
     </span>
    </p>
   </div>
   <div class='ocr_carea' id='block_1_20' title="bbox 378 2119 1955 2196">
    <p class='ocr_par' dir='ltr' id='par_1_20' title="bbox 378 2119 1955 2196">
     <span class='ocr_line' id='line_1_20' title="bbox 378 2119 1955 2196; baseline 0.007 -26"><span class='ocrx_word' id='word_1_122' title='bbox 378 2119 715 2176; x_wconf 83' lang='lat' dir='ltr'>6.Essentia</span> <span class='ocrx_word' id='word_1_123' title='bbox 741 2120 974 2190; x_wconf 79' lang='lat' dir='ltr'>quidem</span> <span class='ocrx_word' id='word_1_124' title='bbox 1004 2138 1385 2191; x_wconf 83' lang='lat' dir='ltr'>personarum</span> <span class='ocrx_word' id='word_1_125' title='bbox 1413 2125 1955 2196; x_wconf 87' lang='lat' dir='ltr'>conjungendarum</span> 
     </span>
    </p>
   </div>
   <div class='ocr_carea' id='block_1_21' title="bbox 304 2208 1955 2281">
    <p class='ocr_par' dir='ltr' id='par_1_21' title="bbox 304 2208 1955 2281">
     <span class='ocr_line' id='line_1_21' title="bbox 304 2208 1955 2281; baseline 0.006 -20"><span class='ocrx_word' id='word_1_126' title='bbox 304 2208 422 2263; x_wconf 85' lang='lat' dir='ltr'>vim</span> <span class='ocrx_word' id='word_1_127' title='bbox 456 2208 653 2263; x_wconf 91' lang='lat' dir='ltr'>habet.</span> <span class='ocrx_word' id='word_1_128' title='bbox 683 2214 1037 2281; x_wconf 81' lang='lat' dir='ltr'>Hypostases</span> <span class='ocrx_word' id='word_1_129' title='bbox 1071 2216 1262 2266; x_wconf 87' lang='lat' dir='ltr'>autem</span> <span class='ocrx_word' id='word_1_130' title='bbox 1280 2213 1955 2272; x_wconf 86' lang='lat' dir='ltr'>vicharacteristicarum</span> 
     </span>
    </p>
   </div>
   <div class='ocr_carea' id='block_1_22' title="bbox 304 2298 1952 2368">
    <p class='ocr_par' dir='ltr' id='par_1_22' title="bbox 304 2298 1952 2368">
     <span class='ocr_line' id='line_1_22' title="bbox 304 2298 1952 2368; baseline 0.006 -18"><span class='ocrx_word' id='word_1_131' title='bbox 304 2298 756 2368; x_wconf 80' lang='lat' dir='ltr'>proprietatum,</span> <span class='ocrx_word' id='word_1_132' title='bbox 813 2315 912 2354; x_wconf 88' lang='lat' dir='ltr'>seu</span> <span class='ocrx_word' id='word_1_133' title='bbox 947 2307 1214 2356; x_wconf 89' lang='lat' dir='ltr'>notarum</span> <span class='ocrx_word' id='word_1_134' title='bbox 1255 2319 1496 2357; x_wconf 89' lang='lat' dir='ltr'>suarum</span> <span class='ocrx_word' id='word_1_135' title='bbox 1522 2304 1834 2360; x_wconf 84' lang='lat' dir='ltr'>essentiam</span> <span class='ocrx_word' id='word_1_136' title='bbox 1866 2305 1952 2360; x_wconf 88' lang='lat' dir='ltr'>di-</span> 
     </span>
    </p>
   </div>
   <div class='ocr_carea' id='block_1_23' title="bbox 301 2387 642 2458">
    <p class='ocr_par' dir='ltr' id='par_1_23' title="bbox 301 2387 642 2458">
     <span class='ocr_line' id='line_1_23' title="bbox 301 2387 642 2458; baseline 0.006 -17"><span class='ocrx_word' id='word_1_137' title='bbox 301 2387 642 2458; x_wconf 88' lang='lat' dir='ltr'>stinguunt.</span> 
     </span>
    </p>
   </div>
   <div class='ocr_carea' id='block_1_24' title="bbox 370 2476 1951 2550">
    <p class='ocr_par' dir='ltr' id='par_1_24' title="bbox 370 2476 1951 2550">
     <span class='ocr_line' id='line_1_24' title="bbox 370 2476 1951 2550; baseline 0.005 -22"><span class='ocrx_word' id='word_1_138' title='bbox 370 2479 428 2532; x_wconf 82' lang='lat'>7.</span> <span class='ocrx_word' id='word_1_139' title='bbox 457 2476 725 2531; x_wconf 83' lang='lat' dir='ltr'>Essentia</span> <span class='ocrx_word' id='word_1_140' title='bbox 757 2478 992 2547; x_wconf 88' lang='lat' dir='ltr'>quidem</span> <span class='ocrx_word' id='word_1_141' title='bbox 1039 2497 1340 2550; x_wconf 81' lang='lat' dir='ltr'>nunquam</span> <span class='ocrx_word' id='word_1_142' title='bbox 1383 2482 1454 2536; x_wconf 89' lang='lat' dir='ltr'>de</span> <span class='ocrx_word' id='word_1_143' title='bbox 1488 2482 1663 2537; x_wconf 87' lang='lat' dir='ltr'>rebus</span> <span class='ocrx_word' id='word_1_144' title='bbox 1715 2484 1951 2547; x_wconf 90' lang='lat' dir='ltr'>dicitur,</span> 
     </span>
    </p>
   </div>
   <div class='ocr_carea' id='block_1_25' title="bbox 299 2570 1954 2640">
    <p class='ocr_par' dir='ltr' id='par_1_25' title="bbox 299 2570 1954 2640">
     <span class='ocr_line' id='line_1_25' title="bbox 299 2570 1954 2640; baseline 0.005 -21"><span class='ocrx_word' id='word_1_145' title='bbox 299 2582 427 2634; x_wconf 67' lang='lat' dir='ltr'>quae</span> <span class='ocrx_word' id='word_1_146' title='bbox 479 2582 592 2620; x_wconf 92' lang='lat' dir='ltr'>non</span> <span class='ocrx_word' id='word_1_147' title='bbox 653 2571 905 2634; x_wconf 83' lang='lat' dir='ltr'>exstant,</span> <span class='ocrx_word' id='word_1_148' title='bbox 965 2585 999 2623; x_wconf 88' lang='lat' dir='ltr'>a</span> <span class='ocrx_word' id='word_1_149' title='bbox 1048 2573 1258 2624; x_wconf 88' lang='lat' dir='ltr'>natura</span> <span class='ocrx_word' id='word_1_150' title='bbox 1317 2570 1658 2640; x_wconf 85' lang='lat' dir='ltr'>saepissime.</span> <span class='ocrx_word' id='word_1_151' title='bbox 1705 2572 1833 2626; x_wconf 84' lang='lat' dir='ltr'>Haec</span> <span class='ocrx_word' id='word_1_152' title='bbox 1865 2576 1954 2628; x_wconf 90' lang='lat' dir='ltr'>est</span> 
     </span>
    </p>
   </div>
   <div class='ocr_carea' id='block_1_26' title="bbox 302 2656 1952 2732">
    <p class='ocr_par' dir='ltr' id='par_1_26' title="bbox 302 2656 1952 2732">
     <span class='ocr_line' id='line_1_26' title="bbox 302 2656 1952 2732; baseline 0.005 -22"><span class='ocrx_word' id='word_1_153' title='bbox 302 2656 487 2725; x_wconf 84' lang='lat' dir='ltr'>enim,</span> <span class='ocrx_word' id='word_1_154' title='bbox 520 2656 712 2727; x_wconf 88' lang='lat' dir='ltr'>inquit</span> <span class='ocrx_word' id='word_1_155' title='bbox 745 2656 861 2721; x_wconf 91' lang='lat' dir='ltr'>ille,</span> <span class='ocrx_word' id='word_1_156' title='bbox 898 2660 1186 2714; x_wconf 84' lang='lat' dir='ltr'>mendacii</span> <span class='ocrx_word' id='word_1_157' title='bbox 1247 2665 1475 2717; x_wconf 87' lang='lat' dir='ltr'>natura.</span> <span class='ocrx_word' id='word_1_158' title='bbox 1511 2665 1673 2732; x_wconf 84' lang='lat' dir='ltr'>Item,</span> <span class='ocrx_word' id='word_1_159' title='bbox 1737 2665 1952 2719; x_wconf 88' lang='lat' dir='ltr'>Ductus</span> 
     </span>
    </p>
   </div>
   <div class='ocr_carea' id='block_1_27' title="bbox 302 2746 1951 2816">
    <p class='ocr_par' dir='ltr' id='par_1_27' title="bbox 302 2746 1951 2816">
     <span class='ocr_line' id='line_1_27' title="bbox 302 2746 1951 2816; baseline 0.005 -17"><span class='ocrx_word' id='word_1_160' title='bbox 302 2761 507 2815; x_wconf 60' lang='lat' dir='ltr'>equae,</span> <span class='ocrx_word' id='word_1_161' title='bbox 539 2746 753 2816; x_wconf 85' lang='lat' dir='ltr'>inquit,</span> <span class='ocrx_word' id='word_1_162' title='bbox 797 2747 1014 2803; x_wconf 83' lang='lat' dir='ltr'>fontem</span> <span class='ocrx_word' id='word_1_163' title='bbox 1066 2750 1322 2804; x_wconf 88' lang='lat' dir='ltr'>ostendit</span> <span class='ocrx_word' id='word_1_164' title='bbox 1378 2767 1602 2806; x_wconf 90' lang='lat' dir='ltr'>suum:</span> <span class='ocrx_word' id='word_1_165' title='bbox 1663 2754 1951 2808; x_wconf 86' lang='lat' dir='ltr'>sermonis</span> 
     </span>
    </p>
   </div>
   <div class='ocr_carea' id='block_1_28' title="bbox 301 2839 1707 2909">
    <p class='ocr_par' dir='ltr' id='par_1_28' title="bbox 301 2839 1707 2909">
     <span class='ocr_line' id='line_1_28' title="bbox 301 2839 1707 2909; baseline 0.005 -22"><span class='ocrx_word' id='word_1_166' title='bbox 301 2840 498 2889; x_wconf 87' lang='lat' dir='ltr'>autem</span> <span class='ocrx_word' id='word_1_167' title='bbox 535 2841 742 2890; x_wconf 88' lang='lat' dir='ltr'>natura</span> <span class='ocrx_word' id='word_1_168' title='bbox 764 2852 884 2901; x_wconf 93' lang='lat' dir='ltr'>cor,</span> <span class='ocrx_word' id='word_1_169' title='bbox 911 2854 945 2892; x_wconf 88' lang='lat' dir='ltr'>a</span> <span class='ocrx_word' id='word_1_170' title='bbox 976 2854 1090 2908; x_wconf 82' lang='lat' dir='ltr'>quo</span> <span class='ocrx_word' id='word_1_171' title='bbox 1124 2840 1429 2909; x_wconf 87' lang='lat' dir='ltr'>processit,</span> <span class='ocrx_word' id='word_1_172' title='bbox 1463 2839 1707 2896; x_wconf 90' lang='lat' dir='ltr'>indicat.</span> 
     </span>
    </p>
   </div>
   <div class='ocr_carea' id='block_1_29' title="bbox 373 2923 1952 2999">
    <p class='ocr_par' dir='ltr' id='par_1_29' title="bbox 373 2923 1952 2999">
     <span class='ocr_line' id='line_1_29' title="bbox 373 2923 1952 2999; baseline 0.006 -21"><span class='ocrx_word' id='word_1_173' title='bbox 373 2926 426 2978; x_wconf 89' lang='lat'>8.</span> <span class='ocrx_word' id='word_1_174' title='bbox 461 2923 516 2977; x_wconf 90' lang='lat' dir='ltr'>Si</span> <span class='ocrx_word' id='word_1_175' title='bbox 552 2940 678 2993; x_wconf 75' lang='lat' dir='ltr'>qua:</span> <span class='ocrx_word' id='word_1_176' title='bbox 721 2927 1055 2981; x_wconf 77' lang='lat' dir='ltr'>communia</span> <span class='ocrx_word' id='word_1_177' title='bbox 1087 2933 1144 2981; x_wconf 89' lang='lat' dir='ltr'>et</span> <span class='ocrx_word' id='word_1_178' title='bbox 1177 2929 1449 2983; x_wconf 87' lang='lat' dir='ltr'>universa</span> <span class='ocrx_word' id='word_1_179' title='bbox 1479 2939 1640 2999; x_wconf 88' lang='lat' dir='ltr'>sunl,</span> <span class='ocrx_word' id='word_1_180' title='bbox 1699 2945 1767 2984; x_wconf 90' lang='lat' dir='ltr'>ea</span> <span class='ocrx_word' id='word_1_181' title='bbox 1831 2936 1952 2987; x_wconf 87' lang='lat' dir='ltr'>tota</span> 
     </span>
    </p>
   </div>
   <div class='ocr_carea' id='block_1_30' title="bbox 301 3013 1948 3088">
    <p class='ocr_par' dir='ltr' id='par_1_30' title="bbox 301 3013 1948 3088">
     <span class='ocr_line' id='line_1_30' title="bbox 301 3013 1948 3088; baseline 0.005 -22"><span class='ocrx_word' id='word_1_182' title='bbox 301 3017 359 3066; x_wconf 87' lang='lat' dir='ltr'>et</span> <span class='ocrx_word' id='word_1_183' title='bbox 390 3013 616 3084; x_wconf 87' lang='lat' dir='ltr'>integre</span> <span class='ocrx_word' id='word_1_184' title='bbox 647 3014 718 3068; x_wconf 83' lang='lat' dir='ltr'>de</span> <span class='ocrx_word' id='word_1_185' title='bbox 746 3015 995 3085; x_wconf 85' lang='lat' dir='ltr'>singulis</span> <span class='ocrx_word' id='word_1_186' title='bbox 1028 3016 1139 3070; x_wconf 90' lang='lat' dir='ltr'>sibi</span> <span class='ocrx_word' id='word_1_187' title='bbox 1204 3018 1485 3088; x_wconf 88' lang='lat' dir='ltr'>subjectis</span> <span class='ocrx_word' id='word_1_188' title='bbox 1539 3019 1948 3086; x_wconf 79' lang='lat' dir='ltr'>enuntientur,</span> 
     </span>
    </p>
   </div>
   <div class='ocr_carea' id='block_1_31' title="bbox 287 3099 1947 3179">
    <p class='ocr_par' dir='ltr' id='par_1_31' title="bbox 287 3099 1947 3179">
     <span class='ocr_line' id='line_1_31' title="bbox 287 3099 1947 3179; baseline 0.005 -25"><span class='ocrx_word' id='word_1_189' title='bbox 287 3105 447 3154; x_wconf 91' lang='lat' dir='ltr'>certe</span> <span class='ocrx_word' id='word_1_190' title='bbox 478 3099 813 3156; x_wconf 83' lang='lat' dir='ltr'>Divinilatis</span> <span class='ocrx_word' id='word_1_191' title='bbox 850 3119 1085 3175; x_wconf 89' lang='lat' dir='ltr'>quoque</span> <span class='ocrx_word' id='word_1_192' title='bbox 1130 3109 1338 3158; x_wconf 85' lang='lat' dir='ltr'>natura</span> <span class='ocrx_word' id='word_1_193' title='bbox 1386 3109 1507 3160; x_wconf 90' lang='lat' dir='ltr'>tota</span> <span class='ocrx_word' id='word_1_194' title='bbox 1536 3112 1592 3161; x_wconf 90' lang='lat' dir='ltr'>et</span> <span class='ocrx_word' id='word_1_195' title='bbox 1623 3107 1847 3179; x_wconf 87' lang='lat' dir='ltr'>integra</span> <span class='ocrx_word' id='word_1_196' title='bbox 1878 3109 1947 3163; x_wconf 92' lang='lat' dir='ltr'>de</span> 
     </span>
    </p>
   </div>
   <div class='ocr_carea' id='block_1_32' title="bbox 292 3189 1942 3268">
    <p class='ocr_par' dir='ltr' id='par_1_32' title="bbox 292 3189 1942 3268">
     <span class='ocr_line' id='line_1_32' title="bbox 292 3189 1942 3268; baseline 0.006 -25"><span class='ocrx_word' id='word_1_197' title='bbox 292 3189 700 3260; x_wconf 84' lang='lat' dir='ltr'>singularibus</span> <span class='ocrx_word' id='word_1_198' title='bbox 748 3192 873 3248; x_wconf 90' lang='lat' dir='ltr'>suis</span> <span class='ocrx_word' id='word_1_199' title='bbox 928 3193 1196 3264; x_wconf 89' lang='lat' dir='ltr'>personis</span> <span class='ocrx_word' id='word_1_200' title='bbox 1252 3195 1605 3251; x_wconf 84' lang='lat' dir='ltr'>enuntiatur.</span> <span class='ocrx_word' id='word_1_201' title='bbox 1641 3197 1942 3268; x_wconf 89' lang='lat' dir='ltr'>Siquidem</span> 
     </span>
    </p>
   </div>
   <div class='ocr_carea' id='block_1_33' title="bbox 289 3282 1945 3358">
    <p class='ocr_par' dir='ltr' id='par_1_33' title="bbox 289 3282 1945 3358">
     <span class='ocr_line' id='line_1_33' title="bbox 289 3282 1945 3358; baseline 0.005 -24"><span class='ocrx_word' id='word_1_202' title='bbox 289 3295 609 3336; x_wconf 86' lang='lat' dir='ltr'>commune</span> <span class='ocrx_word' id='word_1_203' title='bbox 641 3282 781 3353; x_wconf 90' lang='lat' dir='ltr'>quid</span> <span class='ocrx_word' id='word_1_204' title='bbox 816 3287 872 3337; x_wconf 90' lang='lat' dir='ltr'>et</span> <span class='ocrx_word' id='word_1_205' title='bbox 921 3283 1283 3354; x_wconf 86' lang='lat' dir='ltr'>universum,</span> <span class='ocrx_word' id='word_1_206' title='bbox 1318 3289 1529 3340; x_wconf 88' lang='lat' dir='ltr'>natura</span> <span class='ocrx_word' id='word_1_207' title='bbox 1584 3291 1641 3341; x_wconf 89' lang='lat' dir='ltr'>et</span> <span class='ocrx_word' id='word_1_208' title='bbox 1669 3287 1945 3358; x_wconf 71' lang='lat' dir='ltr'>[essentia</span> 
     </span>
    </p>
   </div>
   <div class='ocr_carea' id='block_1_34' title="bbox 286 3369 1941 3447">
    <p class='ocr_par' dir='ltr' id='par_1_34' title="bbox 286 3369 1941 3447">
     <span class='ocr_line' id='line_1_34' title="bbox 286 3369 1941 3447; baseline 0.004 -23"><span class='ocrx_word' id='word_1_209' title='bbox 286 3369 707 3440; x_wconf 87' lang='lat' dir='ltr'>est,singulare</span> <span class='ocrx_word' id='word_1_210' title='bbox 742 3375 934 3426; x_wconf 89' lang='lat' dir='ltr'>autem</span> <span class='ocrx_word' id='word_1_211' title='bbox 972 3372 1304 3442; x_wconf 83' lang='lat' dir='ltr'>hypostasis</span> <span class='ocrx_word' id='word_1_212' title='bbox 1327 3379 1381 3428; x_wconf 89' lang='lat' dir='ltr'>et</span> <span class='ocrx_word' id='word_1_213' title='bbox 1415 3391 1666 3445; x_wconf 86' lang='lat' dir='ltr'>persona</span> <span class='ocrx_word' id='word_1_214' title='bbox 1697 3393 1710 3430; x_wconf 92' lang='lat'>:</span> <span class='ocrx_word' id='word_1_215' title='bbox 1743 3375 1941 3447; x_wconf 82' lang='lat' dir='ltr'>singu-</span> 
     </span>
    </p>
   </div>
   <div class='ocr_carea' id='block_1_35' title="bbox 289 3459 1940 3537">
    <p class='ocr_par' dir='ltr' id='par_1_35' title="bbox 289 3459 1940 3537">
     <span class='ocr_line' id='line_1_35' title="bbox 289 3459 1940 3537; baseline 0.005 -25"><span class='ocrx_word' id='word_1_216' title='bbox 289 3459 831 3529; x_wconf 80' lang='lat' dir='ltr'>lare,inquam,non</span> <span class='ocrx_word' id='word_1_217' title='bbox 852 3462 1005 3531; x_wconf 88' lang='lat' dir='ltr'>quod</span> <span class='ocrx_word' id='word_1_218' title='bbox 1043 3466 1262 3516; x_wconf 83' lang='lat' dir='ltr'>naturae</span> <span class='ocrx_word' id='word_1_219' title='bbox 1287 3468 1510 3532; x_wconf 88' lang='lat' dir='ltr'>partem</span> <span class='ocrx_word' id='word_1_220' title='bbox 1535 3465 1769 3533; x_wconf 85' lang='lat' dir='ltr'>habeat,</span> <span class='ocrx_word' id='word_1_221' title='bbox 1805 3483 1940 3537; x_wconf 90' lang='lat' dir='ltr'>par-</span> 
     </span>
    </p>
   </div>
   <div class='ocr_carea' id='block_1_36' title="bbox 286 3549 1802 3620">
    <p class='ocr_par' dir='ltr' id='par_1_36' title="bbox 286 3549 1802 3620">
     <span class='ocr_line' id='line_1_36' title="bbox 286 3549 1802 3620; baseline 0.005 -18"><span class='ocrx_word' id='word_1_222' title='bbox 286 3552 406 3602; x_wconf 85' lang='lat' dir='ltr'>tem</span> <span class='ocrx_word' id='word_1_223' title='bbox 445 3563 578 3603; x_wconf 91' lang='lat' dir='ltr'>vero</span> <span class='ocrx_word' id='word_1_224' title='bbox 612 3565 724 3604; x_wconf 82' lang='lat' dir='ltr'>non</span> <span class='ocrx_word' id='word_1_225' title='bbox 756 3549 1096 3617; x_wconf 87' lang='lat' dir='ltr'>habeat,sed</span> <span class='ocrx_word' id='word_1_226' title='bbox 1122 3549 1261 3620; x_wconf 91' lang='lat' dir='ltr'>quia</span> <span class='ocrx_word' id='word_1_227' title='bbox 1292 3551 1661 3608; x_wconf 91' lang='lat' dir='ltr'>individuum</span> <span class='ocrx_word' id='word_1_228' title='bbox 1707 3555 1802 3609; x_wconf 87' lang='lat' dir='ltr'>sit.</span> 
     </span>
    </p>
   </div>
   <div class='ocr_carea' id='block_1_37' title="bbox 365 3638 1941 3715">
    <p class='ocr_par' dir='ltr' id='par_1_37' title="bbox 365 3638 1941 3715">
     <span class='ocr_line' id='line_1_37' title="bbox 365 3638 1941 3715; baseline 0.006 -24"><span class='ocrx_word' id='word_1_229' title='bbox 365 3638 418 3693; x_wconf 88' lang='lat'>9.</span> <span class='ocrx_word' id='word_1_230' title='bbox 455 3641 642 3708; x_wconf 87' lang='lat' dir='ltr'>Atque</span> <span class='ocrx_word' id='word_1_231' title='bbox 662 3639 913 3694; x_wconf 83' lang='lat' dir='ltr'>essentia</span> <span class='ocrx_word' id='word_1_232' title='bbox 933 3639 1167 3710; x_wconf 89' lang='lat' dir='ltr'>quidem</span> <span class='ocrx_word' id='word_1_233' title='bbox 1194 3657 1506 3698; x_wconf 89' lang='lat' dir='ltr'>commune</span> <span class='ocrx_word' id='word_1_234' title='bbox 1529 3643 1666 3714; x_wconf 90' lang='lat' dir='ltr'>quid</span> <span class='ocrx_word' id='word_1_235' title='bbox 1693 3646 1941 3715; x_wconf 85' lang='lat' dir='ltr'>est,quia</span> 
     </span>
    </p>
   </div>
   <div class='ocr_carea' id='block_1_38' title="bbox 287 3725 1939 3805">
    <p class='ocr_par' dir='ltr' id='par_1_38' title="bbox 287 3725 1939 3805">
     <span class='ocr_line' id='line_1_38' title="bbox 287 3725 1939 3805; baseline 0.006 -26"><span class='ocrx_word' id='word_1_236' title='bbox 287 3728 362 3780; x_wconf 87' lang='lat' dir='ltr'>de</span> <span class='ocrx_word' id='word_1_237' title='bbox 394 3725 661 3796; x_wconf 89' lang='lat' dir='ltr'>pluribus</span> <span class='ocrx_word' id='word_1_238' title='bbox 696 3727 1037 3783; x_wconf 88' lang='lat' dir='ltr'>enuntiatur</span> <span class='ocrx_word' id='word_1_239' title='bbox 1072 3746 1084 3782; x_wconf 93' lang='lat'>:</span> <span class='ocrx_word' id='word_1_240' title='bbox 1113 3730 1480 3786; x_wconf 90' lang='lat' dir='ltr'>individuum</span> <span class='ocrx_word' id='word_1_241' title='bbox 1513 3738 1705 3788; x_wconf 89' lang='lat' dir='ltr'>autem</span> <span class='ocrx_word' id='word_1_242' title='bbox 1736 3735 1939 3805; x_wconf 87' lang='lat' dir='ltr'>singu-</span> 
     </span>
    </p>
   </div>
   <div class='ocr_carea' id='block_1_39' title="bbox 281 3816 1719 3891">
    <p class='ocr_par' dir='ltr' id='par_1_39' title="bbox 281 3816 1719 3891">
     <span class='ocr_line' id='line_1_39' title="bbox 281 3816 1719 3891; baseline 0.005 -21"><span class='ocrx_word' id='word_1_243' title='bbox 281 3817 430 3883; x_wconf 85' lang='lat' dir='ltr'>lare,</span> <span class='ocrx_word' id='word_1_244' title='bbox 458 3816 596 3886; x_wconf 92' lang='lat' dir='ltr'>quia</span> <span class='ocrx_word' id='word_1_245' title='bbox 630 3816 906 3872; x_wconf 89' lang='lat' dir='ltr'>nimirum</span> <span class='ocrx_word' id='word_1_246' title='bbox 940 3818 1010 3873; x_wconf 92' lang='lat' dir='ltr'>de</span> <span class='ocrx_word' id='word_1_247' title='bbox 1040 3835 1156 3874; x_wconf 90' lang='lat' dir='ltr'>uno</span> <span class='ocrx_word' id='word_1_248' title='bbox 1180 3819 1302 3875; x_wconf 93' lang='lat' dir='ltr'>solo</span> <span class='ocrx_word' id='word_1_249' title='bbox 1355 3821 1719 3891; x_wconf 83' lang='lat' dir='ltr'>praedicatur.</span> 
     </span>
    </p>
   </div>
   <div class='ocr_carea' id='block_1_40' title="bbox 961 3933 1290 3988">
    <p class='ocr_par' dir='ltr' id='par_1_40' title="bbox 961 3933 1290 3988">
     <span class='ocr_line' id='line_1_40' title="bbox 961 3933 1290 3988; baseline 0.003 -1"><span class='ocrx_word' id='word_1_250' title='bbox 961 3933 1112 3987; x_wconf 84' lang='lat' dir='ltr'>CAP.</span> <span class='ocrx_word' id='word_1_251' title='bbox 1168 3933 1290 3988; x_wconf 86' lang='lat' dir='ltr'>XV.</span> 
     </span>
    </p>
   </div>
   <div class='ocr_carea' id='block_1_41' title="bbox 275 4030 1937 4104">
    <p class='ocr_par' dir='ltr' id='par_1_41' title="bbox 275 4030 1937 4104">
     <span class='ocr_line' id='line_1_41' title="bbox 275 4030 1937 4104; baseline 0.004 -19"><span class='ocrx_word' id='word_1_252' title='bbox 275 4033 515 4104; x_wconf 62' lang='lat' dir='ltr'>Naturaf</span> <span class='ocrx_word' id='word_1_253' title='bbox 545 4030 970 4104; x_wconf 8' lang='lat' dir='ltr'>etghypostaseos</span> <span class='ocrx_word' id='word_1_254' title='bbox 1023 4031 1360 4104; x_wconf 62' lang='lat' dir='ltr'>diﬂerentia,</span> <span class='ocrx_word' id='word_1_255' title='bbox 1410 4049 1506 4104; x_wconf 15' lang='lat' dir='ltr'>ex,</span> <span class='ocrx_word' id='word_1_256' title='bbox 1541 4033 1771 4104; x_wconf 79' lang='lat' dir='ltr'>Cyritto,</span> <span class='ocrx_word' id='word_1_257' title='bbox 1807 4037 1937 4092; x_wconf 85' lang='lat' dir='ltr'>Dio-</span> 
     </span>
    </p>
   </div>
   <div class='ocr_carea' id='block_1_42' title="bbox 352 4101 1933 4228">
    <p class='ocr_par' dir='ltr' id='par_1_42' title="bbox 352 4101 1933 4228">
     <span class='ocr_line' id='line_1_42' title="bbox 352 4101 1933 4174; baseline 0.004 -18"><span class='ocrx_word' id='word_1_258' title='bbox 352 4101 534 4170; x_wconf 73' lang='lat' dir='ltr'>nysiis</span> <span class='ocrx_word' id='word_1_259' title='bbox 582 4102 849 4172; x_wconf 75' lang='lat' dir='ltr'>Areopag.</span> <span class='ocrx_word' id='word_1_260' title='bbox 911 4107 965 4156; x_wconf 83' lang='lat' dir='ltr'>et</span> <span class='ocrx_word' id='word_1_261' title='bbox 1025 4102 1440 4170; x_wconf 57' lang='lat' dir='ltr'>Alexandrina,</span> <span class='ocrx_word' id='word_1_262' title='bbox 1480 4101 1638 4174; x_wconf 50' lang='lat' dir='ltr'>Grec.</span> <span class='ocrx_word' id='word_1_263' title='bbox 1699 4108 1831 4161; x_wconf 71' lang='lat' dir='ltr'>Naz.</span> <span class='ocrx_word' id='word_1_264' title='bbox 1883 4116 1933 4162; x_wconf 79' lang='lat' dir='ltr'>et</span> 
     </span>
     <span class='ocr_line' id='line_1_43' title="bbox 356 4173 694 4228; baseline 0.003 -1"><span class='ocrx_word' id='word_1_265' title='bbox 356 4173 694 4228; x_wconf 76' lang='lat' dir='ltr'>Theodoreto.</span> 
     </span>
    </p>
   </div>
   <div class='ocr_carea' id='block_1_43' title="bbox 358 4289 1930 4362">
    <p class='ocr_par' dir='ltr' id='par_1_43' title="bbox 358 4289 1930 4362">
     <span class='ocr_line' id='line_1_44' title="bbox 358 4289 1930 4362; baseline 0.003 -18"><span class='ocrx_word' id='word_1_266' title='bbox 358 4291 444 4345; x_wconf 83' lang='grc'>10.</span> <span class='ocrx_word' id='word_1_267' title='bbox 478 4291 693 4345; x_wconf 84' lang='lat' dir='ltr'>Natura</span> <span class='ocrx_word' id='word_1_268' title='bbox 716 4298 767 4346; x_wconf 90' lang='lat' dir='ltr'>et</span> <span class='ocrx_word' id='word_1_269' title='bbox 803 4289 1156 4362; x_wconf 81' lang='lat' dir='ltr'>hypostasis,</span> <span class='ocrx_word' id='word_1_270' title='bbox 1189 4307 1257 4345; x_wconf 86' lang='lat' dir='ltr'>ex</span> <span class='ocrx_word' id='word_1_271' title='bbox 1286 4291 1554 4347; x_wconf 69' lang='lat' dir='ltr'>Ecclesiae</span> <span class='ocrx_word' id='word_1_272' title='bbox 1588 4293 1930 4349; x_wconf 82' lang='lat' dir='ltr'>deﬁnitione</span> 
     </span>
    </p>
   </div>
   <div class='ocr_carea' id='block_1_44' title="bbox 277 4379 1928 4452">
    <p class='ocr_par' dir='ltr' id='par_1_44' title="bbox 277 4379 1928 4452">
     <span class='ocr_line' id='line_1_45' title="bbox 277 4379 1928 4452; baseline 0.001 -17"><span class='ocrx_word' id='word_1_273' title='bbox 277 4384 339 4435; x_wconf 88' lang='lat' dir='ltr'>et</span> <span class='ocrx_word' id='word_1_274' title='bbox 368 4381 516 4451; x_wconf 84' lang='lat' dir='ltr'>lege,</span> <span class='ocrx_word' id='word_1_275' title='bbox 567 4395 679 4434; x_wconf 90' lang='lat' dir='ltr'>non</span> <span class='ocrx_word' id='word_1_276' title='bbox 731 4379 881 4434; x_wconf 91' lang='lat' dir='ltr'>idem</span> <span class='ocrx_word' id='word_1_277' title='bbox 946 4379 1284 4450; x_wconf 83' lang='lat' dir='ltr'>signiﬁcant</span> <span class='ocrx_word' id='word_1_278' title='bbox 1324 4398 1337 4436; x_wconf 91' lang='lat'>:</span> <span class='ocrx_word' id='word_1_279' title='bbox 1374 4397 1488 4452; x_wconf 89' lang='lat' dir='ltr'>quo</span> <span class='ocrx_word' id='word_1_280' title='bbox 1546 4381 1700 4436; x_wconf 88' lang='lat' dir='ltr'>enim</span> <span class='ocrx_word' id='word_1_281' title='bbox 1758 4383 1928 4437; x_wconf 90' lang='lat' dir='ltr'>modo</span> 
     </span>
    </p>
   </div>
   <div class='ocr_carea' id='block_1_45' title="bbox 277 4469 1926 4540">
    <p class='ocr_par' dir='ltr' id='par_1_45' title="bbox 277 4469 1926 4540">
     <span class='ocr_line' id='line_1_46' title="bbox 277 4469 1926 4540; baseline 0.002 -15"><span class='ocrx_word' id='word_1_282' title='bbox 277 4485 594 4526; x_wconf 89' lang='lat' dir='ltr'>commune</span> <span class='ocrx_word' id='word_1_283' title='bbox 618 4487 649 4524; x_wconf 90' lang='lat' dir='ltr'>a</span> <span class='ocrx_word' id='word_1_284' title='bbox 673 4469 928 4540; x_wconf 87' lang='lat' dir='ltr'>pr0prio,</span> <span class='ocrx_word' id='word_1_285' title='bbox 946 4469 1281 4524; x_wconf 88' lang='lat' dir='ltr'>universum</span> <span class='ocrx_word' id='word_1_286' title='bbox 1306 4486 1337 4523; x_wconf 93' lang='lat' dir='ltr'>a</span> <span class='ocrx_word' id='word_1_287' title='bbox 1360 4469 1611 4540; x_wconf 89' lang='lat' dir='ltr'>singulo,</span> <span class='ocrx_word' id='word_1_288' title='bbox 1632 4470 1926 4528; x_wconf 84' lang='lat' dir='ltr'>infinitum</span> 
     </span>
    </p>
   </div>
   <div class='ocr_carea' id='block_1_46' title="bbox 274 4558 1926 4633">
    <p class='ocr_par' dir='ltr' id='par_1_46' title="bbox 274 4558 1926 4633">
     <span class='ocr_line' id='line_1_47' title="bbox 274 4558 1926 4633; baseline 0.001 -19"><span class='ocrx_word' id='word_1_289' title='bbox 274 4561 535 4630; x_wconf 88' lang='lat' dir='ltr'>denique</span> <span class='ocrx_word' id='word_1_290' title='bbox 569 4577 600 4613; x_wconf 89' lang='lat' dir='ltr'>a</span> <span class='ocrx_word' id='word_1_291' title='bbox 631 4560 894 4623; x_wconf 83' lang='lat' dir='ltr'>definito,</span> <span class='ocrx_word' id='word_1_292' title='bbox 927 4558 1128 4613; x_wconf 89' lang='lat' dir='ltr'>eodem</span> <span class='ocrx_word' id='word_1_293' title='bbox 1154 4574 1383 4629; x_wconf 91' lang='lat' dir='ltr'>quoque</span> <span class='ocrx_word' id='word_1_294' title='bbox 1407 4565 1618 4614; x_wconf 89' lang='lat' dir='ltr'>natura</span> <span class='ocrx_word' id='word_1_295' title='bbox 1649 4560 1720 4614; x_wconf 92' lang='lat' dir='ltr'>ab</span> <span class='ocrx_word' id='word_1_296' title='bbox 1744 4561 1926 4633; x_wconf 83' lang='lat' dir='ltr'>hypo-</span> 
     </span>
    </p>
   </div>
   <div class='ocr_carea' id='block_1_47' title="bbox 274 4646 1925 4719">
    <p class='ocr_par' dir='ltr' id='par_1_47' title="bbox 274 4646 1925 4719">
     <span class='ocr_line' id='line_1_48' title="bbox 274 4646 1925 4719; baseline 0.002 -15"><span class='ocrx_word' id='word_1_297' title='bbox 274 4649 418 4704; x_wconf 84' lang='lat' dir='ltr'>stasi</span> <span class='ocrx_word' id='word_1_298' title='bbox 454 4648 661 4703; x_wconf 76' lang='lat' dir='ltr'>differt.</span> <span class='ocrx_word' id='word_1_299' title='bbox 697 4653 938 4702; x_wconf 86' lang='lat' dir='ltr'>Beatum</span> <span class='ocrx_word' id='word_1_300' title='bbox 965 4655 1152 4702; x_wconf 89' lang='lat' dir='ltr'>tamen</span> <span class='ocrx_word' id='word_1_301' title='bbox 1177 4646 1454 4719; x_wconf 85' lang='lat' dir='ltr'>Cyrillum</span> <span class='ocrx_word' id='word_1_302' title='bbox 1483 4653 1538 4703; x_wconf 85' lang='lat' dir='ltr'>et</span> <span class='ocrx_word' id='word_1_303' title='bbox 1561 4648 1704 4706; x_wconf 90' lang='lat' dir='ltr'>alios</span> <span class='ocrx_word' id='word_1_304' title='bbox 1727 4650 1925 4707; x_wconf 86' lang='lat' dir='ltr'>Patres</span> 
     </span>
    </p>
   </div>
   <div class='ocr_carea' id='block_1_48' title="bbox 276 4736 1925 4811">
    <p class='ocr_par' dir='ltr' id='par_1_48' title="bbox 276 4736 1925 4811">
     <span class='ocr_line' id='line_1_49' title="bbox 276 4736 1925 4811; baseline 0.001 -18"><span class='ocrx_word' id='word_1_305' title='bbox 276 4742 531 4808; x_wconf 86' lang='lat' dir='ltr'>utroque</span> <span class='ocrx_word' id='word_1_306' title='bbox 553 4737 786 4792; x_wconf 89' lang='lat' dir='ltr'>nomine</span> <span class='ocrx_word' id='word_1_307' title='bbox 809 4738 878 4790; x_wconf 89' lang='lat' dir='ltr'>ad</span> <span class='ocrx_word' id='word_1_308' title='bbox 905 4736 1159 4791; x_wconf 89' lang='lat' dir='ltr'>divinam</span> <span class='ocrx_word' id='word_1_309' title='bbox 1184 4737 1342 4792; x_wconf 86' lang='lat' dir='ltr'>illam</span> <span class='ocrx_word' id='word_1_310' title='bbox 1371 4739 1560 4795; x_wconf 91' lang='lat' dir='ltr'>carnis</span> <span class='ocrx_word' id='word_1_311' title='bbox 1576 4741 1925 4811; x_wconf 90' lang='lat' dir='ltr'>assumptio-</span> 
     </span>
    </p>
   </div>
   <div class='ocr_carea' id='block_1_49' title="bbox 275 4825 1922 4899">
    <p class='ocr_par' dir='ltr' id='par_1_49' title="bbox 275 4825 1922 4899">
     <span class='ocr_line' id='line_1_50' title="bbox 275 4825 1922 4899; baseline 0.002 -17"><span class='ocrx_word' id='word_1_312' title='bbox 275 4844 410 4882; x_wconf 88' lang='lat' dir='ltr'>nem</span> <span class='ocrx_word' id='word_1_313' title='bbox 445 4826 917 4898; x_wconf 83' lang='lat' dir='ltr'>signiﬁcandam,</span> <span class='ocrx_word' id='word_1_314' title='bbox 943 4826 1091 4881; x_wconf 89' lang='lat' dir='ltr'>citra</span> <span class='ocrx_word' id='word_1_315' title='bbox 1151 4825 1335 4881; x_wconf 90' lang='lat' dir='ltr'>ullum</span> <span class='ocrx_word' id='word_1_316' title='bbox 1394 4827 1729 4898; x_wconf 85' lang='lat' dir='ltr'>discrimen,</span> <span class='ocrx_word' id='word_1_317' title='bbox 1764 4847 1922 4899; x_wconf 90' lang='lat' dir='ltr'>usos,</span> 
     </span>
    </p>
   </div>
   <div class='ocr_carea' id='block_1_50' title="bbox 273 4915 1925 4987">
    <p class='ocr_par' dir='ltr' id='par_1_50' title="bbox 273 4915 1925 4987">
     <span class='ocr_line' id='line_1_51' title="bbox 273 4915 1925 4987; baseline 0.002 -15"><span class='ocrx_word' id='word_1_318' title='bbox 273 4917 740 4987; x_wconf 87' lang='lat' dir='ltr'>haudquaquam</span> <span class='ocrx_word' id='word_1_319' title='bbox 817 4915 1199 4986; x_wconf 89' lang='lat' dir='ltr'>ambigimus.</span> <span class='ocrx_word' id='word_1_320' title='bbox 1263 4917 1511 4973; x_wconf 84' lang='lat' dir='ltr'>Abusive</span> <span class='ocrx_word' id='word_1_321' title='bbox 1568 4919 1719 4974; x_wconf 90' lang='lat' dir='ltr'>enim</span> <span class='ocrx_word' id='word_1_322' title='bbox 1781 4920 1925 4976; x_wconf 87' lang='lat' dir='ltr'>alias</span> 
     </span>
    </p>
   </div>
   <div class='ocr_carea' id='block_1_51' title="bbox 272 5004 1924 5080">
    <p class='ocr_par' dir='ltr' id='par_1_51' title="bbox 272 5004 1924 5080">
     <span class='ocr_line' id='line_1_52' title="bbox 272 5004 1924 5080; baseline 0.003 -20"><span class='ocrx_word' id='word_1_323' title='bbox 272 5006 619 5077; x_wconf 85' lang='lat' dir='ltr'>hypostasin</span> <span class='ocrx_word' id='word_1_324' title='bbox 681 5021 783 5075; x_wconf 93' lang='lat' dir='ltr'>pro</span> <span class='ocrx_word' id='word_1_325' title='bbox 818 5004 1096 5070; x_wconf 85' lang='lat' dir='ltr'>essentia,</span> <span class='ocrx_word' id='word_1_326' title='bbox 1128 5006 1272 5061; x_wconf 90' lang='lat' dir='ltr'>alias</span> <span class='ocrx_word' id='word_1_327' title='bbox 1301 5007 1440 5062; x_wconf 86' lang='lat' dir='ltr'>item</span> <span class='ocrx_word' id='word_1_328' title='bbox 1474 5010 1789 5064; x_wconf 89' lang='lat' dir='ltr'>essentiam</span> <span class='ocrx_word' id='word_1_329' title='bbox 1823 5027 1924 5080; x_wconf 91' lang='lat' dir='ltr'>pro</span> 
     </span>
    </p>
   </div>
   <div class='ocr_carea' id='block_1_52' title="bbox 273 5094 1924 5166">
    <p class='ocr_par' dir='ltr' id='par_1_52' title="bbox 273 5094 1924 5166">
     <span class='ocr_line' id='line_1_53' title="bbox 273 5094 1924 5166; baseline 0.002 -16"><span class='ocrx_word' id='word_1_330' title='bbox 273 5094 579 5166; x_wconf 81' lang='lat' dir='ltr'>bypostasi</span> <span class='ocrx_word' id='word_1_331' title='bbox 638 5098 1032 5164; x_wconf 87' lang='lat' dir='ltr'>usurparunt:</span> <span class='ocrx_word' id='word_1_332' title='bbox 1095 5110 1210 5148; x_wconf 89' lang='lat' dir='ltr'>non</span> <span class='ocrx_word' id='word_1_333' title='bbox 1270 5097 1420 5166; x_wconf 90' lang='lat' dir='ltr'>quod</span> <span class='ocrx_word' id='word_1_334' title='bbox 1484 5098 1635 5151; x_wconf 89' lang='lat' dir='ltr'>idem</span> <span class='ocrx_word' id='word_1_335' title='bbox 1668 5115 1770 5154; x_wconf 90' lang='lat' dir='ltr'>eas</span> <span class='ocrx_word' id='word_1_336' title='bbox 1799 5115 1924 5154; x_wconf 85' lang='lat' dir='ltr'>esse</span> 
     </span>
    </p>
   </div>
   <div class='ocr_carea' id='block_1_53' title="bbox 270 5183 1921 5257">
    <p class='ocr_par' dir='ltr' id='par_1_53' title="bbox 270 5183 1921 5257">
     <span class='ocr_line' id='line_1_54' title="bbox 270 5183 1921 5257; baseline 0.002 -18"><span class='ocrx_word' id='word_1_337' title='bbox 270 5185 700 5251; x_wconf 85' lang='lat' dir='ltr'>existimarent,</span> <span class='ocrx_word' id='word_1_338' title='bbox 733 5199 934 5236; x_wconf 88' lang='lat' dir='ltr'>verum</span> <span class='ocrx_word' id='word_1_339' title='bbox 969 5183 1108 5253; x_wconf 89' lang='lat' dir='ltr'>quia</span> <span class='ocrx_word' id='word_1_340' title='bbox 1154 5201 1265 5238; x_wconf 91' lang='lat' dir='ltr'>non</span> <span class='ocrx_word' id='word_1_341' title='bbox 1327 5185 1636 5257; x_wconf 74' lang='lat' dir='ltr'>Scripturae</span> <span class='ocrx_word' id='word_1_342' title='bbox 1695 5193 1921 5243; x_wconf 90' lang='lat' dir='ltr'>tantum</span> 
     </span>
    </p>
   </div>
   <div class='ocr_carea' id='block_1_54' title="bbox 271 5269 1924 5339">
    <p class='ocr_par' dir='ltr' id='par_1_54' title="bbox 271 5269 1924 5339">
     <span class='ocr_line' id='line_1_55' title="bbox 271 5269 1924 5339; baseline 0.002 -13"><span class='ocrx_word' id='word_1_343' title='bbox 271 5289 475 5339; x_wconf 64' lang='lat' dir='ltr'>sacras,</span> <span class='ocrx_word' id='word_1_344' title='bbox 535 5272 634 5325; x_wconf 90' lang='lat' dir='ltr'>sed</span> <span class='ocrx_word' id='word_1_345' title='bbox 698 5269 1221 5326; x_wconf 81' lang='lat' dir='ltr'>ecclesiasticarum</span> <span class='ocrx_word' id='word_1_346' title='bbox 1277 5272 1576 5327; x_wconf 90' lang='lat' dir='ltr'>doctorum</span> <span class='ocrx_word' id='word_1_347' title='bbox 1646 5290 1773 5329; x_wconf 89' lang='lat' dir='ltr'>mos</span> <span class='ocrx_word' id='word_1_348' title='bbox 1831 5276 1924 5331; x_wconf 89' lang='lat' dir='ltr'>hic</span> 
     </span>
    </p>
   </div>
   <div class='ocr_carea' id='block_1_55' title="bbox 258 5359 1923 5432">
    <p class='ocr_par' dir='ltr' id='par_1_55' title="bbox 258 5359 1923 5432">
     <span class='ocr_line' id='line_1_56' title="bbox 258 5359 1923 5432; baseline 0.001 -16"><span class='ocrx_word' id='word_1_349' title='bbox 258 5364 389 5432; x_wconf 88' lang='lat' dir='ltr'>jam</span> <span class='ocrx_word' id='word_1_350' title='bbox 423 5360 565 5415; x_wconf 89' lang='lat' dir='ltr'>olim</span> <span class='ocrx_word' id='word_1_351' title='bbox 598 5359 858 5426; x_wconf 86' lang='lat' dir='ltr'>inolevit,</span> <span class='ocrx_word' id='word_1_352' title='bbox 894 5363 957 5414; x_wconf 91' lang='lat' dir='ltr'>ut</span> <span class='ocrx_word' id='word_1_353' title='bbox 988 5359 1188 5413; x_wconf 90' lang='lat' dir='ltr'>multis</span> <span class='ocrx_word' id='word_1_354' title='bbox 1230 5359 1288 5413; x_wconf 90' lang='lat' dir='ltr'>in</span> <span class='ocrx_word' id='word_1_355' title='bbox 1318 5362 1495 5416; x_wconf 88' lang='lat' dir='ltr'>rebus</span> <span class='ocrx_word' id='word_1_356' title='bbox 1530 5361 1672 5416; x_wconf 88' lang='lat' dir='ltr'>citra</span> <span class='ocrx_word' id='word_1_357' title='bbox 1713 5363 1923 5418; x_wconf 89' lang='lat' dir='ltr'>discri-</span> 
     </span>
    </p>
   </div>
   <div class='ocr_carea' id='block_1_56' title="bbox 270 5448 1923 5521">
    <p class='ocr_par' dir='ltr' id='par_1_56' title="bbox 270 5448 1923 5521">
     <span class='ocr_line' id='line_1_57' title="bbox 270 5448 1923 5521; baseline 0.001 -15"><span class='ocrx_word' id='word_1_358' title='bbox 270 5468 405 5506; x_wconf 83' lang='lat' dir='ltr'>men</span> <span class='ocrx_word' id='word_1_359' title='bbox 442 5450 800 5521; x_wconf 89' lang='lat' dir='ltr'>quihusdam</span> <span class='ocrx_word' id='word_1_360' title='bbox 830 5448 1184 5503; x_wconf 89' lang='lat' dir='ltr'>dictionibus</span> <span class='ocrx_word' id='word_1_361' title='bbox 1211 5453 1453 5504; x_wconf 88' lang='lat' dir='ltr'>utantur</span> <span class='ocrx_word' id='word_1_362' title='bbox 1477 5466 1488 5503; x_wconf 95' lang='lat'>:</span> <span class='ocrx_word' id='word_1_363' title='bbox 1515 5467 1663 5520; x_wconf 87' lang='lat' dir='ltr'>quas</span> <span class='ocrx_word' id='word_1_364' title='bbox 1685 5452 1923 5508; x_wconf 87' lang='lat' dir='ltr'>abusive</span> 
     </span>
    </p>
   </div>
   <div class='ocr_carea' id='block_1_57' title="bbox 270 5537 1922 5610">
    <p class='ocr_par' dir='ltr' id='par_1_57' title="bbox 270 5537 1922 5610">
     <span class='ocr_line' id='line_1_58' title="bbox 270 5537 1922 5610; baseline 0.002 -15"><span class='ocrx_word' id='word_1_365' title='bbox 270 5540 593 5610; x_wconf 87' lang='lat' dir='ltr'>aliquando</span> <span class='ocrx_word' id='word_1_366' title='bbox 628 5542 939 5609; x_wconf 90' lang='lat' dir='ltr'>usurpant,</span> <span class='ocrx_word' id='word_1_367' title='bbox 972 5537 1225 5593; x_wconf 79' lang='lat' dir='ltr'>scientes</span> <span class='ocrx_word' id='word_1_368' title='bbox 1278 5538 1452 5593; x_wconf 89' lang='lat' dir='ltr'>verba</span> <span class='ocrx_word' id='word_1_369' title='bbox 1511 5539 1656 5594; x_wconf 90' lang='lat' dir='ltr'>nihil</span> <span class='ocrx_word' id='word_1_370' title='bbox 1718 5542 1922 5598; x_wconf 75' lang='lat' dir='ltr'>afferre</span> 
     </span>
    </p>
   </div>
   <div class='ocr_carea' id='block_1_58' title="bbox 345 5658 820 5722">
    <p class='ocr_par' dir='ltr' id='par_1_58' title="bbox 345 5658 820 5722">
     <span class='ocr_line' id='line_1_59' title="bbox 345 5658 820 5722; baseline -0.008 -7"><span class='ocrx_word' id='word_1_371' title='bbox 345 5661 390 5698; x_wconf 76' lang='grc'>³³</span> <span class='ocrx_word' id='word_1_372' title='bbox 416 5658 587 5716; x_wconf 85' lang='lat' dir='ltr'>Joari.</span> <span class='ocrx_word' id='word_1_373' title='bbox 622 5674 735 5722; x_wconf 75' lang='lat' dir='ltr'>xxv,</span> <span class='ocrx_word' id='word_1_374' title='bbox 768 5661 820 5712; x_wconf 88' lang='lat'>9.</span> 
     </span>
    </p>
   </div>
   <div class='ocr_carea' id='block_1_59' title="bbox 1678 361 2392 423">
    <p class='ocr_par' dir='ltr' id='par_1_59' title="bbox 1678 361 2392 423">
     <span class='ocr_line' id='line_1_60' title="bbox 1678 361 2392 423; baseline -0.001 0"><span class='ocrx_word' id='word_1_375' title='bbox 1678 361 2073 423; x_wconf 82' lang='lat' dir='ltr'>THESAURI</span> <span class='ocrx_word' id='word_1_376' title='bbox 2121 362 2272 422; x_wconf 86' lang='lat' dir='ltr'>LIB.</span> <span class='ocrx_word' id='word_1_377' title='bbox 2322 362 2392 422; x_wconf 85' lang='grc' dir='ltr'>ΙΙ.</span> 
     </span>
    </p>
   </div>
   <div class='ocr_carea' id='block_1_60' title="bbox 2012 495 3740 578">
    <p class='ocr_par' dir='ltr' id='par_1_60' title="bbox 2012 495 3740 578">
     <span class='ocr_line' id='line_1_61' title="bbox 2012 495 3740 578; baseline 0.018 -30"><span class='ocrx_word' id='word_1_378' title='bbox 2012 501 2060 562; x_wconf 84' lang='grc' dir='ltr'>Α</span> <span class='ocrx_word' id='word_1_379' title='bbox 2091 495 2449 551; x_wconf 89' lang='lat' dir='ltr'>incommodi</span> <span class='ocrx_word' id='word_1_380' title='bbox 2480 498 2568 568; x_wconf 89' lang='lat' dir='ltr'>(ut</span> <span class='ocrx_word' id='word_1_381' title='bbox 2599 499 2791 570; x_wconf 84' lang='lat' dir='ltr'>Cyrilli</span> <span class='ocrx_word' id='word_1_382' title='bbox 2822 505 3009 560; x_wconf 86' lang='lat' dir='ltr'>verbis</span> <span class='ocrx_word' id='word_1_383' title='bbox 3038 510 3209 577; x_wconf 90' lang='lat' dir='ltr'>utar),</span> <span class='ocrx_word' id='word_1_384' title='bbox 3255 528 3385 569; x_wconf 88' lang='lat' dir='ltr'>cum</span> <span class='ocrx_word' id='word_1_385' title='bbox 3447 533 3539 573; x_wconf 90' lang='lat' dir='ltr'>res</span> <span class='ocrx_word' id='word_1_386' title='bbox 3572 522 3740 578; x_wconf 71' lang='lat' dir='ltr'>aliter</span> 
     </span>
    </p>
   </div>
   <div class='ocr_carea' id='block_1_61' title="bbox 3587 389 3743 450">
    <p class='ocr_par' dir='ltr' id='par_1_61' title="bbox 3587 389 3743 450">
     <span class='ocr_line' id='line_1_62' title="bbox 3587 389 3743 450; baseline 0.019 -3"><span class='ocrx_word' id='word_1_387' title='bbox 3587 389 3743 450; x_wconf 78' lang='grc'>1138</span> 
     </span>
    </p>
   </div>
   <div class='ocr_carea' id='block_1_62' title="bbox 2091 583 3734 669">
    <p class='ocr_par' dir='ltr' id='par_1_62' title="bbox 2091 583 3734 669">
     <span class='ocr_line' id='line_1_63' title="bbox 2091 583 3734 669; baseline 0.019 -33"><span class='ocrx_word' id='word_1_388' title='bbox 2091 599 2151 638; x_wconf 89' lang='lat' dir='ltr'>se</span> <span class='ocrx_word' id='word_1_389' title='bbox 2186 583 2461 639; x_wconf 88' lang='lat' dir='ltr'>habeant.</span> <span class='ocrx_word' id='word_1_390' title='bbox 2495 585 2916 658; x_wconf 87' lang='lat' dir='ltr'>Hierophantes</span> <span class='ocrx_word' id='word_1_391' title='bbox 2967 610 3214 669; x_wconf 88' lang='lat' dir='ltr'>quoque,</span> <span class='ocrx_word' id='word_1_392' title='bbox 3277 618 3378 656; x_wconf 85' lang='lat' dir='ltr'>seu</span> <span class='ocrx_word' id='word_1_393' title='bbox 3439 622 3734 668; x_wconf 84' lang='lat' dir='ltr'>sacrarum</span> 
     </span>
    </p>
   </div>
   <div class='ocr_carea' id='block_1_63' title="bbox 2086 677 3732 762">
    <p class='ocr_par' dir='ltr' id='par_1_63' title="bbox 2086 677 3732 762">
     <span class='ocr_line' id='line_1_64' title="bbox 2086 677 3732 762; baseline 0.016 -34"><span class='ocrx_word' id='word_1_394' title='bbox 2086 691 2277 730; x_wconf 85' lang='lat' dir='ltr'>rerum</span> <span class='ocrx_word' id='word_1_395' title='bbox 2311 677 2769 748; x_wconf 86' lang='lat' dir='ltr'>demonstrator,</span> <span class='ocrx_word' id='word_1_396' title='bbox 2803 682 3114 755; x_wconf 87' lang='lat' dir='ltr'>Dionysius</span> <span class='ocrx_word' id='word_1_397' title='bbox 3147 695 3349 747; x_wconf 87' lang='lat' dir='ltr'>auctor</span> <span class='ocrx_word' id='word_1_398' title='bbox 3379 703 3486 762; x_wconf 89' lang='lat' dir='ltr'>est,</span> <span class='ocrx_word' id='word_1_399' title='bbox 3521 701 3732 759; x_wconf 87' lang='lat' dir='ltr'>rationi</span> 
     </span>
    </p>
   </div>
   <div class='ocr_carea' id='block_1_64' title="bbox 2085 763 3729 858">
    <p class='ocr_par' dir='ltr' id='par_1_64' title="bbox 2085 763 3729 858">
     <span class='ocr_line' id='line_1_65' title="bbox 2085 763 3729 858; baseline 0.018 -42"><span class='ocrx_word' id='word_1_400' title='bbox 2085 763 2521 858; x_wconf 77' lang='lat' dir='ltr'>dissentaneum</span> <span class='ocrx_word' id='word_1_401' title='bbox 2548 767 2658 822; x_wconf 88' lang='lat' dir='ltr'>hoc</span> <span class='ocrx_word' id='word_1_402' title='bbox 2677 775 3006 843; x_wconf 85' lang='lat' dir='ltr'>esse,atque</span> <span class='ocrx_word' id='word_1_403' title='bbox 3028 776 3167 832; x_wconf 89' lang='lat' dir='ltr'>adeo</span> <span class='ocrx_word' id='word_1_404' title='bbox 3196 787 3532 853; x_wconf 84' lang='lat' dir='ltr'>praeposteri</span> <span class='ocrx_word' id='word_1_405' title='bbox 3550 790 3612 858; x_wconf 91' lang='lat' dir='ltr'>ju</span> <span class='ocrx_word' id='word_1_406' title='bbox 3639 793 3729 846; x_wconf 81' lang='lat' dir='ltr'>di-</span> 
     </span>
    </p>
   </div>
   <div class='ocr_carea' id='block_1_65' title="bbox 2080 850 3728 948">
    <p class='ocr_par' dir='ltr' id='par_1_65' title="bbox 2080 850 3728 948">
     <span class='ocr_line' id='line_1_66' title="bbox 2080 850 3728 948; baseline 0.02 -44"><span class='ocrx_word' id='word_1_407' title='bbox 2080 850 2154 906; x_wconf 93' lang='lat' dir='ltr'>cii</span> <span class='ocrx_word' id='word_1_408' title='bbox 2187 859 2622 924; x_wconf 82' lang='lat' dir='ltr'>argumentum,</span> <span class='ocrx_word' id='word_1_409' title='bbox 2654 857 2702 912; x_wconf 92' lang='lat' dir='ltr'>si</span> <span class='ocrx_word' id='word_1_410' title='bbox 2733 859 2866 928; x_wconf 87' lang='lat' dir='ltr'>quis</span> <span class='ocrx_word' id='word_1_411' title='bbox 2898 862 2948 916; x_wconf 88' lang='lat' dir='ltr'>vi</span> <span class='ocrx_word' id='word_1_412' title='bbox 2980 868 3034 918; x_wconf 91' lang='lat' dir='ltr'>et</span> <span class='ocrx_word' id='word_1_413' title='bbox 3065 882 3239 935; x_wconf 88' lang='lat' dir='ltr'>scopo</span> <span class='ocrx_word' id='word_1_414' title='bbox 3273 850 3456 928; x_wconf 79' lang='lat' dir='ltr'>rerum</span> <span class='ocrx_word' id='word_1_415' title='bbox 3489 850 3728 948; x_wconf 75' lang='lat' dir='ltr'>postpo-</span> 
     </span>
    </p>
   </div>
   <div class='ocr_carea' id='block_1_66' title="bbox 2079 942 3721 1040">
    <p class='ocr_par' dir='ltr' id='par_1_66' title="bbox 2079 942 3721 1040">
     <span class='ocr_line' id='line_1_67' title="bbox 2079 942 3721 1040; baseline 0.018 -45"><span class='ocrx_word' id='word_1_416' title='bbox 2079 942 2232 1040; x_wconf 81' lang='lat' dir='ltr'>sitis,</span> <span class='ocrx_word' id='word_1_417' title='bbox 2265 961 2294 996; x_wconf 78' lang='grc' dir='ltr'>ει</span> <span class='ocrx_word' id='word_1_418' title='bbox 2327 943 2632 1000; x_wconf 89' lang='lat' dir='ltr'>verborum</span> <span class='ocrx_word' id='word_1_419' title='bbox 2665 947 3090 1018; x_wconf 79' lang='lat' dir='ltr'>significatione</span> <span class='ocrx_word' id='word_1_420' title='bbox 3135 942 3721 1040; x_wconf 50' lang='lat' dir='ltr'>dependeat—Diony-</span> 
     </span>
    </p>
   </div>
   <div class='ocr_carea' id='block_1_67' title="bbox 2078 1031 3722 1125">
    <p class='ocr_par' dir='ltr' id='par_1_67' title="bbox 2078 1031 3722 1125">
     <span class='ocr_line' id='line_1_68' title="bbox 2078 1031 3722 1125; baseline 0.018 -39"><span class='ocrx_word' id='word_1_421' title='bbox 2078 1031 2204 1087; x_wconf 90' lang='lat' dir='ltr'>sius</span> <span class='ocrx_word' id='word_1_422' title='bbox 2229 1047 2454 1104; x_wconf 90' lang='lat' dir='ltr'>quoque</span> <span class='ocrx_word' id='word_1_423' title='bbox 2515 1034 2942 1093; x_wconf 85' lang='lat' dir='ltr'>Alexandrinus</span> <span class='ocrx_word' id='word_1_424' title='bbox 3004 1041 3099 1098; x_wconf 92' lang='lat' dir='ltr'>ille</span> <span class='ocrx_word' id='word_1_425' title='bbox 3131 1045 3326 1102; x_wconf 88' lang='lat' dir='ltr'>rhetor</span> <span class='ocrx_word' id='word_1_426' title='bbox 3373 1051 3428 1105; x_wconf 91' lang='lat' dir='ltr'>in</span> <span class='ocrx_word' id='word_1_427' title='bbox 3482 1031 3722 1125; x_wconf 63' lang='lat' dir='ltr'>scholis,</span> 
     </span>
    </p>
   </div>
   <div class='ocr_carea' id='block_1_68' title="bbox 2077 1120 3721 1212">
    <p class='ocr_par' dir='ltr' id='par_1_68' title="bbox 2077 1120 3721 1212">
     <span class='ocr_line' id='line_1_69' title="bbox 2077 1120 3721 1212; baseline 0.019 -40"><span class='ocrx_word' id='word_1_428' title='bbox 2077 1136 2202 1190; x_wconf 78' lang='lat' dir='ltr'>quze</span> <span class='ocrx_word' id='word_1_429' title='bbox 2234 1121 2292 1212; x_wconf 82' lang='lat' dir='ltr'>in</span> <span class='ocrx_word' id='word_1_430' title='bbox 2327 1120 2438 1176; x_wconf 91' lang='lat' dir='ltr'>sibi</span> <span class='ocrx_word' id='word_1_431' title='bbox 2500 1125 2903 1212; x_wconf 84' lang='lat' dir='ltr'>cognominem</span> <span class='ocrx_word' id='word_1_432' title='bbox 2938 1135 3320 1204; x_wconf 82' lang='lat' dir='ltr'>AreOpagiten</span> <span class='ocrx_word' id='word_1_433' title='bbox 3353 1140 3557 1209; x_wconf 89' lang='lat' dir='ltr'>edidit,</span> <span class='ocrx_word' id='word_1_434' title='bbox 3621 1120 3721 1212; x_wconf 75' lang='lat' dir='ltr'>ait,</span> 
     </span>
    </p>
   </div>
   <div class='ocr_carea' id='block_1_69' title="bbox 2075 1207 3723 1300">
    <p class='ocr_par' dir='ltr' id='par_1_69' title="bbox 2075 1207 3723 1300">
     <span class='ocr_line' id='line_1_70' title="bbox 2075 1207 3723 1300; baseline 0.019 -42"><span class='ocrx_word' id='word_1_435' title='bbox 2075 1207 2398 1278; x_wconf 84' lang='lat' dir='ltr'>ingenitum</span> <span class='ocrx_word' id='word_1_436' title='bbox 2433 1211 2590 1280; x_wconf 90' lang='lat' dir='ltr'>apud</span> <span class='ocrx_word' id='word_1_437' title='bbox 2621 1222 2884 1269; x_wconf 78' lang='lat' dir='ltr'>externos</span> <span class='ocrx_word' id='word_1_438' title='bbox 2915 1234 3014 1271; x_wconf 90' lang='lat' dir='ltr'>seu</span> <span class='ocrx_word' id='word_1_439' title='bbox 3042 1221 3314 1290; x_wconf 80' lang='lat' dir='ltr'>profanos</span> <span class='ocrx_word' id='word_1_440' title='bbox 3347 1207 3723 1300; x_wconf 84' lang='lat' dir='ltr'>philosophos</span> 
     </span>
    </p>
   </div>
   <div class='ocr_carea' id='block_1_70' title="bbox 2074 1302 3718 1390">
    <p class='ocr_par' dir='ltr' id='par_1_70' title="bbox 2074 1302 3718 1390">
     <span class='ocr_line' id='line_1_71' title="bbox 2074 1302 3718 1390; baseline 0.018 -40"><span class='ocrx_word' id='word_1_441' title='bbox 2074 1313 2303 1352; x_wconf 87' lang='lat' dir='ltr'>omnem</span> <span class='ocrx_word' id='word_1_442' title='bbox 2363 1302 2630 1354; x_wconf 85' lang='lat' dir='ltr'>naturam</span> <span class='ocrx_word' id='word_1_443' title='bbox 2666 1302 3016 1372; x_wconf 70' lang='lat' dir='ltr'>signiﬁcare,</span> <span class='ocrx_word' id='word_1_444' title='bbox 3067 1327 3192 1379; x_wconf 64' lang='lat' dir='ltr'>quae</span> <span class='ocrx_word' id='word_1_445' title='bbox 3251 1317 3360 1369; x_wconf 79' lang='lat' dir='ltr'>sub</span> <span class='ocrx_word' id='word_1_446' title='bbox 3419 1326 3718 1390; x_wconf 88' lang='lat' dir='ltr'>aspectum</span> 
     </span>
    </p>
   </div>
   <div class='ocr_carea' id='block_1_71' title="bbox 2073 1387 3716 1476">
    <p class='ocr_par' dir='ltr' id='par_1_71' title="bbox 2073 1387 3716 1476">
     <span class='ocr_line' id='line_1_72' title="bbox 2073 1387 3716 1476; baseline 0.018 -37"><span class='ocrx_word' id='word_1_447' title='bbox 2073 1402 2187 1442; x_wconf 91' lang='lat' dir='ltr'>non</span> <span class='ocrx_word' id='word_1_448' title='bbox 2213 1387 2389 1443; x_wconf 89' lang='lat' dir='ltr'>cadit.</span> <span class='ocrx_word' id='word_1_449' title='bbox 2428 1389 2640 1444; x_wconf 74' lang='lat' dir='ltr'>Adhazc</span> <span class='ocrx_word' id='word_1_450' title='bbox 2683 1394 2970 1450; x_wconf 87' lang='lat' dir='ltr'>essentias</span> <span class='ocrx_word' id='word_1_451' title='bbox 3019 1416 3250 1470; x_wconf 91' lang='lat' dir='ltr'>quoque</span> <span class='ocrx_word' id='word_1_452' title='bbox 3281 1409 3431 1476; x_wconf 87' lang='lat' dir='ltr'>apud</span> <span class='ocrx_word' id='word_1_453' title='bbox 3485 1387 3716 1469; x_wconf 80' lang='lat' dir='ltr'>eosdem</span> 
     </span>
    </p>
   </div>
   <div class='ocr_carea' id='block_1_72' title="bbox 2072 1475 3715 1565">
    <p class='ocr_par' dir='ltr' id='par_1_72' title="bbox 2072 1475 3715 1565">
     <span class='ocr_line' id='line_1_73' title="bbox 2072 1475 3715 1565; baseline 0.018 -39"><span class='ocrx_word' id='word_1_454' title='bbox 2072 1489 2175 1544; x_wconf 91' lang='lat' dir='ltr'>pro</span> <span class='ocrx_word' id='word_1_455' title='bbox 2209 1475 2622 1545; x_wconf 86' lang='lat' dir='ltr'>hypostasibus</span> <span class='ocrx_word' id='word_1_456' title='bbox 2679 1483 2949 1551; x_wconf 90' lang='lat' dir='ltr'>usurpari</span> <span class='ocrx_word' id='word_1_457' title='bbox 2979 1500 2989 1536; x_wconf 93' lang='lat'>:</span> <span class='ocrx_word' id='word_1_458' title='bbox 3024 1493 3080 1539; x_wconf 87' lang='lat' dir='ltr'>et</span> <span class='ocrx_word' id='word_1_459' title='bbox 3135 1475 3330 1544; x_wconf 24' lang='lat' dir='ltr'>intra;</span> <span class='ocrx_word' id='word_1_460' title='bbox 3366 1493 3715 1565; x_wconf 88' lang='lat' dir='ltr'>Hujusmodi</span> 
     </span>
    </p>
   </div>
   <div class='ocr_carea' id='block_1_73' title="bbox 2091 1568 3721 1659">
    <p class='ocr_par' dir='ltr' id='par_1_73' title="bbox 2091 1568 3721 1659">
     <span class='ocr_line' id='line_1_74' title="bbox 2091 1568 3721 1659; baseline 0.014 -41"><span class='ocrx_word' id='word_1_461' title='bbox 2091 1568 2243 1618; x_wconf 88' lang='lat' dir='ltr'>certe</span> <span class='ocrx_word' id='word_1_462' title='bbox 2300 1580 2467 1619; x_wconf 89' lang='lat' dir='ltr'>voces</span> <span class='ocrx_word' id='word_1_463' title='bbox 2517 1568 2670 1635; x_wconf 85' lang='lat' dir='ltr'>apud</span> <span class='ocrx_word' id='word_1_464' title='bbox 2729 1573 3159 1642; x_wconf 83' lang='lat' dir='ltr'>Areopagitam,</span> <span class='ocrx_word' id='word_1_465' title='bbox 3215 1578 3452 1650; x_wconf 89' lang='lat' dir='ltr'>Nazian,</span> <span class='ocrx_word' id='word_1_466' title='bbox 3487 1602 3721 1659; x_wconf 87' lang='lat' dir='ltr'>quoque</span> 
     </span>
    </p>
   </div>
   <div class='ocr_carea' id='block_1_74' title="bbox 2070 1652 3717 1739">
    <p class='ocr_par' dir='ltr' id='par_1_74' title="bbox 2070 1652 3717 1739">
     <span class='ocr_line' id='line_1_75' title="bbox 2070 1652 3717 1739; baseline 0.016 -33"><span class='ocrx_word' id='word_1_467' title='bbox 2070 1652 2310 1707; x_wconf 90' lang='lat' dir='ltr'>abusive</span> <span class='ocrx_word' id='word_1_468' title='bbox 2334 1662 2641 1724; x_wconf 89' lang='lat' dir='ltr'>usurpatas</span> <span class='ocrx_word' id='word_1_469' title='bbox 2666 1652 3520 1739; x_wconf 75' lang='lat' dir='ltr'>deprehendamus.Gregorius</span> <span class='ocrx_word' id='word_1_470' title='bbox 3545 1652 3717 1732; x_wconf 79' lang='lat' dir='ltr'>etiam</span> 
     </span>
    </p>
   </div>
   <div class='ocr_carea' id='block_1_75' title="bbox 2069 1741 3720 1827">
    <p class='ocr_par' dir='ltr' id='par_1_75' title="bbox 2069 1741 3720 1827">
     <span class='ocr_line' id='line_1_76' title="bbox 2069 1741 3720 1827; baseline 0.016 -33"><span class='ocrx_word' id='word_1_471' title='bbox 2069 1741 2403 1813; x_wconf 85' lang='lat' dir='ltr'>Theologus</span> <span class='ocrx_word' id='word_1_472' title='bbox 2432 1743 2510 1798; x_wconf 89' lang='lat' dir='ltr'>ita</span> <span class='ocrx_word' id='word_1_473' title='bbox 2541 1745 2744 1800; x_wconf 89' lang='lat' dir='ltr'>scribit</span> <span class='ocrx_word' id='word_1_474' title='bbox 2777 1764 2789 1801; x_wconf 91' lang='lat'>:</span> <span class='ocrx_word' id='word_1_475' title='bbox 2845 1748 3042 1820; x_wconf 84' lang='lat' dir='ltr'>Neque</span> <span class='ocrx_word' id='word_1_476' title='bbox 3101 1769 3228 1809; x_wconf 81' lang='lat' dir='ltr'>vero</span> <span class='ocrx_word' id='word_1_477' title='bbox 3262 1759 3357 1827; x_wconf 89' lang='lat' dir='ltr'>qui</span> <span class='ocrx_word' id='word_1_478' title='bbox 3403 1761 3471 1816; x_wconf 89' lang='lat' dir='ltr'>de</span> <span class='ocrx_word' id='word_1_479' title='bbox 3528 1766 3720 1821; x_wconf 81' lang='lat' dir='ltr'>verbis</span> 
     </span>
    </p>
   </div>
   <div class='ocr_carea' id='block_1_76' title="bbox 2068 1830 3713 1921">
    <p class='ocr_par' dir='ltr' id='par_1_76' title="bbox 2068 1830 3713 1921">
     <span class='ocr_line' id='line_1_77' title="bbox 2068 1830 3713 1921; baseline 0.016 -38"><span class='ocrx_word' id='word_1_480' title='bbox 2068 1830 2489 1900; x_wconf 86' lang='lat' dir='ltr'>digladiantur,</span> <span class='ocrx_word' id='word_1_481' title='bbox 2520 1833 2579 1887; x_wconf 91' lang='lat' dir='ltr'>id</span> <span class='ocrx_word' id='word_1_482' title='bbox 2610 1835 2746 1890; x_wconf 87' lang='lat' dir='ltr'>vitio</span> <span class='ocrx_word' id='word_1_483' title='bbox 2781 1839 2948 1893; x_wconf 86' lang='lat' dir='ltr'>nobis</span> <span class='ocrx_word' id='word_1_484' title='bbox 2972 1847 3221 1912; x_wconf 82' lang='lat' dir='ltr'>vertant,</span> <span class='ocrx_word' id='word_1_485' title='bbox 3245 1853 3416 1916; x_wconf 85' lang='lat' dir='ltr'>quasi</span> <span class='ocrx_word' id='word_1_486' title='bbox 3443 1851 3713 1921; x_wconf 88' lang='lat' dir='ltr'>pietatem</span> 
     </span>
    </p>
   </div>
   <div class='ocr_carea' id='block_1_77' title="bbox 2071 1919 3715 2004">
    <p class='ocr_par' dir='ltr' id='par_1_77' title="bbox 2071 1919 3715 2004">
     <span class='ocr_line' id='line_1_78' title="bbox 2071 1919 3715 2004; baseline 0.016 -32"><span class='ocrx_word' id='word_1_487' title='bbox 2071 1919 2431 1988; x_wconf 88' lang='lat' dir='ltr'>nominibus,</span> <span class='ocrx_word' id='word_1_488' title='bbox 2463 1929 2518 1976; x_wconf 83' lang='lat' dir='ltr'>at</span> <span class='ocrx_word' id='word_1_489' title='bbox 2551 1940 2666 1978; x_wconf 91' lang='lat' dir='ltr'>non</span> <span class='ocrx_word' id='word_1_490' title='bbox 2701 1926 2873 1981; x_wconf 89' lang='lat' dir='ltr'>rebus</span> <span class='ocrx_word' id='word_1_491' title='bbox 2893 1929 3274 1990; x_wconf 87' lang='lat' dir='ltr'>ascribamus.</span> <span class='ocrx_word' id='word_1_492' title='bbox 3309 1919 3476 2004; x_wconf 81' lang='lat' dir='ltr'>Item,</span> <span class='ocrx_word' id='word_1_493' title='bbox 3502 1943 3715 2000; x_wconf 86' lang='lat' dir='ltr'>veritas</span> 
     </span>
    </p>
   </div>
   <div class='ocr_carea' id='block_1_78' title="bbox 2069 2010 3724 2088">
    <p class='ocr_par' dir='ltr' id='par_1_78' title="bbox 2069 2010 3724 2088">
     <span class='ocr_line' id='line_1_79' title="bbox 2069 2010 3724 2088; baseline 0.015 -24"><span class='ocrx_word' id='word_1_494' title='bbox 2069 2010 2238 2064; x_wconf 90' lang='lat' dir='ltr'>nobis</span> <span class='ocrx_word' id='word_1_495' title='bbox 2285 2028 2399 2066; x_wconf 90' lang='lat' dir='ltr'>non</span> <span class='ocrx_word' id='word_1_496' title='bbox 2458 2015 2817 2086; x_wconf 88' lang='lat' dir='ltr'>nominibus,</span> <span class='ocrx_word' id='word_1_497' title='bbox 2874 2023 2932 2071; x_wconf 89' lang='lat' dir='ltr'>at</span> <span class='ocrx_word' id='word_1_498' title='bbox 2983 2021 3157 2075; x_wconf 80' lang='lat' dir='ltr'>rebus</span> <span class='ocrx_word' id='word_1_499' title='bbox 3211 2024 3402 2081; x_wconf 89' lang='lat' dir='ltr'>inesse</span> <span class='ocrx_word' id='word_1_500' title='bbox 3470 2029 3724 2088; x_wconf 87' lang='lat' dir='ltr'>videtur.</span> 
     </span>
    </p>
   </div>
   <div class='ocr_carea' id='block_1_79' title="bbox 2066 2097 3720 2190">
    <p class='ocr_par' dir='ltr' id='par_1_79' title="bbox 2066 2097 3720 2190">
     <span class='ocr_line' id='line_1_80' title="bbox 2066 2097 3720 2190; baseline 0.015 -38"><span class='ocrx_word' id='word_1_501' title='bbox 2066 2097 2315 2153; x_wconf 88' lang='lat' dir='ltr'>Proinde</span> <span class='ocrx_word' id='word_1_502' title='bbox 2347 2116 2472 2172; x_wconf 75' lang='lat' dir='ltr'>quae</span> <span class='ocrx_word' id='word_1_503' title='bbox 2505 2102 2745 2159; x_wconf 89' lang='lat' dir='ltr'>abusive</span> <span class='ocrx_word' id='word_1_504' title='bbox 2792 2104 3086 2175; x_wconf 82' lang='lat' dir='ltr'>dicuntur,</span> <span class='ocrx_word' id='word_1_505' title='bbox 3145 2126 3210 2164; x_wconf 84' lang='lat' dir='ltr'>ea</span> <span class='ocrx_word' id='word_1_506' title='bbox 3269 2130 3457 2186; x_wconf 87' lang='lat' dir='ltr'>neque</span> <span class='ocrx_word' id='word_1_507' title='bbox 3489 2123 3720 2190; x_wconf 84' lang='lat' dir='ltr'>proprie</span> 
     </span>
    </p>
   </div>
   <div class='ocr_carea' id='block_1_80' title="bbox 2067 2187 3718 2280">
    <p class='ocr_par' dir='ltr' id='par_1_80' title="bbox 2067 2187 3718 2280">
     <span class='ocr_line' id='line_1_81' title="bbox 2067 2187 3718 2280; baseline 0.016 -40"><span class='ocrx_word' id='word_1_508' title='bbox 2067 2187 2121 2241; x_wconf 93' lang='lat' dir='ltr'>id</span> <span class='ocrx_word' id='word_1_509' title='bbox 2157 2193 2316 2257; x_wconf 91' lang='lat' dir='ltr'>sunt,</span> <span class='ocrx_word' id='word_1_510' title='bbox 2343 2192 2497 2260; x_wconf 89' lang='lat' dir='ltr'>quod</span> <span class='ocrx_word' id='word_1_511' title='bbox 2533 2193 2830 2261; x_wconf 89' lang='lat' dir='ltr'>dicuntur,</span> <span class='ocrx_word' id='word_1_512' title='bbox 2867 2197 3006 2266; x_wconf 90' lang='lat' dir='ltr'>quia</span> <span class='ocrx_word' id='word_1_513' title='bbox 3051 2198 3328 2257; x_wconf 86' lang='lat' dir='ltr'>nimirum</span> <span class='ocrx_word' id='word_1_514' title='bbox 3383 2221 3452 2259; x_wconf 91' lang='lat' dir='ltr'>ne</span> <span class='ocrx_word' id='word_1_515' title='bbox 3486 2187 3718 2280; x_wconf 82' lang='lat' dir='ltr'>proprie</span> 
     </span>
    </p>
   </div>
   <div class='ocr_carea' id='block_1_81' title="bbox 2064 2276 3717 2361">
    <p class='ocr_par' dir='ltr' id='par_1_81' title="bbox 2064 2276 3717 2361">
     <span class='ocr_line' id='line_1_82' title="bbox 2064 2276 3717 2361; baseline 0.015 -32"><span class='ocrx_word' id='word_1_516' title='bbox 2064 2276 2300 2346; x_wconf 88' lang='lat' dir='ltr'>quidem</span> <span class='ocrx_word' id='word_1_517' title='bbox 2333 2279 2390 2332; x_wconf 89' lang='lat' dir='ltr'>id</span> <span class='ocrx_word' id='word_1_518' title='bbox 2423 2280 2698 2336; x_wconf 90' lang='lat' dir='ltr'>dicuntur</span> <span class='ocrx_word' id='word_1_519' title='bbox 2746 2283 2901 2352; x_wconf 91' lang='lat' dir='ltr'>quod</span> <span class='ocrx_word' id='word_1_520' title='bbox 2968 2291 3150 2342; x_wconf 89' lang='lat' dir='ltr'>sunt:</span> <span class='ocrx_word' id='word_1_521' title='bbox 3195 2306 3381 2361; x_wconf 91' lang='lat' dir='ltr'>neque</span> <span class='ocrx_word' id='word_1_522' title='bbox 3413 2310 3441 2348; x_wconf 92' lang='lat' dir='ltr'>e</span> <span class='ocrx_word' id='word_1_523' title='bbox 3488 2276 3717 2355; x_wconf 76' lang='lat' dir='ltr'>diverso</span> 
     </span>
    </p>
   </div>
   <div class='ocr_carea' id='block_1_82' title="bbox 2062 2362 3511 2452">
    <p class='ocr_par' dir='ltr' id='par_1_82' title="bbox 2062 2362 3511 2452">
     <span class='ocr_line' id='line_1_83' title="bbox 2062 2362 3511 2452; baseline 0.014 -34"><span class='ocrx_word' id='word_1_524' title='bbox 2062 2362 2204 2419; x_wconf 89' lang='lat' dir='ltr'>talia</span> <span class='ocrx_word' id='word_1_525' title='bbox 2233 2365 2665 2438; x_wconf 88' lang='lat' dir='ltr'>intelliguntur,</span> <span class='ocrx_word' id='word_1_526' title='bbox 2700 2371 2896 2439; x_wconf 88' lang='lat' dir='ltr'>qualia</span> <span class='ocrx_word' id='word_1_527' title='bbox 2926 2389 3032 2428; x_wconf 81' lang='lat' dir='ltr'>vox</span> <span class='ocrx_word' id='word_1_528' title='bbox 3067 2374 3193 2445; x_wconf 89' lang='lat' dir='ltr'>ipsa</span> <span class='ocrx_word' id='word_1_529' title='bbox 3223 2380 3511 2452; x_wconf 86' lang='lat' dir='ltr'>designat.</span> 
     </span>
    </p>
   </div>
   <div class='ocr_carea' id='block_1_83' title="bbox 2130 2453 3711 2542">
    <p class='ocr_par' dir='ltr' id='par_1_83' title="bbox 2130 2453 3711 2542">
     <span class='ocr_line' id='line_1_84' title="bbox 2130 2453 3711 2542; baseline 0.015 -35"><span class='ocrx_word' id='word_1_530' title='bbox 2130 2453 2262 2508; x_wconf 85' lang='lat' dir='ltr'>Jam</span> <span class='ocrx_word' id='word_1_531' title='bbox 2298 2471 2428 2510; x_wconf 91' lang='lat' dir='ltr'>vero</span> <span class='ocrx_word' id='word_1_532' title='bbox 2455 2472 2589 2513; x_wconf 90' lang='lat' dir='ltr'>cum</span> <span class='ocrx_word' id='word_1_533' title='bbox 2621 2458 2867 2528; x_wconf 81' lang='lat' dir='ltr'>Cyrillus</span> <span class='ocrx_word' id='word_1_534' title='bbox 2902 2461 3314 2534; x_wconf 85' lang='lat' dir='ltr'>hypostaseon,</span> <span class='ocrx_word' id='word_1_535' title='bbox 3345 2472 3711 2542; x_wconf 90' lang='lat' dir='ltr'>conjunctio-</span> 
     </span>
    </p>
   </div>
   <div class='ocr_carea' id='block_1_84' title="bbox 2061 2541 3712 2630">
    <p class='ocr_par' dir='ltr' id='par_1_84' title="bbox 2061 2541 3712 2630">
     <span class='ocr_line' id='line_1_85' title="bbox 2061 2541 3712 2630; baseline 0.016 -35"><span class='ocrx_word' id='word_1_536' title='bbox 2061 2541 2174 2610; x_wconf 90' lang='lat' dir='ltr'>nis,</span> <span class='ocrx_word' id='word_1_537' title='bbox 2206 2543 2567 2613; x_wconf 74' lang='lat' dir='ltr'>differentiae,</span> <span class='ocrx_word' id='word_1_538' title='bbox 2612 2555 2672 2602; x_wconf 91' lang='lat' dir='ltr'>et</span> <span class='ocrx_word' id='word_1_539' title='bbox 2717 2549 3088 2620; x_wconf 89' lang='lat' dir='ltr'>proprietatis</span> <span class='ocrx_word' id='word_1_540' title='bbox 3141 2541 3495 2616; x_wconf 85' lang='lat' dir='ltr'>mentionem</span> <span class='ocrx_word' id='word_1_541' title='bbox 3550 2565 3712 2630; x_wconf 84' lang='lat' dir='ltr'>facit,</span> 
     </span>
    </p>
   </div>
   <div class='ocr_carea' id='block_1_85' title="bbox 2061 2631 3709 2722">
    <p class='ocr_par' dir='ltr' id='par_1_85' title="bbox 2061 2631 3709 2722">
     <span class='ocr_line' id='line_1_86' title="bbox 2061 2631 3709 2722; baseline 0.016 -39"><span class='ocrx_word' id='word_1_542' title='bbox 2061 2637 2196 2684; x_wconf 91' lang='lat' dir='ltr'>tunc</span> <span class='ocrx_word' id='word_1_543' title='bbox 2228 2631 2620 2703; x_wconf 79' lang='lat' dir='ltr'>hypostaseon</span> <span class='ocrx_word' id='word_1_544' title='bbox 2649 2653 2858 2692; x_wconf 88' lang='lat' dir='ltr'>nomen</span> <span class='ocrx_word' id='word_1_545' title='bbox 2888 2656 2991 2709; x_wconf 89' lang='lat' dir='ltr'>pro</span> <span class='ocrx_word' id='word_1_546' title='bbox 3020 2643 3291 2701; x_wconf 88' lang='lat' dir='ltr'>essentiis</span> <span class='ocrx_word' id='word_1_547' title='bbox 3325 2653 3709 2722; x_wconf 86' lang='lat' dir='ltr'>usurpat,bac</span> 
     </span>
    </p>
   </div>
   <div class='ocr_carea' id='block_1_86' title="bbox 2060 2723 3710 2798">
    <p class='ocr_par' dir='ltr' id='par_1_86' title="bbox 2060 2723 3710 2798">
     <span class='ocr_line' id='line_1_87' title="bbox 2060 2723 3710 2798; baseline 0.016 -27"><span class='ocrx_word' id='word_1_548' title='bbox 2060 2735 2193 2774; x_wconf 89' lang='lat' dir='ltr'>voce</span> <span class='ocrx_word' id='word_1_549' title='bbox 2218 2723 2560 2789; x_wconf 87' lang='lat' dir='ltr'>conjunctas</span> <span class='ocrx_word' id='word_1_550' title='bbox 2584 2730 2823 2782; x_wconf 88' lang='lat' dir='ltr'>naturas</span> <span class='ocrx_word' id='word_1_551' title='bbox 2883 2744 2984 2798; x_wconf 91' lang='lat' dir='ltr'>per</span> <span class='ocrx_word' id='word_1_552' title='bbox 3015 2747 3077 2784; x_wconf 89' lang='lat' dir='ltr'>se</span> <span class='ocrx_word' id='word_1_553' title='bbox 3110 2733 3433 2792; x_wconf 89' lang='lat' dir='ltr'>subsistere</span> <span class='ocrx_word' id='word_1_554' title='bbox 3464 2741 3710 2797; x_wconf 88' lang='lat' dir='ltr'>demon-</span> 
     </span>
    </p>
   </div>
   <div class='ocr_carea' id='block_1_87' title="bbox 2059 2811 3700 2894">
    <p class='ocr_par' dir='ltr' id='par_1_87' title="bbox 2059 2811 3700 2894">
     <span class='ocr_line' id='line_1_88' title="bbox 2059 2811 3700 2894; baseline 0.017 -36"><span class='ocrx_word' id='word_1_555' title='bbox 2059 2811 2280 2874; x_wconf 88' lang='lat' dir='ltr'>strans,</span> <span class='ocrx_word' id='word_1_556' title='bbox 2334 2813 2507 2879; x_wconf 89' lang='lat' dir='ltr'>atque</span> <span class='ocrx_word' id='word_1_557' title='bbox 2583 2812 2795 2868; x_wconf 90' lang='lat' dir='ltr'>docens</span> <span class='ocrx_word' id='word_1_558' title='bbox 2876 2817 3168 2887; x_wconf 83' lang='lat' dir='ltr'>ejusmodi</span> <span class='ocrx_word' id='word_1_559' title='bbox 3229 2824 3700 2894; x_wconf 87' lang='lat' dir='ltr'>conjunctionem</span> 
     </span>
    </p>
   </div>
   <div class='ocr_carea' id='block_1_88' title="bbox 2060 2894 3700 2978">
    <p class='ocr_par' dir='ltr' id='par_1_88' title="bbox 2060 2894 3700 2978">
     <span class='ocr_line' id='line_1_89' title="bbox 2060 2894 3700 2978; baseline 0.017 -31"><span class='ocrx_word' id='word_1_560' title='bbox 2060 2894 2516 2968; x_wconf 86' lang='lat' dir='ltr'>haudquaquam</span> <span class='ocrx_word' id='word_1_561' title='bbox 2565 2899 3016 2960; x_wconf 89' lang='lat' dir='ltr'>similitudinum</span> <span class='ocrx_word' id='word_1_562' title='bbox 3063 2914 3454 2978; x_wconf 87' lang='lat' dir='ltr'>quarumdam</span> <span class='ocrx_word' id='word_1_563' title='bbox 3484 2918 3700 2974; x_wconf 80' lang='lat' dir='ltr'>forma-</span> 
     </span>
    </p>
   </div>
   <div class='ocr_carea' id='block_1_89' title="bbox 2060 2989 3701 3071">
    <p class='ocr_par' dir='ltr' id='par_1_89' title="bbox 2060 2989 3701 3071">
     <span class='ocr_line' id='line_1_90' title="bbox 2060 2989 3701 3071; baseline 0.016 -34"><span class='ocrx_word' id='word_1_564' title='bbox 2060 3001 2310 3055; x_wconf 89' lang='lat' dir='ltr'>rumque</span> <span class='ocrx_word' id='word_1_565' title='bbox 2361 3004 2463 3057; x_wconf 90' lang='lat' dir='ltr'>per</span> <span class='ocrx_word' id='word_1_566' title='bbox 2510 3005 2572 3043; x_wconf 90' lang='lat' dir='ltr'>se</span> <span class='ocrx_word' id='word_1_567' title='bbox 2620 2989 2859 3046; x_wconf 90' lang='lat' dir='ltr'>minime</span> <span class='ocrx_word' id='word_1_568' title='bbox 2905 2997 3351 3055; x_wconf 87' lang='lat' dir='ltr'>consistentium</span> <span class='ocrx_word' id='word_1_569' title='bbox 3399 3005 3541 3071; x_wconf 82' lang='lat' dir='ltr'>ﬁeri,</span> <span class='ocrx_word' id='word_1_570' title='bbox 3603 3011 3701 3063; x_wconf 88' lang='lat' dir='ltr'>sed</span> 
     </span>
    </p>
   </div>
   <div class='ocr_carea' id='block_1_90' title="bbox 2059 3079 3702 3152">
    <p class='ocr_par' dir='ltr' id='par_1_90' title="bbox 2059 3079 3702 3152">
     <span class='ocr_line' id='line_1_91' title="bbox 2059 3079 3702 3152; baseline 0.016 -26"><span class='ocrx_word' id='word_1_571' title='bbox 2059 3088 2260 3128; x_wconf 90' lang='lat' dir='ltr'>earum</span> <span class='ocrx_word' id='word_1_572' title='bbox 2290 3091 2483 3129; x_wconf 88' lang='lat' dir='ltr'>rerum</span> <span class='ocrx_word' id='word_1_573' title='bbox 2516 3092 2643 3147; x_wconf 80' lang='lat' dir='ltr'>quae</span> <span class='ocrx_word' id='word_1_574' title='bbox 2661 3079 3179 3147; x_wconf 88' lang='lat' dir='ltr'>subsistunt.0uod</span> <span class='ocrx_word' id='word_1_575' title='bbox 3207 3092 3272 3143; x_wconf 90' lang='lat' dir='ltr'>ut</span> <span class='ocrx_word' id='word_1_576' title='bbox 3293 3090 3375 3146; x_wconf 88' lang='lat' dir='ltr'>ita</span> <span class='ocrx_word' id='word_1_577' title='bbox 3398 3109 3461 3147; x_wconf 87' lang='lat' dir='ltr'>se</span> <span class='ocrx_word' id='word_1_578' title='bbox 3491 3095 3702 3152; x_wconf 87' lang='lat' dir='ltr'>habere</span> 
     </span>
    </p>
   </div>
   <div class='ocr_carea' id='block_1_91' title="bbox 2061 3165 3698 3250">
    <p class='ocr_par' dir='ltr' id='par_1_91' title="bbox 2061 3165 3698 3250">
     <span class='ocr_line' id='line_1_92' title="bbox 2061 3165 3698 3250; baseline 0.015 -35"><span class='ocrx_word' id='word_1_579' title='bbox 2061 3166 2304 3231; x_wconf 90' lang='lat' dir='ltr'>constet,</span> <span class='ocrx_word' id='word_1_580' title='bbox 2342 3165 2492 3219; x_wconf 89' lang='lat' dir='ltr'>idem</span> <span class='ocrx_word' id='word_1_581' title='bbox 2529 3165 2739 3236; x_wconf 86' lang='lat' dir='ltr'>ipsein</span> <span class='ocrx_word' id='word_1_582' title='bbox 2775 3170 2965 3239; x_wconf 91' lang='lat' dir='ltr'>prima</span> <span class='ocrx_word' id='word_1_583' title='bbox 2997 3175 3275 3247; x_wconf 79' lang='lat' dir='ltr'>Apologia</span> <span class='ocrx_word' id='word_1_584' title='bbox 3332 3180 3503 3250; x_wconf 78' lang='lat' dir='ltr'>primi</span> <span class='ocrx_word' id='word_1_585' title='bbox 3545 3201 3698 3240; x_wconf 87' lang='lat' dir='ltr'>ana-</span> 
     </span>
    </p>
   </div>
   <div class='ocr_carea' id='block_1_92' title="bbox 1975 3233 3701 3344">
    <p class='ocr_par' dir='ltr' id='par_1_92' title="bbox 1975 3233 3701 3344">
     <span class='ocr_line' id='line_1_93' title="bbox 1975 3233 3701 3344; baseline 0.017 -42"><span class='ocrx_word' id='word_1_586' title='bbox 1975 3233 2017 3298; x_wconf 82' lang='lat' dir='ltr'>C</span> <span class='ocrx_word' id='word_1_587' title='bbox 2057 3250 2418 3307; x_wconf 87' lang='lat' dir='ltr'>thematismi</span> <span class='ocrx_word' id='word_1_588' title='bbox 2472 3233 2748 3311; x_wconf 79' lang='lat' dir='ltr'>adversus</span> <span class='ocrx_word' id='word_1_589' title='bbox 2775 3233 3146 3318; x_wconf 37' lang='lat' dir='ltr'>Theodoreti</span> <span class='ocrx_word' id='word_1_590' title='bbox 3183 3233 3701 3344; x_wconf 55' lang='lat' dir='ltr'>reprehensiones,</span> 
     </span>
    </p>
   </div>
   <div class='ocr_carea' id='block_1_93' title="bbox 2050 3341 3700 3436">
    <p class='ocr_par' dir='ltr' id='par_1_93' title="bbox 2050 3341 3700 3436">
     <span class='ocr_line' id='line_1_94' title="bbox 2050 3341 3700 3436; baseline 0.017 -40"><span class='ocrx_word' id='word_1_591' title='bbox 2050 3341 2132 3396; x_wconf 92' lang='lat' dir='ltr'>sic</span> <span class='ocrx_word' id='word_1_592' title='bbox 2179 3343 2297 3399; x_wconf 91' lang='lat' dir='ltr'>ait:</span> <span class='ocrx_word' id='word_1_593' title='bbox 2351 3345 2549 3401; x_wconf 87' lang='lat' dir='ltr'>Discat</span> <span class='ocrx_word' id='word_1_594' title='bbox 2586 3364 2719 3403; x_wconf 90' lang='lat' dir='ltr'>vero</span> <span class='ocrx_word' id='word_1_595' title='bbox 2768 3350 2976 3420; x_wconf 89' lang='lat' dir='ltr'>obiter,</span> <span class='ocrx_word' id='word_1_596' title='bbox 3033 3357 3189 3426; x_wconf 93' lang='lat' dir='ltr'>quod</span> <span class='ocrx_word' id='word_1_597' title='bbox 3228 3359 3277 3414; x_wconf 89' lang='lat' dir='ltr'>si</span> <span class='ocrx_word' id='word_1_598' title='bbox 3329 3363 3462 3417; x_wconf 81' lang='lat' dir='ltr'>solae</span> <span class='ocrx_word' id='word_1_599' title='bbox 3510 3382 3613 3436; x_wconf 91' lang='lat' dir='ltr'>per</span> <span class='ocrx_word' id='word_1_600' title='bbox 3643 3341 3700 3424; x_wconf 84' lang='lat' dir='ltr'>se</span> 
     </span>
    </p>
   </div>
   <div class='ocr_carea' id='block_1_94' title="bbox 2047 3430 3698 3513">
    <p class='ocr_par' dir='ltr' id='par_1_94' title="bbox 2047 3430 3698 3513">
     <span class='ocr_line' id='line_1_95' title="bbox 2047 3430 3698 3513; baseline 0.017 -28"><span class='ocrx_word' id='word_1_601' title='bbox 2047 3430 2207 3501; x_wconf 87' lang='lat' dir='ltr'>ipsas</span> <span class='ocrx_word' id='word_1_602' title='bbox 2239 3432 2311 3487; x_wconf 90' lang='lat' dir='ltr'>ab</span> <span class='ocrx_word' id='word_1_603' title='bbox 2344 3433 2756 3505; x_wconf 85' lang='lat' dir='ltr'>hypostasibus</span> <span class='ocrx_word' id='word_1_604' title='bbox 2787 3441 3065 3510; x_wconf 65' lang='lat' dir='ltr'>sejunctas</span> <span class='ocrx_word' id='word_1_605' title='bbox 3110 3447 3308 3504; x_wconf 69' lang='lat' dir='ltr'>forma:</span> <span class='ocrx_word' id='word_1_606' title='bbox 3340 3430 3698 3513; x_wconf 73' lang='lat' dir='ltr'>(sconomica</span> 
     </span>
    </p>
   </div>
   <div class='ocr_carea' id='block_1_95' title="bbox 2046 3517 3696 3613">
    <p class='ocr_par' dir='ltr' id='par_1_95' title="bbox 2046 3517 3696 3613">
     <span class='ocr_line' id='line_1_96' title="bbox 2046 3517 3696 3613; baseline 0.017 -41"><span class='ocrx_word' id='word_1_607' title='bbox 2046 3517 2146 3573; x_wconf 91' lang='lat' dir='ltr'>illa</span> <span class='ocrx_word' id='word_1_608' title='bbox 2168 3521 2362 3576; x_wconf 89' lang='lat' dir='ltr'>carnis</span> <span class='ocrx_word' id='word_1_609' title='bbox 2385 3529 2701 3596; x_wconf 64' lang='lat' dir='ltr'>assumpta;</span> <span class='ocrx_word' id='word_1_610' title='bbox 2725 3530 3301 3600; x_wconf 90' lang='lat' dir='ltr'>conjunctioneiuter</span> <span class='ocrx_word' id='word_1_611' title='bbox 3321 3555 3382 3594; x_wconf 86' lang='lat' dir='ltr'>se</span> <span class='ocrx_word' id='word_1_612' title='bbox 3434 3543 3696 3613; x_wconf 89' lang='lat' dir='ltr'>coierint,</span> 
     </span>
    </p>
   </div>
   <div class='ocr_carea' id='block_1_96' title="bbox 2045 3613 3697 3700">
    <p class='ocr_par' dir='ltr' id='par_1_96' title="bbox 2045 3613 3697 3700">
     <span class='ocr_line' id='line_1_97' title="bbox 2045 3613 3697 3700; baseline 0.015 -38"><span class='ocrx_word' id='word_1_613' title='bbox 2045 3613 2201 3664; x_wconf 89' lang='lat' dir='ltr'>certe</span> <span class='ocrx_word' id='word_1_614' title='bbox 2233 3628 2424 3666; x_wconf 90' lang='lat' dir='ltr'>rerum</span> <span class='ocrx_word' id='word_1_615' title='bbox 2460 3630 2692 3686; x_wconf 92' lang='lat' dir='ltr'>quoque</span> <span class='ocrx_word' id='word_1_616' title='bbox 2723 3616 3004 3688; x_wconf 89' lang='lat' dir='ltr'>ipsarum,</span> <span class='ocrx_word' id='word_1_617' title='bbox 3028 3624 3331 3694; x_wconf 89' lang='lat' dir='ltr'>siquidem</span> <span class='ocrx_word' id='word_1_618' title='bbox 3352 3633 3408 3681; x_wconf 90' lang='lat' dir='ltr'>et</span> <span class='ocrx_word' id='word_1_619' title='bbox 3428 3629 3697 3700; x_wconf 72' lang='lat' dir='ltr'>byposta—</span> 
     </span>
    </p>
   </div>
   <div class='ocr_carea' id='block_1_97' title="bbox 2043 3705 3692 3774">
    <p class='ocr_par' dir='ltr' id='par_1_97' title="bbox 2043 3705 3692 3774">
     <span class='ocr_line' id='line_1_98' title="bbox 2043 3705 3692 3774; baseline 0.013 -23"><span class='ocrx_word' id='word_1_620' title='bbox 2043 3714 2204 3764; x_wconf 87' lang='lat' dir='ltr'>seon,</span> <span class='ocrx_word' id='word_1_621' title='bbox 2239 3716 2588 3757; x_wconf 85' lang='lat' dir='ltr'>concursum</span> <span class='ocrx_word' id='word_1_622' title='bbox 2626 3705 2839 3762; x_wconf 73' lang='lat' dir='ltr'>factum</span> <span class='ocrx_word' id='word_1_623' title='bbox 2869 3724 3016 3763; x_wconf 82' lang='lat' dir='ltr'>esse.</span> <span class='ocrx_word' id='word_1_624' title='bbox 3052 3712 3458 3768; x_wconf 75' lang='lat' dir='ltr'>Cazterumsibi</span> <span class='ocrx_word' id='word_1_625' title='bbox 3496 3717 3692 3774; x_wconf 86' lang='lat' dir='ltr'>diver-</span> 
     </span>
    </p>
   </div>
   <div class='ocr_carea' id='block_1_98' title="bbox 2043 3795 3688 3872">
    <p class='ocr_par' dir='ltr' id='par_1_98' title="bbox 2043 3795 3688 3872">
     <span class='ocr_line' id='line_1_99' title="bbox 2043 3795 3688 3872; baseline 0.014 -33"><span class='ocrx_word' id='word_1_626' title='bbox 2043 3802 2168 3840; x_wconf 88' lang='lat' dir='ltr'>sam</span> <span class='ocrx_word' id='word_1_627' title='bbox 2201 3805 2432 3859; x_wconf 90' lang='lat' dir='ltr'>quoque</span> <span class='ocrx_word' id='word_1_628' title='bbox 2456 3799 2673 3847; x_wconf 65' lang='lat' dir='ltr'>natura:</span> <span class='ocrx_word' id='word_1_629' title='bbox 2697 3798 2754 3848; x_wconf 92' lang='lat' dir='ltr'>et</span> <span class='ocrx_word' id='word_1_630' title='bbox 2784 3795 3164 3865; x_wconf 78' lang='lat' dir='ltr'>hypostaseos</span> <span class='ocrx_word' id='word_1_631' title='bbox 3197 3802 3688 3872; x_wconf 77' lang='lat' dir='ltr'>significationem</span> 
     </span>
    </p>
   </div>
   <div class='ocr_carea' id='block_1_99' title="bbox 2042 3875 3687 3957">
    <p class='ocr_par' dir='ltr' id='par_1_99' title="bbox 2042 3875 3687 3957">
     <span class='ocr_line' id='line_1_100' title="bbox 2042 3875 3687 3957; baseline 0.016 -30"><span class='ocrx_word' id='word_1_632' title='bbox 2042 3891 2154 3929; x_wconf 89' lang='lat' dir='ltr'>non</span> <span class='ocrx_word' id='word_1_633' title='bbox 2189 3875 2547 3948; x_wconf 90' lang='lat' dir='ltr'>incognitam</span> <span class='ocrx_word' id='word_1_634' title='bbox 2599 3880 2801 3949; x_wconf 86' lang='lat' dir='ltr'>fuisse,</span> <span class='ocrx_word' id='word_1_635' title='bbox 2849 3882 3003 3940; x_wconf 89' lang='lat' dir='ltr'>idem</span> <span class='ocrx_word' id='word_1_636' title='bbox 3057 3887 3181 3957; x_wconf 86' lang='lat' dir='ltr'>ipse</span> <span class='ocrx_word' id='word_1_637' title='bbox 3212 3889 3271 3943; x_wconf 91' lang='lat' dir='ltr'>in</span> <span class='ocrx_word' id='word_1_638' title='bbox 3323 3895 3584 3948; x_wconf 88' lang='lat' dir='ltr'>secunda</span> <span class='ocrx_word' id='word_1_639' title='bbox 3615 3899 3687 3952; x_wconf 89' lang='lat' dir='ltr'>ad</span> 
     </span>
    </p>
   </div>
   <div class='ocr_carea' id='block_1_100' title="bbox 2039 3964 3691 4056">
    <p class='ocr_par' dir='ltr' id='par_1_100' title="bbox 2039 3964 3691 4056">
     <span class='ocr_line' id='line_1_101' title="bbox 2039 3964 3691 4056; baseline 0.015 -39"><span class='ocrx_word' id='word_1_640' title='bbox 2039 3964 2372 4021; x_wconf 88' lang='lat' dir='ltr'>Nestorium</span> <span class='ocrx_word' id='word_1_641' title='bbox 2397 3969 2646 4039; x_wconf 92' lang='lat' dir='ltr'>epistola</span> <span class='ocrx_word' id='word_1_642' title='bbox 2669 3970 2760 4026; x_wconf 89' lang='lat' dir='ltr'>bis</span> <span class='ocrx_word' id='word_1_643' title='bbox 2788 3974 2978 4029; x_wconf 87' lang='lat' dir='ltr'>verbis</span> <span class='ocrx_word' id='word_1_644' title='bbox 3006 3981 3318 4034; x_wconf 87' lang='lat' dir='ltr'>attestatur</span> <span class='ocrx_word' id='word_1_645' title='bbox 3345 3999 3357 4036; x_wconf 93' lang='lat'>:</span> <span class='ocrx_word' id='word_1_646' title='bbox 3395 3983 3691 4056; x_wconf 87' lang='lat' dir='ltr'>Evangeli-</span> 
     </span>
    </p>
   </div>
   <div class='ocr_carea' id='block_1_101' title="bbox 2039 4058 3687 4145">
    <p class='ocr_par' dir='ltr' id='par_1_101' title="bbox 2039 4058 3687 4145">
     <span class='ocr_line' id='line_1_102' title="bbox 2039 4058 3687 4145; baseline 0.016 -39"><span class='ocrx_word' id='word_1_647' title='bbox 2039 4069 2135 4109; x_wconf 87' lang='lat' dir='ltr'>cas</span> <span class='ocrx_word' id='word_1_648' title='bbox 2168 4058 2486 4113; x_wconf 89' lang='lat' dir='ltr'>Servatoris</span> <span class='ocrx_word' id='word_1_649' title='bbox 2519 4061 2701 4115; x_wconf 89' lang='lat' dir='ltr'>nostri</span> <span class='ocrx_word' id='word_1_650' title='bbox 2735 4079 2922 4130; x_wconf 90' lang='lat' dir='ltr'>voces,</span> <span class='ocrx_word' id='word_1_651' title='bbox 2949 4083 3132 4134; x_wconf 86' lang='lat' dir='ltr'>neque</span> <span class='ocrx_word' id='word_1_652' title='bbox 3165 4070 3392 4127; x_wconf 84' lang='lat' dir='ltr'>duabus</span> <span class='ocrx_word' id='word_1_653' title='bbox 3416 4075 3687 4145; x_wconf 75' lang='lat' dir='ltr'>hyposta-</span> 
     </span>
    </p>
   </div>
   <div class='ocr_carea' id='block_1_102' title="bbox 2036 4142 3682 4221">
    <p class='ocr_par' dir='ltr' id='par_1_102' title="bbox 2036 4142 3682 4221">
     <span class='ocr_line' id='line_1_103' title="bbox 2036 4142 3682 4221; baseline 0.016 -25"><span class='ocrx_word' id='word_1_654' title='bbox 2036 4142 2220 4208; x_wconf 88' lang='lat' dir='ltr'>sibus,</span> <span class='ocrx_word' id='word_1_655' title='bbox 2257 4161 2445 4216; x_wconf 90' lang='lat' dir='ltr'>neque</span> <span class='ocrx_word' id='word_1_656' title='bbox 2475 4154 2628 4203; x_wconf 88' lang='lat' dir='ltr'>certe</span> <span class='ocrx_word' id='word_1_657' title='bbox 2688 4153 2955 4221; x_wconf 90' lang='lat' dir='ltr'>personis</span> <span class='ocrx_word' id='word_1_658' title='bbox 2989 4157 3362 4215; x_wconf 87' lang='lat' dir='ltr'>ascribimus.</span> <span class='ocrx_word' id='word_1_659' title='bbox 3426 4142 3565 4220; x_wconf 82' lang='lat' dir='ltr'>Item</span> <span class='ocrx_word' id='word_1_660' title='bbox 3624 4167 3682 4221; x_wconf 93' lang='lat' dir='ltr'>in</span> 
     </span>
    </p>
   </div>
   <div class='ocr_carea' id='block_1_103' title="bbox 2035 4231 3685 4323">
    <p class='ocr_par' dir='ltr' id='par_1_103' title="bbox 2035 4231 3685 4323">
     <span class='ocr_line' id='line_1_104' title="bbox 2035 4231 3685 4323; baseline 0.016 -39"><span class='ocrx_word' id='word_1_661' title='bbox 2035 4231 2280 4323; x_wconf 74' lang='lat' dir='ltr'>epistola</span> <span class='ocrx_word' id='word_1_662' title='bbox 2313 4235 2385 4288; x_wconf 88' lang='lat' dir='ltr'>ad</span> <span class='ocrx_word' id='word_1_663' title='bbox 2419 4235 2780 4294; x_wconf 89' lang='lat' dir='ltr'>Orientales:</span> <span class='ocrx_word' id='word_1_664' title='bbox 2841 4242 3335 4317; x_wconf 85' lang='lat' dir='ltr'>Evangelicarum,</span> <span class='ocrx_word' id='word_1_665' title='bbox 3369 4251 3575 4323; x_wconf 86' lang='lat' dir='ltr'>inquit,</span> <span class='ocrx_word' id='word_1_666' title='bbox 3627 4261 3685 4310; x_wconf 90' lang='lat' dir='ltr'>et</span> 
     </span>
    </p>
   </div>
   <div class='ocr_carea' id='block_1_104' title="bbox 2036 4320 3682 4398">
    <p class='ocr_par' dir='ltr' id='par_1_104' title="bbox 2036 4320 3682 4398">
     <span class='ocr_line' id='line_1_105' title="bbox 2036 4320 3682 4398; baseline 0.016 -26"><span class='ocrx_word' id='word_1_667' title='bbox 2036 4320 2491 4390; x_wconf 85' lang='lat' dir='ltr'>apostolicarum</span> <span class='ocrx_word' id='word_1_668' title='bbox 2524 4328 2592 4382; x_wconf 88' lang='lat' dir='ltr'>de</span> <span class='ocrx_word' id='word_1_669' title='bbox 2621 4327 2868 4384; x_wconf 90' lang='lat' dir='ltr'>Domino</span> <span class='ocrx_word' id='word_1_670' title='bbox 2903 4348 3102 4388; x_wconf 83' lang='lat' dir='ltr'>vocum</span> <span class='ocrx_word' id='word_1_671' title='bbox 3130 4320 3492 4396; x_wconf 28' lang='lat' dir='ltr'>nonuullasva</span> <span class='ocrx_word' id='word_1_672' title='bbox 3523 4320 3682 4398; x_wconf 87' lang='lat' dir='ltr'>theo-</span> 
     </span>
    </p>
   </div>
   <div class='ocr_carea' id='block_1_105' title="bbox 2032 4405 3683 4498">
    <p class='ocr_par' dir='ltr' id='par_1_105' title="bbox 2032 4405 3683 4498">
     <span class='ocr_line' id='line_1_106' title="bbox 2032 4405 3683 4498; baseline 0.016 -39"><span class='ocrx_word' id='word_1_673' title='bbox 2032 4405 2182 4479; x_wconf 90' lang='lat' dir='ltr'>logis</span> <span class='ocrx_word' id='word_1_674' title='bbox 2211 4407 2352 4464; x_wconf 90' lang='lat' dir='ltr'>viris</span> <span class='ocrx_word' id='word_1_675' title='bbox 2399 4411 2480 4467; x_wconf 90' lang='lat' dir='ltr'>ita</span> <span class='ocrx_word' id='word_1_676' title='bbox 2536 4415 2924 4473; x_wconf 90' lang='lat' dir='ltr'>communiter</span> <span class='ocrx_word' id='word_1_677' title='bbox 2981 4421 3165 4493; x_wconf 91' lang='lat' dir='ltr'>accipi</span> <span class='ocrx_word' id='word_1_678' title='bbox 3228 4426 3509 4498; x_wconf 85' lang='lat' dir='ltr'>novimus,</span> <span class='ocrx_word' id='word_1_679' title='bbox 3555 4435 3683 4486; x_wconf 85' lang='lat' dir='ltr'>tan-</span> 
     </span>
    </p>
   </div>
   <div class='ocr_carea' id='block_1_106' title="bbox 2035 4498 3683 4577">
    <p class='ocr_par' dir='ltr' id='par_1_106' title="bbox 2035 4498 3683 4577">
     <span class='ocr_line' id='line_1_107' title="bbox 2035 4498 3683 4577; baseline 0.018 -31"><span class='ocrx_word' id='word_1_680' title='bbox 2035 4512 2211 4566; x_wconf 84' lang='lat' dir='ltr'>quam</span> <span class='ocrx_word' id='word_1_681' title='bbox 2246 4498 2314 4551; x_wconf 90' lang='lat' dir='ltr'>de</span> <span class='ocrx_word' id='word_1_682' title='bbox 2352 4516 2466 4554; x_wconf 89' lang='lat' dir='ltr'>una</span> <span class='ocrx_word' id='word_1_683' title='bbox 2499 4517 2747 4572; x_wconf 83' lang='lat' dir='ltr'>persona</span> <span class='ocrx_word' id='word_1_684' title='bbox 2772 4508 3008 4577; x_wconf 63' lang='lat' dir='ltr'>prolata:</span> <span class='ocrx_word' id='word_1_685' title='bbox 3029 4511 3180 4566; x_wconf 90' lang='lat' dir='ltr'>sint:</span> <span class='ocrx_word' id='word_1_686' title='bbox 3209 4516 3683 4575; x_wconf 86' lang='lat' dir='ltr'>nonnullasitem</span> 
     </span>
    </p>
   </div>
   <div class='ocr_carea' id='block_1_107' title="bbox 1960 4583 3679 4676">
    <p class='ocr_par' dir='ltr' id='par_1_107' title="bbox 1960 4583 3679 4676">
     <span class='ocr_line' id='line_1_108' title="bbox 1960 4583 3679 4676; baseline 0.015 -37"><span class='ocrx_word' id='word_1_687' title='bbox 1960 4583 2004 4647; x_wconf 88' lang='grc' dir='ltr'>Ι)</span> <span class='ocrx_word' id='word_1_688' title='bbox 2038 4585 2238 4656; x_wconf 90' lang='lat' dir='ltr'>dividi,</span> <span class='ocrx_word' id='word_1_689' title='bbox 2273 4595 2551 4660; x_wconf 86' lang='lat' dir='ltr'>tanquam</span> <span class='ocrx_word' id='word_1_690' title='bbox 2604 4595 2671 4648; x_wconf 89' lang='lat' dir='ltr'>de</span> <span class='ocrx_word' id='word_1_691' title='bbox 2721 4597 2951 4654; x_wconf 88' lang='lat' dir='ltr'>duabus</span> <span class='ocrx_word' id='word_1_692' title='bbox 3009 4603 3233 4657; x_wconf 88' lang='lat' dir='ltr'>naturis</span> <span class='ocrx_word' id='word_1_693' title='bbox 3290 4609 3679 4676; x_wconf 66' lang='lat' dir='ltr'>pronuntiata:</span> 
     </span>
    </p>
   </div>
   <div class='ocr_carea' id='block_1_108' title="bbox 2036 4676 3680 4762">
    <p class='ocr_par' dir='ltr' id='par_1_108' title="bbox 2036 4676 3680 4762">
     <span class='ocr_line' id='line_1_109' title="bbox 2036 4676 3680 4762; baseline 0.016 -33"><span class='ocrx_word' id='word_1_694' title='bbox 2036 4676 2274 4730; x_wconf 80' lang='lat' dir='ltr'>iuerint.</span> <span class='ocrx_word' id='word_1_695' title='bbox 2311 4679 2468 4734; x_wconf 86' lang='lat' dir='ltr'>Idem</span> <span class='ocrx_word' id='word_1_696' title='bbox 2506 4681 2639 4738; x_wconf 90' lang='lat' dir='ltr'>alibi</span> <span class='ocrx_word' id='word_1_697' title='bbox 2674 4687 2756 4742; x_wconf 90' lang='lat' dir='ltr'>sic</span> <span class='ocrx_word' id='word_1_698' title='bbox 2787 4688 2900 4744; x_wconf 88' lang='lat' dir='ltr'>ait:</span> <span class='ocrx_word' id='word_1_699' title='bbox 2936 4689 3156 4762; x_wconf 86' lang='lat' dir='ltr'>Duplex</span> <span class='ocrx_word' id='word_1_700' title='bbox 3179 4711 3294 4750; x_wconf 92' lang='lat' dir='ltr'>non</span> <span class='ocrx_word' id='word_1_701' title='bbox 3325 4702 3412 4752; x_wconf 89' lang='lat' dir='ltr'>est</span> <span class='ocrx_word' id='word_1_702' title='bbox 3440 4716 3592 4754; x_wconf 91' lang='lat' dir='ltr'>unus</span> <span class='ocrx_word' id='word_1_703' title='bbox 3625 4705 3680 4754; x_wconf 87' lang='lat' dir='ltr'>et</span> 
     </span>
    </p>
   </div>
   <div class='ocr_carea' id='block_1_109' title="bbox 2036 4763 3677 4845">
    <p class='ocr_par' dir='ltr' id='par_1_109' title="bbox 2036 4763 3677 4845">
     <span class='ocr_line' id='line_1_110' title="bbox 2036 4763 3677 4845; baseline 0.016 -26"><span class='ocrx_word' id='word_1_704' title='bbox 2036 4763 2197 4820; x_wconf 89' lang='lat' dir='ltr'>solus</span> <span class='ocrx_word' id='word_1_705' title='bbox 2260 4767 2545 4840; x_wconf 72' lang='lat' dir='ltr'>Christus,</span> <span class='ocrx_word' id='word_1_706' title='bbox 2609 4775 2822 4845; x_wconf 90' lang='lat' dir='ltr'>quibus</span> <span class='ocrx_word' id='word_1_707' title='bbox 2885 4781 3074 4836; x_wconf 74' lang='lat' dir='ltr'>verbis</span> <span class='ocrx_word' id='word_1_708' title='bbox 3149 4801 3291 4840; x_wconf 90' lang='lat' dir='ltr'>usus</span> <span class='ocrx_word' id='word_1_709' title='bbox 3356 4792 3444 4842; x_wconf 89' lang='lat' dir='ltr'>est</span> <span class='ocrx_word' id='word_1_710' title='bbox 3503 4790 3677 4844; x_wconf 88' lang='lat' dir='ltr'>unius</span> 
     </span>
    </p>
   </div>
   <div class='ocr_carea' id='block_1_110' title="bbox 2036 4853 3678 4934">
    <p class='ocr_par' dir='ltr' id='par_1_110' title="bbox 2036 4853 3678 4934">
     <span class='ocr_line' id='line_1_111' title="bbox 2036 4853 3678 4934; baseline 0.016 -26"><span class='ocrx_word' id='word_1_711' title='bbox 2036 4853 2419 4926; x_wconf 83' lang='lat' dir='ltr'>hypostaseos</span> <span class='ocrx_word' id='word_1_712' title='bbox 2453 4863 2692 4920; x_wconf 87' lang='lat' dir='ltr'>ratione.</span> <span class='ocrx_word' id='word_1_713' title='bbox 2742 4867 2887 4923; x_wconf 91' lang='lat' dir='ltr'>Nam</span> <span class='ocrx_word' id='word_1_714' title='bbox 2939 4871 2985 4926; x_wconf 90' lang='lat' dir='ltr'>si</span> <span class='ocrx_word' id='word_1_715' title='bbox 3020 4880 3357 4930; x_wconf 88' lang='lat' dir='ltr'>naturarum</span> <span class='ocrx_word' id='word_1_716' title='bbox 3400 4879 3545 4932; x_wconf 84' lang='lat' dir='ltr'>ratio</span> <span class='ocrx_word' id='word_1_717' title='bbox 3579 4879 3678 4934; x_wconf 87' lang='lat' dir='ltr'>ha-</span> 
     </span>
    </p>
   </div>
   <div class='ocr_carea' id='block_1_111' title="bbox 2037 4943 3153 5029">
    <p class='ocr_par' dir='ltr' id='par_1_111' title="bbox 2037 4943 3153 5029">
     <span class='ocr_line' id='line_1_112' title="bbox 2037 4943 3153 5029; baseline 0.018 -34"><span class='ocrx_word' id='word_1_718' title='bbox 2037 4943 2262 5012; x_wconf 79' lang='lat' dir='ltr'>beatur,</span> <span class='ocrx_word' id='word_1_719' title='bbox 2297 4947 2504 5020; x_wconf 86' lang='lat' dir='ltr'>duplex</span> <span class='ocrx_word' id='word_1_720' title='bbox 2543 4970 2772 5025; x_wconf 88' lang='lat' dir='ltr'>quoque</span> <span class='ocrx_word' id='word_1_721' title='bbox 2807 4957 2918 5011; x_wconf 91' lang='lat' dir='ltr'>dici</span> <span class='ocrx_word' id='word_1_722' title='bbox 2945 4965 3153 5029; x_wconf 89' lang='lat' dir='ltr'>potest.</span> 
     </span>
    </p>
   </div>
   <div class='ocr_carea' id='block_1_112' title="bbox 2115 5043 3683 5122">
    <p class='ocr_par' dir='ltr' id='par_1_112' title="bbox 2115 5043 3683 5122">
     <span class='ocr_line' id='line_1_113' title="bbox 2115 5043 3683 5122; baseline 0.01 -27"><span class='ocrx_word' id='word_1_723' title='bbox 2115 5045 2275 5097; x_wconf 87' lang='lat' dir='ltr'>Certe</span> <span class='ocrx_word' id='word_1_724' title='bbox 2306 5059 2437 5097; x_wconf 89' lang='lat' dir='ltr'>cum</span> <span class='ocrx_word' id='word_1_725' title='bbox 2475 5043 2825 5116; x_wconf 89' lang='lat' dir='ltr'>simpliciter</span> <span class='ocrx_word' id='word_1_726' title='bbox 2855 5053 2910 5101; x_wconf 89' lang='lat' dir='ltr'>et</span> <span class='ocrx_word' id='word_1_727' title='bbox 2941 5049 3079 5102; x_wconf 83' lang='lat' dir='ltr'>citra</span> <span class='ocrx_word' id='word_1_728' title='bbox 3131 5051 3516 5107; x_wconf 75' lang='lat' dir='ltr'>differentiam</span> <span class='ocrx_word' id='word_1_729' title='bbox 3550 5072 3683 5122; x_wconf 91' lang='lat' dir='ltr'>pro-</span> 
     </span>
    </p>
   </div>
   <div class='ocr_carea' id='block_1_113' title="bbox 2036 5130 3682 5214">
    <p class='ocr_par' dir='ltr' id='par_1_113' title="bbox 2036 5130 3682 5214">
     <span class='ocr_line' id='line_1_114' title="bbox 2036 5130 3682 5214; baseline 0.011 -32"><span class='ocrx_word' id='word_1_730' title='bbox 2036 5130 2189 5184; x_wconf 85' lang='lat' dir='ltr'>cedit</span> <span class='ocrx_word' id='word_1_731' title='bbox 2219 5130 2418 5196; x_wconf 86' lang='lat' dir='ltr'>oratio,</span> <span class='ocrx_word' id='word_1_732' title='bbox 2446 5149 2554 5186; x_wconf 90' lang='lat' dir='ltr'>non</span> <span class='ocrx_word' id='word_1_733' title='bbox 2579 5132 2769 5187; x_wconf 91' lang='lat' dir='ltr'>solum</span> <span class='ocrx_word' id='word_1_734' title='bbox 2796 5134 3013 5205; x_wconf 87' lang='lat' dir='ltr'>Patres,</span> <span class='ocrx_word' id='word_1_735' title='bbox 3039 5138 3138 5191; x_wconf 84' lang='lat' dir='ltr'>sed</span> <span class='ocrx_word' id='word_1_736' title='bbox 3163 5139 3415 5194; x_wconf 86' lang='lat' dir='ltr'>divinam</span> <span class='ocrx_word' id='word_1_737' title='bbox 3450 5158 3682 5214; x_wconf 86' lang='lat' dir='ltr'>quoque</span> 
     </span>
    </p>
   </div>
   <div class='ocr_carea' id='block_1_114' title="bbox 2039 5218 3679 5298">
    <p class='ocr_par' dir='ltr' id='par_1_114' title="bbox 2039 5218 3679 5298">
     <span class='ocr_line' id='line_1_115' title="bbox 2039 5218 3679 5298; baseline 0.01 -26"><span class='ocrx_word' id='word_1_738' title='bbox 2039 5218 2424 5289; x_wconf 87' lang='lat' dir='ltr'>Scripturam,</span> <span class='ocrx_word' id='word_1_739' title='bbox 2475 5219 2652 5275; x_wconf 88' lang='lat' dir='ltr'>libere</span> <span class='ocrx_word' id='word_1_740' title='bbox 2705 5223 3007 5278; x_wconf 87' lang='lat' dir='ltr'>vocabulis</span> <span class='ocrx_word' id='word_1_741' title='bbox 3077 5230 3134 5280; x_wconf 88' lang='lat' dir='ltr'>et</span> <span class='ocrx_word' id='word_1_742' title='bbox 3191 5227 3538 5298; x_wconf 83' lang='lat' dir='ltr'>simpliciter</span> <span class='ocrx_word' id='word_1_743' title='bbox 3594 5233 3679 5288; x_wconf 91' lang='lat' dir='ltr'>uti</span> 
     </span>
    </p>
   </div>
   <div class='ocr_carea' id='block_1_115' title="bbox 2036 5305 3674 5385">
    <p class='ocr_par' dir='ltr' id='par_1_115' title="bbox 2036 5305 3674 5385">
     <span class='ocr_line' id='line_1_116' title="bbox 2036 5305 3674 5385; baseline 0.01 -26"><span class='ocrx_word' id='word_1_744' title='bbox 2036 5305 2552 5375; x_wconf 82' lang='lat' dir='ltr'>deprehendimus.</span> <span class='ocrx_word' id='word_1_745' title='bbox 2588 5309 2795 5364; x_wconf 89' lang='lat' dir='ltr'>Beatus</span> <span class='ocrx_word' id='word_1_746' title='bbox 2855 5311 3008 5366; x_wconf 89' lang='lat' dir='ltr'>enim</span> <span class='ocrx_word' id='word_1_747' title='bbox 3059 5315 3369 5385; x_wconf 84' lang='lat' dir='ltr'>Apostolus</span> <span class='ocrx_word' id='word_1_748' title='bbox 3401 5318 3674 5376; x_wconf 90' lang='lat' dir='ltr'>interiora</span> 
     </span>
    </p>
   </div>
   <div class='ocr_carea' id='block_1_116' title="bbox 2031 5394 3668 5474">
    <p class='ocr_par' dir='ltr' id='par_1_116' title="bbox 2031 5394 3668 5474">
     <span class='ocr_line' id='line_1_117' title="bbox 2031 5394 3668 5474; baseline 0.01 -26"><span class='ocrx_word' id='word_1_749' title='bbox 2031 5394 2312 5461; x_wconf 88' lang='lat' dir='ltr'>hominis,</span> <span class='ocrx_word' id='word_1_750' title='bbox 2339 5395 2656 5465; x_wconf 88' lang='lat' dir='ltr'>hominem,</span> <span class='ocrx_word' id='word_1_751' title='bbox 2709 5400 3090 5472; x_wconf 90' lang='lat' dir='ltr'>ejusdemque</span> <span class='ocrx_word' id='word_1_752' title='bbox 3146 5407 3445 5474; x_wconf 84' lang='lat' dir='ltr'>exteriora,</span> <span class='ocrx_word' id='word_1_753' title='bbox 3481 5409 3668 5464; x_wconf 90' lang='lat' dir='ltr'>homi-</span> 
     </span>
    </p>
   </div>
   <div class='ocr_carea' id='block_1_117' title="bbox 2034 5485 3673 5559">
    <p class='ocr_par' dir='ltr' id='par_1_117' title="bbox 2034 5485 3673 5559">
     <span class='ocr_line' id='line_1_118' title="bbox 2034 5485 3673 5559; baseline 0.012 -23"><span class='ocrx_word' id='word_1_754' title='bbox 2034 5499 2166 5537; x_wconf 88' lang='lat' dir='ltr'>nem</span> <span class='ocrx_word' id='word_1_755' title='bbox 2221 5501 2424 5539; x_wconf 89' lang='lat' dir='ltr'>rursus</span> <span class='ocrx_word' id='word_1_756' title='bbox 2479 5485 2768 5558; x_wconf 86' lang='lat' dir='ltr'>appellat:</span> <span class='ocrx_word' id='word_1_757' title='bbox 2825 5490 3086 5559; x_wconf 77' lang='lat' dir='ltr'>partibus</span> <span class='ocrx_word' id='word_1_758' title='bbox 3157 5494 3433 5551; x_wconf 92' lang='lat' dir='ltr'>nimirum</span> <span class='ocrx_word' id='word_1_759' title='bbox 3493 5500 3673 5556; x_wconf 88' lang='lat' dir='ltr'>totius</span> 
     </span>
    </p>
   </div>
   <div class='ocr_carea' id='block_1_118' title="bbox 2031 5571 3669 5656">
    <p class='ocr_par' dir='ltr' id='par_1_118' title="bbox 2031 5571 3669 5656">
     <span class='ocr_line' id='line_1_119' title="bbox 2031 5571 3669 5656; baseline 0.011 -29"><span class='ocrx_word' id='word_1_760' title='bbox 2031 5571 2483 5643; x_wconf 89' lang='lat' dir='ltr'>appellationem</span> <span class='ocrx_word' id='word_1_761' title='bbox 2537 5576 2824 5633; x_wconf 89' lang='lat' dir='ltr'>tribuens.</span> <span class='ocrx_word' id='word_1_762' title='bbox 2876 5579 3176 5651; x_wconf 76' lang='lat' dir='ltr'>Prophetas</span> <span class='ocrx_word' id='word_1_763' title='bbox 3223 5588 3416 5640; x_wconf 89' lang='lat' dir='ltr'>autem</span> <span class='ocrx_word' id='word_1_764' title='bbox 3450 5593 3669 5656; x_wconf 87' lang='lat' dir='ltr'>contra,</span> 
     </span>
    </p>
   </div>
  </div>
