4044 6212
388 391 542 451 H39

1711 367 2017 439 NICETJI
2059 365 2476 438 CHONIA'I‘IE

3655 377 3822 436 1140

389 540 545 581 nunc
579 523 795 588 carnis,
829 535 984 574 nunc
1018 517 1227 572 animae
1253 516 1486 570 nomine
1508 513 1807 570 hominem
1830 511 2042 568 intelli-
2070 518 2128 582 Α
2159 513 2503 581 Masachem,
2538 511 2648 567 hoc
2669 520 2755 566 est
2809 527 2979 578 onus,
3039 509 3273 564 dicitur.
3342 510 3488 564 Item
3524 527 3631 580 pro
3663 509 3823 579 cibo,

391 617 571 685 gunt:
607 609 858 684 partium
895 606 1344 678 appellationem
1381 605 1479 658 toti
1525 605 1866 658 tribuentes.
1894 602 2039 656 Cum

390 719 524 757 vero
549 711 774 770 tempus
803 699 856 752 id
891 695 1168 768 postulat,
1202 695 1450 766 propriis
1486 697 1730 748 utuntur
1781 690 2042 763 appella-

395 791 674 845 tionibus.
710 788 784 842 Eo
816 803 952 841 vero
985 802 1160 840 sensu
1194 800 1365 854 quem
1422 782 1653 854 praedixi
1711 778 2043 850 Theologus

395 879 491 934 ille
525 894 757 950 quoque
779 876 1039 932 Joannes
1097 875 1213 942 ait;
1247 875 1313 927 Et
1362 873 1592 927 Verbum
1648 887 1778 925 caro
1834 874 2044 938 factum

394 973 472 1025 est
512 965 574 1033 ‘3,
611 985 732 1038 pro,
766 966 938 1020 homo
975 965 1192 1019 factum
1244 967 1352 1017 est.
1389 960 1479 1016 Nil
1512 965 1706 1015 tamen
1741 959 1848 1013 hac
1878 957 1948 1012 de
1987 973 2044 1011 re

395 1055 808 1126 digladiamur.
857 1059 974 1108 Hoc
1017 1053 1194 1117 enim,
1249 1057 1309 1105 ut
1355 1067 1602 1121 magnus
1653 1047 1747 1102 ille
1797 1051 2047 1101 testatur

400 1144 730 1216 Dionysius,
759 1159 959 1198 eorum
996 1146 1085 1196 est
1136 1141 1457 1211 proprium,
1497 1156 1608 1192 non
1661 1138 1757 1205 qui
1791 1137 1860 1191 ad
1895 1135 2045 1189 divi-

399 1251 606 1290 narum
634 1250 827 1288 rerum
874 1231 1264 1302 cognitionem
1299 1230 1580 1298 aspiraut,
1616 1227 1715 1280 sed
1749 1224 1848 1296 qui
1871 1241 2046 1279 sonos

399 1323 702 1394 simplices
736 1324 1126 1392 aucupentur,
1177 1317 1621 1388 impensiusque
1651 1315 1908 1386 gaudent
1933 1312 2048 1368 cle-

400 1413 908 1486 mentis,syllabis,
943 1416 998 1467 et
1027 1409 1376 1466 dictionibus
1427 1409 1760 1479 incognitis,
1822 1423 1943 1476 qua:
1977 1405 2046 1458 ad

405 1505 588 1561 animi
621 1505 709 1559 sui
755 1508 1002 1574 partem,
1036 1501 1236 1556 cuivis
1269 1498 1630 1568 intelligendi
1656 1497 1825 1565 inest,
1860 1495 2048 1549 haud-

403 1610 696 1664 quaquam
726 1594 1049 1662 penetrant,
1070 1589 1172 1643 sed
1186 1589 1543 1642 extrinsecus
1578 1585 1829 1640 summis
1847 1599 2048 1639 eorum

400 1681 582 1736 labris
612 1686 666 1735 et
698 1679 949 1734 summis
996 1678 1232 1732 auribus
1279 1676 1562 1730 inhaerent
1592 1680 1648 1728 et
1681 1675 2047 1728 circumstre-

404 1775 571 1844 punt.
605 1767 938 1840 Ilyposlasis
989 1766 1204 1838 duplex
1259 1771 1383 1820 est:
1441 1764 1584 1819 alias
1644 1764 1794 1818 enim
1839 1762 2052 1816 dicitur

2153 602 2271 657 sive
2328 617 2598 656 annona:
2658 607 2721 655 ut
2775 599 2832 654 in
2885 599 3032 654 libro
3091 599 3370 655 Judicum
3414 600 3484 654 de
3541 599 3818 655 Judeis:

2155 692 2432 763 quoniam
2469 691 2795 747 Madianitm
2853 691 3224 761 diripuerunt
3274 691 3500 745 fruetus
3533 695 3726 754 terrae,
3765 697 3824 746 et

2155 783 2544 838 substantiam
2579 798 2802 836 eorum.
2838 781 3118 835 Hebraice
3149 779 3304 834 enim
3359 797 3460 851 pro
3494 797 3622 850 spe,
3657 782 3818 836 unde

2156 874 2213 928 in
2249 873 2395 928 libro
2423 873 2577 927 Ruth
2601 873 2694 927 his
2713 872 2903 927 verbis
2929 872 3115 926 utitur
3140 869 3380 926 Noemi:
3413 873 3530 928 Non
3563 876 3649 926 est
3675 872 3822 926 mihi

2156 963 2308 1032 ﬁlius
2340 972 2435 1017 aut
2464 978 2580 1034 spes
2614 962 2676 1018 η.
2732 961 3012 1016 Hebraice
3062 963 3219 1017 enim
3253 961 3541 1016 Thieouia
3569 963 3820 1034 legitur,

2159 1052 2265 1107 hoc
2297 1058 2385 1108 est
2414 1067 2548 1122 spes
2581 1052 2799 1108 sobolis
2832 1051 3240 1122 propagandae.
3304 1051 3447 1106 Item
3486 1068 3588 1122 pro
3629 1052 3820 1123 pretio

2158 1143 2276 1197 sive
2310 1143 2596 1208 mercede,
2629 1147 2694 1196 ut
2725 1143 2913 1210 primo
2944 1141 3192 1210 Regum,
3254 1140 3326 1194 de
3357 1142 3632 1196 mercede
3664 1141 3819 1195 fabri

2157 1232 2362 1285 aerarii.
2398 1231 2480 1284 Ad
2527 1231 2815 1285 securim:
2873 1230 3091 1300 inquit,
3147 1234 3204 1284 et
3268 1246 3400 1300 quae
3456 1236 3823 1300 sequuntur,

2159 1319 2266 1374 hoc
2297 1324 2384 1373 est
2408 1335 2649 1374 merces.
2685 1319 2825 1374 Item
2862 1334 2962 1389 pro
2988 1317 3219 1384 castris,
3256 1323 3316 1371 ut
3344 1319 3398 1371 in
3425 1319 3638 1373 eodem
3675 1319 3824 1373 libro

2157 1409 2443 1464 Jonathas
2501 1408 2788 1477 armigero
2849 1425 2954 1462 suo
3013 1407 3096 1462 ita
3126 1408 3357 1478 inquit:
3415 1408 3578 1474 Veni,
3634 1425 3829 1462 ascen-

2159 1498 2350 1553 damus
2381 1500 2439 1552 in
2469 1505 2648 1552 castra
2680 1498 3114 1552 Palaestinor-um
3163 1496 3227 1550 ιθ.
3284 1497 3604 1553 Hebraicus
3665 1498 3826 1552 enim

2161 1588 2337 1641 codex
2369 1589 2595 1640 Mataan
2632 1585 2825 1651 habet,
2857 1601 2971 1655 quo
3011 1585 3240 1639 nomine
3260 1590 3450 1639 castra
3469 1585 3824 1655 signiﬁcan-

2163 1684 2273 1732 tur.
2312 1677 2451 1730 Item
2489 1691 2588 1745 pro
2624 1675 2756 1729 faece
2790 1674 2909 1743 illa,
2945 1691 3070 1744 quae
3104 1674 3160 1727 in
3195 1674 3369 1728 rebus
3400 1673 3652 1744 liquidis
3687 1676 3827 1729 eub-

2161 1765 2336 1833 sistit,
2374 1770 2437 1818 ut
2483 1781 2614 1818 cum
2669 1765 2848 1818 urina:
2899 1763 3288 1818 substantiam
3342 1764 3621 1819 dicimus.
3681 1766 3822 1819 Item

403 1857 762 1929 hypostasis,
793 1855 846 1908 id
875 1855 1025 1926 quod
1061 1854 1293 1925 quidem
1348 1852 1491 1906 citra
1545 1851 2048 1906 characteristicas
2091 1871 2135 1934 Β
2164 1870 2266 1925 pro
2300 1852 2665 1919 facultate,ut
2698 1851 2862 1917 illud,
2923 1853 2988 1905 Et
3043 1851 3350 1905 substantia
3399 1868 3522 1906 mea
3547 1861 3827 1923 tanquam

403 1947 806 2019 proprietates,
841 1962 941 2000 seu
973 1949 1163 2011 notas,
1190 1943 1618 1999 consideratur:
1671 1941 1815 1997 alias
1848 1958 2047 2012 perso-

409 2054 503 2104 na,
539 2053 664 2107 qua:
698 2052 800 2107 per
826 2051 909 2100 se,
956 2033 1042 2089 vel
1089 2050 1218 2088 cum
1254 2032 1544 2104 praedictis
1604 2031 2054 2103 proprietatibus

411 2125 701 2181 subsistit.
737 2126 869 2189 Quas
898 2124 1053 2178 enim
1096 2122 1391 2176 individua
1440 2120 1800 2190 Peripatetici
1858 2136 2054 2173 vocare

409 2215 618 2285 solent,
651 2215 707 2270 in
743 2233 865 2287 qua:
898 2214 1120 2286 generis
1158 2217 1213 2267 et
1252 2211 1459 2282 speciei
1493 2211 1698 2266 divisio
1730 2209 1962 2278 desinit,
1993 2215 2056 2263 ut

407 2322 533 2375 qua:
569 2311 846 2376 praeterea
879 2303 1052 2358 dividi
1086 2319 1201 2357 non
1236 2302 1463 2372 possint
1519 2303 1674 2371 (nam
1711 2300 1962 2353 hominis
1994 2297 2052 2352 in

411 2395 668 2450 animam
701 2399 757 2450 et
803 2409 1018 2464 corpus
1049 2391 1258 2446 divisio
1293 2390 1588 2444 interitum
1623 2390 1830 2442 afferre
1863 2386 2051 2455 solet),

408 2499 476 2538 ea
506 2482 839 2538 doctoribus
871 2479 1281 2537 ecclesiasticis
1325 2495 1598 2551 personas
1625 2483 1682 2532 et
1715 2478 2054 2550 hypostases

411 2575 704 2646 appellare
759 2573 995 2645 placuit.
1048 2572 1396 2644 Hypostases
1449 2587 1617 2642 porro
1679 2567 1844 2624 dicta:
1895 2567 2052 2634 sunt,

411 2664 545 2735 quia
572 2663 626 2717 in
663 2663 735 2718 iis
761 2680 974 2735 genera
1005 2666 1062 2717 et
1105 2660 1348 2733 species,
1403 2676 1526 2730 quae
1580 2658 1916 2714 communia
1950 2673 2054 2712 nec

411 2752 855 2824 circumscripta
890 2755 1048 2816 sunt,
1079 2751 1247 2822 quasi
1273 2751 1478 2822 pedem
1499 2749 1684 2819 ﬁgunt
1713 2752 1766 2802 et
1799 2747 2052 2801 circum-

409 2841 1050 2907 scribuntur.Quamvis
1066 2842 1220 2896 enim
1239 2839 1463 2894 animali
1482 2845 1538 2892 et
1555 2835 2054 2892 hominiessentiaz

409 2933 554 2987 ratio
584 2931 818 3003 propria
841 2930 1194 3000 sit,quorum
1216 2925 1360 2982 illud
1387 2926 1694 2999 genus,hic
1708 2925 1928 2996 species
1944 2930 2053 2991 est,

411 3021 793 3074 nihilominus
815 3024 1012 3074 tamen
1027 3018 1083 3071 in
1103 3016 1338 3081 atomis,
1357 3019 1497 3088 puta
1512 3016 1679 3069 Petro
1695 3014 2053 3082 etPaulohy-

410 3109 921 3180 postasinhabent,
943 3123 1042 3163 seu
1071 3106 1425 3166 subsistunt.
1441 3105 1586 3160 citra
1607 3122 1756 3176 quos
1771 3103 2054 3160 subsiste-

408 3214 469 3252 re
487 3214 600 3251 non
628 3202 898 3268 possunt.
931 3195 1038 3251 Sed
1071 3197 1139 3249 de
1169 3195 1465 3266 hypostasi
1495 3195 1730 3266 quidem
1750 3195 2052 3249 hactenus.

480 3285 750 3341 Vicissim
783 3302 1016 3356 quoque
1037 3283 1420 3351 ἐνυπόστατον,
1453 3300 1552 3338 seu
1588 3284 1641 3337 id
1677 3284 1831 3353 quod
1865 3283 1916 3337 vi
1952 3299 2056 3338 sua

412 3376 703 3444 subsistit,
741 3376 951 3447 duplex
969 3380 1057 3430 est
1076 3393 1088 3430 :
1120 3375 1407 3444 signiﬁcat
1421 3374 1576 3429 enim
1601 3374 1655 3427 id
1673 3375 1823 3445 quod
1839 3374 1944 3428 sim
1955 3372 2056 3445 pli-

412 3467 556 3522 citer
613 3470 721 3534 est,
782 3481 897 3536 quo
957 3463 1290 3535 signiﬁcatu
1352 3481 1459 3518 non
1493 3462 1681 3516 solum
1716 3463 2053 3529 essentiam,

413 3572 588 3626 quam
651 3552 1025 3626 αὐθύπαρκτον
1084 3559 1141 3608 et
1188 3550 1612 3616 αὖτυπὸστατον,
1671 3552 1780 3607 hoc
1839 3560 1923 3607 est
1955 3569 2056 3622 per

413 3664 473 3703 se
507 3647 676 3718 vique
700 3663 808 3701 sua
829 3646 1275 3711 subsistentem,
1300 3659 1491 3697 rerum
1527 3643 1858 3712 hujusmodi
1887 3643 2052 3713 periti

407 3737 629 3803 dicunt,
665 3752 770 3790 nos
808 3751 1036 3806 quoque
1093 3731 1452 3786 ἐνυπόστατον
1488 3732 1760 3798 dicimus,
1794 3721 1931 3802 quia
1961 3731 2050 3786 ni-

407 3826 620 3881 mirum
657 3824 998 3894 simpliciter
1037 3824 1111 3878 sit
1137 3827 1192 3878 et
1217 3822 1499 3878 subsistat
1529 3838 1542 3888 ;
1577 3821 1677 3876 sed
1734 3821 2054 3877 accidentia

404 3916 568 3972 etiam
601 3913 955 3979 ἐνυπόστατα,
992 3915 1096 3969 hoc
1117 3919 1228 3981 est,
1260 3913 1312 3967 vi
1344 3929 1448 3966 sua
1469 3911 1853 3967 subsistentia
1874 3911 2052 3965 deno-

401 4007 725 4072 minamus,
758 4003 896 4075 quia
945 4002 1003 4057 in
1037 4002 1170 4064 alio.
1206 4001 1487 4056 nimirum
1521 4002 1580 4054 in
1630 4001 1901 4067 essentia,
1937 4016 2051 4054 non

403 4100 598 4151 autem
632 4095 692 4148 in
726 4109 787 4148 se
821 4091 984 4165 ipsis,
1020 4092 1138 4146 sint
1168 4097 1226 4146 et
1264 4091 1622 4146 subsistant:
1673 4107 1796 4160 quas
1854 4094 2051 4144 tamen

403 4185 621 4240 rectius
652 4180 1105 4256 ἓτεροϋπόστατα,
1137 4180 1246 4236 hoc
1274 4183 1363 4235 est
1395 4180 1450 4234 in
1499 4180 1613 4235 alio
1669 4178 2053 4233 subsistentia

401 4277 831 4343 nuncupantur.
858 4271 1160 4341 Signiﬁcat
1189 4269 1358 4325 etiam
1391 4269 1446 4323 id
1481 4269 1635 4341 quod
1669 4284 1768 4338 per
1789 4267 2050 4338 seipsum

397 4367 508 4432 est,
532 4366 589 4418 et
621 4357 991 4414 ἷδῑοσῦστατον
1043 4375 1146 4430 per
1195 4375 1256 4414 se
1304 4357 1534 4429 proprie
1566 4357 1874 4412 consistit:
1936 4372 2052 4428 quo

395 4451 454 4506 in
477 4450 806 4522 signiﬁcatu
829 4447 1124 4503 individua
1147 4463 1378 4518 quoque
1419 4443 1751 4499 ἐνυπόστατα
1780 4445 2052 4511 dicimus,

399 4556 521 4609 qua:
555 4537 787 4608 proprie
818 4535 1165 4606 hypostases
1222 4533 1416 4604 potius
1448 4539 1506 4588 et
1557 4539 1695 4589 sunt
1725 4538 1780 4588 et
1811 4533 2052 4603 dignos-

2163 1941 2404 1997 nihilum
2435 1957 2619 1996 coram
2654 1950 2704 1995 te
2727 1942 2966 1995 *"Jtem
2999 1957 3102 2011 pro
3136 1941 3621 2008 fundamento,ut
3653 1941 3824 1994 illud:

2163 2034 2332 2087 Fixus
2353 2047 2473 2085 sum
2510 2033 2568 2086 in
2599 2031 2730 2085 limo
2744 2029 3031 2101 profundi,
3049 2038 3102 2084 et
3130 2045 3237 2084 non
3257 2038 3336 2084 est
3356 2029 3800 2084 mihisubsiuen
3815 2061 3828 2072 -

2162 2125 2238 2177 tia
2273 2121 2479 2176 "diem
2517 2138 2619 2192 pro
2645 2119 3407 2189 negotio,undeJeremias:
3462 2119 3834 2189 Congregavit

2162 2213 2499 2266 extrinsecus
2537 2211 2944 2263 subsistentia":
2975 2223 3154 2262 suam.
3216 2209 3283 2262 Et
3336 2225 3438 2279 pro
3493 2224 3736 2274 arcano,
3769 2212 3832 2261 ut

2161 2301 2312 2371 apud
2343 2301 2614 2354 eumdem
2650 2299 2719 2353 de
2751 2296 3318 2370 pseudoprophetis:
3377 2301 3444 2352 Et
3464 2299 3520 2352 εἰ
3547 2296 3830 2351 stetissent

2163 2392 2219 2444 in
2247 2389 2556 2444 substantia
2586 2404 2731 2453 mea,
2763 2388 2885 2442 sive
2943 2390 3000 2440 in
3033 2403 3237 2441 arcano
3290 2402 3412 2440 meo
3439 2385 3508 2439 ι’.
3545 2391 3692 2440 Item
3728 2403 3829 2456 pro

2163 2478 2564 2540 fundamento,
2599 2481 2663 2530 ut
2695 2477 2844 2547 apud
2869 2474 3228 2530 Ezechielem
3260 2476 3329 2530 de
3357 2475 3558 2546 templi
3585 2475 3834 2529 aediﬁca-

2161 2568 2337 2632 tione,
2371 2566 2704 2621 describens
2737 2566 2977 2621 domum
3007 2573 3059 2620 et
3085 2569 3290 2619 caetera
3313 2581 3440 2635 qua:
3467 2569 3829 2635 sequuntur,

2160 2657 2220 2711 in
2254 2656 2467 2726 quibus
2500 2655 2861 2727 hypostasim
2895 2671 2997 2726 pro
3029 2654 3416 2710 fundamento
3441 2653 3628 2724 ponit.
3678 2653 3829 2707 Item

2161 2762 2263 2816 pro
2290 2745 2482 2811 laude,
2516 2753 2577 2798 ut
2621 2745 2773 2815 apud
2821 2743 3180 2814 Apostolum.
3231 2743 3385 2810 Quod
3430 2743 3654 2813 loquor,-
3719 2757 3828 2796 non

2160 2834 2457 2889 secundum
2487 2834 2799 2897 Dominum,
2837 2832 2927 2888 sed
2957 2841 3228 2902 tanquam
3256 2833 3312 2886 in
3343 2831 3590 2887 stultitia
3637 2834 3700 2885 in
3726 2832 3828 2884 hac

2161 2923 2464 2978 substantia
2493 2921 2846 2990 gloriationis
2865 2922 2932 2978 η.

2830 3068 2980 3122 CAP.
3013 3066 3152 3121 XVI.

2163 3191 2695 3263 ltem,B.DDionysii
2719 3190 3064 3260 Areopagitae
3098 3191 3170 3246 De
3199 3191 3322 3246 Deo.
3359 3192 3598 3261 {Omnia
3629 3191 3698 3246 de
3731 3193 3835 3247 Deo

2233 3273 2285 3320 et
2313 3263 2690 3333 afﬁrmantur,
2728 3271 2991 3332 tanquam
3027 3264 3279 3316 omnium
3311 3279 3502 3317 causa:
3536 3268 3591 3317 et
3622 3279 3833 3332 negan-

2232 3339 2346 3403 tur,
2379 3337 2510 3407 quia
2539 3336 2794 3392 omnibus
2815 3335 3181 3390 excellentior
3200 3335 3323 3404 sit.]

2234 3469 2386 3524 Deus
2411 3483 2594 3538 neque
2619 3466 2718 3522 lux
2742 3473 2852 3535 est,
2887 3483 3075 3539 neque
3099 3467 3378 3522 tenebrae:
3413 3483 3604 3538 neque
3631 3469 3828 3538 cogni-

2162 3559 2262 3623 tio,
2299 3574 2487 3628 neque
2511 3557 2796 3627 ignoratio
2829 3573 2841 3612 :
2871 3573 3058 3628 neque
3091 3557 3324 3621 veritas,
3351 3573 3543 3627 neque
3580 3559 3826 3612 menda-

2163 3647 2341 3701 cium:
2367 3651 2514 3714 et,ut
2541 3647 2741 3718 paucis
2757 3644 3280 3710 concludam,nihil
3303 3650 3392 3700 est
3415 3646 3516 3700 ubi
3547 3650 3821 3716 ponatur,

2163 3741 2264 3791 aut
2296 3735 2448 3791 unde
2476 3737 2793 3793 auferatur.
2827 3735 3113 3790 Omnibus
3146 3735 3301 3790 enim
3327 3734 3604 3806 superior
3633 3741 3741 3802 est,
3765 3742 3821 3790 et

2162 3842 2288 3896 qua
2321 3845 2352 3880 a
2406 3825 2595 3891 nobis,
2644 3830 2700 3879 et
2747 3837 2872 3895 qua:
2916 3824 2985 3878 ab
3047 3825 3118 3879 iis
3152 3841 3275 3894 quae
3308 3840 3489 3895 supra
3533 3841 3642 3879 nos
3686 3829 3824 3880 sunt

2162 3915 2512 3985 cogitantur.
2549 3914 3031 3984 Quandoquidem
3065 3918 3250 3977 Pater,
3284 3921 3341 3968 et
3370 3913 3579 3980 Filius,
3609 3921 3668 3969 et
3698 3915 3822 3984 Spi-

2162 4005 2309 4058 ritus
2343 4009 2604 4073 sanctus,
2639 4021 2753 4058 non
2788 4006 2837 4058 is
2867 4008 2975 4072 est,
3009 4019 3184 4074 quem
3219 4003 3566 4074 cogitamus,
3599 4006 3689 4059 vel
3723 4004 3823 4074 qui

2163 4106 2343 4163 supra
2363 4109 2469 4147 nos
2501 4097 2660 4160 sunt,
2695 4092 2792 4146 sed
2828 4091 2878 4146 is
2902 4095 2989 4147 est
3015 4092 3113 4162 qui
3151 4091 3311 4146 nulla
3342 4091 3572 4146 ratione
3603 4092 3820 4147 intelli-

2161 4181 2241 4251 gi,
2275 4186 2374 4235 aut
2406 4181 2665 4235 oratione
2707 4181 2949 4251 exprimi
3013 4185 3207 4251 queat.
3271 4179 3599 4235 Positiones
3663 4181 3823 4236 enim

2161 4274 2218 4325 et
2248 4269 2594 4340 ablationes,
2629 4273 2684 4324 et
2715 4269 2974 4337 habitus,
3006 4274 3062 4323 et
3094 4268 3450 4338 privationes
3501 4271 3577 4324 iis
3609 4284 3818 4325 accen-

2161 4365 2385 4424 sentur,
2418 4376 2543 4429 que
2578 4364 2709 4428 post
2740 4358 2922 4413 Deum
2953 4363 3114 4413 sunt.

2230 4451 2284 4504 2.
2317 4449 2615 4518 Ejusdem.
2651 4455 2804 4503 Deus
2834 4453 2925 4503 est
2957 4465 3157 4504 eorum
3193 4465 3321 4518 quae
3365 4454 3504 4504 sunt
3535 4450 3821 4516 essentia,

2161 4538 2376 4610 quippe
2413 4537 2512 4609 qui
2543 4553 2740 4593 earum
2774 4537 3128 4608 principium
3163 4542 3218 4593 et
3249 4554 3425 4594 causa
3459 4538 3557 4593 sit.
3619 4539 3822 4594 Secu-

395 4624 762 4683 cuntur.Sed
800 4623 868 4678 de
891 4623 1277 4693 enhypostato
1312 4622 1551 4692 quidem
1576 4621 1698 4677 haec
1731 4621 2049 4676 sufﬁciant.
2085 4621 2128 4686 D
2161 4627 2282 4682 lum
2318 4631 2510 4682 autem
2544 4625 2907 4693 saeculorum,
2942 4631 3006 4680 ut
3054 4626 3153 4698 qui
3184 4627 3375 4697 magis
3435 4627 3674 4698 proprie
3726 4628 3821 4692 sit,

470 4715 594 4772 Non
624 4709 881 4769 absimili
911 4711 1127 4766 ratione
1171 4711 1623 4783 anhypostatum
1672 4727 1906 4782 quoque
1938 4712 2044 4766 du-

395 4805 522 4878 plex
576 4807 682 4860 est.
735 4806 850 4856 Nec
908 4801 1062 4856 enim
1134 4799 1584 4871 anhyposlatum
1659 4801 1939 4854 duntaxat
1985 4798 2043 4854 id

396 4894 633 4961 dicitur,
666 4891 819 4963 quod
852 4888 1012 4945 nullo
1042 4905 1288 4960 usquam
1324 4889 1492 4944 modo
1526 4889 1618 4957 sit,
1653 4889 1752 4944 sed
1779 4889 1836 4943 id
1867 4889 2040 4944 etiam

395 4985 549 5058 quod
584 4983 697 5038 alio
726 4978 1016 5046 subsistit,
1082 4976 1281 5049 qualia
1323 4982 1462 5033 sunt
1521 4975 1882 5034 accidentia:
1916 4993 2041 5048 qua:

389 5079 517 5148 ipsa
549 5091 651 5147 per
692 5088 752 5128 se
785 5069 1107 5127 subsistere
1141 5085 1256 5123 non
1289 5073 1558 5140 possunt.

459 5166 566 5229 Qui
590 5162 870 5220 subtilius
904 5160 1024 5215 haec
1057 5158 1254 5214 rimari
1287 5156 1564 5226 voluerit,
1620 5156 1896 5230 pleraque
1927 5157 2044 5214 alia

385 5257 772 5328 hypostaseos
805 5250 1140 5323 signiﬁcata
1170 5247 1588 5319 deprehendet.
1653 5247 1796 5305 Nam
1832 5252 2043 5319 praeter

385 5361 473 5407 ea,
507 5362 636 5414 quae
685 5359 868 5414 supra
919 5341 1076 5395 dicta
1127 5347 1283 5404 sunt,
1337 5337 1669 5410 hypostasis
1701 5337 1874 5393 etiam
1940 5355 2039 5407 pro

387 5447 560 5485 onere
579 5431 843 5503 capitur:
878 5435 941 5484 ut
972 5429 1030 5483 in
1060 5426 1529 5484 Deuteronomio:
1566 5427 1838 5494 Quomodo
1858 5436 2039 5496 potero

390 5533 490 5585 ego
521 5519 666 5571 solus
696 5535 832 5572 onus
861 5523 1097 5572 vestrum
1130 5519 1397 5573 sustinere
1422 5515 1512 5570 “‘1’
1569 5515 1849 5572 Hebraice
1880 5516 2034 5572 enim

468 5612 512 5647 1³
550 5612 719 5666 Joan.
748 5628 788 5678 ι,
824 5615 908 5667 lli.
985 5613 1030 5647 “
1063 5620 1227 5669 Deut.
1261 5632 1297 5681 1,
1333 5617 1421 5673 10.

391 5686 435 5722 η
467 5683 682 5740 Jerem.
714 5697 874 5748 xxxix,
907 5684 960 5736 3.
1039 5683 1082 5717 ¹⁹
1111 5685 1157 5738 II
1189 5687 1314 5744 Cor.
1347 5702 1425 5757 χι,
1463 5686 1551 5744 17.

1509 5614 1553 5647 ‘5
1588 5614 1762 5672 Ruth.
1796 5633 1831 5683 ι,
1862 5618 1916 5673 6.
1995 5614 2084 5672 ¹⁸Ι
2117 5616 2256 5687 Reg.
2289 5633 2406 5686 xxv,
2436 5618 2484 5671 1.

2157 4733 2332 4788 quam
2369 4715 2598 4772 saecula.
2658 4715 2910 4785 Tempus
2941 4731 3098 4779 vero,
3135 4716 3274 4786 quia
3320 4715 3398 4771 sit
3429 4732 3662 4782 eorum,
3695 4734 3820 4786 qua

2156 4812 2293 4861 sunt
2315 4821 2593 4861 mensura
2621 4821 2635 4871 ;
2670 4821 2803 4859 nam
2827 4806 3170 4860 earumdem
3191 4807 3481 4862 terminus
3507 4807 3685 4861 etiam
3708 4814 3817 4874 est,

2154 4901 2219 4951 ut
2245 4897 2342 4966 qui
2378 4897 2462 4952 eis
2491 4896 2730 4951 modum
2774 4900 2829 4951 et
2873 4897 3050 4951 ﬁnem
3084 4895 3370 4968 imponat.
3431 4897 3816 4968 Quandoqui-

2155 4984 2284 5039 dem
2318 5001 2387 5039 ea
2413 4985 2588 5039 etiam
2619 4999 2745 5055 quas
2779 4983 3138 5055 sempiterna
3170 4989 3327 5052 sunt,
3359 4984 3607 5057 ipsaque
3632 5001 3816 5039 seacu-

2153 5071 2342 5128 lorum
2378 5073 2560 5128 series
2583 5073 2816 5128 inﬁnita
2860 5071 3021 5127 illius
3054 5072 3342 5128 inﬁnitate
3391 5074 3814 5139 terminantur,

2153 5162 2251 5234 qui
2307 5161 2618 5234 [inﬁnitus]
2669 5161 2952 5217 inﬁnities
3011 5162 3237 5217 inﬁnite
3282 5163 3411 5232 ipsa
3470 5161 3815 5234 complecti-

2152 5257 2266 5306 tur.
2328 5250 2638 5306 Generatio
2669 5255 2890 5315 autem,
2940 5256 3007 5305 ut
3065 5251 3168 5321 qui
3229 5268 3296 5307 ea
3345 5268 3582 5324 quoquo
3635 5257 3816 5312 modo

2151 5341 2299 5395 ﬁunt
2324 5340 2381 5394 in
2416 5356 2609 5395 rerum
2643 5345 2918 5394 naturam
2954 5341 3258 5409 producat.
3299 5346 3499 5408 Locus,
3528 5345 3668 5415 quia
3689 5363 3817 5400 om-

2152 5430 2244 5484 nia
2277 5429 2591 5484 contineat.
2624 5428 2830 5483 Omnia
2887 5429 3135 5498 denique
3182 5435 3293 5495 est,
3343 5431 3480 5501 quia
3527 5435 3810 5490 omnibus

2149 5517 2430 5588 uperior.

2582 5616 2646 5652 ί⁶⁹
2675 5615 2827 5672 Psal.
2862 5633 3092 5687 xxxvm,
3127 5618 3180 5673 6.
3259 5616 3303 5651 1⁷
3331 5617 3482 5674 Psal.
3518 5637 3713 5690 vam,
3746 5622 3806 5676 3.
