  <div class='ocr_page' id='page_1' title='image "/cluster/home/n/w/nwhite01/storage/ocr_20150623/139/hvd.32044023361710/576.png"; bbox 0 0 4066 6208; ppageno 0'>
   <div class='ocr_carea' id='block_1_1' title="bbox 278 375 436 435">
    <p class='ocr_par' dir='ltr' id='par_1_1' title="bbox 278 375 436 435">
     <span class='ocr_line' id='line_1_1' title="bbox 278 375 436 435; baseline 0 -1"><span class='ocrx_word' id='word_1_1' title='bbox 278 375 436 435; x_wconf 73' lang='grc'><strong>1141</strong></span> 
     </span>
    </p>
   </div>
   <div class='ocr_carea' id='block_1_2' title="bbox 390 502 1826 562">
    <p class='ocr_par' dir='ltr' id='par_1_2' title="bbox 390 502 1826 562">
     <span class='ocr_line' id='line_1_2' title="bbox 390 502 1826 562; baseline 0.001 -1"><span class='ocrx_word' id='word_1_2' title='bbox 390 502 675 562; x_wconf 79' lang='lat' dir='ltr'><strong>Privanlia</strong></span> <span class='ocrx_word' id='word_1_3' title='bbox 706 505 984 560; x_wconf 79' lang='lat' dir='ltr'><strong>contrario</strong></span> <span class='ocrx_word' id='word_1_4' title='bbox 1017 503 1174 561; x_wconf 80' lang='lat' dir='ltr'><strong>modo</strong></span> <span class='ocrx_word' id='word_1_5' title='bbox 1206 506 1275 561; x_wconf 80' lang='lat' dir='ltr'><strong>de</strong></span> <span class='ocrx_word' id='word_1_6' title='bbox 1309 505 1411 561; x_wconf 83' lang='lat' dir='ltr'><strong>Deo</strong></span> <span class='ocrx_word' id='word_1_7' title='bbox 1439 506 1826 562; x_wconf 79' lang='lat' dir='ltr'><strong>enuntientur.</strong></span> 
     </span>
    </p>
   </div>
   <div class='ocr_carea' id='block_1_3' title="bbox 350 622 1940 696">
    <p class='ocr_par' dir='ltr' id='par_1_3' title="bbox 350 622 1940 696">
     <span class='ocr_line' id='line_1_3' title="bbox 350 622 1940 696; baseline -0.001 -16"><span class='ocrx_word' id='word_1_8' title='bbox 350 626 403 682; x_wconf 93' lang='lat'><strong>3.</strong></span> <span class='ocrx_word' id='word_1_9' title='bbox 439 625 740 696; x_wconf 78' lang='lat' dir='ltr'><strong>Ejusdem.</strong></span> <span class='ocrx_word' id='word_1_10' title='bbox 767 628 915 680; x_wconf 85' lang='lat' dir='ltr'><strong>Deus</strong></span> <span class='ocrx_word' id='word_1_11' title='bbox 941 628 998 679; x_wconf 91' lang='lat' dir='ltr'><strong>et</strong></span> <span class='ocrx_word' id='word_1_12' title='bbox 1029 640 1225 680; x_wconf 89' lang='lat' dir='ltr'><strong>eorum</strong></span> <span class='ocrx_word' id='word_1_13' title='bbox 1255 640 1384 696; x_wconf 67' lang='lat' dir='ltr'><strong>quae</strong></span> <span class='ocrx_word' id='word_1_14' title='bbox 1406 628 1543 679; x_wconf 78' lang='lat' dir='ltr'><strong>sunt</strong></span> <span class='ocrx_word' id='word_1_15' title='bbox 1575 622 1866 679; x_wconf 86' lang='lat' dir='ltr'><strong>terminus</strong></span> <span class='ocrx_word' id='word_1_16' title='bbox 1884 628 1940 680; x_wconf 91' lang='lat' dir='ltr'><strong>et</strong></span> 
     </span>
    </p>
   </div>
   <div class='ocr_carea' id='block_1_4' title="bbox 278 703 1935 784">
    <p class='ocr_par' dir='ltr' id='par_1_4' title="bbox 278 703 1935 784">
     <span class='ocr_line' id='line_1_4' title="bbox 278 703 1935 784; baseline -0.001 -15"><span class='ocrx_word' id='word_1_17' title='bbox 278 714 544 770; x_wconf 87' lang='lat' dir='ltr'><strong>inﬁnitas</strong></span> <span class='ocrx_word' id='word_1_18' title='bbox 558 714 793 770; x_wconf 90' lang='lat' dir='ltr'><strong>dicitur.</strong></span> <span class='ocrx_word' id='word_1_19' title='bbox 817 710 1130 769; x_wconf 78' lang='lat' dir='ltr'><strong>Terminus</strong></span> <span class='ocrx_word' id='word_1_20' title='bbox 1153 713 1410 784; x_wconf 86' lang='lat' dir='ltr'><strong>quidem,</strong></span> <span class='ocrx_word' id='word_1_21' title='bbox 1436 713 1534 784; x_wconf 90' lang='lat' dir='ltr'><strong>qui</strong></span> <span class='ocrx_word' id='word_1_22' title='bbox 1554 728 1621 767; x_wconf 91' lang='lat' dir='ltr'><strong>ea</strong></span> <span class='ocrx_word' id='word_1_23' title='bbox 1645 703 1935 768; x_wconf 73' lang='lat' dir='ltr'><strong>terminet.</strong></span> 
     </span>
    </p>
   </div>
   <div class='ocr_carea' id='block_1_5' title="bbox 276 800 1933 874">
    <p class='ocr_par' dir='ltr' id='par_1_5' title="bbox 276 800 1933 874">
     <span class='ocr_line' id='line_1_5' title="bbox 276 800 1933 874; baseline -0.001 -15"><span class='ocrx_word' id='word_1_24' title='bbox 276 804 543 860; x_wconf 87' lang='lat' dir='ltr'><strong>Inﬁnitas</strong></span> <span class='ocrx_word' id='word_1_25' title='bbox 576 820 730 871; x_wconf 89' lang='lat' dir='ltr'><strong>vero,</strong></span> <span class='ocrx_word' id='word_1_26' title='bbox 756 803 854 874; x_wconf 88' lang='lat' dir='ltr'><strong>qui</strong></span> <span class='ocrx_word' id='word_1_27' title='bbox 880 819 1058 873; x_wconf 84' lang='lat' dir='ltr'><strong>supra</strong></span> <span class='ocrx_word' id='word_1_28' title='bbox 1089 819 1156 858; x_wconf 88' lang='lat' dir='ltr'><strong>ea</strong></span> <span class='ocrx_word' id='word_1_29' title='bbox 1186 801 1587 874; x_wconf 76' lang='lat' dir='ltr'><strong>protendatur.</strong></span> <span class='ocrx_word' id='word_1_30' title='bbox 1610 800 1747 873; x_wconf 88' lang='lat' dir='ltr'><strong>Ejus</strong></span> <span class='ocrx_word' id='word_1_31' title='bbox 1778 801 1933 857; x_wconf 90' lang='lat' dir='ltr'><strong>enim</strong></span> 
     </span>
    </p>
   </div>
   <div class='ocr_carea' id='block_1_6' title="bbox 276 890 1930 965">
    <p class='ocr_par' dir='ltr' id='par_1_6' title="bbox 276 890 1930 965">
     <span class='ocr_line' id='line_1_6' title="bbox 276 890 1930 965; baseline -0.003 -16"><span class='ocrx_word' id='word_1_32' title='bbox 276 895 560 965; x_wconf 87' lang='lat' dir='ltr'><strong>inﬁnitas,</strong></span> <span class='ocrx_word' id='word_1_33' title='bbox 581 910 709 964; x_wconf 72' lang='lat' dir='ltr'><strong>quae</strong></span> <span class='ocrx_word' id='word_1_34' title='bbox 733 895 941 948; x_wconf 88' lang='lat' dir='ltr'><strong>cuncta</strong></span> <span class='ocrx_word' id='word_1_35' title='bbox 963 890 1523 961; x_wconf 88' lang='lat' dir='ltr'><strong>terminat,inﬁnitis</strong></span> <span class='ocrx_word' id='word_1_36' title='bbox 1547 890 1733 946; x_wconf 78' lang='lat' dir='ltr'><strong>modis</strong></span> <span class='ocrx_word' id='word_1_37' title='bbox 1756 893 1930 963; x_wconf 90' lang='lat' dir='ltr'><strong>patet.</strong></span> 
     </span>
    </p>
   </div>
   <div class='ocr_carea' id='block_1_7' title="bbox 350 999 1933 1071">
    <p class='ocr_par' dir='ltr' id='par_1_7' title="bbox 350 999 1933 1071">
     <span class='ocr_line' id='line_1_7' title="bbox 350 999 1933 1071; baseline -0.003 -15"><span class='ocrx_word' id='word_1_38' title='bbox 350 1003 401 1056; x_wconf 81' lang='grc'><strong>4.</strong></span> <span class='ocrx_word' id='word_1_39' title='bbox 437 1001 737 1071; x_wconf 85' lang='lat' dir='ltr'><strong>Ejusdem.</strong></span> <span class='ocrx_word' id='word_1_40' title='bbox 775 1004 833 1053; x_wconf 85' lang='lat' dir='ltr'><strong>Et</strong></span> <span class='ocrx_word' id='word_1_41' title='bbox 868 1016 1145 1071; x_wconf 86' lang='lat' dir='ltr'><strong>magnum</strong></span> <span class='ocrx_word' id='word_1_42' title='bbox 1196 1004 1254 1055; x_wconf 87' lang='lat' dir='ltr'><strong>et</strong></span> <span class='ocrx_word' id='word_1_43' title='bbox 1283 1015 1528 1070; x_wconf 89' lang='lat' dir='ltr'><strong>parvum</strong></span> <span class='ocrx_word' id='word_1_44' title='bbox 1561 1000 1631 1054; x_wconf 90' lang='lat' dir='ltr'><strong>de</strong></span> <span class='ocrx_word' id='word_1_45' title='bbox 1664 1003 1797 1064; x_wconf 90' lang='lat' dir='ltr'><strong>Deo,</strong></span> <span class='ocrx_word' id='word_1_46' title='bbox 1832 999 1933 1071; x_wconf 86' lang='lat' dir='ltr'><strong>qui</strong></span> 
     </span>
    </p>
   </div>
   <div class='ocr_carea' id='block_1_8' title="bbox 275 1088 1933 1157">
    <p class='ocr_par' dir='ltr' id='par_1_8' title="bbox 275 1088 1933 1157">
     <span class='ocr_line' id='line_1_8' title="bbox 275 1088 1933 1157; baseline -0.004 -8"><span class='ocrx_word' id='word_1_47' title='bbox 275 1109 474 1149; x_wconf 89' lang='lat' dir='ltr'><strong>rerum</strong></span> <span class='ocrx_word' id='word_1_48' title='bbox 526 1091 790 1148; x_wconf 91' lang='lat' dir='ltr'><strong>omnium</strong></span> <span class='ocrx_word' id='word_1_49' title='bbox 823 1108 1000 1147; x_wconf 88' lang='lat' dir='ltr'><strong>causa</strong></span> <span class='ocrx_word' id='word_1_50' title='bbox 1043 1094 1153 1157; x_wconf 83' lang='lat' dir='ltr'><strong>est,</strong></span> <span class='ocrx_word' id='word_1_51' title='bbox 1196 1088 1504 1145; x_wconf 88' lang='lat' dir='ltr'><strong>contrariis</strong></span> <span class='ocrx_word' id='word_1_52' title='bbox 1555 1088 1742 1143; x_wconf 87' lang='lat' dir='ltr'><strong>modis</strong></span> <span class='ocrx_word' id='word_1_53' title='bbox 1793 1088 1933 1143; x_wconf 83' lang='lat' dir='ltr'><strong>ell‘e-</strong></span> 
     </span>
    </p>
   </div>
   <div class='ocr_carea' id='block_1_9' title="bbox 276 1175 1931 1252">
    <p class='ocr_par' dir='ltr' id='par_1_9' title="bbox 276 1175 1931 1252">
     <span class='ocr_line' id='line_1_9' title="bbox 276 1175 1931 1252; baseline -0.003 -15"><span class='ocrx_word' id='word_1_54' title='bbox 276 1187 506 1238; x_wconf 91' lang='lat' dir='ltr'><strong>runtur.</strong></span> <span class='ocrx_word' id='word_1_55' title='bbox 542 1181 816 1252; x_wconf 83' lang='lat' dir='ltr'><strong>Magnum</strong></span> <span class='ocrx_word' id='word_1_56' title='bbox 863 1179 1124 1251; x_wconf 87' lang='lat' dir='ltr'><strong>quidem,</strong></span> <span class='ocrx_word' id='word_1_57' title='bbox 1171 1177 1464 1251; x_wconf 82' lang='lat' dir='ltr'><strong>plerisque</strong></span> <span class='ocrx_word' id='word_1_58' title='bbox 1511 1178 1820 1249; x_wconf 62' lang='lat' dir='ltr'><strong>Scriptura:</strong></span> <span class='ocrx_word' id='word_1_59' title='bbox 1872 1175 1931 1232; x_wconf 90' lang='lat' dir='ltr'><strong>in</strong></span> 
     </span>
    </p>
   </div>
   <div class='ocr_carea' id='block_1_10' title="bbox 269 1266 1929 1332">
    <p class='ocr_par' dir='ltr' id='par_1_10' title="bbox 269 1266 1929 1332">
     <span class='ocr_line' id='line_1_10' title="bbox 269 1266 1929 1332; baseline -0.002 -6"><span class='ocrx_word' id='word_1_60' title='bbox 269 1271 438 1327; x_wconf 89' lang='lat' dir='ltr'><strong>locis.</strong></span> <span class='ocrx_word' id='word_1_61' title='bbox 476 1271 722 1327; x_wconf 77' lang='lat' dir='ltr'><strong>Parvum</strong></span> <span class='ocrx_word' id='word_1_62' title='bbox 774 1272 970 1324; x_wconf 85' lang='lat' dir='ltr'><strong>autem</strong></span> <span class='ocrx_word' id='word_1_63' title='bbox 1015 1268 1108 1323; x_wconf 85' lang='lat' dir='ltr'><strong>his</strong></span> <span class='ocrx_word' id='word_1_64' title='bbox 1141 1284 1210 1323; x_wconf 85' lang='lat' dir='ltr'><strong>ex</strong></span> <span class='ocrx_word' id='word_1_65' title='bbox 1238 1266 1450 1332; x_wconf 85' lang='lat' dir='ltr'><strong>verbis,</strong></span> <span class='ocrx_word' id='word_1_66' title='bbox 1484 1270 1552 1322; x_wconf 81' lang='lat' dir='ltr'><strong>In</strong></span> <span class='ocrx_word' id='word_1_67' title='bbox 1579 1282 1722 1322; x_wconf 89' lang='lat' dir='ltr'><strong>aura</strong></span> <span class='ocrx_word' id='word_1_68' title='bbox 1750 1266 1929 1331; x_wconf 83' lang='lat' dir='ltr'><strong>tenui,</strong></span> 
     </span>
    </p>
   </div>
   <div class='ocr_carea' id='block_1_11' title="bbox 270 1355 1933 1433">
    <p class='ocr_par' dir='ltr' id='par_1_11' title="bbox 270 1355 1933 1433">
     <span class='ocr_line' id='line_1_11' title="bbox 270 1355 1933 1433; baseline -0.004 -17"><span class='ocrx_word' id='word_1_69' title='bbox 270 1361 588 1433; x_wconf 79' lang='lat' dir='ltr'><strong>colligitur.</strong></span> <span class='ocrx_word' id='word_1_70' title='bbox 613 1359 861 1430; x_wconf 83' lang='lat' dir='ltr'><strong>Magnus</strong></span> <span class='ocrx_word' id='word_1_71' title='bbox 893 1360 1046 1413; x_wconf 88' lang='lat' dir='ltr'><strong>certe</strong></span> <span class='ocrx_word' id='word_1_72' title='bbox 1078 1356 1312 1422; x_wconf 89' lang='lat' dir='ltr'><strong>dicitur,</strong></span> <span class='ocrx_word' id='word_1_73' title='bbox 1331 1355 1549 1427; x_wconf 90' lang='lat' dir='ltr'><strong>quippe</strong></span> <span class='ocrx_word' id='word_1_74' title='bbox 1568 1355 1665 1425; x_wconf 91' lang='lat' dir='ltr'><strong>qui</strong></span> <span class='ocrx_word' id='word_1_75' title='bbox 1701 1355 1933 1426; x_wconf 87' lang='lat' dir='ltr'><strong>magni-</strong></span> 
     </span>
    </p>
   </div>
   <div class='ocr_carea' id='block_1_12' title="bbox 270 1443 1930 1516">
    <p class='ocr_par' dir='ltr' id='par_1_12' title="bbox 270 1443 1930 1516">
     <span class='ocr_line' id='line_1_12' title="bbox 270 1443 1930 1516; baseline -0.004 -11"><span class='ocrx_word' id='word_1_76' title='bbox 270 1450 537 1505; x_wconf 87' lang='lat' dir='ltr'><strong>tudinem</strong></span> <span class='ocrx_word' id='word_1_77' title='bbox 569 1448 741 1505; x_wconf 85' lang='lat' dir='ltr'><strong>rebus</strong></span> <span class='ocrx_word' id='word_1_78' title='bbox 792 1448 1030 1512; x_wconf 90' lang='lat' dir='ltr'><strong>tribuat,</strong></span> <span class='ocrx_word' id='word_1_79' title='bbox 1082 1447 1251 1516; x_wconf 84' lang='lat' dir='ltr'><strong>cujus</strong></span> <span class='ocrx_word' id='word_1_80' title='bbox 1298 1445 1531 1501; x_wconf 82' lang='lat' dir='ltr'><strong>infinita</strong></span> <span class='ocrx_word' id='word_1_81' title='bbox 1586 1443 1930 1515; x_wconf 83' lang='lat' dir='ltr'><strong>magnitudo</strong></span> 
     </span>
    </p>
   </div>
   <div class='ocr_carea' id='block_1_13' title="bbox 270 1535 1926 1609">
    <p class='ocr_par' dir='ltr' id='par_1_13' title="bbox 270 1535 1926 1609">
     <span class='ocr_line' id='line_1_13' title="bbox 270 1535 1926 1609; baseline -0.004 -16"><span class='ocrx_word' id='word_1_82' title='bbox 270 1539 369 1607; x_wconf 87' lang='lat' dir='ltr'><strong>sit,</strong></span> <span class='ocrx_word' id='word_1_83' title='bbox 403 1539 502 1609; x_wconf 89' lang='lat' dir='ltr'><strong>qui</strong></span> <span class='ocrx_word' id='word_1_84' title='bbox 535 1538 788 1609; x_wconf 85' lang='lat' dir='ltr'><strong>denique</strong></span> <span class='ocrx_word' id='word_1_85' title='bbox 831 1535 1296 1608; x_wconf 81' lang='lat' dir='ltr'><strong>magnitudinem</strong></span> <span class='ocrx_word' id='word_1_86' title='bbox 1328 1550 1565 1590; x_wconf 88' lang='lat' dir='ltr'><strong>omnem</strong></span> <span class='ocrx_word' id='word_1_87' title='bbox 1598 1539 1926 1605; x_wconf 79' lang='lat' dir='ltr'><strong>exsuperet,</strong></span> 
     </span>
    </p>
   </div>
   <div class='ocr_carea' id='block_1_14' title="bbox 276 1621 1930 1707">
    <p class='ocr_par' dir='ltr' id='par_1_14' title="bbox 276 1621 1930 1707">
     <span class='ocr_line' id='line_1_14' title="bbox 276 1621 1930 1707; baseline -0.003 -26"><span class='ocrx_word' id='word_1_88' title='bbox 276 1626 449 1697; x_wconf 86' lang='lat' dir='ltr'><strong>cujus</strong></span> <span class='ocrx_word' id='word_1_89' title='bbox 482 1624 822 1698; x_wconf 84' lang='lat' dir='ltr'><strong>magnitudo</strong></span> <span class='ocrx_word' id='word_1_90' title='bbox 854 1623 1220 1697; x_wconf 82' lang='lat' dir='ltr'><strong>quantitatis,</strong></span> <span class='ocrx_word' id='word_1_91' title='bbox 1241 1639 1543 1707; x_wconf 77' lang='lat' dir='ltr'><strong>mensurae</strong></span> <span class='ocrx_word' id='word_1_92' title='bbox 1574 1621 1930 1693; x_wconf 88' lang='lat' dir='ltr'><strong>terminique</strong></span> 
     </span>
    </p>
   </div>
   <div class='ocr_carea' id='block_1_15' title="bbox 271 1710 1927 1788">
    <p class='ocr_par' dir='ltr' id='par_1_15' title="bbox 271 1710 1927 1788">
     <span class='ocr_line' id='line_1_15' title="bbox 271 1710 1927 1788; baseline -0.002 -17"><span class='ocrx_word' id='word_1_93' title='bbox 271 1733 516 1788; x_wconf 72' lang='lat' dir='ltr'><strong>prorsus</strong></span> <span class='ocrx_word' id='word_1_94' title='bbox 546 1731 754 1787; x_wconf 83' lang='lat' dir='ltr'><strong>expers</strong></span> <span class='ocrx_word' id='word_1_95' title='bbox 783 1715 1041 1771; x_wconf 86' lang='lat' dir='ltr'><strong>exsistat.</strong></span> <span class='ocrx_word' id='word_1_96' title='bbox 1080 1718 1332 1770; x_wconf 83' lang='lat' dir='ltr'><strong>Parvum</strong></span> <span class='ocrx_word' id='word_1_97' title='bbox 1359 1718 1557 1768; x_wconf 90' lang='lat' dir='ltr'><strong>autem</strong></span> <span class='ocrx_word' id='word_1_98' title='bbox 1590 1710 1710 1767; x_wconf 88' lang='lat' dir='ltr'><strong>sive</strong></span> <span class='ocrx_word' id='word_1_99' title='bbox 1734 1716 1927 1779; x_wconf 88' lang='lat' dir='ltr'><strong>tenue,</strong></span> 
     </span>
    </p>
   </div>
   <div class='ocr_carea' id='block_1_16' title="bbox 270 1802 1923 1877">
    <p class='ocr_par' dir='ltr' id='par_1_16' title="bbox 270 1802 1923 1877">
     <span class='ocr_line' id='line_1_16' title="bbox 270 1802 1923 1877; baseline -0.003 -17"><span class='ocrx_word' id='word_1_100' title='bbox 270 1806 327 1861; x_wconf 90' lang='lat' dir='ltr'><strong>id</strong></span> <span class='ocrx_word' id='word_1_101' title='bbox 364 1807 421 1861; x_wconf 93' lang='lat' dir='ltr'><strong>in</strong></span> <span class='ocrx_word' id='word_1_102' title='bbox 478 1806 598 1862; x_wconf 87' lang='lat' dir='ltr'><strong>Deo</strong></span> <span class='ocrx_word' id='word_1_103' title='bbox 633 1806 998 1876; x_wconf 67' lang='lat' dir='ltr'><strong>praedicatur,</strong></span> <span class='ocrx_word' id='word_1_104' title='bbox 1030 1806 1186 1877; x_wconf 91' lang='lat' dir='ltr'><strong>quod</strong></span> <span class='ocrx_word' id='word_1_105' title='bbox 1234 1804 1294 1860; x_wconf 87' lang='lat' dir='ltr'><strong>in</strong></span> <span class='ocrx_word' id='word_1_106' title='bbox 1347 1802 1578 1859; x_wconf 91' lang='lat' dir='ltr'><strong>nullum</strong></span> <span class='ocrx_word' id='word_1_107' title='bbox 1630 1806 1923 1857; x_wconf 88' lang='lat' dir='ltr'><strong>tumorem</strong></span> 
     </span>
    </p>
   </div>
   <div class='ocr_carea' id='block_1_17' title="bbox 268 1890 1916 1966">
    <p class='ocr_par' dir='ltr' id='par_1_17' title="bbox 268 1890 1916 1966">
     <span class='ocr_line' id='line_1_17' title="bbox 268 1890 1916 1966; baseline -0.004 -15"><span class='ocrx_word' id='word_1_108' title='bbox 268 1896 557 1951; x_wconf 89' lang='lat' dir='ltr'><strong>molemve</strong></span> <span class='ocrx_word' id='word_1_109' title='bbox 609 1896 911 1963; x_wconf 83' lang='lat' dir='ltr'><strong>excrescit,</strong></span> <span class='ocrx_word' id='word_1_110' title='bbox 963 1895 1114 1966; x_wconf 86' lang='lat' dir='ltr'><strong>quod</strong></span> <span class='ocrx_word' id='word_1_111' title='bbox 1161 1893 1321 1950; x_wconf 93' lang='lat' dir='ltr'><strong>nullo</strong></span> <span class='ocrx_word' id='word_1_112' title='bbox 1375 1893 1565 1966; x_wconf 88' lang='lat' dir='ltr'><strong>spatio</strong></span> <span class='ocrx_word' id='word_1_113' title='bbox 1617 1890 1916 1956; x_wconf 89' lang='lat' dir='ltr'><strong>deﬁnitur,</strong></span> 
     </span>
    </p>
   </div>
   <div class='ocr_carea' id='block_1_18' title="bbox 264 1980 1921 2058">
    <p class='ocr_par' dir='ltr' id='par_1_18' title="bbox 264 1980 1921 2058">
     <span class='ocr_line' id='line_1_18' title="bbox 264 1980 1921 2058; baseline -0.003 -18"><span class='ocrx_word' id='word_1_114' title='bbox 264 1987 420 2058; x_wconf 90' lang='lat' dir='ltr'><strong>quod</strong></span> <span class='ocrx_word' id='word_1_115' title='bbox 454 1985 636 2041; x_wconf 87' lang='lat' dir='ltr'><strong>libere</strong></span> <span class='ocrx_word' id='word_1_116' title='bbox 666 2000 770 2057; x_wconf 89' lang='lat' dir='ltr'><strong>per</strong></span> <span class='ocrx_word' id='word_1_117' title='bbox 800 1984 1001 2041; x_wconf 81' lang='lat' dir='ltr'><strong>omnia</strong></span> <span class='ocrx_word' id='word_1_118' title='bbox 1030 1988 1315 2055; x_wconf 85' lang='lat' dir='ltr'><strong>penetrat,</strong></span> <span class='ocrx_word' id='word_1_119' title='bbox 1348 1988 1404 2039; x_wconf 90' lang='lat' dir='ltr'><strong>et</strong></span> <span class='ocrx_word' id='word_1_120' title='bbox 1444 1998 1631 2055; x_wconf 91' lang='lat' dir='ltr'><strong>usque</strong></span> <span class='ocrx_word' id='word_1_121' title='bbox 1664 1981 1735 2039; x_wconf 85' lang='lat' dir='ltr'><strong>ad</strong></span> <span class='ocrx_word' id='word_1_122' title='bbox 1768 1980 1921 2036; x_wconf 90' lang='lat' dir='ltr'><strong>divi-</strong></span> 
     </span>
    </p>
   </div>
   <div class='ocr_carea' id='block_1_19' title="bbox 260 2072 1916 2147">
    <p class='ocr_par' dir='ltr' id='par_1_19' title="bbox 260 2072 1916 2147">
     <span class='ocr_line' id='line_1_19' title="bbox 260 2072 1916 2147; baseline -0.002 -15"><span class='ocrx_word' id='word_1_123' title='bbox 260 2076 491 2132; x_wconf 80' lang='lat' dir='ltr'><strong>sionem</strong></span> <span class='ocrx_word' id='word_1_124' title='bbox 531 2074 742 2131; x_wconf 70' lang='lat' dir='ltr'><strong>animas</strong></span> <span class='ocrx_word' id='word_1_125' title='bbox 788 2079 846 2130; x_wconf 85' lang='lat' dir='ltr'><strong>et</strong></span> <span class='ocrx_word' id='word_1_126' title='bbox 895 2074 1139 2147; x_wconf 84' lang='lat' dir='ltr'><strong>spiritus</strong></span> <span class='ocrx_word' id='word_1_127' title='bbox 1171 2073 1472 2146; x_wconf 86' lang='lat' dir='ltr'><strong>pertingit,</strong></span> <span class='ocrx_word' id='word_1_128' title='bbox 1524 2081 1691 2143; x_wconf 89' lang='lat' dir='ltr'><strong>atque</strong></span> <span class='ocrx_word' id='word_1_129' title='bbox 1742 2072 1916 2128; x_wconf 87' lang='lat' dir='ltr'><strong>etiam</strong></span> 
     </span>
    </p>
   </div>
   <div class='ocr_carea' id='block_1_20' title="bbox 262 2164 1920 2238">
    <p class='ocr_par' dir='ltr' id='par_1_20' title="bbox 262 2164 1920 2238">
     <span class='ocr_line' id='line_1_20' title="bbox 262 2164 1920 2238; baseline -0.002 -17"><span class='ocrx_word' id='word_1_130' title='bbox 262 2164 674 2238; x_wconf 88' lang='lat' dir='ltr'><strong>conceptiones</strong></span> <span class='ocrx_word' id='word_1_131' title='bbox 691 2168 748 2220; x_wconf 89' lang='lat' dir='ltr'><strong>et</strong></span> <span class='ocrx_word' id='word_1_132' title='bbox 767 2164 1150 2236; x_wconf 84' lang='lat' dir='ltr'><strong>cogitationes</strong></span> <span class='ocrx_word' id='word_1_133' title='bbox 1173 2164 1387 2231; x_wconf 87' lang='lat' dir='ltr'><strong>cordis,</strong></span> <span class='ocrx_word' id='word_1_134' title='bbox 1403 2164 1521 2219; x_wconf 91' lang='lat' dir='ltr'><strong>imo</strong></span> <span class='ocrx_word' id='word_1_135' title='bbox 1545 2179 1613 2219; x_wconf 87' lang='lat' dir='ltr'><strong>ea</strong></span> <span class='ocrx_word' id='word_1_136' title='bbox 1631 2180 1756 2235; x_wconf 68' lang='lat' dir='ltr'><strong>quis</strong></span> <span class='ocrx_word' id='word_1_137' title='bbox 1781 2167 1920 2218; x_wconf 91' lang='lat' dir='ltr'><strong>sunt</strong></span> 
     </span>
    </p>
   </div>
   <div class='ocr_carea' id='block_1_21' title="bbox 263 2252 1919 2325">
    <p class='ocr_par' dir='ltr' id='par_1_21' title="bbox 263 2252 1919 2325">
     <span class='ocr_line' id='line_1_21' title="bbox 263 2252 1919 2325; baseline -0.001 -15"><span class='ocrx_word' id='word_1_138' title='bbox 263 2253 467 2311; x_wconf 89' lang='lat' dir='ltr'><strong>omnia</strong></span> <span class='ocrx_word' id='word_1_139' title='bbox 497 2254 797 2323; x_wconf 87' lang='lat' dir='ltr'><strong>discernit,</strong></span> <span class='ocrx_word' id='word_1_140' title='bbox 826 2252 988 2310; x_wconf 85' lang='lat' dir='ltr'><strong>nulla</strong></span> <span class='ocrx_word' id='word_1_141' title='bbox 1009 2254 1167 2310; x_wconf 91' lang='lat' dir='ltr'><strong>enim</strong></span> <span class='ocrx_word' id='word_1_142' title='bbox 1190 2271 1279 2310; x_wconf 83' lang='lat' dir='ltr'><strong>res</strong></span> <span class='ocrx_word' id='word_1_143' title='bbox 1308 2258 1613 2325; x_wconf 88' lang='lat' dir='ltr'><strong>procreata</strong></span> <span class='ocrx_word' id='word_1_144' title='bbox 1635 2252 1687 2309; x_wconf 93' lang='lat' dir='ltr'><strong>ei</strong></span> <span class='ocrx_word' id='word_1_145' title='bbox 1712 2253 1919 2309; x_wconf 86' lang='lat' dir='ltr'><strong>obscu-</strong></span> 
     </span>
    </p>
   </div>
   <div class='ocr_carea' id='block_1_22' title="bbox 264 2342 1916 2416">
    <p class='ocr_par' dir='ltr' id='par_1_22' title="bbox 264 2342 1916 2416">
     <span class='ocr_line' id='line_1_22' title="bbox 264 2342 1916 2416; baseline -0.001 -17"><span class='ocrx_word' id='word_1_146' title='bbox 264 2361 330 2399; x_wconf 87' lang='lat' dir='ltr'><strong>ra</strong></span> <span class='ocrx_word' id='word_1_147' title='bbox 360 2351 468 2400; x_wconf 86' lang='lat' dir='ltr'><strong>est.</strong></span> <span class='ocrx_word' id='word_1_148' title='bbox 500 2344 569 2398; x_wconf 91' lang='lat' dir='ltr'><strong>Et</strong></span> <span class='ocrx_word' id='word_1_149' title='bbox 611 2360 854 2416; x_wconf 87' lang='lat' dir='ltr'><strong>parvum</strong></span> <span class='ocrx_word' id='word_1_150' title='bbox 887 2343 1123 2415; x_wconf 87' lang='lat' dir='ltr'><strong>quidem</strong></span> <span class='ocrx_word' id='word_1_151' title='bbox 1171 2343 1278 2399; x_wconf 89' lang='lat' dir='ltr'><strong>hoc</strong></span> <span class='ocrx_word' id='word_1_152' title='bbox 1309 2342 1657 2415; x_wconf 81' lang='lat' dir='ltr'><strong>quantitatis</strong></span> <span class='ocrx_word' id='word_1_153' title='bbox 1688 2358 1916 2415; x_wconf 87' lang='lat' dir='ltr'><strong>expers,</strong></span> 
     </span>
    </p>
   </div>
   <div class='ocr_carea' id='block_1_23' title="bbox 261 2430 1919 2504">
    <p class='ocr_par' dir='ltr' id='par_1_23' title="bbox 261 2430 1919 2504">
     <span class='ocr_line' id='line_1_23' title="bbox 261 2430 1919 2504; baseline -0.001 -16"><span class='ocrx_word' id='word_1_154' title='bbox 261 2433 622 2490; x_wconf 87' lang='lat' dir='ltr'><strong>immensum</strong></span> <span class='ocrx_word' id='word_1_155' title='bbox 645 2438 703 2488; x_wconf 88' lang='lat' dir='ltr'><strong>et</strong></span> <span class='ocrx_word' id='word_1_156' title='bbox 733 2432 1030 2487; x_wconf 92' lang='lat' dir='ltr'><strong>inﬁnitum</strong></span> <span class='ocrx_word' id='word_1_157' title='bbox 1064 2436 1178 2488; x_wconf 90' lang='lat' dir='ltr'><strong>est:</strong></span> <span class='ocrx_word' id='word_1_158' title='bbox 1206 2435 1379 2504; x_wconf 87' lang='lat' dir='ltr'><strong>atque</strong></span> <span class='ocrx_word' id='word_1_159' title='bbox 1402 2431 1536 2487; x_wconf 89' lang='lat' dir='ltr'><strong>licet</strong></span> <span class='ocrx_word' id='word_1_160' title='bbox 1566 2430 1726 2487; x_wconf 92' lang='lat' dir='ltr'><strong>nullo</strong></span> <span class='ocrx_word' id='word_1_161' title='bbox 1758 2448 1919 2487; x_wconf 89' lang='lat' dir='ltr'><strong>com-</strong></span> 
     </span>
    </p>
   </div>
   <div class='ocr_carea' id='block_1_24' title="bbox 259 2522 1914 2596">
    <p class='ocr_par' dir='ltr' id='par_1_24' title="bbox 259 2522 1914 2596">
     <span class='ocr_line' id='line_1_24' title="bbox 259 2522 1914 2596; baseline 0.001 -18"><span class='ocrx_word' id='word_1_162' title='bbox 259 2523 548 2595; x_wconf 85' lang='lat' dir='ltr'><strong>prehendi</strong></span> <span class='ocrx_word' id='word_1_163' title='bbox 579 2523 752 2579; x_wconf 87' lang='lat' dir='ltr'><strong>modo</strong></span> <span class='ocrx_word' id='word_1_164' title='bbox 783 2528 978 2596; x_wconf 86' lang='lat' dir='ltr'><strong>queat,</strong></span> <span class='ocrx_word' id='word_1_165' title='bbox 1003 2524 1200 2579; x_wconf 89' lang='lat' dir='ltr'><strong>omnia</strong></span> <span class='ocrx_word' id='word_1_166' title='bbox 1222 2526 1419 2579; x_wconf 84' lang='lat' dir='ltr'><strong>tamen</strong></span> <span class='ocrx_word' id='word_1_167' title='bbox 1452 2522 1914 2593; x_wconf 88' lang='lat' dir='ltr'><strong>comprehendit.</strong></span> 
     </span>
    </p>
   </div>
   <div class='ocr_carea' id='block_1_25' title="bbox 333 2630 1915 2703">
    <p class='ocr_par' dir='ltr' id='par_1_25' title="bbox 333 2630 1915 2703">
     <span class='ocr_line' id='line_1_25' title="bbox 333 2630 1915 2703; baseline -0.001 -17"><span class='ocrx_word' id='word_1_168' title='bbox 333 2633 392 2689; x_wconf 86' lang='lat'><strong>5.</strong></span> <span class='ocrx_word' id='word_1_169' title='bbox 423 2632 583 2686; x_wconf 91' lang='lat' dir='ltr'><strong>Idem</strong></span> <span class='ocrx_word' id='word_1_170' title='bbox 611 2630 852 2702; x_wconf 88' lang='lat' dir='ltr'><strong>insuper</strong></span> <span class='ocrx_word' id='word_1_171' title='bbox 877 2633 935 2686; x_wconf 89' lang='lat' dir='ltr'><strong>et</strong></span> <span class='ocrx_word' id='word_1_172' title='bbox 965 2631 1261 2686; x_wconf 87' lang='lat' dir='ltr'><strong>diversum</strong></span> <span class='ocrx_word' id='word_1_173' title='bbox 1292 2631 1364 2686; x_wconf 86' lang='lat' dir='ltr'><strong>de</strong></span> <span class='ocrx_word' id='word_1_174' title='bbox 1394 2635 1507 2686; x_wconf 89' lang='lat' dir='ltr'><strong>Deo</strong></span> <span class='ocrx_word' id='word_1_175' title='bbox 1549 2630 1915 2703; x_wconf 78' lang='lat' dir='ltr'><strong>praedicatur.</strong></span> 
     </span>
    </p>
   </div>
   <div class='ocr_carea' id='block_1_26' title="bbox 260 2720 1917 2793">
    <p class='ocr_par' dir='ltr' id='par_1_26' title="bbox 260 2720 1917 2793">
     <span class='ocr_line' id='line_1_26' title="bbox 260 2720 1917 2793; baseline -0.002 -14"><span class='ocrx_word' id='word_1_176' title='bbox 260 2722 412 2779; x_wconf 90' lang='lat' dir='ltr'><strong>lllud</strong></span> <span class='ocrx_word' id='word_1_177' title='bbox 446 2722 682 2793; x_wconf 90' lang='lat' dir='ltr'><strong>quidem</strong></span> <span class='ocrx_word' id='word_1_178' title='bbox 712 2737 780 2777; x_wconf 92' lang='lat' dir='ltr'><strong>eo</strong></span> <span class='ocrx_word' id='word_1_179' title='bbox 811 2722 868 2776; x_wconf 89' lang='lat' dir='ltr'><strong>in</strong></span> <span class='ocrx_word' id='word_1_180' title='bbox 903 2720 1049 2789; x_wconf 85' lang='lat' dir='ltr'><strong>loco,</strong></span> <span class='ocrx_word' id='word_1_181' title='bbox 1074 2723 1146 2778; x_wconf 87' lang='lat' dir='ltr'><strong>Tu</strong></span> <span class='ocrx_word' id='word_1_182' title='bbox 1177 2724 1362 2777; x_wconf 84' lang='lat' dir='ltr'><strong>autem</strong></span> <span class='ocrx_word' id='word_1_183' title='bbox 1395 2720 1536 2776; x_wconf 78' lang='lat' dir='ltr'><strong>idem</strong></span> <span class='ocrx_word' id='word_1_184' title='bbox 1564 2724 1683 2789; x_wconf 78' lang='lat' dir='ltr'><strong>ipse</strong></span> <span class='ocrx_word' id='word_1_185' title='bbox 1711 2736 1785 2791; x_wconf 81' lang='lat' dir='ltr'><strong>es,</strong></span> <span class='ocrx_word' id='word_1_186' title='bbox 1810 2721 1917 2776; x_wconf 91' lang='lat' dir='ltr'><strong>hoc</strong></span> 
     </span>
    </p>
   </div>
   <div class='ocr_carea' id='block_1_27' title="bbox 268 2806 1919 2882">
    <p class='ocr_par' dir='ltr' id='par_1_27' title="bbox 268 2806 1919 2882">
     <span class='ocr_line' id='line_1_27' title="bbox 268 2806 1919 2882; baseline -0.001 -15"><span class='ocrx_word' id='word_1_187' title='bbox 268 2816 470 2867; x_wconf 86' lang='lat' dir='ltr'><strong>autem</strong></span> <span class='ocrx_word' id='word_1_188' title='bbox 505 2810 564 2866; x_wconf 92' lang='lat' dir='ltr'><strong>in</strong></span> <span class='ocrx_word' id='word_1_189' title='bbox 600 2810 718 2878; x_wconf 88' lang='lat' dir='ltr'><strong>illo,</strong></span> <span class='ocrx_word' id='word_1_190' title='bbox 753 2812 1008 2879; x_wconf 74' lang='lat' dir='ltr'><strong>Domine,</strong></span> <span class='ocrx_word' id='word_1_191' title='bbox 1032 2806 1278 2874; x_wconf 80' lang='lat' dir='ltr'><strong>Domine,</strong></span> <span class='ocrx_word' id='word_1_192' title='bbox 1312 2812 1435 2882; x_wconf 76' lang='lat' dir='ltr'><strong>quis</strong></span> <span class='ocrx_word' id='word_1_193' title='bbox 1463 2810 1667 2865; x_wconf 80' lang='lat' dir='ltr'><strong>similis</strong></span> <span class='ocrx_word' id='word_1_194' title='bbox 1693 2811 1797 2865; x_wconf 77' lang='lat' dir='ltr'><strong>tibi</strong></span> <span class='ocrx_word' id='word_1_195' title='bbox 1826 2810 1919 2865; x_wconf 64' lang='grc' dir='ltr'><strong>ὀἳ</strong></span> 
     </span>
    </p>
   </div>
   <div class='ocr_carea' id='block_1_28' title="bbox 265 2898 1920 2975">
    <p class='ocr_par' dir='ltr' id='par_1_28' title="bbox 265 2898 1920 2975">
     <span class='ocr_line' id='line_1_28' title="bbox 265 2898 1920 2975; baseline -0.001 -17"><span class='ocrx_word' id='word_1_196' title='bbox 265 2900 434 2958; x_wconf 88' lang='lat' dir='ltr'><strong>Idem</strong></span> <span class='ocrx_word' id='word_1_197' title='bbox 465 2918 600 2975; x_wconf 86' lang='lat' dir='ltr'><strong>ergo</strong></span> <span class='ocrx_word' id='word_1_198' title='bbox 628 2898 866 2971; x_wconf 88' lang='lat' dir='ltr'><strong>dicitur,</strong></span> <span class='ocrx_word' id='word_1_199' title='bbox 898 2903 1033 2975; x_wconf 85' lang='lat' dir='ltr'><strong>quia</strong></span> <span class='ocrx_word' id='word_1_200' title='bbox 1067 2910 1179 2959; x_wconf 83' lang='lat' dir='ltr'><strong>non</strong></span> <span class='ocrx_word' id='word_1_201' title='bbox 1213 2898 1582 2968; x_wconf 87' lang='lat' dir='ltr'><strong>immutatur,</strong></span> <span class='ocrx_word' id='word_1_202' title='bbox 1615 2901 1732 2957; x_wconf 86' lang='lat' dir='ltr'><strong>imo</strong></span> <span class='ocrx_word' id='word_1_203' title='bbox 1764 2914 1920 2959; x_wconf 85' lang='lat' dir='ltr'><strong>sem-</strong></span> 
     </span>
    </p>
   </div>
   <div class='ocr_carea' id='block_1_29' title="bbox 267 2989 1916 3064">
    <p class='ocr_par' dir='ltr' id='par_1_29' title="bbox 267 2989 1916 3064">
     <span class='ocr_line' id='line_1_29' title="bbox 267 2989 1916 3064; baseline -0.001 -17"><span class='ocrx_word' id='word_1_204' title='bbox 267 3008 377 3064; x_wconf 89' lang='lat' dir='ltr'><strong>per</strong></span> <span class='ocrx_word' id='word_1_205' title='bbox 425 2992 624 3047; x_wconf 89' lang='lat' dir='ltr'><strong>eodem</strong></span> <span class='ocrx_word' id='word_1_206' title='bbox 677 3008 739 3047; x_wconf 88' lang='lat' dir='ltr'><strong>se</strong></span> <span class='ocrx_word' id='word_1_207' title='bbox 772 2990 942 3048; x_wconf 89' lang='lat' dir='ltr'><strong>modo</strong></span> <span class='ocrx_word' id='word_1_208' title='bbox 989 2996 1047 3048; x_wconf 91' lang='lat' dir='ltr'><strong>et</strong></span> <span class='ocrx_word' id='word_1_209' title='bbox 1100 2991 1487 3048; x_wconf 85' lang='lat' dir='ltr'><strong>consimiliter</strong></span> <span class='ocrx_word' id='word_1_210' title='bbox 1530 2989 1728 3060; x_wconf 88' lang='lat' dir='ltr'><strong>habet,</strong></span> <span class='ocrx_word' id='word_1_211' title='bbox 1775 2990 1916 3047; x_wconf 85' lang='lat' dir='ltr'><strong>item</strong></span> 
     </span>
    </p>
   </div>
   <div class='ocr_carea' id='block_1_30' title="bbox 262 3079 1915 3155">
    <p class='ocr_par' dir='ltr' id='par_1_30' title="bbox 262 3079 1915 3155">
     <span class='ocr_line' id='line_1_30' title="bbox 262 3079 1915 3155; baseline 0 -19"><span class='ocrx_word' id='word_1_212' title='bbox 262 3082 410 3154; x_wconf 87' lang='lat' dir='ltr'><strong>quia</strong></span> <span class='ocrx_word' id='word_1_213' title='bbox 468 3097 581 3137; x_wconf 92' lang='lat' dir='ltr'><strong>non</strong></span> <span class='ocrx_word' id='word_1_214' title='bbox 636 3080 935 3147; x_wconf 80' lang='lat' dir='ltr'><strong>miscetur,</strong></span> <span class='ocrx_word' id='word_1_215' title='bbox 969 3098 1083 3137; x_wconf 90' lang='lat' dir='ltr'><strong>non</strong></span> <span class='ocrx_word' id='word_1_216' title='bbox 1144 3085 1295 3155; x_wconf 86' lang='lat' dir='ltr'><strong>eget,</strong></span> <span class='ocrx_word' id='word_1_217' title='bbox 1356 3096 1469 3135; x_wconf 90' lang='lat' dir='ltr'><strong>non</strong></span> <span class='ocrx_word' id='word_1_218' title='bbox 1516 3079 1747 3150; x_wconf 89' lang='lat' dir='ltr'><strong>crescit,</strong></span> <span class='ocrx_word' id='word_1_219' title='bbox 1802 3096 1915 3136; x_wconf 91' lang='lat' dir='ltr'><strong>non</strong></span> 
     </span>
    </p>
   </div>
   <div class='ocr_carea' id='block_1_31' title="bbox 266 3166 1919 3242">
    <p class='ocr_par' dir='ltr' id='par_1_31' title="bbox 266 3166 1919 3242">
     <span class='ocr_line' id='line_1_31' title="bbox 266 3166 1919 3242; baseline -0.001 -17"><span class='ocrx_word' id='word_1_220' title='bbox 266 3168 666 3240; x_wconf 84' lang='lat' dir='ltr'><strong>imminuitur,</strong></span> <span class='ocrx_word' id='word_1_221' title='bbox 701 3169 840 3242; x_wconf 84' lang='lat' dir='ltr'><strong>quia</strong></span> <span class='ocrx_word' id='word_1_222' title='bbox 870 3168 1122 3239; x_wconf 87' lang='lat' dir='ltr'><strong>denique</strong></span> <span class='ocrx_word' id='word_1_223' title='bbox 1170 3169 1238 3225; x_wconf 88' lang='lat' dir='ltr'><strong>iis</strong></span> <span class='ocrx_word' id='word_1_224' title='bbox 1270 3180 1395 3241; x_wconf 73' lang='lat' dir='ltr'><strong>quae</strong></span> <span class='ocrx_word' id='word_1_225' title='bbox 1427 3170 1568 3224; x_wconf 80' lang='lat' dir='ltr'><strong>sunt</strong></span> <span class='ocrx_word' id='word_1_226' title='bbox 1598 3166 1822 3238; x_wconf 89' lang='lat' dir='ltr'><strong>tribuit,</strong></span> <span class='ocrx_word' id='word_1_227' title='bbox 1856 3172 1919 3224; x_wconf 92' lang='lat' dir='ltr'><strong>ut</strong></span> 
     </span>
    </p>
   </div>
   <div class='ocr_carea' id='block_1_32' title="bbox 262 3256 1918 3331">
    <p class='ocr_par' dir='ltr' id='par_1_32' title="bbox 262 3256 1918 3331">
     <span class='ocr_line' id='line_1_32' title="bbox 262 3256 1918 3331; baseline -0.002 -14"><span class='ocrx_word' id='word_1_228' title='bbox 262 3260 468 3317; x_wconf 87' lang='lat' dir='ltr'><strong>eadem</strong></span> <span class='ocrx_word' id='word_1_229' title='bbox 518 3260 808 3315; x_wconf 84' lang='lat' dir='ltr'><strong>dicantur.</strong></span> <span class='ocrx_word' id='word_1_230' title='bbox 872 3258 1179 3315; x_wconf 89' lang='lat' dir='ltr'><strong>Diversum</strong></span> <span class='ocrx_word' id='word_1_231' title='bbox 1242 3274 1395 3327; x_wconf 90' lang='lat' dir='ltr'><strong>vero,</strong></span> <span class='ocrx_word' id='word_1_232' title='bbox 1448 3258 1585 3330; x_wconf 88' lang='lat' dir='ltr'><strong>quia</strong></span> <span class='ocrx_word' id='word_1_233' title='bbox 1642 3274 1757 3331; x_wconf 66' lang='lat' dir='ltr'><strong>prae</strong></span> <span class='ocrx_word' id='word_1_234' title='bbox 1817 3256 1918 3314; x_wconf 92' lang='lat' dir='ltr'><strong>illo</strong></span> 
     </span>
    </p>
   </div>
   <div class='ocr_carea' id='block_1_33' title="bbox 261 3346 1918 3422">
    <p class='ocr_par' dir='ltr' id='par_1_33' title="bbox 261 3346 1918 3422">
     <span class='ocr_line' id='line_1_33' title="bbox 261 3346 1918 3422; baseline -0.001 -16"><span class='ocrx_word' id='word_1_235' title='bbox 261 3347 432 3406; x_wconf 88' lang='lat' dir='ltr'><strong>nulla</strong></span> <span class='ocrx_word' id='word_1_236' title='bbox 462 3366 554 3406; x_wconf 89' lang='lat' dir='ltr'><strong>res</strong></span> <span class='ocrx_word' id='word_1_237' title='bbox 601 3347 697 3405; x_wconf 87' lang='lat' dir='ltr'><strong>sit.</strong></span> <span class='ocrx_word' id='word_1_238' title='bbox 751 3348 963 3404; x_wconf 89' lang='lat' dir='ltr'><strong>Omnia</strong></span> <span class='ocrx_word' id='word_1_239' title='bbox 1011 3347 1167 3404; x_wconf 88' lang='lat' dir='ltr'><strong>enim</strong></span> <span class='ocrx_word' id='word_1_240' title='bbox 1202 3365 1328 3422; x_wconf 79' lang='lat' dir='ltr'><strong>quae</strong></span> <span class='ocrx_word' id='word_1_241' title='bbox 1382 3352 1541 3418; x_wconf 85' lang='lat' dir='ltr'><strong>sunt,</strong></span> <span class='ocrx_word' id='word_1_242' title='bbox 1575 3346 1647 3404; x_wconf 91' lang='lat' dir='ltr'><strong>ab</strong></span> <span class='ocrx_word' id='word_1_243' title='bbox 1677 3364 1764 3416; x_wconf 90' lang='lat' dir='ltr'><strong>eo,</strong></span> <span class='ocrx_word' id='word_1_244' title='bbox 1818 3349 1918 3419; x_wconf 90' lang='lat' dir='ltr'><strong>qui</strong></span> 
     </span>
    </p>
   </div>
   <div class='ocr_carea' id='block_1_34' title="bbox 260 3438 1919 3510">
    <p class='ocr_par' dir='ltr' id='par_1_34' title="bbox 260 3438 1919 3510">
     <span class='ocr_line' id='line_1_34' title="bbox 260 3438 1919 3510; baseline 0.001 -15"><span class='ocrx_word' id='word_1_245' title='bbox 260 3456 470 3495; x_wconf 87' lang='lat' dir='ltr'><strong>revera</strong></span> <span class='ocrx_word' id='word_1_246' title='bbox 499 3439 607 3507; x_wconf 87' lang='lat' dir='ltr'><strong>est,</strong></span> <span class='ocrx_word' id='word_1_247' title='bbox 643 3440 832 3497; x_wconf 88' lang='lat' dir='ltr'><strong>creata</strong></span> <span class='ocrx_word' id='word_1_248' title='bbox 863 3444 1039 3494; x_wconf 89' lang='lat' dir='ltr'><strong>sunt:</strong></span> <span class='ocrx_word' id='word_1_249' title='bbox 1091 3443 1148 3493; x_wconf 88' lang='lat' dir='ltr'><strong>et</strong></span> <span class='ocrx_word' id='word_1_250' title='bbox 1177 3439 1303 3510; x_wconf 91' lang='lat' dir='ltr'><strong>ipse</strong></span> <span class='ocrx_word' id='word_1_251' title='bbox 1335 3439 1600 3509; x_wconf 87' lang='lat' dir='ltr'><strong>superior</strong></span> <span class='ocrx_word' id='word_1_252' title='bbox 1646 3438 1919 3496; x_wconf 87' lang='lat' dir='ltr'><strong>omnibus</strong></span> 
     </span>
    </p>
   </div>
   <div class='ocr_carea' id='block_1_35' title="bbox 263 3524 1915 3597">
    <p class='ocr_par' dir='ltr' id='par_1_35' title="bbox 263 3524 1915 3597">
     <span class='ocr_line' id='line_1_35' title="bbox 263 3524 1915 3597; baseline 0 -13"><span class='ocrx_word' id='word_1_253' title='bbox 263 3532 381 3597; x_wconf 84' lang='lat' dir='ltr'><strong>est,</strong></span> <span class='ocrx_word' id='word_1_254' title='bbox 439 3530 495 3584; x_wconf 91' lang='lat' dir='ltr'><strong>et</strong></span> <span class='ocrx_word' id='word_1_255' title='bbox 524 3528 596 3584; x_wconf 87' lang='lat' dir='ltr'><strong>ab</strong></span> <span class='ocrx_word' id='word_1_256' title='bbox 650 3526 926 3583; x_wconf 86' lang='lat' dir='ltr'><strong>omnibus</strong></span> <span class='ocrx_word' id='word_1_257' title='bbox 966 3527 1047 3582; x_wconf 90' lang='lat' dir='ltr'><strong>ita</strong></span> <span class='ocrx_word' id='word_1_258' title='bbox 1095 3524 1377 3595; x_wconf 88' lang='lat' dir='ltr'><strong>diversus,</strong></span> <span class='ocrx_word' id='word_1_259' title='bbox 1411 3532 1474 3582; x_wconf 69' lang='lat' dir='ltr'><strong>ut</strong></span> <span class='ocrx_word' id='word_1_260' title='bbox 1521 3526 1665 3582; x_wconf 91' lang='lat' dir='ltr'><strong>nulli</strong></span> <span class='ocrx_word' id='word_1_261' title='bbox 1715 3542 1915 3584; x_wconf 89' lang='lat' dir='ltr'><strong>eorum</strong></span> 
     </span>
    </p>
   </div>
   <div class='ocr_carea' id='block_1_36' title="bbox 264 3614 1917 3689">
    <p class='ocr_par' dir='ltr' id='par_1_36' title="bbox 264 3614 1917 3689">
     <span class='ocr_line' id='line_1_36' title="bbox 264 3614 1917 3689; baseline 0.001 -16"><span class='ocrx_word' id='word_1_262' title='bbox 264 3617 463 3673; x_wconf 86' lang='lat' dir='ltr'><strong>ordini</strong></span> <span class='ocrx_word' id='word_1_263' title='bbox 487 3617 780 3673; x_wconf 88' lang='lat' dir='ltr'><strong>accenseri</strong></span> <span class='ocrx_word' id='word_1_264' title='bbox 803 3614 998 3688; x_wconf 85' lang='lat' dir='ltr'><strong>queat,</strong></span> <span class='ocrx_word' id='word_1_265' title='bbox 1024 3619 1296 3688; x_wconf 58' lang='lat' dir='ltr'><strong>praeterea</strong></span> <span class='ocrx_word' id='word_1_266' title='bbox 1327 3632 1479 3686; x_wconf 90' lang='lat' dir='ltr'><strong>vero,</strong></span> <span class='ocrx_word' id='word_1_267' title='bbox 1505 3617 1644 3689; x_wconf 90' lang='lat' dir='ltr'><strong>quia</strong></span> <span class='ocrx_word' id='word_1_268' title='bbox 1673 3634 1739 3673; x_wconf 90' lang='lat' dir='ltr'><strong>ea</strong></span> <span class='ocrx_word' id='word_1_269' title='bbox 1757 3633 1917 3675; x_wconf 88' lang='lat' dir='ltr'><strong>crea-</strong></span> 
     </span>
    </p>
   </div>
   <div class='ocr_carea' id='block_1_37' title="bbox 258 3706 1489 3778">
    <p class='ocr_par' dir='ltr' id='par_1_37' title="bbox 258 3706 1489 3778">
     <span class='ocr_line' id='line_1_37' title="bbox 258 3706 1489 3778; baseline 0.001 -16"><span class='ocrx_word' id='word_1_270' title='bbox 258 3709 434 3778; x_wconf 88' lang='lat' dir='ltr'><strong>verit,</strong></span> <span class='ocrx_word' id='word_1_271' title='bbox 470 3725 594 3778; x_wconf 71' lang='lat' dir='ltr'><strong>quae</strong></span> <span class='ocrx_word' id='word_1_272' title='bbox 627 3707 853 3763; x_wconf 85' lang='lat' dir='ltr'><strong>diversa</strong></span> <span class='ocrx_word' id='word_1_273' title='bbox 882 3710 939 3763; x_wconf 90' lang='lat' dir='ltr'><strong>et</strong></span> <span class='ocrx_word' id='word_1_274' title='bbox 970 3706 1297 3763; x_wconf 74' lang='lat' dir='ltr'><strong>differentia</strong></span> <span class='ocrx_word' id='word_1_275' title='bbox 1329 3711 1489 3764; x_wconf 86' lang='lat' dir='ltr'><strong>sunt.</strong></span> 
     </span>
    </p>
   </div>
   <div class='ocr_carea' id='block_1_38' title="bbox 337 3814 1916 3888">
    <p class='ocr_par' dir='ltr' id='par_1_38' title="bbox 337 3814 1916 3888">
     <span class='ocr_line' id='line_1_38' title="bbox 337 3814 1916 3888; baseline 0.003 -18"><span class='ocrx_word' id='word_1_276' title='bbox 337 3816 389 3871; x_wconf 89' lang='lat'><strong>6.</strong></span> <span class='ocrx_word' id='word_1_277' title='bbox 423 3814 645 3872; x_wconf 90' lang='lat' dir='ltr'><strong>Dicitur</strong></span> <span class='ocrx_word' id='word_1_278' title='bbox 693 3816 868 3872; x_wconf 89' lang='lat' dir='ltr'><strong>etiam</strong></span> <span class='ocrx_word' id='word_1_279' title='bbox 911 3815 1146 3872; x_wconf 84' lang='lat' dir='ltr'><strong>similis.</strong></span> <span class='ocrx_word' id='word_1_280' title='bbox 1178 3816 1276 3872; x_wconf 79' lang='lat' dir='ltr'><strong>Ait</strong></span> <span class='ocrx_word' id='word_1_281' title='bbox 1303 3816 1482 3882; x_wconf 90' lang='lat' dir='ltr'><strong>enim,</strong></span> <span class='ocrx_word' id='word_1_282' title='bbox 1516 3818 1620 3888; x_wconf 85' lang='lat' dir='ltr'><strong>Ego</strong></span> <span class='ocrx_word' id='word_1_283' title='bbox 1680 3816 1916 3875; x_wconf 72' lang='lat' dir='ltr'><strong>visiones</strong></span> 
     </span>
    </p>
   </div>
   <div class='ocr_carea' id='block_1_39' title="bbox 254 3906 1917 3980">
    <p class='ocr_par' dir='ltr' id='par_1_39' title="bbox 254 3906 1917 3980">
     <span class='ocr_line' id='line_1_39' title="bbox 254 3906 1917 3980; baseline -0.001 -15"><span class='ocrx_word' id='word_1_284' title='bbox 254 3906 661 3980; x_wconf 81' lang='lat' dir='ltr'><strong>multiplicavi,</strong></span> <span class='ocrx_word' id='word_1_285' title='bbox 683 3912 734 3962; x_wconf 84' lang='lat' dir='ltr'><strong>et</strong></span> <span class='ocrx_word' id='word_1_286' title='bbox 763 3909 822 3962; x_wconf 83' lang='lat' dir='ltr'><strong>in</strong></span> <span class='ocrx_word' id='word_1_287' title='bbox 854 3906 1112 3962; x_wconf 77' lang='lat' dir='ltr'><strong>manibus</strong></span> <span class='ocrx_word' id='word_1_288' title='bbox 1141 3908 1541 3978; x_wconf 80' lang='lat' dir='ltr'><strong>prOphetarum</strong></span> <span class='ocrx_word' id='word_1_289' title='bbox 1572 3909 1917 3964; x_wconf 68' lang='lat' dir='ltr'><strong>assimilatas</strong></span> 
     </span>
    </p>
   </div>
   <div class='ocr_carea' id='block_1_40' title="bbox 252 3995 1917 4070">
    <p class='ocr_par' dir='ltr' id='par_1_40' title="bbox 252 3995 1917 4070">
     <span class='ocr_line' id='line_1_40' title="bbox 252 3995 1917 4070; baseline -0.001 -17"><span class='ocrx_word' id='word_1_290' title='bbox 252 4014 386 4053; x_wconf 72' lang='lat' dir='ltr'><strong>sum</strong></span> <span class='ocrx_word' id='word_1_291' title='bbox 415 3995 482 4064; x_wconf 82' lang='grc'><strong>²¹,</strong></span> <span class='ocrx_word' id='word_1_292' title='bbox 514 3997 653 4070; x_wconf 89' lang='lat' dir='ltr'><strong>quia</strong></span> <span class='ocrx_word' id='word_1_293' title='bbox 704 3996 982 4051; x_wconf 87' lang='lat' dir='ltr'><strong>nimirum</strong></span> <span class='ocrx_word' id='word_1_294' title='bbox 1038 3995 1358 4067; x_wconf 87' lang='lat' dir='ltr'><strong>apparebat</strong></span> <span class='ocrx_word' id='word_1_295' title='bbox 1395 3995 1479 4050; x_wconf 89' lang='lat' dir='ltr'><strong>eis</strong></span> <span class='ocrx_word' id='word_1_296' title='bbox 1533 3995 1643 4050; x_wconf 91' lang='lat' dir='ltr'><strong>hac</strong></span> <span class='ocrx_word' id='word_1_297' title='bbox 1675 3995 1763 4051; x_wconf 89' lang='lat' dir='ltr'><strong>vel</strong></span> <span class='ocrx_word' id='word_1_298' title='bbox 1815 3995 1917 4052; x_wconf 88' lang='lat' dir='ltr'><strong>illa</strong></span> 
     </span>
    </p>
   </div>
   <div class='ocr_carea' id='block_1_41' title="bbox 253 4074 1911 4159">
    <p class='ocr_par' dir='ltr' id='par_1_41' title="bbox 253 4074 1911 4159">
     <span class='ocr_line' id='line_1_41' title="bbox 253 4074 1911 4159; baseline -0.001 -16"><span class='ocrx_word' id='word_1_299' title='bbox 253 4090 469 4159; x_wconf 87' lang='lat' dir='ltr'><strong>forma,</strong></span> <span class='ocrx_word' id='word_1_300' title='bbox 519 4088 809 4158; x_wconf 87' lang='lat' dir='ltr'><strong>rebusque</strong></span> <span class='ocrx_word' id='word_1_301' title='bbox 839 4085 1052 4142; x_wconf 90' lang='lat' dir='ltr'><strong>similis</strong></span> <span class='ocrx_word' id='word_1_302' title='bbox 1104 4085 1279 4141; x_wconf 87' lang='lat' dir='ltr'><strong>ﬁebat</strong></span> <span class='ocrx_word' id='word_1_303' title='bbox 1333 4102 1457 4157; x_wconf 85' lang='lat' dir='ltr'><strong>quae</strong></span> <span class='ocrx_word' id='word_1_304' title='bbox 1488 4087 1599 4141; x_wconf 87' lang='lat' dir='ltr'><strong>sub</strong></span> <span class='ocrx_word' id='word_1_305' title='bbox 1655 4074 1911 4158; x_wconf 90' lang='lat' dir='ltr'><strong>speciem</strong></span> 
     </span>
    </p>
   </div>
   <div class='ocr_carea' id='block_1_42' title="bbox 254 4174 1915 4247">
    <p class='ocr_par' dir='ltr' id='par_1_42' title="bbox 254 4174 1915 4247">
     <span class='ocr_line' id='line_1_42' title="bbox 254 4174 1915 4247; baseline -0.003 -12"><span class='ocrx_word' id='word_1_306' title='bbox 254 4179 502 4247; x_wconf 87' lang='lat' dir='ltr'><strong>cadunt,</strong></span> <span class='ocrx_word' id='word_1_307' title='bbox 564 4178 634 4233; x_wconf 90' lang='lat' dir='ltr'><strong>ad</strong></span> <span class='ocrx_word' id='word_1_308' title='bbox 691 4177 814 4233; x_wconf 79' lang='lat' dir='ltr'><strong>haec</strong></span> <span class='ocrx_word' id='word_1_309' title='bbox 870 4175 1073 4243; x_wconf 88' lang='lat' dir='ltr'><strong>etiam,</strong></span> <span class='ocrx_word' id='word_1_310' title='bbox 1115 4174 1251 4246; x_wconf 90' lang='lat' dir='ltr'><strong>quia</strong></span> <span class='ocrx_word' id='word_1_311' title='bbox 1303 4176 1419 4231; x_wconf 88' lang='lat' dir='ltr'><strong>vim</strong></span> <span class='ocrx_word' id='word_1_312' title='bbox 1477 4175 1636 4231; x_wconf 86' lang='lat' dir='ltr'><strong>illam</strong></span> <span class='ocrx_word' id='word_1_313' title='bbox 1687 4176 1915 4242; x_wconf 88' lang='lat' dir='ltr'><strong>tribuit,</strong></span> 
     </span>
    </p>
   </div>
   <div class='ocr_carea' id='block_1_43' title="bbox 254 4264 1917 4339">
    <p class='ocr_par' dir='ltr' id='par_1_43' title="bbox 254 4264 1917 4339">
     <span class='ocr_line' id='line_1_43' title="bbox 254 4264 1917 4339; baseline -0.001 -18"><span class='ocrx_word' id='word_1_314' title='bbox 254 4285 382 4339; x_wconf 86' lang='lat' dir='ltr'><strong>qua</strong></span> <span class='ocrx_word' id='word_1_315' title='bbox 412 4265 735 4322; x_wconf 89' lang='lat' dir='ltr'><strong>similitudo</strong></span> <span class='ocrx_word' id='word_1_316' title='bbox 770 4266 960 4321; x_wconf 88' lang='lat' dir='ltr'><strong>inesse</strong></span> <span class='ocrx_word' id='word_1_317' title='bbox 1011 4264 1258 4320; x_wconf 90' lang='lat' dir='ltr'><strong>videtur.</strong></span> <span class='ocrx_word' id='word_1_318' title='bbox 1291 4264 1388 4319; x_wconf 83' lang='lat' dir='ltr'><strong>Ait</strong></span> <span class='ocrx_word' id='word_1_319' title='bbox 1416 4266 1596 4331; x_wconf 90' lang='lat' dir='ltr'><strong>enim,</strong></span> <span class='ocrx_word' id='word_1_320' title='bbox 1628 4264 1917 4321; x_wconf 78' lang='lat' dir='ltr'><strong>Faciamus</strong></span> 
     </span>
    </p>
   </div>
   <div class='ocr_carea' id='block_1_44' title="bbox 256 4352 1914 4425">
    <p class='ocr_par' dir='ltr' id='par_1_44' title="bbox 256 4352 1914 4425">
     <span class='ocr_line' id='line_1_44' title="bbox 256 4352 1914 4425; baseline -0.003 -14"><span class='ocrx_word' id='word_1_321' title='bbox 256 4355 546 4411; x_wconf 82' lang='lat' dir='ltr'><strong>hominem</strong></span> <span class='ocrx_word' id='word_1_322' title='bbox 583 4354 652 4409; x_wconf 86' lang='lat' dir='ltr'><strong>ad</strong></span> <span class='ocrx_word' id='word_1_323' title='bbox 685 4353 986 4425; x_wconf 83' lang='lat' dir='ltr'><strong>imaginem</strong></span> <span class='ocrx_word' id='word_1_324' title='bbox 1029 4358 1081 4409; x_wconf 83' lang='lat' dir='ltr'><strong>et</strong></span> <span class='ocrx_word' id='word_1_325' title='bbox 1111 4352 1541 4408; x_wconf 79' lang='lat' dir='ltr'><strong>similitudinem</strong></span> <span class='ocrx_word' id='word_1_326' title='bbox 1580 4362 1819 4408; x_wconf 80' lang='lat' dir='ltr'><strong>nnstram</strong></span> <span class='ocrx_word' id='word_1_327' title='bbox 1847 4352 1914 4406; x_wconf 62' lang='grc' dir='ltr'><strong>εἳ.</strong></span> 
     </span>
    </p>
   </div>
   <div class='ocr_carea' id='block_1_45' title="bbox 254 4442 1918 4516">
    <p class='ocr_par' dir='ltr' id='par_1_45' title="bbox 254 4442 1918 4516">
     <span class='ocr_line' id='line_1_45' title="bbox 254 4442 1918 4516; baseline -0.001 -14"><span class='ocrx_word' id='word_1_328' title='bbox 254 4445 572 4502; x_wconf 88' lang='lat' dir='ltr'><strong>Sciendum</strong></span> <span class='ocrx_word' id='word_1_329' title='bbox 608 4462 774 4516; x_wconf 87' lang='lat' dir='ltr'><strong>porro</strong></span> <span class='ocrx_word' id='word_1_330' title='bbox 806 4444 1007 4498; x_wconf 89' lang='lat' dir='ltr'><strong>eadem</strong></span> <span class='ocrx_word' id='word_1_331' title='bbox 1042 4444 1155 4499; x_wconf 84' lang='lat' dir='ltr'><strong>Deo</strong></span> <span class='ocrx_word' id='word_1_332' title='bbox 1188 4448 1244 4498; x_wconf 92' lang='lat' dir='ltr'><strong>et</strong></span> <span class='ocrx_word' id='word_1_333' title='bbox 1273 4442 1491 4498; x_wconf 88' lang='lat' dir='ltr'><strong>similia</strong></span> <span class='ocrx_word' id='word_1_334' title='bbox 1521 4447 1579 4498; x_wconf 90' lang='lat' dir='ltr'><strong>et</strong></span> <span class='ocrx_word' id='word_1_335' title='bbox 1606 4443 1918 4501; x_wconf 89' lang='lat' dir='ltr'><strong>dissimilia</strong></span> 
     </span>
    </p>
   </div>
   <div class='ocr_carea' id='block_1_46' title="bbox 255 4530 1914 4605">
    <p class='ocr_par' dir='ltr' id='par_1_46' title="bbox 255 4530 1914 4605">
     <span class='ocr_line' id='line_1_46' title="bbox 255 4530 1914 4605; baseline -0.001 -13"><span class='ocrx_word' id='word_1_336' title='bbox 255 4534 401 4592; x_wconf 91' lang='lat' dir='ltr'><strong>dici.</strong></span> <span class='ocrx_word' id='word_1_337' title='bbox 435 4531 659 4588; x_wconf 87' lang='lat' dir='ltr'><strong>Similia</strong></span> <span class='ocrx_word' id='word_1_338' title='bbox 691 4533 950 4605; x_wconf 89' lang='lat' dir='ltr'><strong>quidem,</strong></span> <span class='ocrx_word' id='word_1_339' title='bbox 985 4532 1125 4604; x_wconf 89' lang='lat' dir='ltr'><strong>quia</strong></span> <span class='ocrx_word' id='word_1_340' title='bbox 1157 4532 1345 4602; x_wconf 89' lang='lat' dir='ltr'><strong>quoad</strong></span> <span class='ocrx_word' id='word_1_341' title='bbox 1380 4533 1503 4603; x_wconf 87' lang='lat' dir='ltr'><strong>ejus</strong></span> <span class='ocrx_word' id='word_1_342' title='bbox 1536 4530 1657 4587; x_wconf 87' lang='lat' dir='ltr'><strong>fieri</strong></span> <span class='ocrx_word' id='word_1_343' title='bbox 1703 4537 1914 4605; x_wconf 89' lang='lat' dir='ltr'><strong>potest,</strong></span> 
     </span>
    </p>
   </div>
   <div class='ocr_carea' id='block_1_47' title="bbox 251 4584 1993 4695">
    <p class='ocr_par' dir='ltr' id='par_1_47' title="bbox 251 4584 1993 4695">
     <span class='ocr_line' id='line_1_47' title="bbox 258 4584 1914 4605; baseline 0 -3"><span class='ocrx_word' id='word_1_344' title='bbox 258 4584 400 4592; x_wconf 79' lang='grc'><strong>-----</strong></span> <span class='ocrx_word' id='word_1_345' title='bbox 438 4584 658 4588; x_wconf 46' lang='grc' dir='ltr'><strong>--η---ψ</strong></span> <span class='ocrx_word' id='word_1_346' title='bbox 698 4584 950 4605; x_wconf 49' lang='grc' dir='ltr'><strong>ι-τ-κη</strong></span> <span class='ocrx_word' id='word_1_347' title='bbox 995 4584 1059 4604; x_wconf 56' lang='grc' dir='ltr'><strong>τι-</strong></span> <span class='ocrx_word' id='word_1_348' title='bbox 1098 4584 1125 4587; x_wconf 83' lang='grc'><strong>--</strong></span> <span class='ocrx_word' id='word_1_349' title='bbox 1170 4584 1343 4602; x_wconf 46' lang='grc' dir='ltr'><strong>ιηηκ-</strong></span> <span class='ocrx_word' id='word_1_350' title='bbox 1703 4584 1914 4605; x_wconf 48' lang='lat' dir='ltr'><strong>rw&quot;.</strong></span> 
     </span>
     <span class='ocr_line' id='line_1_48' title="bbox 251 4584 1993 4695; baseline -0.001 -12"><span class='ocrx_word' id='word_1_351' title='bbox 251 4642 397 4684; x_wconf 86' lang='lat' dir='ltr'><strong>eum</strong></span> <span class='ocrx_word' id='word_1_352' title='bbox 432 4624 760 4690; x_wconf 84' lang='lat' dir='ltr'><strong>imitantur,</strong></span> <span class='ocrx_word' id='word_1_353' title='bbox 786 4622 883 4695; x_wconf 89' lang='lat' dir='ltr'><strong>qui</strong></span> <span class='ocrx_word' id='word_1_354' title='bbox 915 4627 1002 4679; x_wconf 87' lang='lat' dir='ltr'><strong>est</strong></span> <span class='ocrx_word' id='word_1_355' title='bbox 1024 4621 1413 4680; x_wconf 75' lang='lat' dir='ltr'><strong>inimitabilia.</strong></span> <span class='ocrx_word' id='word_1_356' title='bbox 1437 4622 1760 4682; x_wconf 85' lang='lat' dir='ltr'><strong>Dissimilia</strong></span> <span class='ocrx_word' id='word_1_357' title='bbox 1783 4641 1916 4681; x_wconf 90' lang='lat' dir='ltr'><strong>vero</strong></span> <span class='ocrx_word' id='word_1_358' title='bbox 1951 4584 1993 4661; x_wconf 63' lang='grc' dir='ltr'><strong>Β</strong></span> 
     </span>
    </p>
   </div>
   <div class='ocr_carea' id='block_1_48' title="bbox 252 4712 1917 4790">
    <p class='ocr_par' dir='ltr' id='par_1_48' title="bbox 252 4712 1917 4790">
     <span class='ocr_line' id='line_1_49' title="bbox 252 4712 1917 4790; baseline 0.001 -18"><span class='ocrx_word' id='word_1_359' title='bbox 252 4717 405 4790; x_wconf 87' lang='lat' dir='ltr'><strong>quia</strong></span> <span class='ocrx_word' id='word_1_360' title='bbox 438 4716 676 4773; x_wconf 75' lang='lat' dir='ltr'><strong>effectus</strong></span> <span class='ocrx_word' id='word_1_361' title='bbox 710 4732 742 4771; x_wconf 92' lang='lat' dir='ltr'><strong>a</strong></span> <span class='ocrx_word' id='word_1_362' title='bbox 774 4715 898 4771; x_wconf 89' lang='lat' dir='ltr'><strong>suis</strong></span> <span class='ocrx_word' id='word_1_363' title='bbox 930 4713 1123 4770; x_wconf 88' lang='lat' dir='ltr'><strong>causis</strong></span> <span class='ocrx_word' id='word_1_364' title='bbox 1158 4712 1413 4770; x_wconf 87' lang='lat' dir='ltr'><strong>multum</strong></span> <span class='ocrx_word' id='word_1_365' title='bbox 1443 4713 1685 4785; x_wconf 89' lang='lat' dir='ltr'><strong>distant,</strong></span> <span class='ocrx_word' id='word_1_366' title='bbox 1719 4723 1773 4772; x_wconf 90' lang='lat' dir='ltr'><strong>et</strong></span> <span class='ocrx_word' id='word_1_367' title='bbox 1805 4716 1917 4774; x_wconf 80' lang='lat' dir='ltr'><strong>im-</strong></span> 
     </span>
    </p>
   </div>
   <div class='ocr_carea' id='block_1_49' title="bbox 253 4805 1315 4877">
    <p class='ocr_par' dir='ltr' id='par_1_49' title="bbox 253 4805 1315 4877">
     <span class='ocr_line' id='line_1_50' title="bbox 253 4805 1315 4877; baseline -0.004 -12"><span class='ocrx_word' id='word_1_368' title='bbox 253 4807 486 4865; x_wconf 87' lang='lat' dir='ltr'><strong>mensis</strong></span> <span class='ocrx_word' id='word_1_369' title='bbox 517 4805 838 4863; x_wconf 88' lang='lat' dir='ltr'><strong>intervallis</strong></span> <span class='ocrx_word' id='word_1_370' title='bbox 871 4806 1315 4877; x_wconf 85' lang='lat' dir='ltr'><strong>disjunguntur.</strong></span> 
     </span>
    </p>
   </div>
   <div class='ocr_carea' id='block_1_50' title="bbox 334 4910 1918 4982">
    <p class='ocr_par' dir='ltr' id='par_1_50' title="bbox 334 4910 1918 4982">
     <span class='ocr_line' id='line_1_51' title="bbox 334 4910 1918 4982; baseline 0.003 -16"><span class='ocrx_word' id='word_1_371' title='bbox 334 4914 389 4966; x_wconf 88' lang='lat'><strong>7.</strong></span> <span class='ocrx_word' id='word_1_372' title='bbox 415 4911 589 4976; x_wconf 87' lang='lat' dir='ltr'><strong>Quies</strong></span> <span class='ocrx_word' id='word_1_373' title='bbox 611 4911 852 4982; x_wconf 87' lang='lat' dir='ltr'><strong>insuper</strong></span> <span class='ocrx_word' id='word_1_374' title='bbox 882 4915 938 4967; x_wconf 90' lang='lat' dir='ltr'><strong>et</strong></span> <span class='ocrx_word' id='word_1_375' title='bbox 961 4916 1156 4966; x_wconf 79' lang='lat' dir='ltr'><strong>motus</strong></span> <span class='ocrx_word' id='word_1_376' title='bbox 1188 4910 1247 4965; x_wconf 91' lang='lat' dir='ltr'><strong>in</strong></span> <span class='ocrx_word' id='word_1_377' title='bbox 1277 4916 1392 4967; x_wconf 91' lang='lat' dir='ltr'><strong>Deo</strong></span> <span class='ocrx_word' id='word_1_378' title='bbox 1422 4911 1719 4968; x_wconf 74' lang='lat' dir='ltr'><strong>dicuntur.</strong></span> <span class='ocrx_word' id='word_1_379' title='bbox 1744 4914 1918 4979; x_wconf 87' lang='lat' dir='ltr'><strong>Quies</strong></span> 
     </span>
    </p>
   </div>
   <div class='ocr_carea' id='block_1_51' title="bbox 251 5000 1919 5077">
    <p class='ocr_par' dir='ltr' id='par_1_51' title="bbox 251 5000 1919 5077">
     <span class='ocr_line' id='line_1_52' title="bbox 251 5000 1919 5077; baseline -0.001 -18"><span class='ocrx_word' id='word_1_380' title='bbox 251 5003 523 5077; x_wconf 86' lang='lat' dir='ltr'><strong>quidem,</strong></span> <span class='ocrx_word' id='word_1_381' title='bbox 556 5003 697 5074; x_wconf 87' lang='lat' dir='ltr'><strong>quia</strong></span> <span class='ocrx_word' id='word_1_382' title='bbox 746 5003 803 5057; x_wconf 92' lang='lat' dir='ltr'><strong>in</strong></span> <span class='ocrx_word' id='word_1_383' title='bbox 836 5001 1029 5073; x_wconf 86' lang='lat' dir='ltr'><strong>scipso</strong></span> <span class='ocrx_word' id='word_1_384' title='bbox 1060 5000 1215 5057; x_wconf 87' lang='lat' dir='ltr'><strong>Deus</strong></span> <span class='ocrx_word' id='word_1_385' title='bbox 1271 5006 1488 5069; x_wconf 77' lang='lat' dir='ltr'><strong>manet,</strong></span> <span class='ocrx_word' id='word_1_386' title='bbox 1523 5001 1919 5073; x_wconf 85' lang='lat' dir='ltr'><strong>immotusque</strong></span> 
     </span>
    </p>
   </div>
   <div class='ocr_carea' id='block_1_52' title="bbox 251 5090 1917 5169">
    <p class='ocr_par' dir='ltr' id='par_1_52' title="bbox 251 5090 1917 5169">
     <span class='ocr_line' id='line_1_53' title="bbox 251 5090 1917 5169; baseline 0.001 -20"><span class='ocrx_word' id='word_1_387' title='bbox 251 5097 508 5169; x_wconf 88' lang='lat' dir='ltr'><strong>perstat,</strong></span> <span class='ocrx_word' id='word_1_388' title='bbox 542 5092 681 5164; x_wconf 90' lang='lat' dir='ltr'><strong>quia</strong></span> <span class='ocrx_word' id='word_1_389' title='bbox 710 5092 890 5148; x_wconf 90' lang='lat' dir='ltr'><strong>etiam</strong></span> <span class='ocrx_word' id='word_1_390' title='bbox 920 5090 1166 5162; x_wconf 85' lang='lat' dir='ltr'><strong>aeeipso</strong></span> <span class='ocrx_word' id='word_1_391' title='bbox 1197 5092 1502 5147; x_wconf 82' lang='lat' dir='ltr'><strong>transferri</strong></span> <span class='ocrx_word' id='word_1_392' title='bbox 1534 5092 1647 5148; x_wconf 91' lang='lat' dir='ltr'><strong>alio</strong></span> <span class='ocrx_word' id='word_1_393' title='bbox 1671 5110 1787 5149; x_wconf 92' lang='lat' dir='ltr'><strong>non</strong></span> <span class='ocrx_word' id='word_1_394' title='bbox 1819 5110 1917 5163; x_wconf 88' lang='lat' dir='ltr'><strong>po-</strong></span> 
     </span>
    </p>
   </div>
   <div class='ocr_carea' id='block_1_53' title="bbox 251 5181 1919 5255">
    <p class='ocr_par' dir='ltr' id='par_1_53' title="bbox 251 5181 1919 5255">
     <span class='ocr_line' id='line_1_54' title="bbox 251 5181 1919 5255; baseline -0.003 -11"><span class='ocrx_word' id='word_1_395' title='bbox 251 5191 398 5255; x_wconf 84' lang='lat' dir='ltr'><strong>test,</strong></span> <span class='ocrx_word' id='word_1_396' title='bbox 431 5184 564 5255; x_wconf 88' lang='lat' dir='ltr'><strong>quia</strong></span> <span class='ocrx_word' id='word_1_397' title='bbox 595 5184 850 5254; x_wconf 87' lang='lat' dir='ltr'><strong>denique</strong></span> <span class='ocrx_word' id='word_1_398' title='bbox 893 5182 1068 5238; x_wconf 89' lang='lat' dir='ltr'><strong>rebus</strong></span> <span class='ocrx_word' id='word_1_399' title='bbox 1105 5182 1378 5239; x_wconf 90' lang='lat' dir='ltr'><strong>omnibus</strong></span> <span class='ocrx_word' id='word_1_400' title='bbox 1425 5181 1579 5239; x_wconf 87' lang='lat' dir='ltr'><strong>velut</strong></span> <span class='ocrx_word' id='word_1_401' title='bbox 1625 5200 1919 5254; x_wconf 77' lang='lat' dir='ltr'><strong>expensus</strong></span> 
     </span>
    </p>
   </div>
   <div class='ocr_carea' id='block_1_54' title="bbox 252 5273 1918 5343">
    <p class='ocr_par' dir='ltr' id='par_1_54' title="bbox 252 5273 1918 5343">
     <span class='ocr_line' id='line_1_55' title="bbox 252 5273 1918 5343; baseline -0.004 -10"><span class='ocrx_word' id='word_1_402' title='bbox 252 5277 523 5334; x_wconf 81' lang='lat' dir='ltr'><strong>incubat.</strong></span> <span class='ocrx_word' id='word_1_403' title='bbox 556 5277 747 5328; x_wconf 84' lang='lat' dir='ltr'><strong>Motus</strong></span> <span class='ocrx_word' id='word_1_404' title='bbox 770 5277 988 5341; x_wconf 89' lang='lat' dir='ltr'><strong>autem,</strong></span> <span class='ocrx_word' id='word_1_405' title='bbox 1016 5288 1127 5328; x_wconf 93' lang='lat' dir='ltr'><strong>non</strong></span> <span class='ocrx_word' id='word_1_406' title='bbox 1161 5288 1226 5328; x_wconf 88' lang='lat' dir='ltr'><strong>eo</strong></span> <span class='ocrx_word' id='word_1_407' title='bbox 1258 5273 1518 5343; x_wconf 83' lang='lat' dir='ltr'><strong>quidem,</strong></span> <span class='ocrx_word' id='word_1_408' title='bbox 1551 5275 1702 5342; x_wconf 73' lang='lat' dir='ltr'><strong>quod</strong></span> <span class='ocrx_word' id='word_1_409' title='bbox 1732 5273 1918 5329; x_wconf 85' lang='lat' dir='ltr'><strong>motui</strong></span> 
     </span>
    </p>
   </div>
   <div class='ocr_carea' id='block_1_55' title="bbox 256 5359 1919 5432">
    <p class='ocr_par' dir='ltr' id='par_1_55' title="bbox 256 5359 1919 5432">
     <span class='ocr_line' id='line_1_56' title="bbox 256 5359 1919 5432; baseline -0.003 -10"><span class='ocrx_word' id='word_1_410' title='bbox 256 5365 500 5432; x_wconf 84' lang='lat' dir='ltr'><strong>mentis,</strong></span> <span class='ocrx_word' id='word_1_411' title='bbox 531 5366 631 5419; x_wconf 89' lang='lat' dir='ltr'><strong>aut</strong></span> <span class='ocrx_word' id='word_1_412' title='bbox 675 5362 909 5429; x_wconf 71' lang='lat' dir='ltr'><strong>animas,</strong></span> <span class='ocrx_word' id='word_1_413' title='bbox 943 5366 1045 5416; x_wconf 90' lang='lat' dir='ltr'><strong>aut</strong></span> <span class='ocrx_word' id='word_1_414' title='bbox 1092 5365 1336 5426; x_wconf 61' lang='lat' dir='ltr'><strong>natura,</strong></span> <span class='ocrx_word' id='word_1_415' title='bbox 1368 5365 1472 5416; x_wconf 88' lang='lat' dir='ltr'><strong>aut</strong></span> <span class='ocrx_word' id='word_1_416' title='bbox 1500 5359 1632 5427; x_wconf 82' lang='lat' dir='ltr'><strong>loci,</strong></span> <span class='ocrx_word' id='word_1_417' title='bbox 1686 5368 1785 5416; x_wconf 85' lang='lat' dir='ltr'><strong>aut</strong></span> <span class='ocrx_word' id='word_1_418' title='bbox 1816 5362 1919 5417; x_wconf 91' lang='lat' dir='ltr'><strong>ulli</strong></span> 
     </span>
    </p>
   </div>
   <div class='ocr_carea' id='block_1_56' title="bbox 253 5449 1914 5525">
    <p class='ocr_par' dir='ltr' id='par_1_56' title="bbox 253 5449 1914 5525">
     <span class='ocr_line' id='line_1_57' title="bbox 253 5449 1914 5525; baseline -0.002 -15"><span class='ocrx_word' id='word_1_419' title='bbox 253 5455 514 5525; x_wconf 89' lang='lat' dir='ltr'><strong>denique</strong></span> <span class='ocrx_word' id='word_1_420' title='bbox 560 5461 828 5507; x_wconf 89' lang='lat' dir='ltr'><strong>motuum</strong></span> <span class='ocrx_word' id='word_1_421' title='bbox 888 5450 1157 5516; x_wconf 75' lang='lat' dir='ltr'><strong>illorum,</strong></span> <span class='ocrx_word' id='word_1_422' title='bbox 1214 5449 1315 5522; x_wconf 89' lang='lat' dir='ltr'><strong>qui</strong></span> <span class='ocrx_word' id='word_1_423' title='bbox 1370 5449 1541 5521; x_wconf 89' lang='lat' dir='ltr'><strong>vulgo</strong></span> <span class='ocrx_word' id='word_1_424' title='bbox 1597 5450 1914 5520; x_wconf 86' lang='lat' dir='ltr'><strong>dicuntur,</strong></span> 
     </span>
    </p>
   </div>
   <div class='ocr_carea' id='block_1_57' title="bbox 1641 364 2365 437">
    <p class='ocr_par' dir='ltr' id='par_1_57' title="bbox 1641 364 2365 437">
     <span class='ocr_line' id='line_1_58' title="bbox 1641 364 2365 437; baseline 0.006 -5"><span class='ocrx_word' id='word_1_425' title='bbox 1641 364 2043 435; x_wconf 73' lang='lat' dir='ltr'><strong>THESAURI</strong></span> <span class='ocrx_word' id='word_1_426' title='bbox 2089 368 2238 437; x_wconf 73' lang='lat' dir='ltr'><strong>LIB.</strong></span> <span class='ocrx_word' id='word_1_427' title='bbox 2287 370 2365 436; x_wconf 85' lang='lat' dir='ltr'><strong>Il.</strong></span> 
     </span>
    </p>
   </div>
   <div class='ocr_carea' id='block_1_58' title="bbox 3550 384 3706 447">
    <p class='ocr_par' dir='ltr' id='par_1_58' title="bbox 3550 384 3706 447">
     <span class='ocr_line' id='line_1_59' title="bbox 3550 384 3706 447; baseline 0.019 -3"><span class='ocrx_word' id='word_1_428' title='bbox 3550 384 3706 447; x_wconf 68' lang='grc'><strong>1142</strong></span> 
     </span>
    </p>
   </div>
   <div class='ocr_carea' id='block_1_59' title="bbox 1964 508 3698 589">
    <p class='ocr_par' dir='ltr' id='par_1_59' title="bbox 1964 508 3698 589">
     <span class='ocr_line' id='line_1_60' title="bbox 1964 508 3698 589; baseline 0.007 -27"><span class='ocrx_word' id='word_1_429' title='bbox 1964 508 2020 573; x_wconf 81' lang='grc' dir='ltr'><strong>Α</strong></span> <span class='ocrx_word' id='word_1_430' title='bbox 2051 508 2338 564; x_wconf 83' lang='lat' dir='ltr'><strong>obnoxius</strong></span> <span class='ocrx_word' id='word_1_431' title='bbox 2369 515 2475 580; x_wconf 87' lang='lat' dir='ltr'><strong>est,</strong></span> <span class='ocrx_word' id='word_1_432' title='bbox 2501 512 2596 565; x_wconf 88' lang='lat' dir='ltr'><strong>sed</strong></span> <span class='ocrx_word' id='word_1_433' title='bbox 2627 513 3167 584; x_wconf 84' lang='lat' dir='ltr'><strong>comprehensionis</strong></span> <span class='ocrx_word' id='word_1_434' title='bbox 3199 515 3357 571; x_wconf 85' lang='lat' dir='ltr'><strong>illius</strong></span> <span class='ocrx_word' id='word_1_435' title='bbox 3389 532 3547 588; x_wconf 87' lang='lat' dir='ltr'><strong>ergo,</strong></span> <span class='ocrx_word' id='word_1_436' title='bbox 3572 534 3698 589; x_wconf 81' lang='lat' dir='ltr'><strong>quae</strong></span> 
     </span>
    </p>
   </div>
   <div class='ocr_carea' id='block_1_60' title="bbox 2051 597 3696 674">
    <p class='ocr_par' dir='ltr' id='par_1_60' title="bbox 2051 597 3696 674">
     <span class='ocr_line' id='line_1_61' title="bbox 2051 597 3696 674; baseline 0.009 -24"><span class='ocrx_word' id='word_1_437' title='bbox 2051 597 2296 652; x_wconf 78' lang='lat' dir='ltr'><strong>detineri</strong></span> <span class='ocrx_word' id='word_1_438' title='bbox 2359 605 2461 655; x_wconf 89' lang='lat' dir='ltr'><strong>aut</strong></span> <span class='ocrx_word' id='word_1_439' title='bbox 2519 601 2769 656; x_wconf 89' lang='lat' dir='ltr'><strong>coerceri</strong></span> <span class='ocrx_word' id='word_1_440' title='bbox 2828 602 2984 658; x_wconf 91' lang='lat' dir='ltr'><strong>nullo</strong></span> <span class='ocrx_word' id='word_1_441' title='bbox 3050 604 3214 659; x_wconf 85' lang='lat' dir='ltr'><strong>modo</strong></span> <span class='ocrx_word' id='word_1_442' title='bbox 3271 610 3499 674; x_wconf 86' lang='lat' dir='ltr'><strong>potest:</strong></span> <span class='ocrx_word' id='word_1_443' title='bbox 3558 609 3696 664; x_wconf 88' lang='lat' dir='ltr'><strong>item</strong></span> 
     </span>
    </p>
   </div>
   <div class='ocr_carea' id='block_1_61' title="bbox 2050 685 3693 767">
    <p class='ocr_par' dir='ltr' id='par_1_61' title="bbox 2050 685 3693 767">
     <span class='ocr_line' id='line_1_62' title="bbox 2050 685 3693 767; baseline 0.008 -28"><span class='ocrx_word' id='word_1_444' title='bbox 2050 685 2442 743; x_wconf 89' lang='lat' dir='ltr'><strong>immobilium</strong></span> <span class='ocrx_word' id='word_1_445' title='bbox 2476 688 2710 746; x_wconf 89' lang='lat' dir='ltr'><strong>illorum</strong></span> <span class='ocrx_word' id='word_1_446' title='bbox 2746 706 3159 762; x_wconf 83' lang='lat' dir='ltr'><strong>progressuum</strong></span> <span class='ocrx_word' id='word_1_447' title='bbox 3212 695 3449 763; x_wconf 87' lang='lat' dir='ltr'><strong>ratione,</strong></span> <span class='ocrx_word' id='word_1_448' title='bbox 3485 697 3693 767; x_wconf 91' lang='lat' dir='ltr'><strong>quibus</strong></span> 
     </span>
    </p>
   </div>
   <div class='ocr_carea' id='block_1_62' title="bbox 2051 775 3697 851">
    <p class='ocr_par' dir='ltr' id='par_1_62' title="bbox 2051 775 3697 851">
     <span class='ocr_line' id='line_1_63' title="bbox 2051 775 3697 851; baseline 0.007 -22"><span class='ocrx_word' id='word_1_449' title='bbox 2051 775 2199 830; x_wconf 88' lang='lat' dir='ltr'><strong>Deus</strong></span> <span class='ocrx_word' id='word_1_450' title='bbox 2232 778 2592 847; x_wconf 90' lang='lat' dir='ltr'><strong>providentia</strong></span> <span class='ocrx_word' id='word_1_451' title='bbox 2624 795 2731 834; x_wconf 91' lang='lat' dir='ltr'><strong>sua</strong></span> <span class='ocrx_word' id='word_1_452' title='bbox 2764 780 2835 834; x_wconf 88' lang='lat' dir='ltr'><strong>iis</strong></span> <span class='ocrx_word' id='word_1_453' title='bbox 2869 796 2992 851; x_wconf 69' lang='lat' dir='ltr'><strong>quae</strong></span> <span class='ocrx_word' id='word_1_454' title='bbox 3026 786 3165 837; x_wconf 91' lang='lat' dir='ltr'><strong>sunt</strong></span> <span class='ocrx_word' id='word_1_455' title='bbox 3193 781 3545 851; x_wconf 75' lang='lat' dir='ltr'><strong>infunditur,</strong></span> <span class='ocrx_word' id='word_1_456' title='bbox 3570 784 3697 841; x_wconf 86' lang='lat' dir='ltr'><strong>illa-</strong></span> 
     </span>
    </p>
   </div>
   <div class='ocr_carea' id='block_1_63' title="bbox 2047 866 3690 943">
    <p class='ocr_par' dir='ltr' id='par_1_63' title="bbox 2047 866 3690 943">
     <span class='ocr_line' id='line_1_64' title="bbox 2047 866 3690 943; baseline 0.007 -26"><span class='ocrx_word' id='word_1_457' title='bbox 2047 879 2177 919; x_wconf 89' lang='lat' dir='ltr'><strong>rum</strong></span> <span class='ocrx_word' id='word_1_458' title='bbox 2237 866 2484 937; x_wconf 89' lang='lat' dir='ltr'><strong>denique</strong></span> <span class='ocrx_word' id='word_1_459' title='bbox 2541 868 2835 924; x_wconf 88' lang='lat' dir='ltr'><strong>actionum</strong></span> <span class='ocrx_word' id='word_1_460' title='bbox 2877 870 3120 939; x_wconf 83' lang='lat' dir='ltr'><strong>ratione,</strong></span> <span class='ocrx_word' id='word_1_461' title='bbox 3153 890 3280 943; x_wconf 72' lang='lat' dir='ltr'><strong>quae</strong></span> <span class='ocrx_word' id='word_1_462' title='bbox 3341 872 3517 930; x_wconf 90' lang='lat' dir='ltr'><strong>nullis</strong></span> <span class='ocrx_word' id='word_1_463' title='bbox 3574 892 3690 931; x_wconf 90' lang='lat' dir='ltr'><strong>non</strong></span> 
     </span>
    </p>
   </div>
   <div class='ocr_carea' id='block_1_64' title="bbox 2047 952 3038 1015">
    <p class='ocr_par' dir='ltr' id='par_1_64' title="bbox 2047 952 3038 1015">
     <span class='ocr_line' id='line_1_65' title="bbox 2047 952 3038 1015; baseline 0.006 -7"><span class='ocrx_word' id='word_1_464' title='bbox 2047 952 2377 1011; x_wconf 87' lang='lat' dir='ltr'><strong>actionibus</strong></span> <span class='ocrx_word' id='word_1_465' title='bbox 2410 955 2847 1015; x_wconf 85' lang='lat' dir='ltr'><strong>excellentiores</strong></span> <span class='ocrx_word' id='word_1_466' title='bbox 2879 965 3038 1015; x_wconf 90' lang='lat' dir='ltr'><strong>sunt.</strong></span> 
     </span>
    </p>
   </div>
   <div class='ocr_carea' id='block_1_65' title="bbox 2118 1052 3692 1125">
    <p class='ocr_par' dir='ltr' id='par_1_65' title="bbox 2118 1052 3692 1125">
     <span class='ocr_line' id='line_1_66' title="bbox 2118 1052 3692 1125; baseline 0.01 -20"><span class='ocrx_word' id='word_1_467' title='bbox 2118 1052 2170 1107; x_wconf 93' lang='lat'><strong>8.</strong></span> <span class='ocrx_word' id='word_1_468' title='bbox 2205 1055 2504 1125; x_wconf 88' lang='lat' dir='ltr'><strong>Ejusdem.</strong></span> <span class='ocrx_word' id='word_1_469' title='bbox 2533 1058 3039 1121; x_wconf 87' lang='lat' dir='ltr'><strong>Quemadmodum</strong></span> <span class='ocrx_word' id='word_1_470' title='bbox 3072 1062 3260 1116; x_wconf 84' lang='lat' dir='ltr'><strong>sancti</strong></span> <span class='ocrx_word' id='word_1_471' title='bbox 3292 1061 3559 1121; x_wconf 87' lang='lat' dir='ltr'><strong>homines</strong></span> <span class='ocrx_word' id='word_1_472' title='bbox 3591 1066 3692 1120; x_wconf 90' lang='lat' dir='ltr'><strong>do-</strong></span> 
     </span>
    </p>
   </div>
   <div class='ocr_carea' id='block_1_66' title="bbox 2045 1145 3692 1219">
    <p class='ocr_par' dir='ltr' id='par_1_66' title="bbox 2045 1145 3692 1219">
     <span class='ocr_line' id='line_1_67' title="bbox 2045 1145 3692 1219; baseline 0.005 -17"><span class='ocrx_word' id='word_1_473' title='bbox 2045 1163 2179 1202; x_wconf 87' lang='lat' dir='ltr'><strong>mus</strong></span> <span class='ocrx_word' id='word_1_474' title='bbox 2227 1145 2329 1201; x_wconf 91' lang='lat' dir='ltr'><strong>Dei</strong></span> <span class='ocrx_word' id='word_1_475' title='bbox 2380 1145 2692 1204; x_wconf 87' lang='lat' dir='ltr'><strong>dicuntur:</strong></span> <span class='ocrx_word' id='word_1_476' title='bbox 2746 1148 2825 1203; x_wconf 86' lang='lat' dir='ltr'><strong>ait</strong></span> <span class='ocrx_word' id='word_1_477' title='bbox 2854 1148 3033 1215; x_wconf 90' lang='lat' dir='ltr'><strong>enim,</strong></span> <span class='ocrx_word' id='word_1_478' title='bbox 3089 1151 3354 1207; x_wconf 78' lang='lat' dir='ltr'><strong>Habitabo</strong></span> <span class='ocrx_word' id='word_1_479' title='bbox 3387 1155 3446 1207; x_wconf 85' lang='lat' dir='ltr'><strong>in</strong></span> <span class='ocrx_word' id='word_1_480' title='bbox 3484 1155 3581 1219; x_wconf 79' lang='lat' dir='ltr'><strong>eis,</strong></span> <span class='ocrx_word' id='word_1_481' title='bbox 3640 1160 3692 1211; x_wconf 77' lang='lat' dir='ltr'><strong>et</strong></span> 
     </span>
    </p>
   </div>
   <div class='ocr_carea' id='block_1_67' title="bbox 2042 1235 3689 1299">
    <p class='ocr_par' dir='ltr' id='par_1_67' title="bbox 2042 1235 3689 1299">
     <span class='ocr_line' id='line_1_68' title="bbox 2042 1235 3689 1299; baseline 0.004 -7"><span class='ocrx_word' id='word_1_482' title='bbox 2042 1235 2402 1293; x_wconf 81' lang='lat' dir='ltr'><strong>inambutabo</strong></span> <span class='ocrx_word' id='word_1_483' title='bbox 2432 1236 2516 1290; x_wconf 67' lang='lat'><strong>’3:</strong></span> <span class='ocrx_word' id='word_1_484' title='bbox 2552 1235 2631 1291; x_wconf 90' lang='lat' dir='ltr'><strong>ita</strong></span> <span class='ocrx_word' id='word_1_485' title='bbox 2659 1238 2834 1292; x_wconf 90' lang='lat' dir='ltr'><strong>etiam</strong></span> <span class='ocrx_word' id='word_1_486' title='bbox 2868 1245 3207 1295; x_wconf 86' lang='lat' dir='ltr'><strong>sanctorum</strong></span> <span class='ocrx_word' id='word_1_487' title='bbox 3257 1241 3554 1298; x_wconf 87' lang='lat' dir='ltr'><strong>hominum</strong></span> <span class='ocrx_word' id='word_1_488' title='bbox 3589 1246 3689 1299; x_wconf 89' lang='lat' dir='ltr'><strong>do-</strong></span> 
     </span>
    </p>
   </div>
   <div class='ocr_carea' id='block_1_68' title="bbox 2044 1326 3690 1395">
    <p class='ocr_par' dir='ltr' id='par_1_68' title="bbox 2044 1326 3690 1395">
     <span class='ocr_line' id='line_1_69' title="bbox 2044 1326 3690 1395; baseline 0.005 -14"><span class='ocrx_word' id='word_1_489' title='bbox 2044 1343 2176 1381; x_wconf 90' lang='lat' dir='ltr'><strong>mus</strong></span> <span class='ocrx_word' id='word_1_490' title='bbox 2207 1326 2361 1382; x_wconf 90' lang='lat' dir='ltr'><strong>Deus</strong></span> <span class='ocrx_word' id='word_1_491' title='bbox 2391 1331 2499 1382; x_wconf 90' lang='lat' dir='ltr'><strong>est.</strong></span> <span class='ocrx_word' id='word_1_492' title='bbox 2525 1326 2772 1382; x_wconf 88' lang='lat' dir='ltr'><strong>Davides</strong></span> <span class='ocrx_word' id='word_1_493' title='bbox 2806 1328 2961 1385; x_wconf 87' lang='lat' dir='ltr'><strong>enim</strong></span> <span class='ocrx_word' id='word_1_494' title='bbox 2992 1330 3093 1395; x_wconf 87' lang='lat' dir='ltr'><strong>ait,</strong></span> <span class='ocrx_word' id='word_1_495' title='bbox 3117 1332 3241 1386; x_wconf 78' lang='lat' dir='ltr'><strong>Esto</strong></span> <span class='ocrx_word' id='word_1_496' title='bbox 3264 1332 3406 1389; x_wconf 84' lang='lat' dir='ltr'><strong>mihi</strong></span> <span class='ocrx_word' id='word_1_497' title='bbox 3434 1335 3494 1387; x_wconf 89' lang='lat' dir='ltr'><strong>in</strong></span> <span class='ocrx_word' id='word_1_498' title='bbox 3518 1334 3690 1390; x_wconf 85' lang='lat' dir='ltr'><strong>Deum</strong></span> 
     </span>
    </p>
   </div>
   <div class='ocr_carea' id='block_1_69' title="bbox 2039 1416 3689 1495">
    <p class='ocr_par' dir='ltr' id='par_1_69' title="bbox 2039 1416 3689 1495">
     <span class='ocr_line' id='line_1_70' title="bbox 2039 1416 3689 1495; baseline 0.006 -25"><span class='ocrx_word' id='word_1_499' title='bbox 2039 1420 2415 1486; x_wconf 77' lang='lat' dir='ltr'><strong>protectorem,</strong></span> <span class='ocrx_word' id='word_1_500' title='bbox 2447 1421 2502 1472; x_wconf 82' lang='lat' dir='ltr'><strong>et</strong></span> <span class='ocrx_word' id='word_1_501' title='bbox 2534 1416 2594 1471; x_wconf 86' lang='lat' dir='ltr'><strong>in</strong></span> <span class='ocrx_word' id='word_1_502' title='bbox 2631 1417 2854 1472; x_wconf 88' lang='lat' dir='ltr'><strong>domum</strong></span> <span class='ocrx_word' id='word_1_503' title='bbox 2884 1421 3111 1490; x_wconf 75' lang='lat' dir='ltr'><strong>refugii,</strong></span> <span class='ocrx_word' id='word_1_504' title='bbox 3146 1426 3205 1476; x_wconf 80' lang='lat' dir='ltr'><strong>ut</strong></span> <span class='ocrx_word' id='word_1_505' title='bbox 3231 1423 3443 1477; x_wconf 74' lang='lat' dir='ltr'><strong>salvum</strong></span> <span class='ocrx_word' id='word_1_506' title='bbox 3483 1440 3570 1479; x_wconf 75' lang='lat' dir='ltr'><strong>me</strong></span> <span class='ocrx_word' id='word_1_507' title='bbox 3595 1426 3689 1495; x_wconf 80' lang='lat' dir='ltr'><strong>fa-</strong></span> 
     </span>
    </p>
   </div>
   <div class='ocr_carea' id='block_1_70' title="bbox 2039 1504 3684 1580">
    <p class='ocr_par' dir='ltr' id='par_1_70' title="bbox 2039 1504 3684 1580">
     <span class='ocr_line' id='line_1_71' title="bbox 2039 1504 3684 1580; baseline 0.005 -21"><span class='ocrx_word' id='word_1_508' title='bbox 2039 1506 2153 1559; x_wconf 68' lang='lat' dir='ltr'><strong>cias</strong></span> <span class='ocrx_word' id='word_1_509' title='bbox 2173 1504 2239 1559; x_wconf 83' lang='grc'><strong>²⁴.</strong></span> <span class='ocrx_word' id='word_1_510' title='bbox 2270 1507 2454 1576; x_wconf 81' lang='lat' dir='ltr'><strong>Atque</strong></span> <span class='ocrx_word' id='word_1_511' title='bbox 2476 1504 2663 1576; x_wconf 84' lang='lat' dir='ltr'><strong>ipsius</strong></span> <span class='ocrx_word' id='word_1_512' title='bbox 2680 1506 2917 1577; x_wconf 90' lang='lat' dir='ltr'><strong>quidem</strong></span> <span class='ocrx_word' id='word_1_513' title='bbox 2941 1508 3169 1563; x_wconf 89' lang='lat' dir='ltr'><strong>Domini</strong></span> <span class='ocrx_word' id='word_1_514' title='bbox 3195 1510 3313 1566; x_wconf 77' lang='lat' dir='ltr'><strong>haec</strong></span> <span class='ocrx_word' id='word_1_515' title='bbox 3330 1512 3506 1568; x_wconf 93' lang='lat' dir='ltr'><strong>verba</strong></span> <span class='ocrx_word' id='word_1_516' title='bbox 3525 1518 3684 1580; x_wconf 88' lang='lat' dir='ltr'><strong>sunt,</strong></span> 
     </span>
    </p>
   </div>
   <div class='ocr_carea' id='block_1_71' title="bbox 2048 1594 3682 1672">
    <p class='ocr_par' dir='ltr' id='par_1_71' title="bbox 2048 1594 3682 1672">
     <span class='ocr_line' id='line_1_72' title="bbox 2048 1594 3682 1672; baseline 0.007 -24"><span class='ocrx_word' id='word_1_517' title='bbox 2048 1594 2139 1649; x_wconf 79' lang='lat' dir='ltr'><strong>Vos</strong></span> <span class='ocrx_word' id='word_1_518' title='bbox 2188 1595 2248 1648; x_wconf 87' lang='lat' dir='ltr'><strong>in</strong></span> <span class='ocrx_word' id='word_1_519' title='bbox 2278 1610 2364 1650; x_wconf 80' lang='lat' dir='ltr'><strong>me</strong></span> <span class='ocrx_word' id='word_1_520' title='bbox 2390 1596 2543 1663; x_wconf 67' lang='lat' dir='ltr'><strong>estis,</strong></span> <span class='ocrx_word' id='word_1_521' title='bbox 2575 1601 2628 1649; x_wconf 78' lang='lat' dir='ltr'><strong>et</strong></span> <span class='ocrx_word' id='word_1_522' title='bbox 2661 1612 2757 1664; x_wconf 87' lang='lat' dir='ltr'><strong>ego</strong></span> <span class='ocrx_word' id='word_1_523' title='bbox 2807 1598 2868 1651; x_wconf 82' lang='lat' dir='ltr'><strong>in</strong></span> <span class='ocrx_word' id='word_1_524' title='bbox 2899 1597 3046 1653; x_wconf 82' lang='lat' dir='ltr'><strong>vobis</strong></span> <span class='ocrx_word' id='word_1_525' title='bbox 3096 1598 3159 1654; x_wconf 67' lang='grc'><strong>2⁵.</strong></span> <span class='ocrx_word' id='word_1_526' title='bbox 3197 1599 3263 1655; x_wconf 88' lang='lat' dir='ltr'><strong>Et</strong></span> <span class='ocrx_word' id='word_1_527' title='bbox 3305 1603 3682 1672; x_wconf 85' lang='lat' dir='ltr'><strong>quemadmo-</strong></span> 
     </span>
    </p>
   </div>
   <div class='ocr_carea' id='block_1_72' title="bbox 2039 1682 3684 1763">
    <p class='ocr_par' dir='ltr' id='par_1_72' title="bbox 2039 1682 3684 1763">
     <span class='ocr_line' id='line_1_73' title="bbox 2039 1682 3684 1763; baseline 0.005 -25"><span class='ocrx_word' id='word_1_528' title='bbox 2039 1683 2181 1738; x_wconf 89' lang='lat' dir='ltr'><strong>dum</strong></span> <span class='ocrx_word' id='word_1_529' title='bbox 2212 1682 2290 1737; x_wconf 87' lang='lat' dir='ltr'><strong>ita</strong></span> <span class='ocrx_word' id='word_1_530' title='bbox 2312 1683 2371 1737; x_wconf 89' lang='lat' dir='ltr'><strong>in</strong></span> <span class='ocrx_word' id='word_1_531' title='bbox 2402 1682 2520 1738; x_wconf 91' lang='lat' dir='ltr'><strong>illis</strong></span> <span class='ocrx_word' id='word_1_532' title='bbox 2543 1683 2694 1739; x_wconf 83' lang='lat' dir='ltr'><strong>Deus</strong></span> <span class='ocrx_word' id='word_1_533' title='bbox 2727 1689 2834 1752; x_wconf 87' lang='lat' dir='ltr'><strong>est,</strong></span> <span class='ocrx_word' id='word_1_534' title='bbox 2861 1693 2925 1741; x_wconf 85' lang='lat' dir='ltr'><strong>ut</strong></span> <span class='ocrx_word' id='word_1_535' title='bbox 2958 1702 3144 1758; x_wconf 84' lang='lat' dir='ltr'><strong>neque</strong></span> <span class='ocrx_word' id='word_1_536' title='bbox 3168 1689 3473 1757; x_wconf 85' lang='lat' dir='ltr'><strong>contineri,</strong></span> <span class='ocrx_word' id='word_1_537' title='bbox 3498 1707 3684 1763; x_wconf 86' lang='lat' dir='ltr'><strong>neque</strong></span> 
     </span>
    </p>
   </div>
   <div class='ocr_carea' id='block_1_73' title="bbox 2038 1772 3679 1850">
    <p class='ocr_par' dir='ltr' id='par_1_73' title="bbox 2038 1772 3679 1850">
     <span class='ocr_line' id='line_1_74' title="bbox 2038 1772 3679 1850; baseline 0.007 -24"><span class='ocrx_word' id='word_1_538' title='bbox 2038 1772 2435 1829; x_wconf 88' lang='lat' dir='ltr'><strong>circumscribi</strong></span> <span class='ocrx_word' id='word_1_539' title='bbox 2468 1779 2676 1845; x_wconf 86' lang='lat' dir='ltr'><strong>queat:</strong></span> <span class='ocrx_word' id='word_1_540' title='bbox 2711 1775 2795 1830; x_wconf 89' lang='lat' dir='ltr'><strong>sic</strong></span> <span class='ocrx_word' id='word_1_541' title='bbox 2827 1775 2997 1831; x_wconf 88' lang='lat' dir='ltr'><strong>etiam</strong></span> <span class='ocrx_word' id='word_1_542' title='bbox 3032 1776 3137 1849; x_wconf 88' lang='lat' dir='ltr'><strong>ipsi</strong></span> <span class='ocrx_word' id='word_1_543' title='bbox 3173 1777 3253 1834; x_wconf 83' lang='lat' dir='ltr'><strong>ita</strong></span> <span class='ocrx_word' id='word_1_544' title='bbox 3284 1778 3343 1834; x_wconf 90' lang='lat' dir='ltr'><strong>in</strong></span> <span class='ocrx_word' id='word_1_545' title='bbox 3374 1779 3489 1835; x_wconf 88' lang='lat' dir='ltr'><strong>Deo</strong></span> <span class='ocrx_word' id='word_1_546' title='bbox 3520 1787 3679 1850; x_wconf 88' lang='lat' dir='ltr'><strong>sunt,</strong></span> 
     </span>
    </p>
   </div>
   <div class='ocr_carea' id='block_1_74' title="bbox 1954 1853 3684 1937">
    <p class='ocr_par' dir='ltr' id='par_1_74' title="bbox 1954 1853 3684 1937">
     <span class='ocr_line' id='line_1_75' title="bbox 1954 1853 3684 1937; baseline 0.006 -21"><span class='ocrx_word' id='word_1_547' title='bbox 1954 1853 1999 1922; x_wconf 90' lang='lat' dir='ltr'><strong>B</strong></span> <span class='ocrx_word' id='word_1_548' title='bbox 2037 1865 2100 1917; x_wconf 89' lang='lat' dir='ltr'><strong>ut</strong></span> <span class='ocrx_word' id='word_1_549' title='bbox 2129 1878 2263 1917; x_wconf 90' lang='lat' dir='ltr'><strong>cum</strong></span> <span class='ocrx_word' id='word_1_550' title='bbox 2294 1862 2417 1931; x_wconf 86' lang='lat' dir='ltr'><strong>ejus</strong></span> <span class='ocrx_word' id='word_1_551' title='bbox 2447 1862 2704 1919; x_wconf 83' lang='lat' dir='ltr'><strong>essentia</strong></span> <span class='ocrx_word' id='word_1_552' title='bbox 2751 1880 3122 1937; x_wconf 88' lang='lat' dir='ltr'><strong>nequaquam</strong></span> <span class='ocrx_word' id='word_1_553' title='bbox 3171 1866 3552 1937; x_wconf 82' lang='lat' dir='ltr'><strong>misceantur,</strong></span> <span class='ocrx_word' id='word_1_554' title='bbox 3582 1875 3684 1926; x_wconf 89' lang='lat' dir='ltr'><strong>aut</strong></span> 
     </span>
    </p>
   </div>
   <div class='ocr_carea' id='block_1_75' title="bbox 2029 1951 2489 2007">
    <p class='ocr_par' dir='ltr' id='par_1_75' title="bbox 2029 1951 2489 2007">
     <span class='ocr_line' id='line_1_76' title="bbox 2029 1951 2489 2007; baseline -0.004 0"><span class='ocrx_word' id='word_1_555' title='bbox 2029 1951 2489 2007; x_wconf 85' lang='lat' dir='ltr'><strong>confundantur.</strong></span> 
     </span>
    </p>
   </div>
   <div class='ocr_carea' id='block_1_76' title="bbox 2099 2052 3678 2130">
    <p class='ocr_par' dir='ltr' id='par_1_76' title="bbox 2099 2052 3678 2130">
     <span class='ocr_line' id='line_1_77' title="bbox 2099 2052 3678 2130; baseline 0.007 -24"><span class='ocrx_word' id='word_1_556' title='bbox 2099 2052 2151 2106; x_wconf 87' lang='lat'><strong>9.</strong></span> <span class='ocrx_word' id='word_1_557' title='bbox 2190 2053 2490 2123; x_wconf 85' lang='lat' dir='ltr'><strong>Ejusdem.</strong></span> <span class='ocrx_word' id='word_1_558' title='bbox 2516 2055 2857 2125; x_wconf 84' lang='lat' dir='ltr'><strong>Quanquam</strong></span> <span class='ocrx_word' id='word_1_559' title='bbox 2881 2056 3183 2126; x_wconf 84' lang='lat' dir='ltr'><strong>qualitatis</strong></span> <span class='ocrx_word' id='word_1_560' title='bbox 3216 2060 3408 2114; x_wconf 88' lang='lat' dir='ltr'><strong>omnis</strong></span> <span class='ocrx_word' id='word_1_561' title='bbox 3441 2060 3678 2130; x_wconf 84' lang='lat' dir='ltr'><strong>quanti-</strong></span> 
     </span>
    </p>
   </div>
   <div class='ocr_carea' id='block_1_77' title="bbox 2027 2141 3680 2214">
    <p class='ocr_par' dir='ltr' id='par_1_77' title="bbox 2027 2141 3680 2214">
     <span class='ocr_line' id='line_1_78' title="bbox 2027 2141 3680 2214; baseline 0.005 -17"><span class='ocrx_word' id='word_1_562' title='bbox 2027 2143 2282 2214; x_wconf 85' lang='lat' dir='ltr'><strong>tatisque</strong></span> <span class='ocrx_word' id='word_1_563' title='bbox 2314 2141 2467 2198; x_wconf 88' lang='lat' dir='ltr'><strong>Deus</strong></span> <span class='ocrx_word' id='word_1_564' title='bbox 2515 2160 2723 2214; x_wconf 86' lang='lat' dir='ltr'><strong>expers</strong></span> <span class='ocrx_word' id='word_1_565' title='bbox 2764 2148 2873 2213; x_wconf 89' lang='lat' dir='ltr'><strong>est,</strong></span> <span class='ocrx_word' id='word_1_566' title='bbox 2909 2146 3011 2203; x_wconf 83' lang='lat' dir='ltr'><strong>Dei</strong></span> <span class='ocrx_word' id='word_1_567' title='bbox 3058 2151 3253 2203; x_wconf 90' lang='lat' dir='ltr'><strong>tamen</strong></span> <span class='ocrx_word' id='word_1_568' title='bbox 3285 2147 3533 2203; x_wconf 89' lang='lat' dir='ltr'><strong>latiludo</strong></span> <span class='ocrx_word' id='word_1_569' title='bbox 3582 2149 3680 2206; x_wconf 85' lang='lat' dir='ltr'><strong>in-</strong></span> 
     </span>
    </p>
   </div>
   <div class='ocr_carea' id='block_1_78' title="bbox 2027 2230 3677 2306">
    <p class='ocr_par' dir='ltr' id='par_1_78' title="bbox 2027 2230 3677 2306">
     <span class='ocr_line' id='line_1_79' title="bbox 2027 2230 3677 2306; baseline 0.005 -21"><span class='ocrx_word' id='word_1_570' title='bbox 2027 2230 2316 2303; x_wconf 86' lang='lat' dir='ltr'><strong>telligitur</strong></span> <span class='ocrx_word' id='word_1_571' title='bbox 2357 2230 2479 2287; x_wconf 88' lang='lat' dir='ltr'><strong>lata</strong></span> <span class='ocrx_word' id='word_1_572' title='bbox 2509 2230 2606 2288; x_wconf 89' lang='lat' dir='ltr'><strong>illa</strong></span> <span class='ocrx_word' id='word_1_573' title='bbox 2656 2234 2985 2303; x_wconf 84' lang='lat' dir='ltr'><strong>progressio</strong></span> <span class='ocrx_word' id='word_1_574' title='bbox 3016 2252 3131 2306; x_wconf 87' lang='lat' dir='ltr'><strong>qua</strong></span> <span class='ocrx_word' id='word_1_575' title='bbox 3177 2236 3351 2292; x_wconf 88' lang='lat' dir='ltr'><strong>rebus</strong></span> <span class='ocrx_word' id='word_1_576' title='bbox 3399 2238 3677 2294; x_wconf 89' lang='lat' dir='ltr'><strong>omnibus</strong></span> 
     </span>
    </p>
   </div>
   <div class='ocr_carea' id='block_1_79' title="bbox 2029 2320 3677 2397">
    <p class='ocr_par' dir='ltr' id='par_1_79' title="bbox 2029 2320 3677 2397">
     <span class='ocr_line' id='line_1_80' title="bbox 2029 2320 3677 2397; baseline 0.005 -23"><span class='ocrx_word' id='word_1_577' title='bbox 2029 2320 2307 2390; x_wconf 80' lang='lat' dir='ltr'><strong>providet,</strong></span> <span class='ocrx_word' id='word_1_578' title='bbox 2358 2320 2662 2393; x_wconf 87' lang='lat' dir='ltr'><strong>longitudo</strong></span> <span class='ocrx_word' id='word_1_579' title='bbox 2723 2324 2937 2388; x_wconf 90' lang='lat' dir='ltr'><strong>autem,</strong></span> <span class='ocrx_word' id='word_1_580' title='bbox 2994 2324 3080 2380; x_wconf 90' lang='lat' dir='ltr'><strong>vis</strong></span> <span class='ocrx_word' id='word_1_581' title='bbox 3131 2323 3230 2379; x_wconf 89' lang='lat' dir='ltr'><strong>illa</strong></span> <span class='ocrx_word' id='word_1_582' title='bbox 3286 2325 3500 2391; x_wconf 88' lang='lat' dir='ltr'><strong>divina,</strong></span> <span class='ocrx_word' id='word_1_583' title='bbox 3547 2343 3677 2397; x_wconf 67' lang='lat' dir='ltr'><strong>quin</strong></span> 
     </span>
    </p>
   </div>
   <div class='ocr_carea' id='block_1_80' title="bbox 2029 2411 3673 2485">
    <p class='ocr_par' dir='ltr' id='par_1_80' title="bbox 2029 2411 3673 2485">
     <span class='ocr_line' id='line_1_81' title="bbox 2029 2411 3673 2485; baseline 0.003 -19"><span class='ocrx_word' id='word_1_584' title='bbox 2029 2427 2208 2482; x_wconf 87' lang='lat' dir='ltr'><strong>supra</strong></span> <span class='ocrx_word' id='word_1_585' title='bbox 2238 2411 2437 2466; x_wconf 89' lang='lat' dir='ltr'><strong>omnia</strong></span> <span class='ocrx_word' id='word_1_586' title='bbox 2484 2412 3030 2483; x_wconf 73' lang='lat' dir='ltr'><strong>superextenditur:</strong></span> <span class='ocrx_word' id='word_1_587' title='bbox 3083 2414 3450 2485; x_wconf 81' lang='lat' dir='ltr'><strong>profunditas</strong></span> <span class='ocrx_word' id='word_1_588' title='bbox 3508 2417 3673 2471; x_wconf 85' lang='lat' dir='ltr'><strong>deni-</strong></span> 
     </span>
    </p>
   </div>
   <div class='ocr_carea' id='block_1_81' title="bbox 2029 2499 3671 2577">
    <p class='ocr_par' dir='ltr' id='par_1_81' title="bbox 2029 2499 3671 2577">
     <span class='ocr_line' id='line_1_82' title="bbox 2029 2499 3671 2577; baseline 0.004 -22"><span class='ocrx_word' id='word_1_589' title='bbox 2029 2515 2163 2570; x_wconf 85' lang='lat' dir='ltr'><strong>que,</strong></span> <span class='ocrx_word' id='word_1_590' title='bbox 2195 2499 2499 2556; x_wconf 79' lang='lat' dir='ltr'><strong>occultatio</strong></span> <span class='ocrx_word' id='word_1_591' title='bbox 2550 2500 2669 2568; x_wconf 85' lang='lat' dir='ltr'><strong>illa,</strong></span> <span class='ocrx_word' id='word_1_592' title='bbox 2705 2517 2821 2572; x_wconf 89' lang='lat' dir='ltr'><strong>qua</strong></span> <span class='ocrx_word' id='word_1_593' title='bbox 2852 2503 2937 2568; x_wconf 85' lang='lat' dir='ltr'><strong>ﬁt,</strong></span> <span class='ocrx_word' id='word_1_594' title='bbox 2970 2508 3033 2557; x_wconf 89' lang='lat' dir='ltr'><strong>ut</strong></span> <span class='ocrx_word' id='word_1_595' title='bbox 3064 2501 3161 2559; x_wconf 89' lang='lat' dir='ltr'><strong>ille</strong></span> <span class='ocrx_word' id='word_1_596' title='bbox 3190 2505 3263 2559; x_wconf 90' lang='lat' dir='ltr'><strong>ab</strong></span> <span class='ocrx_word' id='word_1_597' title='bbox 3307 2520 3509 2561; x_wconf 87' lang='lat' dir='ltr'><strong>eorum</strong></span> <span class='ocrx_word' id='word_1_598' title='bbox 3543 2522 3671 2577; x_wconf 66' lang='lat' dir='ltr'><strong>quae</strong></span> 
     </span>
    </p>
   </div>
   <div class='ocr_carea' id='block_1_82' title="bbox 2027 2589 3206 2663">
    <p class='ocr_par' dir='ltr' id='par_1_82' title="bbox 2027 2589 3206 2663">
     <span class='ocr_line' id='line_1_83' title="bbox 2027 2589 3206 2663; baseline 0.005 -19"><span class='ocrx_word' id='word_1_599' title='bbox 2027 2593 2167 2644; x_wconf 88' lang='lat' dir='ltr'><strong>sunt</strong></span> <span class='ocrx_word' id='word_1_600' title='bbox 2200 2589 2360 2645; x_wconf 92' lang='lat' dir='ltr'><strong>nullo</strong></span> <span class='ocrx_word' id='word_1_601' title='bbox 2392 2590 2609 2660; x_wconf 87' lang='lat' dir='ltr'><strong>percipi</strong></span> <span class='ocrx_word' id='word_1_602' title='bbox 2642 2591 2984 2661; x_wconf 84' lang='lat' dir='ltr'><strong>cognoscive</strong></span> <span class='ocrx_word' id='word_1_603' title='bbox 3013 2600 3206 2663; x_wconf 85' lang='lat' dir='ltr'><strong>queat.</strong></span> 
     </span>
    </p>
   </div>
   <div class='ocr_carea' id='block_1_83' title="bbox 2099 2678 3673 2755">
    <p class='ocr_par' dir='ltr' id='par_1_83' title="bbox 2099 2678 3673 2755">
     <span class='ocr_line' id='line_1_84' title="bbox 2099 2678 3673 2755; baseline 0.005 -23"><span class='ocrx_word' id='word_1_604' title='bbox 2099 2679 2186 2733; x_wconf 87' lang='grc'><strong>10.</strong></span> <span class='ocrx_word' id='word_1_605' title='bbox 2219 2678 2516 2748; x_wconf 86' lang='lat' dir='ltr'><strong>Ejusdem.</strong></span> <span class='ocrx_word' id='word_1_606' title='bbox 2551 2679 2704 2735; x_wconf 87' lang='lat' dir='ltr'><strong>Deus</strong></span> <span class='ocrx_word' id='word_1_607' title='bbox 2750 2680 2808 2735; x_wconf 89' lang='lat' dir='ltr'><strong>in</strong></span> <span class='ocrx_word' id='word_1_608' title='bbox 2840 2682 3023 2736; x_wconf 86' lang='lat' dir='ltr'><strong>sacris</strong></span> <span class='ocrx_word' id='word_1_609' title='bbox 3075 2682 3454 2755; x_wconf 80' lang='lat' dir='ltr'><strong>mysticarum</strong></span> <span class='ocrx_word' id='word_1_610' title='bbox 3494 2684 3673 2743; x_wconf 87' lang='lat' dir='ltr'><strong>visio-</strong></span> 
     </span>
    </p>
   </div>
   <div class='ocr_carea' id='block_1_84' title="bbox 2027 2768 3670 2845">
    <p class='ocr_par' dir='ltr' id='par_1_84' title="bbox 2027 2768 3670 2845">
     <span class='ocr_line' id='line_1_85' title="bbox 2027 2768 3670 2845; baseline 0.005 -24"><span class='ocrx_word' id='word_1_611' title='bbox 2027 2782 2167 2822; x_wconf 91' lang='lat' dir='ltr'><strong>num</strong></span> <span class='ocrx_word' id='word_1_612' title='bbox 2206 2768 2303 2823; x_wconf 82' lang='lat' dir='ltr'><strong>Dei</strong></span> <span class='ocrx_word' id='word_1_613' title='bbox 2344 2769 2807 2839; x_wconf 85' lang='lat' dir='ltr'><strong>apparitionibus</strong></span> <span class='ocrx_word' id='word_1_614' title='bbox 2838 2787 3022 2827; x_wconf 89' lang='lat' dir='ltr'><strong>canus</strong></span> <span class='ocrx_word' id='word_1_615' title='bbox 3053 2776 3110 2827; x_wconf 86' lang='lat' dir='ltr'><strong>et</strong></span> <span class='ocrx_word' id='word_1_616' title='bbox 3145 2773 3379 2842; x_wconf 87' lang='lat' dir='ltr'><strong>juvenis</strong></span> <span class='ocrx_word' id='word_1_617' title='bbox 3413 2774 3670 2845; x_wconf 85' lang='lat' dir='ltr'><strong>ﬁngitur,</strong></span> 
     </span>
    </p>
   </div>
   <div class='ocr_carea' id='block_1_85' title="bbox 2028 2858 3671 2932">
    <p class='ocr_par' dir='ltr' id='par_1_85' title="bbox 2028 2858 3671 2932">
     <span class='ocr_line' id='line_1_86' title="bbox 2028 2858 3671 2932; baseline 0.004 -20"><span class='ocrx_word' id='word_1_618' title='bbox 2028 2862 2083 2912; x_wconf 90' lang='lat' dir='ltr'><strong>et</strong></span> <span class='ocrx_word' id='word_1_619' title='bbox 2141 2873 2323 2913; x_wconf 87' lang='lat' dir='ltr'><strong>canus</strong></span> <span class='ocrx_word' id='word_1_620' title='bbox 2379 2858 2636 2929; x_wconf 84' lang='lat' dir='ltr'><strong>quidem,</strong></span> <span class='ocrx_word' id='word_1_621' title='bbox 2671 2859 3018 2930; x_wconf 87' lang='lat' dir='ltr'><strong>antiquum:</strong></span> <span class='ocrx_word' id='word_1_622' title='bbox 3069 2862 3303 2932; x_wconf 87' lang='lat' dir='ltr'><strong>juvenis</strong></span> <span class='ocrx_word' id='word_1_623' title='bbox 3333 2879 3468 2918; x_wconf 89' lang='lat' dir='ltr'><strong>vero</strong></span> <span class='ocrx_word' id='word_1_624' title='bbox 3510 2864 3671 2920; x_wconf 85' lang='lat' dir='ltr'><strong>senio</strong></span> 
     </span>
    </p>
   </div>
   <div class='ocr_carea' id='block_1_86' title="bbox 2030 2945 3671 3020">
    <p class='ocr_par' dir='ltr' id='par_1_86' title="bbox 2030 2945 3671 3020">
     <span class='ocr_line' id='line_1_87' title="bbox 2030 2945 3671 3020; baseline 0.004 -19"><span class='ocrx_word' id='word_1_625' title='bbox 2030 2945 2273 3002; x_wconf 88' lang='lat' dir='ltr'><strong>minime</strong></span> <span class='ocrx_word' id='word_1_626' title='bbox 2322 2948 2636 3004; x_wconf 86' lang='lat' dir='ltr'><strong>obnoxium</strong></span> <span class='ocrx_word' id='word_1_627' title='bbox 2686 2949 3014 3020; x_wconf 87' lang='lat' dir='ltr'><strong>signiﬁcat:</strong></span> <span class='ocrx_word' id='word_1_628' title='bbox 3074 2951 3161 3005; x_wconf 91' lang='lat' dir='ltr'><strong>vel</strong></span> <span class='ocrx_word' id='word_1_629' title='bbox 3205 2951 3442 3020; x_wconf 88' lang='lat' dir='ltr'><strong>juvenis</strong></span> <span class='ocrx_word' id='word_1_630' title='bbox 3494 2954 3671 3008; x_wconf 86' lang='lat' dir='ltr'><strong>etiam</strong></span> 
     </span>
    </p>
   </div>
   <div class='ocr_carea' id='block_1_87' title="bbox 2027 3036 3675 3109">
    <p class='ocr_par' dir='ltr' id='par_1_87' title="bbox 2027 3036 3675 3109">
     <span class='ocr_line' id='line_1_88' title="bbox 2027 3036 3675 3109; baseline 0.005 -19"><span class='ocrx_word' id='word_1_631' title='bbox 2027 3036 2251 3091; x_wconf 84' lang='lat' dir='ltr'><strong>ratione</strong></span> <span class='ocrx_word' id='word_1_632' title='bbox 2308 3036 2678 3094; x_wconf 87' lang='lat' dir='ltr'><strong>arithmetica</strong></span> <span class='ocrx_word' id='word_1_633' title='bbox 2725 3039 3133 3109; x_wconf 86' lang='lat' dir='ltr'><strong>antiquitatem</strong></span> <span class='ocrx_word' id='word_1_634' title='bbox 3182 3041 3440 3097; x_wconf 90' lang='lat' dir='ltr'><strong>divinam</strong></span> <span class='ocrx_word' id='word_1_635' title='bbox 3491 3043 3675 3098; x_wconf 88' lang='lat' dir='ltr'><strong>deno-</strong></span> 
     </span>
    </p>
   </div>
   <div class='ocr_carea' id='block_1_88' title="bbox 2027 3125 3672 3201">
    <p class='ocr_par' dir='ltr' id='par_1_88' title="bbox 2027 3125 3672 3201">
     <span class='ocr_line' id='line_1_89' title="bbox 2027 3125 3672 3201; baseline 0.005 -21"><span class='ocrx_word' id='word_1_636' title='bbox 2027 3129 2132 3180; x_wconf 83' lang='lat' dir='ltr'><strong>tat.</strong></span> <span class='ocrx_word' id='word_1_637' title='bbox 2185 3125 2387 3181; x_wconf 88' lang='lat' dir='ltr'><strong>Unitas</strong></span> <span class='ocrx_word' id='word_1_638' title='bbox 2436 3126 2617 3192; x_wconf 88' lang='lat' dir='ltr'><strong>enim,</strong></span> <span class='ocrx_word' id='word_1_639' title='bbox 2649 3139 2704 3182; x_wconf 85' lang='lat' dir='ltr'><strong>et</strong></span> <span class='ocrx_word' id='word_1_640' title='bbox 2752 3142 2878 3198; x_wconf 71' lang='lat' dir='ltr'><strong>quin</strong></span> <span class='ocrx_word' id='word_1_641' title='bbox 2929 3134 3066 3183; x_wconf 86' lang='lat' dir='ltr'><strong>sunt</strong></span> <span class='ocrx_word' id='word_1_642' title='bbox 3113 3130 3321 3185; x_wconf 88' lang='lat' dir='ltr'><strong>unitati</strong></span> <span class='ocrx_word' id='word_1_643' title='bbox 3366 3132 3672 3201; x_wconf 90' lang='lat' dir='ltr'><strong>adjuncta,</strong></span> 
     </span>
    </p>
   </div>
   <div class='ocr_carea' id='block_1_89' title="bbox 1949 3214 3676 3293">
    <p class='ocr_par' dir='ltr' id='par_1_89' title="bbox 1949 3214 3676 3293">
     <span class='ocr_line' id='line_1_90' title="bbox 1949 3214 3676 3293; baseline 0.005 -24"><span class='ocrx_word' id='word_1_644' title='bbox 1949 3226 1994 3293; x_wconf 72' lang='grc' dir='ltr'>ο</span> <span class='ocrx_word' id='word_1_645' title='bbox 2025 3214 2358 3285; x_wconf 83' lang='lat' dir='ltr'><strong>antiquiora</strong></span> <span class='ocrx_word' id='word_1_646' title='bbox 2378 3223 2517 3270; x_wconf 84' lang='lat' dir='ltr'><strong>sunt</strong></span> <span class='ocrx_word' id='word_1_647' title='bbox 2546 3215 2640 3285; x_wconf 90' lang='lat' dir='ltr'><strong>iis,</strong></span> <span class='ocrx_word' id='word_1_648' title='bbox 2662 3233 2787 3287; x_wconf 84' lang='lat' dir='ltr'><strong>quae</strong></span> <span class='ocrx_word' id='word_1_649' title='bbox 2817 3215 2919 3272; x_wconf 90' lang='lat' dir='ltr'><strong>illa</strong></span> <span class='ocrx_word' id='word_1_650' title='bbox 2942 3232 3183 3274; x_wconf 89' lang='lat' dir='ltr'><strong>numero</strong></span> <span class='ocrx_word' id='word_1_651' title='bbox 3212 3218 3383 3291; x_wconf 85' lang='lat' dir='ltr'><strong>longe</strong></span> <span class='ocrx_word' id='word_1_652' title='bbox 3412 3220 3676 3278; x_wconf 77' lang='lat' dir='ltr'><strong>diffusio-</strong></span> 
     </span>
    </p>
   </div>
   <div class='ocr_carea' id='block_1_90' title="bbox 2028 3308 2426 3376">
    <p class='ocr_par' dir='ltr' id='par_1_90' title="bbox 2028 3308 2426 3376">
     <span class='ocr_line' id='line_1_91' title="bbox 2028 3308 2426 3376; baseline 0.003 -18"><span class='ocrx_word' id='word_1_653' title='bbox 2028 3319 2089 3359; x_wconf 88' lang='lat' dir='ltr'><strong>re</strong></span> <span class='ocrx_word' id='word_1_654' title='bbox 2122 3308 2426 3376; x_wconf 89' lang='lat' dir='ltr'><strong>superant.</strong></span> 
     </span>
    </p>
   </div>
   <div class='ocr_carea' id='block_1_91' title="bbox 2100 3393 3670 3465">
    <p class='ocr_par' dir='ltr' id='par_1_91' title="bbox 2100 3393 3670 3465">
     <span class='ocr_line' id='line_1_92' title="bbox 2100 3393 3670 3465; baseline 0.006 -18"><span class='ocrx_word' id='word_1_655' title='bbox 2100 3394 2185 3447; x_wconf 85' lang='grc'><strong>11.</strong></span> <span class='ocrx_word' id='word_1_656' title='bbox 2232 3393 2387 3448; x_wconf 89' lang='lat' dir='ltr'><strong>Deus</strong></span> <span class='ocrx_word' id='word_1_657' title='bbox 2418 3393 2657 3465; x_wconf 89' lang='lat' dir='ltr'><strong>quidem</strong></span> <span class='ocrx_word' id='word_1_658' title='bbox 2690 3395 2964 3452; x_wconf 89' lang='lat' dir='ltr'><strong>omnibus</strong></span> <span class='ocrx_word' id='word_1_659' title='bbox 2995 3397 3199 3453; x_wconf 81' lang='lat' dir='ltr'><strong>adest:</strong></span> <span class='ocrx_word' id='word_1_660' title='bbox 3241 3415 3347 3454; x_wconf 89' lang='lat' dir='ltr'><strong>nec</strong></span> <span class='ocrx_word' id='word_1_661' title='bbox 3376 3399 3533 3454; x_wconf 90' lang='lat' dir='ltr'><strong>enim</strong></span> <span class='ocrx_word' id='word_1_662' title='bbox 3567 3401 3670 3456; x_wconf 90' lang='lat' dir='ltr'><strong>uni</strong></span> 
     </span>
    </p>
   </div>
   <div class='ocr_carea' id='block_1_92' title="bbox 2026 3482 3671 3555">
    <p class='ocr_par' dir='ltr' id='par_1_92' title="bbox 2026 3482 3671 3555">
     <span class='ocr_line' id='line_1_93' title="bbox 2026 3482 3671 3555; baseline 0.005 -17"><span class='ocrx_word' id='word_1_663' title='bbox 2026 3482 2151 3538; x_wconf 92' lang='lat' dir='ltr'><strong>loco</strong></span> <span class='ocrx_word' id='word_1_664' title='bbox 2179 3482 2260 3538; x_wconf 90' lang='lat' dir='ltr'><strong>ita</strong></span> <span class='ocrx_word' id='word_1_665' title='bbox 2289 3488 2378 3539; x_wconf 89' lang='lat' dir='ltr'><strong>est</strong></span> <span class='ocrx_word' id='word_1_666' title='bbox 2399 3484 2689 3555; x_wconf 85' lang='lat' dir='ltr'><strong>addictus,</strong></span> <span class='ocrx_word' id='word_1_667' title='bbox 2717 3489 2781 3539; x_wconf 90' lang='lat' dir='ltr'><strong>ut</strong></span> <span class='ocrx_word' id='word_1_668' title='bbox 2811 3486 2883 3541; x_wconf 83' lang='lat' dir='ltr'><strong>ab</strong></span> <span class='ocrx_word' id='word_1_669' title='bbox 2915 3486 3027 3543; x_wconf 90' lang='lat' dir='ltr'><strong>alio</strong></span> <span class='ocrx_word' id='word_1_670' title='bbox 3057 3487 3210 3542; x_wconf 90' lang='lat' dir='ltr'><strong>absit</strong></span> <span class='ocrx_word' id='word_1_671' title='bbox 3235 3512 3248 3545; x_wconf 83' lang='lat'><strong>:</strong></span> <span class='ocrx_word' id='word_1_672' title='bbox 3271 3489 3371 3543; x_wconf 88' lang='lat' dir='ltr'><strong>sed</strong></span> <span class='ocrx_word' id='word_1_673' title='bbox 3397 3490 3671 3547; x_wconf 86' lang='lat' dir='ltr'><strong>universa</strong></span> 
     </span>
    </p>
   </div>
   <div class='ocr_carea' id='block_1_93' title="bbox 2026 3573 3669 3650">
    <p class='ocr_par' dir='ltr' id='par_1_93' title="bbox 2026 3573 3669 3650">
     <span class='ocr_line' id='line_1_94' title="bbox 2026 3573 3669 3650; baseline 0.004 -21"><span class='ocrx_word' id='word_1_674' title='bbox 2026 3573 2468 3644; x_wconf 85' lang='lat' dir='ltr'><strong>complectitur:</strong></span> <span class='ocrx_word' id='word_1_675' title='bbox 2501 3578 2561 3630; x_wconf 86' lang='lat' dir='ltr'><strong>at</strong></span> <span class='ocrx_word' id='word_1_676' title='bbox 2585 3588 2700 3630; x_wconf 89' lang='lat' dir='ltr'><strong>non</strong></span> <span class='ocrx_word' id='word_1_677' title='bbox 2733 3575 2927 3631; x_wconf 89' lang='lat' dir='ltr'><strong>omnia</strong></span> <span class='ocrx_word' id='word_1_678' title='bbox 2959 3576 3039 3630; x_wconf 92' lang='lat' dir='ltr'><strong>illi</strong></span> <span class='ocrx_word' id='word_1_679' title='bbox 3072 3578 3322 3634; x_wconf 85' lang='lat' dir='ltr'><strong>adsunt:</strong></span> <span class='ocrx_word' id='word_1_680' title='bbox 3355 3580 3457 3633; x_wconf 84' lang='lat' dir='ltr'><strong>sed</strong></span> <span class='ocrx_word' id='word_1_681' title='bbox 3510 3596 3669 3650; x_wconf 76' lang='lat' dir='ltr'><strong>qua:-</strong></span> 
     </span>
    </p>
   </div>
   <div class='ocr_carea' id='block_1_94' title="bbox 2026 3664 3672 3739">
    <p class='ocr_par' dir='ltr' id='par_1_94' title="bbox 2026 3664 3672 3739">
     <span class='ocr_line' id='line_1_95' title="bbox 2026 3664 3672 3739; baseline 0.003 -21"><span class='ocrx_word' id='word_1_682' title='bbox 2026 3679 2257 3734; x_wconf 89' lang='lat' dir='ltr'><strong>cunqus</strong></span> <span class='ocrx_word' id='word_1_683' title='bbox 2289 3664 2468 3735; x_wconf 87' lang='lat' dir='ltr'><strong>digna</strong></span> <span class='ocrx_word' id='word_1_684' title='bbox 2525 3670 2683 3735; x_wconf 88' lang='lat' dir='ltr'><strong>sunt,</strong></span> <span class='ocrx_word' id='word_1_685' title='bbox 2717 3682 2842 3737; x_wconf 71' lang='lat' dir='ltr'><strong>quis</strong></span> <span class='ocrx_word' id='word_1_686' title='bbox 2875 3668 2945 3722; x_wconf 88' lang='lat' dir='ltr'><strong>ad</strong></span> <span class='ocrx_word' id='word_1_687' title='bbox 3006 3667 3377 3723; x_wconf 86' lang='lat' dir='ltr'><strong>Divinitatem</strong></span> <span class='ocrx_word' id='word_1_688' title='bbox 3431 3670 3672 3739; x_wconf 88' lang='lat' dir='ltr'><strong>propius</strong></span> 
     </span>
    </p>
   </div>
   <div class='ocr_carea' id='block_1_95' title="bbox 2026 3753 3669 3825">
    <p class='ocr_par' dir='ltr' id='par_1_95' title="bbox 2026 3753 3669 3825">
     <span class='ocr_line' id='line_1_96' title="bbox 2026 3753 3669 3825; baseline 0.002 -17"><span class='ocrx_word' id='word_1_689' title='bbox 2026 3753 2323 3808; x_wconf 86' lang='lat' dir='ltr'><strong>accedant.</strong></span> <span class='ocrx_word' id='word_1_690' title='bbox 2373 3754 2488 3808; x_wconf 90' lang='lat' dir='ltr'><strong>Nos</strong></span> <span class='ocrx_word' id='word_1_691' title='bbox 2518 3760 2712 3810; x_wconf 90' lang='lat' dir='ltr'><strong>autem</strong></span> <span class='ocrx_word' id='word_1_692' title='bbox 2761 3755 2847 3810; x_wconf 88' lang='lat' dir='ltr'><strong>illi</strong></span> <span class='ocrx_word' id='word_1_693' title='bbox 2899 3763 3020 3810; x_wconf 91' lang='lat' dir='ltr'><strong>tum</strong></span> <span class='ocrx_word' id='word_1_694' title='bbox 3070 3756 3309 3811; x_wconf 90' lang='lat' dir='ltr'><strong>demum</strong></span> <span class='ocrx_word' id='word_1_695' title='bbox 3360 3756 3669 3825; x_wconf 88' lang='lat' dir='ltr'><strong>adsumus,</strong></span> 
     </span>
    </p>
   </div>
   <div class='ocr_carea' id='block_1_96' title="bbox 2025 3842 3674 3911">
    <p class='ocr_par' dir='ltr' id='par_1_96' title="bbox 2025 3842 3674 3911">
     <span class='ocr_line' id='line_1_97' title="bbox 2025 3842 3674 3911; baseline 0.001 -14"><span class='ocrx_word' id='word_1_696' title='bbox 2025 3857 2159 3897; x_wconf 92' lang='lat' dir='ltr'><strong>cum</strong></span> <span class='ocrx_word' id='word_1_697' title='bbox 2201 3842 2369 3897; x_wconf 90' lang='lat' dir='ltr'><strong>illum</strong></span> <span class='ocrx_word' id='word_1_698' title='bbox 2429 3844 2774 3899; x_wconf 82' lang='lat' dir='ltr'><strong>castissimis</strong></span> <span class='ocrx_word' id='word_1_699' title='bbox 2833 3844 2979 3898; x_wconf 82' lang='lat' dir='ltr'><strong>votis</strong></span> <span class='ocrx_word' id='word_1_700' title='bbox 3032 3844 3393 3911; x_wconf 82' lang='lat' dir='ltr'><strong>invocamus,</strong></span> <span class='ocrx_word' id='word_1_701' title='bbox 3429 3845 3535 3899; x_wconf 88' lang='lat' dir='ltr'><strong>hoc</strong></span> <span class='ocrx_word' id='word_1_702' title='bbox 3582 3851 3674 3900; x_wconf 92' lang='lat' dir='ltr'><strong>est</strong></span> 
     </span>
    </p>
   </div>
   <div class='ocr_carea' id='block_1_97' title="bbox 2027 3930 3668 4003">
    <p class='ocr_par' dir='ltr' id='par_1_97' title="bbox 2027 3930 3668 4003">
     <span class='ocr_line' id='line_1_98' title="bbox 2027 3930 3668 4003; baseline 0.002 -17"><span class='ocrx_word' id='word_1_703' title='bbox 2027 3935 2222 3986; x_wconf 87' lang='lat' dir='ltr'><strong>mente</strong></span> <span class='ocrx_word' id='word_1_704' title='bbox 2271 3930 2452 3986; x_wconf 89' lang='lat' dir='ltr'><strong>nullis</strong></span> <span class='ocrx_word' id='word_1_705' title='bbox 2483 3932 2756 3987; x_wconf 88' lang='lat' dir='ltr'><strong>sordibus</strong></span> <span class='ocrx_word' id='word_1_706' title='bbox 2787 3932 3115 4001; x_wconf 88' lang='lat' dir='ltr'><strong>inquinata,</strong></span> <span class='ocrx_word' id='word_1_707' title='bbox 3157 3936 3333 4001; x_wconf 88' lang='lat' dir='ltr'><strong>atque</strong></span> <span class='ocrx_word' id='word_1_708' title='bbox 3365 3932 3446 3986; x_wconf 92' lang='lat' dir='ltr'><strong>ita</strong></span> <span class='ocrx_word' id='word_1_709' title='bbox 3476 3936 3540 3986; x_wconf 90' lang='lat' dir='ltr'><strong>ut</strong></span> <span class='ocrx_word' id='word_1_710' title='bbox 3569 3934 3668 4003; x_wconf 88' lang='lat' dir='ltr'><strong>qui</strong></span> 
     </span>
    </p>
   </div>
   <div class='ocr_carea' id='block_1_98' title="bbox 2027 4022 3674 4089">
    <p class='ocr_par' dir='ltr' id='par_1_98' title="bbox 2027 4022 3674 4089">
     <span class='ocr_line' id='line_1_99' title="bbox 2027 4022 3674 4089; baseline 0.001 -11"><span class='ocrx_word' id='word_1_711' title='bbox 2027 4023 2098 4078; x_wconf 86' lang='lat' dir='ltr'><strong>ad</strong></span> <span class='ocrx_word' id='word_1_712' title='bbox 2141 4023 2322 4076; x_wconf 88' lang='lat' dir='ltr'><strong>Deum</strong></span> <span class='ocrx_word' id='word_1_713' title='bbox 2354 4022 2723 4087; x_wconf 87' lang='lat' dir='ltr'><strong>accedamus,</strong></span> <span class='ocrx_word' id='word_1_714' title='bbox 2758 4023 2949 4077; x_wconf 90' lang='lat' dir='ltr'><strong>idonei</strong></span> <span class='ocrx_word' id='word_1_715' title='bbox 2983 4037 3345 4078; x_wconf 86' lang='lat' dir='ltr'><strong>censeamur.</strong></span> <span class='ocrx_word' id='word_1_716' title='bbox 3383 4026 3674 4089; x_wconf 81' lang='lat' dir='ltr'><strong>Quemad-</strong></span> 
     </span>
    </p>
   </div>
   <div class='ocr_carea' id='block_1_99' title="bbox 2028 4110 3675 4175">
    <p class='ocr_par' dir='ltr' id='par_1_99' title="bbox 2028 4110 3675 4175">
     <span class='ocr_line' id='line_1_100' title="bbox 2028 4110 3675 4175; baseline 0.002 -10"><span class='ocrx_word' id='word_1_717' title='bbox 2028 4111 2268 4165; x_wconf 88' lang='lat' dir='ltr'><strong>modum</strong></span> <span class='ocrx_word' id='word_1_718' title='bbox 2303 4115 2519 4175; x_wconf 87' lang='lat' dir='ltr'><strong>autem,</strong></span> <span class='ocrx_word' id='word_1_719' title='bbox 2553 4110 2602 4165; x_wconf 90' lang='lat' dir='ltr'><strong>si</strong></span> <span class='ocrx_word' id='word_1_720' title='bbox 2654 4114 2860 4166; x_wconf 83' lang='lat' dir='ltr'><strong>catena</strong></span> <span class='ocrx_word' id='word_1_721' title='bbox 2906 4110 3108 4166; x_wconf 88' lang='lat' dir='ltr'><strong>multis</strong></span> <span class='ocrx_word' id='word_1_722' title='bbox 3138 4115 3405 4167; x_wconf 85' lang='lat' dir='ltr'><strong>contexta</strong></span> <span class='ocrx_word' id='word_1_723' title='bbox 3436 4111 3675 4168; x_wconf 87' lang='lat' dir='ltr'><strong>lumini-</strong></span> 
     </span>
    </p>
   </div>
   <div class='ocr_carea' id='block_1_100' title="bbox 2028 4198 3673 4272">
    <p class='ocr_par' dir='ltr' id='par_1_100' title="bbox 2028 4198 3673 4272">
     <span class='ocr_line' id='line_1_101' title="bbox 2028 4198 3673 4272; baseline 0.002 -18"><span class='ocrx_word' id='word_1_724' title='bbox 2028 4200 2158 4264; x_wconf 89' lang='lat' dir='ltr'><strong>bus,</strong></span> <span class='ocrx_word' id='word_1_725' title='bbox 2186 4203 2244 4253; x_wconf 89' lang='lat' dir='ltr'><strong>et</strong></span> <span class='ocrx_word' id='word_1_726' title='bbox 2272 4199 2400 4254; x_wconf 82' lang='lat' dir='ltr'><strong>cceli</strong></span> <span class='ocrx_word' id='word_1_727' title='bbox 2429 4198 2641 4254; x_wconf 85' lang='lat' dir='ltr'><strong>vertice</strong></span> <span class='ocrx_word' id='word_1_728' title='bbox 2670 4214 2958 4271; x_wconf 87' lang='lat' dir='ltr'><strong>suspensa</strong></span> <span class='ocrx_word' id='word_1_729' title='bbox 2989 4201 3059 4255; x_wconf 88' lang='lat' dir='ltr'><strong>ad</strong></span> <span class='ocrx_word' id='word_1_730' title='bbox 3093 4217 3200 4257; x_wconf 87' lang='lat' dir='ltr'><strong>nos</strong></span> <span class='ocrx_word' id='word_1_731' title='bbox 3234 4217 3422 4272; x_wconf 89' lang='lat' dir='ltr'><strong>usque</strong></span> <span class='ocrx_word' id='word_1_732' title='bbox 3452 4203 3673 4272; x_wconf 86' lang='lat' dir='ltr'><strong>pertin-</strong></span> 
     </span>
    </p>
   </div>
   <div class='ocr_carea' id='block_1_101' title="bbox 2026 4287 3670 4363">
    <p class='ocr_par' dir='ltr' id='par_1_101' title="bbox 2026 4287 3670 4363">
     <span class='ocr_line' id='line_1_102' title="bbox 2026 4287 3670 4363; baseline 0.003 -21"><span class='ocrx_word' id='word_1_733' title='bbox 2026 4291 2146 4359; x_wconf 86' lang='lat' dir='ltr'><strong>gat,</strong></span> <span class='ocrx_word' id='word_1_734' title='bbox 2216 4304 2322 4343; x_wconf 87' lang='lat' dir='ltr'><strong>nos</strong></span> <span class='ocrx_word' id='word_1_735' title='bbox 2398 4287 2633 4344; x_wconf 80' lang='lat' dir='ltr'><strong>alternis</strong></span> <span class='ocrx_word' id='word_1_736' title='bbox 2690 4306 2818 4345; x_wconf 90' lang='lat' dir='ltr'><strong>eam</strong></span> <span class='ocrx_word' id='word_1_737' title='bbox 2899 4289 3167 4346; x_wconf 78' lang='lat' dir='ltr'><strong>nianibus</strong></span> <span class='ocrx_word' id='word_1_738' title='bbox 3241 4292 3670 4363; x_wconf 83' lang='lat' dir='ltr'><strong>apprehensam</strong></span> 
     </span>
    </p>
   </div>
   <div class='ocr_carea' id='block_1_102' title="bbox 2026 4376 3675 4449">
    <p class='ocr_par' dir='ltr' id='par_1_102' title="bbox 2026 4376 3675 4449">
     <span class='ocr_line' id='line_1_103' title="bbox 2026 4376 3675 4449; baseline 0.003 -18"><span class='ocrx_word' id='word_1_739' title='bbox 2026 4378 2300 4431; x_wconf 88' lang='lat' dir='ltr'><strong>deorsum</strong></span> <span class='ocrx_word' id='word_1_740' title='bbox 2334 4376 2568 4449; x_wconf 91' lang='lat' dir='ltr'><strong>quidem</strong></span> <span class='ocrx_word' id='word_1_741' title='bbox 2612 4377 2842 4434; x_wconf 86' lang='lat' dir='ltr'><strong>trahere</strong></span> <span class='ocrx_word' id='word_1_742' title='bbox 2888 4378 3175 4445; x_wconf 78' lang='lat' dir='ltr'><strong>videmur,</strong></span> <span class='ocrx_word' id='word_1_743' title='bbox 3210 4396 3269 4434; x_wconf 91' lang='lat' dir='ltr'><strong>re</strong></span> <span class='ocrx_word' id='word_1_744' title='bbox 3300 4384 3491 4435; x_wconf 84' lang='lat' dir='ltr'><strong>autem</strong></span> <span class='ocrx_word' id='word_1_745' title='bbox 3540 4394 3675 4436; x_wconf 87' lang='lat' dir='ltr'><strong>vera</strong></span> 
     </span>
    </p>
   </div>
   <div class='ocr_carea' id='block_1_103' title="bbox 2026 4468 3674 4543">
    <p class='ocr_par' dir='ltr' id='par_1_103' title="bbox 2026 4468 3674 4543">
     <span class='ocr_line' id='line_1_104' title="bbox 2026 4468 3674 4543; baseline 0.003 -22"><span class='ocrx_word' id='word_1_746' title='bbox 2026 4468 2296 4522; x_wconf 90' lang='lat' dir='ltr'><strong>deorsum</strong></span> <span class='ocrx_word' id='word_1_747' title='bbox 2347 4483 2475 4522; x_wconf 90' lang='lat' dir='ltr'><strong>eam</strong></span> <span class='ocrx_word' id='word_1_748' title='bbox 2525 4484 2640 4524; x_wconf 92' lang='lat' dir='ltr'><strong>non</strong></span> <span class='ocrx_word' id='word_1_749' title='bbox 2691 4468 3003 4539; x_wconf 87' lang='lat' dir='ltr'><strong>trahimus,</strong></span> <span class='ocrx_word' id='word_1_750' title='bbox 3056 4486 3189 4525; x_wconf 91' lang='lat' dir='ltr'><strong>cum</strong></span> <span class='ocrx_word' id='word_1_751' title='bbox 3238 4472 3442 4526; x_wconf 89' lang='lat' dir='ltr'><strong>eadem</strong></span> <span class='ocrx_word' id='word_1_752' title='bbox 3494 4488 3674 4543; x_wconf 87' lang='lat' dir='ltr'><strong>supra</strong></span> 
     </span>
    </p>
   </div>
   <div class='ocr_carea' id='block_1_104' title="bbox 2025 4556 3671 4629">
    <p class='ocr_par' dir='ltr' id='par_1_104' title="bbox 2025 4556 3671 4629">
     <span class='ocr_line' id='line_1_105' title="bbox 2025 4556 3671 4629; baseline 0.004 -19"><span class='ocrx_word' id='word_1_753' title='bbox 2025 4556 2294 4627; x_wconf 87' lang='lat' dir='ltr'><strong>infraque</strong></span> <span class='ocrx_word' id='word_1_754' title='bbox 2320 4560 2693 4629; x_wconf 89' lang='lat' dir='ltr'><strong>propendeat,</strong></span> <span class='ocrx_word' id='word_1_755' title='bbox 2717 4557 2834 4613; x_wconf 89' lang='lat' dir='ltr'><strong>imo</strong></span> <span class='ocrx_word' id='word_1_756' title='bbox 2865 4557 3056 4629; x_wconf 89' lang='lat' dir='ltr'><strong>potius</strong></span> <span class='ocrx_word' id='word_1_757' title='bbox 3080 4574 3183 4615; x_wconf 85' lang='lat' dir='ltr'><strong>nos</strong></span> <span class='ocrx_word' id='word_1_758' title='bbox 3211 4560 3281 4615; x_wconf 87' lang='lat' dir='ltr'><strong>ab</strong></span> <span class='ocrx_word' id='word_1_759' title='bbox 3308 4559 3407 4616; x_wconf 90' lang='lat' dir='ltr'><strong>illa</strong></span> <span class='ocrx_word' id='word_1_760' title='bbox 3432 4577 3671 4617; x_wconf 89' lang='lat' dir='ltr'><strong>sursum</strong></span> 
     </span>
    </p>
   </div>
   <div class='ocr_carea' id='block_1_105' title="bbox 2027 4645 3675 4722">
    <p class='ocr_par' dir='ltr' id='par_1_105' title="bbox 2027 4645 3675 4722">
     <span class='ocr_line' id='line_1_106' title="bbox 2027 4645 3675 4722; baseline 0.004 -22"><span class='ocrx_word' id='word_1_761' title='bbox 2027 4645 2098 4700; x_wconf 88' lang='lat' dir='ltr'><strong>ad</strong></span> <span class='ocrx_word' id='word_1_762' title='bbox 2132 4645 2506 4702; x_wconf 87' lang='lat' dir='ltr'><strong>sublimiores</strong></span> <span class='ocrx_word' id='word_1_763' title='bbox 2536 4647 2664 4716; x_wconf 88' lang='lat' dir='ltr'><strong>ejus</strong></span> <span class='ocrx_word' id='word_1_764' title='bbox 2697 4646 2888 4703; x_wconf 87' lang='lat' dir='ltr'><strong>radios</strong></span> <span class='ocrx_word' id='word_1_765' title='bbox 2920 4647 3240 4706; x_wconf 88' lang='lat' dir='ltr'><strong>trahimur:</strong></span> <span class='ocrx_word' id='word_1_766' title='bbox 3264 4649 3374 4717; x_wconf 90' lang='lat' dir='ltr'><strong>vel,</strong></span> <span class='ocrx_word' id='word_1_767' title='bbox 3395 4650 3675 4722; x_wconf 88' lang='lat' dir='ltr'><strong>quemad-</strong></span> 
     </span>
    </p>
   </div>
   <div class='ocr_carea' id='block_1_106' title="bbox 2027 4735 3670 4806">
    <p class='ocr_par' dir='ltr' id='par_1_106' title="bbox 2027 4735 3670 4806">
     <span class='ocr_line' id='line_1_107' title="bbox 2027 4735 3670 4806; baseline 0.004 -17"><span class='ocrx_word' id='word_1_768' title='bbox 2027 4735 2268 4790; x_wconf 91' lang='lat' dir='ltr'><strong>modum</strong></span> <span class='ocrx_word' id='word_1_769' title='bbox 2329 4735 2379 4791; x_wconf 90' lang='lat' dir='ltr'><strong>si</strong></span> <span class='ocrx_word' id='word_1_770' title='bbox 2429 4751 2632 4792; x_wconf 87' lang='lat' dir='ltr'><strong>navem</strong></span> <span class='ocrx_word' id='word_1_771' title='bbox 2680 4737 3169 4806; x_wconf 85' lang='lat' dir='ltr'><strong>conscendamus,</strong></span> <span class='ocrx_word' id='word_1_772' title='bbox 3214 4742 3272 4793; x_wconf 88' lang='lat' dir='ltr'><strong>et</strong></span> <span class='ocrx_word' id='word_1_773' title='bbox 3324 4741 3670 4796; x_wconf 90' lang='lat' dir='ltr'><strong>rudentibus</strong></span> 
     </span>
    </p>
   </div>
   <div class='ocr_carea' id='block_1_107' title="bbox 2026 4824 3669 4900">
    <p class='ocr_par' dir='ltr' id='par_1_107' title="bbox 2026 4824 3669 4900">
     <span class='ocr_line' id='line_1_108' title="bbox 2026 4824 3669 4900; baseline 0.004 -22"><span class='ocrx_word' id='word_1_774' title='bbox 2026 4824 2369 4895; x_wconf 86' lang='lat' dir='ltr'><strong>innitamur,</strong></span> <span class='ocrx_word' id='word_1_775' title='bbox 2385 4826 2484 4897; x_wconf 84' lang='lat' dir='ltr'><strong>qui</strong></span> <span class='ocrx_word' id='word_1_776' title='bbox 2510 4826 2676 4882; x_wconf 88' lang='lat' dir='ltr'><strong>nobis</strong></span> <span class='ocrx_word' id='word_1_777' title='bbox 2697 4826 2938 4898; x_wconf 86' lang='lat' dir='ltr'><strong>aliquos</strong></span> <span class='ocrx_word' id='word_1_778' title='bbox 2959 4827 3198 4900; x_wconf 88' lang='lat' dir='ltr'><strong>scopulo</strong></span> <span class='ocrx_word' id='word_1_779' title='bbox 3216 4832 3669 4900; x_wconf 88' lang='lat' dir='ltr'><strong>protenduntur,</strong></span> 
     </span>
    </p>
   </div>
   <div class='ocr_carea' id='block_1_108' title="bbox 2028 4914 3668 4989">
    <p class='ocr_par' dir='ltr' id='par_1_108' title="bbox 2028 4914 3668 4989">
     <span class='ocr_line' id='line_1_109' title="bbox 2028 4914 3668 4989; baseline 0.002 -20"><span class='ocrx_word' id='word_1_780' title='bbox 2028 4914 2198 4986; x_wconf 90' lang='lat' dir='ltr'><strong>quasi</strong></span> <span class='ocrx_word' id='word_1_781' title='bbox 2227 4930 2297 4971; x_wconf 88' lang='lat' dir='ltr'><strong>ex</strong></span> <span class='ocrx_word' id='word_1_782' title='bbox 2328 4917 2588 4986; x_wconf 88' lang='lat' dir='ltr'><strong>professo</strong></span> <span class='ocrx_word' id='word_1_783' title='bbox 2638 4919 3032 4987; x_wconf 83' lang='lat' dir='ltr'><strong>porriguntur,</strong></span> <span class='ocrx_word' id='word_1_784' title='bbox 3067 4923 3128 4972; x_wconf 90' lang='lat' dir='ltr'><strong>ut</strong></span> <span class='ocrx_word' id='word_1_785' title='bbox 3156 4934 3255 4975; x_wconf 87' lang='lat' dir='ltr'><strong>eos</strong></span> <span class='ocrx_word' id='word_1_786' title='bbox 3286 4918 3668 4989; x_wconf 88' lang='lat' dir='ltr'><strong>comprehen-</strong></span> 
     </span>
    </p>
   </div>
   <div class='ocr_carea' id='block_1_109' title="bbox 2028 5005 3670 5077">
    <p class='ocr_par' dir='ltr' id='par_1_109' title="bbox 2028 5005 3670 5077">
     <span class='ocr_line' id='line_1_110' title="bbox 2028 5005 3670 5077; baseline 0.001 -16"><span class='ocrx_word' id='word_1_787' title='bbox 2028 5007 2260 5071; x_wconf 88' lang='lat' dir='ltr'><strong>damus,</strong></span> <span class='ocrx_word' id='word_1_788' title='bbox 2281 5005 2586 5076; x_wconf 89' lang='lat' dir='ltr'><strong>scopulum</strong></span> <span class='ocrx_word' id='word_1_789' title='bbox 2609 5021 2980 5077; x_wconf 88' lang='lat' dir='ltr'><strong>nequaquam</strong></span> <span class='ocrx_word' id='word_1_790' title='bbox 2995 5008 3068 5062; x_wconf 89' lang='lat' dir='ltr'><strong>ad</strong></span> <span class='ocrx_word' id='word_1_791' title='bbox 3083 5009 3326 5074; x_wconf 86' lang='lat' dir='ltr'><strong>nos,sed</strong></span> <span class='ocrx_word' id='word_1_792' title='bbox 3348 5025 3452 5062; x_wconf 90' lang='lat' dir='ltr'><strong>nos</strong></span> <span class='ocrx_word' id='word_1_793' title='bbox 3475 5007 3670 5076; x_wconf 89' lang='lat' dir='ltr'><strong>potius</strong></span> 
     </span>
    </p>
   </div>
   <div class='ocr_carea' id='block_1_110' title="bbox 2028 5094 3669 5166">
    <p class='ocr_par' dir='ltr' id='par_1_110' title="bbox 2028 5094 3669 5166">
     <span class='ocr_line' id='line_1_111' title="bbox 2028 5094 3669 5166; baseline 0.001 -18"><span class='ocrx_word' id='word_1_794' title='bbox 2028 5094 2189 5166; x_wconf 90' lang='lat' dir='ltr'><strong>ipsos</strong></span> <span class='ocrx_word' id='word_1_795' title='bbox 2222 5110 2336 5149; x_wconf 87' lang='lat' dir='ltr'><strong>una</strong></span> <span class='ocrx_word' id='word_1_796' title='bbox 2367 5110 2499 5148; x_wconf 90' lang='lat' dir='ltr'><strong>cum</strong></span> <span class='ocrx_word' id='word_1_797' title='bbox 2527 5094 2657 5149; x_wconf 85' lang='lat' dir='ltr'><strong>navi</strong></span> <span class='ocrx_word' id='word_1_798' title='bbox 2692 5096 2932 5165; x_wconf 87' lang='lat' dir='ltr'><strong>propius</strong></span> <span class='ocrx_word' id='word_1_799' title='bbox 2963 5096 3033 5149; x_wconf 90' lang='lat' dir='ltr'><strong>ad</strong></span> <span class='ocrx_word' id='word_1_800' title='bbox 3057 5095 3364 5165; x_wconf 90' lang='lat' dir='ltr'><strong>scopulum</strong></span> <span class='ocrx_word' id='word_1_801' title='bbox 3398 5096 3669 5150; x_wconf 86' lang='lat' dir='ltr'><strong>admove-</strong></span> 
     </span>
    </p>
   </div>
   <div class='ocr_carea' id='block_1_111' title="bbox 2027 5183 3669 5256">
    <p class='ocr_par' dir='ltr' id='par_1_111' title="bbox 2027 5183 3669 5256">
     <span class='ocr_line' id='line_1_112' title="bbox 2027 5183 3669 5256; baseline 0.001 -18"><span class='ocrx_word' id='word_1_802' title='bbox 2027 5184 2264 5238; x_wconf 87' lang='lat' dir='ltr'><strong>bimus:</strong></span> <span class='ocrx_word' id='word_1_803' title='bbox 2318 5183 2398 5238; x_wconf 89' lang='lat' dir='ltr'><strong>ita</strong></span> <span class='ocrx_word' id='word_1_804' title='bbox 2428 5183 2697 5253; x_wconf 89' lang='lat' dir='ltr'><strong>precibus</strong></span> <span class='ocrx_word' id='word_1_805' title='bbox 2747 5199 2981 5254; x_wconf 89' lang='lat' dir='ltr'><strong>quoque</strong></span> <span class='ocrx_word' id='word_1_806' title='bbox 3029 5183 3243 5238; x_wconf 85' lang='lat' dir='ltr'><strong>nostris</strong></span> <span class='ocrx_word' id='word_1_807' title='bbox 3294 5200 3669 5256; x_wconf 88' lang='lat' dir='ltr'><strong>nequaquam</strong></span> 
     </span>
    </p>
   </div>
   <div class='ocr_carea' id='block_1_112' title="bbox 2030 5271 3667 5344">
    <p class='ocr_par' dir='ltr' id='par_1_112' title="bbox 2030 5271 3667 5344">
     <span class='ocr_line' id='line_1_113' title="bbox 2030 5271 3667 5344; baseline 0.003 -17"><span class='ocrx_word' id='word_1_808' title='bbox 2030 5274 2210 5327; x_wconf 92' lang='lat' dir='ltr'><strong>Deum</strong></span> <span class='ocrx_word' id='word_1_809' title='bbox 2269 5272 2343 5327; x_wconf 92' lang='lat' dir='ltr'><strong>ad</strong></span> <span class='ocrx_word' id='word_1_810' title='bbox 2402 5287 2508 5326; x_wconf 89' lang='lat' dir='ltr'><strong>nos</strong></span> <span class='ocrx_word' id='word_1_811' title='bbox 2580 5272 2954 5339; x_wconf 87' lang='lat' dir='ltr'><strong>attrahimus,</strong></span> <span class='ocrx_word' id='word_1_812' title='bbox 3014 5271 3113 5341; x_wconf 90' lang='lat' dir='ltr'><strong>qui</strong></span> <span class='ocrx_word' id='word_1_813' title='bbox 3187 5272 3403 5343; x_wconf 88' lang='lat' dir='ltr'><strong>ubique</strong></span> <span class='ocrx_word' id='word_1_814' title='bbox 3480 5277 3667 5344; x_wconf 88' lang='lat' dir='ltr'><strong>adest,</strong></span> 
     </span>
    </p>
   </div>
   <div class='ocr_carea' id='block_1_113' title="bbox 2027 5360 3671 5433">
    <p class='ocr_par' dir='ltr' id='par_1_113' title="bbox 2027 5360 3671 5433">
     <span class='ocr_line' id='line_1_114' title="bbox 2027 5360 3671 5433; baseline 0.003 -16"><span class='ocrx_word' id='word_1_815' title='bbox 2027 5363 2128 5417; x_wconf 88' lang='lat' dir='ltr'><strong>sed</strong></span> <span class='ocrx_word' id='word_1_816' title='bbox 2161 5378 2266 5417; x_wconf 89' lang='lat' dir='ltr'><strong>nos</strong></span> <span class='ocrx_word' id='word_1_817' title='bbox 2296 5362 2455 5433; x_wconf 90' lang='lat' dir='ltr'><strong>ipsos</strong></span> <span class='ocrx_word' id='word_1_818' title='bbox 2485 5363 2558 5417; x_wconf 91' lang='lat' dir='ltr'><strong>ad</strong></span> <span class='ocrx_word' id='word_1_819' title='bbox 2590 5360 2757 5415; x_wconf 90' lang='lat' dir='ltr'><strong>illum</strong></span> <span class='ocrx_word' id='word_1_820' title='bbox 2790 5360 2989 5415; x_wconf 88' lang='lat' dir='ltr'><strong>divina</strong></span> <span class='ocrx_word' id='word_1_821' title='bbox 3017 5362 3144 5429; x_wconf 89' lang='lat' dir='ltr'><strong>ejus</strong></span> <span class='ocrx_word' id='word_1_822' title='bbox 3164 5368 3671 5423; x_wconf 85' lang='lat' dir='ltr'><strong>commemoratio-</strong></span> 
     </span>
    </p>
   </div>
   <div class='ocr_carea' id='block_1_114' title="bbox 2029 5449 3427 5511">
    <p class='ocr_par' dir='ltr' id='par_1_114' title="bbox 2029 5449 3427 5511">
     <span class='ocr_line' id='line_1_115' title="bbox 2029 5449 3427 5511; baseline 0.001 -6"><span class='ocrx_word' id='word_1_823' title='bbox 2029 5467 2101 5506; x_wconf 87' lang='lat' dir='ltr'><strong>ne</strong></span> <span class='ocrx_word' id='word_1_824' title='bbox 2130 5456 2188 5505; x_wconf 89' lang='lat' dir='ltr'><strong>et</strong></span> <span class='ocrx_word' id='word_1_825' title='bbox 2217 5451 2579 5506; x_wconf 83' lang='lat' dir='ltr'><strong>invocatione</strong></span> <span class='ocrx_word' id='word_1_826' title='bbox 2611 5449 2988 5505; x_wconf 81' lang='lat' dir='ltr'><strong>sublevamus</strong></span> <span class='ocrx_word' id='word_1_827' title='bbox 3018 5454 3076 5505; x_wconf 82' lang='lat' dir='ltr'><strong>et</strong></span> <span class='ocrx_word' id='word_1_828' title='bbox 3105 5451 3427 5511; x_wconf 88' lang='lat' dir='ltr'><strong>evehimus.</strong></span> 
     </span>
    </p>
   </div>
   <div class='ocr_carea' id='block_1_115' title="bbox 327 5621 1920 5701">
    <p class='ocr_par' dir='ltr' id='par_1_115' title="bbox 327 5623 1885 5693">
     <span class='ocr_line' id='line_1_116' title="bbox 327 5623 1885 5693; baseline -0.001 -11"><span class='ocrx_word' id='word_1_829' title='bbox 327 5627 377 5662; x_wconf 76' lang='grc' dir='ltr'>³ο</span> <span class='ocrx_word' id='word_1_830' title='bbox 406 5625 556 5683; x_wconf 87' lang='lat' dir='ltr'><strong>Psal.</strong></span> <span class='ocrx_word' id='word_1_831' title='bbox 590 5627 855 5693; x_wconf 78' lang='lat' dir='ltr'><strong>Lxxxvin,</strong></span> <span class='ocrx_word' id='word_1_832' title='bbox 908 5625 964 5683; x_wconf 88' lang='lat'><strong>9.</strong></span> <span class='ocrx_word' id='word_1_833' title='bbox 1040 5624 1085 5661; x_wconf 68' lang='grc' dir='ltr'><strong>’ί</strong></span> <span class='ocrx_word' id='word_1_834' title='bbox 1118 5623 1248 5679; x_wconf 89' lang='lat' dir='ltr'><strong>Ose.</strong></span> <span class='ocrx_word' id='word_1_835' title='bbox 1281 5638 1380 5693; x_wconf 82' lang='lat' dir='ltr'><strong>xu,</strong></span> <span class='ocrx_word' id='word_1_836' title='bbox 1416 5624 1499 5678; x_wconf 84' lang='lat' dir='ltr'><strong>lO.</strong></span> <span class='ocrx_word' id='word_1_837' title='bbox 1583 5624 1630 5659; x_wconf 78' lang='grc'>²²</span> <span class='ocrx_word' id='word_1_838' title='bbox 1680 5627 1885 5680; x_wconf 89' lang='lat' dir='ltr'><strong>Genes.</strong></span> 
     </span>
    </p>
   </div>
   <div class='ocr_carea' id='block_1_116' title="bbox 2037 5621 3656 5701">
    <p class='ocr_par' dir='ltr' id='par_1_116' title="bbox 2037 5621 3656 5701">
     <span class='ocr_line' id='line_1_117' title="bbox 2037 5621 3656 5701; baseline 0.01 -28"><span class='ocrx_word' id='word_1_839' title='bbox 2037 5625 2114 5681; x_wconf 75' lang='lat'><strong>2.6.</strong></span> <span class='ocrx_word' id='word_1_840' title='bbox 2194 5624 2238 5657; x_wconf 83' lang='grc'><strong>⁹³</strong></span> <span class='ocrx_word' id='word_1_841' title='bbox 2268 5624 2316 5679; x_wconf 87' lang='grc' dir='ltr'><strong>ΙΙ</strong></span> <span class='ocrx_word' id='word_1_842' title='bbox 2376 5623 2503 5680; x_wconf 88' lang='lat' dir='ltr'><strong>Cor.</strong></span> <span class='ocrx_word' id='word_1_843' title='bbox 2537 5638 2615 5693; x_wconf 75' lang='lat' dir='ltr'><strong>v1,</strong></span> <span class='ocrx_word' id='word_1_844' title='bbox 2650 5622 2736 5677; x_wconf 86' lang='grc'><strong>16.</strong></span> <span class='ocrx_word' id='word_1_845' title='bbox 2814 5622 2860 5657; x_wconf 81' lang='grc'><strong>²⁴</strong></span> <span class='ocrx_word' id='word_1_846' title='bbox 2890 5621 3019 5679; x_wconf 88' lang='lat' dir='ltr'><strong>Psal</strong></span> <span class='ocrx_word' id='word_1_847' title='bbox 3077 5640 3210 5694; x_wconf 86' lang='lat' dir='ltr'><strong>xxx,</strong></span> <span class='ocrx_word' id='word_1_848' title='bbox 3242 5627 3295 5684; x_wconf 92' lang='lat'><strong>3.</strong></span> <span class='ocrx_word' id='word_1_849' title='bbox 3371 5629 3418 5664; x_wconf 81' lang='grc'><strong><em>³⁵</em></strong></span> <span class='ocrx_word' id='word_1_850' title='bbox 3461 5630 3656 5701; x_wconf 86' lang='lat' dir='ltr'><strong>Joan.,</strong></span> 
     </span>
    </p>
   </div>
   <div class='ocr_carea' id='block_1_117' title="bbox 256 5700 448 5769">
    <p class='ocr_par' dir='ltr' id='par_1_117' title="bbox 256 5700 448 5769">
     <span class='ocr_line' id='line_1_118' title="bbox 256 5700 448 5769; baseline -0.016 -14"><span class='ocrx_word' id='word_1_851' title='bbox 256 5717 358 5769; x_wconf 83' lang='lat' dir='ltr'><strong>xv,</strong></span> <span class='ocrx_word' id='word_1_852' title='bbox 395 5700 448 5752; x_wconf 77' lang='grc'><strong>4.</strong></span> 
     </span>
    </p>
   </div>
  </div>
