4066 6208
397 296 554 356 1143

1043 425 1196 476 CAP.
1238 421 1407 477 XVII.

398 557 459 610 D.
507 555 755 617 Maximi,
805 550 869 605 de
918 551 1019 605 Deo
1071 547 1452 604 communiter.
1508 545 1818 617 [Genuinus
1863 542 2050 598 nomi-

633 615 764 679 num
795 637 1005 690 sensus,
1040 621 1234 692 quibus
1265 619 1403 674 Deus
1435 615 1823 689 appellamus]

473 745 603 799 Haec
636 742 873 798 nomina
904 741 1040 806 Ens,
1087 739 1306 805 Bonus,
1345 739 1514 802 Deus,
1547 740 1803 792 Creator.
1837 733 2054 802 Super-

401 830 831 896 substantialis,
866 829 1221 891 Immensus,
1260 823 1638 892 Immortalis,
1672 828 1728 877 et
1758 825 1964 876 caetera
1995 819 2054 874 id

402 938 608 996 genus,
640 921 697 975 in
730 920 846 975 Deo
893 917 1246 972 differentias
1280 912 1697 972 substantiales
1749 910 2058 990 haudqua:

402 995 579 1083 quam
594 1010 948 1071 dicimus,ne
961 1005 1349 1075 compositum
1365 1019 1497 1058 eum
1511 995 2054 1069 verbishujusmodl

409 1100 780 1172 proﬁteamur
807 1115 818 1151 :
855 1097 954 1151 sed
980 1093 1417 1165 appellationes,
1443 1092 1659 1162 quibus
1684 1105 1885 1144 eorum
1909 1102 2055 1142 non-

408 1189 570 1244 nulla
601 1188 994 1250 innotescunt,
1025 1201 1150 1254 quae
1183 1183 1335 1238 circa
1369 1182 1562 1251 ipsum
1590 1179 2052 1244 considerantur,

404 1278 488 1332 ita
532 1281 747 1340 tamen,
784 1280 846 1328 ut
896 1289 1099 1327 eorum
1155 1288 1282 1342 quis
1335 1270 1404 1324 ad
1459 1269 1585 1337 ejus
1635 1266 1950 1322 essentiam
2002 1267 2058 1318 et

406 1372 673 1423 naturam
724 1365 1038 1437 pertinent,
1074 1363 1218 1417 nihil
1263 1376 1462 1416 eorum
1515 1357 1867 1430 signiﬁcent.
1901 1358 2058 1422 Quo-

407 1457 680 1512 rumdam
713 1455 868 1510 enim
919 1453 1132 1506 divinae
1188 1456 1406 1504 natura1
1458 1446 1921 1503 convenientium
1975 1444 2058 1498 si-

408 1542 844 1616 gniﬁcationem
893 1541 1132 1607 habent,
1165 1538 1351 1608 ipsius
1401 1541 1593 1591 autem
1624 1539 1846 1589 naturae
1897 1531 2057 1586 nullo

411 1635 605 1697 modo,
639 1633 797 1705 quod
828 1631 1068 1704 quidem
1096 1625 1584 1684 substantialibus
1617 1641 1718 1681 seu
1741 1624 2056 1680 essentiam

411 1723 908 1779 constituentibus
939 1720 1234 1791 proprium
1264 1721 1372 1774 est.

484 1815 538 1868 2.
573 1812 868 1883 Ejusdem.
903 1806 1261 1864 Indivisibile
1283 1806 1521 1877 quidem
1552 1805 1780 1860 Numen
1805 1803 2061 1873 est,quia

419 1903 766 1974 quantitatis
796 1916 998 1969 expers
1024 1914 1036 1951 :
1072 1895 1417 1968 quantitatis
1446 1898 1642 1949 autem
1674 1907 1898 1962 expers,
1923 1891 2059 1961 quia

420 1997 478 2049 et
499 1990 830 2062 qualitatis:
849 1987 1150 2058 qualitatis
1171 1984 1464 2055 vero,quia
1489 1981 1737 2054 simplex
1761 1997 1772 2036 :
1795 1979 2058 2050 simplex,

419 2081 554 2152 quia
597 2078 1079 2144 interminatum;
1127 2074 1592 2141 interminatum,
1626 2071 1762 2143 quia
1810 2071 2062 2124 immen-

417 2189 550 2228 sum
581 2187 594 2226 :
630 2170 1010 2234 immensum,
1044 2165 1184 2236 quia
1231 2163 1569 2228 immobile;
1604 2158 1901 2215 immobile
1927 2157 2062 2228 quia

416 2259 698 2332 principio
739 2260 894 2312 caret
923 2256 1136 2326 (neque
1181 2253 1332 2307 enim
1364 2251 1687 2322 quidquam
1736 2252 1872 2303 ante
1901 2262 2060 2312 eum,

411 2365 548 2406 eove
587 2350 777 2418 majus
807 2351 914 2414 est,
964 2360 1150 2414 neque
1201 2342 1525 2414 quidquam
1581 2355 1713 2394 cum
1773 2354 1860 2406 eo,
1893 2337 2062 2406 eique

415 2439 658 2509 aequale,
681 2452 866 2507 neque
898 2433 1215 2506 quidquam
1248 2434 1378 2502 post
1410 2435 1564 2499 eum)
1589 2426 1924 2498 ;'principio
1957 2441 2060 2480 au-

412 2531 534 2584 tem
583 2531 758 2595 caret,
792 2523 930 2596 quia
979 2521 1308 2590 ingenitum
1358 2524 1484 2574 est:
1532 2517 1856 2589 ingenitum
1907 2531 2059 2581 vero,

419 2615 559 2689 quia
590 2630 771 2670 unum
807 2617 864 2668 et
913 2611 1163 2666 maxime
1203 2607 1500 2680 singulare
1535 2623 1547 2662 :
1582 2622 1766 2660 unum
1812 2604 2064 2674 denique

432 2706 798 2775 maximeque
827 2701 1143 2774 singulare,
1189 2700 1327 2770 quia
1355 2698 1517 2754 omni
1567 2710 1806 2768 prorsus
1858 2693 2059 2748 habitu

416 2801 590 2867 caret,
653 2811 836 2866 eaque
884 2794 956 2847 de
1005 2807 1184 2846 causa
1233 2787 1390 2844 nullo
1447 2801 1686 2859 prorsus
1731 2785 1902 2839 modo
1951 2782 2062 2838 dici

415 2884 761 2957 cognoscive
793 2887 1001 2953 potest.
1036 2885 1100 2934 ut
1148 2877 1241 2932 cui
1276 2877 1449 2932 unica
1480 2875 1580 2930 illa
1629 2890 1759 2929 vera
1791 2872 1932 2927 insit
1963 2888 2060 2928 co-

417 2976 620 3046 gnitio,
654 2972 811 3043 quod
842 2988 956 3027 non
989 2973 1393 3040 cognoscatur.

488 3065 542 3120 3.
577 3064 874 3134 Ejusdem.
911 3060 1273 3114 Immensum
1303 3057 1524 3111 Numen
1569 3061 1676 3120 est,
1722 3069 1836 3107 non
1869 3050 2061 3106 solum

419 3155 561 3225 quia
592 3151 876 3223 principio
898 3154 954 3204 et
985 3150 1100 3202 fine
1124 3152 1302 3214 caret,
1327 3146 1428 3201 sed
1461 3145 1602 3216 quia
1632 3159 1699 3199 ea
1715 3146 1804 3198 est
1829 3141 1957 3211 ejus
1985 3156 2068 3194 es-

419 3243 629 3309 sentia,
664 3257 730 3296 ea
759 3241 962 3303 virtus,
987 3254 1050 3293 ea
1083 3235 1361 3308 operatio.
1397 3233 1663 3288 Essentia
1694 3230 1931 3302 quidem
1956 3227 2069 3282 tale

420 3336 532 3397 est,
565 3334 629 3384 ut
658 3330 786 3398 ejus
835 3343 1016 3398 capax
1056 3325 1200 3380 nihil
1231 3339 1357 3380 esse
1415 3325 1608 3392 queat.
1643 3321 1862 3376 Virtute
1911 3333 2068 3384 vero,

420 3425 478 3475 et
508 3417 843 3490 Operatione
880 3416 1020 3483 tale,
1054 3419 1116 3470 ut
1150 3413 1312 3469 nullo
1347 3411 1554 3467 mentis
1588 3409 1767 3464 ullius
1801 3406 2072 3462 acumine

421 3507 841 3579 comprehendi
889 3507 1094 3578 possit,
1129 3512 1322 3575 atque,
1355 3507 1420 3556 ut
1449 3501 1641 3556 verius
1673 3499 1827 3569 quod
1861 3513 1953 3552 res
1984 3500 2071 3551 est

421 3602 636 3670 dicam,
686 3597 846 3654 omni
897 3603 953 3653 et
986 3597 1207 3652 ratione
1265 3592 1559 3659 etmodo;
1617 3589 1914 3644 infinitum
1962 3586 2071 3642 hoc

423 3691 579 3746 enim
613 3689 846 3761 proprie
867 3685 1147 3757 est,quod
1179 3686 1534 3738 immensum
1562 3679 1832 3736 dicimus.
1866 3678 2074 3741 Quem-

425 3780 746 3836 admodum
806 3777 962 3831 enim
1010 3773 1204 3828 unitas
1255 3786 1441 3841 neque
1483 3785 1764 3824 numerus
1812 3771 1917 3832 est,
1968 3781 2071 3820 ne-

427 3887 539 3940 que
571 3869 679 3924 sub
712 3880 1026 3920 numerum
1070 3861 1243 3926 cadit,
1277 3875 1465 3930 neque
1507 3863 1688 3914 totum
1729 3861 1841 3925 est,
1885 3870 2072 3926 neque

425 3975 581 4031 pars,
617 3972 802 4027 neque
832 3954 1108 4010 habitus:
1143 3951 1243 4007 sed
1291 3948 1642 4020 principium
1689 3947 1928 4018 quidem
1960 3949 2072 4011 est,

426 4053 717 4119 quatenus
775 4045 1038 4100 omnium
1087 4055 1469 4096 numerorum
1519 4053 1735 4092 causa:
1785 4033 2071 4106 principio

423 4142 616 4193 autem
666 4143 840 4202 caret,
873 4133 1088 4204 quippe
1139 4147 1262 4200 qum
1298 4128 1530 4184 nullum
1587 4125 1977 4196 antiquiorem
2011 4139 2073 4178 se

428 4241 739 4282 numerum
790 4224 1018 4290 habeat,
1068 4221 1288 4292 quique
1340 4216 1580 4272 unitatis
1606 4215 1710 4270 sit:
1765 4214 1848 4270 sic
1898 4213 2073 4268 etiam

427 4317 603 4378 Deus,
637 4323 697 4369 ut
724 4313 824 4379 ita,
854 4327 1029 4383 parva
1049 4309 1204 4364 velut
1231 4307 1489 4378 imagine
1521 4305 1836 4376 proposita,
1860 4302 2074 4368 dicam,

431 4403 818 4476 quantitatem
878 4415 1132 4466 omnem,
1183 4397 1659 4467 qualitatemque,
1709 4397 1765 4447 et
1808 4391 2073 4447 habitum

1722 283 2032 345 NICETJE
2073 280 2494 342 CHONIATJE

2082 416 2132 481 Α
2167 430 2293 468 rum
2347 431 2474 484 qua
2520 419 2826 470 moventur
2855 416 3018 468 ortus
3070 415 3179 467 est.
3229 412 3640 468 Generationis
3685 429 3824 466 vero

3661 280 3827 340 H44

2161 520 2384 570 eorum,
2419 520 2547 574 qua?
2594 506 2870 575 generata
2899 509 3055 566 sunt,
3107 501 3460 572 principium
3495 501 3652 556 Deus
3707 508 3820 569 est,

2161 597 2440 664 tanquam
2470 592 2866 664 generationis
2898 595 3108 646 auctor.
3145 591 3334 646 Motus
3369 608 3542 662 porro
3576 599 3820 646 natura-

2160 686 2232 741 lis
2264 700 2464 740 eorum
2499 699 2627 748 quae
2658 685 2934 753 generata
2973 685 3114 736 sunt
3143 679 3299 750 ﬁnis,
3333 684 3522 735 status
3571 681 3674 735 ille
3705 687 3818 748 est,

2161 775 2260 846 qui
2294 791 2326 828 a
2358 771 2607 827 transitu
2641 787 2842 825 eorum
2874 787 2996 840 quae
3030 769 3392 824 transierunt
3421 770 3493 824 ab
3526 769 3633 824 illa
3685 770 3820 823 infi-

2163 863 2342 918 nitate
2374 863 2457 926 tit,
2492 861 2548 914 in
2584 876 2699 931 qua
2730 859 2866 929 quia
2897 858 3126 913 nullum
3158 862 3248 913 est
3277 859 3821 922 interstitium,orn-

2163 953 2255 1008 nis
2279 955 2474 1006 motus
2495 966 2696 1005 eorum
2727 965 2851 1020 qua
2875 947 3222 1003 naturaliter
3247 954 3574 1017 moventur,
3599 954 3818 1003 cessat.

2160 1043 2301 1098 Inde
2334 1041 2415 1105 lit,
2459 1043 2521 1095 ut
2551 1039 2740 1094 omnis
2772 1036 3179 1107 generationis,
3213 1043 3270 1092 et
3311 1043 3508 1093 motus
3547 1045 3604 1093 et
3630 1042 3824 1093 status

2163 1146 2360 1187 eorum
2422 1146 2545 1199 quae
2593 1131 2730 1182 sunt
2788 1126 3162 1198 principium,
3226 1127 3480 1181 medium
3545 1131 3600 1182 et
3667 1128 3825 1195 linis,

2164 1221 2287 1291 ipse
2338 1219 2486 1273 Deus
2537 1218 2634 1284 sit,
2663 1222 2941 1287 tanquam
2993 1232 3195 1272 eorum
3229 1232 3353 1286 quas
3386 1233 3454 1271 ex
3511 1216 3642 1288 ipso
3703 1229 3827 1272 orta

2165 1310 2300 1379 sint,
2340 1324 2468 1378 quae
2500 1323 2600 1378 per
2650 1307 2846 1378 ipsum
2897 1309 3258 1370 moveantur,
3293 1323 3424 1377 quae
3472 1307 3735 1377 denique
3768 1309 3826 1360 in

2164 1397 2290 1469 ipso
2341 1396 2720 1467 conquietura
2768 1395 2906 1463 sint,
2961 1399 3024 1450 ut
3072 1395 3172 1466 qui
3206 1394 3292 1448 vel
3326 1412 3561 1450 omnem
3629 1405 3826 1450 motus

2165 1487 2466 1542 definitam
2504 1484 2848 1539 inﬁnitatem
2879 1483 3118 1539 deﬁniat
3149 1489 3205 1538 et
3236 1484 3598 1540 determinet.

2234 1577 2288 1630 5.
2323 1575 2598 1646 Ejusdem
2647 1573 2802 1629 Deus
2851 1588 3037 1644 neque
3072 1573 3418 1645 intelligere,
3468 1590 3663 1644 neque
3728 1575 3830 1629 in-

2166 1664 2348 1735 telligi
2383 1663 2608 1735 proprie
2642 1662 2874 1731 dicitur,
2927 1678 2998 1716 ne
3033 1662 3178 1716 forte
3208 1663 3565 1733 compositus
3616 1664 3834 1719 existi-

2091 1760 2380 1839 Bmetur.
2437 1755 2499 1808 Id
2549 1753 2703 1809 enim
2760 1753 2911 1823 quod
2973 1751 3267 1823 intelligit,
3324 1768 3392 1808 ea
3453 1754 3831 1826 intelligendi

2172 1844 2448 1900 facultate
2480 1842 2782 1915 praeditum
2814 1844 2921 1904 cst,
2955 1857 3083 1910 quae
3117 1857 3232 1894 una
3263 1857 3400 1894 cum
3445 1841 3569 1910 ipso
3603 1843 3837 1897 intelli-

2170 1938 2284 2003 gat,
2341 1933 2487 2004 quod
2539 1935 2737 1986 autem
2788 1928 3155 2001 intelligitur,
3199 1946 3266 1984 ea
3319 1931 3372 1982 vi
3407 1946 3522 2000 qua
3573 1931 3837 2002 intelligi

2171 2024 2372 2096 possit.
2403 2021 2517 2077 Nec
2564 2024 2759 2075 tamen
2803 2017 3182 2090 intelligentia
3215 2018 3450 2073 dicitur.
3496 2019 3839 2091 Intelligen-

2171 2115 2266 2170 tite
2297 2112 2451 2168 enim
2487 2108 2830 2165 naturaliter
2853 2107 2940 2162 vis
2968 2107 3098 2177 ejus
3129 2108 3456 2178 susceptiva
3488 2109 3832 2178 subjicitur.

2171 2205 2441 2274 Superest
2472 2215 2606 2271 ergo
2639 2214 2816 2269 super
2840 2196 2962 2252 haec
2995 2198 3215 2264 omnia,
3251 2201 3314 2251 ut
3346 2198 3395 2252 si
3429 2197 3630 2269 ipsum
3660 2199 3832 2253 intel-

2170 2291 2472 2365 ligentiam
2494 2289 2683 2344 dicere
2714 2303 3093 2358 nequeamus,
3114 2303 3241 2341 eam
3265 2286 3472 2341 saltem
3497 2287 3834 2358 intelligen-

2175 2384 2312 2438 tiam
2349 2395 2476 2435 esse
2507 2378 2789 2443 dicamus,
2822 2393 2948 2447 quae
2980 2375 3236 2430 essentia
3267 2375 3415 2446 ipsa,
3450 2381 3506 2430 et
3540 2377 3833 2430 duntaxat

2174 2468 2564 2541 intelligentia
2621 2467 2716 2533 sit,
2761 2482 2946 2536 eaque
2997 2465 3139 2520 adeo
3199 2481 3321 2536 quae
3374 2465 3830 2537 intelligentiam

2177 2576 2411 2617 omnem
2444 2561 2763 2627 exsuperet.

2807 2682 2962 2737 CAP.
2996 2680 3190 2735 XVIII.

2178 2807 2238 2861 Β.
2274 2801 2520 2874 Gregorii
2553 2800 2824 2874 Theologi,
2857 2815 2927 2854 ex
2956 2815 3167 2874 magna
3191 2799 3436 2874 oratione
3463 2800 3837 2870 Apotogetica.

2249 2870 2450 2946 [Quam
2478 2872 2705 2943 difﬁcile
2746 2870 2930 2946 sit,_ut
2955 2871 3023 2946 a_b
3052 2870 3542 2946 ’homi‘aeterreno
3591 2874 3839 2926 caelestia

2629 2942 3172 3014 comprehendantur
3212 2942 3368 3013 (11).]

2251 3063 2444 3120 Altum
2475 3069 2564 3117 est
2605 3059 2840 3126 ccslum,
2875 3063 3029 3114 terra
3066 3074 3200 3115 vero
3233 3059 3513 3130 depressa
3545 3065 3602 3114 et
3645 3061 3838 3115 humi-

2097 3143 2140 3208 C
2180 3153 2250 3208 lis
2281 3171 2293 3207 :
2327 3151 2529 3223 ecquis
2577 3150 2871 3216 ascendet,
2904 3165 3100 3204 eorum
3156 3148 3215 3202 in
3268 3149 3499 3220 primis,
3552 3150 3654 3220 qui
3709 3166 3842 3220 pec-

2177 3247 2303 3298 cato
2335 3242 2469 3296 inde
2523 3239 2728 3310 dejecti
2762 3237 2945 3294 sunt?
2973 3237 3117 3302 Quis
3148 3237 3256 3292 hac
3287 3242 3523 3293 terrena
3555 3239 3835 3310 caligine,

2177 3331 2488 3401 carnisque
2547 3328 2812 3384 crassitie
2843 3327 3033 3382 adhuc
3095 3327 3403 3395 obductus,
3455 3332 3580 3382 tota
3638 3336 3831 3385 mente

2179 3439 2320 3494 pure
2347 3421 2592 3485 obtueri,
2626 3424 2796 3488 atque
2827 3419 2898 3472 iis
2932 3417 3166 3472 misceri
3215 3419 3447 3488 poterit,
3481 3436 3618 3490 quae
3657 3421 3828 3475 obfir-

2178 3516 2337 3566 mata
2361 3514 2601 3564 manent
2621 3507 3055 3578 invisibiliaque
3073 3511 3233 3574 sunt,
3255 3509 3518 3579 quandiu
3539 3509 3668 3580 ipse
3688 3511 3832 3565 inter

2177 3601 2278 3655 illa
2302 3599 2573 3664 manebit,
2589 3615 2715 3669 quae
2737 3598 2972 3652 inﬁrma
2993 3601 3130 3653 sunt
3151 3605 3203 3652 et
3223 3597 3408 3653 oculis
3427 3599 3792 3669 objiciuntur
3808 3601 3833 3652 7

2177 3689 2287 3742 Vix
2317 3690 2496 3756 enim,
2527 3703 2591 3742 ac
2626 3702 2696 3742 ne
2728 3687 2816 3741 vix
2849 3687 3107 3757 quidem,
3141 3702 3342 3741 eorum
3373 3687 3697 3758 quispiam,
3731 3689 3828 3759 qui

2178 3777 2273 3832 hic
2306 3783 2648 3848 perpurgato
2682 3779 2739 3829 et
2771 3776 3048 3830 defaecato
3080 3774 3273 3829 animo
3321 3782 3484 3832 sunt.
3517 3776 3608 3831 vel
3643 3777 3829 3832 solum

2178 3866 2314 3922 boni
2347 3865 2567 3920 idolum
2617 3870 2820 3921 contra
2849 3865 3074 3920 obtueri
3106 3873 3294 3936 queat,
3329 3867 3830 3936 quemadmodum

2180 3956 2218 4009 ii
2251 3957 2351 4026 qui
2385 3954 2568 4010 solem
2599 3955 2657 4009 in
2693 3955 2864 4025 aquis
2896 3953 3395 4026 contemplantur.
3448 3955 3594 4020 Quis
3623 3972 3830 4026 aquam

2180 4061 2355 4099 manu
2381 4045 2679 4098 dimensus
2700 4048 2808 4109 est,
2843 4043 3123 4097 etcoelum
3155 4044 3439 4113 palmo,et
3459 4049 3675 4100 terram
3705 4045 3833 4098 uni-

2179 4149 2405 4188 versam
2423 4132 2641 4204 pugillo
2660 4132 2832 4203 ?quis
2854 4137 3082 4186 montes
3111 4131 3603 4203 lance,vallesque
3623 4139 3832 4188 statera

2181 4222 2506 4294 appendit?
2537 4221 2666 4293 quis
2697 4221 2794 4276 ille
2827 4223 2988 4276 locus
3033 4222 3163 4287 erit,
3197 4222 3256 4275 in
3308 4237 3420 4293 quo
3456 4223 3832 4294 requiescet?

2180 4314 2389 4383 cuique
2421 4313 2562 4367 adeo
2595 4312 2653 4365 in
2687 4311 2794 4366 hac
2845 4327 3037 4366 rerum
3074 4311 3450 4366 universitate
3495 4313 3716 4368 similis
3749 4313 3831 4368 di-

2180 4402 2389 4458 cetur?
2420 4401 2559 4464 Quis
2590 4400 2789 4455 omnia
2834 4401 3009 4455 verbo
3041 4400 3276 4467 creavit,
3325 4402 3620 4472 sapientia
3652 4403 3832 4458 homi-

429 4495 760 4562 θκευρθναῖν
804 4492 868 4541 ιη
906 4487 1005 4556 (illi
1039 4484 1302 4554 Simplex:
1360 4482 1486 4573 ξίῐξθ
1545 4479 1848 4573 ρι’ίηίξίρίοι
1899 4486 2071 4550 atque
2101 4507 2150 4573 ι)
2181 4508 2311 4547 nem
2334 4490 2690 4558 formsvit,in
2715 4505 2897 4544 unum
2921 4506 3127 4559 eaque:
3153 4490 3447 4560 disjuncta
3464 4492 3630 4562 prius
3649 4499 3831 4561 erant,

427 4581 604 4635 etiam
638 4592 837 4632 eorum
872 4592 998 4645 quae
1031 4579 1171 4628 sunt
1201 4570 1552 4643 principium
1585 4570 1840 4624 exsistat.

499 4669 550 4720 4.
587 4665 880 4733 Ejusdem.
911 4661 1064 4718 Nihil
1097 4677 1298 4716 eorum
1325 4675 1448 4729 quas
1479 4664 1617 4713 sunt
1640 4675 1738 4729 per
1769 4675 1825 4714 se
1853 4659 2067 4714 factum

427 4763 534 4826 est,
569 4753 726 4827 quod
755 4758 947 4808 autem
999 4768 1096 4822 per
1129 4767 1190 4804 se
1235 4749 1458 4803 factum
1495 4765 1606 4804 non
1639 4754 1747 4816 est,
1776 4765 1846 4804 ne
1896 4764 2072 4803 causa

429 4846 665 4917 quidem
698 4847 873 4908 caret,
897 4841 1050 4911 quod
1084 4844 1278 4894 autem
1313 4854 1489 4892 causa
1514 4855 1626 4892 non
1659 4841 1836 4904 caret,
1872 4838 2075 4892 immo-

429 4935 542 4991 bile
575 4951 689 4989 non
722 4937 830 4998 est,
867 4931 1021 5000 quod
1073 4944 1204 4983 vero
1238 4928 1536 4982 immobile
1569 4943 1683 4982 non
1733 4932 1841 4993 est,
1877 4941 2072 4980 move-

431 5034 524 5082 tur
562 5041 629 5080 ea
679 5039 917 5094 prorsus
973 5037 1186 5087 causa;
1235 5035 1361 5090 quis
1413 5022 1570 5073 motu
1626 5015 1880 5072 naturali
1926 5018 1990 5070 tit
2041 5033 2075 5070 a

430 5133 603 5173 causa
687 5120 921 5184 propter
975 5126 1174 5181 quam,
1256 5113 1312 5163 et
1396 5107 1469 5162 ad
1552 5122 1730 5176 quam
1811 5109 2075 5159 movetur

428 5205 738 5278 (siquidem
797 5217 1001 5256 eorum
1069 5215 1196 5268 quae
1256 5204 1556 5251 moventur
1623 5193 1767 5250 nihil
1837 5195 2074 5250 omnino

426 5296 508 5350 ita
559 5295 962 5362 comparatum
1025 5295 1134 5354 est,
1196 5295 1253 5341 ut
1309 5286 1434 5341 sine
1493 5301 1670 5340 causa
1732 5285 2071 5356 moveatur).

431 5383 634 5437 Omnis
691 5386 888 5435 autem
947 5376 1233 5432 naturalis
1298 5379 1488 5429 motus
1549 5373 1924 5445 principium,
1979 5390 2076 5429 eo-

501 5498 570 5532 ²⁸⁶
596 5497 748 5552 Eccl.
777 5513 851 5551 v11
883 5494 928 5528 ’δ
961 5493 1110 5550 Eccl.
1143 5510 1183 5547 1.

503 5621 614 5693 (ll)
642 5619 785 5673 Vide
818 5617 1162 5688 Patrotogiz.
1194 5619 1335 5672 tom.
1369 5614 1592 5682 XXXV,
1627 5614 1736 5670 col.
1769 5615 1894 5669 481.

2183 4581 2442 4648 adduxit,
2493 4579 2701 4634 limum
2735 4579 2988 4650 spiritui,
3022 4596 3120 4634 seu
3155 4579 3297 4634 cosio
3343 4585 3565 4634 terram
3601 4582 3837 4636 commi-

2184 4673 2354 4737 scuit,
2387 4670 2602 4724 animal
2637 4669 2887 4740 denique
2927 4667 3156 4723 visibile
3186 4677 3239 4722 et
3270 4669 3567 4725 invisibile
3603 4673 3834 4725 mortale

2183 4765 2240 4816 et
2297 4757 2646 4824 immortale,
2697 4763 2992 4812 terrenum
3055 4763 3111 4812 et
3167 4757 3397 4812 caeleste
3455 4761 3834 4830 composuit?

2183 4850 2458 4920 quodque
2489 4849 2629 4902 adeo
2652 4847 2833 4902 Deum
2869 4848 3198 4917 attingeret,
3222 4864 3326 4901 nec
3353 4847 3832 4919 amplecteretur,

2184 4939 2537 5011 propiusque
2585 4937 2654 4990 ad
2705 4952 2838 4991 eum
2891 4939 3207 4998 accederet,
3258 4936 3459 5006 procul
3517 4943 3716 4993 tamen
3766 4941 3835 4993 ab

2185 5029 2388 5083 eodem
2423 5027 2829 5097 sejungeretur
2851 5026 2878 5080 ?
2909 5025 3034 5080 Dixi
3062 5043 3075 5081 :
3101 5025 3329 5095 Sapiens
3359 5026 3612 5092 evndem,
3644 5029 3837 5099 inquit

2186 5116 2483 5184 Salomon,
2527 5125 2578 5170 et
2609 5117 2732 5185 ipsa
2763 5115 2951 5182 procul
2988 5133 3022 5170 a
3079 5131 3166 5169 me
3199 5115 3440 5179 recessit,
3477 5123 3643 5188 atque
3671 5122 3838 5173 etiam

2187 5208 2403 5277 longius
2453 5222 2616 5276 quam
2666 5208 2828 5258 antea
2863 5204 2952 5258 95‘.
2986 5205 3210 5267 Quibus
3239 5205 3433 5259 verbis
3485 5207 3839 5276 sapientiam

2185 5294 2478 5365 intelligit.
2519 5295 2688 5362 Isque
2738 5309 2796 5347 re
2827 5309 2979 5359 vera,
3015 5295 3108 5363 qui
3152 5293 3442 5348 scientiam
3473 5297 3692 5362 adjicit,
3735 5297 3842 5348 ad-

2187 5385 2307 5453 iicit
2326 5388 2376 5439 et
2407 5384 2644 5438 dolorem
2673 5382 2742 5434 2“.
2769 5383 2851 5435 [ta
2883 5387 2944 5434 ut
2977 5397 3088 5435 non
3125 5383 3315 5452 magis
3347 5382 3698 5450 oblectatur,
3735 5387 3838 5455 qui
