4044 6212
256 318 413 379 1145

1594 310 1993 372 THESAURI
2036 311 2188 371 LIB.
2231 311 2309 371 Il.

3506 313 3664 373 1146

240 467 370 508 eam
412 450 649 521 delegit,
704 465 879 519 quam
932 447 1333 513 contristetur,
1365 446 1468 517 qui
1518 444 1905 515 praetermisit.
1938 448 1989 511 Α
2018 443 2082 498 Et
2113 443 2410 515 Seraphim
2439 444 2664 498 stabant
2695 442 2754 496 in
2807 444 3051 497 circuitu
3098 442 3240 511 eius,
3261 459 3358 498 sex
3387 444 3497 501 ale
3531 461 3609 499 un
3634 485 3652 517 ,

245 546 409 610 Quod
456 544 693 616 quidem
744 542 817 598 iis
875 540 1186 596 usuvenire
1244 537 1411 606 solet,
1446 537 1658 608 quibus
1709 536 1897 593 adhuc

239 635 576 692 sitientibus
609 633 865 705 scyphus
885 648 916 687 e
945 629 1216 686 manibus
1234 632 1496 684 extortus
1527 632 1617 684 est
1640 644 1654 683 :
1681 626 1767 683 vel
1803 628 1897 697 iis,

250 724 353 797 qui
386 722 654 796 quamvis
710 720 1009 778 continere
1059 718 1195 790 quid
1244 721 1559 790 nequeant,
1591 733 1653 772 se
1700 722 1896 772 tamen

246 815 463 871 habere
516 811 914 868 arbitrantur:
966 812 1067 864 aut
1102 824 1250 879 quos
1304 807 1562 879 fulgetra:
1620 804 1900 877 splendor

246 902 527 971 deseruit,
551 916 686 956 cum
710 898 963 971 primum
997 896 1236 952 aﬁ’ulsit.
1264 896 1391 951 Haec
1421 912 1513 951 me
1542 897 1894 967 cogitantem

245 991 393 1046 ratio
425 990 674 1057 dimisit,
706 987 1204 1058 abjectiorcmque
1235 985 1508 1052 reddidit,
1542 990 1716 1056 atque
1758 984 1895 1039 effe-

239 1081 340 1147 cit,
371 1085 429 1136 ut
474 1079 620 1134 mihi
674 1076 1111 1149 persuaderem,
1167 1090 1390 1131 mecum
1443 1074 1653 1130 melius
1701 1077 1894 1130 actum

234 1170 330 1236 iri,
365 1169 411 1224 si
465 1183 665 1223 vocem
702 1164 1053 1221 laudationis
1086 1164 1344 1229 audiam,
1380 1180 1559 1235 quam
1607 1163 1655 1219 si
1690 1179 1889 1218 eorum

240 1272 337 1312 me
367 1257 664 1312 doctorem
695 1253 987 1325 proﬁtear,
1007 1269 1130 1323 quas
1155 1251 1304 1307 vires
1338 1268 1498 1306 meas
1516 1255 1888 1323 exsuperant.

244 1347 540 1416 Majestas,
581 1343 852 1409 altitudo,
902 1340 1176 1412 dignitas,
1212 1358 1369 1411 purae
1417 1341 1671 1412 denique
1721 1339 1888 1397 caele-

244 1440 484 1506 stesque
515 1436 742 1488 naturae
771 1430 865 1485 vix
894 1428 1260 1486 claritudinis
1291 1428 1389 1485 Dei
1432 1445 1673 1501 capaces
1728 1436 1888 1496 sunt,

236 1525 336 1594 qui
398 1523 609 1593 abysso
670 1520 1019 1590 contegitur,
1080 1519 1571 1589 tenebrarumque
1622 1515 1889 1573 latibulis

230 1610 541 1677 delitescit,
574 1626 708 1664 cum
752 1607 1137 1681 purissimum
1187 1606 1265 1662 sit
1315 1606 1515 1662 lumen
1567 1607 1887 1678 maiorique

229 1702 541 1758 hominum
570 1702 717 1773 parti
735 1701 1120 1755 inaccessum.
1140 1697 1440 1769 Siquidem
1461 1701 1514 1753 et
1533 1697 1670 1754 huic
1689 1714 1882 1753 rerum

2009 541 2061 588 et
2077 548 2175 588 sex
2221 534 2331 590 alae
2360 532 2541 588 alteri.
2573 533 2819 600 Quarum
2875 532 3088 586 duabus
3119 534 3294 601 facies
3322 549 3450 589 suas
3509 543 3653 605 tege-

2010 621 2161 689 bant,
2193 629 2246 677 et
2288 622 2498 678 duabus
2525 621 2716 693 pedes:
2772 620 2984 675 duabus
3036 620 3270 693 denique
3300 623 3573 693 volabant,
3608 634 3660 682 et

2009 712 2153 767 inter
2197 725 2256 765 se
2295 712 2631 777 clamabant,
2681 711 2938 777 Sanctus,
2972 710 3224 776 Sanctus,
3273 711 3525 780 Sanctus,
3556 715 3660 770 Do«

2006 798 2197 855 minus
2228 798 2466 855 Sabaoth
2484 798 2878 871 3’.Seraphim
2911 798 3108 854 oculos
3142 804 3433 869 avertunt,
3466 811 3520 856 et
3550 804 3659 858 du-

2007 886 2180 958 plicis
2213 887 2367 943 muri
2397 887 2521 944 loco
2552 887 2675 944 alas
2736 889 3143 960 praetendunt:
3179 889 3321 960 quia
3382 891 3660 949 nimirum

2005 976 2381 1047 splendorem
2413 976 2577 1032 illum
2614 977 2765 1032 ferre
2806 994 2918 1033 non
2954 982 3227 1047 possunt,
3260 978 3359 1049 qui
3413 995 3483 1033 ex
3526 979 3659 1034 solii

2005 1066 2213 1138 gloria,
2244 1064 2329 1121 vel
2364 1067 2432 1121 ad
2470 1070 2749 1122 terrorem
2794 1082 3002 1134 usque,
3037 1066 3311 1122 diradiat.
3346 1069 3536 1139 Atque
3564 1086 3656 1137 pe-

2006 1156 2107 1209 des
2139 1154 2443 1226 obtegunt,
2478 1172 2592 1226 pre
2643 1158 2900 1226 stupore.
2935 1158 3019 1211 Ita
3074 1154 3228 1211 enim
3281 1161 3488 1211 natura
3548 1173 3653 1213 nos

2002 1258 2234 1314 quoque
2264 1244 2584 1316 comparati
2616 1260 2841 1309 sumus,
2874 1246 2922 1299 si
2952 1244 3186 1316 quando
3219 1261 3323 1300 nos
3363 1245 3652 1301 maximus

2002 1332 2214 1403 aliquis
2259 1337 2483 1404 stupor,
2517 1340 2614 1388 aut
2657 1333 2968 1389 admiratio
3027 1334 3282 1400 invadat,
3318 1339 3384 1389 ut
3439 1350 3651 1405 corpus

2000 1420 2259 1492 undique
2291 1422 2725 1478 contrahemus.
2762 1425 2885 1488 Quo
2916 1422 3154 1493 quidem
3215 1424 3492 1495 temporis
3526 1440 3651 1480 mo¢

2000 1514 2196 1565 mento
2243 1510 2441 1566 anima
2467 1528 2700 1583 quoque
2742 1510 2899 1567 idem
2956 1527 3251 1583 perpessa,
3288 1521 3343 1568 et
3390 1514 3459 1568 ab
3519 1513 3653 1570 aliis

1994 1614 2121 1667 quas
2151 1598 2514 1655 extrinsecus
2544 1603 2601 1654 et
2633 1599 2692 1653 in
2725 1604 2855 1653 cute
2904 1604 3186 1671 apparent
3217 1601 3481 1656 actiones
3512 1618 3648 1657 suas

1995 1687 2372 1753 contrahens,
2397 1688 2470 1743 ad
2501 1688 2778 1745 interiora
2795 1688 3075 1761 confugit.
3128 1693 3377 1761 Ipsoque
3408 1707 3647 1761 corpore

237 1790 608 1848 universitate
640 1790 811 1857 inest,
845 1792 903 1844 et
923 1793 1085 1843 extra
1115 1804 1309 1843 rerum
1338 1787 1775 1842 universitatem
1794 1804 1872 1842 ex-

1995 1792 2110 1830 non
2162 1792 2333 1833 secus
2380 1782 2557 1848 atque
2606 1777 3043 1849 propugnaculo
3093 1779 3342 1848 quodam
3396 1777 3643 1833 circum-

236 1879 560 1944 currit.Qui
586 1879 816 1934 bonitas.
836 1882 924 1933 est
946 1877 1236 1944 universa,
1253 1877 1369 1931 imo
1393 1875 1613 1931 nullam
1642 1893 1757 1931 non
1784 1877 1881 1931 bo-

229 1969 475 2025 nitatem
493 1971 825 2038 exsuperat.
849 1965 957 2032 Qui
991 1966 1174 2021 menti
1207 1965 1405 2021 lumen
1435 1965 1883 2037 suggerit,men-

222 2059 420 2129 tisque
448 2056 813 2113 velocitatem
846 2060 903 2110 et
938 2053 1358 2111 sublimitatem
1390 2054 1614 2126 effugit,
1650 2058 1880 2109 tantum

219 2163 454 2218 semper
480 2146 779 2213 secedens,
814 2148 1101 2217 quantum
1137 2143 1677 2216 comprehenditur,
1708 2150 1880 2215 atque

220 2240 545 2292 amatorem
578 2236 650 2290 ad
683 2233 991 2306 superiora
1022 2233 1298 2303 fugiendo
1330 2231 1667 2301 sublevans,
1699 2248 1878 2303 seque

221 2324 418 2397 ipsum
468 2324 637 2397 quasi
690 2323 891 2378 furtim
925 2322 1306 2378 subducendo
1356 2321 1874 2392 comprehendcns.

869 2433 1023 2486 CAP.
1082 2429 1232 2485 XIX.

220 2521 610 2594 Chrysoslogni,
642 2535 713 2576 ex
752 2519 915 2594 libro,
966 2519 1040 2575 De
1066 2534 1125 2574 eo
1156 2519 1318 2594 quod
1340 2518 1725 2594 comprehendi
1766 2535 1876 2594 non

290 2590 481 2664 potest.
514 2592 601 2664 [Si
638 2590 915 2662 sapientia
962 2590 1346 2664 comprehendi
1389 2599 1652 2664 nequeat,
1700 2591 1873 2648 multo

292 2663 478 2720 minus
508 2663 720 2720 natura
739 2663 990 2735 poterit]

296 2753 606 2822 Mirabilis,
637 2751 852 2824 inquit,
898 2753 1052 2823 facta
1082 2758 1162 2806 est
1189 2751 1428 2808 scientia
1485 2759 1582 2807 tua
1638 2767 1708 2808 ea:
1764 2768 1872 2822 me,

216 2843 470 2900 exaltata
510 2850 613 2909 est,
643 2852 695 2898 et
746 2857 856 2896 non
900 2849 1083 2913 potero
1133 2840 1204 2896 ad
1250 2856 1373 2896 eam
1419 2841 1482 2895 ³⁷.
1535 2844 1611 2896 Ea
1640 2848 1728 2898 est
1778 2858 1875 2897 sa-

215 2931 454 3005 pientia:
494 2930 698 2987 divinae
750 2930 1139 3003 profunditas,
1193 2934 1257 2985 ut
1288 2931 1347 2985 in
1380 2946 1448 2986 ea
1494 2930 1873 3002 exprimenda

215 3022 506 3093 Propheta
529 3020 810 3092 vertigine
840 3020 1096 3090 quadam
1126 3019 1388 3075 laborare
1419 3020 1697 3076 videatur.
1733 3020 1872 3086 Quis

212 3128 309 3178 eo,
350 3126 567 3182 quaeso,
602 3109 947 3165 temeritatis
992 3108 1301 3180 prolapsus
1350 3112 1459 3176 est,
1508 3112 1573 3164 ut
1603 3115 1864 3163 naturam

210 3199 317 3256 Dei
368 3199 481 3254 sibi
530 3197 819 3267 cognitam
878 3200 935 3252 et
982 3202 1342 3269 perspectam
1394 3196 1581 3252 dicere
1632 3197 1864 3266 audeat,

214 3288 507 3345 dicentis:
550 3289 760 3343 Incerta
811 3290 864 3340 et
895 3286 1100 3341 occulta
1150 3288 1445 3356 sapientiae
1476 3295 1582 3342 tuae
1629 3285 1868 3359 manife-

208 3378 344 3434 stati
398 3377 540 3433 mihi
575 3376 646 3411 ’7‘
674 3376 703 3431 ‘t
754 3374 1078 3431 clamantis.
1130 3375 1430 3446 Sapientiae
1471 3376 1592 3446 ejus
1648 3392 1758 3431 non
1787 3381 1866 3432 est

207 3483 475 3522 numerus
527 3466 592 3532 ³⁸,
626 3481 729 3521 seu
764 3464 1205 3536 comprehensio
1228 3464 1256 3518 ‘I
1283 3470 1341 3520 et
1386 3465 1445 3519 in
1480 3469 1697 3521 tantam
1731 3466 1864 3538 quis

207 3556 518 3612 audaciam
562 3559 924 3627 prorumpat,
960 3562 1018 3609 ut
1078 3554 1148 3609 de
1202 3560 1428 3623 natura,
1461 3570 1588 3625 quas
1621 3572 1653 3610 a
1702 3555 1863 3611 nullo

208 3644 633 3717 comprehendi
667 3648 877 3717 potest,
924 3644 1241 3716 quidquam
1284 3644 1581 3700 afﬁrmare
1612 3646 1865 3700 audeat?

210 3734 363 3802 Quid
417 3734 503 3790 ais
528 3733 557 3788 ?
600 3734 824 3789 Fierine
876 3732 1106 3802 poterit,
1139 3736 1205 3787 ut
1242 3748 1377 3787 cum
1418 3731 1519 3788 Dei
1577 3734 1864 3806 sapientia

206 3823 627 3896 comprehendi
670 3839 780 3877 non
815 3822 1021 3892 possit,
1056 3822 1317 3893 ejusdem
1360 3828 1571 3878 natura
1601 3840 1859 3896 compre-

204 3912 551 3970 hendatur?
580 3912 856 3981 Majestas
887 3911 1013 3981 ejus
1044 3909 1274 3966 infinita
1305 3916 1413 3979 est,
1448 3917 1506 3968 et
1545 3914 1859 3968 essentiam

202 4007 337 4076 ejus
370 3999 820 4058 circumscribas
842 4000 870 4055 ?
923 4000 1028 4056 hoc
1060 4004 1214 4055 certe
1247 4002 1396 4056 facto
1428 4005 1649 4056 certam
1700 4002 1861 4057 insa-

205 4094 370 4149 niam
404 4096 568 4146 tuam
605 4090 826 4161 prodis.

277 4184 335 4237 2.
392 4181 696 4250 Ejusdem.
752 4178 957 4251 Angeli
1017 4181 1238 4233 tantum
1290 4176 1657 4249 gloriﬁcant,
1718 4177 1855 4249 alii,

206 4271 398 4328 Gloria
451 4269 512 4324 in
541 4268 769 4324 excelsis
801 4269 913 4323 Deo
942 4267 1006 4336 εν,
1050 4267 1348 4323 dicentes:
1410 4266 1530 4337 alii,
1565 4267 1859 4323 Benedicta

197 4361 387 4434 gloria
430 4359 545 4428 eius
574 4373 643 4414 ea:
675 4358 786 4413 loco
816 4360 1005 4412 sancto
1034 4357 1149 4428 ejus
1177 4355 1245 4424 ³ο,
1278 4355 1333 4411 id
1368 4360 1475 4425 est,
1524 4355 1857 4428 ubicunque

200 4453 284 4508 sit
316 4448 450 4504 ille:
481 4462 667 4518 neque
699 4445 853 4501 enim
887 4446 1002 4501 Deo
1036 4445 1197 4501 locus
1229 4444 1584 4517 assignatur,
1618 4462 1750 4500 cum
1777 4446 1857 4501 di-

1992 1865 2274 1921 munitur.
2307 1866 2432 1921 Jam
2481 1872 2733 1938 quatuor
2762 1865 2986 1921 alarum
3020 1883 3192 1921 usum
3242 1869 3393 1922 nosti
3425 1872 3642 1922 caetera:

1987 1954 2127 2025 quid
2160 1954 2271 2011 sibi
2304 1956 2504 2021 velint,
2550 1956 2785 2026 accipe:
2819 1956 3061 2021 Duabus,
3114 1956 3327 2027 inquit,
3361 1956 3638 2013 volabant.

1988 2044 2102 2098 Hoc
2134 2043 2350 2098 indicio
2383 2044 2455 2098 ad
2486 2042 2766 2098 sublimia
2795 2059 3028 2113 semper
3075 2044 3352 2114 aspirare,
3388 2061 3491 2099 nec
3527 2062 3633 2099 un-

1986 2148 2163 2202 quam
2215 2133 2489 2188 deorsum
2535 2132 2735 2188 oculos
2768 2133 3069 2188 deﬂectere
3114 2137 3359 2188 constat.
3392 2132 3632 2189 Alarum

1984 2221 2139 2276 enim
2170 2220 2470 2277 involucro
2519 2222 2790 2293 angelicae
2825 2228 3038 2277 naturas
3079 2219 3411 2276 sublimitas
3451 2227 3509 2277 et
3539 2238 3633 2278 ve-

1984 2310 2187 2367 locitas
2242 2312 2647 2382 designantur.
2683 2310 2784 2366 Est
2828 2328 2959 2366 vero
3011 2310 3126 2366 alia
3181 2326 3413 2381 quoque
3461 2312 3632 2368 ratio.

1984 2401 2148 2466 Quod
2166 2401 2320 2456 enim
2354 2399 2461 2455 alis
2485 2400 2714 2457 duabus
2743 2405 2938 2472 caput,
2956 2400 3302 2471 duabusque
3326 2400 3497 2471 pedes
3529 2401 3632 2456 ob-

1984 2490 2277 2562 tegebant,
2334 2507 2399 2546 eo
2448 2489 2803 2562 principium
2856 2494 2912 2545 et
2943 2489 3120 2544 tinem
3173 2488 3394 2545 nullius
3443 2489 3630 2547 oculis

1981 2584 2200 2650 patere,
2226 2578 2499 2650 nullaque
2526 2579 2937 2650 disquisitione
2960 2578 3223 2651 indagari
3256 2596 3427 2650 posse
3448 2579 3630 2651 signi-

1982 2668 2253 2724 ﬁcabant.
2274 2669 2598 2724 Mediarum
2620 2684 2791 2739 porro
2821 2669 3049 2723 alarum
3071 2668 3312 2739 remigio
3333 2667 3625 2736 volabant,

1982 2762 2047 2813 ut
2078 2757 2186 2813 hoc
2217 2757 2431 2814 indicio
2459 2758 2531 2814 de
2557 2756 2732 2813 rebus
2756 2756 2962 2812 mediis
2993 2757 3449 2830 disputationem
3475 2759 3632 2814 theo-

1980 2846 2228 2919 logicam
2276 2846 2586 2903 ineundam
2636 2862 2763 2902 esse
2796 2848 3091 2914 docerent,
3142 2847 3421 2903 nimirum
3472 2849 3627 2920 quod

1979 2936 2136 2992 Deus
2168 2937 2267 3006 sit,
2302 2937 2457 3008 quod
2510 2936 2768 3008 sapiens,
2803 2938 2956 3008 quod
2990 2937 3380 3009 omnipotens,
3430 2941 3488 2992 et
3518 2953 3628 2992 ca:-

1979 3028 2102 3080 tera
2134 3024 2187 3079 id
2221 3040 2428 3096 genus.
2462 3025 2530 3080 Et
2559 3025 2867 3080 clamabant
2898 3029 3045 3080 inter
3072 3041 3167 3080 se:
3201 3025 3451 3094 Sanctus,
3482 3027 3625 3081 San-

1978 3121 2109 3179 ctus,
2140 3114 2394 3183 Sanctus,
2449 3113 2710 3169 Dominus
2752 3113 3016 3172 Sabaoth.
3046 3118 3168 3169 Hoc
3209 3114 3410 3185 utique
3440 3113 3626 3169 admi-

1981 3204 2224 3261 rationis
2301 3204 2632 3277 symbolum
2691 3209 2799 3276 est,
2865 3205 3185 3277 praesertim
3244 3220 3379 3260 cum
3439 3221 3626 3277 neque

1980 3290 2181 3347 lumen
2262 3292 2481 3364 ipsum,
2543 3309 2732 3364 neque
2791 3293 3053 3349 divinam
3110 3301 3380 3349 naturam
3431 3293 3625 3350 intue-

1979 3386 2200 3437 rentur.
2234 3382 2345 3437 Sed
2398 3398 2465 3436 eo
2523 3380 2625 3437 illa
2685 3400 2815 3454 quas
2869 3382 3239 3449 videbantur,
3290 3400 3351 3439 se
3410 3383 3626 3438 demit-

1976 3470 2214 3526 tebant:
2249 3486 2353 3525 nec
2384 3472 2578 3525 tamen
2612 3470 2846 3527 illorum
2880 3489 3007 3542 qua:
3037 3489 3103 3526 eo
3150 3488 3212 3527 se
3241 3472 3626 3529 demittebant

1978 3559 2221 3631 gloriam
2272 3560 2416 3615 ferre
2465 3563 2753 3633 poterant.
2790 3561 2864 3616 Eo
2915 3561 3067 3618 enim
3101 3578 3163 3616 se
3212 3562 3623 3629 demittebant,

1977 3649 2133 3719 quod
2179 3648 2236 3704 in
2271 3665 2380 3704 sua
2428 3653 2643 3705 natura
2694 3666 2808 3705 non
2856 3650 3213 3716 viderentur,
3247 3650 3348 3705 sed
3401 3665 3503 3720 pro
3532 3665 3619 3703 re-

1976 3738 2347 3811 spicientium
2377 3738 2796 3796 imbecillitatis
2831 3739 3067 3795 modulo
3089 3740 3179 3793 sui
3204 3738 3623 3793 manifestatio-

1976 3844 2109 3883 nem
2151 3827 2580 3884 dimetirentur.
2634 3828 2806 3883 Porro
2838 3835 2993 3898 quod
3027 3843 3091 3882 eo
3141 3842 3204 3882 se
3254 3825 3617 3896 demiserint,

1974 3915 2061 3971 vel
2092 3933 2159 3971 ex
2190 3916 2335 3985 ipsis
2371 3916 2681 3986 Scriptores
2711 3914 2902 3969 verbis
2935 3915 3305 3985 perspicuum
3338 3918 3463 3969 est:
3501 3915 3623 3971 Vidi

1974 4005 2153 4067 enim,
2187 4005 2291 4070 ait,
2327 4006 2650 4058 Dominum.
2676 4009 2751 4058 At
2782 4019 2912 4058 vero
2947 4008 3122 4058 Deum
3162 4018 3318 4058 nemo
3342 4002 3478 4057 vidit
3510 4020 3619 4058 uno

1973 4110 2159 4165 quam,
2195 4092 2295 4164 qui
2330 4092 2641 4163 forma,qui
2667 4093 3010 4164 quantitate,
3040 4092 3141 4165 qui
3163 4093 3416 4164 denique
3438 4093 3620 4165 quali-

1975 4186 2087 4238 tate
2104 4190 2315 4237 careat.
2334 4181 2475 4245 Quis
2499 4180 2606 4236 hoc
2630 4182 2749 4236 ait?
2772 4182 3213 4253 Unigenitus,qui
3239 4182 3389 4237 sedet
3413 4185 3470 4239 in
3493 4186 3620 4239 sinu

1973 4272 2183 4339 Patris,
2205 4272 2319 4341 ipse
2348 4272 2634 4325 enarravit
2661 4270 2727 4327 ³³.
2762 4270 2980 4325 Deinde
3010 4271 3247 4342 subjicit
3270 4288 3283 4326 :
3310 4272 3617 4329 Sedentem.

1972 4364 2044 4415 At
2072 4376 2205 4415 vero
2260 4359 2414 4414 Deus
2471 4376 2660 4431 neque
2718 4361 2897 4426 sedet,
2933 4377 3118 4431 neque
3172 4366 3305 4417 stat.
3340 4362 3409 4417 Hi
3458 4363 3614 4418 enim

1971 4447 2208 4504 habitus
2235 4447 2579 4519 corporibus
2610 4451 2971 4519 competunt.
3005 4453 3151 4504 Tum
3186 4448 3515 4504 subinfert:
3549 4452 3618 4504 1n

197 4540 421 4596 vinitas
478 4535 877 4593 circumscribi
939 4550 1051 4589 non
1112 4535 1332 4606 possit:
1395 4533 1533 4604 alii,
1590 4536 1857 4607 Sanetus,
1896 4537 2128 4607 Dsolio,
2180 4541 2240 4591 at
2296 4536 2442 4591 solio
2475 4542 2628 4592 Deus
2687 4552 3056 4609 nequaquam
3110 4538 3615 4595 circumcluditur.

203 4630 463 4694 Sanctus,
496 4625 753 4691 Sanctus,
789 4625 1051 4679 Dominus
1081 4624 1319 4679 Sabaoth
1350 4624 1418 4680 ³⁸.
1451 4622 1731 4680 Homines
1763 4642 1861 4680 au-

195 4724 327 4775 tem
359 4717 418 4772 in
449 4715 610 4771 illius
640 4720 848 4770 natura
872 4713 1315 4785 pervestiganda
1342 4712 1473 4785 plus
1506 4729 1672 4785 siquo
1696 4713 1856 4770 solli-

200 4807 306 4865 citi
341 4813 495 4861 sunt.
532 4806 791 4870 Quantus
845 4804 971 4872 ejus
1023 4802 1198 4857 timor
1227 4819 1427 4875 sapra,
1478 4808 1676 4858 tantus
1708 4804 1860 4859 infra

196 4900 577 4967 contemptus
601 4897 711 4963 est,
728 4908 912 4964 usque
931 4891 1074 4947 adeo
1099 4891 1183 4948 illi
1203 4908 1412 4964 magna
1425 4910 1555 4949 cum
1579 4892 1858 4965 religione

192 4984 581 5049 benedicunt,
617 4982 675 5036 hi
706 4979 1018 5037 temeraria
1048 4981 1385 5037 curiositate
1417 4983 1704 5039 laborant.

270 5076 325 5131 3.
370 5073 656 5145 Ejusdem.
691 5071 818 5126 Alio
863 5071 987 5126 loco
1021 5070 1200 5127 Isaias
1249 5070 1462 5143 inquit,
1516 5073 1637 5128 Vidi
1673 5073 1856 5129 Domi-

192 5182 335 5223 num
378 5164 651 5220 sedentem
681 5163 739 5216 in
770 5161 911 5217 solio
959 5161 1079 5216 alto
1117 5172 1279 5233 atque
1316 5165 1547 5233 excelso,
1583 5179 1649 5218 eo
1682 5163 1855 5218 nimi-

192 5271 329 5313 rum
363 5254 461 5325 qui
515 5249 925 5323 comprehendi
978 5266 1091 5305 non
1146 5257 1353 5322 potest.
1386 5251 1531 5306 Cum
1574 5268 1710 5323 ergo
1760 5270 1856 5307 so-

190 5345 344 5401 lium
401 5342 502 5399 Dei
561 5341 824 5397 humana
856 5344 1047 5395 mente
1095 5338 1409 5395 sublimius
1460 5339 1534 5395 sit
1568 5343 1665 5412 qui
1724 5340 1851 5395 ﬁeri

191 5438 391 5509 potest
419 5452 434 5501 ;
468 5434 532 5488 ut
562 5429 612 5486 is
645 5429 1197 5501 comprehendatur,
1229 5428 1330 5499 qui
1388 5428 1535 5484 solio
1584 5429 1854 5485 insidet?

1972 4626 2079 4691 Qui
2110 4625 2265 4680 enim
2319 4626 2425 4681 hoc
2457 4625 2575 4696 ﬁat,
2628 4642 2760 4681 cum
2793 4625 3191 4683 circumscribi
3224 4644 3337 4683 non
3389 4629 3621 4701 possit?

1968 4717 2096 4773 Jam
2130 4734 2261 4773 cum
2294 4717 2607 4789 Seraphin,
2640 4735 2766 4790 quas
2796 4720 2972 4775 Deum
3007 4719 3232 4793 ingenti
3263 4737 3477 4777 corona
3508 4721 3617 4776 cir-

1969 4812 2271 4863 cumstant
2327 4808 2502 4879 (quod
2561 4808 2796 4878 quidem
2857 4825 2971 4863 non
3039 4807 3230 4864 locum
3304 4810 3617 4882 signiﬁcat,

1969 4898 2068 4952 sed
2103 4897 2400 4969 singulare
2450 4896 2644 4952 nescio
2675 4896 2813 4968 quid
2847 4898 3001 4969 quod
3034 4914 3067 4952 a
3115 4897 3363 4968 puritate
3414 4915 3616 4952 conse-

1968 4987 2271 5058 quuntur),
2304 5003 2435 5042 cum
2468 4986 2778 5057 Seraphin,
2818 4986 3084 5057 inquam,
3120 5002 3190 5041 ne
3238 4986 3339 5040 Dei
3372 4986 3611 5057 quidem

1967 5090 2033 5129 eo
2072 5091 2133 5130 se
2172 5075 2531 5131 demittentis
2580 5073 2825 5146 gloriam
2876 5074 3119 5129 intentis
3151 5073 3337 5130 oculis
3386 5074 3612 5130 obtueri

1962 5163 2235 5218 valeant:
2269 5164 2556 5229 homines,
2608 5162 2848 5228 scilicet,
2882 5162 3147 5218 essentiaa
3178 5163 3309 5233 ejus
3362 5163 3610 5236 gloriam

1965 5250 2111 5307 nulli
2143 5251 2395 5323 perviam
2449 5251 2688 5307 intentis
2735 5251 2919 5306 oculis
2950 5251 3175 5306 obtueri
3226 5254 3609 5309 contendunt.

1963 5343 2219 5396 Tametsi
2244 5346 2405 5398 tanto
2429 5343 2501 5396 ab
2524 5340 2641 5397 illis
2664 5340 2977 5395 interstitio
2999 5341 3366 5415 differamus,
3391 5350 3609 5417 quanto

1962 5448 2150 5487 caecus
2181 5431 2253 5487 ab
2288 5447 2354 5487 eo
2384 5430 2483 5501 qui
2513 5430 2744 5486 videndi
2779 5445 2955 5486 sensu
2985 5432 3261 5502 praeditus
3293 5439 3400 5490 est.

265 5576 313 5651 ξ’(
340 5575 493 5651 Psal.
555 5590 798 5651 XXXIII.“
830 5572 900 5651 ξπ*
958 5570 1218 5651 Paula},
1249 5570 1303 5627 8.
1380 5571 1428 5606 ⁸⁸
1457 5571 1610 5628 Psal.
1666 5589 1849 5644 cxnvx,

2037 5575 2083 5610 ³⁸
2136 5576 2272 5631 Lac.
2303 5590 2371 5643 ιι,
2404 5574 2489 5630 14.
2565 5572 2613 5607 ³ο
2639 5573 2841 5630 Ezecb.
2904 5589 2990 5641 ιιι,
3022 5574 3109 5631 12.
3186 5574 3232 5612 ³³
3290 5576 3402 5636 Isa.
3436 5597 3513 5651 v1,
3544 5584 3599 5639 3.

186 5648 244 5686 ³³
276 5648 424 5705 lhid.
458 5647 483 5702 Ι
512 5662 678 5718 seqq.
754 5644 800 5681 ⁸³
829 5644 998 5701 Joan.
1032 5659 1075 5713 1,
1108 5642 1193 5698 18.
