4066 6208
425 366 581 430 1167

1745 356 2049 428 NlCE'l‘E
2089 356 2517 428 ΟΗΟΝῘΑΤΑΞ

3698 368 3858 427 1148

495 504 549 557 4.
582 492 882 575 Ejusdem.
918 501 1061 558 Cum
1098 501 1303 559 Daniel
1335 500 1461 574 ipse
1491 500 1774 575 propheta
1797 500 1984 572 angeli
2008 517 2075 557 eo
2105 494 2156 569 Α
2188 517 2433 573 prorsus
2467 506 2670 574 expers
2705 501 2811 555 est.
2850 500 3067 569 Πνεῦμα
3094 515 3287 571 porro,
3322 496 3432 554 hoc
3465 502 3557 555 est
3589 499 3858 571 Spiritus

424 607 488 647 se
511 591 877 649 demittc-ntis
909 595 1211 662 aspectum
1247 608 1362 647 non
1392 590 1545 658 tulit,
1579 590 1675 647 sed
1719 586 1962 647 remissa
1986 592 2073 645 in-

426 683 689 738 tcntione
720 683 779 738 in
815 682 1014 739 faciem
1044 681 1282 739 cecidit:
1318 684 1382 739 Et
1437 698 1546 739 non
1597 685 1862 739 remansit
1904 682 1959 736 in
1990 698 2078 738 me

419 772 712 843 fortitudo,
741 771 961 843 inquit;
1018 772 1109 828 sed
1137 776 1189 828 et
1217 772 1425 841 species
1481 787 1599 828 mea
1657 773 1949 828 immutata
1997 780 2076 828 est

427 863 491 919 in
526 877 625 929 me,
652 869 703 917 et
729 863 980 918 emarcui
1008 860 1078 929 3‘,
1111 861 1221 918 hoc
1246 865 1355 928 est,
1387 852 1504 918 oris
1537 850 1650 917 mei
1708 850 2077 934 pulchritudo

427 950 620 1023 periit,
648 955 705 1007 et
735 951 794 1007 in
829 952 1038 1007 mortui
1074 948 1351 1022 pallorem
1402 968 1680 1008 conversa
1728 955 1813 1009 est
1831 969 1850 1008 :
1882 956 1941 1006 tu
1977 950 2075 1024 qui

429 1040 671 1097 Daniele
690 1045 855 1097 tanto
886 1040 1128 1096 inferior
1152 1058 1235 1109 es,
1262 1044 1478 1111 quanto
1500 1038 1596 1095 ille
1618 1034 1951 1112 angelo,qui
1990 1040 2075 1107 ﬁt,

433 1134 494 1185 ut
526 1147 589 1184 os
619 1128 898 1200 attollere,
933 1130 1089 1185 etde
1147 1130 1346 1186 divina
1403 1134 1613 1186 natura
1660 1128 1950 1185 curiosius
1988 1128 2077 1185 in-

432 1219 664 1290 quirere
692 1218 951 1275 audeas?
988 1217 1208 1285 Daniel,
1240 1220 1342 1291 qui
1367 1220 1426 1275 in
1454 1235 1693 1291 corpore
1724 1218 1983 1274 humano
2014 1235 2081 1275 ea

431 1308 626 1363 videre
650 1307 860 1378 potuit,
895 1324 1145 1380 quorum
1179 1307 1353 1365 homo
1384 1325 1567 1381 capax
1616 1325 1729 1364 non
1779 1314 1889 1377 est,
1940 1325 2082 1364 con-

432 1396 585 1452 servi
618 1412 683 1451 eo
715 1412 779 1459 se
819 1397 1183 1454 demittentis
1227 1388 1597 1469 splendorem
1654 1414 1767 1453 non
1823 1397 2077 1455 ferebat:

434 1490 492 1541 et
520 1490 585 1541 tu
635 1490 907 1541 naturam
959 1486 1121 1542 illam
1182 1486 1696 1560 comprehendisti,
1730 1504 1860 1559 quae
1907 1504 2080 1559 ange-

429 1574 622 1630 lorum
654 1577 972 1631 innumera
1005 1574 1192 1630 millia
1242 1574 1536 1644 condidit;
1596 1592 1845 1647 quorum
1908 1577 2085 1635 unius

432 1668 733 1734 aspectum
767 1681 882 1720 non
912 1663 1043 1720 tulit
1072 1663 1369 1734 Daniel,ut
1390 1666 1516 1736 jam
1548 1665 1768 1721 dictum
1795 1670 1883 1722 est
1903 1666 2085 1729 ?Quis

432 1768 549 1808 non
586 1751 887 1808 indoleat?
918 1752 1052 1825 quis
1085 1761 1303 1809 tantum
1338 1758 1636 1826 stuporem
1669 1770 1781 1810 non
1842 1755 2088 1812 deﬂeat?

1103 1862 1255 1916 CAP.
1289 1861 1410 1917 XX.

440 1967 782 2023 Catechctica
810 1967 1060 2038 quedam
1088 1974 1409 2024 srotemata.
1442 1969 1722 2025 Nimirum
1782 1970 1939 2039 Deus,
1971 1973 2082 2027 Pa-

509 2043 610 2104 ter,
655 2040 830 2095 Filius
877 2049 928 2095 et
974 2039 1218 2110 Spiritus
1252 2045 1379 2111 quot
1424 2041 1596 2111 modis
1650 2045 1711 2097 in
1777 2043 2089 2111 Scriptura

508 2112 885 2237 laccipiantur.
940 2112 1053 2168 Una
1084 2128 1211 2167 cum
1243 2110 1431 2168 comm
1461 2110 1667 2185 ἐτύμφ.
1713 2113 1854 2183 Quid
1900 2110 2088 2172 Trini-

531 2200 611 2237 as.

505 2270 553 2326 1.
590 2270 940 2336 Quotmodis
973 2264 1319 2329 vocabulum
1351 2272 1506 2329 Deus
1529 2272 1587 2328 in
1606 2274 1902 2347 Scriptura
1923 2275 2086 2347 capi-

431 2362 576 2417 tur?
608 2356 872 2430 Duobus,
906 2361 1186 2419 nimirum
1245 2366 1456 2419 natura
1508 2366 1564 2418 et
1595 2363 1824 2420 habitu.
1874 2365 2089 2424 Natura

438 2451 698 2523 quidem,
730 2455 795 2507 ut
826 2454 1071 2519 creator,
1105 2448 1304 2508 habitu
1338 2458 1534 2508 autem
1565 2457 1622 2509 et
1650 2454 1839 2526 gratia
1868 2471 1881 2511 :
1937 2445 2086 2527 justi

437 2557 665 2611 quoque
694 2539 961 2596 homines
994 2543 1231 2597 deorum
1265 2542 1501 2599 nomine
1531 2548 1864 2601 censentur.

507 2632 560 2685 2.
596 2629 781 2685 Dictio
819 2636 967 2687 Deus
994 2631 1412 2687 substantiaene
1435 2635 1543 2699 est,
1576 2650 1648 2687 an
1706 2648 1987 2705 personae,
2016 2652 2087 2692 an

436 2718 705 2787 actionis,
741 2736 812 2774 an
848 2720 1068 2791 ﬁgurae,
1103 2737 1173 2775 an
1236 2738 1368 2776 vero
1414 2712 1809 2794 metaphora?
1857 2720 2087 2794 Perspi-

434 2826 613 2864 cuum
644 2813 734 2866 est
765 2809 1010 2867 actionis
1071 2827 1220 2880 esse,
1254 2829 1359 2883 qua
1413 2812 1648 2882 quidem
1697 2830 1857 2867 suam
1922 2813 2089 2869 nobis

428 2900 581 2956 Deus
614 2900 1009 2957 substantiam
1048 2900 1327 2973 impertit,
1360 2918 1487 2974 quae
1519 2898 1757 2974 quidem
1796 2901 1935 2974 quia
1992 2919 2090 2960 co-

427 2990 595 3062 gnitu
662 2988 1049 3061 impossibilia
1082 2994 1193 3059 est,
1219 3006 1284 3046 eo
1346 2992 1427 3059 tit,
1476 2996 1540 3046 ut
1598 2992 1885 3048 actionem
1919 3010 2088 3050 suam

428 3080 583 3135 Deus
627 3079 750 3134 sola
798 3077 1292 3149 contemplatione
1344 3078 1512 3136 nobis
1564 3082 1808 3151 aperiat,
1838 3080 2089 3154 ideoque

434 3168 563 3228 Θεὸς
594 3165 699 3220 ἀπὸ
730 3164 828 3221 τοῦ
860 3166 1021 3239 θὲειν,
1054 3166 1161 3223 hoc
1195 3176 1281 3224 est
1324 3186 1357 3224 a
1396 3168 1819 3227 considerando
1870 3172 2087 3229 dictus-

2185 586 2600 658 dicitur,6t&ro
2624 590 2698 650 ὡς
2720 590 2890 663 νεῦμα
2922 586 3086 662 ὀξέως
3114 594 3217 644 πᾶν
3246 587 3416 643 νεύειν
3450 587 3543 644 καὶ
3577 595 3854 653 κινεῖσθαι

2186 680 2294 737 hoc
2317 684 2423 748 est,
2460 678 2597 753 quia
2629 684 2911 751 tanquam
2945 686 3126 736 nutus
3154 694 3512 752 quocunque
3543 688 3775 736 annuat
3804 682 3859 737 et

2186 770 2735 827 moveatur.Dicitur
2764 781 2962 826 autem
2992 769 3242 842 Spiritus
3272 771 3330 825 in
3360 771 3682 843 Scriptura
3717 788 3863 843 qua-

2191 864 2319 916 tuor
2371 848 2587 916 modis.
2643 856 2893 934 Spiritus
2950 863 3211 926 sanctus,
3259 860 3518 932 Spiritus
3580 860 3862 932 angelus,

2186 944 2438 1022 Spiritus
2505 952 2735 1015 ventus,
2768 948 3066 1005 interdum
3125 948 3298 1004 etiam
3360 965 3533 1005 mens
3593 950 3861 1021 Spiritus

2189 1037 2580 1110 appellatione
2611 1037 2997 1110 significatur.

2258 1126 2314 1183 6.
2345 1122 2599 1183 Trinitas
2631 1116 2770 1199 quid
2804 1126 2939 1183 est?
2997 1126 3272 1197 Trinitas,
3316 1127 3618 1198 siquidem
3684 1134 3856 1183 natu-

2189 1216 2325 1272 ralis
2358 1212 2582 1272 ordinis
2615 1215 2898 1273 rationem
2932 1215 3328 1283 habeas,uihil
3362 1216 3525 1272 aliud
3556 1226 3854 1290 est,quam

2193 1305 2487 1361 unitatum
2520 1306 2888 1378 compositio.
2921 1305 2980 1360 Si
3006 1321 3142 1361 vero
3161 1304 3419 1360 divinam
3453 1306 3857 1362 substantiam

2193 1395 2547 1461 consideres,
2603 1395 2853 1451 essentia
2907 1398 3018 1461 est,
3052 1410 3179 1466 quae
3237 1411 3555 1451 numerum
3619 1410 3857 1452 omnem

2195 1475 2526 1557 exsuperat.

2263 1574 2319 1628 7.
2352 1568 2666 1630 Eternitas
2698 1572 2838 1647 quid
2889 1573 3025 1629 est?
3072 1574 3232 1639 Quod
3278 1574 3640 1646 principium
3711 1590 3865 1632 nun-

2198 1680 2372 1735 quam
2436 1658 2663 1731 babuit,
2721 1680 2826 1719 nec
2875 1663 3054 1718 tinem
3113 1662 3231 1717 ullo
3280 1672 3545 1735 unquam
3592 1668 3866 1737 tempore

2196 1750 2536 1808 habiturum
2571 1756 2681 1808 est.
2714 1754 2997 1808 Caeterum
3026 1752 3311 1824 quidquid
3365 1768 3677 1825 nunquam
3712 1753 3868 1810 desi-

2203 1845 2402 1897 turum
2455 1844 2562 1907 est,
2616 1859 2729 1897 non
2783 1841 2984 1896 statim
3047 1840 3335 1913 principio
3385 1840 3649 1898 caruisse
3711 1847 3869 1899 recte

2203 1929 2460 2002 colligas.
2488 1929 2692 2003 Angeli
2724 1930 2879 1987 enim
2910 1933 2966 1985 et
2996 1929 3209 1986 animae
3239 1929 3595 2002 principium
3622 1931 3867 2002 quidem

2197 2022 2460 2076 essentia:
2524 2018 2871 2086 habuerunt,
2897 2014 3073 2075 finem
3118 2008 3353 2075 interim
3407 2016 3640 2077 nullum
3696 2020 3867 2077 babi-

2198 2109 2339 2167 turi.

2843 2226 2996 2283 CAP.
3040 2227 3195 2286 XXI.

2204 2360 2528 2434 Theologtca
2570 2359 2687 2416 alia
2760 2358 2825 2415 de
2888 2354 3167 2434 Trinitate
3227 2358 3624 2418 consideratio.
3682 2362 3860 2434 [Hum

2271 2450 2394 2488 cum
2412 2433 2504 2487 ,ςίιδ
2536 2448 2635 2487 cur
2660 2438 2913 2505 Patrem,
2955 2432 3174 2505 Filium
3197 2436 3246 2488 et
3307 2434 3585 2505 Spiritum
3642 2432 3865 2491 invoce-

2273 2521 2412 2573 mus,
2446 2513 2636 2561 contra
2667 2504 3003 2575 Tritheztas].

2201 2638 2393 2696 Unum
2459 2640 2636 2695 Deum
2697 2656 2824 2696 esse
2892 2636 3213 2707 credimus,
3285 2638 3385 2711 qui
3464 2638 3865 2698 eubstantiam

2204 2731 2525 2803 quamlibet
2556 2734 2945 2803 naturamque
2966 2729 3280 2786 creaverit:
3309 2730 3432 2786 sive
3481 2728 3867 2804 aspectabilis

2202 2819 2299 2876 illzi
2332 2808 2427 2889 sit,
2459 2819 2577 2876 sive
2610 2818 2721 2876 sub
2752 2823 3055 2891 aspectum
3117 2836 3232 2874 non
3264 2818 3453 2876 cadat.
3498 2809 3611 2886 Qui
3668 2821 3868 2877 diverc

2204 2926 2329 2968 sam
2383 2910 2455 2966 ab
2504 2908 2613 2965 hac
2698 2908 3048 2966 sententiam
3122 2909 3389 2980 sequitur
3457 2906 3687 2984 impius
3754 2919 3868 2971 est.

2204 3000 2485 3056 Eumdem
2521 2997 2682 3055 illum
2730 2997 3118 3065 humanitate,
3146 2998 3400 3069 justitia,
3430 2998 3747 3070 sapientia,
3808 3000 3868 3058 et

2203 3088 2463 3145 bonitate
2511 3084 2796 3159 singulari
2858 3086 3168 3159 praditum
3226 3102 3355 3144 esse
3395 3087 3570 3144 nobis
3626 3105 3866 3161 persua-

2207 3179 2437 3246 demus,
2487 3177 2825 3250 caeterisque
2895 3177 3035 3232 adeo
3098 3176 3293 3245 rebus,
3354 3193 3482 3249 quae
3527 3177 3751 3235 divinae
3806 3182 3867 3237 et

505 3254 557 3312 3.
588 3256 749 3313 Pater
779 3254 915 3329 quid
960 3256 1299 3329 significat?
1347 3260 1603 3331 quotque
1653 3260 1841 3316 modis
1897 3269 2084 3334 pater-
2119 3248 2161 3314 C
2200 3258 2382 3323 beatae
2428 3270 2648 3322 natura)
2699 3248 3073 3321 conveniunt.
3105 3265 3187 3320 Nc
3245 3248 3482 3338 singula
3542 3256 3858 3325 scribendo

434 3347 587 3402 nitas
629 3346 744 3403 Deo
793 3346 1113 3403 convenit?
1171 3347 1336 3403 Pater
1365 3348 1567 3420 utique
1626 3350 1856 3422 proprie
1905 3350 2082 3424 hypo-

430 3435 608 3491 stasis
638 3452 737 3492 seu
775 3452 1024 3508 persona
1057 3435 1288 3502 dicitur,
1318 3453 1443 3509 quas
1476 3437 1635 3495 nulla
1655 3439 1771 3496 alia
1804 3457 1872 3496 ex
1902 3457 2083 3498 causa

431 3524 661 3595 pendet.
694 3525 801 3579 Sed
835 3524 1103 3597 quamvis
1127 3530 1383 3598 generet,
1418 3544 1452 3583 a
1484 3526 1642 3584 nullo
1676 3533 1869 3585 tamen
1901 3546 2081 3602 gene-

429 3616 609 3669 ratur.
648 3613 846 3684 Porro,
879 3620 1061 3688 πατὴρ
1085 3612 1281 3670 dictus
1312 3618 1421 3684 est,
1453 3617 1622 3689 quasi
1669 3616 1841 3671 πάντα
1871 3622 2083 3693 τηρῶν,

432 3703 539 3758 hoc
571 3707 680 3773 est,
713 3703 910 3759 omnia
941 3721 1315 3774 conservans,
1368 3704 1453 3761 vel
1488 3707 1649 3778 quasi
1682 3704 1814 3769 τοὺς
1847 3705 2083 3768 οἰκείους

434 3790 632 3857 παῖδας
660 3797 864 3866 τηρῶν,
896 3793 1006 3851 hoc
1054 3800 1163 3863 est,
1197 3795 1466 3868 proprios
1498 3795 1647 3853 ﬁlios
1708 3814 2083 3856 conservans.

436 3889 585 3939 Deus
619 3882 789 3939 Pater
818 3885 1045 3940 duobus
1081 3876 1268 3941 modis
1300 3885 1536 3953 dicitur,
1576 3892 1783 3942 natura
1840 3888 2085 3958 scilicet,

431 3979 488 4028 ct
518 3974 743 4046 gratia:
780 3980 988 4029 natura
1019 3976 1258 4045 quidem
1294 3976 1513 4046 proprii
1548 3976 1660 4032 sibi
1695 3977 2087 4033 consubstan-

431 4062 704 4134 tialisque
757 4065 851 4118 Dei
902 4062 1109 4131 Verbi;
1143 4066 1333 4137 gratia
1390 4081 1520 4121 vero
1568 4070 1768 4122 noster
1828 4084 2085 4139 quoque,

431 4152 586 4207 unde
643 4150 809 4218 illud,
843 4154 952 4222 Ego
1010 4152 1155 4222 dixi,
1192 4154 1283 4210 υίί
1338 4154 1495 4222 estis,
1549 4163 1599 4212 et
1644 4141 1757 4227 ﬁlii
1811 4152 2086 4212 Αιιίεςίηιί

431 4258 616 4298 omnes
646 4241 713 4298 ³³.

501 4332 554 4389 4.
587 4334 735 4399 Quid
771 4333 1003 4390 Filius?
1034 4352 1151 4408 qua
1211 4337 1435 4392 ratione
1500 4335 1678 4392 Filius
1738 4332 1992 4393 dicitur?
2035 4341 2092 4394 et

432 4427 575 4498 quot
635 4422 823 4479 modis
881 4422 1275 4497 intelligitur?
1331 4425 1513 4481 Filius
1590 4426 1821 4499 proprie
1880 4442 2091 4485 secun-

437 4516 599 4572 daria
636 4516 974 4588 hypostasis
1000 4522 1089 4573 est
1127 4518 1185 4573 in
1216 4535 1331 4573 una
1363 4518 1682 4589 eademque
1740 4523 1971 4587 natura,
2005 4518 2097 4575 vel

2188 3372 2530 3428 persequar,
2564 3371 2773 3426 parum
2805 3354 2991 3423 abest,
3026 3354 3169 3427 quin
3200 3356 3405 3410 eadem
3436 3359 3494 3411 et
3556 3354 3768 3412 dicatis
3799 3361 3857 3412 et

2190 3446 2481 3503 sentiatis.
2540 3444 2657 3502 Vos
2712 3444 2869 3501 enim
2920 3445 3196 3502 audiente
3254 3461 3347 3500 me
3422 3444 3693 3502 Verbum
3753 3448 3852 3503 Dei

2189 3537 2525 3595 invocastis.
2557 3537 2626 3592 Et
2657 3552 2717 3593 re
2761 3552 2897 3592 vera
2925 3544 3033 3592 est.
3066 3535 3176 3600 Qui
3231 3536 3389 3592 enim
3450 3536 3581 3592 ﬁeri
3633 3549 3854 3609 posset,

2190 3634 2255 3683 ut
2285 3627 2441 3683 Deus
2471 3616 2645 3683 verbo
2677 3626 2942 3682 careret?
2968 3625 3256 3697 Spiritum
3316 3627 3458 3681 item
3483 3630 3733 3684 vocatis.
3758 3632 3853 3684 Bst

2188 3734 2323 3773 vero
2353 3724 2407 3774 et
2430 3717 2703 3789 Spiritus.
2740 3715 2950 3772 Nullus
2980 3716 3135 3772 enim
3168 3717 3315 3772 citra
3344 3717 3626 3787 spiritum
3658 3734 3850 3774 sermo

2189 3807 2499 3862 articulate
2556 3805 2870 3877 procedere
2928 3809 3135 3876 potest.
3184 3805 3299 3860 Nos
3361 3822 3535 3876 porro
3589 3823 3727 3863 cum
3783 3824 3853 3863 ea

2189 3897 2427 3952 unicum
2486 3897 2555 3950 ad
2620 3901 2797 3951 Deum
2853 3895 3201 3960 referamus,
3258 3894 3481 3952 idcirco
3510 3896 3744 3953 Patrem
3794 3901 3857 3954 et

2191 3985 2399 4041 Filium
2451 3989 2505 4042 et
2561 3983 2845 4056 Spiritum
2937 3989 3209 4039 sanctum
3267 3982 3637 4053 invocamus,
3698 4002 3763 4041 ac
3802 3986 3852 4042 si

2191 4079 2468 4140 mentem,
2517 4073 2797 4140 Verbum,
2828 4077 2886 4128 et
2915 4072 3196 4144 Spiritum
3257 4071 3436 4128 simul
3487 4073 3852 4147 contempla-

2193 4179 2409 4219 remur.
2444 4162 2551 4218 Sed
2604 4161 2809 4217 eadem
2853 4177 3085 4233 quoque
3135 4176 3237 4232 per
3284 4177 3345 4217 se
3374 4160 3552 4233 vique
3603 4180 3715 4219 sua
3773 4180 3855 4219 as-

2193 4253 2463 4310 serimus.
2498 4251 2841 4308 Divinarum
2876 4248 3033 4306 enim
3067 4265 3265 4306 rerum
3326 4250 3489 4306 nulla
3518 4253 3653 4308 suis
3694 4258 3855 4308 caret

2192 4342 2439 4398 viribus.
2484 4340 2789 4411 Siquidem
2838 4338 3095 4395 Verbum
3149 4343 3349 4395 nostro
3406 4339 3607 4397 simile
3636 4340 3859 4398 intelli-

2193 4431 2447 4500 gendum
2482 4446 2597 4485 non
2650 4434 2763 4496 est,
2792 4428 2951 4502 quod
2992 4428 3237 4499 spiritus
3296 4428 3541 4500 quidem
3598 4431 3857 4487 admini-

2197 4519 2327 4576 culo
2369 4520 2680 4591 profertur,
2716 4524 2774 4573 at
2834 4518 2891 4572 in
2952 4534 3126 4573 auras
3180 4519 3521 4585 evanescit;
3574 4520 3678 4576 sed
3721 4537 3859 4578 con-

429 4622 817 4677 personarum
874 4603 1327 4675 incrementum,
1360 4608 1451 4662 vel
1512 4608 1813 4680 unigenita
1866 4608 2488 4681 naturmDvenisnter
2543 4607 2679 4674 Deo,
2739 4606 3164 4678 sempiternum
3241 4607 3467 4662 scilicet
3524 4614 3701 4677 atque
3762 4626 3859 4681 per

427 4693 746 4766 processio,
789 4692 872 4749 vel
931 4696 1194 4761 cognatio
1261 4697 1517 4766 cognita,
1562 4696 1684 4759 Υἱὸς
1727 4703 1944 4767 autem,
1976 4698 2085 4755 hoc

429 4787 521 4840 est
576 4781 779 4849 Filius,
839 4783 1068 4854 proprie
1136 4783 1368 4851 dicitur,
1421 4787 1594 4855 quasi
1646 4783 1783 4853 οἶος,
1843 4787 1949 4842 hoc
1999 4791 2088 4843 est

434 4872 649 4946 qualis.
684 4872 886 4936 Qualis
907 4872 1064 4928 enim
1099 4876 1268 4935 Pater
1308 4873 1659 4940 substantia,
1693 4873 1828 4930 talis
1859 4882 1914 4931 et
1944 4876 2086 4931 uni-

435 4962 671 5037 genitus
702 4967 791 5018 est
823 4961 1027 5017 Filius.
1062 4963 1193 5018 Sive
1224 4978 1293 5019 ex
1325 4962 1583 5019 increato
1622 4964 1938 5032 increatus,
1970 4965 2090 5022 sive

435 5071 504 5110 ex
530 5052 759 5109 mortali
791 5051 1076 5123 mortalis,
1105 5052 1482 5125 humanoque
1509 5052 1825 5109 humanus.
1851 5055 2090 5111 Duobus

438 5143 641 5199 itidem
669 5142 859 5199 modis
891 5142 949 5197 in
969 5146 1081 5198 Deo
1102 5141 1305 5197 tiliatio
1328 5138 1784 5198 dicitur.Natura
1805 5148 1863 5199 et
1878 5146 2089 5216 gratia.

436 5232 657 5288 Natura
712 5232 950 5303 quidem
1012 5237 1159 5288 Deus
1208 5222 1488 5297 Verbum,
1534 5233 1720 5305 gratia
1758 5249 1893 5289 vero
1925 5233 2089 5303 iusti.

509 5325 558 5376 ὅ.
599 5321 747 5386 Quid
780 5308 1078 5394 Spiritus?
1107 5338 1224 5393 qua
1268 5320 1492 5377 ratione
1523 5321 1785 5379 dicitur?
1831 5327 2094 5396 quotque

445 5411 632 5465 modis
665 5411 996 5484 accipitur?
1017 5411 1270 5485 Spiritus
1298 5416 1387 5468 est
1418 5412 1609 5468 tenuis
1642 5413 1910 5484 quaedam
1961 5430 2092 5484 pro-

449 5502 671 5555 cessiva
723 5502 1074 5571 substantia,
1139 5511 1192 5557 et
1276 5518 1406 5573 quae
1462 5501 1722 5559 materiai
1783 5504 2093 5576 formaeque

520 5666 568 5703 3‘
596 5675 740 5725 Dan.
774 5687 831 5739 x,
858 5671 913 5727 8.
987 5671 1037 5708 ³⁵
1067 5672 1217 5727 Psal.
1253 5690 1441 5740 Lxxxr,
1471 5676 1525 5728 6.

2201 4714 2264 4754 se
2321 4697 2674 4754 subsistens.
2732 4696 3034 4767 Siquidem
3086 4712 3278 4752 rerum
3337 4697 3677 4753 divinarum
3722 4715 3857 4769 per-

2205 4785 2494 4845 functorie
2543 4784 2706 4840 nulla
2758 4786 2838 4840 ﬁt.
2889 4785 3040 4840 Sunt
3095 4785 3248 4840 enim
3312 4784 3445 4852 illae,
3510 4793 3692 4859 atque
3744 4805 3861 4844 una

2200 4883 2358 4942 sunt,
2418 4892 2645 4947 suaque
2691 4862 2991 4947 bypostasi
3049 4880 3105 4930 et
3142 4876 3499 4930 substantia
3554 4884 3857 4946 constant,

2202 4967 2377 5023 unius
2400 4971 2456 5022 et
2486 4966 2755 5039 ejusdem
2790 4968 3037 5030 naturae,
3071 4963 3310 5021 honoris
3352 4972 3535 5038 atque
3567 4969 3865 5024 essentia.

2202 5062 2321 5112 Hoc
2380 5056 2551 5112 nobis
2598 5060 2689 5111 est
2734 5053 3011 5123 Trinitas,
3054 5070 3168 5111 non
3227 5054 3403 5120 Deus,
3457 5060 3519 5111 et
3572 5057 3754 5123 Deus,
3810 5062 3868 5113 et

2204 5152 2377 5204 Deus.
2418 5146 2646 5202 Abeant
2674 5145 2732 5201 in
2794 5142 3009 5200 malam
3060 5161 3205 5214 rem,
3260 5148 3361 5215 qui
3405 5144 3560 5201 hanc
3615 5147 3871 5205 circum-

2204 5235 2399 5292 ferunt
2437 5234 2705 5302 haeresin,
2749 5233 2857 5288 hac
2910 5232 3064 5287 enim
3115 5232 3210 5288 via
3249 5233 3561 5305 pluralitas
3623 5232 3869 5294 deorum

2202 5326 2694 5381 introduceretur.
2757 5323 2872 5379 Nos
2925 5340 3057 5379 vero
3125 5322 3270 5389 hinc,
3319 5342 3449 5396 qua:
3536 5329 3871 5400 proprieta-

2204 5416 2364 5472 tibus
2398 5414 2508 5471 tria
2538 5419 2697 5480 sunt,
2732 5430 2913 5470 unum
2942 5428 3071 5469 esse
3118 5414 3317 5481 Deum,
3345 5430 3526 5470 unam
3560 5421 3869 5486 naturam,

2206 5522 2380 5562 unam
2431 5505 2685 5577 denique
2727 5492 3118 5560 substantiam
3178 5503 3482 5560 docemus.
3538 5492 3660 5562 Hoc
3712 5515 3869 5565 certo
