4044 6212
179 305 342 366 Μιυ

1525 299 1920 372 THESAURI
1967 303 2116 371 LIB.
2163 311 2244 372 II.

3450 317 3608 383 1150

159 442 372 497 credat
431 455 674 498 necesse
732 445 840 509 est,
891 442 1231 514 quicunque
1293 444 1470 514 sapit,
1530 445 1834 515 pietatem-
1866 448 1919 515 Α
1948 450 2056 514 est,
2086 447 2234 516 quod
2272 463 2397 513 nos,
2434 448 2530 519 qui
2565 449 2894 504 orthodoxa:
2955 450 3087 504 fidei
3132 457 3455 510 assertores
3489 473 3595 510 su-

163 548 294 602 que
338 531 737 603 amplectitur.

835 622 984 677 CAP.
1026 621 1198 678 XXII.

178 730 590 785 Demonstralio
666 745 737 784 ex
792 731 1170 785 communibus
1245 731 1586 801 nationibus,

644 803 702 856 in
738 803 1008 857 Trinitale
1041 803 1206 856 Deum
1235 818 1368 858 esse.

1667 745 1841 787 unum

251 909 448 963 Cuivis
507 907 756 976 homini,
809 911 909 980 qui
941 911 1192 964 mentem
1255 909 1532 966 divinitus
1597 910 1834 967 insitam

174 997 378 1064 habet,
438 997 557 1052 hzec
616 997 766 1052 ultro
828 1013 1060 1068 quoque
1101 998 1345 1054 inhaeret
1403 999 1618 1072 opinio,
1679 1003 1834 1072 quod

181 1081 336 1142 Deus
368 1086 701 1142 substantia
771 1088 866 1158 sit,
899 1105 1024 1158 qua:
1081 1088 1472 1144 substantiam
1504 1107 1737 1145 omnem
1783 1096 1838 1146 et

183 1175 465 1247 potentia,
515 1194 640 1248 quas
704 1178 1024 1248 potentiam
1077 1184 1314 1250 superet
1348 1193 1361 1234 :
1395 1179 1542 1234 actio
1586 1179 1836 1251 denique

179 1267 347 1322 omni
405 1268 634 1322 actione
694 1268 984 1339 superior,
1045 1275 1104 1323 ut
1153 1270 1254 1340 qui
1328 1287 1515 1340 neque
1569 1271 1834 1339 sectioni,

185 1376 381 1430 neque
415 1359 846 1430 compositioni,
912 1376 1098 1430 neque
1151 1360 1408 1432 passioni
1460 1360 1564 1415 ulli
1617 1361 1692 1415 sit
1723 1361 1834 1416 ob-

185 1449 419 1505 noxius.
471 1447 585 1501 Nec
620 1452 817 1502 tamen
871 1466 902 1502 a
962 1449 1183 1504 ratione
1245 1450 1438 1505 minus
1497 1449 1546 1505 is
1580 1451 1833 1517 aberrat,

173 1538 278 1607 qui
313 1537 490 1591 Deum
529 1539 892 1605 substantiis,
957 1539 1222 1608 potentiae
1257 1541 1311 1593 et
1355 1539 1599 1595 actionis
1630 1555 1833 1611 exper-

181 1634 301 1682 tem
336 1645 462 1682 esse
522 1629 858 1685 arbitratur.
893 1633 1074 1700 xEque
1104 1646 1236 1685 vero
1299 1631 1527 1685 aberrat
1589 1648 1620 1684 a
1680 1631 1833 1684 veri-

179 1723 325 1784 tate,
382 1719 478 1789 qui
532 1719 712 1773 Deum
774 1717 1127 1786 substantia,
1188 1723 1243 1774 et
1292 1721 1391 1791 qui
1447 1722 1726 1792 potentia,
1780 1727 1837 1777 et

1947 552 2077 590 mus
2110 553 2296 606 neque
2357 535 2538 592 alium
2585 538 2790 606 Deum,
2834 557 2900 594 ex
2955 557 3070 612 quo
3131 540 3318 597 Verbo
3377 548 3432 598 et
3465 545 3595 616 Spi-

1953 623 2100 679 ritus
2145 625 2492 695 procedunt,
2555 643 2740 698 neque
2800 627 2938 682 item
3002 630 3380 698 procedentes
3441 634 3602 704 ipsos

1945 715 2125 770 alium
2181 719 2238 771 et
2288 716 2469 772 alium
2531 735 2659 773 esse
2722 719 3000 774 docemus
3056 720 3224 776 :imo
3289 741 3470 779 unum
3527 743 3594 780 ex

1951 805 2139 859 tribus
2199 806 2377 860 Deum
2433 806 2606 861 unius
2669 809 2907 878 naturae,
2962 808 3298 881 voluntatis,
3345 812 3597 886 imperii,

1946 898 2002 948 et
2034 893 2470 950 dominationis.
2536 891 2679 952 Hinc
2710 896 2864 952 enim
2900 898 3134 954 deorum
3193 901 3386 956 unitas
3420 919 3602 973 eaque

1946 982 2247 1038 individua
2321 983 2612 1040 elucescit.
2666 985 2844 1055 Alias,
2903 988 3000 1058 qui
3063 989 3215 1044 ﬁerit
3265 995 3476 1060 potest,
3533 999 3596 1046 ut

1945 1090 2074 1144 quas
2137 1073 2192 1127 in
2230 1091 2405 1129 unam
2455 1077 2837 1147 eamdemque
2888 1081 3175 1144 naturam,
3212 1079 3595 1147 voluntatem,

1945 1165 2001 1218 et
2053 1169 2395 1232 potestatem
2453 1166 2896 1236 conjunguntur
2951 1169 3330 1240 conjungenti
3392 1169 3598 1224 nobili-

1947 1255 2061 1306 tate
2092 1252 2511 1308 contumeliosa
2534 1253 2649 1309 sint
2678 1255 2704 1308 Ἰ

2561 1403 2718 1453 CAP.
2763 1400 2976 1456 XXIII.

1997 1513 2274 1568 Adversus
2304 1529 2411 1580 eos,
2446 1516 2541 1584 qui
2570 1530 2668 1568 nos
2699 1518 2756 1568 in
2789 1523 2898 1570 (res
2929 1515 3052 1570 deos
3075 1518 3298 1572 credere
3321 1515 3530 1574 dicunt.

2014 1648 2391 1719 Nequaquam
2441 1649 2499 1703 in
2535 1653 2650 1704 tres
2703 1649 2842 1705 deos
2893 1652 3210 1717 credimus,
3247 1654 3353 1708 hoc
3386 1653 3539 1707 absit
3576 1652 3588 1707 l

1943 1737 2137 1806 sedpiu
2195 1754 2375 1792 unum
2411 1737 2591 1792 Deum
2644 1738 3126 1810 omnipotentem,
3179 1741 3277 1811 qui
3313 1742 3590 1796 tribus-in

175 1807 280 1878 (Ιυί
342 1809 566 1898 αοίιῖυηθ
629 1809 840 1880 Ρτίνθίι
913 1810 1310 1898 Ωυγοάεξυηίίυθ
1369 1811 1522 1864 enim
1583 1810 2203 1898 triPliCisBpersonis
2257 1829 2644 1898 dignoscitur.
2697 1834 2883 1885 Unam
2928 1830 2984 1885 in
3046 1832 3231 1886 tribus
3291 1841 3585 1898 naturam,

176 1897 546 1969 cognationis
633 1897 885 1968 primum
947 1895 1213 1954 divellere
1291 1899 1586 1971 quispiam
1650 1918 1832 1956 ausus

178 1984 374 2051 fuerit,
434 2003 498 2040 eo
553 1985 844 2056 duplicem
907 1985 1333 2058 blasphemiam
1394 1989 1673 2044 adversus
1733 1990 1831 2045 Di-

179 2076 482 2129 vinitatem
516 2071 923 2144 ejaculabitur.
959 2075 1460 2140 Quemadmodum
1489 2078 1642 2132 enim
1679 2081 1831 2149 quod

175 2164 507 2218 substantia
554 2167 730 2228 caret,
783 2163 970 2220 Deitas
1003 2182 1116 2219 non
1150 2169 1240 2220 est
1273 2183 1285 2219 :
1343 2166 1423 2222 ita
1456 2183 1642 2238 neque
1673 2168 1830 2238 quod

181 2261 285 2304 aut
316 2250 592 2319 potentia,
653 2254 753 2304 aut
801 2251 1027 2304 actione
1060 2252 1342 2320 privatur.
1392 2252 1536 2306 Nam
1573 2253 1671 2324 qui
1706 2253 1830 2308 ﬁeri

178 2344 395 2409 potest,
433 2355 503 2392 ne
555 2338 609 2392 id
643 2339 1230 2410 supersubslantialis
1271 2341 1594 2395 substantia
1630 2343 1727 2410 sit,
1763 2359 1830 2396 ex

177 2443 296 2498 quo
329 2427 492 2482 nulla
527 2445 639 2482 non
674 2429 1003 2482 substantia
1023 2429 1326 2498 procedit?
1348 2429 1459 2483 Nec
1485 2446 1616 2484 vero
1642 2432 1829 2500 magis

177 2517 305 2572 ﬁeri
340 2521 550 2588 potest,
613 2523 673 2572 ut
703 2517 759 2572 id
787 2534 853 2572 ex
885 2535 997 2587 quo
1055 2518 1313 2588 potentia
1344 2521 1399 2572 et
1430 2519 1578 2572 actio
1610 2519 1828 2588 quzevis

176 2611 444 2675 scaturit,
478 2608 593 2662 illis
651 2608 796 2677 ipsis
828 2614 1037 2662 careat.
1083 2607 1160 2662 Ex
1218 2606 1312 2662 illa
1347 2624 1478 2678 ergo
1533 2607 1676 2662 nulli
1714 2625 1822 2663 non

176 2697 487 2752 hominum
550 2698 723 2753 insita
797 2699 1029 2753 notione
1109 2704 1270 2770 patet
1348 2715 1522 2769 quam
1587 2698 1825 2752 minime

178 2791 257 2842 stt
289 2783 630 2857 absurdum,
683 2788 800 2841 imo
828 2789 1004 2842 etiam
1048 2785 1375 2842 necessario
1410 2793 1824 2858 consequatur,

178 2885 241 2930 ut
266 2878 419 2930 trina
458 2875 556 2931 Dei
589 2879 844 2948 potestas
876 2875 1217 2932 celebretur.
1255 2876 1376 2931 Una
1408 2877 1638 2943 quidem
1682 2875 1824 2932 sub-

176 2967 403 3021 stantiae
462 2965 1133 3039 supersubstantialitas,
1195 2985 1312 3022 una
1362 2967 1497 3022 item
1555 2967 1824 3038 potentia:

176 3055 780 3127 superpotentiaiitas,
846 3073 963 3112 una
1035 3055 1286 3128 denique
1343 3055 1590 3112 actionis
1647 3056 1823 3112 simul

175 3154 312 3201 nata
341 3146 638 3202 identitas.
668 3148 801 3212 Quas
834 3147 946 3201 tria
977 3161 1045 3201 ex
1100 3147 1301 3202 eadem
1360 3163 1556 3214 causa,
1589 3144 1816 3201 eodem-

175 3253 288 3307 que
349 3237 632 3306 principio
665 3236 843 3290 simul
900 3237 1247 3307 procedunt,
1318 3243 1371 3291 et
1401 3235 1577 3291 simul
1627 3236 1816 3291 eluce-

173 3331 366 3382 scunt.
428 3325 570 3380 Nam
633 3337 766 3380 cum
819 3326 1012 3382 omnis
1085 3327 1416 3382 substantia
1470 3326 1578 3382 hoc
1630 3327 1819 3396 ipsum

172 3416 325 3485 quod
361 3421 448 3472 est
480 3433 512 3470 a
544 3421 653 3470 Deo
714 3418 1020 3488 acceperit,
1091 3417 1156 3470 ﬁt
1205 3420 1267 3470 ut
1324 3429 1514 3488 neque
1559 3416 1686 3471 sine
1717 3432 1819 3486 po-

166 3504 351 3559 tentia
411 3521 597 3576 neque
666 3507 791 3559 sine
844 3505 1068 3560 actione
1141 3504 1630 3578 deprehendatur.
1685 3505 1817 3560 Jam

171 3597 268 3666 qui
307 3595 427 3649 ﬁeri
464 3600 676 3667 potest,
738 3598 799 3650 ut
831 3595 926 3666 qui
963 3595 1081 3652 haec
1144 3598 1319 3652 rebus
1351 3613 1474 3668 quae
1535 3600 1673 3652 sunt
1703 3597 1815 3651 im-

174 3685 423 3757 pertitus
461 3692 570 3752 est,
623 3686 958 3756 donumque
1011 3687 1067 3740 in
1126 3686 1241 3742 illis
1273 3703 1448 3742 suum
1482 3688 1560 3741 ita
1585 3703 1816 3743 conser-

172 3777 268 3829 vat
329 3780 390 3828 ut
447 3775 680 3830 dissolvi
735 3775 1070 3846 dissiparive
1129 3793 1243 3831 non
1287 3777 1484 3848 possit,
1549 3775 1633 3832 vel
1693 3777 1818 3848 ipse

174 3865 340 3935 prius
390 3881 504 3919 non
555 3864 674 3919 bare
719 3865 913 3930 fuerit,
958 3864 1044 3920 vel
1078 3866 1547 3922 immutationem
1608 3883 1816 3936 quam-

172 3953 306 4007 dam
362 3957 417 4008 et
466 3954 843 4025 privationem
878 3971 1076 4010 eorum
1127 3973 1252 4028 quae
1301 3972 1408 4009 sua
1457 3961 1650 4010 essent
1696 3971 1818 4026 per-

167 4055 379 4114 pessus
437 4045 798 4098 existimetur
853 4043 879 4098 ?
933 4039 1094 4109 Quod
1156 4046 1206 4098 si
1264 4041 1354 4098 his
1416 4045 1816 4099 contradicere

165 4143 337 4189 nemo
370 4140 564 4204 queat,
626 4134 1000 4206 perspicuum
1060 4138 1168 4199 est,
1222 4150 1396 4188 unam
1443 4133 1718 4187 Deitatem
1757 4135 1811 4188 in

164 4224 354 4278 tribUS
385 4241 513 4279 esse
545 4223 922 4279 adorandam.
956 4225 1037 4278 Ea
1067 4240 1198 4278 vero
1222 4230 1356 4278 sunt
1390 4221 1573 4290 Pater,
1610 4221 1812 4291 Filius,

162 4319 223 4368 et
253 4312 502 4384 Spiritus
550 4319 805 4368 sanctus.
841 4314 941 4368 Vel
984 4313 1156 4368 etiam
1217 4311 1325 4366 hoc
1372 4317 1538 4382 pacto
1570 4311 1814 4364 demon-

162 4403 336 4458 strari
375 4408 559 4473 potest
592 4420 605 4469 ;
641 4403 764 4458 Una
796 4403 1012 4468 Deitas,
1038 4420 1163 4474 qua:
1198 4401 1434 4473 quidem
1465 4417 1498 4454 a
1527 4400 1812 4471 theologis

161 4507 331 4546 mens
368 4491 618 4546 universi
653 4491 950 4557 deﬁnitur,
978 4492 1048 4546 ab
1076 4490 1460 4561 intelligentia
1490 4495 1544 4544 et
1566 4494 1810 4559 cognato

162 4573 462 4635 intellectu
498 4597 612 4636 non
671 4581 1021 4652 sejungitur.
1053 4581 1109 4634 Si
1154 4579 1390 4651 quidem
1427 4596 1589 4634 mens
1622 4579 1809 4633 haud-
1843 4561 1887 4625 D

162 4687 459 4742 quaquam
494 4675 669 4737 esset,
716 4672 825 4724 nisi
857 4669 1031 4724 simul
1071 4671 1373 4724 exsisteret
1405 4667 1808 4739 intelligentia,

162 4776 272 4814 nec
303 4759 684 4831 intelligentia
733 4759 990 4814 vicissim
1043 4758 1084 4813 si
1115 4757 1410 4813 intellectu
1464 4757 1805 4829 privaretur.

159 4853 284 4904 Hoc
336 4849 728 4920 ttieologicum
776 4848 999 4903 axioma
1059 4847 1143 4902 vel
1207 4847 1313 4902 hac
1372 4865 1538 4902 sacra
1587 4848 1809 4903 ratione

156 4939 622 4996 confirmabilur.
670 4939 784 4993 Nec
817 4937 969 4993 aliud
1009 4955 1075 4993 ex
1126 4937 1238 4993 alio
1271 4944 1371 4993 aut
1421 4937 1670 4993 divisum
1709 4944 1810 4994 aut

151 5029 492 5098 sejunctum
525 5035 634 5094 est,
691 5045 878 5100 neque
910 5029 1068 5084 aliud
1107 5029 1292 5099 prius,
1342 5030 1570 5084 aliudve
1604 5035 1806 5102 poste-

151 5119 298 5186 rius,
349 5123 406 5174 et
459 5124 652 5175 tamen
689 5119 798 5174 tria
849 5122 1010 5173 sunt.
1062 5117 1174 5176 Nec
1207 5120 1361 5173 enim
1419 5119 1572 5188 quod
1618 5136 1805 5186 mens,

151 5207 213 5264 id
273 5209 466 5280 ipsum
532 5214 620 5263 est
670 5207 1079 5279 intelligentia,
1141 5210 1198 5263 et
1256 5203 1608 5272 intellectus,
1669 5225 1809 5279 quo-

148 5305 312 5362 niam
373 5319 476 5360 nec
527 5303 625 5358 illa
701 5303 840 5357 sunt
895 5301 1106 5357 mentis
1171 5302 1404 5358 nomine
1487 5304 1803 5374 censenda,

136 5394 406 5467 quamvis
458 5409 526 5448 ex
559 5397 752 5447 mente
803 5389 1142 5462 procedant,
1190 5397 1245 5446 et
1305 5408 1465 5446 mens
1516 5393 1692 5446 simul
1729 5395 1806 5450 sit

136 5500 275 5542 cum
336 5483 476 5538 illis.
531 5481 633 5536 His
688 5497 859 5552 porro
912 5479 1071 5535 aliud
1135 5485 1361 5545 natura,
1403 5482 1684 5553 dignitate
1743 5485 1799 5538 st

139 5567 554 5642 conjunctione
630 5569 1076 5639 haudquaquam
1141 5583 1418 5624 conversa
1475 5569 1632 5626 aliud
1691 5571 1792 5626 ha-

136 5663 270 5717 bitu
320 5665 378 5716 et
428 5658 885 5732 proprietatibus
927 5661 1173 5713 constat.
1220 5657 1364 5712 Hinc
1422 5661 1798 5731 perspicuum

1946 1932 2120 1971 unam
2155 1917 2500 1988 potentiam,
2540 1933 2721 1972 unum
2755 1918 3090 1988 consilium,
3126 1936 3302 1976 unam
3337 1923 3587 1992 denique

1945 2005 2235 2060 actionem
2297 2011 2735 2076 cognoscentes,
2796 2024 2913 2078 qua
2966 2009 3311 2064 innotescat.
3373 2011 3489 2065 Nec
3530 2027 3594 2066 eo

1946 2095 2287 2150 temeritatis
2316 2094 2540 2163 venias,
2576 2100 2639 2150 ut
2668 2112 2784 2166 quc
2818 2097 2873 2150 id
2918 2103 3082 2168 pacto
3115 2099 3216 2152 ﬁat
3249 2099 3597 2170 interroges.

1947 2183 2192 2238 Inscitias
2248 2184 2400 2239 enim
2462 2192 2871 2255 argumentum
2923 2191 3029 2254 est,
3071 2187 3117 2242 si
3177 2187 3309 2258 quis
3354 2205 3484 2242 cum
3518 2189 3590 2244 de

1942 2273 2056 2328 Deo
2109 2273 2316 2344 agitur,
2351 2290 2465 2344 quo
2497 2275 2670 2330 modo
2716 2275 3066 2331 sciscitatur.
3101 2277 3585 2347 Quandoquidem

1939 2363 2572 2434 incomprehensibilis,
2636 2363 2753 2419 imo
2800 2365 2974 2420 etiam
3027 2367 3468 2434 inaccessibili,
3531 2372 3588 2422 et

1938 2450 2282 2523 incorporea
2337 2462 2419 2507 est
2457 2452 2758 2508 Divinitas.
2819 2453 2978 2508 Unde
3020 2455 3104 2521 ﬁt,
3163 2459 3227 2510 ut
3280 2456 3472 2527 qualis
3511 2457 3589 2511 sit

1939 2540 2213 2611 explicari
2250 2541 2407 2595 nullo
2441 2543 2614 2597 modo
2645 2547 2840 2613 queat.
2875 2545 3010 2608 Quae
3042 2545 3194 2599 enim
3227 2544 3430 2601 oculus
3471 2563 3586 2601 non

1937 2630 2104 2695 vidit,
2159 2631 2257 2700 qui
2309 2631 2655 2702 cogitatione
2715 2647 2881 2686 mens
2933 2635 3167 2704 assequi
3212 2634 3398 2690 valeat
3445 2636 3471 2688 ‘i‘
3534 2641 3587 2691 et

1938 2736 2067 2790 quze
2126 2722 2306 2774 menti
2388 2723 2581 2790 pervia
2641 2739 2756 2775 non
2814 2728 2970 2788 sunt,
3031 2738 3172 2777 eane
3233 2725 3580 2794 cujusquam

1937 2825 2205 2864 sermone
2261 2809 2533 2877 eXplicari
2584 2813 2858 2880 poterunt
2905 2810 2932 2864 ?
2989 2813 3270 2867 Caeterum
3313 2814 3466 2883 quod
3524 2815 3581 2868 in

1937 2891 2224 2952 Trinitate
2253 2895 2399 2952 Deus
2431 2898 2526 2965 sit,
2559 2904 2614 2953 et
2645 2898 2905 2954 veritatis
2936 2898 3146 2970 ipsius,
3177 2906 3234 2956 et
3265 2901 3579 2972 Scripturze

1937 3003 2116 3042 sacras
2182 2987 2514 3042 testimonio
2569 2987 2941 3059 perspicuum
3001 2993 3110 3056 est,
3201 2997 3264 3044 ut
3330 3007 3579 3060 sequen-

1935 3075 2093 3131 tibus
2153 3076 2616 3131 ccnfirmabitur.
2681 3078 3012 3132 Percontari
3071 3083 3288 3143 autem,
3348 3096 3461 3150 quc
3522 3080 3578 3134 id

1936 3166 2107 3220 modo
2141 3166 2259 3231 fiat,
2311 3165 2566 3220 hominis
2619 3166 2926 3237 improvidi
2981 3171 3090 3237 est,
3117 3171 3173 3223 et
3202 3169 3328 3238 ejus
3367 3167 3467 3238 qui
3518 3185 3580 3224 se

1933 3272 2041 3310 suo
2085 3254 2276 3309 metiri
2328 3255 2472 3325 pede
2534 3255 2776 3311 nesciat.
2831 3255 2999 3312 Prius
3055 3257 3210 3312 enim
3263 3273 3436 3313 nosce
3495 3262 3581 3312 te-

1927 3343 2124 3414 ipsum
2175 3360 2290 3414 quo
2325 3345 2496 3398 modo
2528 3345 2724 3399 anima
2757 3345 2859 3400 tibi
2892 3345 2969 3400 sit
3015 3346 3232 3413 infusa,
3281 3347 3574 3418 quomodo

1927 3439 2264 3504 compactus
2321 3451 2406 3498 es,
2455 3435 2750 3506 quomodo
2807 3452 2900 3492 res
2960 3436 3296 3508 incorporea
3346 3438 3574 3508 corpori

1927 3527 2026 3578 tuo
2058 3523 2364 3578 inhabitet.
2402 3523 2605 3579 Utrum
2632 3525 2811 3595 igitur
2851 3543 3063 3597 corpus
3095 3531 3261 3581 tuum
3289 3543 3419 3582 cum
3446 3543 3575 3582 cm-

1927 3613 2100 3668 nibus
2149 3613 2272 3668 suis
2325 3613 2604 3668 membris
2657 3614 3010 3683 extenditur,
3069 3632 3139 3668 an
3186 3631 3315 3670 vero
3368 3615 3570 3669 inuno

1925 3706 2286 3758 contractum
2321 3702 2653 3757 continetur
2681 3704 2707 3758 ?
2738 3703 2867 3758 Jam
2920 3703 2968 3757 si
3001 3703 3354 3768 extenditur,
3389 3702 3569 3758 stulta

1924 3799 2010 3848 est
2040 3792 2298 3862 quaestio,
2332 3808 2641 3863 corporum
2667 3792 2821 3846 enim
2858 3791 3156 3862 proprium
3192 3796 3281 3845 est.
3311 3791 3560 3846 extendi.

1925 3881 2024 3935 Sin
2068 3879 2452 3944 contrahitur,
2517 3880 2701 3933 multo
2733 3878 2986 3943 stultior,
3021 3894 3126 3933 nec
3175 3883 3323 3933 enim
3356 3895 3568 3948 corpus

1924 3969 2207 4024 duntaxat
2265 3968 2668 4036 incorporeum
2728 3966 3213 4038 deprehendetur,
3274 3966 3376 4021 sed
3433 3967 3569 4021 reli-

1922 4075 2050 4128 quas
2128 4073 2361 4128 quoque
2421 4061 2611 4124 partes
2664 4059 2940 4110 emortua;
3018 4056 3454 4124 convincentur,
3507 4061 3568 4112 ut

1921 4163 2046 4218 quae
2079 4146 2149 4200 ab
2199 4145 2396 4199 anima
2446 4144 2771 4199 vivificante
2823 4144 3100 4213 sejunctie
3133 4144 3274 4198 sint.
3320 4144 3479 4207 Quod
3512 4147 3563 4201 si

1919 4249 2119 4290 eorum
2179 4249 2303 4304 quae
2336 4231 2392 4286 in
2427 4237 2483 4288 te
2511 4237 2650 4287 sunt
2698 4233 3049 4304 cognitionis
3094 4249 3272 4304 capax
3324 4233 3567 4291 minime

1920 4324 2022 4391 sis,
2074 4322 2173 4394 qui
2209 4323 2329 4377 fieri
2383 4326 2592 4394 potest,
2627 4326 2692 4376 ut
2734 4338 2800 4377 ea
2851 4321 3164 4394 intelligas,
3233 4340 3360 4394 qua:
3393 4340 3567 4394 supra

1917 4416 1972 4467 te
2016 4417 2150 4466 sunt
2175 4410 2202 4466 ‘2
2227 4411 2372 4467 Nam
2405 4413 2454 4466 si
2482 4410 2699 4482 judicia
2723 4410 2948 4466 Domini
2983 4410 3387 4467 inscrutabilia
3408 4417 3564 4481 sunt,

1919 4507 1973 4556 et
2003 4500 2102 4555 viae
2153 4501 2279 4569 ejus
2331 4501 2912 4572 impervestigabiles,
2957 4517 3213 4572 quonam
3270 4504 3443 4559 modo
3474 4502 3568 4558 ille

1922 4591 2046 4662 ipse
2078 4587 2428 4660 inquiretur,
2463 4595 2564 4643 aut
2597 4590 3080 4660 pervestigabitur
3117 4591 3144 4645 ?
3183 4593 3569 4656 Quemadmo-

1921 4681 2061 4734 dum
2121 4696 2252 4735 vero
2311 4680 2417 4748 sol,
2451 4681 2681 4735 tametsi
2738 4682 2945 4737 unicus
2995 4682 3089 4749 sit,
3150 4700 3219 4738 ex
3281 4702 3343 4740 se
3375 4693 3563 4740 tamen

1920 4768 2108 4824 lucem
2142 4774 2197 4824 et
2229 4769 2473 4825 calorem
2502 4771 2715 4826 emittit
2747 4790 2760 4826 :
2797 4777 2851 4826 et
2881 4772 2968 4827 sol
3011 4773 3244 4843 quidem
3280 4775 3428 4830 lucis
3462 4793 3568 4830 n0-

1922 4860 2075 4915 mine
2112 4860 2479 4930 significatur
2505 4878 2516 4915 :
2540 4859 2638 4916 lux
2683 4879 2851 4931 porro
2896 4869 3105 4917 cuncta
3137 4880 3264 4933 quas
3295 4863 3570 4918 videntur

1919 4948 2266 5004 claritudine
2300 4950 2589 5018 patefacit,
2649 4951 2806 5004 calor
2858 4966 2990 5004 vero
3015 4950 3340 5005 animantia
3371 4950 3568 5004 omnia

1923 5037 2268 5108 plantasque
2301 5038 2556 5092 viviticat
2589 5055 2601 5093 :
2639 5038 2717 5091 ita
2748 5039 2925 5093 etiam
2972 5038 3124 5092 Deus
3158 5037 3322 5092 Pater
3352 5037 3565 5092 Filium

1918 5132 1976 5182 et
2007 5126 2285 5198 Spiritum
2320 5129 2401 5182 ita
2440 5126 2719 5191 continet,
2774 5130 2836 5180 ut
2893 5143 3010 5180 una
3034 5129 3092 5178 in
3155 5125 3341 5180 tribus
3372 5126 3566 5180 Dietas

1919 5217 2468 5288 comprehendatur.
2519 5217 2675 5272 Unus
2728 5216 2883 5272 enim
2935 5215 3090 5271 Deus
3121 5224 3232 5280 est,
3285 5216 3422 5286 quia
3455 5233 3568 5272 una

1917 5303 2134 5367 Dietas,
2177 5303 2677 5373 quemadmodum
2740 5308 2794 5358 et
2853 5303 3040 5358 lucem
3077 5301 3218 5357 solis
3259 5302 3440 5358 solem
3475 5320 3573 5374 ap-

1917 5390 2225 5462 pellamus.
2262 5392 2402 5447 Cum
2436 5392 2590 5446 enim
2626 5408 2727 5461 per
2771 5391 3031 5446 foramen
3064 5387 3384 5461 aliquodin
3418 5391 3569 5447 aedes

1915 5481 2218 5552 ingressus
2269 5485 2376 5546 est,
2421 5479 2501 5534 ita
2554 5479 2745 5534 dicere
2795 5479 3053 5536 solemus
3090 5497 3102 5535 :
3136 5479 3229 5535 Sol
3274 5482 3569 5551 ingressus

1916 5573 2157 5629 domum
2204 5569 2541 5638 illustravit,
2594 5575 2814 5638 contra,
2847 5570 2896 5625 si
2929 5570 3161 5642 quando
3211 5571 3265 5627 vi
3298 5567 3437 5628 'solis
3471 5588 3566 5627 ca-

1914 5662 2178 5720 lefactiva
2223 5659 2668 5728 incalescamus,
2726 5659 2929 5732 utique
2988 5677 3094 5717 nos
3124 5679 3156 5718 α
3189 5660 3313 5718 sole
3351 5661 3561 5717 calefa-
