4044 6212
481 303 627 362 1151

1798 299 2113 360 ΝΙΟΕῚἈΞ
2155 303 2577 371 ΟΗΟΝΙΛΤΑΞ

3746 314 3911 372 1152

478 439 601 488 ctos
634 432 904 495 dicimus,
940 447 1072 483 vom
1105 429 1338 483 interim
1375 430 1652 484 dicentes.
1687 433 1821 494 Quae
1866 432 2020 485 enim
2051 432 2123 486 ab
2152 445 2209 508 Α
2242 449 2430 510 verbis
2463 452 2550 502 ρει
2586 443 2934 500 vaticinatus
2970 461 2981 497 ;
3015 444 3152 514 Qui;
3183 445 3243 498 ίη
3281 443 3521 499 nubibus
3550 444 3796 513 κρωιά
3826 449 3912 511 ρει

476 525 598 594 ipsa
638 526 847 576 natura
881 521 1218 590 procedunt,
1247 536 1310 573 ea
1345 536 1716 590 nequaquam
1772 521 1842 575 ab
1867 521 1993 592 ejus
2027 539 2127 593 ap-

480 610 792 684 pellatione
849 609 1184 664 abhorrent.
1267 609 1761 674 Quemadmodum
1823 627 1958 681 ergo
2019 611 2126 676 sol,

479 699 711 756 tametsi
745 699 954 753 unicus
1005 697 1104 764 sit,
1138 697 1361 752 lumine
1412 702 1608 752 tamen
1655 704 1712 752 et
1755 699 1942 755 calore
1985 717 2128 771 prae-

482 791 638 846 ditus
681 793 791 854 est,
852 803 1103 858 quorum
1153 787 1387 858 utrique
1442 787 1614 842 etiam
1677 788 1818 842 solis
1851 788 2132 843 tribuitur

483 877 815 950 appellatio,
851 893 980 931 cum
1017 876 1250 930 interim
1312 877 1390 930 sit
1423 877 1632 930 unicus
1679 875 1762 931 sol
1804 895 1814 930 :
1849 878 1932 932 sic
1955 879 2126 932 etiam

481 968 708 1023 tametsi
774 984 925 1021 unus
992 971 1223 1020 tantum
1287 966 1362 1020 sit
1423 966 1596 1030 Deus,
1675 965 1883 1020 Filium
1938 972 2129 1022 tamen

480 1063 535 1113 et
591 1057 871 1128 Spiritum
933 1055 1324 1110 indissolubili
1401 1072 1546 1110 nexu
1616 1056 1726 1110 sibi
1786 1057 2133 1124 conjunctos

482 1147 676 1215 habet,
727 1147 968 1216 ipseque
1019 1146 1162 1200 adeo
1209 1145 1384 1213 Deus,
1422 1150 1484 1198 ut
1544 1145 1733 1215 reipsa
1767 1149 1871 1210 est,
1927 1145 2131 1200 Filius-

485 1251 599 1305 que
650 1234 821 1301 Deus,
857 1241 908 1287 et
965 1233 1216 1303 Spiritus
1269 1238 1416 1288 Deus
1468 1232 1816 1303 appellatur,
1864 1233 2132 1303 quamvis

484 1342 599 1378 una
634 1327 854 1377 tantum
890 1323 965 1376 sit
1026 1321 1324 1376 Divinitas.
1380 1322 1526 1386 Quid
1557 1323 1745 1376 verbis
1808 1340 1953 1390 opus
1987 1328 2073 1376 est
2107 1323 2133 1375 ‘?

488 1414 782 1484 Ignishic,
819 1429 990 1483 quem
1025 1429 1200 1467 sensu
1254 1413 1634 1482 percipimus,
1687 1412 1928 1466 materia
1978 1412 2135 1466 ﬂam-

490 1523 641 1559 mam
685 1507 1107 1575 progenerante
1137 1509 1384 1566 constat,
1430 1508 1659 1557 constat
1684 1509 1738 1557 et
1770 1519 1981 1573 vapore
2016 1503 2132 1558 illo.

488 1595 586 1664 qui
617 1611 681 1647 ex
735 1593 970 1646 ﬂamma
1015 1596 1069 1646 et
1123 1591 1366 1646 materia
1406 1607 1640 1645 sursum
1693 1592 2012 1646 emittitur:
2046 1592 2133 1645 in-

494 1683 662 1735 terim
707 1682 858 1751 ignis
921 1698 1071 1734 unus
1113 1685 1220 1748 est,
1274 1681 1521 1734 ﬂammis
1547 1684 1738 1734 autem
1787 1680 2136 1751 vaporisque

2235 541 2488 603 Domino,
2547 533 2958 590 assimilabitur
3015 534 3241 589 Domino
3305 535 3363 587 in
3421 533 3560 601 ﬁliis
3625 534 3726 586 Dei
3779 533 3824 567 ³⁸
3885 535 3908 587 ?

2231 630 2446 702 quibus
2521 624 2714 680 verbis
2791 621 3119 677 naturalem
3197 621 3513 694 peculiaris
3593 621 3900 678 ﬁliationis

2233 716 2448 774 Christi
2502 713 2946 788 praerogativam
3005 713 3182 768 tacite
3240 711 3605 778 subindicat,
3662 728 3784 781 pre
3835 713 3899 768 iis

2235 826 2382 880 quos
2450 807 2604 861 Deus
2680 803 2992 874 adoptione
3047 811 3103 857 et
3173 802 3358 872 gratia
3433 801 3547 856 sibi
3615 801 3901 857 devinxit.

2235 897 2457 954 Deinde
2505 910 2640 949 vero
2702 896 2893 964 potest
2944 895 3000 946 et
3051 891 3168 946 haec
3218 891 3278 944 in
3321 891 3584 946 medium
3656 891 3903 962 proferri

2239 987 2404 1042 ratio.
2461 983 2801 1053 Ubicunque
2854 978 3118 1035 naturale
3158 996 3270 1034 non
3322 980 3718 1050 praecesserit,
3782 980 3904 1034 ﬁeri

2239 1093 2354 1132 non
2411 1089 2602 1145 posse,
2666 1076 2730 1124 ut
2775 1068 3115 1140 adoptivum
3178 1068 3603 1139 subsequatur.
3660 1073 3806 1124 Nam
3836 1086 3902 1124 ex

2238 1163 2492 1221 naturali
2550 1160 2922 1232 generatione
2973 1175 3036 1213 ea
3068 1175 3196 1228 quis
3237 1174 3339 1228 per
3391 1157 3783 1228 adoptionem
3820 1159 3904 1222 ﬁt,

2237 1252 2564 1324 excogitata
2611 1254 2718 1304 est.
2771 1247 2967 1302 Priore
3019 1245 3270 1310 sublata,
3327 1246 3620 1314 posterior
3674 1263 3904 1317 quoque

2241 1344 2480 1399 tollatur
2533 1355 2768 1395 necesse
2826 1342 2932 1392 est.
2992 1336 3338 1391 Necessario
3397 1336 3558 1390 enim
3626 1343 3902 1391 naturam

2242 1430 2622 1502 subsequitur
2667 1427 2918 1498 adoptio.
2985 1425 3229 1480 Proinde
3289 1424 3396 1478 nisi
3448 1425 3567 1480 Deo
3625 1425 3788 1480 Patri
3823 1426 3906 1478 Fi-

2242 1523 2354 1578 lius
2389 1517 2674 1575 naturalis
2705 1521 2880 1578 esset,
2909 1530 3014 1570 nec
3045 1514 3378 1584 adoptivum
3423 1514 3606 1569 etiam
3637 1514 3900 1568 haberet.

2240 1613 2350 1668 Sed
2387 1609 2515 1667 Filii
2547 1607 2742 1663 dilecti
2775 1604 3078 1672 beneﬁcio,
3114 1620 3279 1658 amor
3307 1621 3419 1676 quo
3467 1605 3600 1675 pios
3634 1621 3901 1676 quosque

2243 1700 2638 1773 prosequitur,
2687 1695 3075 1751 ascribendus
3125 1699 3231 1749 est.
3291 1693 3504 1748 Eadem
3561 1710 3815 1764 quoque
3844 1695 3904 1748 de

489 1771 766 1862 anPﬁFiO
796 1771 879 1835 ﬁt:
915 1775 979 1823 Ut
1003 1770 1436 1862 QUOdflmmfdP
1465 1769 1682 1862 referat
1705 1771 1936 1862 unicam
1969 1768 2129 1862 illam
2168 1799 2212 1862 Β
2244 1768 2603 1846 causa—ﬁlios
2636 1786 2946 1857 adoptione
2994 1793 3178 1840 vocat.
3239 1783 3471 1854 Alioqui
3501 1784 3648 1854 quid
3689 1785 3903 1846 obstat,

501 1858 888 1924 Divinitatem,
952 1875 1077 1929 quae
1168 1859 1224 1912 in
1308 1858 1516 1912 Triade
1576 1864 1775 1914 sancta
1833 1859 2133 1916 elucescit.

500 1948 687 2004 Unum
743 1964 878 2018 ergo
928 1947 988 2002 in
1044 1947 1325 2002 Trinitate
1363 1952 1541 2002 Deum
1576 1964 1703 2002 esse
1753 1949 1861 2004 hac
1901 1949 2140 2003 demon-

499 2038 778 2092 stratione
848 2037 1154 2107 probatum
1213 2037 1310 2102 sit,
1377 2041 1538 2092 tanta
1614 2037 1872 2108 quidem,
1923 2046 2141 2108 quanta

497 2128 577 2180 rei
615 2126 799 2197 ipsius
834 2125 1035 2180 virtuti
1065 2125 1346 2195 exemplis
1386 2126 1940 2197 comprehendendae
1973 2127 2139 2181 sufﬁ-

493 2214 625 2269 ciat.
665 2215 779 2269 Nec
831 2215 984 2269 enim
1037 2214 1156 2268 ullo
1209 2214 1335 2268 ﬁeri
1395 2216 1566 2269 modo
1627 2220 1832 2286 potest,
1887 2220 1951 2269 ut
2010 2231 2141 2286 per-

494 2304 756 2374 spicuam
825 2304 978 2374 quis,
1047 2303 1438 2374 omnibusque
1513 2305 1772 2358 numeris
1810 2303 2138 2359 absolutam

498 2393 757 2451 veritatis
846 2392 1232 2463 cognitionem
1333 2397 1703 2464 assequatur.
1782 2393 2141 2464 Expediisset

498 2484 733 2554 quidem
768 2488 943 2551 certe,
979 2487 1041 2538 ut
1093 2483 1297 2537 mundi
1331 2484 1531 2554 Opifex
1583 2501 1682 2554 per
1730 2490 1952 2539 creatas
2006 2502 2038 2537 a
2079 2501 2139 2539 se

499 2589 588 2627 res
622 2589 734 2628 non
771 2572 1137 2627 innotuisset.
1175 2571 1298 2626 Dici
1341 2572 1496 2626 enim
1532 2589 1647 2627 non
1689 2577 1880 2643 potest
1921 2578 2138 2644 quanto

496 2661 809 2716 interstitio
840 2661 1072 2717 Creator
1092 2679 1124 2715 a
1155 2665 1420 2716 creatura
1442 2661 1520 2716 sit
1550 2662 1814 2718 dissitas.

1115 2779 1268 2835 CAP.
1314 2779 1510 2835 XXIV.

498 2889 924 2953 Demonstratio,
956 2903 1064 2957 qua
1090 2887 1256 2942 Deum
1286 2902 1356 2941 ex
1385 2903 1446 2941 eo
1477 2887 1621 2956 quod
1677 2896 1880 2941 natura
1931 2885 2136 2941 Filium

565 2959 745 3023 habet,
817 2959 1109 3020 adaptione
1184 2974 1394 3029 quoque
1447 2959 1592 3027 ﬁlios
1640 2959 1860 3022 habere,
1929 2965 1979 3029 et
2030 2960 2139 3011 nisi

567 3029 853 3084 naturalis
903 3029 1083 3084 Filius
1111 3028 1497 3100 praecessisset,
1528 3030 1800 3101 adoptivis
1848 3028 1959 3084 loci
1989 3029 2137 3084 nihil

568 3101 838 3171 reliquum
858 3102 1052 3170 fuisse,
1083 3102 1365 3172 probatur.

564 3215 801 3280 Quodsi
832 3215 1058 3270 Christo
1108 3216 1240 3288 quis
1304 3220 1364 3270 ut
1425 3216 1605 3272 Filius
1659 3217 1754 3271 Dei
1809 3221 2132 3284 vocaretur,

495 3305 989 3374 quemadmodum
1050 3311 1105 3360 et
1159 3305 1404 3372 sanctis,
1465 3311 1520 3361 et
1581 3306 1800 3372 Israeli,
1856 3305 2135 3377 obtigisse

493 3394 680 3464 gratia
716 3396 1045 3460 contendat,
1095 3396 1243 3450 scire
1273 3395 1444 3450 debet
1474 3399 1808 3449 sanctorum
1843 3395 2133 3449 neminem

496 3483 796 3553 perspicue
832 3483 1015 3538 ﬁlium
1049 3503 1079 3539 a
1111 3484 1225 3539 Deo
1265 3488 1532 3538 vocatum
1564 3483 1764 3538 videri.
1809 3484 1929 3538 Imo
1979 3501 2136 3538 com-

499 3570 660 3624 muni
691 3588 893 3627 omnes
927 3573 1180 3643 quodam
1215 3571 1449 3626 nomine
1499 3570 1647 3626 ﬁlios
1680 3571 1979 3643 appellari,
2023 3589 2135 3626 non

497 3677 664 3715 secus
717 3665 891 3731 atque
955 3678 1153 3716 servos
1203 3659 1512 3714 benevolos
1577 3678 1608 3714 a
1671 3661 1914 3718 Domino
1986 3661 2135 3717 ﬁlios

497 3753 610 3807 dici
660 3753 944 3809 videmus.
1000 3753 1247 3823 Magnus
1293 3757 1445 3808 Certe
1498 3753 1606 3807 fuit
1653 3753 2045 3821 Abrahamus,
2079 3759 2138 3809 at

496 3843 594 3896 Dei
651 3841 806 3896 ﬁlius
863 3858 1239 3912 nequaquam
1299 3842 1490 3896 dictus
1563 3847 1668 3897 est.
1728 3842 1978 3913 Magnus
2030 3844 2138 3898 fuit

489 3934 707 4001 Moyes,
745 3934 808 3984 et
859 3934 1049 3984 caeteri
1101 3945 1306 3985 omnes
1356 3930 1670 4002 prophetae,
1712 3947 1912 3986 eorum
1943 3939 2136 3985 tamen

492 4018 786 4074 neminem
873 4023 1025 4074 Deus
1081 4019 1317 4074 nomine
1375 4019 1628 4075 ﬁliorum
1689 4020 1966 4091 dignatus
2026 4025 2133 4075 est.

491 4108 788 4164 Christum
849 4124 1047 4164 verum
1098 4113 1220 4164 tum
1284 4114 1432 4164 Deus
1492 4109 1614 4180 ipse
1655 4112 1824 4164 Pater
1855 4107 2135 4164 dilectum

496 4197 709 4252 Filium
764 4203 948 4264 vocat,
982 4203 1104 4254 tum
1161 4199 1455 4270 propheta:
1516 4214 1749 4269 quoque
1809 4198 1921 4270 ipsi
1981 4199 2134 4254 idem

497 4291 805 4345 testantur.
871 4288 984 4345 Nec
1036 4289 1090 4343 id
1123 4287 1312 4343 solum
1372 4294 1523 4360 post,
1557 4290 1657 4342 sed
1691 4294 1748 4343 et
1795 4294 1926 4344 ante
1959 4305 2136 4359 quam

494 4376 814 4433 humanam
869 4394 1102 4432 carnem
1144 4377 1434 4444 indueret,
1492 4377 1606 4431 imo
1652 4376 1844 4432 hercle
1875 4394 2006 4432 vero
2035 4395 2134 4432 an-

492 4472 730 4538 tequam
764 4468 1021 4522 mundus
1071 4469 1435 4521 conderetur.
1472 4465 1621 4520 Illud
1654 4467 1832 4532 enim,
1866 4469 1948 4522 Ea:
1978 4477 2133 4523 utero

488 4565 615 4610 ante
673 4556 991 4622 Luci/erum
1037 4558 1207 4624 genui
1259 4559 1311 4608 te
1337 4553 1404 4620 ³⁸,
1461 4560 1516 4609 et
1559 4553 1725 4623 illud,
1781 4558 1925 4612 Ante
1954 4573 2138 4611 omnes

491 4646 650 4699 colles
671 4645 864 4714 genuit
897 4659 982 4698 me
1008 4643 1080 4712 ³⁷,
1113 4643 1220 4698 hoc
1253 4646 1447 4714 ipsum
1491 4645 1818 4700 conﬁrmat.
1857 4648 1917 4700 In
1951 4647 2138 4701 homi-

494 4732 666 4787 nibus
718 4737 912 4787 autem
965 4749 1077 4788 non
1125 4732 1204 4786 ita
1236 4749 1297 4788 se
1347 4749 1434 4788 res
1473 4733 1664 4790 habet.
1729 4735 1929 4804 Itaque
1959 4751 2026 4790 ex
2053 4737 2140 4791 his

495 4822 683 4894 primo
741 4819 1034 4876 Christum
1069 4837 1181 4875 non
1216 4822 1525 4893 adOptione
1574 4827 1632 4877 et
1663 4823 1868 4890 gratia,
1899 4824 1998 4878 sed
2033 4841 2137 4879 na-

495 4915 624 4967 tura
656 4914 712 4966 et
762 4909 998 4966 veritate
1031 4910 1242 4966 Filium
1276 4911 1376 4966 Dei
1409 4911 1520 4966 dici
1585 4916 1853 4966 constat:
1892 4928 1956 4967 eo
1980 4913 2134 4983 quod

491 5018 687 5058 eorum
725 5001 823 5072 qui
870 5001 1052 5072 gratia
1085 5000 1188 5053 ﬁlii
1223 5004 1362 5054 sunt
1412 4999 1639 5054 nullum
1677 5004 1828 5053 Deus
1878 5000 1986 5054 hoc
2020 5002 2136 5072 pri-

490 5093 668 5148 vatim
732 5091 965 5147 nomine
1023 5089 1385 5162 compellarit
1433 5106 1444 5143 :
1494 5089 1586 5143 cui
1647 5088 1878 5159 quidem
1940 5091 2134 5158 amici,

489 5183 660 5250 servi,
702 5192 753 5238 et
787 5181 984 5237 famuli
1021 5197 1232 5236 nomen
1260 5180 1315 5234 in
1351 5195 1444 5234 ore
1470 5179 1744 5250 frequens
1776 5179 2137 5251 obversatur,

488 5274 565 5328 ﬁli
603 5289 732 5329 vero
767 5288 1112 5342 nunquam;
1156 5269 1385 5326 Christo
1433 5273 1626 5322 autem
1679 5268 1786 5323 soli
1833 5271 2138 5342 perspicue

491 5363 603 5414 ἀπ’
662 5359 884 5434 ἐξοχὴν,
945 5361 1053 5416 hoc
1113 5364 1200 5415 est
1262 5374 1363 5430 per
1439 5356 1862 5422 excellentiam,
1921 5377 2133 5416 nomen

493 5448 618 5503 Filii
650 5449 842 5505 dilecti
901 5449 1187 5505 attribuit.
1253 5447 1415 5511 Quod
1471 5448 1712 5504 Davides
1763 5466 1996 5520 quoque
2044 5450 2136 5504 his

566 5563 612 5596 3“
644 5565 794 5621 Psal.
845 5582 959 5631 oix,
989 5567 1041 5620 3.

496 5647 590 5696 xx,
620 5634 674 5698 2,
706 5636 757 5688 3.
837 5636 883 5668 ⁴²
910 5636 1076 5692 Deut.
1105 5653 1184 5705 vr,
1218 5638 1268 5692 4.

1126 5566 1168 5600 ⁸⁷
1203 5571 1359 5620 Prov.
1423 5582 1542 5634 vm,
1592 5567 1682 5621 25.
1760 5566 1981 5623 "Psal.
2033 5583 2296 5636 Lxxxvm,
2354 5569 2408 5626 7.
2487 5567 2532 5602 ”
2562 5568 2704 5624 Gen.
2763 5584 2900 5636 xvn,
2933 5569 2986 5624 4.
3064 5565 3109 5600 ⁴⁰
3136 5563 3290 5621 Psal.
3323 5580 3480 5633 cxm,
3514 5565 3570 5618 3.

2249 1879 2567 1950 quominus
2599 1875 2813 1947 angeli,
2846 1891 2976 1930 cum
3014 1875 3133 1929 sint
3165 1873 3506 1928 hominibus
3545 1872 3746 1926 multo
3772 1890 3902 1943 pra~

2247 1968 2582 2031 stantiores,
2615 1964 3003 2036 spiritualium
3057 1962 3308 2018 ﬁliorum
3353 1968 3545 2033 patres
3580 1962 3904 2017 dicantur:

2248 2056 2509 2112 homines
2527 2061 2720 2109 autem
2739 2053 3010 2109 dicantur
3029 2051 3056 2106 ?
3079 2051 3581 2122 quemadmodum
3617 2052 3695 2107 de
3729 2052 3906 2105 Abra-

2246 2147 2420 2201 hamo
2480 2144 2762 2199 Dominus
2811 2143 2892 2197 ait
2943 2159 2954 2197 :
3006 2143 3223 2196 Patrem
3284 2141 3598 2195 multarum
3653 2144 3905 2212 gentium

2243 2233 2506 2291 constitui
2531 2238 2581 2288 te
2611 2231 2680 2299 3°,
2715 2232 2870 2303 quod
2891 2232 2961 2286 de
2979 2230 3142 2286 nullo
3161 2230 3506 2302 angelorum
3530 2230 3760 2285 dictum
3791 2243 3899 2284 est.

2244 2325 2492 2382 Omnino
2523 2330 2732 2382 autem,
2764 2323 2904 2394 quia
2961 2321 3243 2377 naturalis
3303 2320 3656 2376 hominibus
3716 2327 3808 2376 est
3837 2321 3902 2374 li-

2244 2419 2510 2472 berorum
2574 2412 2920 2485 procreatio,
2953 2409 3178 2481 angelis
3212 2426 3344 2466 vero
3403 2427 3519 2464 non
3585 2411 3756 2476 item,
3817 2410 3904 2464 id-

2243 2506 2396 2562 circo
2428 2504 2515 2559 illi
2547 2519 2694 2574 quos
2748 2518 2849 2574 per
2878 2500 3126 2571 gratiam
3159 2500 3313 2555 Deus
3360 2500 3692 2571 adoptavit,
3733 2506 3900 2554 natu-

2242 2596 2424 2651 ralem
2483 2593 2697 2650 Christi
2751 2591 3090 2646 ﬁliationem
3149 2590 3521 2645 conﬁrmant.
3591 2590 3703 2645 Ubi
3754 2589 3900 2644 enim

2243 2685 2476 2749 veritas,
2537 2683 2617 2737 ibi
2661 2686 2718 2737 et
2765 2681 3029 2736 veritatis
3079 2680 3327 2751 species.
3387 2678 3495 2734 Ubi
3549 2695 3798 2749 corpus,
3833 2678 3899 2732 ibi

2243 2779 2298 2828 et
2353 2773 2580 2827 umbra.
2630 2769 2737 2825 Ubi
2780 2767 3092 2839 exemplar,
3154 2768 3231 2822 ibi
3266 2773 3321 2823 et
3380 2769 3598 2839 imago.
3659 2767 3906 2822 Proinde

2243 2862 2382 2933 quia
2434 2869 2697 2915 naturam
2748 2858 3016 2930 sequitur
3045 2857 3302 2928 adoptio,
3373 2856 3423 2912 si
3483 2866 3704 2911 natura
3767 2874 3908 2928 pra-

2241 2950 2468 3017 existat,
2517 2947 2815 3020 adoptioni
2863 2963 3094 3020 quoque
3141 2947 3304 3002 locus
3345 2947 3474 3002 erit.
3510 2947 3552 3000 E
3585 2947 3906 3010 contrario,

2245 3039 2358 3094 nisi
2419 3043 2628 3094 natura
2673 3038 3022 3108 praaexistat,
3077 3036 3310 3106 adOptio
3365 3035 3717 3105 neutiquam
3772 3051 3908 3088 con-

2177 3157 2218 3223 C
2250 3128 2457 3184 sistere
2488 3131 2698 3198 potest.

2879 3240 3035 3297 CAP.
3078 3240 3247 3298 XXV.

2244 3355 2316 3408 De
2355 3353 2658 3422 Principio,
2717 3350 3086 3422 Principium,
3138 3349 3195 3404 id
3252 3354 3329 3403 est
3378 3349 3527 3422 Deus
3577 3355 3777 3413 Pater,
3809 3352 3905 3421 qui

2315 3421 2653 3496 quaecunque
2728 3423 2859 3496 vult,
2914 3421 2982 3496 ea
3036 3428 3236 3491 potest.
3286 3421 3514 3496 Primus
3601 3425 3656 3476 et
3718 3425 3902 3496 novis-

2313 3492 2508 3559 simus,
2563 3492 2906 3558 invisibilis,
2961 3495 3284 3559 immensus,
3354 3492 3898 3562 incircumscriptus,

2316 3569 2692 3637 incorporeus,
2791 3564 3139 3637 inde/initus,
3211 3577 3472 3629 mter-nus,
3566 3566 3898 3620 surculorum

2313 3636 2550 3703 creator,
2582 3638 2755 3692 variis
2785 3636 3082 3707 Scriptum
3111 3637 3244 3690 locis
3265 3638 3554 3706 probatur.

2315 3756 2517 3812 Totius
2551 3772 2742 3811 rerum
2797 3753 3193 3810 universitatis
3253 3770 3437 3808 unum
3497 3770 3632 3810 esse
3691 3756 3903 3826 princi-

2245 3847 2405 3918 pium
2465 3850 2520 3901 et
2575 3845 2799 3900 Veteris
2851 3852 2904 3900 el
2961 3844 3100 3899 Novi
3177 3843 3538 3899 Testamenti
3596 3845 3898 3915 Scriptura

2243 3940 2492 4005 constat.
2524 3935 2811 3990 Nimirum
2847 3933 3128 3989 universa:
3161 3934 3365 3988 mundi
3395 3934 3686 3990 machinas
3717 3940 3898 3989 Deum

2242 4029 2299 4079 et
2330 4029 2557 4078 Patrem
2591 4022 2821 4078 Domini
2879 4025 3064 4078 nostri
3093 4021 3232 4077 Jesu
3263 4021 3503 4090 Christi,
3537 4021 3898 4094 ingenitum,

2242 4111 2501 4167 interitui
2563 4129 2676 4167 non
2737 4113 3077 4181 obnoxium,
3139 4117 3439 4178 aeternum,
3512 4112 3898 4178 immensum,

2243 4201 2838 4272 incircumscriptu'n,
2868 4201 3260 4267 indeﬁnitum,
3296 4201 3790 4272 incompositum,
3824 4203 3905 4255 in-

2244 4305 2611 4360 corporeum,
2716 4289 3091 4356 invisibilem,
3189 4289 3538 4360 simplicem,
3660 4291 3902 4354 bonum,

2235 4379 2489 4448 justum,
2526 4378 2722 4432 lumen
2757 4377 2878 4432 solo
2928 4377 3221 4433 intellectu
3258 4377 3664 4450 perceptibile.
3703 4388 3902 4450 poten-

2245 4467 2382 4520 tiam
2420 4466 2986 4534 immensurabilem,
3041 4468 3207 4537 cujus
3239 4472 3434 4521 tamen
3497 4467 3679 4522 unica
3740 4485 3904 4522 men-

2243 4573 2382 4612 sura
2439 4560 2548 4624 est,
2629 4555 2827 4610 divina
2885 4555 3108 4611 scilicet
3175 4554 3462 4611 voluntas.
3527 4558 3903 4627 Quaecunque

2253 4645 2407 4700 enim
2450 4643 2589 4709 vult,
2649 4645 2849 4698 eadem
2885 4661 3114 4716 quoque
3168 4648 3375 4716 potest.
3412 4645 3576 4707 Quod
3614 4645 3908 4716 PrOpheta

2252 4734 2344 4788 his
2383 4734 2572 4789 verbis
2605 4739 2798 4804 aperte
2861 4735 3263 4790 demonstrat:
3299 4734 3500 4788 Omnia
3558 4735 3720 4789 enim
3751 4752 3905 4806 quir-

2250 4840 2463 4894 cunque
2494 4824 2665 4877 voluit
2694 4825 2978 4889 Dominus,
3021 4823 3154 4894 fecit
3185 4822 3249 4876 ⁴⁰.
3283 4823 3703 4877 Praedictorum
3737 4841 3904 4893 porro

2246 4915 2544 4968 veritatem
2605 4929 2771 4967 sacra
2845 4913 3141 4983 Scriptura
3199 4912 3528 4966 conﬁrmat.
3610 4913 3907 4967 Audimus

2247 5001 2401 5056 enim
2469 5001 2644 5054 Deum
2707 5000 2878 5055 sicin
2939 5000 3321 5071 legislalionis
3375 5017 3492 5053 suae
3530 5001 3702 5055 initio
3734 5005 3910 5056 verba

2248 5093 2556 5148 facientem
2593 5109 2606 5148 :
2646 5095 2750 5164 Ego
2782 5109 2902 5147 sum
2952 5095 3215 5147 Dominus
3244 5093 3378 5146 Deus
3417 5099 3569 5157 tuus,
3605 5095 3708 5163 qui
3736 5095 3913 5148 eduxi

2248 5190 2298 5237 te
2327 5181 2394 5236 de
2437 5190 2586 5236 terra
2642 5183 2884 5253 Egypti.
2946 5181 3061 5237 Non
3122 5189 3286 5236 erunt
3316 5182 3420 5234 tibi
3471 5181 3559 5234 aii
3614 5181 3802 5236 alieni
3833 5200 3911 5235 ro-

2248 5288 2366 5326 ram
2397 5288 2483 5326 me
2535 5272 2602 5328 “.
2637 5272 2775 5326 Item
2810 5270 2921 5326 alio
2986 5270 3135 5339 loco,
3185 5270 3349 5334 Audi,
3407 5270 3600 5336 Israel,
3639 5273 3909 5326 Dominus

2250 5360 2388 5415 Deus
2448 5368 2575 5415 tuus
2633 5361 2894 5416 Dominus
2954 5376 3095 5414 unus
3154 5364 3234 5414 est
3281 5358 3348 5412 “.
3409 5357 3508 5411 His
3571 5359 3904 5432 astipulan-

2247 5453 2342 5503 tur
2392 5455 2448 5504 et
2503 5448 2624 5517 illa,
2686 5465 2808 5521 quia
2867 5465 2968 5520 per
3035 5449 3244 5504 Isaiam
3304 5447 3655 5518 prophetam
3720 5451 3898 5505 docet

3654 5568 3698 5602 ιι
3731 5566 3897 5624 Exod.
