4044 6212
137 397 171 459 1
186 398 300 459 153
1492 399 1806 462 THESAU

1936 399 2084 460 LIB.
2130 399 2210 460 II.
3405 417 3562 478 1154

137 539 291 610 Ego,
342 535 497 593 enim
546 535 758 608 inquit,
806 553 926 593 sum
974 539 1113 594 Deus
1158 536 1398 608 primus,
1450 541 1503 593 et
1548 551 1647 606 ego
1697 550 1792 592 πο·
1828 536 1883 602 Α
1911 534 2135 599 Quibus
2160 534 2334 590 etiam
2366 535 2561 592 verbis
2582 536 2751 593 illum
2786 539 3063 597 omnibus
3122 542 3184 598 in
3235 545 3411 602 rebus
3470 549 3565 603 in-

136 628 426 692 vissimus,
459 631 511 682 et
537 625 740 696 absque
768 642 853 682 me
881 643 999 681 non
1027 635 1105 683 est
1137 628 1281 683 Deus
1310 625 1380 681 ⁴³.
1411 627 1548 682 Ante
1575 641 1663 681 me
1689 640 1801 681 non
1910 623 2420 696 circumscriptum
2454 641 2585 681 esse
2616 629 2907 685 ostendit:
2940 646 3008 685 ex
3052 631 3220 701 cujus
3279 635 3558 694 nimirum

139 722 228 773 est
282 719 556 787 formatus
612 716 753 770 Deus
798 714 973 784 alius,
1030 730 1142 772 non
1195 715 1330 787 fuit,
1387 731 1488 772 nec
1539 724 1660 787 post
1714 730 1803 770 me
1911 710 2277 782 providentia
2307 713 2506 768 omnia
2545 714 2930 785 dependeant.
2980 716 3135 774 Idem
3173 719 3230 775 in
3265 721 3380 778 alia
3411 741 3563 795 qua-

138 810 372 877 futurus
428 814 531 871 est,
588 820 690 860 nec
735 805 883 859 alius
937 809 1018 861 est
1065 814 1269 876 prater
1310 820 1417 860 me.
1475 805 1639 871 Item,
1694 805 1801 875 Ego

139 895 310 962 Deus,
362 910 459 950 nec
496 902 579 949 est
633 901 839 965 praeter
867 910 973 963 me,
1022 896 1207 966 justus
1260 902 1522 960 servator,
1579 909 1677 949 nec
1725 900 1803 948 est

136 989 355 1056 praeter
410 999 497 1039 me
524 983 589 1039 “.
650 982 875 1046 Quibus
931 987 1087 1041 certe
1143 984 1335 1042 verbis
1401 983 1796 1051 Valentinum,

143 1075 436 1142 Marcum,
497 1072 827 1140 Basilidem,
885 1079 942 1130 et
990 1074 1340 1131 Marcionem
1378 1074 1653 1131 vanitatis
1706 1090 1801 1129 co-

150 1164 372 1237 arguit,
405 1178 594 1234 neque
622 1162 779 1218 enim
815 1167 949 1219 ante
997 1179 1152 1229 eum,
1206 1179 1396 1238 neque
1451 1167 1585 1236 post
1639 1179 1800 1220 eum;

151 1252 254 1308 alii
316 1251 591 1323 cuiquam
645 1250 746 1306 Dei
805 1267 1012 1307 nomen
1070 1251 1312 1309 tribuit:
1372 1252 1475 1308 sed
1530 1251 1798 1307 eumdem

147 1341 415 1413 primum
446 1345 504 1395 et
529 1346 891 1412 postremum
919 1357 1052 1397 esse
1080 1341 1408 1399 confirmat.

680 1486 683 1487 '
784 1475 938 1531 CAP.
977 1476 1160 1532 XXVI.

230 1594 301 1648 De
327 1594 511 1648 Patre.
563 1591 829 1647 Videntur
876 1591 991 1649 hac
1036 1592 1468 1662 praecedentibus
1508 1590 1727 1664 ἀμέσως

793 1664 1159 1719 adnectendo.

230 1782 332 1836 His
363 1798 533 1852 porro
564 1796 866 1837 sacrarum
897 1781 1330 1852 Scripturarum
1362 1781 1627 1838 doctrina
1656 1799 1796 1838 con—

1910 801 2045 855 dam
2074 800 2416 872 bymnodia,
2448 818 2549 857 seu
2582 801 2822 860 laudum
2871 806 3125 876 cantico,
3184 810 3254 864 ad
3286 826 3419 867 eum
3472 815 3559 872 sic

1911 888 2033 942 ait:
2057 891 2178 959 Quo
2208 888 2296 945 ibo
2323 907 2358 944 a
2411 892 2617 961 spiritu
2645 897 2759 960 tuo,
2802 902 2899 950 aut
2927 911 3036 967 quo
3095 913 3134 953 a
3162 899 3308 969 facie
3334 904 3432 957 tua
3459 906 3553 971 fu-

1907 980 2091 1048 giam?
2117 977 2180 1033 Si
2207 979 2499 1036 ascendere
2531 982 2589 1035 in
2617 982 2837 1052 coelum,
2865 990 2930 1040 tu
2960 985 3082 1041 illic
3112 1003 3208 1050 es;
3248 989 3301 1045 si
3342 990 3558 1047 descen-

1909 1066 2038 1122 dero
2069 1069 2134 1123 in
2190 1069 2495 1139 internum,
2529 1070 2673 1127 ades.
2710 1072 2770 1127 Si
2825 1089 3104 1146 sumpsero
3151 1093 3361 1148 pennas
3414 1098 3564 1137 meas

1909 1156 2175 1226 diluculo,
2205 1167 2256 1214 et
2287 1158 2606 1217 habitavero
2666 1163 2726 1217 in
2766 1167 3032 1220 extremis
3082 1171 3259 1225 maris
3283 1189 3303 1225 :
3360 1172 3560 1227 etenim

1910 1245 2032 1301 illic
2062 1263 2263 1302 manus
2309 1252 2406 1304 tua
2452 1248 2678 1305 deducet
2724 1268 2829 1318 me,
2855 1258 2907 1308 et
2949 1257 3233 1327 occupabit
3281 1275 3368 1314 me
3425 1260 3567 1317 dea:-

1908 1340 2027 1391 tera
2081 1341 2180 1392 tua
2210 1335 2277 1394 5’.
2338 1337 2469 1394 Haec
2530 1338 2732 1411 utique
2807 1342 3382 1419 incircumscriptam
3434 1351 3563 1421 ejus

1911 1425 2306 1481 substantiam
2338 1432 2397 1482 et
2427 1429 2747 1499 potentiam
2780 1431 3095 1489 declarant.
3128 1437 3309 1492 Isaias
3332 1455 3564 1510 quoque

1912 1513 2191 1585 propheta
2238 1515 2492 1571 clamat:
2550 1517 2656 1584 Qui
2701 1519 2849 1576 sedet
2904 1537 3065 1593 super
3115 1541 3319 1596 gyrum
3371 1532 3560 1595 terrae,

1908 1605 1962 1656 et
1996 1601 2338 1658 habitatores
2392 1604 2507 1673 ejus
2559 1610 2688 1660 sunt
2746 1614 3012 1679 tanquam
3060 1612 3277 1668 locusta
3312 1613 3379 1669 ⁵³.
3440 1616 3563 1671 Alio

1910 1690 2051 1745 item
2101 1690 2225 1747 loco
2284 1690 2572 1748 idolorum
2634 1695 3043 1766 impotentiam
3102 1701 3567 1774 reprehendens,

1910 1778 2031 1835 haec
2079 1780 2340 1851 subjicit,
2393 1780 2609 1853 quibus
2664 1783 2765 1840 Det
2819 1786 3224 1845 universorum
3281 1792 3567 1863 cognitio-

152 1876 438 1927 sentanea
466 1877 573 1928 est.
603 1873 873 1927 Servator
902 1871 1057 1927 enim
1098 1876 1156 1927 et
1213 1872 1497 1928 Dominus
1530 1880 1726 1930 noster
1751 1874 1801 1930 is
1829 1861 1877 1924 Β
1909 1884 2042 1923 nem
2075 1869 2484 1941 adipiscamur.
2532 1872 2672 1943 Quis
2730 1873 2909 1944 enim,
2944 1875 3150 1947 inquit,
3212 1861 3432 1936 mensus
3488 1889 3568 1937 est

147 1966 265 2028 est,
300 1961 401 2033 qui
458 1976 691 2016 omnem
746 1977 847 2033 pro
898 1961 1068 2018 nobis
1090 1961 1385 2032 justitiam
1444 1962 1804 2035 adimplevit.

148 2050 285 2121 Ipse
314 2049 472 2105 enim
525 2048 671 2106 dixit
697 2048 934 2117 Joanni,
992 2050 1122 2105 Sine
1159 2053 1339 2118 modo,
1368 2050 1450 2107 sic
1477 2053 1628 2107 enim
1659 2052 1808 2108 decet

147 2154 251 2195 nos
306 2138 537 2211 implere
594 2154 812 2195 omnem
863 2138 1150 2210 justitiam
1180 2138 1247 2195 ⁴⁵.
1303 2139 1462 2195 Idem
1518 2144 1807 2212 quatenus

148 2228 352 2295 homo,
413 2229 675 2284 oratione
735 2243 876 2283 usus
936 2231 1045 2293 est,
1104 2232 1162 2284 et
1219 2246 1252 2283 a
1306 2229 1475 2284 Patre
1518 2229 1705 2301 petiit,
1742 2234 1808 2286 ut

153 2315 456 2390 apostolos
482 2319 731 2374 doceret.
765 2318 955 2389 Atque
1001 2318 1061 2373 in
1093 2317 1370 2374 orationis
1430 2318 1616 2374 forma
1646 2321 1804 2375 theo-

151 2405 408 2477 logicam
437 2406 765 2462 doctrinam
825 2404 1132 2478 discipulis
1182 2406 1523 2463 insinuavit.
1564 2412 1701 2464 Hac
1729 2412 1807 2463 est

156 2495 332 2562 enim,
365 2495 577 2567 inquit,
613 2494 725 2551 vita
778 2501 1017 2565 aeterna,
1075 2504 1137 2553 ut
1187 2500 1468 2567 cognoscat
1525 2505 1576 2552 te
1631 2499 1806 2552 solum

154 2602 351 2642 verum
378 2587 549 2641 Deum
578 2587 642 2641 “.
676 2588 843 2657 Item,
876 2586 1149 2657 Conﬁteor
1177 2587 1297 2650 tibi.
1329 2589 1523 2653 Pater,
1575 2589 1807 2645 Domine

148 2675 286 2731 caeli
313 2679 365 2730 et
408 2678 588 2745 terrae,
648 2676 907 2746 quoniam
962 2675 1297 2731 abscondisti
1342 2676 1461 2734 hac
1490 2694 1523 2732 a
1580 2680 1801 2749 sapien-

156 2764 309 2819 tibus
365 2772 417 2819 et
471 2764 728 2820 revelasti
782 2764 887 2820 illa
934 2765 1189 2836 parvulis
1226 2766 1291 2821 ‘7.
1350 2766 1498 2831 Quin
1557 2771 1614 2821 et
1664 2783 1801 2822 san-

152 2856 287 2908 ctus
317 2852 638 2925 Apostolus
668 2854 751 2909 sic
779 2854 896 2909 ait:
947 2854 1082 2926 Regi
1108 2857 1297 2910 autem
1339 2856 1669 2913 saeculorum
1698 2858 1808 2912 im-

150 2942 407 3009 mortali,
448 2941 742 3013 invisibili,
806 2942 916 3000 soli
965 2944 1092 3013 Deo,
1151 2944 1324 3000 honor
1378 2952 1429 3001 et
1501 2945 1680 3016 gloria
1742 2948 1803 3002 in

151 3034 363 3091 sarcula
419 3034 762 3103 seculorum,
838 3035 1011 3090 Amen
1067 3034 1132 3090 ιδ.
1205 3037 1374 3103 Item,
1439 3037 1586 3093 Unus
1641 3038 1804 3109 Deus,

150 3139 300 3177 unus
327 3121 597 3178 mediator
623 3122 724 3179 Dei
753 3126 803 3178 et
846 3124 1153 3193 hominum,
1186 3129 1343 3180 homo
1367 3124 1610 3181 Christus
1630 3127 1802 3182 Jesus.

156 3213 346 3269 Item:
381 3214 526 3271 Unus
557 3213 698 3267 Deus
746 3215 931 3280 Pater,
963 3229 1033 3268 ea:
1079 3229 1188 3285 quo
1218 3215 1405 3270 omnia
1432 3212 1502 3268 ‘9.

159 3301 495 3373 bujusmodi
528 3301 806 3374 pleraque
836 3301 1172 3357 testimonia
1203 3302 1261 3358 in
1297 3309 1542 3375 utroque
1600 3304 1805 3360 Testa-

158 3394 359 3447 mento
393 3391 649 3462 reperire
677 3395 788 3456 est,
821 3407 948 3463 qua:
980 3389 1129 3446 hanc
1165 3392 1536 3449 concordiam
1594 3392 1805 3448 contir-

159 3486 340 3545 ment,
404 3496 706 3551 unumque
788 3479 973 3537 Deum
1038 3479 1374 3552 praedicent,
1447 3496 1621 3553 quem
1678 3486 1804 3538 tum

156 3572 386 3635 Vetere,
445 3573 571 3624 tum
629 3568 788 3625 Novo
848 3569 1226 3626 Testamento
1285 3569 1637 3626 invisibilem
1678 3587 1807 3629 esse

156 3662 403 3715 constat.
441 3660 504 3713 In
539 3657 743 3714 Vetere
795 3657 949 3714 enim
983 3658 1055 3714 ad
1115 3658 1337 3715 Mosem
1395 3659 1480 3715 sic
1513 3659 1631 3715 ait:
1688 3661 1805 3716 Non

154 3748 301 3805 enim
322 3746 531 3804 videbit
561 3764 647 3802 me
676 3746 838 3803 homo
867 3756 919 3804 et
952 3749 1097 3803 vivet
1126 3747 1192 3806 ⁵ο.
1246 3751 1311 3804 In
1364 3750 1548 3805 sacris
1608 3752 1805 3806 autem

157 3835 488 3908 Evangeliis
542 3835 827 3892 Dominus
900 3836 1084 3892 dixit:
1145 3838 1309 3894 Nemo
1380 3837 1520 3893 vidit
1560 3839 1805 3905 Patrem,

156 3927 267 3982 nisi
296 3927 398 3997 qui
443 3930 527 3981 est
557 3940 626 3981 ex
672 3927 807 3995 Deo,
839 3926 932 3982 hic
958 3927 1099 3983 vidit
1141 3932 1385 3985 Patrem.
1438 3927 1557 3984 Hoc
1608 3927 1806 4000 ipsum

157 4014 393 4071 divinus
450 4013 626 4070 etiam
690 4016 1050 4087 evangelista
1120 4016 1207 4071 sic
1267 4015 1604 4072 exclamans
1662 4019 1807 4072 atte-

157 4110 381 4162 statur:
448 4107 618 4160 Deum
666 4121 828 4161 nemo
883 4105 1022 4161 vidit
1074 4121 1340 4177 unquam.
1392 4104 1617 4161 Iudicat
1675 4120 1808 4161 vero

156 4195 333 4252 etiam
373 4195 531 4253 unde
557 4196 615 4251 id
651 4194 940 4264 didicerit,
997 4193 1197 4251 subdit
1226 4195 1423 4250 enim:
1485 4195 1810 4265 Ungienitus

182 4288 279 4357 qui
306 4290 387 4341 est
420 4286 479 4340 in
529 4286 660 4341 sinu
714 4283 919 4353 Patris,
980 4284 1078 4339 ille
1131 4284 1435 4339 enarravit.
1495 4282 1810 4354 Apostolus

153 4389 390 4447 quoque
429 4373 513 4430 sic
572 4372 895 4429 exclamat:
952 4371 1292 4442 Immortali,
1344 4370 1646 4438 invisibili,
1707 4373 1812 4428 soli

147 4462 417 4535 sapienti,
451 4462 623 4519 honor
650 4470 701 4518 et
727 4461 908 4534 gloria
923 4460 985 4517 in
1007 4461 1217 4518 saecula
1254 4460 1591 4517 saeculorum
1611 4466 1806 4517 Amen.

150 4552 305 4608 Item
330 4567 344 4606 :
382 4552 551 4620 Quem
592 4566 751 4607 nemo
781 4551 919 4606 vidit
948 4550 1256 4618 hominum,
1286 4565 1462 4622 neque
1492 4548 1681 4605 videre
1709 4566 1807 4622 po-

151 4639 311 4698 terit.
348 4641 707 4696 Immensum
746 4656 916 4713 porro
946 4645 1005 4697 et
1034 4640 1614 4713 incircumscriptum
1640 4656 1807 4695 eum-

154 4732 294 4786 dem
355 4746 505 4801 esse,
566 4730 699 4787 aliis
757 4747 827 4786 ex
885 4729 1193 4802 utriusque
1253 4730 1614 4786 Testamenti
1662 4728 1806 4785 locis

152 4819 434 4875 dicimus.
503 4821 692 4891 Atque
763 4820 824 4874 in
901 4818 1107 4875 Vetere
1179 4819 1414 4891 quidem
1472 4818 1627 4875 Deus
1686 4819 1806 4874 ait:

151 4916 353 4974 Nonne
380 4912 576 4966 caelum
598 4914 649 4966 et
678 4919 883 4967 terram
944 4926 1037 4982 ego
1064 4909 1337 4981 compleo?
1354 4910 1491 4965 dicit
1524 4909 1806 4964 Dominus.

153 5004 306 5058 Item
341 5015 355 5054 :
388 5000 598 5057 (Italum
626 5001 768 5055 mihi
795 4999 944 5056 sedes
998 5007 1078 5055 est
1107 5007 1259 5055 terra
1298 5003 1485 5055 autem
1512 4998 1812 5055 scabellum

152 5090 363 5164 pedum
388 5106 656 5147 meorum.
691 5090 865 5158 Quam
881 5089 1101 5145 domum
1120 5087 1469 5160 gdiﬁcabitis
1501 5087 1643 5142 mihi
1671 5087 1700 5142 ‘t
1726 5087 1815 5143 di-

152 5182 236 5235 cit
296 5181 579 5237 Dominus.
670 5179 774 5235 Vel
853 5177 978 5250 quis
1033 5178 1182 5235 locus
1254 5179 1455 5249 quietis
1505 5192 1645 5235 mese
1693 5178 1817 5233 est?

148 5267 408 5323 Davides
441 5282 674 5340 quoque
704 5266 918 5322 divinis
950 5266 1212 5321 moribus
1244 5265 1595 5337 conspicuus
1626 5265 1813 5319 excla-

152 5359 321 5413 mat:
355 5356 416 5412 In
448 5372 621 5411 manu
650 5357 773 5425 ejus
802 5359 929 5410 sunt
965 5370 1146 5411 omnes
1193 5355 1329 5424 ﬁnes
1387 5364 1551 5410 terrae
1575 5353 1618 5388 ⁵¹
1647 5369 1659 5406 :
1717 5350 1817 5405 ubi

149 5461 400 5502 manum
433 5462 537 5517 pro
575 5444 1020 5517 dispensatricis
1044 5444 1273 5500 virtutis
1305 5444 1513 5499 eti‘ectu
1549 5445 1816 5511 usurpat.

226 5571 274 5607 “
305 5573 418 5628 Isa.
478 5588 625 5636 κων,
657 5574 715 5628 6.
789 5570 837 5605 ⁴⁴
867 5574 979 5628 Isa.
1039 5588 1197 5632 me,
1233 5569 1318 5631 10,
1358 5570 1441 5623 It.

245 5644 339 5698 21.
443 5641 493 5677 ‘8
522 5645 543 5698 Ι
573 5644 719 5698 Tim.
753 5658 794 5698 1.
827 5643 914 5698 17.
991 5640 1039 5676 ‘9
1070 5641 1091 5696 Ι
1124 5640 1273 5697 Tim.
1309 5656 1370 5698 ιι,
1399 5641 1435 5694 5

147 5661 215 5711 x,
247 5661 339 5699 2.1.

150 5708 434 5784 cxxxvm,
466 5715 499 5768 7
531 5731 696 5787 seqq.
775 5708 820 5750 ³⁸
851 5717 960 5770 Isa.
997 5729 1085 5778 ιι,
1117 5714 1212 5767 22.
1287 5710 1335 5745 5‘
1362 5709 1509 5766 Ibid.
1554 5708 1779 5779 15,18.
1854 5708 1902 5745 ⁵⁸
1933 5709 2079 5765 Ibid.
2118 5709 2183 5762 12
2222 5723 2386 5779 seqq.

478 5588 625 5636 κων,
657 5574 715 5628 6.
789 5570 837 5605 ⁴⁴
867 5574 979 5628 Isa.
1039 5588 1197 5632 me,
1233 5569 1318 5631 10,
1358 5570 1441 5623 11.
1546 5566 1593 5601 ⁸⁵
1625 5566 1806 5622 Matth

443 5641 493 5677 ‘8
522 5645 543 5700 Ι
573 5644 719 5698 Tim.
753 5658 794 5711 1,
827 5643 914 5699 17.
991 5640 1039 5676 ⁴⁹
1070 5641 1091 5696 I
1124 5640 1370 5711 Timsn,
1399 5641 1473 5711 5A;
1508 5638 1805 5711 Ephesz

1918 5582 1968 5635 ll,
2003 5567 2087 5619 15.
2192 5566 2239 5598 ⁴⁶
2269 5566 2437 5620 Joan.
2497 5581 2634 5632 xvn,
2685 5566 2739 5618 3.
2844 5566 2889 5598 ‘7
2918 5566 3119 5621 Matth.
3172 5581 3247 5632 ιι,

1940 5637 2033 5711 ίεθ
2063 5635 2239 5711 Exod.
2299 5636 2614 5711 XXXIII,__29.
2648 5635 2691 5670 ⁸1
2723 5636 2874 5691 I‘sal.
2909 5653 3166 5711 Lxxxxlv,
3197 5637 3252 5703 4,

1913 1958 2123 2029 pugillo
2152 1975 2328 2029 aquas
2356 1965 2408 2015 et
2446 1962 2611 2017 catos
2664 1963 2854 2033 palmo
2895 1966 3271 2035 ponderavit?
3315 1972 3442 2040 quis
3462 1987 3568 2041 ap-

1913 2046 2100 2117 pendit
2152 2047 2332 2103 tribus
2379 2050 2572 2119 digitis
2622 2052 2824 2106 molem
2872 2057 3058 2121 terrae,
3121 2060 3172 2111 et
3222 2057 3448 2114 libravit
3505 2062 3563 2115 in

1912 2134 2150 2207 pondere
2186 2147 2421 2206 montes,
2467 2146 2519 2194 et
2546 2138 2709 2194 colles
2765 2146 2826 2195 in
2854 2143 3101 2198 statera?
3158 2145 3290 2212 Quis
3346 2146 3566 2217 adjuvit

1914 2224 2189 2296 Spiritum
2218 2226 2480 2282 Domini?
2507 2236 2606 2283 aut
2632 2231 2756 2301 quis
2784 2231 3141 2287 consiliarius
3185 2234 3303 2305 ejus
3337 2237 3471 2305 fuit,
3513 2246 3566 2291 et

1913 2316 2153 2371 ostendit
2173 2316 2310 2371 illi?
2340 2316 2474 2371 Cum
2506 2334 2610 2389 quo
2639 2318 2773 2374 iniit
2826 2321 3150 2388 consilium,
3197 2327 3249 2379 et
3296 2324 3568 2381 instruxit

1913 2420 2059 2475 eum,
2103 2412 2153 2461 et
2207 2405 2395 2461 docuit
2439 2423 2565 2462 eum
2611 2410 2863 2463 semitam
2893 2409 3159 2481 justitiw,
3213 2418 3269 2468 et
3320 2414 3564 2471 erudivit

1913 2510 2037 2549 eum
2067 2495 2387 2561 scientiam,
2432 2503 2483 2551 et
2513 2498 2661 2552 viam
2705 2498 3020 2569 prudentia:
3058 2503 3304 2557 ostendit
3358 2504 3449 2560 illi
3473 2511 3516 2545 εδ
3540 2506 3567 2561 ?

1917 2584 2136 2640 Deinde
2164 2590 2452 2656 quantum
2487 2586 2746 2642 humano
2778 2587 3074 2645 intellectu
3109 2594 3163 2645 et
3213 2590 3417 2664 lingua
3464 2593 3560 2650 lu-

1918 2677 2145 2732 tulenta
2182 2677 2462 2749 consequi
2503 2682 2720 2749 potest,
2779 2696 2956 2752 quam
3021 2682 3312 2739 immensa
3361 2684 3563 2741 εἰη)θί

1914 2765 2100 2821 virtus
2158 2767 2432 2821 ostendit.
2490 2771 2633 2823 Nam
2712 2767 2761 2824 si
2817 2779 3005 2837 gentes
3084 2787 3291 2841 omnes,
3351 2773 3564 2845 inquit,

1915 2857 2077 2927 quasi
2103 2855 2256 2910 stilla
2311 2856 2517 2922 situla,
2567 2860 2619 2911 et
2663 2859 2824 2928 quasi
2869 2864 3204 2915 momentum
3249 2865 3471 2918 staterae
3512 2866 3568 2917 et

1914 2955 2187 3016 tanquam
2250 2945 2435 3002 saliva
2496 2951 2776 3018 reputatae
2840 2952 2987 3014 sunt,
3054 2951 3147 3005 cui
3212 2950 3568 3006 assimilnstis

1914 3033 2228 3101 Dominum,
2257 3042 2351 3090 aut
2379 3049 2542 3106 quam
2575 3036 2872 3104 imaginem
2909 3038 3119 3108 ponetis
3176 3040 3234 3093 ei
3260 3037 3351 3093 "‘2
3400 3040 3562 3105 Quod

1916 3121 1966 3177 si
2023 3121 2254 3190 coelum,
2316 3126 2490 3188 terra,
2549 3127 2605 3177 et
2661 3139 2847 3195 aquea
2903 3128 3111 3180 natura
3164 3142 3396 3182 omnem
3458 3144 3561 3182 na-

1564 3216 1692 3270 Hsec
1749 3222 1803 3271 et
1843 3224 1886 3291 ρ
1914 3212 2105 3266 turam
2141 3215 2393 3266 creatam
2427 3212 2743 3280 continent,
2775 3212 2984 3268 horum
3038 3219 3232 3287 autem
3294 3215 3557 3271 omnium

1916 3315 2192 3355 mensura
2210 3299 2415 3355 divinis
2442 3317 2653 3358 manus
2678 3316 2953 3357 mensura
2974 3306 3082 3371 est,
3113 3305 3473 3376 perpendant
3496 3304 3560 3375 ii,

1915 3388 2015 3460 qui
2047 3387 2243 3462 lingua
2272 3395 2458 3445 Deum
2486 3389 2677 3445 metiri
2703 3395 3013 3457 conantur,
3047 3408 3222 3464 quam
3266 3392 3560 3451 immensa

1914 3478 1990 3532 sit
2024 3477 2149 3547 ejus
2205 3481 2458 3545 natura;
2515 3494 2755 3534 manum
2813 3478 2927 3535 sibi
2980 3480 3040 3535 in
3101 3481 3298 3538 animo
3354 3499 3562 3556 propo-

1915 3570 2138 3634 nentes,
2172 3581 2285 3621 non
2319 3582 2446 3637 quae
2476 3565 2736 3638 corporis
2765 3568 3098 3624 membrum
3131 3568 3228 3641 sit,
3260 3572 3360 3626 sed
3394 3586 3564 3627 ener-

1914 3656 2071 3729 giam
2097 3655 2285 3725 illam,
2318 3672 2421 3713 seu
2452 3657 2567 3712 vim
2600 3658 2972 3726 effectricem,
3002 3677 3126 3731 qua:
3183 3665 3393 3715 cuncta
3424 3677 3562 3716 con-

1917 3744 2130 3801 diderit
2159 3748 2217 3800 et
2246 3746 2552 3818 gubernet.

1985 3837 2116 3889 Hsec
2146 3838 2306 3904 sunt,
2348 3849 2476 3905 qua
2522 3833 2593 3889 de
2640 3834 3039 3890 universitatis
3091 3839 3200 3891 Deo
3230 3840 3398 3890 vetus
3459 3851 3566 3890 nos

1918 3926 2219 3998 Scriptura
2247 3926 2435 3983 docet.
2466 3927 2748 3980 Caeterum
2777 3929 2914 3981 ante
2944 3925 3116 3980 dictis
3166 3926 3335 3997 longe
3395 3924 3566 3996 plura

1917 4015 2102 4070 cuivis
2132 4015 2390 4070 invenire
2419 4012 2585 4069 facile
2614 4017 2724 4082 est,
2754 4013 2965 4084 quibus
2995 4012 3250 4069 divinam
3285 4014 3562 4070 substan-

1917 4103 2080 4170 tiam,
2115 4102 2484 4174 sapientiam,
2515 4107 2572 4158 et
2619 4103 2935 4174 potentiam
2990 4103 3562 4176 incircumscriptam

1917 4194 2046 4249 esse
2076 4197 2251 4265 patet.
2285 4194 2348 4247 In
2381 4192 2597 4247 divinis
2646 4196 2838 4248 autem
2897 4191 3228 4265 Evangeliis
3284 4193 3564 4250 Dominus

1918 4282 2349 4338 Samaritanam
2384 4281 2503 4336 hec
2533 4284 2589 4336 et
2609 4280 2827 4337 similia
2858 4280 3157 4337 sentienda
3185 4299 3312 4339 esse
3345 4284 3561 4352 docuit,

1920 4387 2045 4445 quas
2077 4386 2208 4425 cum
2246 4370 2502 4425 divinam
2530 4369 2893 4439 majestatem
2915 4368 3039 4426 loco
3061 4369 3563 4443 circumscriptam

1920 4460 2296 4528 existimaret,
2328 4474 2515 4529 eaque
2543 4458 2614 4513 de
2645 4474 2821 4514 causa
2852 4457 3133 4515 dixisset:
3170 4466 3360 4517 Patres
3392 4459 3570 4516 nostri

1918 4552 1983 4608 in
2012 4555 2114 4606 hoc
2147 4556 2328 4604 monte
2374 4548 2775 4617 adoraverunt,
2806 4556 2856 4605 et
2911 4564 3003 4604 vos
3031 4547 3237 4616 dicitis,
3298 4550 3437 4621 quia
3488 4559 3569 4606 est

1922 4641 2066 4696 locus
2096 4638 2484 4710 Hierosolymis
2513 4638 2611 4693 ubi
2656 4639 2897 4694 adorare
2951 4642 3165 4711 Oportet
3184 4638 3251 4707 ⁸⁸,
3291 4640 3568 4696 Dominus

1917 4728 2078 4784 illam
2112 4728 2475 4783 contrarium
2507 4727 2724 4782 sentire
2754 4727 2972 4792 docuit,
2996 4728 3274 4784 nimirum
3309 4728 3568 4785 divinam

1920 4821 2190 4872 naturam
2249 4814 2822 4887 incircumscriptam
2881 4832 3030 4872 esse.
3068 4816 3221 4873 Dixit
3278 4818 3433 4872 enim
3470 4817 3568 4873 ei:
3620 4818 3621 4821 “

1919 4907 2088 4962 Amen
2117 4907 2238 4962 dico
2268 4904 2391 4973 tibi,
2424 4906 2647 4973 mulier,
2674 4905 2935 4977 quoniam
2974 4907 3121 4961 venit
3152 4907 3314 4973 hora,
3346 4912 3400 4961 et
3416 4923 3571 4960 nunc

1920 5003 2021 5062 est,
2062 4994 2283 5067 quando
2326 5009 2506 5066 neque
2543 4994 2959 5067 Hierosolymis,
3006 5009 3182 5066 neque
3232 4997 3291 5048 in
3342 4995 3450 5049 loco
3477 4993 3577 5049 hoc

1922 5082 2236 5139 adorabunt
2282 5085 2528 5139 Patrem.
2582 5084 2806 5148 Quibus
2864 5083 3057 5138 verbis
3113 5098 3248 5138 cum
3308 5081 3569 5136 divinum

1925 5172 2148 5229 cultum
2182 5170 2359 5228 nullis
2406 5171 2810 5226 circumscribi
2865 5175 3012 5226 Deus
3063 5170 3205 5225 locis
3251 5168 3567 5233 docuisset,

1926 5260 2266 5332 subjunxit:
2299 5259 2542 5332 Spiritus
2563 5265 2664 5326 est,
2708 5267 2757 5315 et
2786 5258 3080 5315 adorantes
3112 5274 3237 5314 eum
3268 5260 3332 5313 in
3366 5258 3571 5329 spiritu

1927 5358 1982 5408 et
2006 5350 2237 5407 veritate
2263 5350 2495 5407 adorare
2522 5348 2669 5405 decet
2691 5349 2758 5405 ⁵⁷.

2000 5439 2124 5496 Una
2165 5456 2294 5496 vero
2324 5439 2604 5494 eteadem
2644 5455 2814 5511 opere
2866 5439 3122 5494 divinam
3178 5447 3446 5495 naturam
3476 5440 3568 5495 in-

2844 5562 2889 5598 "
2918 5564 3119 5621 Matth.
3172 5581 3247 5632 ιι,
3273 5568 3382 5631 25;
3437 5567 3569 5623 Luc.

3347 5639 3393 5673 ⁵⁸
3421 5638 3573 5697 Psal.

2485 5706 2531 5741 ⁸ο
2559 5707 2729 5764 Joan.
2766 5725 2841 5776 1v,
2872 5711 2961 5765 20.
3039 5708 3087 5744 ⁵⁷
3119 5710 3261 5767 Ibid.
3286 5712 3377 5782 23,
3409 5712 3498 5767 24.

2192 5563 2239 5598 ⁴⁶
2269 5563 2437 5620 Joan.
2497 5581 2634 5632 xm,
2685 5564 2739 5618 3.
