4066 6208
488 362 646 424 lilii

1815 355 2132 417 NICETIE
2175 355 2597 418 OHONIAT/E

3753 355 3918 415 HM

485 508 825 565 corpoream
861 507 1095 563 quoque
1149 495 1208 546 et
1254 489 1622 546 indeﬁnitum
1679 506 1808 546 esse
1865 487 2140 554 ostendit,
2176 489 2224 556 Α
2258 487 2356 544 Dei
2393 491 2598 548 Filium
2628 504 2830 548 verum
2866 491 2922 544 et
2949 487 3278 558 legitimum
3309 491 3537 546 vocant.
3574 487 3915 559 Atqueipse

488 585 662 642 Porro
694 589 974 638 internum
1007 581 1181 636 etiam
1230 597 1360 636 esse
1409 579 1679 635 eumdem
1740 577 2142 634 universitatis

489 675 670 729 Deum
706 672 911 726 beatus
958 670 1198 726 Davides
1233 674 1434 724 auctor
1461 673 1569 732 est,
1605 667 1705 740 qui
1742 684 1895 722 nunc
1959 667 2138 724 dicit:

483 764 521 818 Α
555 760 758 818 seculo
789 764 841 814 et
865 759 924 814 in
956 760 1220 816 sarculum
1254 764 1315 814 tu
1345 774 1400 813 es
1429 774 1440 813 ε
1479 774 1632 812 nunc
1659 773 1790 812 vero
1821 774 1834 812 :
1870 754 2142 811 Exaudiet

484 853 772 915 Dominus,
820 857 871 904 et
929 849 1252 904 humiliabit
1283 864 1389 916 eos,
1431 847 1528 917 qui
1579 851 1656 902 est
1687 851 1813 902 ante
1843 845 2044 900 saecula
2073 843 2139 898 ⁸⁸.

488 945 659 998 Docet
683 941 859 996 etiam
893 938 1080 994 Isaias
1112 938 1419 1010 propheta,
1440 937 1532 992 his
1552 937 1743 992 verbis
1767 935 2138 992 exclamans:

486 1036 631 1086 Deus
695 1031 1058 1100 sempiternus
1119 1030 1404 1096 Dominus,
1467 1029 1562 1097 qui
1613 1026 1820 1082 creavit
1874 1027 2140 1082 terminos

485 1125 681 1176 terrae:
715 1136 821 1174 non
854 1119 1087 1187 deﬁciet,
1124 1134 1297 1189 neque
1330 1117 1623 1184 laborabit,
1655 1131 1754 1170 nec
1779 1123 1856 1170 est
1908 1114 2142 1169 investi-

483 1209 631 1278 gatio
680 1209 975 1279 sapientiae
1032 1208 1150 1273 eius
1170 1206 1237 1261 59.
1289 1207 1501 1261 Beatu
1546 1205 1788 1276 insuper
1826 1203 2138 1274 Apostolus

484 1297 756 1353 eumdem
818 1296 1165 1351 smculurum
1227 1300 1541 1354 creatorem
1610 1295 1790 1350 novit.
1853 1292 2137 1347 Dominus

490 1393 685 1444 autem
721 1391 986 1442 naturam
1017 1385 1275 1440 divinam
1315 1402 1428 1440 non
1471 1388 1703 1440 tantum
1737 1399 1928 1439 rerum
1974 1398 2135 1438 crea-

485 1477 624 1532 tioni
663 1477 985 1547 praefuisse,
1019 1475 1118 1530 sed
1154 1491 1391 1543 regnum
1427 1473 1600 1528 etiam
1650 1475 1864 1528 sanctis
1896 1487 2136 1526 conces-

489 1583 619 1620 sum
683 1580 811 1619 esse
873 1568 1004 1618 ante
1063 1561 1545 1617 constitutionem
1608 1563 1812 1616 mundi
1865 1564 2132 1615 testatur.

554 1659 684 1708 Haec
716 1658 873 1718 sunt,
909 1669 1037 1722 quae
1069 1653 1139 1705 de
1183 1652 1578 1706 universitatis
1621 1650 1798 1719 hujus
1845 1649 2132 1721 principio

485 1747 541 1797 et
564 1742 772 1796 veteris
821 1745 877 1795 et
926 1757 1081 1794 novas
1133 1741 1442 1810 Scriptura
1488 1739 1736 1794 lectione
1794 1739 2130 1806 didicimus,

2254 580 2393 634 adeo
2428 583 2595 636 Pater
2627 596 2758 635 cum
2793 578 2998 638 Filium
3033 577 3262 632 cmlitus
3294 577 3684 643 nominasset,
3733 594 3910 647 quam

2253 668 2537 736 genuinas
2560 669 2686 738 eius
2706 673 2860 732 esset
2882 666 3176 738 generatio
3195 668 3574 724 demonstrat.
3607 666 3703 720 Ait
3726 666 3908 722 enim:

2254 757 2350 811 Ilio
2378 761 2456 812 est
2486 755 2665 814 Filius
2694 774 2847 816 meus
2878 756 3126 818 dilectus,
3158 757 3218 810 in
3247 771 3349 826 quo
3389 755 3530 810 mihi
3591 755 3730 810 bene
3759 773 3910 816 cem-

2251 846 2514 915 placilum
2558 851 2636 902 est
2660 846 2728 902 ⁸⁵.
2771 847 2912 911 Quid
2948 862 3120 917 porro
3165 844 3505 916 Baptistam,
3554 845 3699 914 quid
3734 862 3911 902 evan-

2252 943 2543 1015 gelistam,
2573 947 2708 1016 quid
2742 943 3060 1016 apostolos,
3107 943 3248 1014 quid
3303 943 3498 1013 ipsum
3530 943 3793 1013 denique
3824 961 3912 998 re-

2252 1051 2380 1088 rum
2413 1035 2675 1090 omnium
2701 1041 2878 1090 Deum
2899 1033 3073 1089 dico?
3109 1049 3178 1088 ne
3198 1033 3574 1104 ipsequidem
3608 1033 3908 1100 diabolus,

2253 1124 2541 1180 mendacii
2575 1131 2758 1198 pater,
2790 1123 2903 1178 alio
2926 1139 3060 1179 eum
3081 1123 3430 1194 compellare
3457 1123 3702 1178 nomine
3724 1140 3910 1179 ausus

2251 1218 2366 1269 est:
2403 1215 2501 1269 sed
2537 1218 2854 1285 antequam
2886 1214 2946 1269 in
2977 1217 3272 1269 certamen
3294 1213 3704 1277 descenderet,
3737 1213 3911 1268 dubi—

2250 1305 2380 1358 tans
2409 1303 2570 1374 dixit,
2593 1305 2859 1359 SiF‘ilius
2891 1306 2994 1361 Dei
3021 1319 3076 1362 es
3095 1301 3162 1356 ⁸⁸.
3197 1301 3428 1358 Amissa
3456 1319 3597 1360 vero
3645 1303 3909 1370 victoria,

2245 1402 2367 1472 jam
2401 1401 2640 1457 edoctus
2674 1403 2803 1472 quis
2825 1407 3003 1480 esset,
3030 1401 3189 1466 haud
3214 1401 3388 1464 dubie
3411 1400 3708 1456 exclamat
3732 1419 3747 1455 :
3775 1403 3912 1469 Quid

2248 1491 2404 1546 nobis
2433 1497 2485 1546 et
2516 1491 2618 1556 tibi
2669 1494 2780 1547 Fili
2810 1491 2949 1547 Dei?
3000 1493 3205 1546 venisti
3236 1490 3339 1545 huc
3385 1495 3516 1545 ante
3549 1501 3796 1560 tempus,
3854 1500 3909 1545 ut

2249 1597 2345 1636 nos
2375 1589 2654 1653 torqueres
2679 1579 2725 1616 ⁸⁷
2749 1580 2777 1635 ?
2830 1579 3113 1656 Philippis
3171 1584 3363 1636 autem
3417 1580 3698 1634 eumdem
3736 1588 3791 1634 et
3823 1595 3913 1633 ex-

2249 1671 2495 1736 celsum,
2545 1673 2596 1726 el
2658 1671 2866 1725 Filium
2923 1669 3255 1742 appellavit.
3315 1675 3390 1724 Ηι
3426 1672 3576 1726 enim
3637 1669 3908 1736 homines,

2249 1761 2462 1831 inquit,
2493 1761 2638 1815 servi
2658 1760 2766 1815 Dei
2790 1761 2999 1814 excelsi
3018 1765 3164 1826 sunt,
3189 1761 3284 1830 qui
3312 1758 3534 1831 quidem
3554 1763 3908 1814 annuatiant

487 1848 601 1886 “0n
636 1836 855 1919 inuam,
884 1833 945 1883 Ut
967 1828 1322 1919 valentium
1345 1833 1403 1883 et
1434 1828 1718 1919 mauide“
1767 1827 2128 1919 fabulam?“
2167 1852 2212 1916 Β
2247 1827 2401 1906 ιιοόιέ
2429 1849 2578 1905 viam
2607 1851 2808 1906 salutis
2837 1850 2900 1905 ⁸⁸.
2935 1849 3144 1904 Christi
3183 1827 3374 1902 autem
3427 1849 3732 1919 apostolos
3794 1865 3908 1904 ser-

490 1917 835 1974 smculorum
865 1918 1167 1988 utriusque
1189 1933 1360 1972 sexus
1385 1917 1678 1987 conjugis,
1698 1922 1754 1971 et
1775 1915 2136 1972 commixtio-

481 2023 605 2070 nes,
663 2007 881 2078 quibus
927 2008 1084 2060 velut
1142 2006 1200 2060 in
1261 2008 1559 2076 procinctu
1627 2005 1980 2061 consistant:
2030 2020 2135 2059 nec

481 2114 614 2153 vero
675 2097 853 2152 etiam
911 2096 1202 2151 contraria
1251 2104 1305 2150 et
1363 2097 1613 2162 diversa,
1675 2112 1807 2150 cum
1858 2095 2133 2162 Cerdone,

481 2185 796 2250 Marciane,
830 2194 881 2240 et
913 2184 1230 2240 Manichan
1265 2185 1572 2256 principia,
1623 2186 1721 2239 sed
1758 2200 1938 2238 unum
1973 2183 2138 2254 prin-.-

479 2275 690 2346 cipium
719 2280 774 2330 et
804 2276 1047 2344 iustum,
1092 2283 1150 2329 ut
1185 2275 1357 2346 paulo
1390 2279 1523 2346 pot
1545 2273 1944 2330 ostendemus.

1100 2400 1254 2456 CAP.
1289 2399 1517 2455 XXVII.

486 2509 553 2564 De
582 2507 741 2564 Filio.
780 2507 952 2578 [Quod
991 2509 1327 2578 unigenitus,
1373 2523 1534 2566 verus
1575 2508 1666 2561 Dei
1702 2505 1883 2564 Filius
1933 2505 2137 2578 altissi-

553 2597 695 2646 mus,
756 2577 1038 2646 Dominus,
1097 2577 1361 2644 fraternus,
1427 2579 1586 2646 Deus,
1657 2579 1808 2633 Jesus
1866 2577 2131 2646 Christus,

555 2653 714 2707 Patri
743 2649 1244 2716 consubstantialis,
1267 2653 1675 2720 coaeternusque
1703 2651 1822 2718 sit.]

553 2780 1049 2844 Quemadmodum
1085 2779 1366 2840 autemiu
1419 2795 1601 2838 unum
1661 2779 1842 2841 Deum
1907 2779 2131 2838 Patrem

482 2875 713 2929 credere
744 2872 1080 2939 didicimus,
1114 2871 1192 2926 ita
1219 2871 1395 2928 etiam
1429 2871 1486 2926 in
1521 2887 1703 2928 unum
1755 2870 1991 2935 Filium,
2034 2866 2133 2938 qui

484 2966 653 3018 natus
676 2963 752 3017 sit
782 2965 916 3017 ante
949 2961 1182 3030 saecula,
1219 2977 1408 3032 neque
1465 2961 1788 3018 secundum
1841 2955 2130 3018 Valentini

482 3050 726 3116 fabulas,
760 3049 938 3104 alium
986 3049 1375 3119 unigenitum,
1410 3049 1590 3104 alium
1624 3049 1898 3116 Verbum,
1948 3047 2129 3102 alium

487 3137 808 3205 Christum,
842 3138 1022 3194 alium
1056 3137 1308 3208 denique
1363 3138 1563 3196 Jesum
1622 3154 1750 3194 esse
1808 3139 2128 3208 docemus;

2247 1956 2345 1994 vos
2379 1939 2654 2010 appellat,
2691 1939 2798 1995 hoc
2840 1955 3051 1994 nomen
3085 1939 3155 1992 ab
3208 1939 3280 1992 iis
3330 1939 3594 1993 edoctus.
3665 1939 3908 1994 Beatum

2245 2030 2400 2085 enim
2432 2029 2678 2084 Paulum
2706 2029 2786 2084 ita
2817 2029 3109 2084 dicentem
3132 2034 3185 2082 et
3208 2027 3565 2082 scribentem
3602 2028 3906 2083 audierat:

2248 2119 2461 2174 Paulus
2503 2135 2688 2174 servus
2744 2121 2873 2174 Jesu
2938 2118 3152 2174 Christi
3211 2120 3432 2172 vocatus
3497 2117 3794 2187 Apostolus
3843 2119 3903 2173 ".

2246 2207 2409 2270 Item,
2435 2207 2650 2264 Paulus
2668 2217 2718 2264 et
2748 2210 3062 2264 Timotheus
3082 2208 3227 2262 servi
3252 2208 3379 2262 Jesu
3402 2205 3627 2260 Christi
3642 2208 3712 2262 το.
3746 2207 3905 2272 Quod

2245 2297 2293 2352 si
2326 2297 2412 2351 vel
2445 2297 2570 2370 ipse
2603 2297 2892 2354 mendacii
2925 2297 3126 2352 doctor
3153 2300 3210 2351 et
3245 2300 3447 2363 Deum,
3491 2300 3550 2350 et
3583 2297 3900 2367 excelsum,

2245 2399 2300 2448 et
2330 2395 2430 2450 Dei
2464 2393 2673 2450 Filium
2707 2402 2890 2462 vocat,
2924 2395 3301 2464 veritatisque
3331 2392 3671 2464 fulgoribus
3704 2394 3906 2463 cedat;

2248 2489 2402 2540 certe
2453 2485 2635 2558 patris
2695 2485 2786 2540 sui
2838 2484 3055 2540 diaboli
3107 2482 3619 2555 compellationem
3682 2485 3906 2539 vincere

2247 2576 2629 2642 contendunt,
2655 2575 2992 2646 quicunque
3025 2573 3234 2628 Filium
3273 2582 3608 2629 creaturam
3653 2590 3905 2630 asserere

2248 2664 2483 2718 audent.
2536 2663 2841 2733 Caeterum,
2894 2667 2960 2718 ut
2998 2663 3271 2718 eumdem
3321 2679 3353 2717 a
3403 2662 3629 2718 divinis
3680 2681 3903 2735 quoque

2242 2751 2382 2807 viris
2413 2752 2769 2808 altissimum
2803 2753 2914 2807 dici
2951 2753 3288 2823 probemus,
3320 2753 3524 2807 audire
3557 2758 3653 2807 est
3694 2753 3902 2808 Zacha-

2247 2843 2415 2908 riam,
2449 2843 2588 2897 dum
2619 2843 2708 2896 his
2743 2843 3038 2914 proprium
3074 2843 3285 2898 Filium
3321 2843 3515 2898 verbis
3543 2841 3903 2913 alloquitur:

2247 2942 2309 2995 Et
2340 2951 2417 3012 tu,
2476 2959 2634 3014 puer,
2692 2943 2963 3013 propheta
3022 2942 3298 2997 Altissimi
3342 2941 3628 2998 vocaberis
3685 2944 3904 3012 prmibis

2246 3035 2394 3086 enim
2435 3036 2561 3087 ante
2608 3033 2805 3110 [aciem
2861 3034 3083 3088 Domini
3142 3048 3342 3103 parare
3397 3036 3516 3088 vias
3547 3033 3667 3103 ejus
3693 3032 3764 3088 τί.
3798 3034 3906 3088 Ma-

2244 3136 2395 3190 gnus
2426 3121 2581 3176 enim
2637 3120 2732 3175 ille
2784 3122 3037 3176 Joannes
3089 3138 3202 3176 non
3254 3122 3436 3176 Deum
3488 3121 3757 3189 Patrem,
3813 3125 3906 3177 sed

480 3243 665 3296 neque
687 3242 818 3282 vero
841 3226 1116 3282 Arianam
1142 3227 1681 3300 Eunomianamque
1698 3226 2122 3297 blasphemiam

2247 3211 2615 3280 unigenitum
2650 3209 2858 3265 Filium
2895 3216 3286 3280 praecesserat,
3320 3211 3492 3282 cujus
3530 3212 3613 3266 rei
3667 3212 3752 3266 vel
3787 3213 3902 3283 ipse

475 3315 681 3379 secuti,
718 3330 853 3370 eum
886 3316 985 3387 qui
1018 3315 1197 3371 Filius
1229 3315 1419 3374 dictus
1440 3322 1548 3384 est,
1576 3322 1903 3374 creaturam
1931 3317 2118 3372 nomi-

474 3421 706 3459 namus.
742 3403 913 3460 Illum
945 3405 1100 3459 enim
1161 3406 1463 3476 Scriptura
1501 3406 1696 3464 divina
1754 3407 2115 3474 unigenitum

475 3508 603 3548 esse
634 3496 894 3548 testatur.
927 3493 1091 3558 Quod
1127 3494 1176 3548 si
1207 3499 1438 3550 creatus
1479 3498 1567 3550 est
1625 3493 1988 3566 Unigenitus,
2023 3513 2116 3552 so-

476 3597 664 3636 rorem
734 3581 944 3642 habeat
1020 3583 1391 3654 creationem,
1468 3583 1887 3656 universasque
1939 3585 2118 3642 totius

473 3671 791 3727 creationis
821 3678 1009 3742 partes
1069 3688 1302 3728 necesse
1361 3678 1485 3741 est;
1519 3672 1609 3736 sin
1639 3673 1977 3745 unigenitus
2009 3679 2116 3744 est,

473 3765 537 3815 ut
567 3765 676 3828 est,
713 3761 872 3816 nulla
904 3761 987 3815 illi
1019 3778 1254 3834 prorsus
1282 3778 1412 3820 cum
1437 3762 1608 3828 rebus
1639 3763 1847 3818 creatis
1877 3765 2118 3822 societas

472 3850 794 3906 intercedit.
831 3850 1205 3922 Unigenitum
1237 3869 1406 3930 porro
1455 3867 1583 3908 esse
1617 3851 1962 3924 Unigenitus
1994 3854 2120 3924 ipse

463 3938 557 3994 his
584 3939 774 3996 verbis
808 3945 1116 3998 attestatus
1148 3945 1273 4000 est:
1305 3943 1398 3996 Sic
1427 3941 1629 4004 dilexit
1661 3943 1798 4004 Deus
1829 3942 2116 4010 mundum,

460 4033 516 4083 ut
553 4031 909 4102 unigenitum
960 4031 1170 4088 Filium
1207 4047 1368 4096 suum
1412 4030 1640 4102 dederit,
1693 4040 1749 4088 ut
1808 4035 1982 4096 omnis
2023 4035 2119 4104 qui

466 4119 638 4174 credit
667 4119 728 4172 in
759 4137 884 4174 eum
914 4135 1024 4175 non
1054 4119 1340 4191 perdatur,
1371 4119 1466 4178 sed
1513 4121 1712 4178 habeat
1759 4124 1926 4178 vitam
1956 4127 2117 4178 ceter-

469 4223 605 4261 num
633 4206 699 4276 ⁶⁰,
732 4215 786 4263 et
809 4207 981 4281 paulo
1014 4214 1185 4280 post:
1219 4209 1328 4278 Qui
1347 4209 1522 4275 credit
1569 4212 1624 4270 in
1657 4227 1778 4274 eum
1810 4227 1917 4268 non
1963 4211 2116 4282 judi-

467 4300 644 4365 calur,
679 4297 774 4369 qui
804 4313 927 4355 vero
971 4314 1080 4352 non
1131 4299 1319 4368 credit,
1355 4299 1479 4370 jam
1535 4299 1812 4367 iudicatus
1841 4304 1938 4367 est,
1989 4302 2118 4372 quia

469 4401 579 4442 non
607 4387 840 4443 credidit
883 4389 942 4442 in
992 4387 1219 4452 nomine
1265 4389 1549 4462 unigeniti
1585 4391 1717 4456 Filii
1765 4390 1864 4445 Dei
1893 4387 1960 4442 θί.
2021 4389 2118 4446 His

463 4476 819 4548 evangelista
849 4494 1082 4550 quoque
1123 4479 1207 4534 sic
1238 4479 1552 4550 stipulatus
1585 4484 1673 4536 est
1707 4496 1719 4534 :
1754 4484 1820 4546 Et
1876 4481 2118 4540 Verbum

465 4582 592 4622 caro
638 4570 845 4636 factum
883 4575 984 4636 est,
1033 4577 1082 4623 et
1131 4568 1410 4626 habitavit
1459 4571 1520 4626 in
1564 4571 1739 4637 nobis,
1781 4578 1832 4626 et
1879 4571 2118 4627 uidimus
2153 4599 2197 4663 Π

465 4655 709 4726 gloriam
735 4659 874 4726 ejus,
905 4656 1147 4726 gloriam
1198 4660 1358 4730 quasi
1410 4660 1682 4732 Unigeniti
1721 4678 1753 4715 a
1783 4665 1972 4730 Patre,
2001 4663 2119 4733 ple-

462 4761 597 4800 num
626 4745 824 4816 gratim
853 4748 1169 4812 etveriIatis
1190 4746 1254 4802 δ’.
1284 4747 1479 4818 Neque
1501 4749 1654 4804 enim
1683 4755 1894 4806 natura
1925 4751 2121 4807 carnis

469 4834 788 4906 quidquam
820 4837 890 4900 de
939 4836 1259 4894 divinitatis
1319 4838 1604 4909 dignitate
1661 4840 1959 4906 diminuit,
2020 4841 2123 4896 sed

470 4924 558 4980 vel
592 4941 826 4980 carnem
861 4925 1100 4984 indutus
1134 4931 1434 4998 paternam
1461 4928 1819 4994 nobilitatem
1845 4931 2118 4994 ostendit.

463 5014 598 5070 Item
627 5033 639 5071 :
678 5016 1002 5085 Unigenitus
1032 5018 1231 5086 Filius,
1266 5019 1361 5089 qui
1397 5029 1474 5076 est
1528 5020 1588 5076 in
1620 5019 1750 5075 sinu
1783 5023 1986 5091 Patris,
2019 5021 2124 5078 ille

455 5107 747 5162 enarravit
776 5105 841 5160 ⁸³.
905 5106 1171 5178 Baptista
1233 5123 1467 5180 quoque
1499 5108 1581 5164 sic
1630 5108 1955 5168 exclamat:
2007 5113 2122 5182 Qui

453 5196 622 5250 credit
660 5196 718 5250 in
756 5195 973 5254 Filium
1030 5197 1190 5252 habet
1239 5197 1411 5252 vitam
1462 5202 1757 5267 attemam,
1808 5199 1906 5271 qui
1941 5204 2120 5257 autem

457 5281 790 5339 incredulus
835 5293 910 5340 est
967 5285 1128 5353 Filio,
1182 5302 1289 5340 non
1337 5287 1542 5342 videbit
1575 5287 1745 5344 vitam
1775 5289 1864 5344 sed
1893 5290 1982 5345 ira
2023 5289 2124 5346 Dei

461 5379 642 5429 manet
675 5391 840 5448 super
868 5391 991 5431 eum
1011 5377 1075 5429 ⁸⁸.
1135 5376 1351 5432 Omnes
1401 5377 1654 5450 denique
1708 5379 1956 5451 apostoli
1987 5396 2120 5435 eum

535 5471 776 5547 ii_Psul_,
818 5491 1055 5547 taxmx,
1107 5476 1180 5544 2;
1231 5475 1397 5547 Psal.
1466 5494 1576 5547 Liv,
1621 5478 1712 5530 20.

465 5556 502 5607 ι,
548 5542 670 5618 14..-
737 5544 962 5618 σθμῄά.
1009 5547 1089 5600 18.
1167 5542 1238 5580 ’⁵4
1268 5546 1436 5612 Joan.
1476 5542 1696 5618 "1,36.

463 5613 758 5692 “1,13,”
794 5615 839 5692 3
869 5617 1036 5692 nom.
1083 5634 1133 5692 λ,
1168 5618 1216 5670 1.
1243 5688 1284 5692 __
1312 5619 1360 5652 το
1390 5613 1601 5692 Philip.
1638 5637 1675 5689 ι,
1718 5624 1768 5692 ι.

460 5697 584 5751 vni,
614 5682 670 5734 6.
714 5680 762 5715 7‘
794 5685 939 5753 Eph.
977 5702 1052 5750 iv,
1081 5680 1134 5740 5.

1819 5478 1868 5520 59
1922 5481 2034 5534 Isa.
2090 5495 2179 5546 XL,
2237 5479 2326 5531 28.

1801 5549 1845 5583 ⁸³
1876 5548 2087 5605 Matth.
2140 5565 2223 5617 ιιι,
2259 5549 2344 5603 17.

1660 5661 1675 5689 ,
1717 5624 1768 5693 _t_.
1873 5618 1916 5654 ⁷³
1951 5624 2082 5693 Luc.
2131 5638 2170 5693 ι,
2205 5622 2292 5676 76.

1243 5688 1290 5721 ⁷⁵
1318 5688 1672 5755 Μαιιιιᾙχιη,
1704 5690 1791 5746 45.
1827 5693 1911 5746 16.
1990 5691 2036 5726 ⁷⁸
2061 5688 2230 5750 Joan.
2263 5710 2301 5761 ι,
2335 5693 2384 5746 1ο

2243 3298 2406 3354 testis
2439 3307 2520 3353 est
2552 3316 2563 3353 :
2599 3299 2993 3370 interrogatus
3043 3299 3220 3364 enim,
3270 3317 3342 3354 an
3391 3299 3522 3370 ipse
3555 3308 3718 3355 esset
3747 3301 3901 3356 Chri-

2231 3392 2378 3454 stus,
2414 3388 2521 3444 hoc
2557 3388 2788 3460 quidem
2846 3389 3100 3457 negavit,
3133 3389 3584 3461 responditque,
3620 3391 3734 3455 Ego
3761 3391 3890 3443 mis-

2226 3493 2319 3532 sus
2376 3494 2492 3531 sum
2525 3481 2652 3531 ante
2681 3474 2880 3546 [aciem
2935 3476 3057 3547 ejus
3091 3476 3156 3532 ⁷³.
3223 3478 3462 3532 υινίιιυε
3497 3477 3746 3548 insaper
3797 3477 3888 3532 ille

2230 3575 2468 3630 Davides
2491 3574 2758 3630 eumdem
2793 3573 2876 3629 sic
2908 3573 3258 3646 alloquitur;
3309 3573 3652 3646 Cognoscant
3709 3582 3887 3647 gentes

2225 3663 2364 3736 quod
2397 3680 2593 3720 nomen
2639 3669 2716 3719 est
2775 3663 2880 3730 tibi
2935 3666 3221 3736 Dominus,
3263 3674 3321 3719 tu
3372 3665 3526 3719 solus
3585 3666 3891 3728 altissimus

2222 3771 2387 3825 super
2426 3769 2641 3812 omnem
2673 3761 2879 3810 terram
2907 3751 2972 3806 ⁷³.
3004 3752 3058 3806 Si
3089 3751 3246 3808 enim
3281 3752 3596 3824 Dominus,
3629 3763 3680 3810 et
3732 3755 3894 3810 Deus

2223 3850 2324 3901 est.
2363 3844 2511 3900 Unus
2543 3842 2697 3898 enim
2759 3843 3021 3900 Dominus
3047 3843 3204 3900 Iesus
3252 3841 3524 3913 Christus,
3586 3862 3690 3917 per
3727 3862 3893 3916 quem

2223 3934 2409 3988 omnia
2438 3931 2504 4001 7‘,
2541 3935 2604 3986 ut
2661 3931 2864 3988 beatus
2908 3931 3219 4002 Apostolus
3250 3931 3347 3987 ait.
3381 3934 3536 3988 Item
3596 3934 3748 3990 Unus
3778 3937 3886 3990 De-

2223 4023 2434 4090 minus,
2468 4039 2580 4077 una
2610 4021 2740 4094 ﬁdes
2765 4019 2831 4077 ⁷⁵.
2877 4021 3125 4077 Proinde
3182 4021 3366 4077 Filius
3408 4020 3744 4079 altissimus
3775 4026 3899 4089 est,

2227 4109 2708 4184 quandoquidem
2746 4109 3053 4166 Dominus.
3088 4110 3202 4165 Sed
3220 4111 3291 4166 de
3316 4109 3408 4165 his
3435 4110 3681 4186 quidem
3711 4113 3893 4183 plera-

2227 4225 2341 4281 que
2373 4213 2573 4264 contra
2603 4207 2805 4272 Arium
2850 4212 2906 4272 et
2964 4208 3338 4275 Eunomium,
3403 4208 3571 4263 libris
3604 4209 3889 4274 adversus

2227 4287 2323 4356 eos
2355 4298 2546 4370 editis,
2573 4297 2961 4364 disseruimus
2988 4316 3001 4369 ;
3030 4315 3184 4364 nunc
3208 4299 3362 4371 quod
3387 4299 3592 4372 instat,
3617 4318 3889 4374 agamus,

2227 4388 2620 4460 eumdemque
2653 4387 2970 4454 Dominum
3002 4405 3153 4456 esse,
3197 4389 3295 4462 qui
3324 4394 3382 4444 et
3433 4389 3805 4460 unigenitus,
3839 4393 3890 4443 et

2229 4483 2378 4534 Deus
2414 4477 2688 4544 Verbum,
2720 4481 2778 4532 et
2829 4478 3102 4540 Servatur
3135 4481 3192 4534 et
3235 4477 3410 4544 Jesus
3468 4477 3569 4548 sit,
3612 4477 3894 4544 didicisse

2230 4584 2335 4622 nos
2367 4567 2770 4622 ostendamus.
2804 4569 3037 4622 Petrum
3073 4571 3264 4630 autem
3301 4566 3359 4620 in
3394 4566 3663 4622 medium
3717 4568 3898 4638 proie-

2233 4673 2452 4722 ramus,
2487 4653 2587 4728 qui
2621 4653 2846 4727 primus
2880 4655 2985 4712 has
3017 4653 3438 4727 appellationes
3493 4673 3630 4710 cum
3687 4673 3898 4728 magno

2231 4745 2500 4801 confessu
2543 4745 2847 4800 confessus
2877 4748 2985 4800 est.
3020 4743 3250 4808 Primus
3274 4744 3431 4798 enim
3485 4745 3640 4804 inter
3699 4763 3895 4802 sacros

2231 4841 2529 4916 apostolos
2588 4841 2983 4914 interrogatus
3042 4860 3075 4898 a
3133 4843 3464 4908 Servatore,
3537 4845 3648 4899 Vos
3708 4850 3900 4902 autem

2233 4949 2394 5006 quem
2443 4948 2528 4988 me
2555 4947 2672 4986 esse
2699 4931 2927 4988 dicitis?
2989 4933 3311 5004 respondit,
3347 4934 3420 4988 Tu
3464 4949 3520 4990 es
3570 4935 3755 4990 Filius
3791 4936 3898 4992 Dei

2231 5023 2348 5076 vivi
2368 5019 2436 5074 75.
2471 5024 2683 5076 Beatus
2716 5025 2911 5080 autem
2941 5021 3198 5086 Joannes
3229 5021 3593 5091 evangelista
3622 5024 3899 5080 eumdem

2231 5117 2289 5168 et
2320 5111 2575 5172 Verbum
2610 5110 2764 5181 quod
2802 5110 2914 5174 fuit
2972 5115 3109 5165 ante
3141 5110 3375 5178 saecula,
3407 5117 3467 5165 et
3519 5112 3894 5184 unigenitum

2233 5200 2468 5267 Filium,
2503 5209 2552 5253 et
2582 5198 2788 5254 mundi
2821 5198 3001 5256 totius
3033 5199 3327 5271 opiﬁcem,
3377 5205 3433 5254 et
3464 5198 3768 5256 Christum
3796 5202 3892 5257 Je-

2233 5306 2364 5345 sum
2396 5291 2582 5354 vocat,
2616 5287 2708 5342 his
2735 5287 2946 5356 verbis,
3001 5289 3061 5343 In
3088 5286 3366 5360 principio
3395 5297 3515 5343 erat
3572 5288 3812 5346 Verbum
3833 5289 3883 5342 τ’.

2232 5380 2456 5446 Quibus
2488 5377 2679 5433 verbis
2710 5381 2995 5434 aeternum
3032 5379 3210 5433 fuisse
3239 5377 3560 5449 signiﬁcat.
3593 5380 3709 5445 Qui
3741 5381 3883 5436 enin

2431 5475 2478 5509 6°
2533 5476 2701 5530 Joan.
2769 5494 2852 5542 ιιι,
2915 5477 3000 5531 46.
3102 5476 3146 5510 ⁸¹
3203 5475 3352 5530 Ibid.
3418 5476 3502 5530 18.
3607 5479 3661 5512 ⁸³
3722 5479 3876 5533 Joaa.

2449 5546 2494 5581 ⁸⁸
2525 5548 2685 5602 Matt.
2740 5565 2809 5616 iv,
2835 5547 2886 5601 3.
2991 5547 3034 5590 0"
3055 5546 3258 5602 Matth.
3303 5563 3424 5616 vm,
3458 5548 3551 5602 29.
3695 5551 3740 5588 ⁸⁸
3767 5553 3876 5605 Act.

2394 5620 2444 5654 ⁷³
2484 5617 2689 5676 Matth.
2742 5636 2805 5684 ιι,
2851 5619 2955 5687 10;
2992 5619 3145 5675 Psal.
3179 5634 3388 5690 ιῃιιι,
3443 5621 3532 5674 19.
3633 5620 3873 5680 73100.».
