4066 6208
218 342 378 413 1157

1568 338 1972 415 THISAURI
2016 345 2165 415 LIB.
2211 349 2289 417 II.

3481 359 3687 451 11581

218 479 282 543 in
314 474 603 549 principio
636 475 781 540 erat,
837 472 1037 545 utique
1087 488 1319 546 semper
1367 479 1509 545 erat,
1560 487 1666 531 nec
1719 475 1875 539 enim

2008 483 2252 543 ηειίοηὶ
2281 484 2591 547 obnoxiam
2626 489 2899 547 ostendit.
2932 489 3015 553 Ne
3054 490 3209 549 enim
3256 492 3357 551 filii
3405 495 3641 552 nomine

217 566 394 631 dixit,
428 565 491 618 In
528 561 815 634 principio
850 561 1042 632 ﬁebat,
1076 563 1163 621 vel
1196 562 1254 617 in
1308 562 1594 638 principio
1645 564 1879 625 creaba°

1988 570 2189 629 audito
2225 574 2500 635 humanis
2532 577 2969 649 suspicionibus
3003 580 3449 650 involveremur,
3474 602 3642 641 mun-

223 662 340 725 tur,
376 654 595 744 sed,ln
625 650 904 744 principio
934 650 1282 744 erttt._l?oeet
1325 668 1457 713 vero
1511 653 1689 744 etiam
1734 656 1881 726 quid
1988 659 2165 734 dique
2192 662 2372 725 totius
2403 665 2684 737 Opiﬁcem
2718 669 2922 725 eadem
2949 670 3254 727 nobiscum
3286 671 3410 744 lege
3433 679 3638 731 natum

219 748 399 813 esset,
431 743 744 812 subjungit
774 743 954 809 enim,
986 742 1051 795 Et
1089 740 1333 799 Verbum
1360 746 1483 799 erat
1514 743 1657 815 apud
1689 744 1880 815 Deum,

218 840 277 891 el
311 836 451 891 Deus
478 841 603 888 erat
639 831 872 893 Verbum
900 830 994 893 π’,
1032 830 1247 891 Deinde
1279 832 1558 903 prooemio
1583 839 1884 907 resumpto

221 923 534 989 subinfert,
569 921 678 977 Hoc
710 928 830 976 erat
856 922 916 975 in
942 918 1221 992 principio
1237 921 1381 994 apud
1404 922 1575 981 Deum
1596 920 1683 991 ⁷⁸⁸,
1708 927 1887 995 atque

223 1014 338 1069 hoc
383 1011 621 1083 quidem
669 1009 968 1065 communi
1011 1009 1248 1064 nomine
1291 1007 1352 1062 τὸ
1405 1009 1722 1082 ὁμοούσιον,
1778 1012 1889 1077 hoc

226 1106 317 1159 est
345 1099 734 1172 aequalitatem
770 1097 1113 1155 substantia
1143 1098 1441 1162 indicavit.

300 1190 463 1257 Quod
510 1189 752 1259 insuper
804 1187 989 1245 Deum
1043 1187 1273 1257 dixerit,
1325 1188 1419 1249 his
1467 1189 1681 1259 verbis,
1741 1190 1889 1262 apud

214 1281 412 1344 Deum,
469 1292 856 1351 personarum
900 1275 1299 1335 differentiam
1353 1278 1653 1341 denotavit
1684 1294 1696 1341 ;
1732 1278 1889 1343 hunc

218 1368 433 1425 Filium
460 1366 824 1438 unigenitum
853 1363 995 1421 Jesu
1027 1365 1240 1425 Christi
1273 1367 1509 1431 nomine
1541 1385 1687 1439 saepe
1718 1369 1887 1433 dixit.

221 1456 709 1528 Sapientissimus
744 1472 914 1529 porro
948 1455 1162 1510 Paulus
1195 1454 1278 1511 sic
1308 1456 1389 1511 ait
1423 1474 1437 1514 ;
1488 1458 1554 1511 At
1600 1458 1697 1513 ubi
1745 1459 1891 1517 venit

226 1546 518 1620 plenitudo
551 1547 834 1619 temporis,
865 1544 1020 1601 misit
1053 1546 1189 1603 Deus
1218 1543 1427 1607 Filium
1464 1563 1648 1616 suum,
1678 1550 1892 1617 malum

222 1653 300 1693 ex
329 1637 582 1706 muliere,
626 1638 842 1705 factum
877 1634 977 1689 sub
1028 1634 1141 1706 lege
1188 1650 1207 1690 :
1260 1641 1321 1689 ut
1354 1651 1442 1691 eos
1487 1639 1584 1707 qui
1628 1636 1725 1691 sub
1776 1636 1894 1707 lege

232 1730 416 1793 erant,
458 1724 780 1795 redimeret,
813 1732 871 1783 ut
913 1723 1274 1795 adoptionem
1321 1724 1571 1795 ﬁliorum
1619 1727 1893 1797 recipere.

1991 751 2432 823 arbitraremur,
2480 771 2548 813 ea
2586 757 2658 820 de
2708 773 2883 821 causa
2942 758 3198 818 Verbum
3266 764 3642 837 nuncupavit,

1990 837 2246 901 innuens
2275 845 2893 913 generationemillam
2918 849 2989 905 ab
3022 851 3180 913 omni
3205 850 3477 929 passione
3501 852 3646 910 libe-

1993 946 2136 986 ram.
2170 930 2283 986 Nec
2313 932 2468 989 enim
2506 934 2686 997 menti
2717 952 2818 999 seu
2878 940 3086 1001 rationi
3148 950 3360 996 nostrae
3416 943 3482 995 ad
3522 960 3641 998 scr—

1996 1035 2225 1083 monem
2252 1020 2694 1097 concipiendum
2722 1030 2779 1080 et
2802 1025 3228 1091 eti‘ormandum
3254 1030 3477 1085 femina
3493 1050 3646 1087 com-

1994 1110 2165 1181 plcxu
2209 1128 2357 1183 opus
2407 1117 2544 1171 est:
2599 1123 2700 1169 aut
2754 1115 2874 1173 ulla
2924 1118 3121 1185 sectio,
3176 1117 3402 1175 ullusve
3452 1120 3645 1185 fluxus

1991 1197 2331 1256 tolerandos
2384 1205 2518 1267 est;
2576 1202 2673 1258 sed
2707 1206 2997 1277 perfectus
3052 1224 3293 1271 manens
3323 1209 3639 1281 perfectum

1994 1304 2321 1345 sermonem
2355 1289 2550 1346 efficit.
2586 1291 2684 1348 His
2716 1293 2909 1366 itaque
2941 1301 2996 1351 et
3025 1299 3454 1368 generationem
3502 1298 3648 1355 nulli

1996 1379 2255 1451 passioni
2283 1379 2615 1450 obnoxiam,
2650 1388 2705 1438 et
2741 1386 3195 1449 coalernitatom
3234 1388 3531 1459 Unigeniti
3564 1389 3654 1443 di-

1998 1471 2273 1531 dicimUe.

2074 1568 2167 1621 Est
2219 1581 2347 1621 vero
2397 1566 2574 1627 etiam
2628 1567 2893 1639 ejusdem
2942 1581 3075 1629 cum
3131 1568 3302 1629 Patre
3352 1568 3649 1643 potentia,

1998 1651 2165 1723 eique
2198 1654 2406 1717 similis
2438 1660 2494 1711 et
2525 1654 2773 1726 aequalis
2802 1654 2861 1711 in
2894 1653 3166 1717 omnibus
3201 1671 3213 1709 :
3246 1658 3305 1717 ut
3329 1672 3397 1711 ex
3419 1654 3651 1711 Domini

1999 1741 2264 1798 doctrina
2296 1744 2515 1800 discere
2548 1743 2741 1816 quivis
2776 1743 2942 1799 facile
2974 1746 3186 1814 potest.
3220 1742 3309 1803 Ait
3338 1743 3491 1798 enim
3517 1761 3529 1797 :
3551 1745 3654 1799 Pa-

232 1832 356 1870 mu:
386 1816 450 1869 ⁷⁷.
486 1818 655 1883 Item,
692 1814 826 1869 Cum
856 1828 980 1869 vero
1007 1813 1216 1884 placuit
1245 1814 1318 1884 ei,
1360 1814 1459 1885 qui
1498 1831 1585 1871 me
1621 1831 1891 1886 segregaw

2008 1839 2087 1885 ter
2118 1848 2268 1889 meus
2298 1835 2470 1889 etiam
2499 1849 2648 1889 nunc
2678 1836 2960 1909 operatur,
2992 1841 3041 1887 et
3072 1848 3172 1902 ego
3203 1848 3397 1904 aperor
3448 1830 3523 1903 3°;
3574 1837 3652 1905 et,

223 1908 307 1963 vit
339 1908 407 1963 ab
440 1914 592 1963 utero
624 1904 825 1961 matris
848 1919 1010 1974 meae,
1033 1908 1085 1959 et
1105 1906 1316 1965 vocarit
1334 1922 1434 1977 per
1448 1908 1689 1975 gratiam
1709 1923 1890 1972 suam,

232 1998 295 2050 ut
325 1996 594 2053 reuelaret
646 1997 705 2050 in
758 2004 846 2051 me
883 1993 1088 2051 Filium
1135 2009 1303 2049 suum
1343 1993 1409 2051 ⁷⁸.
1452 1994 1583 2051 Hac
1631 1999 1688 2057 et
1730 1998 1893 2053 innu~

238 2100 402 2143 mera
460 2082 576 2141 alia
628 2081 966 2143 testimonia
1012 2082 1277 2138 invenire
1325 2086 1439 2151 est,
1493 2084 1710 2161 quibus
1756 2098 1892 2143 eum

234 2173 536 2231 Christum
600 2189 833 2245 quoque
891 2175 948 2229 et
999 2175 1283 2228 aternum
1342 2171 1575 2243 Filium,
1631 2177 1688 2228 et
1740 2171 1890 2235 Patri

239 2268 596 2319 coaternum
630 2265 857 2331 vocant,
885 2276 1063 2333 quem
1094 2261 1250 2317 idem
1292 2277 1523 2334 quoque
1551 2260 1755 2325 doctor
1785 2261 1892 2319 dov

229 2370 376 2411 cens
404 2353 598 2425 primo
628 2351 871 2423 quidem
902 2349 1029 2407 loco
1063 2349 1414 2408 saculorum
1447 2352 1728 2409 factorem
1761 2363 1893 2406 esse

234 2442 515 2501 ostendit.
548 2442 749 2513 Inquit
778 2439 936 2496 enim
962 2456 976 2495 :
1001 2441 1309 2496 Novissime
1332 2440 1522 2499 diebus
1543 2441 1660 2498 istis
1684 2441 1894 2501 locutu:

223 2537 316 2589 est
346 2532 503 2588 nobis
534 2530 596 2588 in
613 2529 774 2601 Filio,
801 2546 963 2602 quem
981 2531 1167 2602 posuit
1185 2529 1460 2597 heredem
1482 2532 1891 2597 uniuersorum,

222 2639 332 2697 per
359 2638 520 2694 quem
538 2622 670 2693 fecit
708 2630 759 2681 et
785 2624 991 2679 tacula
1019 2620 1086 2685 7°.

305 2712 455 2780 Quia
486 2726 619 2773 varo
670 2711 772 2783 qui
824 2711 1021 2771 divina
1076 2711 1273 2771 divino
1332 2728 1513 2775 sensu
1570 2711 1892 2786 intelligere

225 2801 464 2870 nolunt,
495 2799 623 2856 ﬁeri
656 2816 828 2872 posse
859 2816 974 2857 non
1008 2805 1239 2872 putant,
1290 2804 1354 2863 ut
1403 2806 1515 2859 Deo
1564 2807 1890 2863 coaternus

224 2891 331 2957 sit,
367 2889 468 2961 qui
495 2906 566 2945 ex
596 2888 712 2945 Deo
746 2893 836 2947 est
868 2907 882 2947 :
918 2905 1055 2951 nam
1095 2890 1237 2951 dum
1286 2889 1462 2955 stulte
1503 2892 1671 2961 juxta
1723 2896 1779 2948 et
1806 2897 1893 2950 ιθ.

234 2991 396 3031 mere
451 2979 725 3031 naturam
786 2974 1046 3031 divinam
1094 2976 1365 3042 humana
1409 2981 1627 3034 natura
1666 2977 1894 3050 legibus

239 3064 547 3135 subjacere
578 3068 804 3135 putant,
839 3065 1063 3121 Patrem
1113 3065 1233 3121 lilio
1284 3065 1573 3131 seniorem
1614 3084 1745 3131 esse
1789 3085 1891 3125 su-

241 3153 458 3226 spicati
490 3157 630 3211 sunt
664 3170 678 3208 :
706 3154 912 3217 beatus
940 3154 1262 3226 Apostolus
1287 3156 1358 3213 de
1385 3155 1479 3212 bis
1511 3156 1742 3213 abunde
1773 3158 1894 3215 dis-

236 3224 478 3321 putans,
513 3242 882 3314 unigenitum
915 3224 1149 3313 Filium,
1183 3247 1240 3303 et
1268 3261 1336 3300 ex
1361 3250 1501 3317 Deo,
1528 3249 1584 3301 et
1613 3262 1745 3311 cum
1779 3252 1893 3311 Deo
1935 3224 1977 3299 Ο

236 3349 372 3395 esse
430 3333 725 3393 evidenter
781 3332 1057 3391 ostendit.
1111 3333 1258 3395 Eum
1318 3332 1467 3393 enim
1525 3333 1898 3413 splendorem

236 3422 441 3495 gloria
475 3421 797 3481 nominavit
831 3437 844 3477 :
879 3421 1169 3495 siquidem
1203 3419 1481 3493 splendor
1524 3427 1580 3478 et
1636 3440 1704 3489 ex
1743 3424 1896 3497 igne,

235 3518 297 3573 et
326 3529 466 3570 cum
498 3513 633 3585 igne
661 3510 953 3573 subsistit.
990 3511 1115 3589 Igni
1148 3510 1304 3573 enim
1338 3510 1616 3593 splendor
1659 3514 1898 3580 innatus

234 3608 352 3671 est,
386 3606 451 3657 ut
481 3601 591 3657 soli
625 3602 843 3661 radius.
879 3601 959 3663 Ex
989 3617 1104 3677 quo
1131 3600 1285 3656 enim
1325 3600 1436 3669 sol,
1487 3618 1555 3665 ex
1602 3604 1802 3667 eodem
1843 3607 1901 3663 et

232 3690 413 3761 radii,
444 3691 542 3746 sed
579 3695 772 3746 tamen
801 3690 1099 3746 radiorum
1128 3707 1307 3745 causa
1327 3689 1458 3757 soli,
1485 3695 1543 3745 et
1564 3690 1899 3762 splendoris

225 3779 359 3853 igni
390 3778 706 3835 ascribitur
738 3796 751 3834 :
788 3795 893 3835 nec
927 3778 1084 3834 enim
1117 3778 1205 3835 sol
1247 3794 1316 3834 ex
1356 3780 1560 3846 radiis,
1607 3781 1707 3836 sed
1750 3780 1900 3836 radii

229 3886 306 3926 ex
363 3867 488 3925 sole
535 3868 827 3939 oriuntur,
878 3869 935 3923 et
983 3867 1262 3940 splendor
1309 3884 1377 3931 ex
1424 3867 1559 3940 igne
1619 3870 1897 3939 procedit.

234 3958 495 4014 Proinde
519 3956 857 4028 unigenitus
885 3961 944 4012 et
974 3956 1158 4013 Filius
1189 3973 1259 4011 ex
1305 3961 1473 4013 Patre
1518 3958 1750 4028 quidem
1798 3977 1898 4015 na-

236 4051 341 4104 tus
370 4054 476 4114 est,
513 4046 663 4101 Patri
696 4050 892 4101 autem
926 4061 1041 4101 non
1064 4060 1234 4102 secus
1258 4050 1431 4117 atque
1453 4045 1637 4103 oratio
1662 4047 1898 4119 rationi,

245 4134 537 4208 splendor
567 4135 711 4207 igni,
743 4138 801 4190 et
843 4134 1042 4190 radius
1091 4134 1199 4190 soli
1252 4134 1521 4192 coharet.
1569 4140 1641 4191 At
1689 4136 1897 4193 harum

240 4240 451 4282 rerum
481 4223 643 4281 nulla
675 4240 777 4296 per
806 4240 869 4280 se
899 4224 1191 4291 subsistit,
1226 4224 1327 4280 sed
1361 4223 1418 4279 in
1442 4240 1508 4280 eo
1531 4225 1897 4298 hypostasin,

228 4319 357 4373 hoc
406 4318 493 4371 est
535 4314 927 4371 sedimentum
983 4320 1038 4370 et
1085 4313 1532 4369 subsistentiam
1582 4314 1781 4386 habet,
1831 4332 1899 4373 ex

225 4421 358 4478 quo
389 4403 708 4461 enascitur.
751 4409 902 4460 Deus
932 4407 1127 4459 autem
1160 4401 1439 4468 Verbum,
1472 4404 1748 4475 splendor
1769 4405 1896 4478 glo-

232 4494 371 4560 rise,
405 4493 640 4565 energia
686 4509 798 4549 non
846 4499 933 4548 est
973 4490 1345 4552 ἀνυπόστατος
1394 4508 1427 4547 a
1475 4492 1664 4562 Patre,
1712 4510 1814 4550 seu
1866 4513 1900 4551 a

2002 1920 2155 1976 Sicut
2186 1922 2357 1983 Pater
2377 1924 2601 1979 suscitat
2630 1926 2891 1991 mortuos,
2923 1924 2973 1979 et
3004 1921 3247 1991 viviﬁcat
3278 1918 3323 1955 ⁸¹
3351 1940 3365 1991 ;
3397 1927 3471 1990 et,
3522 1925 3654 1981 Om-

2004 2012 2099 2067 nia
2127 2024 2465 2082 quaecunque
2518 2011 2675 2069 habet
2702 2013 2886 2077 Pater,
2918 2026 3037 2069 mea
3065 2013 3191 2065 sunt
3221 2009 3299 2081 3*;
3333 2015 3389 2065 et
3422 2028 3435 2065 :
3464 2012 3572 2087 Ego
3595 2010 3657 2067 in

2004 2103 2188 2165 Patre,
2219 2104 2271 2156 et
2286 2102 2451 2156 Pater
2480 2101 2539 2165 in
2566 2117 2650 2159 me
2670 2104 2779 2173 ;et,
2804 2098 3061 2168 Quividet
3080 2116 3165 2154 me
3181 2098 3653 2155 videtPalrem”.

2073 2189 2150 2245 Ex
2182 2189 2274 2246 bis
2303 2206 2473 2260 porro
2493 2207 2620 2262 qua
2648 2192 2978 2260 sequuntur
3003 2186 3500 2247 incommutabilis
3527 2188 3657 2260 ejus

2004 2278 2328 2337 similitudo
2362 2281 2671 2361 perspicua
2695 2280 2777 2341 fit.
2811 2277 3079 2350 Philippo
3108 2278 3262 2335 enim
3288 2277 3512 2334 Patrem
3542 2276 3655 2332 sibi

2003 2370 2226 2429 ostendi
2258 2375 2523 2442 rogante,
2557 2369 2818 2447 seipsum
2855 2367 3140 2427 Dominus
3171 2367 3427 2423 ostendit
3467 2383 3528 2422 se
3566 2367 3655 2422 vi-

2001 2462 2233 2519 ventem
2265 2461 2456 2519 Patris
2486 2459 2804 2532 imaginem
2834 2474 2964 2514 esse
2987 2457 3350 2530 significans,
3380 2475 3506 2528 qua
3533 2474 3657 2530 per-

2014 2548 2250 2620 spicuos
2282 2548 2571 2606 Genitoris
2604 2549 2989 2617 characteres,
3042 2562 3141 2603 seu
3193 2546 3380 2619 signa,
3433 2564 3546 2619 pra
3597 2561 3660 2603 se

2010 2640 2204 2695 ferret.
2236 2639 2392 2697 Dixit
2419 2641 2575 2703 enim
2609 2639 2876 2712 Philippo
2908 2656 2920 2693 :
2966 2638 3193 2697 Tantum
3233 2642 3449 2710 tempus
3484 2638 3660 2694 vobis-

2008 2743 2132 2785 cum
2161 2745 2300 2801 sum,
2336 2738 2391 2789 et
2415 2745 2527 2787 non
2555 2730 2759 2793 novisti
2796 2745 2903 2797 me,
2949 2726 3214 2801 Philippe
3261 2724 3353 2786 3‘?
3398 2728 3651 2797 Patrem,

2013 2816 2228 2892 inquit,
2260 2819 2427 2892 cupis
2458 2819 2671 2888 videre,
2700 2834 2834 2875 cum
2877 2833 2970 2875 me
3006 2817 3205 2879 videas
3229 2817 3256 2871 ‘2
3300 2818 3497 2891 itaque
3538 2833 3655 2874 non

2006 2910 2218 2971 novisti
2241 2925 2333 2969 me
2365 2911 2450 2966 :si
2473 2910 2627 2965 enim
2659 2924 2749 2966 me
2772 2908 3061 2977 novisses,
3090 2922 3460 2980 nequaquam
3489 2905 3653 2962 illum

2006 3000 2203 3065 videre
2227 3004 2518 3072 optasses.
2561 3000 2626 3056 In
2660 3015 2750 3055 me
2778 2998 2938 3061 enim
2970 3000 3141 3053 Pater
3168 2997 3399 3061 videtur
3433 3013 3446 3053 ς
3479 2995 3657 3068 siqui-

2009 3090 2141 3149 dem
2172 3090 2283 3147 boe
2314 3106 2382 3144 ex
2415 3088 2505 3145 bis
2523 3088 2718 3147 verbis
2742 3086 3043 3147 inducitur
3067 3102 3079 3143 :
3108 3085 3217 3154 Qui
3238 3086 3373 3141 vidit
3394 3102 3499 3152 me,
3522 3084 3662 3141 vidit

2008 3187 2060 3237 et
2091 3180 2344 3235 Patrem.
2387 3177 2562 3232 Porro
2595 3176 2688 3232 hic
2748 3191 2851 3248 per
2897 3180 3199 3247 aspectum
3242 3173 3657 3249 contemplatio

2010 3267 2143 3324 ﬁdei
2172 3266 2537 3339 intelligitur.
2579 3268 2810 3329 Tantum
2840 3264 3256 3338 enim,inquit,
3310 3268 3515 3336 tempus
3569 3279 3659 3319 vo-

2007 3356 2217 3415 biscum
2244 3373 2391 3423 sum,
2417 3358 2470 3411 et
2498 3371 2608 3413 non
2637 3370 2726 3411 me
2754 3355 2980 3421 novisti,
3007 3354 3259 3435 Philippe
3283 3356 3305 3407 ἓ
3355 3370 3469 3409 non
3495 3353 3658 3425 dixit,

2008 3446 2132 3505 Non
2161 3444 2382 3517 vidisti,
2417 3445 2540 3513 sed,
2575 3446 2689 3501 Non
2718 3443 2941 3507 novisti.
2965 3443 3213 3499 Videbat
3243 3442 3398 3501 enim
3430 3442 3658 3514 Philip-

2006 3552 2140 3610 pus,
2170 3535 2227 3593 id
2256 3535 2408 3605 quod
2435 3535 2545 3599 sub
2595 3542 2897 3606 aspectum
2947 3532 3192 3589 cadebat
3223 3549 3236 3587 :
3292 3532 3656 3595 divinitatem

2005 3641 2161 3694 vero,
2191 3641 2319 3697 qua
2372 3622 2682 3688 invisibilis
2726 3627 2833 3695 est,
2877 3639 2992 3685 non
3036 3622 3197 3677 item.
3239 3620 3483 3677 Proinde
3528 3620 3658 3681 cul-

2008 3720 2180 3787 patus
2213 3714 2422 3770 merito
2454 3717 2562 3780 est,
2591 3712 2692 3784 qui
2725 3711 2938 3773 Filium
2986 3711 3239 3784 perfecte
3279 3726 3396 3765 non
3439 3714 3659 3772 nosset,

2006 3804 2387 3877 idcirquoque
2418 3806 2646 3865 Patrem
2681 3800 2875 3861 videre
2913 3802 3189 3871 optasset.

2610 3901 2762 3959 CAP.
2805 3898 3054 3963 XXVIII.

2249 4021 2325 4074 De
2354 4018 2568 4090 Spiritu
2597 4023 2802 4085 saneto,
2834 4020 2885 4070 et
2913 4016 3033 4084 eius
3061 4014 3436 4070 oharismatis.

2077 4135 2357 4210 Spiritum
2392 4135 2590 4206 itaque
2624 4136 2893 4189 sanctum
2923 4150 2955 4187 a
2986 4134 3151 4188 Patre
3182 4129 3485 4204 [Filioque]
3519 4128 3655 4186 sub-

2008 4227 2286 4289 stantiam
2323 4224 2538 4281 babere
2569 4222 2885 4278 didicimus
2927 4223 3131 4295 :cujus
3155 4220 3497 4277 substantia
3533 4236 3658 4277 mo-

2008 4318 2121 4373 dus
2153 4331 2342 4387 neque
2372 4316 2651 4369 creatura
2680 4311 3000 4385 (lncreatus
3031 4311 3185 4366 enim
3220 4309 3477 4382 Spiritus
3520 4326 3657 4364 san-

2008 4404 2163 4478 ctus)
2195 4418 2384 4474 neque
2414 4399 2714 4473 unigenito
2746 4398 2890 4456 Filio
2924 4398 3135 4455 similis
3162 4404 3271 4455 est.
3306 4402 3654 4454 Sanctorum

2007 4497 2162 4551 enim
2180 4493 2416 4549 Patrum
2437 4508 2604 4548 nemo
2622 4487 2798 4545 divini
2814 4489 3063 4562 Spiritus
3076 4490 3467 4545 substantiam
3482 4502 3658 4561 gene-

226 4581 431 4639 Patris
463 4582 763 4654 bypostasi
791 4582 1191 4653 sejuncta,sed
1226 4581 1425 4638 vivens
1452 4585 1509 4638 et
1539 4598 1642 4654 per
1672 4600 1733 4639 se
1763 4584 1896 4641 sub-
1927 4586 1974 4651 Ι)
2006 4582 2251 4640 rationis
2303 4579 2580 4638 vocabulo
2629 4579 2977 4649 significavit
3010 4595 3023 4633 :
3066 4577 3322 4652 quamvis
3354 4577 3545 4651 ipsum
3588 4592 3657 4633 ex

229 4672 465 4730 sistens
495 4672 849 4745 bypostasis.
884 4671 999 4727 Nec
1045 4670 1203 4727 enim
1253 4668 1595 4742 simpliciter
1640 4671 1898 4731 Verbum

232 4761 608 4829 nominatur,
642 4761 742 4816 sed
778 4766 928 4817 Deus
961 4760 1218 4816 Verbum
1254 4777 1266 4814 :
1304 4776 1409 4816 nec
1452 4760 1727 4832 splendor
1775 4763 1903 4837 glo-

234 4852 351 4909 ria
404 4852 702 4916 duntaxat,
746 4851 848 4906 sed
900 4849 1279 4923 hypostaseos
1327 4865 1556 4923 quoque
1599 4868 1716 4908 sua
1762 4853 1900 4910 eba-

240 4944 461 4998 racter.
494 4941 639 5005 Quia
668 4940 824 4996 enim
860 4956 973 4995 una
1003 4939 1321 5009 eademque
1352 4938 1608 5011 imagine
1639 4957 1730 4998 res
1760 4942 1899 4998 divi-

242 5047 361 5086 nas
421 5034 613 5100 aperte
669 5028 986 5099 exprimere
1029 5027 1400 5101 impossibile
1432 5044 1571 5100 erat,
1632 5030 1899 5103 pluribus

240 5133 355 5175 eas
386 5118 496 5175 hoc
528 5121 695 5190 pacto
741 5116 1104 5190 imaginibus
1152 5116 1407 5173 dicimus
1461 5133 1474 5172 :
1522 5123 1579 5174 et
1625 5120 1902 5192 splendor

233 5208 476 5281 quidem
545 5207 739 5280 gloria
809 5211 1182 5278 coaternum,
1256 5207 1634 5279 hypostaseos
1701 5216 1896 5267 autem

235 5297 550 5354 character
579 5295 989 5352 similitudinis
1022 5296 1435 5369 perfectionem
1469 5299 1681 5369 arguit,
1716 5299 1899 5371 hypo-

233 5390 599 5457 staseonque
630 5402 730 5442 seu
765 5402 1145 5458 personarum
1180 5386 1572 5442 diﬂ‘erentiam
1604 5387 1789 5444 docet.

322 5475 571 5533 Verbum
606 5485 799 5532 autem
830 5492 964 5534 cum
994 5476 1227 5545 dicitur,
1275 5474 1711 5549 generationem
1754 5477 1898 5535 nulli

317 5603 602 5658 "'Joan.
680 5604 725 5658 Ι.
778 5603 829 5658 l.

2009 4673 2179 4730 Patre
2209 4689 2357 4742 esse,
2392 4679 2564 4744 atque
2596 4669 2768 4725 etiam
2811 4667 3090 4736 divinum,
3139 4685 3316 4726 sacra
3367 4671 3658 4725 testentur

2010 4762 2261 4818 Littera.
2294 4760 2578 4817 Dominus
2611 4758 2762 4817 enim
2794 4758 3061 4816 Christus
3084 4757 3205 4815 hac
3228 4759 3298 4815 de
3320 4759 3448 4831 ipso
3474 4757 3657 4813 dicit:

2010 4852 2253 4927 Expedit
2281 4852 2454 4916 vobis,
2489 4860 2543 4907 ut
2574 4867 2669 4925 ego
2690 4850 2903 4918 abeam,
2936 4849 3049 4905 nisi
3095 4848 3247 4904 enim
3296 4848 3504 4917 abiero,
3550 4847 3658 4901 Pa-

2009 4944 2243 5003 racletus
2265 4959 2374 4998 non
2407 4942 2585 4997 veniet
2615 4938 2684 4996 ad
2718 4955 2808 4995 vos
2837 4937 2908 5007 ⁸⁵,
2954 4944 3009 4993 et
3053 4937 3193 4992 alibi
3227 4953 3239 4991 :
3293 4936 3426 4992 Cum
3473 4938 3658 4990 autem

2010 5032 2219 5089 venerit
2269 5030 2585 5091 Paracletu:
2636 5030 2866 5101 spiritus
2914 5026 3187 5091 veritatis,
3241 5024 3338 5095 qui
3383 5039 3455 5079 ea:
3494 5027 3661 5078 Patre

2005 5121 2274 5194 procedit,
2311 5120 2408 5177 ille
2427 5115 2803 5179 testimonium
2849 5114 3157 5194 perhibebit
3208 5112 3271 5169 de
3324 5128 3411 5167 me
3460 5110 3526 5165 ⁸⁸.
3579 5111 3656 5167 Eo

2010 5214 2207 5266 autem
2243 5209 2398 5281 quod
2432 5206 2625 5280 ipsum
2661 5223 2727 5260 ex
2758 5205 2920 5260 Patre
2952 5203 3260 5276 procedere
3289 5201 3392 5277 ait,
3422 5199 3655 5256 Patrem

2010 5300 2230 5357 fontem
2262 5297 2515 5369 Spiritus
2548 5310 2675 5352 esse
2701 5293 2940 5360 indicat,
2974 5308 3163 5363 neque
3184 5307 3340 5356 vero,
3361 5290 3659 5360 Procedet,

2010 5388 2219 5460 inquit,
2248 5387 2348 5442 sed
2384 5384 2651 5455 Procedit,
2698 5383 2963 5439 eamdem
3010 5381 3319 5452 utriusque
3362 5383 3660 5450 naturam,

2009 5477 2513 5553 substantiamque
2545 5471 2903 5539 individuam
2954 5476 3011 5528 et
3051 5470 3480 5540 indlierentem,
3523 5487 3657 5544 per-

906 5602 952 5637 ⁷⁶
1003 5603 1043 5626 ⁴⁶
1096 5601 1237 5657 Ibid.
1286 5602 1339 5657 2.
1416 5600 1459 5635 ⁷⁷
1510 5601 1695 5659 Galat.
1765 5620 1838 5665 ιν,
1889 5636 1892 5644 ι

2008 5605 2045 5660 5.
2122 5603 2167 5639 ⁷⁸
2217 5602 2398 5659 Galat.
2450 5618 2489 5669 1,
2538 5601 2626 5666 15,
2680 5600 2766 5654 16.
2842 5598 2891 5633 ⁷⁹
2936 5600 3104 5656 Hebr.
3165 5615 3209 5667 Ι,
3266 5602 3311 5652 l.
3388 5599 3435 5633 ⁸ο
3485 5598 3658 5658 Joan.

234 5692 300 5749 ν,
341 5645 725 5732 17.“”εῖὶ”ἰι›ίᾶἷ
759 5645 847 5729 έί.
924 5673 974 5708 επ
1005 5645 1393 5731 ,ιοὲἑὲξῖινῗιδ
1424 5645 1695 5730 ιδίεῖῗῖἑῗ
1756 5645 2100 5732 ﬁniam“
2127 5645 2652 5740 Joa‘ﬁf‘i31ﬂ’7."5z
2681 5645 2851 5729 ῖιόὶιιι.
2883 5645 3098 5740 χιῖῖἐζ
