4066 6208
429 375 589 436 1159

429 521 708 566 sonarum
743 503 998 571 denique
1026 489 1497 564 conjunctionem
1531 481 1865 539 ostendens.
1924 472 2086 540 Quod
2120 489 2169 554 Α

429 600 586 656 enim
621 566 999 668 procedit,-ab
1034 601 1098 639 co
1133 601 1164 638 a
1194 597 1310 652 quo
1363 574 1618 648 procedit
1659 566 1917 642 separari
1963 581 2076 620 non

429 657 642 763 potest:
676 689 888 738 Beatus
922 693 1092 749 porro
1124 668 1440 742 Apostolus
1491 667 1570 736 [in
1626 657 1939 763 priore]nad
1971 657 2075 756 flo-

427 747 677 835 rinthios
708 747 991 844 Epistolis,
1035 767 1153 820 haec
1200 764 1269 815 de
1319 757 1542 831 Spiritu
1590 747 2077 844 dixit-{Spiritus

428 877 609 926 autem
638 865 825 919 omnia
855 861 1156 922 scrutatur,
1185 851 1354 908 etiam
1372 843 1649 920 pro/unda
1676 840 1769 896 Dei
1799 839 1864 906 ⁸⁷,
1900 850 2077 908 quam

429 959 662 1031 quidem
694 952 1111 1010 scrutationem
1146 963 1216 1001 ne
1241 943 1360 1000 ulla
1385 955 1643 1010 unquam
1674 935 1886 989 deleret
1914 930 2077 1001 igno-

432 1024 642 1114 rantia,
675 1040 980 1115 subjunxit
1029 1057 1041 1093 :
1097 1037 1229 1104 Quis
1267 1035 1410 1086 enim
1462 1028 1753 1082 hominum
1810 1024 1914 1077 scit
1961 1032 2080 1090 qum

431 1147 561 1194 sunt
591 1135 852 1198 hominis,
884 1131 995 1185 nisi
1028 1125 1256 1199 spiritus
1290 1118 1548 1184 hominis,
1582 1115 1679 1188 qui
1710 1117 1769 1169 in.
1812 1113 1933 1183 ipso
1962 1105 2081 1165 est?

432 1230 510 1286 ita
559 1235 608 1282 et
659 1239 783 1297 qua:
837 1220 934 1276 Dei
982 1221 1109 1272 sunt
1156 1229 1314 1270 nemo
1358 1209 1628 1280 cognovit,
1677 1204 1792 1259 nisi
1839 1201 2081 1271 Spiritus

432 1320 532 1373 Dei
555 1315 622 1371 ⁸⁸.
657 1290 969 1382 Postquam
1005 1316 1194 1362 autem
1230 1303 1322 1357 his
1378 1300 1567 1354 verbis
1606 1310 1840 1352 omnem
1883 1290 1933 1344 ei
1984 1303 2080 1342 co-

429 1407 749 1481 gnitionem
782 1381 1118 1470 adscripsit,
1149 1395 1369 1450 indicat
1399 1390 1575 1445 etiam
1605 1386 1757 1441 unde
1803 1381 2078 1481 substan:

427 1466 574 1553 tiam
607 1495 821 1549 habeat
849 1507 862 1544 :
890 1466 999 1544 ίγυέ
1018 1490 1229 1550 autem,
1257 1480 1460 1551 inquit,
1486 1495 1594 1533 non
1611 1473 1874 1545 spiritum
1891 1466 2086 1524 mundi

434 1580 864 1658 accepimus,sed
908 1576 1176 1649 Spiritum
1189 1573 1283 1644 qui
1296 1588 1367 1626 ea:
1380 1571 1483 1624 Deo
1497 1576 1574 1621 cst
1599 1564 1666 1630 39,
1691 1563 1906 1634 quibus
1928 1561 2081 1614 certe

438 1652 628 1733 verbis
660 1673 862 1728 eodem
911 1668 1077 1722 illum
1116 1666 1175 1718 in
1222 1662 1444 1724 ordine,
1491 1673 1604 1726 quo
1644 1659 1701 1709 et
1753 1652 1977 1705 Patrem
2031 1652 2084 1701 et

443 1766 649 1822 Filium
682 1759 948 1824 collocat,
981 1756 1052 1810 ad
1083 1750 1394 1808 creationis
1426 1753 1619 1802 autem
1644 1744 1906 1800 ordinem
1935 1756 2082 1794 nun-

442 1871 616 1928 quam
650 1849 871 1919 redegit
901 1864 914 1902 :
948 1862 1052 1900 nec
1100 1842 1254 1898 enim
1305 1835 1617 1894 creationis
1665 1833 1828 1888 illum
1860 1833 2082 1901 partem

441 1915 565 2000 esse
596 1915 889 2010 intelliéit,
925 1949 1114 2004 neque
1140 1929 1283 1996 Arii,
1318 1924 1608 1992 Eudomii,
1658 1926 1714 1976 et
1764 1915 2089 2010 Macedonii

439 2005 867 2103 blasphemiam
900 2028 1134 2079 secutus
1166 2019 1388 2092 πρῶτον
1424 2013 1666 2083 ποίημα,
1715 2011 1820 2064 hoc
1853 2013 1941 2062 est
1974 2005 2088 2077 pri-

441 2098 600 2179 mam
632 2122 960 2176 creaturam
998 2109 1280 2167 nominat.
1315 2107 1421 2160 Sed
1459 2103 1662 2175 gratiae
1693 2100 1904 2154 divinas
1941 2098 2094 2151 dona

446 2214 853 2269 demonstrans
885 2205 965 2258 ita
997 2200 1186 2272 inquit
1219 2197 1559 2254 :Divisiones
1584 2196 1769 2247 autem
1786 2190 2093 2260 gratiarum

444 2311 593 2364 sunt,
626 2303 743 2367 ipse
781 2299 963 2351 autem
1004 2297 1143 2346 Deus
1190 2290 1449 2359 operatur
1491 2284 1680 2339 omnia
1715 2282 1775 2334 in.
1820 2277 2093 2334 omnibus.

451 2365 674 2447 Deinde
691 2384 1150 2442 commonstrata
1173 2377 1596 2432 charismatum
1621 2367 1946 2424 differentia
1966 2365 2101 2421 sub-

439 2480 585 2552 jecit
643 2478 816 2532 :Haec
856 2488 980 2528 vero
1019 2477 1212 2525 cuncta
1253 2472 1512 2537 aperatur
1559 2476 1702 2516 unus
1743 2467 1904 2526 atque
1954 2454 2097 2509 idem

451 2543 687 2640 Spiritus
718 2563 965 2618 dividens
994 2558 1233 2629 singulis
1257 2560 1421 2625 prout
1454 2550 1592 2607 vutt.
1617 2549 1683 2603 9°.
1719 2547 1918 2616 Neque
1941 2543 2095 2599 enim

451 2632 678 2714 servilis
712 2657 822 2720 est,
856 2651 1072 2720 inquit,
1098 2642 1432 2708 ministerii,
1457 2641 1554 2696 sed
1583 2636 1896 2694 Dominicaz
1922 2632 2099 2703 digni-

447 2749 586 2803 tatis
609 2740 1020 2800 sanctissimus
1054 2735 1312 2807 Spiritus
1345 2749 1358 2786 :
1413 2745 1600 2800 neque
1651 2724 1968 2790 ministrat,
2001 2722 2098 2777 sed

449 2839 814 2908 cooperator,
851 2834 907 2885 et
939 2833 1222 2897 tanquam
1256 2821 1544 2879 Dominus
1576 2820 1870 2888 operatur.
1921 2811 2015 2866 Sic
2045 2815 2102 2866 et

446 2927 505 2982 in
541 2901 654 2980 fine
687 2920 957 2978 secundas
993 2917 1061 2971 ad
1087 2914 1318 2969 eosdem
1343 2909 1610 2982 Epistolas
1636 2901 2098 2960 benedictionem

449 3013 694 3070 attexuit
728 3027 741 3064 :
777 3008 964 3063 Gratia
996 3004 1218 3058 Domini
1239 3001 1415 3056 uestri
1445 2999 1568 3053 Iesu
1603 2993 1839 3057 Christi,
1877 2999 1927 3045 et
1967 2989 2101 3044 cha-

453 3105 597 3157 ritas
629 3100 746 3163 Dei,
781 3101 832 3152 et
861 3091 1284 3150 communicatio
1317 3089 1494 3142 sancti
1522 3086 1786 3156 Spiritus,
1819 3097 1943 3136 cum
1983 3095 2100 3134 om-

454 3190 618 3245 nibus
648 3187 815 3242 vobis.
852 3186 1016 3239 Amen
1047 3181 1114 3235 ἰ.
1152 3186 1338 3251 Atque
1370 3178 1428 3233 in
1463 3177 1650 3247 priore
1683 3173 1917 3244 quidem
1971 3168 2105 3241 Epi-

449 3279 620 3345 stola,
655 3276 907 3346 primum
941 3273 1130 3328 locum
1166 3267 1430 3341 Spiritui,
1463 3268 1559 3322 hic
1608 3281 1741 3320 vero
1773 3269 2097 3319 extremum
2139 3238 2181 3304 (ἶ

448 3368 731 3438 assignat,
767 3365 978 3418 docens
1011 3359 1362 3431 dignitatum
1395 3354 1780 3411 differentiam
1803 3369 1870 3406 ex
1893 3350 2095 3406 ordine

448 3456 752 3511 nominum
799 3469 912 3507 non
964 3466 1091 3505 esse
1143 3445 1556 3518 colligendam.
1608 3441 1852 3512 Spiritui
1900 3439 2098 3508 itaque

444 3545 652 3601 Filium
689 3542 844 3596 Patri
891 3536 1232 3612 praeposuit,
1282 3550 1399 3590 non
1442 3538 1506 3587 ut
1537 3531 1799 3588 ordinem
1839 3527 2020 3583 semel
2066 3544 2099 3582 a

446 3642 564 3694 Deo
623 3632 882 3704 positum
928 3629 1313 3694 subverteret,
1368 3622 1466 3677 sed
1525 3625 1588 3675 ut
1627 3619 1827 3674 eodem
1882 3617 2098 3672 honore

448 3723 791 3782 Trinitatem
827 3718 1128 3774 colendam
1161 3729 1288 3769 esse
1316 3710 1728 3767 subindicaret.
1764 3709 1922 3763 Idem
1957 3721 2098 3776 apo-

449 3813 618 3870 stolis
651 3825 884 3882 quoque
928 3804 1210 3862 divinitus
1256 3801 1490 3856 infusus
1538 3802 1644 3854 est.
1699 3795 1886 3852 Primo
1943 3793 2098 3850 enim

449 3905 688 3962 domum
720 3898 1038 3965 concussit,
1073 3901 1138 3952 ut
1168 3895 1426 3951 divinam
1461 3893 1762 3946 denotaret
1793 3887 2102 3960 apparitio-

447 4011 606 4052 nem.
629 3997 745 4048 Hoc
770 3990 926 4046 enim
953 3987 1241 4058 Propheta
1264 3985 1333 4039 de
1357 3981 1759 4038 universitatis
1783 3980 1896 4035 Deo
1921 3977 2100 4032 dicit:

453 4084 557 4153 Qui
583 4081 815 4153 respicit
848 4085 1075 4147 terram,
1109 4080 1158 4130 et
1190 4081 1428 4130 tremere
1456 4074 1593 4143 facit
1625 4087 1746 4126 eam
1779 4070 1847 4124 '"9.
1883 4067 2103 4122 Deinde

453 4170 763 4243 discipulis
792 4183 1026 4240 quoque
1059 4167 1116 4220 in
1147 4164 1337 4234 specie
1371 4162 1521 4232 ignis
1555 4160 1792 4225 insedit,
1822 4157 2104 4229 quemad—

453 4261 838 4330 modumjam
873 4256 1012 4312 olim
1039 4255 1220 4310 Deum
1255 4251 1314 4306 in
1349 4252 1494 4306 rubo
1528 4249 1876 4320 apparuisse
1916 4251 2104 4302 Moses

456 4354 765 4408 attestatur
789 4365 810 4402 .·
845 4352 900 4402 et
930 4343 1428 4416 quemadmodum
1460 4340 1645 4396 rubus
1678 4338 1793 4404 ille,
1842 4337 2105 4408 quamvis

456 4442 706 4503 arderet,
736 4454 848 4492 non
868 4440 1064 4490 tamen
1091 4430 1586 4487 consumebatur:
1619 4429 1696 4482 ita
1711 4427 2105 4497 apostolorum

455 4531 667 4600 lingua
700 4525 1152 4594 haudquaquam
1200 4523 1313 4574 vim
1365 4518 1731 4590 energiamve
1777 4516 2105 4571 adustivam

1753 338 2060 403 NICETIE
2103 330 2527 395 CHONIAT/E

3695 318 3858 377 1160

2201 478 2432 534 corpora
2469 469 2648 516 vestra
2677 458 2889 527 tempta
2925 463 3054 510 sunt
3099 455 3281 509 sancti
3331 452 3596 523 Spiritus,
3650 450 3749 521 qui
3780 452 3865 502 est

2188 553 2249 608 in
2277 550 2450 616 vobis,
2481 566 2639 622 quem
2668 548 2876 603 habetis
2906 563 2939 599 α
2970 546 3073 601 Deo
3101 543 3148 577 9³
3182 547 3200 596 .P

2259 641 2483 706 Quibus
2541 638 2730 693 verbis
2787 640 2985 708 aperte
3043 633 3326 704 Spiritum
3385 628 3843 685 sanctissimum

2189 730 2394 784 divinas
2434 743 2562 782 esse
2608 730 2827 780 naturae
2871 725 3056 778 docet.
3109 721 3254 776 Nam
3301 719 3350 774 si
3404 719 3500 772 Dei
3554 719 3848 786 templum

2189 820 2497 876 credentes
2545 816 2845 881 dicuntur,
2892 814 2989 867 ubi
3042 813 3300 882 primum
3352 811 3540 880 gratia
3593 806 3857 878 Spiritus

2189 907 2387 964 donati
2432 913 2571 961 sunt
2609 921 2676 960 ex
2721 901 3135 958 consecutione
3186 899 3440 971 Spiritus
3494 906 3746 951 sanctus
3790 910 3858 948 ex

2189 998 2306 1053 Deo
2341 1001 2451 1051 est.

2265 1089 2412 1155 Quia
2442 1086 2596 1142 enim
2630 1086 2757 1156 ejus
2807 1083 2993 1156 gratia
3043 1082 3101 1136 in
3157 1079 3272 1134 illis
3325 1079 3575 1143 habitat,
3637 1076 3860 1131 idcirco

2193 1178 2290 1234 Dei
2329 1177 2609 1247 templum
2642 1171 3000 1229 denominati
3035 1175 3192 1225 sunt.
3243 1169 3524 1240 Apertius
3578 1182 3754 1238 porro
3804 1173 3858 1218 et

2191 1267 2561 1339 explanatius
2590 1265 2757 1320 nobis
2787 1282 2818 1318 a
2849 1262 3096 1318 Domino
3120 1260 3376 1332 dignitas
3411 1259 3677 1330 Spiritus
3711 1257 3858 1311 indi-

2192 1363 2375 1410 catur.
2410 1358 2553 1409 Cum
2597 1355 2752 1408 enim
2810 1349 3182 1422 baptismatis
3231 1348 3494 1419 mysterio
3551 1345 3861 1416 apostolus

2191 1444 2555 1507 informaret,
2593 1444 2674 1496 ita
2706 1441 2896 1510 inquit
2931 1456 2943 1494 :
2978 1441 3184 1492 Euntes
3217 1438 3398 1491 docete
3426 1451 3622 1490 omnes
3654 1440 3867 1503 gentes,

2194 1533 2536 1603 baptismate:
2563 1546 2650 1586 eos
2682 1532 2741 1585 in
2775 1527 3000 1584 nomine
3029 1526 3220 1583 Patris
3251 1531 3304 1580 et
3332 1525 3489 1590 Filii,
3524 1535 3576 1578 et
3610 1524 3868 1594 Spiritus

2193 1624 2371 1675 sancti
2399 1619 2467 1676 96.
2527 1619 2689 1683 Quod
2740 1620 2788 1673 si
2865 1624 3058 1672 creata
3101 1621 3310 1670 natura
3361 1615 3447 1668 vel
3502 1613 3714 1678 Filius,
3777 1611 3866 1664 vel

2195 1711 2447 1781 Spiritus
2480 1714 2741 1774 sanctus,
2774 1707 3084 1777 praedictus
3122 1707 3346 1767 luisset,
3371 1720 3682 1773 nunquam
3707 1717 3871 1755 crea-

2196 1800 2308 1854 tori
2336 1801 2444 1853 Deo
2478 1798 2704 1853 accensi
2741 1795 3271 1864 connumeratique
3307 1795 3558 1847 fuissent
3589 1809 3604 1845 :
3663 1791 3866 1844 verbis

2121 1882 2166 1944 Β
2197 1889 2352 1943 enim
2371 1888 2588 1942 divinis
2619 1891 2970 1942 accusantur
2999 1885 3061 1948 ii,
3095 1885 3190 1953 qui
3225 1880 3679 1949 creaturas,loco
3706 1881 3874 1934 Crea-

2201 1977 2342 2032 toris
2373 1977 2717 2032 servierunt.
2751 1976 2998 2030 Proinde
3053 1971 3401 2044 Unigenitus
3445 1985 3691 2040 quoque
3743 1985 3873 2022 car-

2202 2084 2332 2122 nem
2356 2065 2678 2136 assumpsit
2701 2066 3041 2129 humanam,
3064 2071 3125 2116 ut
3146 2061 3414 2116 homines
3434 2063 3506 2114 ab
3538 2060 3649 2114 hoc
3676 2075 3874 2113 errore

2201 2155 2493 2222 liberaret,
2529 2157 2745 2224 Deique
2776 2172 2809 2208 a
2840 2159 3105 2208 creatura
3149 2151 3546 2206 diﬂ‘erenliam
3587 2151 3869 2202 ostende-

2204 2252 2307 2300 ret.
2343 2245 2589 2300 Sublata
2621 2251 2820 2299 autem
2847 2247 3128 2298 creaturae
3177 2239 3546 2304 adoratione,
3603 2245 3872 2292 naturaet

2203 2340 2456 2389 creatam
2489 2332 2722 2388 adorari
2756 2348 2874 2386 non
2899 2331 3104 2400 jussit.
3142 2329 3551 2383 Absurdorum
3577 2326 3740 2380 enim
3775 2326 3878 2378 hoc

2203 2427 2293 2479 vel
2325 2425 2646 2478 maximum
2680 2422 2872 2491 fuerit,
2933 2421 2987 2474 si
3039 2418 3172 2489 quis
3214 2417 3486 2471 homines
3539 2417 3616 2468 ab
3667 2416 3741 2468 iis
3790 2414 3880 2484 qui

2205 2514 2286 2568 dii
2336 2529 2450 2567 non
2497 2517 2643 2567 sunt
2689 2511 3000 2576 abductos,
3061 2512 3391 2562 creaturam
3439 2506 3689 2560 servitio
3720 2505 3880 2558 addi-

2205 2604 2368 2658 xerit.
2404 2605 2603 2672 Itaque
2635 2601 2848 2656 Filium
2875 2605 2932 2654 et
2961 2599 3241 2669 Spiritum
3297 2601 3575 2651 sanctum
3617 2594 3876 2649 increata

2207 2693 2482 2764 praeditos
2514 2707 2644 2746 esse
2677 2695 2887 2745 natura
2914 2689 3288 2759 perspicuum
3321 2691 3428 2740 est.
3456 2684 3610 2739 Nam
3649 2685 3712 2738 in
3759 2683 3872 2737 Pa-

2207 2787 2376 2849 trem,
2424 2786 2478 2836 et
2509 2780 2717 2836 Filium
2770 2785 2827 2833 et
2873 2777 3152 2847 Spiritum
3197 2781 3464 2831 sanctum
3515 2775 3762 2828 credere
3797 2772 3878 2826 id-

2209 2873 2358 2928 circo
2380 2871 2680 2936 docemur,
2709 2873 2765 2922 et
2795 2867 2856 2922 in
2888 2866 3124 2921 nomine
3159 2865 3366 2933 Patris,
3402 2867 3459 2919 et
3492 2863 3653 2931 Filii,
3677 2868 3736 2918 et
3757 2863 3883 2933 Spi-

2210 2963 2360 3016 ritus
2390 2959 2575 3016 sancti
2607 2957 2996 3028 baptizamur.
3031 2957 3180 3020 Quia
3209 2955 3366 3009 enim
3393 2955 3661 3024 primum
3685 2953 3877 3006 homi-

2210 3067 2342 3106 nem
2375 3066 2490 3105 non
2519 3047 2681 3104 solus
2712 3050 2884 3102 Pater
2914 3046 3153 3112 creavit,
3189 3045 3291 3098 sed
3322 3047 3380 3098 et
3413 3043 3598 3097 Filius
3642 3047 3704 3095 et
3749 3043 3878 3112 Spi-

2211 3141 2355 3196 ritus
2398 3144 2638 3194 sanctus
2687 3137 2858 3210 (dixit
2903 3137 3080 3204 enim,
3135 3135 3430 3188 Faciamus
3471 3132 3760 3187 hominem
3810 3131 3878 3184 ad

2204 3235 2504 3304 imaginem
2533 3242 2584 3288 et
2603 3229 3038 3287 similitudinem
3067 3239 3316 3286 nostram
3345 3227 3432 3296 9"),
3475 3227 3696 3282 merito
3725 3231 3880 3280 certe

2208 3333 2348 3383 tunc
2381 3327 2558 3382 etiam
2593 3341 2726 3380 cum
2760 3322 3132 3387 resurrectio,
3167 3336 3433 3391 novaque
3464 3319 3685 3373 mundi
3716 3333 3872 3371 crea-

2207 3422 2288 3474 tio
2320 3417 2638 3489 peragitur,
2671 3413 2852 3468 Filius
2883 3419 2940 3467 et
2967 3412 3223 3483 Spiritus
3255 3416 3496 3466 sanctus
3518 3408 3717 3463 Patris
3739 3424 3877 3463 con-

2208 3515 2394 3566 sortes
2426 3509 2596 3574 ﬁunt,
2665 3504 3082 3574 Trinitatisque
3125 3503 3268 3556 adeo
3321 3499 3621 3555 invocatio
3675 3514 3877 3554 eorum

2210 3599 2310 3670 qui
2340 3598 2712 3670 baptizantur
2743 3609 2927 3650 unum
2964 3608 3260 3664 quemque
3292 3598 3621 3662 regenerat.

2837 3729 2998 3786 CAP.
3047 3729 3256 3787 XXIX.

2698 3868 2776 3921 De
2803 3864 3013 3920 divinis
3042 3859 3381 3918 nominibus.

2279 3988 2384 4043 Sed
2418 3987 2753 4043 divinorum
2786 3987 2961 4040 etiam
2995 3984 3300 4040 nominum
3338 3983 3760 4056 interpretatip
3794 3982 3876 4037 sic

2213 4096 2275 4134 se
2325 4078 2518 4133 habet.
2570 4077 2716 4144 Quia
2757 4077 2914 4132 enim
2973 4075 3258 4131 vaecordes
3307 4073 3389 4128 illi
3451 4073 3878 4128 Hebraicorum

2215 4167 2522 4224 nominum
2591 4166 3132 4239 interpretationem
3202 4165 3564 4236 ignorantes,
3627 4162 3880 4226 Adonai,

2214 4257 2361 4324 Eloi,
2395 4262 2450 4311 et
2475 4256 2732 4312 Sabaoth
2765 4257 3030 4311 diversos
3061 4270 3188 4309 esse
3221 4256 3358 4308 deos
3390 4251 3674 4307 arbitrati
3725 4256 3889 4318 sunt,

2216 4362 2404 4418 operas
2455 4345 2708 4416 pretium
2758 4342 2901 4397 mihi
2949 4343 3212 4397 facturus
3259 4340 3478 4406 videor,
3532 4339 3582 4393 si
3637 4339 3889 4394 rudibus

2217 4445 2268 4492 et
2301 4435 2520 4507 ignaris
2550 4432 2808 4503 aperiam
2858 4431 2996 4502 quid
3049 4430 3262 4486 horum
3311 4428 3621 4484 nominum
3682 4443 3891 4482 unum-

2217 4525 2488 4596 quodque
2529 4523 2741 4577 Graacis
2784 4525 2839 4576 et
2890 4519 3114 4575 Latinis
3165 4519 3410 4574 auribus
3461 4522 3656 4572 sonet.
3713 4516 3880 4571 Eloth

457 4625 701 4688 expertae
733 4617 895 4668 sunt.
923 4614 1056 4675 Quae
1091 4626 1224 4664 cum
1275 4625 1387 4663 non
1430 4607 1640 4672 verbis,
1683 4607 1782 4661 sed
1836 4606 2011 4660 rebus
2047 4609 2094 4659 et

2210 4617 2400 4684 itaque
2449 4611 2577 4665 Θεὸν
2602 4611 2786 4666 Deum
2819 4610 3257 4680 interpretatur.
3291 4608 3414 4662 Elei
3440 4612 3666 4672 autem,
3701 4603 3730 4657 ὀ
3753 4603 3883 4662 Θεὸς

457 4704 605 4762 actis
636 4704 841 4758 Petrus
873 4699 964 4754 ille
998 4698 1297 4752 divinitate
1328 4714 1438 4766 praa
1484 4696 1704 4749 caeteris
1751 4695 2106 4765 conspicuus

458 4792 782 4859 didicisset,
815 4789 1012 4860 ipsum
1043 4792 1220 4841 Deum
1257 4784 1496 4850 vocavit,
1550 4800 1674 4838 cum
1719 4784 1962 4838 Ananiae
1993 4785 2107 4838 fur-

459 4889 584 4938 tum
620 4880 1007 4950 redargueret.
1046 4876 1188 4930 Cum
1222 4873 1376 4929 enim
1407 4873 1671 4936 dixisset,
1719 4873 1829 4927 Cur
1877 4873 2107 4928 tentavit

459 4971 700 5028 Satanas
732 4983 828 5024 cor
856 4973 1032 5029 tuum,
1067 4963 1291 5017 mentiri
1321 4970 1370 5016 te
1415 4960 1651 5031 Spiritui
1696 4965 1881 5015 sancto
1902 4961 1929 5014 δῖ
1969 4962 2105 5015 sub-

451 5059 650 5134 junxit
685 5075 697 5112 :
730 5059 846 5113 Non
876 5053 1136 5110 mentitus
1165 5069 1219 5108 es
1249 5051 1589 5119 hominibus,
1621 5051 1713 5106 sed
1743 5053 1847 5106 Deo
1899 5050 1962 5108 ’3.
2007 5052 2107 5110 His

458 5147 855 5221 astipulantur
887 5150 942 5200 et
971 5161 1059 5210 ea,
1094 5158 1223 5213 quae
1255 5158 1287 5195 a
1332 5141 1494 5195 beato
1547 5139 1722 5195 Paulo
1771 5141 1842 5195 de
1888 5141 2105 5212 Spiritu

459 5242 613 5297 dicta
645 5242 802 5295 sunt.
837 5236 1148 5291 Credeutes
1180 5231 1334 5287 enim
1380 5230 1609 5302 templa
1654 5231 1755 5286 Dei
1799 5236 1985 5297 vocat,
2049 5233 2105 5288 in

459 5331 675 5401 quibus
708 5327 986 5382 nimirum
1042 5323 1232 5395 gratia
1279 5321 1538 5391 Spiritus
1580 5320 1825 5376 habitet.
1877 5321 2109 5376 Nescitis

462 5420 638 5486 enim,
693 5416 906 5489 inquit,
953 5415 1081 5484 quia
1127 5414 1389 5483 templum
1439 5413 1534 5468 Dei
1573 5415 1722 5484 estis,
1771 5419 1823 5468 et
1869 5415 2107 5486 Spiritus

462 5507 560 5561 Dei
619 5504 828 5560 habitat
885 5505 945 5557 in
1004 5503 1149 5558 vobis
1203 5500 1294 5557 9‘?
1355 5503 1519 5571 Item,
1571 5503 1794 5560 Nescitis
1845 5507 2105 5575 quoniam

532 5631 578 5668 ⁸⁷
634 5636 761 5688 Cor.
817 5651 879 5697 ιι,
937 5634 1022 5687 10.
1100 5633 1144 5666 ⁸⁸
1197 5633 1345 5689 Ibid.
1399 5632 1486 5686 11.

1565 5631 1610 5666 ³⁸
1661 5633 1807 5688 Ibid.
1859 5635 1925 5687 12
2023 5635 2066 5669 ⁰⁰
2116 5635 2139 5689 Ι
2191 5636 2320 5690 Cor.
2376 5648 2478 5694 xu,
2528 5631 2582 5697 6,
2639 5628 2724 5682 11.

2219 4724 2347 4775 μου,
2381 4709 2530 4757 Deus
2562 4716 2749 4756 meus.
2785 4699 2848 4753 El
2878 4714 3136 4770 quoque,
3169 4698 3215 4752 si
3257 4696 3420 4752 tenui
3474 4696 3694 4766 spiritu
3745 4711 3883 4765 pro-

2219 4794 2439 4848 feratur
2468 4788 2597 4843 Θεὸν
2657 4788 2841 4843 Deum
2901 4803 2915 4842 :
2981 4787 3031 4843 si
3087 4801 3312 4856 aspero,
3372 4783 3600 4857 ἰσχυρὸν
3671 4785 3881 4838 fortem

2219 4881 2532 4954 signiﬁcat.
2563 4876 2782 4934 Adonai
2813 4880 3036 4943 autem,
3074 4875 3278 4948 Κύριον
3309 4875 3653 4930 Dominum.
3705 4878 3886 4928 Caete-

2218 4987 2347 5027 rum
2381 4969 2665 5025 Dominus
2697 4965 2974 5028 Sabaoth,
3012 4965 3164 5021 idem
3221 4969 3410 5029 sonat,
3462 4963 3621 5033 quod
3680 4961 3884 5034 Κῦριος

2219 5057 2520 5131 δυνάμεων,
2555 5057 2838 5112 Dominus
2871 5056 3182 5121 virtutum,
3217 5055 3305 5107 vel
3343 5053 3546 5126 Κύριος
3582 5057 3884 5125 στρατιῶν,

2218 5149 2504 5204 Dominus
2537 5144 2914 5200 exercituum.
2956 5143 3096 5199 Nam
3133 5143 3284 5214 apud
3321 5144 3552 5196 Graecos
3593 5142 3890 5196 militares

2218 5239 2452 5294 ordines
2501 5231 2803 5304 δυνάμεων,
2857 5247 2959 5287 seu
2990 5233 3276 5286 virtutum
3303 5237 3745 5302 potestatumve
3778 5248 3890 5286 no-

2219 5328 2377 5382 mine
2408 5325 2813 5394 designantur.
2848 5321 3066 5377 Saddai
3102 5337 3272 5392 porro
3307 5319 3488 5373 ἱκανὸν
3530 5321 3621 5373 καὶ
3659 5317 3886 5373 δννατὸλρ-

2218 5416 2492 5472 inodeum
2523 5417 2580 5468 et
2614 5416 2924 5482 potentem.
2954 5410 3082 5464 Alia
3111 5426 3242 5465 vero
3281 5408 3374 5461 τὸν
3405 5403 3559 5474 ὄντα,
3615 5425 3755 5464 eum
3791 5426 3883 5478 qn'l

2222 5509 2311 5562 est
2341 5504 2676 5575 signiﬁcat:
2712 5499 2865 5568 quod
2914 5514 3129 5554 nomen
3191 5497 3483 5553 ineffabile
3527 5514 3766 5568 quoque
3817 5500 3880 5552 ab

2804 5625 2847 5660 οι
2882 5628 2950 5704 .1‘1
2999 5626 3154 5704 Car;
3180 5641 3304 5691 xm,
3524 5626 3571 5660 ³³
3621 5627 3778 5682 Psal.
3834 5644 3878 5686 ι.

459 5708 552 5774 35,
586 5705 674 5756 32.
751 5701 796 5736 93
829 5706 954 5756 Act.
987 5719 1044 5766 ν,
1075 5703 1127 5756 3.
1205 5701 1248 5735 "
1279 5702 1306 5755 l
1335 5702 1465 5757 Cor.
1497 5718 1582 5770 In,
1616 5704 1701 5758 16.
1779 5705 1823 5740 9‘
1854 5705 1874 5758 1
1907 5707 2033 5760 Cor.
2068 5723 2146 5773 v1,
2181 5706 2267 5760 19.
2347 5705 2389 5740 ⁸⁸
2421 5701 2605 5758 Math.
2638 5715 2836 5768 xxvm,
2873 5699 2958 5767 19,
3037 5698 3081 5734 9"
3114 5698 3256 5754 Gen.
3291 5715 3326 5766 ι,
3359 5699 3413 5754 6.
