4066 6208
211 322 363 386 HM

1562 337 1966 403 THESAURI
2008 341 2157 404 LIB.
2206 342 2289 407 II.

3473 359 3628 424 1162

205 464 257 515 Β
295 456 468 515 braais
495 459 872 556 censebatur.
905 464 1260 524 Samaritani
1304 470 1582 527 eumdem
1634 469 1863 528 Iabedi-
1895 474 1948 542 Α
1979 476 2371 550 extolleretur,
2395 480 2513 538 imo
2544 497 2693 556 vero,
2724 484 2822 555 qui
2880 502 2993 543 non
3031 491 3356 546 extremum
3390 491 3500 549 hoc
3533 494 3628 549 de-

221 554 385 617 cunt,
419 549 578 606 verbi
617 550 732 606 vim
767 551 1124 624 ignorantes.
1185 557 1314 614 Haec
1346 576 1479 616 cum
1530 561 1726 618 minus
1776 579 1867 619 ve-

221 641 429 696 cordes
459 639 544 694 illi
597 641 982 713 adverterent,
1035 645 1174 702 deos
1231 647 1492 707 diversos
1541 651 1866 724 appellavev

217 734 374 787 runt.

857 841 1012 899 CAP.
1069 844 1243 900 XXX.

221 945 476 1024 Ejusdem
525 946 848 1024 Chroniatae
910 949 1272 1024 [_Trinit_atis
1340 952 1752 1024 demonstratio,
1834 974 1868 1012 α

292 1022 524 1096 trutina?
560 1019 926 1096 mqgilibriot”
950 1020 1165 1093 duplici
1205 1025 1423 1080 alarum
1452 1019 1866 1096 sera/micarum

295 1093 590 1156 Trinitate,
633 1090 922 1164 Trisagio.]

289 1199 710 1255 Dubitantibus
761 1203 976 1269 autem,
1029 1218 1282 1274 quanam
1332 1205 1400 1262 de
1451 1223 1628 1264 causa
1685 1207 1866 1264 Filius

218 1288 622 1345 enuntiatione
679 1290 910 1346 medius
969 1293 1306 1362 assumitur,
1365 1300 1623 1352 extrema
1671 1304 1864 1354 autem

216 1383 395 1434 Pater
447 1387 497 1434 et
551 1378 804 1447 Spiritus
853 1386 1095 1437 sanctus
1152 1392 1458 1456 occupent,
1519 1388 1866 1457 respondere

218 1484 562 1540 possumus,
597 1469 749 1540 quod
783 1486 915 1525 cum
948 1469 1101 1526 Deus
1129 1476 1336 1529 statera
1363 1474 1606 1544 justitias
1638 1476 1867 1532 dicatur

216 1559 419 1615 eadem
481 1575 720 1630 prorsus
753 1559 994 1628 ratione,
1040 1577 1155 1632 qua
1194 1566 1472 1618 stateram
1509 1564 1782 1632 dicimus,
1815 1567 1864 1624 is

215 1662 451 1719 quoque
477 1649 618 1702 ordo
649 1647 707 1702 in
737 1652 947 1706 natura
999 1650 1194 1707 divina
1251 1652 1612 1725 excogitatas
1661 1659 1769 1723 est,
1803 1659 1866 1711 ut

213 1736 476 1792 medium
510 1737 705 1793 locum
731 1738 909 1794 Filius
932 1756 1223 1812 occupans
1245 1758 1538 1798 summam
1575 1743 1865 1816 aequalita-

1979 565 2155 621 decus
2189 568 2384 636 fuerit,
2409 571 2458 625 si
2495 572 2567 628 ad
2602 573 2788 642 majus
2821 572 3011 632 laudis
3045 583 3460 649 argumentum
3495 596 3627 655 per-

1980 656 2572 731 turbationibusillis,
2625 665 2842 736 quibus
2875 683 3076 724 omnes
3136 671 3368 727 obnoxii
3399 688 3623 742 sumus,

1979 743 2225 802 liberum
2260 763 2391 805 esse
2439 751 2666 807 Numen
2714 757 3098 813 asseramus?
3154 758 3264 814 Sed
3299 760 3356 815 id
3409 761 3624 833 potius,

1980 836 2136 904 quod
2197 845 2586 910 segregatum,
2649 845 2704 896 et
2753 845 2974 901 steteris
3003 849 3277 903 omnibus
3323 849 3495 921 longe
3527 867 3623 906 su-

1979 922 2221 980 blimius
2252 931 2361 996 est,
2396 932 2451 983 et
2509 931 2675 1000 quasi
2710 934 2960 1002 quodam
3022 953 3252 992 recessu
3301 941 3625 1010 sepositum

1979 1010 2364 1081 indicatQuas
2385 1017 2658 1074 dictionis
2692 1020 3047 1091 significatio
3081 1026 3354 1096 frequens
3386 1027 3441 1082 in
3470 1029 3626 1085 Scri-

1979 1103 2169 1172 pturis
2220 1106 2490 1173 occurrit,
2552 1112 2656 1163 ut:
2711 1109 2880 1167 Omne
2932 1115 3240 1171 masculum
3301 1119 3627 1189 adaperiens

1977 1191 2222 1262 vulvam,
2273 1203 2516 1251 sanctum
2550 1198 2776 1255 Domino
2821 1202 3097 1258 vocabitur
3125 1202 3190 1272 ³⁸,
3214 1205 3271 1261 id
3313 1213 3400 1263 est
3432 1223 3628 1278 segre-

1977 1286 2198 1352 gatum.
2231 1287 2373 1339 Item
2424 1286 2482 1340 in
2516 1285 2662 1343 libro
2720 1289 2994 1347 Judicum
3029 1307 3042 1348 :
3081 1294 3266 1350 Ρανίθί
3320 1297 3540 1368 Filium,
3576 1303 3626 1355 et

1975 1385 2088 1425 non
2117 1373 2368 1428 ascendet
2415 1377 2625 1444 ferrum
2655 1393 2822 1448 super
2849 1390 3013 1450 caput
3042 1384 3180 1454 ejus,
3214 1386 3473 1455 quoniam
3493 1404 3615 1442 san-

1975 1463 2247 1531 ctiﬁcatus
2304 1472 2382 1519 est
2437 1466 2656 1535 puellus
2713 1465 2778 1532 9°,
2839 1475 2896 1524 et
2953 1471 3280 1530 innumeris
3338 1476 3396 1531 in
3459 1477 3623 1533 locis.

1977 1551 2191 1607 Eodem
2224 1553 2399 1608 etiam
2432 1570 2608 1610 sensu
2640 1557 2854 1626 locum,
2917 1561 3004 1614 vel
3042 1578 3272 1632 panem,
3305 1567 3391 1621 vel
3423 1567 3624 1622 vinum

1976 1643 2330 1700 sanctificari
2388 1644 2663 1712 dicimus,
2719 1663 2843 1718 quae
2896 1650 3008 1706 Deo
3052 1660 3460 1725 segregantur,
3524 1675 3627 1714 nec

1975 1731 2034 1786 in
2103 1743 2473 1788 communem
2547 1732 2799 1806 aliquem
2842 1755 3016 1794 usum
3077 1742 3311 1799 cedunt.
3380 1746 3628 1801 Proinde

216 1831 332 1884 tem
367 1843 500 1882 cum
555 1827 784 1883 duobus
814 1829 1086 1884 extremis
1108 1840 1427 1889 conservet.
1462 1836 1591 1906 Ipse
1622 1834 1777 1890 enim
1811 1839 1867 1891 et
1899 1850 1946 1915 Β
1978 1820 2154 1877 simul
2178 1827 2352 1894 atque
2375 1824 2444 1878 ad
2472 1822 2652 1878 altare
2682 1828 3009 1885 sacerdotes
3034 1831 3397 1902 introierant,
3433 1851 3625 1891 sacro-

216 1917 470 1990 primam
515 1916 679 1972 illam
722 1917 928 1972 mundi
962 1919 1426 1988 fabricationem,
1460 1926 1517 1978 et
1565 1939 1692 1979 eam
1744 1941 1869 1996 quas

214 2007 537 2061 subsecuta
567 2009 656 2060 est
683 2005 911 2076 generis
943 2005 1412 2063 reformationem
1449 2011 1714 2080 perfecit.
1748 2011 1868 2066 Cas-

215 2099 409 2151 terum
437 2099 667 2151 statera)
689 2094 1226 2166 exemplo,aaqualis
1249 2097 1345 2152 illa
1367 2098 1547 2154 virtus
1579 2104 1634 2155 et
1666 2104 1868 2172 poten-

215 2184 298 2239 tia
329 2183 762 2252 subindicatur,
798 2199 926 2254 quae
958 2184 1015 2238 in
1047 2184 1329 2241 Trinitate
1361 2187 1556 2258 (cujus
1587 2188 1870 2244 immensa

212 2281 303 2332 est
335 2274 618 2348 potentia)
666 2275 938 2332 elucescit
969 2293 1102 2330 cum
1135 2291 1203 2331 ex
1232 2277 1423 2334 tribus
1453 2279 1569 2335 illis
1603 2280 1869 2352 personis

217 2365 382 2421 nulla
439 2366 761 2437 quidquam
795 2365 1049 2437 amplius
1083 2383 1316 2422 sursum
1349 2369 1517 2438 ferat,
1551 2387 1724 2441 quam
1768 2370 1871 2428 illa

221 2473 348 2528 quas
408 2457 686 2512 deorsum
748 2457 954 2528 vergit,
1012 2457 1112 2513 sed
1169 2457 1225 2512 in
1257 2458 1577 2528 aequilibrio
1606 2460 1869 2546 honoris,

225 2545 424 2618 gloria;
473 2549 528 2600 et
585 2545 930 2601 substantiae
982 2544 1251 2616 libratur,
1283 2551 1340 2602 et
1387 2547 1713 2620 theologica
1743 2544 1872 2607 con-

217 2633 439 2689 stantia
470 2634 766 2705 persislat.
825 2638 906 2689 Ex
939 2650 1052 2705 quo
1113 2634 1200 2703 fit,
1234 2638 1298 2690 ut
1333 2636 1392 2691 in
1425 2637 1599 2692 rebus
1640 2653 1871 2710 quoque

218 2723 586 2797 generationi
619 2723 887 2780 obnoxiis
932 2723 1233 2796 aequalitas
1279 2726 1468 2793 detur,
1517 2743 1871 2801 aequumque

218 2817 509 2885 tanquam
540 2814 762 2870 trutina
791 2818 1086 2885 pensetur.

299 2903 420 2958 Imo
453 2903 667 2974 duplex
698 2919 930 2975 quoque
959 2904 1401 2978 seraphicarum
1440 2905 1665 2962 alarum
1701 2908 1869 2964 trini-

214 2997 314 3050 tas
347 2997 561 3048 sanctse
594 2992 900 3048 Trinitatis
933 2994 1209 3066 mysterio
1225 2995 1592 3066 proportione
1624 2999 1870 3069 quadam

216 3084 574 3154 respondet;
636 3083 895 3139 medium
930 3083 1086 3138 enim
1144 3084 1321 3154 Patri,
1372 3090 1631 3143 extrema
1671 3091 1866 3143 autem

220 3172 369 3228 Filio
394 3176 446 3228 et
469 3171 710 3244 Spiritui
734 3173 1127 3244 respondent;
1161 3173 1431 3246 trinaque
1472 3175 1613 3231 adeo
1651 3178 1865 3232 sancti-

207 3263 355 3319 tatis
414 3263 742 3318 enuntiatio
774 3279 906 3318 cum
941 3279 1042 3335 per
1074 3281 1137 3320 se
1194 3281 1432 3336 prorsus
1482 3266 1866 3324 immutabilis

213 3352 484 3415 exsistat,
518 3357 634 3408 tres
693 3369 975 3424 personas
1017 3354 1373 3421 substantia,
1405 3355 1622 3411 virtute
1671 3361 1869 3428 poten—

209 3441 415 3512 tiaque
438 3440 836 3497 immutabiles
858 3442 1220 3514 aanigmatice
1243 3444 1531 3516 designat,
1548 3445 1666 3500 imo
1690 3447 1868 3502 etiam

208 3530 558 3587 substantiis
617 3530 922 3601 aequalitas
981 3535 1035 3587 et
1096 3532 1292 3588 unitas
1323 3531 1445 3602 illa,
1505 3550 1631 3606 quae
1683 3535 1872 3592 tribus

209 3621 396 3685 inest,
445 3623 602 3675 certa
660 3619 1000 3676 inductione
1032 3624 1089 3674 et
1139 3620 1398 3678 illatione
1455 3623 1690 3679 unicum
1745 3641 1873 3681 esse

217 3709 538 3766 Dominum
575 3711 904 3766 conﬁrmat.
939 3710 1055 3765 Alae
1089 3727 1319 3783 quoque
1351 3713 1615 3784 duplices
1638 3731 1872 3771 omnem

209 3797 384 3855 illam
419 3799 811 3870 cognitionem
864 3800 1159 3869 denotant,
1190 3817 1316 3871 quae
1365 3803 1436 3857 ad
1490 3820 1594 3859 nos
1643 3803 1872 3860 illorum

218 3889 507 3945 beneficio
569 3889 883 3959 descendit,
944 3889 1173 3944 etiamsi
1207 3890 1452 3962 spiritus
1503 3891 1663 3948 illam
1696 3894 1879 3949 admi-

221 3979 545 4035 nistrantes
577 3978 651 4033 ab
683 3977 843 4033 omni
885 3977 1003 4033 sint
1044 3979 1289 4034 materia
1321 3981 1549 4048 remoti,
1585 3998 1690 4038 nec
1738 3983 1876 4038 sim-

213 4067 356 4141 plex
385 4065 486 4121 illa
517 4067 836 4124 descendat
869 4067 967 4122 sed
987 4067 1275 4138 ejusmodi
1298 4069 1541 4124 materia
1572 4075 1874 4139 constans,

217 4173 356 4230 quae
389 4157 542 4228 typis
574 4161 629 4212 et
661 4157 865 4230 ﬁguris
903 4157 1264 4212 nostratibus
1321 4160 1646 4225 conveniat,
1705 4164 1880 4232 atque

220 4247 373 4302 adeo
398 4245 716 4316 composita
751 4245 1087 4316 compositis
1123 4247 1599 4316 peraccommoda
1631 4246 1726 4303 sit.
1764 4249 1882 4302 Du-

224 4335 364 4408 plex
396 4337 589 4390 autem
617 4338 706 4389 est
740 4349 832 4389 res
865 4335 1058 4389 omnis
1087 4334 1427 4405 materialis,
1452 4351 1577 4406 quis
1602 4335 1880 4391 nimirum

227 4441 309 4480 ex
340 4424 584 4478 materia
615 4427 670 4478 et
702 4425 889 4478 forma
917 4427 1160 4479 constet.
1194 4422 1378 4478 Dictio
1410 4416 1882 4496 porro,Sa‘nctus,

1981 1927 2108 1968 rum
2127 1913 2494 1969 Psalmorum
2519 1921 2720 1970 cantor
2735 1918 3003 1987 superius
3027 1922 3464 1979 exclamabant:
3485 1926 3626 1981 San-

1979 2006 2110 2058 ctus
2142 2004 2319 2071 Deus,
2378 2004 2627 2063 Sanctus
2687 2007 2870 2076 fortis,
2934 2009 3182 2065 Sanctus
3243 2014 3623 2069 Immortalis.

1977 2093 2139 2157 Quod
2181 2093 2413 2164 quidem
2475 2095 2712 2153 laudum
2763 2097 3116 2169 praeconium
3176 2116 3242 2154 ex
3297 2105 3627 2159 veneranda

1977 2183 2076 2239 illa
2108 2186 2402 2258 Seraphici
2425 2187 2649 2244 ordinis
2702 2187 3064 2244 confessione
3095 2190 3481 2261 compositum
3516 2198 3621 2248 est.

1978 2274 2136 2329 Idem
2162 2291 2328 2345 porro
2360 2277 2654 2332 canticum
2678 2277 3081 2334 exCherubico
3114 2280 3291 2334 etiam
3317 2283 3624 2352 praeconio,

1979 2363 2324 2436 musicoque
2355 2382 2654 2421 sacrorum
2714 2365 3080 2422 Psalmorum
3140 2372 3311 2424 cantu
3358 2375 3626 2426 constare

1981 2450 2287 2521 discimus,
2320 2470 2454 2508 cum
2512 2454 2569 2508 in
2607 2453 2830 2526 psalmo
2891 2456 3126 2528 quidem
3173 2461 3422 2514 Sanctus
3454 2459 3624 2529 Deus,

1980 2541 2163 2610 fortis,
2197 2543 2362 2598 vivus
2402 2547 2664 2598 canatur.
2714 2543 2822 2599 Ubi
2857 2552 3006 2601 certe
3063 2546 3238 2601 dictio
3298 2547 3470 2604 Vivus
3502 2549 3626 2605 loco

1981 2629 2253 2686 dictionis
2305 2632 2680 2703 Immortalis,
2724 2636 3010 2706 tanquam
3070 2635 3224 2690 idem
3285 2636 3628 2709 significans

1980 2727 2282 2792 assumpta
2298 2735 2310 2779 ;
2326 2721 2729 2792 dictiojautem
2747 2725 2928 2780 Fortis
2951 2725 3009 2780 in
3032 2724 3260 2798 integro
3299 2732 3542 2798 retenta,
3573 2733 3629 2784 et

1979 2809 2088 2865 hoc
2121 2811 2292 2865 modo
2337 2828 2500 2866 sacra
2532 2813 2766 2868 demum
2815 2813 3006 2871 cantio
3036 2820 3303 2872 contexta
3334 2821 3442 2872 est.
3477 2819 3627 2874 Deus

1981 2903 2179 2954 tamen
2215 2899 2421 2968 obiter,
2447 2904 2502 2957 et
2533 2901 2800 2970 Sanctus,
2825 2919 2894 2958 ex
2925 2904 3255 2960 adversario
3290 2906 3488 2979 impiis
3509 2907 3631 2962 ido-

1983 2987 2174 3044 lorum
2208 2990 2464 3046 cultibus
2520 2996 2916 3063 0pponuntur.
2980 2996 3113 3057 Quis
3135 2995 3370 3066 quidem
3403 2999 3631 3052 terrena

1982 3082 2142 3146 sunt,
2191 3095 2483 3152 operaque
2515 3096 2798 3136 manuum
2833 3081 3158 3148 hominum,
3197 3087 3372 3155 atque
3405 3085 3628 3140 abomi-

1983 3168 2248 3224 nationes
2282 3185 2498 3225 revera.
2552 3170 2734 3225 Fortis
2768 3175 2963 3226 autem
3011 3171 3229 3227 eisdem
3291 3174 3628 3246 opponitur,

1983 3263 2270 3330 quatenus
2302 3265 2486 3330 muta,
2510 3260 2829 3317 immobilia
2852 3269 2904 3316 et
2934 3261 3166 3318 inﬁrma
3195 3267 3354 3319 sunt.
3383 3267 3630 3320 Immor-

1981 3349 2115 3405 talis
2147 3350 2420 3422 denique,
2453 3355 2744 3424 quatenus
2770 3368 2875 3408 nec
2907 3353 3218 3425 respirant,
3253 3371 3355 3410 nec
3385 3371 3631 3428 cperam

1981 3440 2096 3506 tur,
2167 3455 2272 3494 nec
2323 3439 2442 3494 ulla
2499 3440 2628 3495 viias
2681 3440 2939 3496 scintilla
3004 3442 3293 3499 fruuntur.
3349 3445 3630 3500 Caeterum

1983 3544 2164 3600 supra
2194 3529 2497 3584 memorati
2555 3529 2769 3586 cantici
2817 3532 3163 3604 compositio
3214 3533 3381 3589 beato
3431 3533 3632 3589 Proclo

1983 3617 2616 3690 Constantinopolitano
2665 3621 2927 3692 pontifici
2976 3638 3045 3677 ex
3093 3621 3443 3677 revelatione
3473 3623 3634 3676 inno-

1985 3707 2164 3763 tuisse
2195 3710 2400 3777 fertur,
2461 3709 2560 3781 qui
2623 3709 2848 3782 angelis
2884 3709 3122 3780 quidem
3183 3727 3413 3765 sacrum
3475 3710 3629 3767 hunc

1984 3796 2271 3869 hymnum
2307 3797 2750 3854 modulantibus
2799 3798 2918 3861 illo,
2954 3799 3076 3870 ipse
3109 3798 3332 3870 primus
3376 3798 3627 3853 omnium

1987 3888 2251 3946 initiatus
2283 3893 2392 3944 est.

2058 3979 2363 4033 Enimvero
2405 3976 2671 4032 senarius
2688 3977 2785 4031 ille
2815 3991 3050 4048 quoque
3065 3977 3387 4046 primorum
3403 3977 3628 4032 dierum

1987 4079 2267 4123 numerus
2284 4066 2452 4136 cujus
2469 4065 2526 4120 in
2542 4065 2690 4120 libro
2713 4066 2782 4120 de
2802 4065 3003 4120 mundi
3020 4065 3392 4137 generatione
3409 4066 3629 4122 mentio

1988 4159 2216 4229 fit,typo
2239 4155 2490 4228 quodam
2522 4154 2735 4210 trinam
2768 4155 2871 4210 Dei
2902 4155 3294 4228 cognitionem
3325 4157 3625 4228 exprimit;

1989 4248 2140 4319 quod
2180 4245 2416 4316 quidem
2451 4261 2584 4299 cum
2618 4244 2749 4300 aliis
2773 4245 2994 4316 aliquot
3015 4263 3083 4300 ex
3114 4245 3408 4315 locis,tum
3435 4263 3500 4302 ex
3518 4247 3625 4302 hoc

1987 4333 2356 4408 perspicuum
2410 4338 2498 4388 est
2529 4349 2542 4387 ε
2603 4333 2729 4389 Dies
2759 4334 2872 4389 diei
2918 4339 3131 4390 eructat
3167 4336 3410 4404 verbum,
3441 4340 3492 4390 et
3522 4352 3633 4392 nox

1989 4424 2140 4480 nocti
2184 4421 2393 4477 indicat
2421 4423 2712 4477 scientiam
2740 4425 2780 4478 ¹.
2835 4424 2976 4478 Item
3037 4440 3101 4480 ex
3134 4424 3291 4479 hoc:
3350 4427 3410 4480 In
3450 4425 3632 4496 capite

224 4517 293 4571 id
329 4515 680 4580 subindicat,
707 4515 857 4586 quod
884 4513 1103 4570 sanctis
1141 4515 1556 4585 superinsidet,
1589 4531 1720 4571 cum
1770 4532 1885 4588 quo
1994 4516 2124 4574 libri
2149 4514 2412 4585 scriptum
2443 4520 2522 4567 est
2549 4511 2616 4567 de
2639 4529 2728 4567 me
2759 4514 2798 4567 ³.
2844 4512 3183 4585 Quicunque
3222 4513 3377 4570 enim
3409 4515 3478 4570 de
3510 4514 3632 4587 pri-

221 4603 396 4662 nulla
429 4621 667 4676 prorsus
699 4603 813 4659 alia
873 4603 1150 4660 anctitas
1183 4604 1436 4660 conferri
1474 4610 1667 4676 queat.
1707 4608 1880 4672 Quot-
1914 4596 1961 4662 D
1992 4606 2102 4662 mis
2133 4604 2250 4660 illis
2280 4604 2484 4660 diebus
2543 4607 2956 4675 exposuerunt,
2991 4603 3225 4660 obscuri
3249 4603 3391 4660 nihil
3423 4604 3633 4661 elocuti

218 4697 374 4767 quot
401 4691 554 4748 enim
588 4691 920 4748 Divinitatis
952 4692 1174 4747 ratione
1206 4691 1389 4748 sancti
1423 4691 1884 4763 dicuntur,haud

225 4783 415 4839 dubie
455 4781 678 4853 profani
711 4786 767 4837 et
824 4781 1063 4854 impuri,
1123 4782 1620 4853 quemadmodum
1680 4799 1885 4840 omnes

226 4885 472 4944 quoque
504 4886 668 4942 reges
702 4870 933 4942 servi,et
964 4887 1029 4926 ea
1055 4886 1182 4942 quas
1213 4875 1352 4926 sunt
1377 4888 1490 4926 non
1524 4888 1652 4929 esse
1684 4889 1886 4930 cense-

226 4962 482 5028 buntur,
519 4961 568 5014 si
613 4975 746 5015 cum
781 4961 920 5028 Deo,
959 4959 1016 5014 id
1052 4965 1142 5016 est
1199 4977 1264 5016 eo
1297 4961 1395 5033 qui
1426 4979 1556 5019 vere
1609 4968 1715 5032 est,
1751 4981 1890 5020 con-

1995 4698 2154 4751 sunt.
2188 4698 2333 4750 Nam
2394 4696 2568 4765 caput
2588 4697 2644 4748 et
2674 4693 3027 4765 principium
3061 4693 3214 4763 libri,
3247 4693 3306 4749 id
3337 4698 3426 4749 est
3454 4693 3632 4750 totius

1996 4785 2310 4858 Scripturas
2343 4782 2958 4854 divinitusinspirataa,
2990 4781 3087 4838 ille
3115 4782 3343 4838 dierum
3375 4783 3643 4839 senarius

1999 4889 2280 4932 numerus
2311 4877 2419 4944 est,
2479 4871 2696 4944 quibus
2730 4872 2949 4928 fabrica
3002 4872 3206 4928 mundi
3234 4875 3642 4928 consummata

2001 4965 2128 5020 fuit.
2182 4965 2255 5018 Ex
2290 4978 2544 5036 quorum
2578 4962 2984 5034 magnitudine
3036 4965 3092 5016 et
3148 4962 3352 5016 decore
3409 4962 3645 5016 Creator

227 5051 526 5105 ferantur.
579 5051 693 5104 Hac
724 5065 861 5121 ergo
893 5049 1168 5116 dictione,
1228 5050 1500 5120 Sanctus,
1555 5053 1892 5110 excellentia
2000 5055 2370 5110 innotescens
2404 5051 2676 5107 laudibus
2709 5052 2964 5106 effertur.

225 5141 300 5196 in
336 5144 445 5194 Deo
477 5143 533 5195 et
565 5139 938 5212 praerogativa
969 5140 1299 5212 denotatur,
1339 5142 1511 5213 idque
1545 5145 1708 5212 adeo,
1737 5145 1890 5215 quod

229 5229 523 5301 dignitate
599 5246 707 5284 sua
771 5244 968 5285 rerum
1027 5231 1296 5286 omnium
1358 5235 1596 5287 naturas
1657 5249 1899 5306 exsupe-

232 5329 347 5376 ret.
383 5321 664 5375 Sanctum
696 5320 853 5375 enim
886 5319 995 5376 hoc
1027 5320 1151 5377 loco
1185 5337 1299 5376 non
1329 5320 1390 5377 id
1422 5321 1896 5393 significat,quod

234 5429 274 5467 a
319 5410 490 5465 sorde
539 5408 803 5481 qualibet
854 5425 1066 5480 corpus
1115 5413 1217 5466 aut
1272 5410 1531 5465 animam
1603 5409 1900 5482 polluente

169 5563 172 5565 Α
234 5514 458 5574 purum
489 5501 752 5564 exsistat,
778 5499 929 5554 absit
962 5499 974 5553 l
1018 5501 1140 5564 Quo
1163 5499 1318 5554 enim
1351 5499 1616 5555 encomio
1642 5499 1795 5555 Deus
1820 5499 1903 5555 ita

2076 5144 2177 5199 His
2217 5141 2475 5212 Gregorii
2534 5154 2766 5212 quoque
2826 5138 3106 5210 Theologi
3164 5153 3272 5193 vox
3319 5137 3649 5202 attexenda,

2007 5249 2133 5304 quae
2164 5230 2403 5302 quidem
2439 5228 2608 5284 nobis
2642 5228 2711 5282 ad
2760 5235 2872 5282 tres
2905 5243 3093 5297 usque
3123 5242 3405 5298 personas
3438 5225 3650 5280 divini-

2008 5320 2148 5376 tatis
2202 5316 2544 5390 mysterium
2594 5315 2914 5372 revelatum
2949 5315 3129 5370 fuisse
3165 5319 3424 5370 testatur.
3451 5315 3654 5372 Unitas

2010 5407 2405 5478 enim,inquit,
2439 5406 2511 5460 ob
2541 5404 2752 5460 insitas
2783 5420 2920 5476 opes
2972 5404 3230 5460 emersit.
3264 5402 3530 5459 Dualitas
3561 5421 3657 5458 au~

2013 5503 2129 5554 tem
2164 5496 2424 5551 ubertate
2468 5494 2723 5548 materiae
2778 5497 2833 5548 et
2867 5494 3080 5560 formae,
3140 5493 3358 5565 quibus
3415 5508 3658 5564 corpora

305 5672 355 5707 93
382 5673 558 5729 Exod.
591 5689 703 5743 xw,
736 5671 823 5727 19.
901 5671 946 5706 ⁹⁰
975 5670 1166 5726 Judic.
1199 5685 1324 5738 xm,
1349 5670 1386 5724 5
1419 5687 1432 5738 ;
1463 5686 1586 5738 xvr,
1626 5672 1708 5725 l7.
1791 5675 1806 5710 ί
1838 5671 1984 5729 Psal.
2020 5687 2174 5737 xvm,
2207 5670 2259 5723 3.
2338 5667 2359 5702 ²
2390 5666 2538 5724 Psal.
2573 5683 2759 5733 xxxrx,
2809 5665 2868 5720 8.

486 5792 752 5856 Paraon.
801 5789 908 5852 Gs.
957 5790 1270 5853 CXXXIX.

3345 5785 3419 5842 37
