4044 6212
393 322 547 387 1163

1697 297 1998 360 ΝῘΟΕΤᾸΞ
2037 295 2463 358 ΟΗΟΝΙΑΤΛΕ

3667 291 3834 351 1161,

395 456 687 522 constant,
720 450 781 506 in
812 446 1007 518 majus
1037 441 1315 515 quiddam
1346 433 1615 493 excrevit.
1647 433 1904 522 Trinitas
1947 431 2040 486 de-
2069 435 2121 501 Α
2153 429 2408 499 usitatis,
2442 443 2686 499 quisque
2730 426 3038 484 nobiscum
3072 425 3436 493 coaluerunt,
3505 425 3826 481 indicavit-

397 547 574 616 nique
625 520 698 599 ob
731 539 824 596 sui
886 533 1298 608 perfectionem
1357 525 1599 582 deﬁnita
1645 526 1753 578 est.
1812 520 2044 576 Primus

397 614 554 692 enim
589 629 876 689 ternarias
908 621 1122 680 binarii
1171 615 1650 688 compositionem
1683 614 1942 682 superat,
1974 624 2046 664 ne

396 726 487 782 vel
519 725 576 780 in
611 722 927 791 angustum
982 709 1266 769 Divinitas
1290 708 1639 770 coarctetur,
1688 700 1774 756 vel
1803 701 1860 754 in
1907 698 2046 753 inﬁ-

401 815 596 870 nitum
619 808 1007 864 ditl'undatur.

472 902 600 958 Alia
631 912 864 971 quoque
914 892 1059 948 ratio
1091 889 1283 946 ati'erri
1318 888 1637 959 potest,cur
1667 880 1945 936 divinitas
1975 877 2046 931 ad

398 968 723 1050 ternarium
738 1001 924 1059 usque
940 996 1239 1039 numerum
1258 971 1766 1050 processerit,quia
1779 968 2054 1023 nimirum

402 1100 471 1139 ex
505 1078 762 1136 numeris
819 1073 1111 1132 ternarius
1144 1068 1307 1126 solus
1338 1063 1772 1139 apertissimum
1817 1063 2048 1114 statere

401 1177 607 1245 typum
639 1168 868 1224 referat.
927 1167 1154 1218 Statera
1190 1173 1359 1230 porro
1407 1152 1759 1225 aequalitatls
1816 1164 1966 1219 opus
1996 1149 2052 1202 et

407 1239 740 1333 symbolum
774 1257 883 1308 est.
945 1255 1030 1306 Ex
1059 1264 1176 1319 quo
1209 1247 1296 1314 tit,
1329 1249 1392 1299 ut
1425 1243 1576 1296 inter
1607 1253 1878 1294 numeros
1935 1239 2050 1289 ter-

406 1329 610 1404 narius
625 1345 786 1401 solus
803 1341 1066 1398 omnium
1088 1337 1346 1392 medium
1366 1333 1774 1398 interutraque
1796 1329 2053 1381 extrema

408 1438 493 1494 sic
524 1437 809 1500 obtineat,
835 1435 1020 1502 utpar
1047 1421 1511 1483 etimmutabilis
1534 1420 1628 1488 sit,
1661 1432 1792 1472 cum
1817 1413 2051 1470 interim

406 1526 570 1582 nulla
599 1538 838 1597 prorsus
871 1520 927 1573 in
961 1517 1150 1573 tribus
1174 1509 1517 1585 compositio
1548 1515 1838 1564 cernatur.

478 1594 616 1671 Jam.
633 1629 735 1666 cur
757 1608 992 1664 tandem
1026 1604 1226 1666 Filius,
1243 1597 1734 1664 dextra,Verbum
1753 1594 2054 1662 virtusque

410 1702 682 1768 Patris,et
711 1702 918 1752 caetera
966 1695 1024 1748 id
1056 1707 1241 1763 genus
1275 1686 1628 1759 appellatur,
1690 1686 1891 1737 contra
1920 1695 2053 1735 vero

407 1792 577 1846 Pater
602 1787 730 1844 Filii
753 1801 866 1840 non
904 1784 1042 1838 item
1073 1780 1099 1835 ?
1131 1793 1412 1834 numnam
1479 1775 1615 1845 quia
1647 1787 1760 1827 non
1795 1770 1964 1825 Pater
1988 1785 2055 1823 ex

408 1881 575 1948 Filio,
609 1877 708 1934 sed
732 1875 913 1932 Filius
945 1889 1014 1928 ex
1032 1872 1196 1927 Patre
1220 1865 1517 1940 procedit?
1547 1868 1828 1919 Praeterea
1842 1875 2054 1948 manus

409 1947 1004 2042 quidem,bracbium,
1029 1958 1402 2031 sapientia,et
1432 1969 1622 2010 sermo
1649 1951 1828 2021 huius
1859 1947 2054 2004 homi-

408 2039 502 2115 nis
528 2058 742 2114 dicitur
774 2075 789 2124 ;
845 2054 944 2111 sed
980 2051 1154 2106 homo
1198 2049 1433 2107 dextrae.
1468 2048 1568 2098 aut
1597 2039 1920 2114 sapientiae,
1953 2040 2056 2093 aut

406 2148 692 2206 similium
726 2161 840 2201 non
873 2144 1035 2210 item,
1063 2135 1559 2210 quemadmodum
1593 2147 1780 2202 neque
1796 2127 1943 2184 rami
1967 2144 2054 2182 ar-

407 2239 634 2306 berem,
667 2234 767 2292 sed
801 2229 1027 2288 arboris
1051 2241 1280 2282 ramum
1314 2223 1589 2278 dicimus.

479 2326 735 2399 Spiritus
793 2322 1036 2390 insuper
1091 2315 1191 2372 Dei
1225 2313 1444 2385 digitus
1476 2310 1860 2367 nominatur:
1916 2306 2055 2378 quia

407 2397 540 2470 vero
559 2412 778 2484 digitus
798 2425 866 2464 ex
891 2423 1066 2462 manu
1089 2403 1368 2477 procedit,
1403 2401 1612 2456 merito
1643 2397 1902 2470 Spiritus
1937 2411 2052 2450 non

407 2502 598 2558 Patris
631 2496 984 2563 lantum,sed
1007 2494 1182 2550 etiam
1207 2491 1358 2556 Filii,
1375 2489 1474 2561 qui
1502 2490 1702 2544 dextra
1725 2486 1910 2542 Patris
1941 2487 2051 2553 est,

406 2608 535 2648 esse
592 2589 830 2645 dicitur.
890 2589 962 2642 At
993 2600 1110 2640 non
1143 2598 1172 2638 s
1232 2595 1510 2636 converso
1563 2576 1723 2632 ﬁlius
1754 2593 1787 2631 a
1829 2574 2052 2646 Spiritu

407 2679 718 2752 dependet.
742 2677 856 2732 Nec
888 2675 1043 2730 enim
1079 2687 1288 2728 manus
1332 2667 1497 2741 digiti
1531 2666 1645 2723 dici
1676 2669 1884 2738 potest.
1925 2663 2052 2719 Non

407 2778 599 2825 tamen
621 2783 748 2824 eam
797 2765 869 2821 ob
901 2780 1021 2820 rem
1055 2762 1179 2818 loco
1208 2759 1395 2817 Patris
1422 2756 1624 2826 Filius,
1666 2759 1766 2811 aut
1799 2753 2054 2825 Spiritus

405 2859 460 2914 id
498 2857 651 2929 quod
684 2855 848 2911 initio
881 2850 1249 2909 conducibile
1282 2852 1407 2906 erat
1437 2845 1776 2903 enuntiasse
1808 2843 2050 2898 dicetur.

405 2945 890 3016 Quandoquidem
947 2942 1100 2996 Deus
1160 2937 1466 2994 hominum
1499 2949 1732 3007 quoque
1771 2933 1957 2999 Pater,
1991 2936 2053 2985 ut

397 3038 524 3108 jam
557 3035 696 3101 dixi,
742 3033 1066 3096 dicebatur,
1130 3028 1336 3085 Filium
1398 3041 1529 3080 vero
1563 3024 1612 3078 si
1646 3020 1835 3078 Patris
1866 3019 2052 3076 nostri

2156 522 2224 572 Et
2253 517 2392 588 quia
2423 531 2550 573 mos
2585 517 2676 572 hic
2710 515 2966 583 inolevit,
2998 521 3061 570 ut
3093 531 3226 570 cum
3260 515 3333 570 de
3367 514 3506 570 [iliis
3537 516 3827 570 nostrati-

2156 612 2262 663 bus
2294 606 2614 677 loquimur,
2647 610 2932 661 recentem
2964 622 3164 662 corum
3197 605 3662 676 generationem,
3687 604 3830 676 Spi-

2157 697 2310 752 ritus
2341 700 2536 751 autem
2570 694 3002 766 processionem
3036 695 3341 761 dicamus;
3369 693 3451 749 ait
3488 694 3650 748 enim
3674 693 3835 749 Scri-

2158 790 2355 857 ptura,
2376 785 2618 856 Spiritus
2646 787 2855 839 vadens
2884 788 2936 838 et
2978 800 3088 839 non
3117 783 3355 847 rediens,
3377 783 3396 817 '
3423 800 3438 850 ;
3475 783 3616 837 item
3647 798 3661 837 :
3689 785 3832 837 Exi-

2160 876 2236 930 bit
2265 877 2496 946 spiritus
2529 874 2686 942 ejus‘
2707 891 2720 940 ;
2744 874 2880 929 item
2909 889 2923 929 :
2955 873 3198 945 Spiritus
3209 874 3585 944 pertransibit
3600 874 3658 926 in
3679 883 3832 938 co,¢t

2157 981 2268 1020 non
2295 962 2549 1018 subsistet
2582 963 2623 1019 ⁸,
2665 961 2829 1031 Quia,
2865 962 3133 1034 inquam,
3168 961 3228 1017 in
3265 961 3576 1018 hominum
3609 979 3829 1032 genere

2160 1053 2301 1109 Filio
2333 1053 2570 1125 quidem
2631 1052 3089 1124 generationem,
3131 1052 3373 1123 Spiritui
3433 1059 3636 1108 autem
3692 1069 3832 1124 pro-

2161 1143 2488 1199 cessionem
2520 1142 2939 1206 attribuimus;
2973 1142 3178 1197 eodem
3213 1158 3461 1214 prorsus
3498 1143 3735 1196 ratione
3768 1143 3826 1197 in

2162 1231 2776 1288 naturaillaineli‘abili
2798 1237 2853 1287 et
2874 1230 3309 1302 supernaturali
3341 1231 3554 1286 Filium
3578 1232 3826 1302 quidem

2163 1322 2428 1393 genitum
2461 1337 2608 1390 esse,
2645 1321 2961 1375 didicimus
2997 1337 3010 1387 ;
3039 1319 3444 1392 Spiritumque
3473 1321 3832 1375 convenien-

2162 1416 2250 1465 ter
2279 1409 2394 1465 Deo
2427 1410 2736 1481 procedere
2791 1409 3129 1464 commoniti
3182 1424 3410 1465 sumus.
3465 1409 3611 1464 Hinc
3664 1411 3829 1465 enim

2163 1499 2376 1554 factum
2406 1503 2514 1566 est,
2551 1505 2612 1554 ut
2671 1498 2853 1554 Patris
2904 1497 3146 1569 quidem
3201 1498 3476 1570 Spiritus,
3521 1497 3654 1551 Filii
3691 1514 3828 1553 vero

2165 1588 2416 1659 Spiritus
2473 1594 2718 1645 Sanctus
2766 1589 2956 1644 dictus
2992 1588 3088 1654 sit,
3146 1587 3439 1659 siquidem
3496 1590 3651 1658 apud
3720 1605 3834 1645 nos

2165 1678 2471 1750 utriusque
2498 1677 2706 1733 horum
2739 1677 2989 1750 Spiritus
3021 1676 3254 1734 dicitur.
3289 1678 3466 1732 Pater
3494 1682 3698 1732 autem
3736 1676 3832 1733 vel

2168 1766 2349 1823 Filius
2379 1769 2567 1840 ipsius
2618 1767 2871 1838 Spiritus
2903 1784 3016 1822 non
3052 1767 3214 1836 item,
3251 1766 3460 1822 saltem
3492 1767 3653 1838 apud
3689 1783 3827 1824 nos.

2165 1856 2443 1912 Caeterum
2466 1857 2844 1913 Divinitatem
2869 1873 2979 1912 sua
3003 1856 3191 1928 ipsius
3221 1861 3435 1911 natura
3454 1855 3827 1912 ineffabilem

2163 1964 2313 2016 esse,
2346 1963 2594 2020 eamque
2627 1949 2788 2019 adeo,
2825 1964 2998 2020 quam
3032 1947 3123 2002 vix
3165 1946 3466 2002 intellectu
3498 1948 3829 2019 quisquam

2164 2039 2440 2109 consequi
2470 2040 2677 2111 possit,
2713 2039 2877 2094 nulla
2905 2039 2961 2094 id
2990 2038 3144 2094 notio
3179 2038 3516 2094 communis
3549 2039 3832 2109 opiniove

2163 2128 2480 2185 dilﬁtetur:
2541 2128 2692 2183 idem
2751 2145 2982 2199 quoque
3033 2127 3324 2198 plerisque
3380 2126 3443 2181 in
3477 2125 3623 2182 locis
3657 2144 3834 2183 sacra

2163 2215 2464 2288 Scriptura
2483 2217 2781 2288 praedicat,
2814 2217 3269 2288 sapientumque
3317 2216 3557 2271 Patrum
3606 2224 3838 2272 nostro-

2164 2321 2294 2360 rum
2330 2306 2444 2362 fere
2475 2306 2688 2362 chorus
2719 2305 2908 2362 omnis
2939 2310 3274 2362 attestatur.

2790 2468 2945 2520 CAP.
2990 2464 3182 2521 XXXI.

2285 2608 2580 2681 Expositio
2609 2609 2772 2666 Fidei
2801 2612 2939 2679 (quae
2968 2608 3398 2680 praecedentium
3428 2611 3590 2665 omni
3603 2626 3702 2663 um

2472 2681 2901 2754 anacephalcosi
2926 2683 3212 2738 succincta
3246 2681 3512 2752 constat.)

2234 2848 2549 2914 Hactenus,
2582 2845 2875 2918 congestis
2906 2849 3240 2901 sanctorum
3293 2844 3535 2900 Patrum
3581 2851 3829 2901 senten-

2160 2936 2284 3003 tiis,
2355 2935 2698 2992 Trinitatem
2773 2935 3037 3005 ejusdem
3123 2939 3370 3000 naturae,
3465 2935 3827 3006 majestatis,

2161 3025 2432 3096 potentis:
2469 3031 2642 3096 atque
2674 3022 3016 3079 aeternitatis
3065 3039 3194 3078 esse
3225 3023 3363 3079 satis
3393 3040 3696 3096 superque
3718 3026 3829 3081 do-

405 3125 641 3182 nomine
673 3121 1110 3192 compellemus,
1139 3118 1196 3172 id
1252 3116 1505 3188 profecto
1536 3113 1686 3168 inter
1724 3110 1821 3166 illa
1852 3125 2051 3165 cense—
2089 3135 2133 3205 C
2168 3115 2424 3179 cuimus,
2460 3112 2706 3185 Filiique
2738 3113 2794 3167 in
2828 3129 2999 3168 carne
3021 3114 3337 3168 adventum
3372 3113 3826 3184 subjunximus.

406 3216 586 3284 bitur,
621 3229 745 3284 quae
770 3211 1047 3279 ζῆθι-ἧβαι
1073 3224 1141 3262 ex
1174 3203 1634 3278 priscedentibus
1656 3200 1853 3256 inferri
1888 3198 2047 3254 nullo

407 3305 576 3359 modo
610 3307 873 3373 possunt.
909 3298 1159 3353 Proinde
1207 3311 1339 3350 cum
1379 3293 1552 3348 Pater
1605 3288 2048 3362 praedicabatur,

406 3396 645 3465 propter
675 3391 830 3444 vocis
860 3387 1130 3449 abusum,
1161 3383 1260 3455 qui
1294 3391 1433 3437 tunc
1479 3379 1812 3442 inoleverat,
1853 3393 2051 3449 perso-

410 3497 547 3536 nam
581 3479 810 3534 unicam
862 3476 1157 3547 plerisque
1190 3470 1504 3526 denotabat
1533 3475 1588 3524 et
1623 3466 2049 3523 subindicabat.

406 3569 568 3634 Quod
629 3567 676 3622 si
734 3565 890 3620 filius
943 3567 1045 3618 aut
1103 3560 1356 3632 Spiritus
1408 3556 1874 3622 annuntiaretur,
1923 3555 2051 3608 dua:

406 3673 648 3729 prorsus
689 3656 1030 3728 hypostases
1078 3652 1138 3706 in
1184 3648 1445 3704 confesso
1502 3653 1684 3700 erant.
1735 3644 1842 3708 Qui
1895 3643 2052 3698 enim

411 3747 542 3802 Filii
584 3762 795 3802 nomen
855 3742 1150 3807 audiebat,
1197 3756 1263 3794 ex
1315 3735 1639 3793 continenti
1696 3735 1766 3790 ad
1827 3734 2050 3788 Patrem

406 3836 604 3892 animo
638 3831 1115 3888 ferebatur.ldem
1150 3844 1388 3900 prorsus
1419 3826 1477 3880 in
1509 3824 1762 3895 Spiritus
1791 3820 2054 3894 appella-

407 3926 564 3980 tione
595 3921 989 3992 contingebat.
1051 3918 1372 3988 Cujusnam
1423 3915 1578 3970 enim
1613 3912 1868 3985 Spiritus
1899 3915 2054 3966 esset

407 4014 555 4068 ratio
601 4011 989 4083 disquirebat.
1030 4013 1236 4079 Atque,
1268 4009 1330 4060 ul
1358 4005 1440 4060 ita
1469 4004 1683 4069 dicam,
1717 4003 2052 4073 quicunque

412 4103 594 4157 Deum
625 4102 868 4156 rationis
900 4103 1191 4171 expertem
1227 4112 1341 4151 non
1391 4093 1716 4166 proﬁtetur,
1769 4091 1815 4144 is
1847 4091 2050 4144 eadem

409 4207 653 4260 prorsus
685 4206 860 4262 Opera
892 4187 1132 4242 rationis
1192 4183 1530 4257 participem
1562 4197 1691 4236 esse
1730 4178 2049 4235 contendit.

406 4281 550 4352 Ejus
581 4295 752 4351 porro
785 4277 884 4350 qui
938 4282 1026 4332 est
1051 4273 1422 4338 immortalis,
1456 4269 1789 4326 immortale
1821 4283 2052 4339 quoque

407 4370 645 4424 verbum
679 4371 968 4423 censetur.
1001 4365 1130 4420 Jam
1187 4360 1516 4418 immortale
1573 4359 1814 4414 verbum
1867 4356 2046 4424 aliud,

403 4460 478 4514 ab
511 4475 598 4527 eo,
659 4472 830 4528 quem
891 4454 1096 4509 Filium
1156 4452 1434 4519 dicimus,
1490 4465 1659 4504 nemo
1691 4455 1843 4505 recte
1895 4447 2050 4502 dixe-

405 4547 502 4603 rit.

477 4633 639 4699 Quod
671 4632 722 4686 si
752 4631 885 4702 quis
916 4629 1164 4693 dubitet,
1218 4627 1316 4698 qui
1351 4627 1452 4680 ﬁat
1485 4629 1568 4692 ut,
1603 4642 1735 4680 cum
1783 4625 1960 4681 Filius
1991 4631 2050 4682 et

402 4722 658 4796 Spiritus
708 4736 874 4790 aequo
899 4719 1083 4790 gradu
1117 4734 1184 4772 ex
1216 4717 1382 4771 Patre
1414 4715 1755 4787 procedant,
1780 4713 1876 4769 ille
1898 4715 2047 4783 Filii,

403 4812 498 4868 hic
531 4809 780 4881 Spiritus
814 4807 1046 4862 nomine
1095 4810 1368 4861 vocetur:
1430 4820 1536 4858 nec
1569 4803 1740 4858 ambo
1789 4803 1912 4858 Filii
1945 4821 2044 4873 ap-

401 4900 797 4978 pellationem,
817 4896 1309 4970 quemadmodum
1333 4899 1389 4950 et
1409 4893 1694 4960 habitum,
1711 4893 2000 4949 retineant
2028 4911 2042 4950 :

399 4997 478 5048 ita
508 4988 984 5063 respondendum
1015 4991 1120 5052 est,
1147 4985 1303 5056 quod
1333 4984 1391 5038 in
1448 4983 1784 5038 universum
1820 4987 2044 5039 naturae

398 5084 608 5140 divina:
640 5077 950 5150 'l‘heologia
1006 5077 1063 5131 id
1098 5078 1291 5148 ipsum
1325 5092 1357 5129 a
1389 5073 1714 5130 notioribus
1748 5073 1912 5128 nobis
1944 5074 2045 5128 de-

395 5176 680 5241 scribens,
717 5169 870 5243 quod
906 5169 963 5224 in
995 5167 1276 5222 Trinitate
1299 5164 1624 5235 legitimum
1659 5168 1766 5228 est,
1796 5163 2045 5219 honore-

395 5282 507 5335 que
540 5261 822 5336 persimili
864 5257 1096 5322 colitur,
1130 5255 1471 5310 nominibus
1507 5252 1686 5308 Patris
1717 5257 1773 5308 et
1825 5253 1953 5308 Filii
1985 5257 2043 5308 et

393 5353 644 5421 Spiritus
683 5351 872 5406 Sancti
905 5346 1197 5404 ineﬁ‘abile
1230 5344 1553 5400 divinitatis
1587 5358 1822 5410 nomen,
1876 5341 2044 5397 nulli-

395 5454 500 5505 que
533 5438 852 5496 intellectui
886 5438 1172 5510 pervium,
1225 5433 1722 5506 appellationibus
1754 5431 1905 5488 inter
1937 5450 2042 5490 nos

2167 3205 2314 3272 Quia
2346 3220 2477 3258 vero
2535 3203 2796 3258 facturus
2828 3218 3013 3274 opera:
3046 3201 3298 3274 pretium
3330 3202 3473 3256 mihi
3505 3203 3737 3270 videor,
3771 3205 3822 3258 si

2161 3311 2290 3364 qua:
2322 3291 2524 3347 multis
2551 3295 2607 3347 et
2647 3291 2822 3346 variis
2882 3290 3204 3346 dictionum
3265 3292 3826 3366 sententiarumque

2163 3381 2713 3439 circumcisionibus
2771 3385 2828 3436 et
2857 3381 3219 3436 anfractibus
3252 3381 3406 3434 dicta
3443 3386 3609 3449 sunt,
3669 3392 3722 3436 et
3755 3385 3822 3438 de

2161 3471 2494 3538 Zoarchica,
2544 3471 2654 3526 hoc
2686 3474 2774 3526 est
2803 3469 2930 3524 vitae
2963 3469 3227 3540 praeside,
3277 3469 3588 3540 Trinitate,
3635 3477 3696 3526 et
3754 3473 3824 3528 de

2163 3561 2334 3618 unius
2356 3577 2424 3616 ex
2453 3560 2574 3628 illa,
2609 3559 2888 3616 nimirum
2942 3558 3140 3628 Verbi,
3173 3559 3603 3626 incarnatione,
3654 3577 3721 3616 ex
3757 3579 3824 3617 ea

2163 3667 2316 3706 nunc
2363 3650 2705 3705 summatim
2737 3647 3008 3721 colligam
3049 3647 3418 3720 :praasertim
3470 3647 3523 3704 si
3573 3651 3817 3721 quando

2160 3744 2392 3811 tempus
2434 3738 2607 3803 ferat,
2659 3742 2723 3792 ut
2775 3736 3107 3792 orthodoxe
3188 3735 3320 3792 fidei
3372 3741 3582 3792 nostra
3667 3740 3812 3794 ratio

2162 3826 2462 3883 nonnullis
2509 3824 2800 3880 reddenda
2833 3823 2930 3891 sit,
2978 3825 3175 3896 ejusve
3206 3842 3239 3879 a
3299 3824 3467 3880 nobis
3527 3828 3812 3897 expositio

2161 3916 2494 3988 requiratur
2525 3931 2539 3970 :
2592 3913 2807 3969 idcirco
2842 3913 2957 3969 haec
2999 3931 3122 3986 quea
3171 3913 3626 3986 subsequuntur
3657 3918 3820 3972 addi-

2161 4007 2241 4062 di.

2233 4093 2534 4149 Credimus
2577 4093 2635 4147 in
2671 4093 2900 4148 Patrem
2933 4099 2986 4147 et
3020 4091 3231 4147 Filium
3265 4095 3323 4147 et
3352 4093 3646 4163 Spiritum
3680 4112 3818 4151 san-

2163 4189 2344 4252 ctum,
2376 4181 2720 4238 Trinitatem
2752 4182 2812 4237 in
2873 4181 3182 4249 unitate,et
3212 4181 3502 4237 unitatem
3530 4183 3591 4238 in
3619 4185 3820 4240 Trini-

2161 4278 2277 4329 tate
2306 4289 2318 4328 ε
2345 4272 2625 4327 unitatem
2641 4271 2874 4342 quidem
2901 4271 3125 4329 ratione
3142 4273 3425 4329 naturatis
3449 4275 3825 4346 conjunctio—

2161 4361 2274 4428 nis,
2345 4362 2402 4413 et
2452 4356 2892 4423 dominationis,
2963 4358 3307 4413 Trinitatem
3377 4376 3513 4416 vero
3590 4361 3820 4418 ratione

2157 4447 2607 4520 τρισυποστάτου,
2638 4446 2746 4502 hoc
2795 4454 2884 4502 est
2914 4446 3127 4518 triplici
3163 4463 3411 4519 persona
3460 4453 3815 4517 constantis,

2159 4537 2551 4609 perfectionis,
2583 4540 2640 4590 et
2671 4536 2896 4591 ratione
2951 4535 3286 4592 divitiarum
3339 4541 3816 4609 supernaturalis

2157 4627 2482 4683 Trinitatis.
2544 4625 2746 4682 Unitas
2803 4625 2959 4681 enim
3015 4641 3211 4681 revera
3241 4630 3328 4683 est
3373 4627 3638 4685 Trinitas
3689 4629 3814 4698 illa,

2159 4733 2287 4788 qua
2335 4715 2638 4770 Divinitate
2675 4715 3080 4786 conjungitur,
3132 4719 3189 4769 et
3229 4715 3487 4772 Trinitas
3517 4718 3808 4787 vicissim,

2157 4825 2354 4865 revera
2378 4806 2478 4862 illa
2527 4802 2881 4878 διαιρουμένη
2949 4810 3068 4867 ταῖς
3131 4803 3368 4875 ἰδιότησι
3415 4807 3508 4860 καὶ
3541 4807 3605 4862 οὐ
3643 4830 3809 4883 μερι-

2154 4895 2379 4970 ζομένη,
2413 4913 2540 4970 quae
2570 4896 3027 4969 proprietatibus
3060 4895 3141 4953 ita
3173 4897 3476 4968 dividitur,
3511 4905 3577 4953 ut
3603 4905 3808 4956 tamen

2155 4989 2212 5043 in
2245 4990 2437 5058 partes
2469 4985 2926 5057 haudquaquam
2962 4985 3306 5052 dissecetur,
3335 4987 3537 5042 eadem
3572 4995 3813 5044 coaeter-

2157 5094 2249 5146 na,
2281 5075 2567 5146 cujusque
2592 5074 2940 5130 substantiae
2971 5092 3074 5146 par
3104 5074 3290 5130 honor
3319 5074 3660 5132 exhibetur.
3695 5078 3811 5134 Nec

2155 5164 2308 5220 enim
2341 5169 2577 5235 tempus
2627 5167 2737 5231 est,
2771 5167 2871 5217 aut
2903 5163 3029 5229 iuit,
3061 5179 3174 5235 quo
3197 5163 3430 5234 quidem
3467 5181 3601 5220 cum
3643 5167 3808 5222 Patre

2155 5253 2332 5309 Filius
2373 5268 2484 5307 non
2515 5252 2683 5307 fuerit
2713 5269 2724 5306 :
2760 5252 2858 5323 qui
2918 5251 3073 5307 enim
3108 5252 3301 5317 ﬁat,ut
3331 5253 3504 5308 Pater
3550 5255 3792 5312 dicatur

2153 5341 2265 5397 nisi
2297 5345 2624 5396 consortem
2654 5340 2880 5411 imperii
2909 5339 3117 5395 Filium
3172 5339 3427 5396 habeat?
3461 5341 3665 5415 Neque
3700 5345 3811 5402 fuit

2155 5447 2417 5502 unquam
2468 5435 2722 5503 tempus,
2755 5445 2870 5502 quo
2902 5430 3156 5502 Spiritus
3185 5433 3440 5488 Sanctus
3463 5447 3597 5487 cum
3634 5439 3807 5492 utro-

464 5602 484 5636 ³
515 5603 670 5656 Psal.
697 5621 901 5674 Lxxvu,
931 5606 1020 5659 39.
1097 5607 1120 5641 ⁸
1149 5603 1306 5662 Psal.
1341 5619 1576 5670 cxxxxv,
1602 5604 1654 5658 4.
1729 5602 1754 5637 ⁵
1784 5602 1936 5661 Psal.
1965 5618 2064 5674 cu,
2101 5603 2185 5658 t6.
