  <div class='ocr_page' id='page_1' title='image "/cluster/home/n/w/nwhite01/storage/ocr_20150623/139/hvd.32044023361710/588.png"; bbox 0 0 4044 6212; ppageno 0'>
   <div class='ocr_carea' id='block_1_1' title="bbox 150 409 290 474">
    <p class='ocr_par' dir='ltr' id='par_1_1' title="bbox 150 409 290 474">
     <span class='ocr_line' id='line_1_1' title="bbox 150 409 290 474; baseline 0.007 -1"><span class='ocrx_word' id='word_1_1' title='bbox 150 409 290 474; x_wconf 79' lang='lat'><strong>“65</strong></span> 
     </span>
    </p>
   </div>
   <div class='ocr_carea' id='block_1_2' title="bbox 1438 408 2150 473">
    <p class='ocr_par' dir='ltr' id='par_1_2' title="bbox 1438 408 2150 473">
     <span class='ocr_line' id='line_1_2' title="bbox 1438 408 2150 473; baseline -0.003 -3"><span class='ocrx_word' id='word_1_2' title='bbox 1438 409 1835 473; x_wconf 75' lang='lat' dir='ltr'><strong>THESAURI</strong></span> <span class='ocrx_word' id='word_1_3' title='bbox 1879 409 2026 470; x_wconf 83' lang='lat' dir='ltr'><strong>LIB.</strong></span> <span class='ocrx_word' id='word_1_4' title='bbox 2071 408 2150 470; x_wconf 90' lang='lat' dir='ltr'><strong>II.</strong></span> 
     </span>
    </p>
   </div>
   <div class='ocr_carea' id='block_1_3' title="bbox 3380 415 3535 477">
    <p class='ocr_par' dir='ltr' id='par_1_3' title="bbox 3380 415 3535 477">
     <span class='ocr_line' id='line_1_3' title="bbox 3380 415 3535 477; baseline 0.006 -1"><span class='ocrx_word' id='word_1_5' title='bbox 3380 415 3535 477; x_wconf 81' lang='grc'><strong>1166</strong></span> 
     </span>
    </p>
   </div>
   <div class='ocr_carea' id='block_1_4' title="bbox 139 543 3534 618">
    <p class='ocr_par' dir='ltr' id='par_1_4' title="bbox 139 543 3534 618">
     <span class='ocr_line' id='line_1_4' title="bbox 139 543 3534 618; baseline 0 -14"><span class='ocrx_word' id='word_1_6' title='bbox 139 564 244 618; x_wconf 88' lang='lat' dir='ltr'><strong>que</strong></span> <span class='ocrx_word' id='word_1_7' title='bbox 268 562 374 603; x_wconf 91' lang='lat' dir='ltr'><strong>non</strong></span> <span class='ocrx_word' id='word_1_8' title='bbox 408 544 601 601; x_wconf 82' lang='lat' dir='ltr'><strong>fuerit.</strong></span> <span class='ocrx_word' id='word_1_9' title='bbox 650 544 795 601; x_wconf 89' lang='lat' dir='ltr'><strong>Cum</strong></span> <span class='ocrx_word' id='word_1_10' title='bbox 843 547 957 602; x_wconf 89' lang='lat' dir='ltr'><strong>tres</strong></span> <span class='ocrx_word' id='word_1_11' title='bbox 987 544 1139 602; x_wconf 92' lang='lat' dir='ltr'><strong>inter</strong></span> <span class='ocrx_word' id='word_1_12' title='bbox 1185 563 1246 603; x_wconf 89' lang='lat' dir='ltr'><strong>se</strong></span> <span class='ocrx_word' id='word_1_13' title='bbox 1275 547 1572 618; x_wconf 92' lang='lat' dir='ltr'><strong>conjuncti</strong></span> <span class='ocrx_word' id='word_1_14' title='bbox 1620 562 1773 603; x_wconf 92' lang='lat' dir='ltr'><strong>unus</strong></span> <span class='ocrx_word' id='word_1_15' title='bbox 1801 546 1855 612; x_wconf 86' lang='grc' dir='ltr'><strong>Α</strong></span> <span class='ocrx_word' id='word_1_16' title='bbox 1881 560 1991 616; x_wconf 91' lang='lat' dir='ltr'><strong>que</strong></span> <span class='ocrx_word' id='word_1_17' title='bbox 2048 543 2343 615; x_wconf 88' lang='lat' dir='ltr'><strong>specimen</strong></span> <span class='ocrx_word' id='word_1_18' title='bbox 2383 543 2776 600; x_wconf 82' lang='lat' dir='ltr'><strong>attribuamus</strong></span> <span class='ocrx_word' id='word_1_19' title='bbox 2811 559 2824 600; x_wconf 89' lang='lat'><strong>:</strong></span> <span class='ocrx_word' id='word_1_20' title='bbox 2856 543 2967 600; x_wconf 87' lang='lat' dir='ltr'><strong>alia</strong></span> <span class='ocrx_word' id='word_1_21' title='bbox 3018 544 3254 617; x_wconf 84' lang='lat' dir='ltr'><strong>quidem</strong></span> <span class='ocrx_word' id='word_1_22' title='bbox 3305 547 3534 604; x_wconf 85' lang='lat' dir='ltr'><strong>ratione</strong></span> 
     </span>
    </p>
   </div>
   <div class='ocr_carea' id='block_1_5' title="bbox 133 634 1765 706">
    <p class='ocr_par' dir='ltr' id='par_1_5' title="bbox 133 634 1765 706">
     <span class='ocr_line' id='line_1_5' title="bbox 133 634 1765 706; baseline -0.001 -14"><span class='ocrx_word' id='word_1_23' title='bbox 133 637 207 692; x_wconf 87' lang='lat' dir='ltr'><strong>sit</strong></span> <span class='ocrx_word' id='word_1_24' title='bbox 253 637 417 705; x_wconf 82' lang='lat' dir='ltr'><strong>Deus,</strong></span> <span class='ocrx_word' id='word_1_25' title='bbox 476 634 602 691; x_wconf 86' lang='lat' dir='ltr'><strong>sola</strong></span> <span class='ocrx_word' id='word_1_26' title='bbox 658 635 948 706; x_wconf 83' lang='lat' dir='ltr'><strong>cujusque</strong></span> <span class='ocrx_word' id='word_1_27' title='bbox 1010 635 1345 692; x_wconf 71' lang='lat' dir='ltr'><strong>differentia</strong></span> <span class='ocrx_word' id='word_1_28' title='bbox 1405 637 1463 692; x_wconf 91' lang='lat' dir='ltr'><strong>in</strong></span> <span class='ocrx_word' id='word_1_29' title='bbox 1497 637 1765 694; x_wconf 67' lang='lat' dir='ltr'><strong>essentia</strong></span> 
     </span>
    </p>
   </div>
   <div class='ocr_carea' id='block_1_6' title="bbox 130 723 1765 794">
    <p class='ocr_par' dir='ltr' id='par_1_6' title="bbox 130 723 1765 794">
     <span class='ocr_line' id='line_1_6' title="bbox 130 723 1765 794; baseline -0.002 -11"><span class='ocrx_word' id='word_1_30' title='bbox 130 725 519 782; x_wconf 88' lang='lat' dir='ltr'><strong>communione</strong></span> <span class='ocrx_word' id='word_1_31' title='bbox 552 723 853 778; x_wconf 89' lang='lat' dir='ltr'><strong>individue</strong></span> <span class='ocrx_word' id='word_1_32' title='bbox 901 741 1208 794; x_wconf 82' lang='lat' dir='ltr'><strong>personam</strong></span> <span class='ocrx_word' id='word_1_33' title='bbox 1249 725 1563 782; x_wconf 86' lang='lat' dir='ltr'><strong>dividente.</strong></span> <span class='ocrx_word' id='word_1_34' title='bbox 1595 724 1765 780; x_wconf 87' lang='lat' dir='ltr'><strong>Solus</strong></span> 
     </span>
    </p>
   </div>
   <div class='ocr_carea' id='block_1_7' title="bbox 126 813 1766 884">
    <p class='ocr_par' dir='ltr' id='par_1_7' title="bbox 126 813 1766 884">
     <span class='ocr_line' id='line_1_7' title="bbox 126 813 1766 884; baseline -0.001 -13"><span class='ocrx_word' id='word_1_35' title='bbox 126 816 273 871; x_wconf 91' lang='lat' dir='ltr'><strong>enim</strong></span> <span class='ocrx_word' id='word_1_36' title='bbox 319 819 506 884; x_wconf 88' lang='lat' dir='ltr'><strong>Pater,</strong></span> <span class='ocrx_word' id='word_1_37' title='bbox 568 815 754 870; x_wconf 86' lang='lat' dir='ltr'><strong>Pater.</strong></span> <span class='ocrx_word' id='word_1_38' title='bbox 816 813 990 870; x_wconf 91' lang='lat' dir='ltr'><strong>Solus</strong></span> <span class='ocrx_word' id='word_1_39' title='bbox 1045 815 1250 883; x_wconf 81' lang='lat' dir='ltr'><strong>Fiiius,</strong></span> <span class='ocrx_word' id='word_1_40' title='bbox 1327 815 1526 872; x_wconf 84' lang='lat' dir='ltr'><strong>Filius.</strong></span> <span class='ocrx_word' id='word_1_41' title='bbox 1597 815 1766 871; x_wconf 77' lang='lat' dir='ltr'><strong>Solus</strong></span> 
     </span>
    </p>
   </div>
   <div class='ocr_carea' id='block_1_8' title="bbox 131 903 1767 979">
    <p class='ocr_par' dir='ltr' id='par_1_8' title="bbox 131 903 1767 979">
     <span class='ocr_line' id='line_1_8' title="bbox 131 903 1767 979; baseline 0 -18"><span class='ocrx_word' id='word_1_42' title='bbox 131 905 361 979; x_wconf 78' lang='lat' dir='ltr'><strong>Spiritus</strong></span> <span class='ocrx_word' id='word_1_43' title='bbox 407 905 687 970; x_wconf 88' lang='lat' dir='ltr'><strong>Sanctus,</strong></span> <span class='ocrx_word' id='word_1_44' title='bbox 746 903 1020 976; x_wconf 84' lang='lat' dir='ltr'><strong>Spiritus.</strong></span> <span class='ocrx_word' id='word_1_45' title='bbox 1075 905 1176 960; x_wconf 89' lang='lat' dir='ltr'><strong>IIis</strong></span> <span class='ocrx_word' id='word_1_46' title='bbox 1221 905 1377 961; x_wconf 91' lang='lat' dir='ltr'><strong>enim</strong></span> <span class='ocrx_word' id='word_1_47' title='bbox 1422 905 1767 961; x_wconf 72' lang='lat' dir='ltr'><strong>differentiis</strong></span> 
     </span>
    </p>
   </div>
   <div class='ocr_carea' id='block_1_9' title="bbox 132 993 1768 1052">
    <p class='ocr_par' dir='ltr' id='par_1_9' title="bbox 132 993 1768 1052">
     <span class='ocr_line' id='line_1_9' title="bbox 132 993 1768 1052; baseline -0.001 0"><span class='ocrx_word' id='word_1_48' title='bbox 132 1014 241 1052; x_wconf 89' lang='lat' dir='ltr'><strong>non</strong></span> <span class='ocrx_word' id='word_1_49' title='bbox 271 999 679 1050; x_wconf 89' lang='lat' dir='ltr'><strong>convertuntur</strong></span> <span class='ocrx_word' id='word_1_50' title='bbox 721 996 872 1048; x_wconf 87' lang='lat' dir='ltr'><strong>inter</strong></span> <span class='ocrx_word' id='word_1_51' title='bbox 921 1009 1004 1048; x_wconf 92' lang='lat' dir='ltr'><strong>se.</strong></span> <span class='ocrx_word' id='word_1_52' title='bbox 1058 995 1168 1050; x_wconf 85' lang='lat' dir='ltr'><strong>Sed</strong></span> <span class='ocrx_word' id='word_1_53' title='bbox 1219 994 1280 1050; x_wconf 89' lang='lat' dir='ltr'><strong>in</strong></span> <span class='ocrx_word' id='word_1_54' title='bbox 1329 993 1421 1050; x_wconf 86' lang='lat' dir='ltr'><strong>his</strong></span> <span class='ocrx_word' id='word_1_55' title='bbox 1470 994 1768 1051; x_wconf 79' lang='lat' dir='ltr'><strong>individuo</strong></span> 
     </span>
    </p>
   </div>
   <div class='ocr_carea' id='block_1_10' title="bbox 130 1083 1767 1156">
    <p class='ocr_par' dir='ltr' id='par_1_10' title="bbox 130 1083 1767 1156">
     <span class='ocr_line' id='line_1_10' title="bbox 130 1083 1767 1156; baseline 0 -16"><span class='ocrx_word' id='word_1_56' title='bbox 130 1086 348 1156; x_wconf 82' lang='lat' dir='ltr'><strong>quidem</strong></span> <span class='ocrx_word' id='word_1_57' title='bbox 379 1084 747 1153; x_wconf 89' lang='lat' dir='ltr'><strong>dividuntur,</strong></span> <span class='ocrx_word' id='word_1_58' title='bbox 795 1083 1056 1139; x_wconf 75' lang='lat' dir='ltr'><strong>essentias</strong></span> <span class='ocrx_word' id='word_1_59' title='bbox 1107 1093 1300 1139; x_wconf 89' lang='lat' dir='ltr'><strong>autem</strong></span> <span class='ocrx_word' id='word_1_60' title='bbox 1352 1085 1574 1140; x_wconf 81' lang='lat' dir='ltr'><strong>ratione</strong></span> <span class='ocrx_word' id='word_1_61' title='bbox 1615 1101 1767 1140; x_wconf 88' lang='lat' dir='ltr'><strong>com—</strong></span> 
     </span>
    </p>
   </div>
   <div class='ocr_carea' id='block_1_11' title="bbox 133 1172 1766 1245">
    <p class='ocr_par' dir='ltr' id='par_1_11' title="bbox 133 1172 1766 1245">
     <span class='ocr_line' id='line_1_11' title="bbox 133 1172 1766 1245; baseline -0.001 -14"><span class='ocrx_word' id='word_1_62' title='bbox 133 1175 442 1231; x_wconf 88' lang='lat' dir='ltr'><strong>municant.</strong></span> <span class='ocrx_word' id='word_1_63' title='bbox 475 1173 752 1241; x_wconf 85' lang='lat' dir='ltr'><strong>Trinitas,</strong></span> <span class='ocrx_word' id='word_1_64' title='bbox 786 1172 1432 1244; x_wconf 83' lang='lat' dir='ltr'><strong>simplex,insecahilis,</strong></span> <span class='ocrx_word' id='word_1_65' title='bbox 1463 1173 1766 1245; x_wconf 91' lang='lat' dir='ltr'><strong>incompo-</strong></span> 
     </span>
    </p>
   </div>
   <div class='ocr_carea' id='block_1_12' title="bbox 134 1261 1766 1334">
    <p class='ocr_par' dir='ltr' id='par_1_12' title="bbox 134 1261 1766 1334">
     <span class='ocr_line' id='line_1_12' title="bbox 134 1261 1766 1334; baseline -0.001 -15"><span class='ocrx_word' id='word_1_66' title='bbox 134 1265 258 1334; x_wconf 83' lang='lat' dir='ltr'><strong>sita,</strong></span> <span class='ocrx_word' id='word_1_67' title='bbox 290 1280 352 1318; x_wconf 80' lang='lat' dir='ltr'><strong>ex</strong></span> <span class='ocrx_word' id='word_1_68' title='bbox 381 1263 569 1318; x_wconf 90' lang='lat' dir='ltr'><strong>tribus</strong></span> <span class='ocrx_word' id='word_1_69' title='bbox 628 1261 897 1333; x_wconf 78' lang='lat' dir='ltr'><strong>perfectis</strong></span> <span class='ocrx_word' id='word_1_70' title='bbox 956 1278 1057 1333; x_wconf 89' lang='lat' dir='ltr'><strong>per</strong></span> <span class='ocrx_word' id='word_1_71' title='bbox 1089 1279 1153 1318; x_wconf 90' lang='lat' dir='ltr'><strong>se</strong></span> <span class='ocrx_word' id='word_1_72' title='bbox 1209 1263 1482 1334; x_wconf 80' lang='lat' dir='ltr'><strong>perfecta,</strong></span> <span class='ocrx_word' id='word_1_73' title='bbox 1539 1267 1596 1318; x_wconf 93' lang='lat' dir='ltr'><strong>et</strong></span> <span class='ocrx_word' id='word_1_74' title='bbox 1634 1264 1766 1334; x_wconf 89' lang='lat' dir='ltr'><strong>plus</strong></span> 
     </span>
    </p>
   </div>
   <div class='ocr_carea' id='block_1_13' title="bbox 132 1352 1766 1427">
    <p class='ocr_par' dir='ltr' id='par_1_13' title="bbox 132 1352 1766 1427">
     <span class='ocr_line' id='line_1_13' title="bbox 132 1352 1766 1427; baseline -0.001 -17"><span class='ocrx_word' id='word_1_75' title='bbox 132 1372 296 1427; x_wconf 86' lang='lat' dir='ltr'><strong>quam</strong></span> <span class='ocrx_word' id='word_1_76' title='bbox 340 1354 588 1425; x_wconf 84' lang='lat' dir='ltr'><strong>perfecta</strong></span> <span class='ocrx_word' id='word_1_77' title='bbox 638 1357 746 1408; x_wconf 87' lang='lat' dir='ltr'><strong>est.</strong></span> <span class='ocrx_word' id='word_1_78' title='bbox 811 1353 991 1424; x_wconf 87' lang='lat' dir='ltr'><strong>Cujus</strong></span> <span class='ocrx_word' id='word_1_79' title='bbox 1051 1370 1164 1408; x_wconf 87' lang='lat' dir='ltr'><strong>una</strong></span> <span class='ocrx_word' id='word_1_80' title='bbox 1211 1358 1440 1423; x_wconf 89' lang='lat' dir='ltr'><strong>natura,</strong></span> <span class='ocrx_word' id='word_1_81' title='bbox 1492 1352 1766 1410; x_wconf 88' lang='lat' dir='ltr'><strong>divinitas</strong></span> 
     </span>
    </p>
   </div>
   <div class='ocr_carea' id='block_1_14' title="bbox 132 1442 1763 1514">
    <p class='ocr_par' dir='ltr' id='par_1_14' title="bbox 132 1442 1763 1514">
     <span class='ocr_line' id='line_1_14' title="bbox 132 1442 1763 1514; baseline 0 -15"><span class='ocrx_word' id='word_1_82' title='bbox 132 1449 189 1500; x_wconf 92' lang='lat' dir='ltr'><strong>et</strong></span> <span class='ocrx_word' id='word_1_83' title='bbox 221 1443 621 1511; x_wconf 81' lang='lat' dir='ltr'><strong>voluntas,una</strong></span> <span class='ocrx_word' id='word_1_84' title='bbox 656 1442 909 1513; x_wconf 89' lang='lat' dir='ltr'><strong>denique</strong></span> <span class='ocrx_word' id='word_1_85' title='bbox 937 1443 1084 1499; x_wconf 92' lang='lat' dir='ltr'><strong>actio</strong></span> <span class='ocrx_word' id='word_1_86' title='bbox 1115 1442 1763 1514; x_wconf 85' lang='lat' dir='ltr'><strong>gloriﬁcatur.Quorum</strong></span> 
     </span>
    </p>
   </div>
   <div class='ocr_carea' id='block_1_15' title="bbox 128 1531 1763 1602">
    <p class='ocr_par' dir='ltr' id='par_1_15' title="bbox 128 1531 1763 1602">
     <span class='ocr_line' id='line_1_15' title="bbox 128 1531 1763 1602; baseline -0.002 -12"><span class='ocrx_word' id='word_1_87' title='bbox 128 1534 274 1590; x_wconf 88' lang='lat' dir='ltr'><strong>enim</strong></span> <span class='ocrx_word' id='word_1_88' title='bbox 311 1536 517 1588; x_wconf 88' lang='lat' dir='ltr'><strong>natura</strong></span> <span class='ocrx_word' id='word_1_89' title='bbox 547 1548 661 1586; x_wconf 88' lang='lat' dir='ltr'><strong>una</strong></span> <span class='ocrx_word' id='word_1_90' title='bbox 691 1535 801 1599; x_wconf 91' lang='lat' dir='ltr'><strong>est,</strong></span> <span class='ocrx_word' id='word_1_91' title='bbox 827 1547 1029 1588; x_wconf 89' lang='lat' dir='ltr'><strong>eorum</strong></span> <span class='ocrx_word' id='word_1_92' title='bbox 1060 1531 1332 1588; x_wconf 84' lang='lat' dir='ltr'><strong>voluntas</strong></span> <span class='ocrx_word' id='word_1_93' title='bbox 1364 1536 1418 1588; x_wconf 90' lang='lat' dir='ltr'><strong>et</strong></span> <span class='ocrx_word' id='word_1_94' title='bbox 1448 1533 1596 1588; x_wconf 90' lang='lat' dir='ltr'><strong>actio</strong></span> <span class='ocrx_word' id='word_1_95' title='bbox 1627 1549 1763 1602; x_wconf 90' lang='lat' dir='ltr'><strong>una,</strong></span> 
     </span>
    </p>
   </div>
   <div class='ocr_carea' id='block_1_16' title="bbox 127 1621 1760 1695">
    <p class='ocr_par' dir='ltr' id='par_1_16' title="bbox 127 1621 1760 1695">
     <span class='ocr_line' id='line_1_16' title="bbox 127 1621 1760 1695; baseline 0 -18"><span class='ocrx_word' id='word_1_96' title='bbox 127 1621 614 1695; x_wconf 85' lang='lat' dir='ltr'><strong>quemadmodum</strong></span> <span class='ocrx_word' id='word_1_97' title='bbox 668 1621 837 1676; x_wconf 90' lang='lat' dir='ltr'><strong>beato</strong></span> <span class='ocrx_word' id='word_1_98' title='bbox 886 1621 1100 1677; x_wconf 89' lang='lat' dir='ltr'><strong>Basilio</strong></span> <span class='ocrx_word' id='word_1_99' title='bbox 1131 1622 1374 1678; x_wconf 90' lang='lat' dir='ltr'><strong>docente</strong></span> <span class='ocrx_word' id='word_1_100' title='bbox 1423 1622 1760 1677; x_wconf 89' lang='lat' dir='ltr'><strong>didicimus.</strong></span> 
     </span>
    </p>
   </div>
   <div class='ocr_carea' id='block_1_17' title="bbox 195 1710 1761 1781">
    <p class='ocr_par' dir='ltr' id='par_1_17' title="bbox 195 1710 1761 1781">
     <span class='ocr_line' id='line_1_17' title="bbox 195 1710 1761 1781; baseline 0.001 -14"><span class='ocrx_word' id='word_1_101' title='bbox 195 1712 544 1768; x_wconf 86' lang='lat' dir='ltr'><strong>Conﬁtemur</strong></span> <span class='ocrx_word' id='word_1_102' title='bbox 574 1710 714 1766; x_wconf 82' lang='lat' dir='ltr'><strong>item</strong></span> <span class='ocrx_word' id='word_1_103' title='bbox 764 1727 942 1765; x_wconf 89' lang='lat' dir='ltr'><strong>unam</strong></span> <span class='ocrx_word' id='word_1_104' title='bbox 981 1716 1192 1766; x_wconf 67' lang='lat' dir='ltr'><strong>sancta:</strong></span> <span class='ocrx_word' id='word_1_105' title='bbox 1223 1711 1523 1768; x_wconf 86' lang='lat' dir='ltr'><strong>Trinitatis</strong></span> <span class='ocrx_word' id='word_1_106' title='bbox 1556 1728 1761 1781; x_wconf 90' lang='lat' dir='ltr'><strong>perso-</strong></span> 
     </span>
    </p>
   </div>
   <div class='ocr_carea' id='block_1_18' title="bbox 124 1800 1764 1874">
    <p class='ocr_par' dir='ltr' id='par_1_18' title="bbox 124 1800 1764 1874">
     <span class='ocr_line' id='line_1_18' title="bbox 124 1800 1764 1874; baseline -0.001 -16"><span class='ocrx_word' id='word_1_107' title='bbox 124 1818 276 1869; x_wconf 88' lang='lat' dir='ltr'><strong>nam,</strong></span> <span class='ocrx_word' id='word_1_108' title='bbox 308 1801 699 1872; x_wconf 83' lang='lat' dir='ltr'><strong>unigenitum,</strong></span> <span class='ocrx_word' id='word_1_109' title='bbox 751 1801 1017 1872; x_wconf 87' lang='lat' dir='ltr'><strong>inquam,</strong></span> <span class='ocrx_word' id='word_1_110' title='bbox 1073 1801 1170 1856; x_wconf 90' lang='lat' dir='ltr'><strong>Dei</strong></span> <span class='ocrx_word' id='word_1_111' title='bbox 1206 1800 1436 1867; x_wconf 88' lang='lat' dir='ltr'><strong>Filium,</strong></span> <span class='ocrx_word' id='word_1_112' title='bbox 1468 1801 1764 1874; x_wconf 87' lang='lat' dir='ltr'><strong>Deumque</strong></span> 
     </span>
    </p>
   </div>
   <div class='ocr_carea' id='block_1_19' title="bbox 1873 631 3530 707">
    <p class='ocr_par' dir='ltr' id='par_1_19' title="bbox 1873 631 3530 707">
     <span class='ocr_line' id='line_1_19' title="bbox 1873 631 3530 707; baseline 0.004 -19"><span class='ocrx_word' id='word_1_113' title='bbox 1873 631 2156 689; x_wconf 88' lang='lat' dir='ltr'><strong>miracula</strong></span> <span class='ocrx_word' id='word_1_114' title='bbox 2185 633 2396 701; x_wconf 79' lang='lat' dir='ltr'><strong>edenti,</strong></span> <span class='ocrx_word' id='word_1_115' title='bbox 2430 633 2705 689; x_wconf 90' lang='lat' dir='ltr'><strong>aliaitem</strong></span> <span class='ocrx_word' id='word_1_116' title='bbox 2739 633 2980 705; x_wconf 83' lang='lat' dir='ltr'><strong>patienti</strong></span> <span class='ocrx_word' id='word_1_117' title='bbox 3013 635 3213 692; x_wconf 88' lang='lat' dir='ltr'><strong>Divina</strong></span> <span class='ocrx_word' id='word_1_118' title='bbox 3235 637 3530 707; x_wconf 84' lang='lat' dir='ltr'><strong>siquidem</strong></span> 
     </span>
    </p>
   </div>
   <div class='ocr_carea' id='block_1_20' title="bbox 1875 723 3528 797">
    <p class='ocr_par' dir='ltr' id='par_1_20' title="bbox 1875 723 3528 797">
     <span class='ocr_line' id='line_1_20' title="bbox 1875 723 3528 797; baseline 0.002 -19"><span class='ocrx_word' id='word_1_119' title='bbox 1875 728 2090 778; x_wconf 68' lang='lat' dir='ltr'><strong>natura:</strong></span> <span class='ocrx_word' id='word_1_120' title='bbox 2125 723 2346 778; x_wconf 87' lang='lat' dir='ltr'><strong>ratione</strong></span> <span class='ocrx_word' id='word_1_121' title='bbox 2377 723 2680 794; x_wconf 87' lang='lat' dir='ltr'><strong>signorum</strong></span> <span class='ocrx_word' id='word_1_122' title='bbox 2727 723 3002 780; x_wconf 79' lang='lat' dir='ltr'><strong>virtutem</strong></span> <span class='ocrx_word' id='word_1_123' title='bbox 3037 725 3422 797; x_wconf 88' lang='lat' dir='ltr'><strong>deprompsit,</strong></span> <span class='ocrx_word' id='word_1_124' title='bbox 3458 743 3528 782; x_wconf 83' lang='lat' dir='ltr'><strong>ex</strong></span> 
     </span>
    </p>
   </div>
   <div class='ocr_carea' id='block_1_21' title="bbox 1875 813 3525 886">
    <p class='ocr_par' dir='ltr' id='par_1_21' title="bbox 1875 813 3525 886">
     <span class='ocr_line' id='line_1_21' title="bbox 1875 813 3525 886; baseline 0.004 -19"><span class='ocrx_word' id='word_1_125' title='bbox 1875 813 2138 867; x_wconf 73' lang='lat' dir='ltr'><strong>humanae</strong></span> <span class='ocrx_word' id='word_1_126' title='bbox 2167 817 2361 868; x_wconf 90' lang='lat' dir='ltr'><strong>autem</strong></span> <span class='ocrx_word' id='word_1_127' title='bbox 2395 813 2590 868; x_wconf 70' lang='lat' dir='ltr'><strong>formas</strong></span> <span class='ocrx_word' id='word_1_128' title='bbox 2646 814 2999 885; x_wconf 85' lang='lat' dir='ltr'><strong>praescripto,</strong></span> <span class='ocrx_word' id='word_1_129' title='bbox 3061 830 3158 870; x_wconf 89' lang='lat' dir='ltr'><strong>eas</strong></span> <span class='ocrx_word' id='word_1_130' title='bbox 3215 816 3525 886; x_wconf 82' lang='lat' dir='ltr'><strong>passiones</strong></span> 
     </span>
    </p>
   </div>
   <div class='ocr_carea' id='block_1_22' title="bbox 1873 901 3526 974">
    <p class='ocr_par' dir='ltr' id='par_1_22' title="bbox 1873 901 3526 974">
     <span class='ocr_line' id='line_1_22' title="bbox 1873 901 3526 974; baseline 0.003 -18"><span class='ocrx_word' id='word_1_131' title='bbox 1873 918 1986 958; x_wconf 89' lang='lat' dir='ltr'><strong>non</strong></span> <span class='ocrx_word' id='word_1_132' title='bbox 2019 901 2378 971; x_wconf 77' lang='lat' dir='ltr'><strong>detrectavit,</strong></span> <span class='ocrx_word' id='word_1_133' title='bbox 2429 902 2648 973; x_wconf 89' lang='lat' dir='ltr'><strong>quibus</strong></span> <span class='ocrx_word' id='word_1_134' title='bbox 2680 919 2743 957; x_wconf 85' lang='lat' dir='ltr'><strong>ea</strong></span> <span class='ocrx_word' id='word_1_135' title='bbox 2792 908 2998 958; x_wconf 88' lang='lat' dir='ltr'><strong>natura</strong></span> <span class='ocrx_word' id='word_1_136' title='bbox 3038 904 3288 960; x_wconf 86' lang='lat' dir='ltr'><strong>obnoxia</strong></span> <span class='ocrx_word' id='word_1_137' title='bbox 3320 914 3429 974; x_wconf 88' lang='lat' dir='ltr'><strong>est,</strong></span> <span class='ocrx_word' id='word_1_138' title='bbox 3464 911 3526 962; x_wconf 77' lang='lat' dir='ltr'><strong>ut</strong></span> 
     </span>
    </p>
   </div>
   <div class='ocr_carea' id='block_1_23' title="bbox 1873 991 3521 1064">
    <p class='ocr_par' dir='ltr' id='par_1_23' title="bbox 1873 991 3521 1064">
     <span class='ocr_line' id='line_1_23' title="bbox 1873 991 3521 1064; baseline 0.004 -18"><span class='ocrx_word' id='word_1_139' title='bbox 1873 993 1928 1046; x_wconf 90' lang='lat' dir='ltr'><strong>in</strong></span> <span class='ocrx_word' id='word_1_140' title='bbox 1963 992 2153 1062; x_wconf 87' lang='lat' dir='ltr'><strong>seipse</strong></span> <span class='ocrx_word' id='word_1_141' title='bbox 2187 991 2490 1062; x_wconf 85' lang='lat' dir='ltr'><strong>passiones</strong></span> <span class='ocrx_word' id='word_1_142' title='bbox 2523 995 2749 1048; x_wconf 80' lang='lat' dir='ltr'><strong>nostras</strong></span> <span class='ocrx_word' id='word_1_143' title='bbox 2781 993 2839 1048; x_wconf 91' lang='lat' dir='ltr'><strong>in</strong></span> <span class='ocrx_word' id='word_1_144' title='bbox 2873 993 3217 1064; x_wconf 86' lang='lat' dir='ltr'><strong>passionum</strong></span> <span class='ocrx_word' id='word_1_145' title='bbox 3249 997 3521 1052; x_wconf 84' lang='lat' dir='ltr'><strong>vacuita-</strong></span> 
     </span>
    </p>
   </div>
   <div class='ocr_carea' id='block_1_24' title="bbox 1873 1084 3523 1154">
    <p class='ocr_par' dir='ltr' id='par_1_24' title="bbox 1873 1084 3523 1154">
     <span class='ocr_line' id='line_1_24' title="bbox 1873 1084 3523 1154; baseline 0.003 -16"><span class='ocrx_word' id='word_1_146' title='bbox 1873 1091 1985 1139; x_wconf 89' lang='lat' dir='ltr'><strong>tem</strong></span> <span class='ocrx_word' id='word_1_147' title='bbox 2043 1084 2511 1150; x_wconf 85' lang='lat' dir='ltr'><strong>transformaret,</strong></span> <span class='ocrx_word' id='word_1_148' title='bbox 2573 1089 2744 1154; x_wconf 84' lang='lat' dir='ltr'><strong>prout</strong></span> <span class='ocrx_word' id='word_1_149' title='bbox 2815 1084 2906 1139; x_wconf 86' lang='lat' dir='ltr'><strong>his</strong></span> <span class='ocrx_word' id='word_1_150' title='bbox 2962 1086 3154 1141; x_wconf 89' lang='lat' dir='ltr'><strong>verbis</strong></span> <span class='ocrx_word' id='word_1_151' title='bbox 3213 1092 3523 1143; x_wconf 85' lang='lat' dir='ltr'><strong>attestatur</strong></span> 
     </span>
    </p>
   </div>
   <div class='ocr_carea' id='block_1_25' title="bbox 1871 1171 3520 1244">
    <p class='ocr_par' dir='ltr' id='par_1_25' title="bbox 1871 1171 3520 1244">
     <span class='ocr_line' id='line_1_25' title="bbox 1871 1171 3520 1244; baseline 0.003 -18"><span class='ocrx_word' id='word_1_152' title='bbox 1871 1171 2182 1244; x_wconf 86' lang='lat' dir='ltr'><strong>Apostolus</strong></span> <span class='ocrx_word' id='word_1_153' title='bbox 2212 1188 2225 1227; x_wconf 91' lang='lat'>:</span> <span class='ocrx_word' id='word_1_154' title='bbox 2262 1173 2482 1240; x_wconf 72' lang='lat' dir='ltr'><strong>Oportet</strong></span> <span class='ocrx_word' id='word_1_155' title='bbox 2523 1172 2883 1244; x_wconf 73' lang='lat' dir='ltr'><strong>corruptibile</strong></span> <span class='ocrx_word' id='word_1_156' title='bbox 2939 1177 3036 1230; x_wconf 80' lang='lat' dir='ltr'><strong>hoc</strong></span> <span class='ocrx_word' id='word_1_157' title='bbox 3068 1177 3301 1232; x_wconf 77' lang='lat' dir='ltr'><strong>induere</strong></span> <span class='ocrx_word' id='word_1_158' title='bbox 3337 1177 3520 1233; x_wconf 80' lang='lat' dir='ltr'><strong>incor-</strong></span> 
     </span>
    </p>
   </div>
   <div class='ocr_carea' id='block_1_26' title="bbox 1871 1265 3519 1337">
    <p class='ocr_par' dir='ltr' id='par_1_26' title="bbox 1871 1265 3519 1337">
     <span class='ocr_line' id='line_1_26' title="bbox 1871 1265 3519 1337; baseline 0.005 -17"><span class='ocrx_word' id='word_1_159' title='bbox 1871 1267 2198 1337; x_wconf 77' lang='lat' dir='ltr'><strong>ruptionem,</strong></span> <span class='ocrx_word' id='word_1_160' title='bbox 2230 1271 2282 1322; x_wconf 72' lang='lat' dir='ltr'><strong>et</strong></span> <span class='ocrx_word' id='word_1_161' title='bbox 2315 1266 2545 1320; x_wconf 79' lang='lat' dir='ltr'><strong>mortale</strong></span> <span class='ocrx_word' id='word_1_162' title='bbox 2574 1266 2671 1320; x_wconf 90' lang='lat' dir='ltr'><strong>hoc</strong></span> <span class='ocrx_word' id='word_1_163' title='bbox 2703 1265 2932 1323; x_wconf 81' lang='lat' dir='ltr'><strong>induere</strong></span> <span class='ocrx_word' id='word_1_164' title='bbox 2974 1269 3447 1326; x_wconf 74' lang='lat' dir='ltr'><strong>immortalitatem</strong></span> <span class='ocrx_word' id='word_1_165' title='bbox 3474 1271 3519 1329; x_wconf 79' lang='lat'><strong>°.</strong></span> 
     </span>
    </p>
   </div>
   <div class='ocr_carea' id='block_1_27' title="bbox 1870 1354 3522 1427">
    <p class='ocr_par' dir='ltr' id='par_1_27' title="bbox 1870 1354 3522 1427">
     <span class='ocr_line' id='line_1_27' title="bbox 1870 1354 3522 1427; baseline 0.003 -16"><span class='ocrx_word' id='word_1_166' title='bbox 1870 1361 1985 1412; x_wconf 89' lang='lat' dir='ltr'><strong>Nec</strong></span> <span class='ocrx_word' id='word_1_167' title='bbox 2015 1355 2169 1410; x_wconf 91' lang='lat' dir='ltr'><strong>enim</strong></span> <span class='ocrx_word' id='word_1_168' title='bbox 2204 1354 2300 1409; x_wconf 91' lang='lat' dir='ltr'><strong>ille</strong></span> <span class='ocrx_word' id='word_1_169' title='bbox 2331 1355 2573 1409; x_wconf 83' lang='lat' dir='ltr'><strong>humani</strong></span> <span class='ocrx_word' id='word_1_170' title='bbox 2605 1356 2837 1427; x_wconf 86' lang='lat' dir='ltr'><strong>generis</strong></span> <span class='ocrx_word' id='word_1_171' title='bbox 2871 1364 3092 1412; x_wconf 85' lang='lat' dir='ltr'><strong>amator</strong></span> <span class='ocrx_word' id='word_1_172' title='bbox 3136 1358 3430 1426; x_wconf 86' lang='lat' dir='ltr'><strong>humanis,</strong></span> <span class='ocrx_word' id='word_1_173' title='bbox 3463 1365 3522 1416; x_wconf 89' lang='lat' dir='ltr'><strong>at</strong></span> 
     </span>
    </p>
   </div>
   <div class='ocr_carea' id='block_1_28' title="bbox 1871 1443 3524 1517">
    <p class='ocr_par' dir='ltr' id='par_1_28' title="bbox 1871 1443 3524 1517">
     <span class='ocr_line' id='line_1_28' title="bbox 1871 1443 3524 1517; baseline 0.004 -19"><span class='ocrx_word' id='word_1_174' title='bbox 1871 1443 2015 1498; x_wconf 90' lang='lat' dir='ltr'><strong>nulli</strong></span> <span class='ocrx_word' id='word_1_175' title='bbox 2051 1443 2486 1515; x_wconf 90' lang='lat' dir='ltr'><strong>reprehensioni</strong></span> <span class='ocrx_word' id='word_1_176' title='bbox 2521 1443 2808 1513; x_wconf 76' lang='lat' dir='ltr'><strong>obnoxiis,</strong></span> <span class='ocrx_word' id='word_1_177' title='bbox 2834 1445 3207 1514; x_wconf 89' lang='lat' dir='ltr'><strong>passionibus</strong></span> <span class='ocrx_word' id='word_1_178' title='bbox 3239 1447 3433 1517; x_wconf 88' lang='lat' dir='ltr'><strong>objici,</strong></span> <span class='ocrx_word' id='word_1_179' title='bbox 3467 1457 3524 1505; x_wconf 90' lang='lat' dir='ltr'><strong>et</strong></span> 
     </span>
    </p>
   </div>
   <div class='ocr_carea' id='block_1_29' title="bbox 1871 1532 3519 1604">
    <p class='ocr_par' dir='ltr' id='par_1_29' title="bbox 1871 1532 3519 1604">
     <span class='ocr_line' id='line_1_29' title="bbox 1871 1532 3519 1604; baseline 0.003 -18"><span class='ocrx_word' id='word_1_180' title='bbox 1871 1533 2142 1604; x_wconf 88' lang='lat' dir='ltr'><strong>quamvis</strong></span> <span class='ocrx_word' id='word_1_181' title='bbox 2203 1537 2353 1587; x_wconf 91' lang='lat' dir='ltr'><strong>Deus</strong></span> <span class='ocrx_word' id='word_1_182' title='bbox 2413 1536 2569 1588; x_wconf 87' lang='lat' dir='ltr'><strong>esset</strong></span> <span class='ocrx_word' id='word_1_183' title='bbox 2625 1532 3003 1598; x_wconf 86' lang='lat' dir='ltr'><strong>immortalis,</strong></span> <span class='ocrx_word' id='word_1_184' title='bbox 3064 1535 3261 1588; x_wconf 90' lang='lat' dir='ltr'><strong>anima</strong></span> <span class='ocrx_word' id='word_1_185' title='bbox 3321 1540 3519 1591; x_wconf 86' lang='lat' dir='ltr'><strong>tamen</strong></span> 
     </span>
    </p>
   </div>
   <div class='ocr_carea' id='block_1_30' title="bbox 1870 1619 3517 1693">
    <p class='ocr_par' dir='ltr' id='par_1_30' title="bbox 1870 1619 3517 1693">
     <span class='ocr_line' id='line_1_30' title="bbox 1870 1619 3517 1693; baseline 0.002 -18"><span class='ocrx_word' id='word_1_186' title='bbox 1870 1621 2168 1676; x_wconf 83' lang='lat' dir='ltr'><strong>mediante</strong></span> <span class='ocrx_word' id='word_1_187' title='bbox 2199 1619 2578 1692; x_wconf 87' lang='lat' dir='ltr'><strong>corporaliter</strong></span> <span class='ocrx_word' id='word_1_188' title='bbox 2608 1621 2782 1675; x_wconf 88' lang='lat' dir='ltr'><strong>morti</strong></span> <span class='ocrx_word' id='word_1_189' title='bbox 2814 1621 2973 1692; x_wconf 79' lang='lat' dir='ltr'><strong>afﬁgi</strong></span> <span class='ocrx_word' id='word_1_190' title='bbox 3007 1622 3357 1693; x_wconf 83' lang='lat' dir='ltr'><strong>dedignatus</strong></span> <span class='ocrx_word' id='word_1_191' title='bbox 3389 1629 3517 1679; x_wconf 85' lang='lat' dir='ltr'><strong>est:</strong></span> 
     </span>
    </p>
   </div>
   <div class='ocr_carea' id='block_1_31' title="bbox 1869 1708 3523 1781">
    <p class='ocr_par' dir='ltr' id='par_1_31' title="bbox 1869 1708 3523 1781">
     <span class='ocr_line' id='line_1_31' title="bbox 1869 1708 3523 1781; baseline 0.002 -16"><span class='ocrx_word' id='word_1_192' title='bbox 1869 1710 2084 1778; x_wconf 89' lang='lat' dir='ltr'><strong>anima,</strong></span> <span class='ocrx_word' id='word_1_193' title='bbox 2119 1709 2387 1781; x_wconf 89' lang='lat' dir='ltr'><strong>inquam,</strong></span> <span class='ocrx_word' id='word_1_194' title='bbox 2422 1708 2700 1765; x_wconf 89' lang='lat' dir='ltr'><strong>omnibus</strong></span> <span class='ocrx_word' id='word_1_195' title='bbox 2760 1708 2816 1763; x_wconf 92' lang='lat' dir='ltr'><strong>in</strong></span> <span class='ocrx_word' id='word_1_196' title='bbox 2849 1710 3021 1765; x_wconf 90' lang='lat' dir='ltr'><strong>rebus</strong></span> <span class='ocrx_word' id='word_1_197' title='bbox 3055 1711 3329 1781; x_wconf 80' lang='lat' dir='ltr'><strong>perfecta,</strong></span> <span class='ocrx_word' id='word_1_198' title='bbox 3363 1713 3523 1768; x_wconf 89' lang='lat' dir='ltr'><strong>suis-</strong></span> 
     </span>
    </p>
   </div>
   <div class='ocr_carea' id='block_1_32' title="bbox 1868 1799 3521 1872">
    <p class='ocr_par' dir='ltr' id='par_1_32' title="bbox 1868 1799 3521 1872">
     <span class='ocr_line' id='line_1_32' title="bbox 1868 1799 3521 1872; baseline 0.002 -17"><span class='ocrx_word' id='word_1_199' title='bbox 1868 1817 1982 1872; x_wconf 92' lang='lat' dir='ltr'><strong>que</strong></span> <span class='ocrx_word' id='word_1_200' title='bbox 2035 1801 2298 1856; x_wconf 89' lang='lat' dir='ltr'><strong>numeris</strong></span> <span class='ocrx_word' id='word_1_201' title='bbox 2354 1799 2646 1866; x_wconf 87' lang='lat' dir='ltr'><strong>absoluta,</strong></span> <span class='ocrx_word' id='word_1_202' title='bbox 2709 1803 2764 1854; x_wconf 88' lang='lat' dir='ltr'><strong>et</strong></span> <span class='ocrx_word' id='word_1_203' title='bbox 2821 1799 2912 1854; x_wconf 92' lang='lat' dir='ltr'><strong>cui</strong></span> <span class='ocrx_word' id='word_1_204' title='bbox 2968 1799 3113 1854; x_wconf 83' lang='lat' dir='ltr'><strong>nihil</strong></span> <span class='ocrx_word' id='word_1_205' title='bbox 3163 1803 3398 1858; x_wconf 87' lang='lat' dir='ltr'><strong>omnino</strong></span> <span class='ocrx_word' id='word_1_206' title='bbox 3448 1805 3521 1859; x_wconf 90' lang='lat' dir='ltr'><strong>ad</strong></span> 
     </span>
    </p>
   </div>
   <div class='ocr_carea' id='block_1_33' title="bbox 122 1888 3520 1970">
    <p class='ocr_par' dir='ltr' id='par_1_33' title="bbox 122 1888 3520 1970">
     <span class='ocr_line' id='line_1_33' title="bbox 122 1888 3520 1970; baseline 0.001 -24"><span class='ocrx_word' id='word_1_207' title='bbox 122 1895 402 1955; x_wconf 88' lang='lat' dir='ltr'><strong>nostrum,</strong></span> <span class='ocrx_word' id='word_1_208' title='bbox 459 1890 610 1945; x_wconf 79' lang='lat' dir='ltr'><strong>Patri</strong></span> <span class='ocrx_word' id='word_1_209' title='bbox 671 1895 726 1944; x_wconf 91' lang='lat' dir='ltr'><strong>et</strong></span> <span class='ocrx_word' id='word_1_210' title='bbox 781 1889 1022 1960; x_wconf 85' lang='lat' dir='ltr'><strong>Spiritui</strong></span> <span class='ocrx_word' id='word_1_211' title='bbox 1078 1891 1288 1946; x_wconf 90' lang='lat' dir='ltr'><strong>Sancto</strong></span> <span class='ocrx_word' id='word_1_212' title='bbox 1340 1899 1665 1946; x_wconf 80' lang='lat' dir='ltr'><strong>consortem</strong></span> <span class='ocrx_word' id='word_1_213' title='bbox 1705 1896 1760 1946; x_wconf 91' lang='lat' dir='ltr'><strong>et</strong></span> <span class='ocrx_word' id='word_1_214' title='bbox 1789 1905 1836 1970; x_wconf 76' lang='grc' dir='ltr'><strong>Β</strong></span> <span class='ocrx_word' id='word_1_215' title='bbox 1869 1890 2256 1945; x_wconf 82' lang='lat' dir='ltr'><strong>humanitatis</strong></span> <span class='ocrx_word' id='word_1_216' title='bbox 2289 1889 2703 1960; x_wconf 84' lang='lat' dir='ltr'><strong>perfectionem</strong></span> <span class='ocrx_word' id='word_1_217' title='bbox 2755 1888 3000 1945; x_wconf 87' lang='lat' dir='ltr'><strong>deesset.</strong></span> <span class='ocrx_word' id='word_1_218' title='bbox 3041 1891 3322 1947; x_wconf 71' lang='lat' dir='ltr'><strong>llumanae</strong></span> <span class='ocrx_word' id='word_1_219' title='bbox 3352 1909 3520 1963; x_wconf 89' lang='lat' dir='ltr'><strong>porro</strong></span> 
     </span>
    </p>
   </div>
   <div class='ocr_carea' id='block_1_34' title="bbox 123 1978 1756 2050">
    <p class='ocr_par' dir='ltr' id='par_1_34' title="bbox 123 1978 1756 2050">
     <span class='ocr_line' id='line_1_34' title="bbox 123 1978 1756 2050; baseline -0.001 -14"><span class='ocrx_word' id='word_1_220' title='bbox 123 1987 463 2036; x_wconf 75' lang='lat' dir='ltr'><strong>coaeternum</strong></span> <span class='ocrx_word' id='word_1_221' title='bbox 497 1994 510 2033; x_wconf 91' lang='lat'><strong>:</strong></span> <span class='ocrx_word' id='word_1_222' title='bbox 537 1995 569 2033; x_wconf 91' lang='lat' dir='ltr'><strong>a</strong></span> <span class='ocrx_word' id='word_1_223' title='bbox 601 1982 765 2034; x_wconf 80' lang='lat' dir='ltr'><strong>Patre</strong></span> <span class='ocrx_word' id='word_1_224' title='bbox 796 1978 1031 2049; x_wconf 89' lang='lat' dir='ltr'><strong>quidem</strong></span> <span class='ocrx_word' id='word_1_225' title='bbox 1062 1987 1194 2034; x_wconf 89' lang='lat' dir='ltr'><strong>ante</strong></span> <span class='ocrx_word' id='word_1_226' title='bbox 1225 1979 1436 2035; x_wconf 66' lang='lat' dir='ltr'><strong>saecula</strong></span> <span class='ocrx_word' id='word_1_227' title='bbox 1468 1978 1756 2050; x_wconf 87' lang='lat' dir='ltr'><strong>genitum,</strong></span> 
     </span>
    </p>
   </div>
   <div class='ocr_carea' id='block_1_35' title="bbox 124 2066 1758 2140">
    <p class='ocr_par' dir='ltr' id='par_1_35' title="bbox 124 2066 1758 2140">
     <span class='ocr_line' id='line_1_35' title="bbox 124 2066 1758 2140; baseline -0.001 -17"><span class='ocrx_word' id='word_1_228' title='bbox 124 2072 396 2140; x_wconf 90' lang='lat' dir='ltr'><strong>quantum</strong></span> <span class='ocrx_word' id='word_1_229' title='bbox 431 2068 503 2123; x_wconf 88' lang='lat' dir='ltr'><strong>ad</strong></span> <span class='ocrx_word' id='word_1_230' title='bbox 538 2066 899 2121; x_wconf 82' lang='lat' dir='ltr'><strong>divinitatem</strong></span> <span class='ocrx_word' id='word_1_231' title='bbox 935 2084 948 2122; x_wconf 90' lang='lat'><strong>:</strong></span> <span class='ocrx_word' id='word_1_232' title='bbox 980 2068 1370 2139; x_wconf 88' lang='lat' dir='ltr'><strong>eumdemque</strong></span> <span class='ocrx_word' id='word_1_233' title='bbox 1426 2067 1486 2122; x_wconf 92' lang='lat' dir='ltr'><strong>in</strong></span> <span class='ocrx_word' id='word_1_234' title='bbox 1532 2066 1758 2124; x_wconf 91' lang='lat' dir='ltr'><strong>ultimis</strong></span> 
     </span>
    </p>
   </div>
   <div class='ocr_carea' id='block_1_36' title="bbox 126 2155 1757 2230">
    <p class='ocr_par' dir='ltr' id='par_1_36' title="bbox 126 2155 1757 2230">
     <span class='ocr_line' id='line_1_36' title="bbox 126 2155 1757 2230; baseline 0 -16"><span class='ocrx_word' id='word_1_235' title='bbox 126 2165 184 2214; x_wconf 91' lang='lat' dir='ltr'><strong>et</strong></span> <span class='ocrx_word' id='word_1_236' title='bbox 214 2157 508 2230; x_wconf 67' lang='lat' dir='ltr'><strong>praefinitis</strong></span> <span class='ocrx_word' id='word_1_237' title='bbox 540 2155 919 2228; x_wconf 89' lang='lat' dir='ltr'><strong>temporibus,</strong></span> <span class='ocrx_word' id='word_1_238' title='bbox 952 2160 1016 2211; x_wconf 91' lang='lat' dir='ltr'><strong>ut</strong></span> <span class='ocrx_word' id='word_1_239' title='bbox 1061 2173 1246 2229; x_wconf 88' lang='lat' dir='ltr'><strong>genus</strong></span> <span class='ocrx_word' id='word_1_240' title='bbox 1276 2159 1603 2213; x_wconf 87' lang='lat' dir='ltr'><strong>humanum</strong></span> <span class='ocrx_word' id='word_1_241' title='bbox 1635 2173 1757 2214; x_wconf 87' lang='lat' dir='ltr'><strong>ser-</strong></span> 
     </span>
    </p>
   </div>
   <div class='ocr_carea' id='block_1_37' title="bbox 121 2245 1759 2316">
    <p class='ocr_par' dir='ltr' id='par_1_37' title="bbox 121 2245 1759 2316">
     <span class='ocr_line' id='line_1_37' title="bbox 121 2245 1759 2316; baseline 0 -14"><span class='ocrx_word' id='word_1_242' title='bbox 121 2252 274 2304; x_wconf 86' lang='lat' dir='ltr'><strong>varet</strong></span> <span class='ocrx_word' id='word_1_243' title='bbox 304 2252 357 2302; x_wconf 89' lang='lat' dir='ltr'><strong>et</strong></span> <span class='ocrx_word' id='word_1_244' title='bbox 389 2247 750 2315; x_wconf 82' lang='lat' dir='ltr'><strong>reformaret,</strong></span> <span class='ocrx_word' id='word_1_245' title='bbox 784 2262 814 2300; x_wconf 90' lang='lat' dir='ltr'><strong>e</strong></span> <span class='ocrx_word' id='word_1_246' title='bbox 857 2245 1016 2301; x_wconf 70' lang='lat' dir='ltr'><strong>oculis</strong></span> <span class='ocrx_word' id='word_1_247' title='bbox 1066 2248 1457 2316; x_wconf 87' lang='lat' dir='ltr'><strong>descendisse,</strong></span> <span class='ocrx_word' id='word_1_248' title='bbox 1509 2265 1611 2303; x_wconf 91' lang='lat' dir='ltr'><strong>seu</strong></span> <span class='ocrx_word' id='word_1_249' title='bbox 1655 2264 1759 2302; x_wconf 89' lang='lat' dir='ltr'><strong>vo-</strong></span> 
     </span>
    </p>
   </div>
   <div class='ocr_carea' id='block_1_38' title="bbox 119 2335 1760 2409">
    <p class='ocr_par' dir='ltr' id='par_1_38' title="bbox 119 2335 1760 2409">
     <span class='ocr_line' id='line_1_38' title="bbox 119 2335 1760 2409; baseline -0.001 -15"><span class='ocrx_word' id='word_1_250' title='bbox 119 2337 366 2394; x_wconf 88' lang='lat' dir='ltr'><strong>luntaria</strong></span> <span class='ocrx_word' id='word_1_251' title='bbox 423 2335 782 2392; x_wconf 82' lang='lat' dir='ltr'><strong>exinanitum</strong></span> <span class='ocrx_word' id='word_1_252' title='bbox 832 2335 1159 2392; x_wconf 88' lang='lat' dir='ltr'><strong>humilitate</strong></span> <span class='ocrx_word' id='word_1_253' title='bbox 1199 2354 1353 2408; x_wconf 75' lang='lat' dir='ltr'><strong>purae</strong></span> <span class='ocrx_word' id='word_1_254' title='bbox 1387 2337 1760 2409; x_wconf 69' lang='lat' dir='ltr'><strong>Deipareeque</strong></span> 
     </span>
    </p>
   </div>
   <div class='ocr_carea' id='block_1_39' title="bbox 116 2425 1758 2498">
    <p class='ocr_par' dir='ltr' id='par_1_39' title="bbox 116 2425 1758 2498">
     <span class='ocr_line' id='line_1_39' title="bbox 116 2425 1758 2498; baseline 0.001 -18"><span class='ocrx_word' id='word_1_255' title='bbox 116 2427 372 2498; x_wconf 83' lang='lat' dir='ltr'><strong>Virginis</strong></span> <span class='ocrx_word' id='word_1_256' title='bbox 401 2425 591 2480; x_wconf 70' lang='lat' dir='ltr'><strong>Maria:</strong></span> <span class='ocrx_word' id='word_1_257' title='bbox 654 2425 904 2480; x_wconf 89' lang='lat' dir='ltr'><strong>ulterum</strong></span> <span class='ocrx_word' id='word_1_258' title='bbox 962 2425 1238 2490; x_wconf 89' lang='lat' dir='ltr'><strong>subiisse,</strong></span> <span class='ocrx_word' id='word_1_259' title='bbox 1296 2443 1419 2496; x_wconf 71' lang='lat' dir='ltr'><strong>qua:</strong></span> <span class='ocrx_word' id='word_1_260' title='bbox 1475 2427 1758 2498; x_wconf 88' lang='lat' dir='ltr'><strong>aSpiritu</strong></span> 
     </span>
    </p>
   </div>
   <div class='ocr_carea' id='block_1_40' title="bbox 113 2515 1759 2587">
    <p class='ocr_par' dir='ltr' id='par_1_40' title="bbox 113 2515 1759 2587">
     <span class='ocr_line' id='line_1_40' title="bbox 113 2515 1759 2587; baseline -0.002 -15"><span class='ocrx_word' id='word_1_261' title='bbox 113 2521 318 2573; x_wconf 88' lang='lat' dir='ltr'><strong>sancto</strong></span> <span class='ocrx_word' id='word_1_262' title='bbox 353 2519 721 2587; x_wconf 66' lang='lat' dir='ltr'><strong>praepurgata</strong></span> <span class='ocrx_word' id='word_1_263' title='bbox 777 2531 1016 2586; x_wconf 90' lang='lat' dir='ltr'><strong>corpore</strong></span> <span class='ocrx_word' id='word_1_264' title='bbox 1074 2519 1131 2570; x_wconf 88' lang='lat' dir='ltr'><strong>et</strong></span> <span class='ocrx_word' id='word_1_265' title='bbox 1186 2515 1380 2570; x_wconf 90' lang='lat' dir='ltr'><strong>animo</strong></span> <span class='ocrx_word' id='word_1_266' title='bbox 1435 2516 1640 2582; x_wconf 86' lang='lat' dir='ltr'><strong>fuerat,</strong></span> <span class='ocrx_word' id='word_1_267' title='bbox 1691 2532 1759 2570; x_wconf 83' lang='lat' dir='ltr'><strong>ex</strong></span> 
     </span>
    </p>
   </div>
   <div class='ocr_carea' id='block_1_41' title="bbox 111 2603 1763 2676">
    <p class='ocr_par' dir='ltr' id='par_1_41' title="bbox 111 2603 1763 2676">
     <span class='ocr_line' id='line_1_41' title="bbox 111 2603 1763 2676; baseline 0.001 -16"><span class='ocrx_word' id='word_1_268' title='bbox 111 2607 360 2676; x_wconf 81' lang='lat' dir='ltr'><strong>ejusque</strong></span> <span class='ocrx_word' id='word_1_269' title='bbox 399 2609 604 2660; x_wconf 90' lang='lat' dir='ltr'><strong>sancta</strong></span> <span class='ocrx_word' id='word_1_270' title='bbox 634 2610 690 2658; x_wconf 87' lang='lat' dir='ltr'><strong>et</strong></span> <span class='ocrx_word' id='word_1_271' title='bbox 736 2603 1072 2676; x_wconf 85' lang='lat' dir='ltr'><strong>incorrupta</strong></span> <span class='ocrx_word' id='word_1_272' title='bbox 1103 2621 1296 2670; x_wconf 86' lang='lat' dir='ltr'><strong>carne,</strong></span> <span class='ocrx_word' id='word_1_273' title='bbox 1348 2605 1407 2660; x_wconf 90' lang='lat' dir='ltr'><strong>in</strong></span> <span class='ocrx_word' id='word_1_274' title='bbox 1441 2605 1763 2661; x_wconf 85' lang='lat' dir='ltr'><strong>subsisten-</strong></span> 
     </span>
    </p>
   </div>
   <div class='ocr_carea' id='block_1_42' title="bbox 109 2693 1761 2766">
    <p class='ocr_par' dir='ltr' id='par_1_42' title="bbox 109 2693 1761 2766">
     <span class='ocr_line' id='line_1_42' title="bbox 109 2693 1761 2766; baseline -0.002 -14"><span class='ocrx_word' id='word_1_275' title='bbox 109 2697 198 2752; x_wconf 88' lang='lat' dir='ltr'><strong>tia</strong></span> <span class='ocrx_word' id='word_1_276' title='bbox 228 2693 459 2766; x_wconf 90' lang='lat' dir='ltr'><strong>propria</strong></span> <span class='ocrx_word' id='word_1_277' title='bbox 509 2709 744 2749; x_wconf 88' lang='lat' dir='ltr'><strong>carnem</strong></span> <span class='ocrx_word' id='word_1_278' title='bbox 794 2696 1234 2765; x_wconf 83' lang='lat' dir='ltr'><strong>assumpsisse:</strong></span> <span class='ocrx_word' id='word_1_279' title='bbox 1269 2697 1349 2750; x_wconf 90' lang='lat' dir='ltr'><strong>ita</strong></span> <span class='ocrx_word' id='word_1_280' title='bbox 1397 2701 1460 2748; x_wconf 92' lang='lat' dir='ltr'><strong>ut</strong></span> <span class='ocrx_word' id='word_1_281' title='bbox 1507 2696 1761 2750; x_wconf 81' lang='lat' dir='ltr'><strong>consub-</strong></span> 
     </span>
    </p>
   </div>
   <div class='ocr_carea' id='block_1_43' title="bbox 110 2782 1763 2856">
    <p class='ocr_par' dir='ltr' id='par_1_43' title="bbox 110 2782 1763 2856">
     <span class='ocr_line' id='line_1_43' title="bbox 110 2782 1763 2856; baseline -0.001 -14"><span class='ocrx_word' id='word_1_282' title='bbox 110 2783 408 2842; x_wconf 88' lang='lat' dir='ltr'><strong>stantialis</strong></span> <span class='ocrx_word' id='word_1_283' title='bbox 467 2783 635 2839; x_wconf 88' lang='lat' dir='ltr'><strong>nobis</strong></span> <span class='ocrx_word' id='word_1_284' title='bbox 667 2782 923 2850; x_wconf 79' lang='lat' dir='ltr'><strong>elIectus,</strong></span> <span class='ocrx_word' id='word_1_285' title='bbox 984 2800 1113 2838; x_wconf 88' lang='lat' dir='ltr'><strong>eam</strong></span> <span class='ocrx_word' id='word_1_286' title='bbox 1159 2784 1218 2840; x_wconf 91' lang='lat' dir='ltr'><strong>in</strong></span> <span class='ocrx_word' id='word_1_287' title='bbox 1270 2785 1418 2856; x_wconf 86' lang='lat' dir='ltr'><strong>ipsa,</strong></span> <span class='ocrx_word' id='word_1_288' title='bbox 1470 2786 1763 2841; x_wconf 88' lang='lat' dir='ltr'><strong>mediante</strong></span> 
     </span>
    </p>
   </div>
   <div class='ocr_carea' id='block_1_44' title="bbox 115 2871 1762 2947">
    <p class='ocr_par' dir='ltr' id='par_1_44' title="bbox 115 2871 1762 2947">
     <span class='ocr_line' id='line_1_44' title="bbox 115 2871 1762 2947; baseline -0.001 -15"><span class='ocrx_word' id='word_1_289' title='bbox 115 2876 322 2932; x_wconf 88' lang='lat' dir='ltr'><strong>anima</strong></span> <span class='ocrx_word' id='word_1_290' title='bbox 352 2872 596 2930; x_wconf 87' lang='lat' dir='ltr'><strong>rationis</strong></span> <span class='ocrx_word' id='word_1_291' title='bbox 626 2877 682 2927; x_wconf 89' lang='lat' dir='ltr'><strong>et</strong></span> <span class='ocrx_word' id='word_1_292' title='bbox 713 2871 1044 2928; x_wconf 89' lang='lat' dir='ltr'><strong>intellectus</strong></span> <span class='ocrx_word' id='word_1_293' title='bbox 1090 2874 1388 2946; x_wconf 89' lang='lat' dir='ltr'><strong>participe,</strong></span> <span class='ocrx_word' id='word_1_294' title='bbox 1423 2875 1762 2947; x_wconf 87' lang='lat' dir='ltr'><strong>compinge-</strong></span> 
     </span>
    </p>
   </div>
   <div class='ocr_carea' id='block_1_45' title="bbox 109 2961 1764 3035">
    <p class='ocr_par' dir='ltr' id='par_1_45' title="bbox 109 2961 1764 3035">
     <span class='ocr_line' id='line_1_45' title="bbox 109 2961 1764 3035; baseline 0 -16"><span class='ocrx_word' id='word_1_295' title='bbox 109 2968 207 3020; x_wconf 81' lang='lat' dir='ltr'><strong>ret</strong></span> <span class='ocrx_word' id='word_1_296' title='bbox 239 2968 409 3034; x_wconf 88' lang='lat' dir='ltr'><strong>atque</strong></span> <span class='ocrx_word' id='word_1_297' title='bbox 441 2963 792 3018; x_wconf 77' lang='lat' dir='ltr'><strong>elformaret.</strong></span> <span class='ocrx_word' id='word_1_298' title='bbox 842 2961 947 3026; x_wconf 87' lang='lat' dir='ltr'><strong>Qui</strong></span> <span class='ocrx_word' id='word_1_299' title='bbox 994 2978 1062 3016; x_wconf 82' lang='lat' dir='ltr'><strong>ex</strong></span> <span class='ocrx_word' id='word_1_300' title='bbox 1094 2963 1294 3018; x_wconf 88' lang='lat' dir='ltr'><strong>eadem</strong></span> <span class='ocrx_word' id='word_1_301' title='bbox 1342 2963 1579 3035; x_wconf 89' lang='lat' dir='ltr'><strong>Virgine</strong></span> <span class='ocrx_word' id='word_1_302' title='bbox 1609 2965 1764 3019; x_wconf 83' lang='lat' dir='ltr'><strong>inte-</strong></span> 
     </span>
    </p>
   </div>
   <div class='ocr_carea' id='block_1_46' title="bbox 109 3051 1766 3123">
    <p class='ocr_par' dir='ltr' id='par_1_46' title="bbox 109 3051 1766 3123">
     <span class='ocr_line' id='line_1_46' title="bbox 109 3051 1766 3123; baseline 0 -15"><span class='ocrx_word' id='word_1_303' title='bbox 109 3056 456 3122; x_wconf 79' lang='lat' dir='ltr'><strong>merataque</strong></span> <span class='ocrx_word' id='word_1_304' title='bbox 489 3051 670 3105; x_wconf 89' lang='lat' dir='ltr'><strong>Matre</strong></span> <span class='ocrx_word' id='word_1_305' title='bbox 706 3054 879 3106; x_wconf 89' lang='lat' dir='ltr'><strong>natus</strong></span> <span class='ocrx_word' id='word_1_306' title='bbox 930 3055 1036 3120; x_wconf 90' lang='lat' dir='ltr'><strong>est,</strong></span> <span class='ocrx_word' id='word_1_307' title='bbox 1089 3068 1269 3123; x_wconf 89' lang='lat' dir='ltr'><strong>supra</strong></span> <span class='ocrx_word' id='word_1_308' title='bbox 1315 3068 1492 3122; x_wconf 88' lang='lat' dir='ltr'><strong>quam</strong></span> <span class='ocrx_word' id='word_1_309' title='bbox 1523 3053 1636 3108; x_wconf 94' lang='lat' dir='ltr'><strong>dici</strong></span> <span class='ocrx_word' id='word_1_310' title='bbox 1666 3057 1766 3108; x_wconf 89' lang='lat' dir='ltr'><strong>aut</strong></span> 
     </span>
    </p>
   </div>
   <div class='ocr_carea' id='block_1_47' title="bbox 104 3139 1764 3214">
    <p class='ocr_par' dir='ltr' id='par_1_47' title="bbox 104 3139 1764 3214">
     <span class='ocr_line' id='line_1_47' title="bbox 104 3139 1764 3214; baseline -0.002 -15"><span class='ocrx_word' id='word_1_311' title='bbox 104 3142 431 3214; x_wconf 80' lang='lat' dir='ltr'><strong>excogitari</strong></span> <span class='ocrx_word' id='word_1_312' title='bbox 481 3141 670 3197; x_wconf 88' lang='lat' dir='ltr'><strong>ullove</strong></span> <span class='ocrx_word' id='word_1_313' title='bbox 730 3139 1025 3196; x_wconf 90' lang='lat' dir='ltr'><strong>intellectu</strong></span> <span class='ocrx_word' id='word_1_314' title='bbox 1086 3141 1303 3213; x_wconf 90' lang='lat' dir='ltr'><strong>percipi</strong></span> <span class='ocrx_word' id='word_1_315' title='bbox 1363 3142 1566 3212; x_wconf 89' lang='lat' dir='ltr'><strong>possit.</strong></span> <span class='ocrx_word' id='word_1_316' title='bbox 1619 3143 1764 3198; x_wconf 90' lang='lat' dir='ltr'><strong>Cum</strong></span> 
     </span>
    </p>
   </div>
   <div class='ocr_carea' id='block_1_48' title="bbox 105 3228 1762 3301">
    <p class='ocr_par' dir='ltr' id='par_1_48' title="bbox 105 3228 1762 3301">
     <span class='ocr_line' id='line_1_48' title="bbox 105 3228 1762 3301; baseline -0.001 -13"><span class='ocrx_word' id='word_1_317' title='bbox 105 3232 277 3288; x_wconf 86' lang='lat' dir='ltr'><strong>enim</strong></span> <span class='ocrx_word' id='word_1_318' title='bbox 331 3230 456 3286; x_wconf 90' lang='lat' dir='ltr'><strong>sine</strong></span> <span class='ocrx_word' id='word_1_319' title='bbox 517 3229 764 3298; x_wconf 89' lang='lat' dir='ltr'><strong>semine,</strong></span> <span class='ocrx_word' id='word_1_320' title='bbox 817 3228 1397 3301; x_wconf 86' lang='lat' dir='ltr'><strong>supernaturalisque</strong></span> <span class='ocrx_word' id='word_1_321' title='bbox 1465 3232 1762 3300; x_wconf 85' lang='lat' dir='ltr'><strong>conceptio</strong></span> 
     </span>
    </p>
   </div>
   <div class='ocr_carea' id='block_1_49' title="bbox 101 3319 1794 3390">
    <p class='ocr_par' dir='ltr' id='par_1_49' title="bbox 101 3319 1794 3390">
     <span class='ocr_line' id='line_1_49' title="bbox 101 3319 1794 3390; baseline -0.001 -13"><span class='ocrx_word' id='word_1_322' title='bbox 101 3321 341 3387; x_wconf 79' lang='lat' dir='ltr'><strong>fuisset,</strong></span> <span class='ocrx_word' id='word_1_323' title='bbox 375 3319 688 3374; x_wconf 79' lang='lat' dir='ltr'><strong>ineﬂ&#39;abilis</strong></span> <span class='ocrx_word' id='word_1_324' title='bbox 725 3335 958 3390; x_wconf 89' lang='lat' dir='ltr'><strong>quoque</strong></span> <span class='ocrx_word' id='word_1_325' title='bbox 1001 3322 1202 3389; x_wconf 88' lang='lat' dir='ltr'><strong>partus</strong></span> <span class='ocrx_word' id='word_1_326' title='bbox 1250 3325 1307 3374; x_wconf 90' lang='lat' dir='ltr'><strong>et</strong></span> <span class='ocrx_word' id='word_1_327' title='bbox 1352 3319 1794 3376; x_wconf 59' lang='lat' dir='ltr'><strong>inenarrabilis&quot;</strong></span> 
     </span>
    </p>
   </div>
   <div class='ocr_carea' id='block_1_50' title="bbox 98 3409 1759 3480">
    <p class='ocr_par' dir='ltr' id='par_1_50' title="bbox 98 3409 1759 3480">
     <span class='ocr_line' id='line_1_50' title="bbox 98 3409 1759 3480; baseline -0.001 -13"><span class='ocrx_word' id='word_1_328' title='bbox 98 3411 244 3467; x_wconf 83' lang='lat' dir='ltr'><strong>fuit.</strong></span> <span class='ocrx_word' id='word_1_329' title='bbox 279 3409 436 3464; x_wconf 87' lang='lat' dir='ltr'><strong>More</strong></span> <span class='ocrx_word' id='word_1_330' title='bbox 467 3409 661 3479; x_wconf 88' lang='lat' dir='ltr'><strong>itaque</strong></span> <span class='ocrx_word' id='word_1_331' title='bbox 702 3413 922 3478; x_wconf 88' lang='lat' dir='ltr'><strong>nostro,</strong></span> <span class='ocrx_word' id='word_1_332' title='bbox 957 3409 1053 3480; x_wconf 90' lang='lat' dir='ltr'><strong>qui</strong></span> <span class='ocrx_word' id='word_1_333' title='bbox 1084 3425 1265 3480; x_wconf 86' lang='lat' dir='ltr'><strong>supra</strong></span> <span class='ocrx_word' id='word_1_334' title='bbox 1305 3425 1412 3465; x_wconf 91' lang='lat' dir='ltr'><strong>nos</strong></span> <span class='ocrx_word' id='word_1_335' title='bbox 1441 3414 1566 3465; x_wconf 88' lang='lat' dir='ltr'><strong>erat</strong></span> <span class='ocrx_word' id='word_1_336' title='bbox 1593 3409 1759 3466; x_wconf 88' lang='lat' dir='ltr'><strong>Chri-</strong></span> 
     </span>
    </p>
   </div>
   <div class='ocr_carea' id='block_1_51' title="bbox 96 3497 1762 3570">
    <p class='ocr_par' dir='ltr' id='par_1_51' title="bbox 96 3497 1762 3570">
     <span class='ocr_line' id='line_1_51' title="bbox 96 3497 1762 3570; baseline -0.002 -13"><span class='ocrx_word' id='word_1_337' title='bbox 96 3507 239 3558; x_wconf 88' lang='lat' dir='ltr'><strong>stus</strong></span> <span class='ocrx_word' id='word_1_338' title='bbox 270 3503 329 3554; x_wconf 91' lang='lat' dir='ltr'><strong>et</strong></span> <span class='ocrx_word' id='word_1_339' title='bbox 365 3497 640 3553; x_wconf 89' lang='lat' dir='ltr'><strong>Dominus</strong></span> <span class='ocrx_word' id='word_1_340' title='bbox 667 3498 971 3570; x_wconf 88' lang='lat' dir='ltr'><strong>processit,</strong></span> <span class='ocrx_word' id='word_1_341' title='bbox 1004 3498 1202 3554; x_wconf 87' lang='lat' dir='ltr'><strong>omnia</strong></span> <span class='ocrx_word' id='word_1_342' title='bbox 1250 3502 1453 3554; x_wconf 88' lang='lat' dir='ltr'><strong>nostra</strong></span> <span class='ocrx_word' id='word_1_343' title='bbox 1479 3500 1762 3554; x_wconf 84' lang='lat' dir='ltr'><strong>essentia-</strong></span> 
     </span>
    </p>
   </div>
   <div class='ocr_carea' id='block_1_52' title="bbox 95 3587 1764 3658">
    <p class='ocr_par' dir='ltr' id='par_1_52' title="bbox 95 3587 1764 3658">
     <span class='ocr_line' id='line_1_52' title="bbox 95 3587 1764 3658; baseline -0.002 -12"><span class='ocrx_word' id='word_1_344' title='bbox 95 3591 244 3646; x_wconf 88' lang='lat' dir='ltr'><strong>Iiter</strong></span> <span class='ocrx_word' id='word_1_345' title='bbox 277 3587 336 3642; x_wconf 91' lang='lat' dir='ltr'><strong>in</strong></span> <span class='ocrx_word' id='word_1_346' title='bbox 371 3603 433 3643; x_wconf 91' lang='lat' dir='ltr'><strong>se</strong></span> <span class='ocrx_word' id='word_1_347' title='bbox 466 3587 672 3653; x_wconf 80' lang='lat' dir='ltr'><strong>ferens,</strong></span> <span class='ocrx_word' id='word_1_348' title='bbox 700 3604 816 3642; x_wconf 91' lang='lat' dir='ltr'><strong>uno</strong></span> <span class='ocrx_word' id='word_1_349' title='bbox 848 3590 1083 3658; x_wconf 89' lang='lat' dir='ltr'><strong>peccato</strong></span> <span class='ocrx_word' id='word_1_350' title='bbox 1115 3587 1372 3658; x_wconf 85' lang='lat' dir='ltr'><strong>dempto,</strong></span> <span class='ocrx_word' id='word_1_351' title='bbox 1403 3591 1562 3642; x_wconf 91' lang='lat' dir='ltr'><strong>totus</strong></span> <span class='ocrx_word' id='word_1_352' title='bbox 1593 3587 1764 3643; x_wconf 91' lang='lat' dir='ltr'><strong>homo</strong></span> 
     </span>
    </p>
   </div>
   <div class='ocr_carea' id='block_1_53' title="bbox 97 3676 1766 3747">
    <p class='ocr_par' dir='ltr' id='par_1_53' title="bbox 97 3676 1766 3747">
     <span class='ocr_line' id='line_1_53' title="bbox 97 3676 1766 3747; baseline -0.001 -12"><span class='ocrx_word' id='word_1_353' title='bbox 97 3681 324 3743; x_wconf 80' lang='lat' dir='ltr'><strong>factus,</strong></span> <span class='ocrx_word' id='word_1_354' title='bbox 362 3681 632 3747; x_wconf 89' lang='lat' dir='ltr'><strong>totusque</strong></span> <span class='ocrx_word' id='word_1_355' title='bbox 667 3680 816 3731; x_wconf 90' lang='lat' dir='ltr'><strong>Deus</strong></span> <span class='ocrx_word' id='word_1_356' title='bbox 877 3691 1143 3746; x_wconf 88' lang='lat' dir='ltr'><strong>manens,</strong></span> <span class='ocrx_word' id='word_1_357' title='bbox 1189 3676 1348 3732; x_wconf 90' lang='lat' dir='ltr'><strong>idem</strong></span> <span class='ocrx_word' id='word_1_358' title='bbox 1394 3681 1660 3733; x_wconf 89' lang='lat' dir='ltr'><strong>terrenus</strong></span> <span class='ocrx_word' id='word_1_359' title='bbox 1707 3681 1766 3733; x_wconf 92' lang='lat' dir='ltr'><strong>et</strong></span> 
     </span>
    </p>
   </div>
   <div class='ocr_carea' id='block_1_54' title="bbox 102 3764 1764 3836">
    <p class='ocr_par' dir='ltr' id='par_1_54' title="bbox 102 3764 1764 3836">
     <span class='ocr_line' id='line_1_54' title="bbox 102 3764 1764 3836; baseline -0.002 -12"><span class='ocrx_word' id='word_1_360' title='bbox 102 3765 395 3836; x_wconf 74' lang='lat' dir='ltr'><strong>cmlestis,</strong></span> <span class='ocrx_word' id='word_1_361' title='bbox 449 3764 694 3819; x_wconf 83' lang='lat' dir='ltr'><strong>visibilis</strong></span> <span class='ocrx_word' id='word_1_362' title='bbox 746 3770 803 3819; x_wconf 91' lang='lat' dir='ltr'><strong>et</strong></span> <span class='ocrx_word' id='word_1_363' title='bbox 860 3764 1194 3832; x_wconf 81' lang='lat' dir='ltr'><strong>invisibilis,</strong></span> <span class='ocrx_word' id='word_1_364' title='bbox 1254 3765 1516 3821; x_wconf 89' lang='lat' dir='ltr'><strong>mortalis</strong></span> <span class='ocrx_word' id='word_1_365' title='bbox 1565 3773 1622 3821; x_wconf 91' lang='lat' dir='ltr'><strong>et</strong></span> <span class='ocrx_word' id='word_1_366' title='bbox 1652 3766 1764 3821; x_wconf 86' lang='lat' dir='ltr'><strong>im-</strong></span> 
     </span>
    </p>
   </div>
   <div class='ocr_carea' id='block_1_55' title="bbox 110 3855 1768 3928">
    <p class='ocr_par' dir='ltr' id='par_1_55' title="bbox 110 3855 1768 3928">
     <span class='ocr_line' id='line_1_55' title="bbox 110 3855 1768 3928; baseline -0.002 -14"><span class='ocrx_word' id='word_1_367' title='bbox 110 3855 411 3914; x_wconf 87' lang='lat' dir='ltr'><strong>mortalis.</strong></span> <span class='ocrx_word' id='word_1_368' title='bbox 439 3856 573 3910; x_wconf 72' lang='lat' dir='ltr'><strong>Duae</strong></span> <span class='ocrx_word' id='word_1_369' title='bbox 594 3855 749 3910; x_wconf 89' lang='lat' dir='ltr'><strong>enim</strong></span> <span class='ocrx_word' id='word_1_370' title='bbox 787 3859 1004 3910; x_wconf 76' lang='lat' dir='ltr'><strong>naturae</strong></span> <span class='ocrx_word' id='word_1_371' title='bbox 1035 3855 1327 3912; x_wconf 90' lang='lat' dir='ltr'><strong>indivulsa</strong></span> <span class='ocrx_word' id='word_1_372' title='bbox 1358 3856 1768 3928; x_wconf 88' lang='lat' dir='ltr'><strong>conjunctione</strong></span> 
     </span>
    </p>
   </div>
   <div class='ocr_carea' id='block_1_56' title="bbox 106 3945 1766 4017">
    <p class='ocr_par' dir='ltr' id='par_1_56' title="bbox 106 3945 1766 4017">
     <span class='ocr_line' id='line_1_56' title="bbox 106 3945 1766 4017; baseline 0.001 -16"><span class='ocrx_word' id='word_1_373' title='bbox 106 3947 477 4002; x_wconf 63' lang='lat' dir='ltr'><strong>cohaerentes</strong></span> <span class='ocrx_word' id='word_1_374' title='bbox 497 3960 677 4000; x_wconf 87' lang='lat' dir='ltr'><strong>unum</strong></span> <span class='ocrx_word' id='word_1_375' title='bbox 711 3945 880 3999; x_wconf 90' lang='lat' dir='ltr'><strong>nobis</strong></span> <span class='ocrx_word' id='word_1_376' title='bbox 900 3945 1345 4001; x_wconf 85' lang='lat' dir='ltr'><strong>Emmanuelem</strong></span> <span class='ocrx_word' id='word_1_377' title='bbox 1369 3948 1766 4017; x_wconf 86' lang='lat' dir='ltr'><strong>perfecerunt:</strong></span> 
     </span>
    </p>
   </div>
   <div class='ocr_carea' id='block_1_57' title="bbox 106 4032 1771 4106">
    <p class='ocr_par' dir='ltr' id='par_1_57' title="bbox 106 4032 1771 4106">
     <span class='ocr_line' id='line_1_57' title="bbox 106 4032 1771 4106; baseline 0 -15"><span class='ocrx_word' id='word_1_378' title='bbox 106 4037 201 4091; x_wconf 90' lang='lat' dir='ltr'><strong>ita</strong></span> <span class='ocrx_word' id='word_1_379' title='bbox 266 4039 489 4101; x_wconf 91' lang='lat' dir='ltr'><strong>tamen,</strong></span> <span class='ocrx_word' id='word_1_380' title='bbox 561 4038 623 4088; x_wconf 92' lang='lat' dir='ltr'><strong>ut</strong></span> <span class='ocrx_word' id='word_1_381' title='bbox 687 4034 835 4089; x_wconf 90' lang='lat' dir='ltr'><strong>citra</strong></span> <span class='ocrx_word' id='word_1_382' title='bbox 908 4032 1090 4089; x_wconf 89' lang='lat' dir='ltr'><strong>ullum</strong></span> <span class='ocrx_word' id='word_1_383' title='bbox 1157 4035 1443 4091; x_wconf 85' lang='lat' dir='ltr'><strong>defectum</strong></span> <span class='ocrx_word' id='word_1_384' title='bbox 1518 4037 1771 4106; x_wconf 86' lang='lat' dir='ltr'><strong>preprie-</strong></span> 
     </span>
    </p>
   </div>
   <div class='ocr_carea' id='block_1_58' title="bbox 101 4122 1770 4193">
    <p class='ocr_par' dir='ltr' id='par_1_58' title="bbox 101 4122 1770 4193">
     <span class='ocr_line' id='line_1_58' title="bbox 101 4122 1770 4193; baseline -0.001 -13"><span class='ocrx_word' id='word_1_385' title='bbox 101 4130 266 4180; x_wconf 87' lang='lat' dir='ltr'><strong>tates</strong></span> <span class='ocrx_word' id='word_1_386' title='bbox 351 4127 718 4190; x_wconf 85' lang='lat' dir='ltr'><strong>naturarum,</strong></span> <span class='ocrx_word' id='word_1_387' title='bbox 794 4139 862 4176; x_wconf 86' lang='lat' dir='ltr'><strong>ex</strong></span> <span class='ocrx_word' id='word_1_388' title='bbox 934 4122 1150 4193; x_wconf 90' lang='lat' dir='ltr'><strong>quibus</strong></span> <span class='ocrx_word' id='word_1_389' title='bbox 1228 4123 1586 4193; x_wconf 89' lang='lat' dir='ltr'><strong>compositus</strong></span> <span class='ocrx_word' id='word_1_390' title='bbox 1662 4128 1770 4191; x_wconf 90' lang='lat' dir='ltr'><strong>est,</strong></span> 
     </span>
    </p>
   </div>
   <div class='ocr_carea' id='block_1_59' title="bbox 101 4211 1775 4283">
    <p class='ocr_par' dir='ltr' id='par_1_59' title="bbox 101 4211 1775 4283">
     <span class='ocr_line' id='line_1_59' title="bbox 101 4211 1775 4283; baseline -0.001 -14"><span class='ocrx_word' id='word_1_391' title='bbox 101 4219 314 4270; x_wconf 88' lang='lat' dir='ltr'><strong>sartas</strong></span> <span class='ocrx_word' id='word_1_392' title='bbox 345 4215 530 4268; x_wconf 89' lang='lat' dir='ltr'><strong>tectas</strong></span> <span class='ocrx_word' id='word_1_393' title='bbox 564 4217 950 4268; x_wconf 87' lang='lat' dir='ltr'><strong>conservaret.</strong></span> <span class='ocrx_word' id='word_1_394' title='bbox 976 4211 1121 4266; x_wconf 90' lang='lat' dir='ltr'><strong>Cum</strong></span> <span class='ocrx_word' id='word_1_395' title='bbox 1152 4211 1306 4266; x_wconf 90' lang='lat' dir='ltr'><strong>enim</strong></span> <span class='ocrx_word' id='word_1_396' title='bbox 1339 4215 1497 4268; x_wconf 90' lang='lat' dir='ltr'><strong>totus</strong></span> <span class='ocrx_word' id='word_1_397' title='bbox 1528 4212 1775 4283; x_wconf 78' lang='lat' dir='ltr'><strong>simplex</strong></span> 
     </span>
    </p>
   </div>
   <div class='ocr_carea' id='block_1_60' title="bbox 106 4302 1775 4372">
    <p class='ocr_par' dir='ltr' id='par_1_60' title="bbox 106 4302 1775 4372">
     <span class='ocr_line' id='line_1_60' title="bbox 106 4302 1775 4372; baseline -0.001 -12"><span class='ocrx_word' id='word_1_398' title='bbox 106 4309 305 4372; x_wconf 82' lang='lat' dir='ltr'><strong>esset,</strong></span> <span class='ocrx_word' id='word_1_399' title='bbox 341 4303 668 4358; x_wconf 90' lang='lat' dir='ltr'><strong>secundum</strong></span> <span class='ocrx_word' id='word_1_400' title='bbox 721 4302 1002 4371; x_wconf 88' lang='lat' dir='ltr'><strong>divinam,</strong></span> <span class='ocrx_word' id='word_1_401' title='bbox 1050 4302 1428 4372; x_wconf 88' lang='lat' dir='ltr'><strong>eamdemque</strong></span> <span class='ocrx_word' id='word_1_402' title='bbox 1471 4307 1775 4372; x_wconf 88' lang='lat' dir='ltr'><strong>paternam</strong></span> 
     </span>
    </p>
   </div>
   <div class='ocr_carea' id='block_1_61' title="bbox 96 4389 1776 4462">
    <p class='ocr_par' dir='ltr' id='par_1_61' title="bbox 96 4389 1776 4462">
     <span class='ocr_line' id='line_1_61' title="bbox 96 4389 1776 4462; baseline -0.001 -13"><span class='ocrx_word' id='word_1_403' title='bbox 96 4399 165 4449; x_wconf 88' lang='lat' dir='ltr'><strong>et</strong></span> <span class='ocrx_word' id='word_1_404' title='bbox 198 4397 492 4448; x_wconf 70' lang='lat' dir='ltr'><strong>aeternam</strong></span> <span class='ocrx_word' id='word_1_405' title='bbox 525 4392 984 4462; x_wconf 88' lang='lat' dir='ltr'><strong>generationem,</strong></span> <span class='ocrx_word' id='word_1_406' title='bbox 1011 4389 1224 4460; x_wconf 86' lang='lat' dir='ltr'><strong>duplex</strong></span> <span class='ocrx_word' id='word_1_407' title='bbox 1246 4392 1527 4462; x_wconf 87' lang='lat' dir='ltr'><strong>processit</strong></span> <span class='ocrx_word' id='word_1_408' title='bbox 1557 4409 1776 4447; x_wconf 85' lang='lat' dir='ltr'><strong>secun-</strong></span> 
     </span>
    </p>
   </div>
   <div class='ocr_carea' id='block_1_62' title="bbox 102 4481 1779 4552">
    <p class='ocr_par' dir='ltr' id='par_1_62' title="bbox 102 4481 1779 4552">
     <span class='ocr_line' id='line_1_62' title="bbox 102 4481 1779 4552; baseline -0.001 -14"><span class='ocrx_word' id='word_1_409' title='bbox 102 4484 267 4538; x_wconf 88' lang='lat' dir='ltr'><strong>dum</strong></span> <span class='ocrx_word' id='word_1_410' title='bbox 305 4486 635 4537; x_wconf 88' lang='lat' dir='ltr'><strong>maternam</strong></span> <span class='ocrx_word' id='word_1_411' title='bbox 694 4481 1075 4552; x_wconf 88' lang='lat' dir='ltr'><strong>eamdemque</strong></span> <span class='ocrx_word' id='word_1_412' title='bbox 1130 4481 1546 4551; x_wconf 86' lang='lat' dir='ltr'><strong>temporariam</strong></span> <span class='ocrx_word' id='word_1_413' title='bbox 1573 4485 1631 4536; x_wconf 89' lang='lat' dir='ltr'><strong>et</strong></span> <span class='ocrx_word' id='word_1_414' title='bbox 1659 4497 1779 4537; x_wconf 88' lang='lat' dir='ltr'><strong>cor-</strong></span> 
     </span>
    </p>
   </div>
   <div class='ocr_carea' id='block_1_63' title="bbox 104 4569 1780 4644">
    <p class='ocr_par' dir='ltr' id='par_1_63' title="bbox 104 4569 1780 4644">
     <span class='ocr_line' id='line_1_63' title="bbox 104 4569 1780 4644; baseline -0.001 -17"><span class='ocrx_word' id='word_1_415' title='bbox 104 4571 392 4644; x_wconf 88' lang='lat' dir='ltr'><strong>poralem</strong></span> <span class='ocrx_word' id='word_1_416' title='bbox 428 4569 1099 4642; x_wconf 88' lang='lat' dir='ltr'><strong>generationem.ltaque</strong></span> <span class='ocrx_word' id='word_1_417' title='bbox 1119 4569 1356 4626; x_wconf 88' lang='lat' dir='ltr'><strong>tametsi</strong></span> <span class='ocrx_word' id='word_1_418' title='bbox 1389 4571 1536 4626; x_wconf 87' lang='lat' dir='ltr'><strong>duas</strong></span> <span class='ocrx_word' id='word_1_419' title='bbox 1564 4571 1780 4627; x_wconf 88' lang='lat' dir='ltr'><strong>Christi</strong></span> 
     </span>
    </p>
   </div>
   <div class='ocr_carea' id='block_1_64' title="bbox 90 4658 1778 4730">
    <p class='ocr_par' dir='ltr' id='par_1_64' title="bbox 90 4658 1778 4730">
     <span class='ocr_line' id='line_1_64' title="bbox 90 4658 1778 4730; baseline -0.001 -13"><span class='ocrx_word' id='word_1_420' title='bbox 90 4660 214 4718; x_wconf 90' lang='lat' dir='ltr'><strong>Dei</strong></span> <span class='ocrx_word' id='word_1_421' title='bbox 250 4659 446 4715; x_wconf 89' lang='lat' dir='ltr'><strong>nostri</strong></span> <span class='ocrx_word' id='word_1_422' title='bbox 477 4658 884 4730; x_wconf 86' lang='lat' dir='ltr'><strong>generationes</strong></span> <span class='ocrx_word' id='word_1_423' title='bbox 934 4659 1328 4729; x_wconf 83' lang='lat' dir='ltr'><strong>profiteamur,</strong></span> <span class='ocrx_word' id='word_1_424' title='bbox 1372 4675 1549 4715; x_wconf 83' lang='lat' dir='ltr'><strong>unam</strong></span> <span class='ocrx_word' id='word_1_425' title='bbox 1582 4663 1778 4716; x_wconf 90' lang='lat' dir='ltr'><strong>tamen</strong></span> 
     </span>
    </p>
   </div>
   <div class='ocr_carea' id='block_1_65' title="bbox 93 4747 1778 4820">
    <p class='ocr_par' dir='ltr' id='par_1_65' title="bbox 93 4747 1778 4820">
     <span class='ocr_line' id='line_1_65' title="bbox 93 4747 1778 4820; baseline 0.001 -15"><span class='ocrx_word' id='word_1_426' title='bbox 93 4752 250 4820; x_wconf 84' lang='lat' dir='ltr'><strong>ejus</strong></span> <span class='ocrx_word' id='word_1_427' title='bbox 289 4764 604 4819; x_wconf 76' lang='lat' dir='ltr'><strong>personam</strong></span> <span class='ocrx_word' id='word_1_428' title='bbox 640 4747 1237 4820; x_wconf 79' lang='lat' dir='ltr'><strong>praedicamus,cujus</strong></span> <span class='ocrx_word' id='word_1_429' title='bbox 1265 4748 1522 4804; x_wconf 84' lang='lat' dir='ltr'><strong>essentia</strong></span> <span class='ocrx_word' id='word_1_430' title='bbox 1553 4748 1778 4806; x_wconf 89' lang='lat' dir='ltr'><strong>duabus</strong></span> 
     </span>
    </p>
   </div>
   <div class='ocr_carea' id='block_1_66' title="bbox 1868 1977 3519 2050">
    <p class='ocr_par' dir='ltr' id='par_1_66' title="bbox 1868 1977 3519 2050">
     <span class='ocr_line' id='line_1_66' title="bbox 1868 1977 3519 2050; baseline 0.001 -15"><span class='ocrx_word' id='word_1_431' title='bbox 1868 1979 2244 2050; x_wconf 81' lang='lat' dir='ltr'><strong>perfectionis</strong></span> <span class='ocrx_word' id='word_1_432' title='bbox 2272 1978 2446 2033; x_wconf 81' lang='lat' dir='ltr'><strong>index</strong></span> <span class='ocrx_word' id='word_1_433' title='bbox 2479 1992 2644 2032; x_wconf 88' lang='lat' dir='ltr'><strong>mens</strong></span> <span class='ocrx_word' id='word_1_434' title='bbox 2675 1977 2804 2047; x_wconf 84' lang='lat' dir='ltr'><strong>ipso</strong></span> <span class='ocrx_word' id='word_1_435' title='bbox 2853 1982 2961 2043; x_wconf 90' lang='lat' dir='ltr'><strong>est,</strong></span> <span class='ocrx_word' id='word_1_436' title='bbox 2995 1995 3109 2050; x_wconf 89' lang='lat' dir='ltr'><strong>qua</strong></span> <span class='ocrx_word' id='word_1_437' title='bbox 3138 1979 3431 2046; x_wconf 91' lang='lat' dir='ltr'><strong>volumus,</strong></span> <span class='ocrx_word' id='word_1_438' title='bbox 3463 1987 3519 2036; x_wconf 89' lang='lat' dir='ltr'><strong>et</strong></span> 
     </span>
    </p>
   </div>
   <div class='ocr_carea' id='block_1_67' title="bbox 1867 2068 3516 2126">
    <p class='ocr_par' dir='ltr' id='par_1_67' title="bbox 1867 2068 3516 2126">
     <span class='ocr_line' id='line_1_67' title="bbox 1867 2068 3516 2126; baseline 0.001 -1"><span class='ocrx_word' id='word_1_439' title='bbox 1867 2087 1899 2125; x_wconf 91' lang='lat' dir='ltr'><strong>a</strong></span> <span class='ocrx_word' id='word_1_440' title='bbox 1958 2070 2148 2125; x_wconf 85' lang='lat' dir='ltr'><strong>brutis</strong></span> <span class='ocrx_word' id='word_1_441' title='bbox 2206 2068 2609 2124; x_wconf 88' lang='lat' dir='ltr'><strong>animantibus</strong></span> <span class='ocrx_word' id='word_1_442' title='bbox 2681 2068 3028 2124; x_wconf 69' lang='lat' dir='ltr'><strong>differimus.</strong></span> <span class='ocrx_word' id='word_1_443' title='bbox 3088 2070 3302 2125; x_wconf 88' lang='lat' dir='ltr'><strong>Eorum</strong></span> <span class='ocrx_word' id='word_1_444' title='bbox 3359 2071 3516 2126; x_wconf 87' lang='lat' dir='ltr'><strong>enim</strong></span> 
     </span>
    </p>
   </div>
   <div class='ocr_carea' id='block_1_68' title="bbox 1867 2157 3517 2231">
    <p class='ocr_par' dir='ltr' id='par_1_68' title="bbox 1867 2157 3517 2231">
     <span class='ocr_line' id='line_1_68' title="bbox 1867 2157 3517 2231; baseline 0 -17"><span class='ocrx_word' id='word_1_445' title='bbox 1867 2176 1993 2230; x_wconf 81' lang='lat' dir='ltr'><strong>quae</strong></span> <span class='ocrx_word' id='word_1_446' title='bbox 2027 2158 2243 2214; x_wconf 89' lang='lat' dir='ltr'><strong>mentis</strong></span> <span class='ocrx_word' id='word_1_447' title='bbox 2300 2160 2556 2230; x_wconf 85' lang='lat' dir='ltr'><strong>expertia</strong></span> <span class='ocrx_word' id='word_1_448' title='bbox 2614 2163 2772 2229; x_wconf 87' lang='lat' dir='ltr'><strong>sunt,</strong></span> <span class='ocrx_word' id='word_1_449' title='bbox 2834 2158 3059 2215; x_wconf 90' lang='lat' dir='ltr'><strong>nullum</strong></span> <span class='ocrx_word' id='word_1_450' title='bbox 3118 2157 3262 2214; x_wconf 87' lang='lat' dir='ltr'><strong>velle</strong></span> <span class='ocrx_word' id='word_1_451' title='bbox 3304 2164 3517 2231; x_wconf 80' lang='lat' dir='ltr'><strong>potest,</strong></span> 
     </span>
    </p>
   </div>
   <div class='ocr_carea' id='block_1_69' title="bbox 1867 2247 3522 2320">
    <p class='ocr_par' dir='ltr' id='par_1_69' title="bbox 1867 2247 3522 2320">
     <span class='ocr_line' id='line_1_69' title="bbox 1867 2247 3522 2320; baseline 0.002 -18"><span class='ocrx_word' id='word_1_452' title='bbox 1867 2248 2159 2320; x_wconf 85' lang='lat' dir='ltr'><strong>Quidquid</strong></span> <span class='ocrx_word' id='word_1_453' title='bbox 2185 2256 2377 2304; x_wconf 85' lang='lat' dir='ltr'><strong>autem</strong></span> <span class='ocrx_word' id='word_1_454' title='bbox 2425 2249 2743 2316; x_wconf 86' lang='lat' dir='ltr'><strong>voluntate,</strong></span> <span class='ocrx_word' id='word_1_455' title='bbox 2774 2250 2928 2304; x_wconf 88' lang='lat' dir='ltr'><strong>idem</strong></span> <span class='ocrx_word' id='word_1_456' title='bbox 2962 2247 3336 2304; x_wconf 86' lang='lat' dir='ltr'><strong>etintellectu</strong></span> <span class='ocrx_word' id='word_1_457' title='bbox 3371 2266 3522 2320; x_wconf 71' lang='lat' dir='ltr'><strong>prae-</strong></span> 
     </span>
    </p>
   </div>
   <div class='ocr_carea' id='block_1_70' title="bbox 1868 2336 3522 2408">
    <p class='ocr_par' dir='ltr' id='par_1_70' title="bbox 1868 2336 3522 2408">
     <span class='ocr_line' id='line_1_70' title="bbox 1868 2336 3522 2408; baseline 0.002 -17"><span class='ocrx_word' id='word_1_458' title='bbox 1868 2337 2053 2392; x_wconf 86' lang='lat' dir='ltr'><strong>ditum</strong></span> <span class='ocrx_word' id='word_1_459' title='bbox 2087 2344 2195 2392; x_wconf 88' lang='lat' dir='ltr'><strong>est.</strong></span> <span class='ocrx_word' id='word_1_460' title='bbox 2227 2337 2331 2392; x_wconf 89' lang='lat' dir='ltr'><strong>Ubi</strong></span> <span class='ocrx_word' id='word_1_461' title='bbox 2363 2338 2518 2393; x_wconf 90' lang='lat' dir='ltr'><strong>enim</strong></span> <span class='ocrx_word' id='word_1_462' title='bbox 2571 2354 2761 2406; x_wconf 88' lang='lat' dir='ltr'><strong>mens,</strong></span> <span class='ocrx_word' id='word_1_463' title='bbox 2794 2337 2872 2393; x_wconf 91' lang='lat' dir='ltr'><strong>ibi</strong></span> <span class='ocrx_word' id='word_1_464' title='bbox 2926 2336 3100 2392; x_wconf 87' lang='lat' dir='ltr'><strong>etiam</strong></span> <span class='ocrx_word' id='word_1_465' title='bbox 3163 2353 3404 2408; x_wconf 84' lang='lat' dir='ltr'><strong>prorsus</strong></span> <span class='ocrx_word' id='word_1_466' title='bbox 3437 2338 3522 2397; x_wconf 87' lang='lat' dir='ltr'><strong>in.</strong></span> 
     </span>
    </p>
   </div>
   <div class='ocr_carea' id='block_1_71' title="bbox 1865 2426 3517 2498">
    <p class='ocr_par' dir='ltr' id='par_1_71' title="bbox 1865 2426 3517 2498">
     <span class='ocr_line' id='line_1_71' title="bbox 1865 2426 3517 2498; baseline 0.001 -17"><span class='ocrx_word' id='word_1_467' title='bbox 1865 2426 2136 2483; x_wconf 87' lang='lat' dir='ltr'><strong>tellectus</strong></span> <span class='ocrx_word' id='word_1_468' title='bbox 2167 2431 2273 2483; x_wconf 87' lang='lat' dir='ltr'><strong>est.</strong></span> <span class='ocrx_word' id='word_1_469' title='bbox 2298 2430 2427 2481; x_wconf 85' lang='lat' dir='ltr'><strong>Jam</strong></span> <span class='ocrx_word' id='word_1_470' title='bbox 2463 2427 2511 2483; x_wconf 92' lang='lat' dir='ltr'><strong>si</strong></span> <span class='ocrx_word' id='word_1_471' title='bbox 2542 2428 2811 2483; x_wconf 89' lang='lat' dir='ltr'><strong>Servator</strong></span> <span class='ocrx_word' id='word_1_472' title='bbox 2853 2427 3144 2498; x_wconf 80' lang='lat' dir='ltr'><strong>perfectus</strong></span> <span class='ocrx_word' id='word_1_473' title='bbox 3177 2427 3351 2481; x_wconf 91' lang='lat' dir='ltr'><strong>homo</strong></span> <span class='ocrx_word' id='word_1_474' title='bbox 3386 2427 3517 2496; x_wconf 83' lang='lat' dir='ltr'><strong>fuit,</strong></span> 
     </span>
    </p>
   </div>
   <div class='ocr_carea' id='block_1_72' title="bbox 1867 2515 3521 2588">
    <p class='ocr_par' dir='ltr' id='par_1_72' title="bbox 1867 2515 3521 2588">
     <span class='ocr_line' id='line_1_72' title="bbox 1867 2515 3521 2588; baseline 0.001 -18"><span class='ocrx_word' id='word_1_475' title='bbox 1867 2515 1925 2570; x_wconf 83' lang='lat' dir='ltr'><strong>in</strong></span> <span class='ocrx_word' id='word_1_476' title='bbox 1960 2515 2270 2571; x_wconf 89' lang='lat' dir='ltr'><strong>Divinitate</strong></span> <span class='ocrx_word' id='word_1_477' title='bbox 2303 2516 2558 2586; x_wconf 82' lang='lat' dir='ltr'><strong>perfecta</strong></span> <span class='ocrx_word' id='word_1_478' title='bbox 2587 2533 2848 2584; x_wconf 88' lang='lat' dir='ltr'><strong>manens,</strong></span> <span class='ocrx_word' id='word_1_479' title='bbox 2882 2515 3080 2586; x_wconf 87' lang='lat' dir='ltr'><strong>procul</strong></span> <span class='ocrx_word' id='word_1_480' title='bbox 3114 2515 3293 2571; x_wconf 88' lang='lat' dir='ltr'><strong>dubio</strong></span> <span class='ocrx_word' id='word_1_481' title='bbox 3328 2532 3521 2588; x_wconf 91' lang='lat' dir='ltr'><strong>neque</strong></span> 
     </span>
    </p>
   </div>
   <div class='ocr_carea' id='block_1_73' title="bbox 1867 2603 3522 2681">
    <p class='ocr_par' dir='ltr' id='par_1_73' title="bbox 1867 2603 3522 2681">
     <span class='ocr_line' id='line_1_73' title="bbox 1867 2603 3522 2681; baseline -0.001 -20"><span class='ocrx_word' id='word_1_482' title='bbox 1867 2607 2081 2669; x_wconf 88' lang='lat' dir='ltr'><strong>mente,</strong></span> <span class='ocrx_word' id='word_1_483' title='bbox 2113 2619 2303 2676; x_wconf 90' lang='lat' dir='ltr'><strong>neque</strong></span> <span class='ocrx_word' id='word_1_484' title='bbox 2333 2604 2633 2681; x_wconf 74' lang='lat' dir='ltr'><strong>voluntate</strong></span> <span class='ocrx_word' id='word_1_485' title='bbox 2686 2603 2890 2659; x_wconf 90' lang='lat' dir='ltr'><strong>caruit.</strong></span> <span class='ocrx_word' id='word_1_486' title='bbox 2923 2604 3029 2668; x_wconf 87' lang='lat' dir='ltr'><strong>Qui</strong></span> <span class='ocrx_word' id='word_1_487' title='bbox 3075 2608 3271 2659; x_wconf 88' lang='lat' dir='ltr'><strong>autem</strong></span> <span class='ocrx_word' id='word_1_488' title='bbox 3316 2605 3522 2660; x_wconf 88' lang='lat' dir='ltr'><strong>huma-</strong></span> 
     </span>
    </p>
   </div>
   <div class='ocr_carea' id='block_1_74' title="bbox 1868 2691 3520 2764">
    <p class='ocr_par' dir='ltr' id='par_1_74' title="bbox 1868 2691 3520 2764">
     <span class='ocr_line' id='line_1_74' title="bbox 1868 2691 3520 2764; baseline -0.001 -14"><span class='ocrx_word' id='word_1_489' title='bbox 1868 2711 2002 2750; x_wconf 89' lang='lat' dir='ltr'><strong>nam</strong></span> <span class='ocrx_word' id='word_1_490' title='bbox 2031 2692 2243 2749; x_wconf 85' lang='lat' dir='ltr'><strong>Christi</strong></span> <span class='ocrx_word' id='word_1_491' title='bbox 2267 2691 2522 2748; x_wconf 88' lang='lat' dir='ltr'><strong>animam</strong></span> <span class='ocrx_word' id='word_1_492' title='bbox 2568 2693 2820 2750; x_wconf 89' lang='lat' dir='ltr'><strong>naturali</strong></span> <span class='ocrx_word' id='word_1_493' title='bbox 2846 2693 3144 2748; x_wconf 89' lang='lat' dir='ltr'><strong>voluntate</strong></span> <span class='ocrx_word' id='word_1_494' title='bbox 3166 2693 3391 2764; x_wconf 90' lang='lat' dir='ltr'><strong>privare</strong></span> <span class='ocrx_word' id='word_1_495' title='bbox 3421 2710 3520 2749; x_wconf 91' lang='lat' dir='ltr'><strong>co-</strong></span> 
     </span>
    </p>
   </div>
   <div class='ocr_carea' id='block_1_75' title="bbox 1869 2782 3518 2855">
    <p class='ocr_par' dir='ltr' id='par_1_75' title="bbox 1869 2782 3518 2855">
     <span class='ocr_line' id='line_1_75' title="bbox 1869 2782 3518 2855; baseline 0 -17"><span class='ocrx_word' id='word_1_496' title='bbox 1869 2787 2102 2846; x_wconf 85' lang='lat' dir='ltr'><strong>nantur,</strong></span> <span class='ocrx_word' id='word_1_497' title='bbox 2152 2797 2279 2837; x_wconf 91' lang='lat' dir='ltr'><strong>eam</strong></span> <span class='ocrx_word' id='word_1_498' title='bbox 2314 2783 2528 2838; x_wconf 91' lang='lat' dir='ltr'><strong>mentis</strong></span> <span class='ocrx_word' id='word_1_499' title='bbox 2574 2787 2888 2855; x_wconf 86' lang='lat' dir='ltr'><strong>expertem,</strong></span> <span class='ocrx_word' id='word_1_500' title='bbox 2919 2782 3031 2854; x_wconf 89' lang='lat' dir='ltr'><strong>ipsi</strong></span> <span class='ocrx_word' id='word_1_501' title='bbox 3082 2783 3291 2837; x_wconf 88' lang='lat' dir='ltr'><strong>mentis</strong></span> <span class='ocrx_word' id='word_1_502' title='bbox 3321 2799 3518 2854; x_wconf 83' lang='lat' dir='ltr'><strong>exper-</strong></span> 
     </span>
    </p>
   </div>
   <div class='ocr_carea' id='block_1_76' title="bbox 1870 2872 3515 2944">
    <p class='ocr_par' dir='ltr' id='par_1_76' title="bbox 1870 2872 3515 2944">
     <span class='ocr_line' id='line_1_76' title="bbox 1870 2872 3515 2944; baseline -0.001 -16"><span class='ocrx_word' id='word_1_503' title='bbox 1870 2880 1952 2928; x_wconf 90' lang='lat' dir='ltr'><strong>tes</strong></span> <span class='ocrx_word' id='word_1_504' title='bbox 1983 2872 2438 2942; x_wconf 89' lang='lat' dir='ltr'><strong>descripserunt,</strong></span> <span class='ocrx_word' id='word_1_505' title='bbox 2469 2875 2526 2926; x_wconf 81' lang='lat' dir='ltr'><strong>et</strong></span> <span class='ocrx_word' id='word_1_506' title='bbox 2555 2873 2889 2944; x_wconf 83' lang='lat' dir='ltr'><strong>passionem</strong></span> <span class='ocrx_word' id='word_1_507' title='bbox 2944 2876 3002 2926; x_wconf 92' lang='lat' dir='ltr'><strong>et</strong></span> <span class='ocrx_word' id='word_1_508' title='bbox 3049 2875 3292 2926; x_wconf 90' lang='lat' dir='ltr'><strong>mortem</strong></span> <span class='ocrx_word' id='word_1_509' title='bbox 3327 2873 3515 2943; x_wconf 88' lang='lat' dir='ltr'><strong>impa-</strong></span> 
     </span>
    </p>
   </div>
   <div class='ocr_carea' id='block_1_77' title="bbox 1868 2961 3518 3033">
    <p class='ocr_par' dir='ltr' id='par_1_77' title="bbox 1868 2961 3518 3033">
     <span class='ocr_line' id='line_1_77' title="bbox 1868 2961 3518 3033; baseline 0 -17"><span class='ocrx_word' id='word_1_510' title='bbox 1868 2962 2019 3016; x_wconf 92' lang='lat' dir='ltr'><strong>tibili</strong></span> <span class='ocrx_word' id='word_1_511' title='bbox 2053 2966 2274 3016; x_wconf 73' lang='lat' dir='ltr'><strong>naturae</strong></span> <span class='ocrx_word' id='word_1_512' title='bbox 2315 2961 2692 3017; x_wconf 88' lang='lat' dir='ltr'><strong>ascribentes.</strong></span> <span class='ocrx_word' id='word_1_513' title='bbox 2727 2963 2848 3026; x_wconf 81' lang='lat' dir='ltr'><strong>Qua</strong></span> <span class='ocrx_word' id='word_1_514' title='bbox 2901 2961 3136 3033; x_wconf 88' lang='lat' dir='ltr'><strong>quidem</strong></span> <span class='ocrx_word' id='word_1_515' title='bbox 3170 2961 3376 3017; x_wconf 69' lang='lat' dir='ltr'><strong>haeresi</strong></span> <span class='ocrx_word' id='word_1_516' title='bbox 3409 2962 3518 3018; x_wconf 87' lang='lat' dir='ltr'><strong>hoc</strong></span> 
     </span>
    </p>
   </div>
   <div class='ocr_carea' id='block_1_78' title="bbox 1870 3049 3518 3121">
    <p class='ocr_par' dir='ltr' id='par_1_78' title="bbox 1870 3049 3518 3121">
     <span class='ocr_line' id='line_1_78' title="bbox 1870 3049 3518 3121; baseline 0.001 -16"><span class='ocrx_word' id='word_1_517' title='bbox 1870 3054 2333 3121; x_wconf 89' lang='lat' dir='ltr'><strong>consequuntur,</strong></span> <span class='ocrx_word' id='word_1_518' title='bbox 2359 3053 2422 3104; x_wconf 90' lang='lat' dir='ltr'><strong>ut</strong></span> <span class='ocrx_word' id='word_1_519' title='bbox 2451 3051 2704 3121; x_wconf 82' lang='lat' dir='ltr'><strong>perfecte</strong></span> <span class='ocrx_word' id='word_1_520' title='bbox 2728 3049 2868 3106; x_wconf 89' lang='lat' dir='ltr'><strong>salvi</strong></span> <span class='ocrx_word' id='word_1_521' title='bbox 2904 3050 3036 3105; x_wconf 85' lang='lat' dir='ltr'><strong>facti</strong></span> <span class='ocrx_word' id='word_1_522' title='bbox 3061 3066 3174 3105; x_wconf 92' lang='lat' dir='ltr'><strong>non</strong></span> <span class='ocrx_word' id='word_1_523' title='bbox 3195 3049 3518 3106; x_wconf 81' lang='lat' dir='ltr'><strong>videamur.</strong></span> 
     </span>
    </p>
   </div>
   <div class='ocr_carea' id='block_1_79' title="bbox 1872 3137 3519 3210">
    <p class='ocr_par' dir='ltr' id='par_1_79' title="bbox 1872 3137 3519 3210">
     <span class='ocr_line' id='line_1_79' title="bbox 1872 3137 3519 3210; baseline 0.001 -16"><span class='ocrx_word' id='word_1_524' title='bbox 1872 3139 1984 3194; x_wconf 91' lang='lat' dir='ltr'><strong>Nec</strong></span> <span class='ocrx_word' id='word_1_525' title='bbox 2014 3139 2170 3194; x_wconf 89' lang='lat' dir='ltr'><strong>enim</strong></span> <span class='ocrx_word' id='word_1_526' title='bbox 2207 3137 2531 3193; x_wconf 83' lang='lat' dir='ltr'><strong>naturalem</strong></span> <span class='ocrx_word' id='word_1_527' title='bbox 2552 3138 2940 3194; x_wconf 90' lang='lat' dir='ltr'><strong>humanitatis</strong></span> <span class='ocrx_word' id='word_1_528' title='bbox 2972 3139 3099 3210; x_wconf 89' lang='lat' dir='ltr'><strong>ejus</strong></span> <span class='ocrx_word' id='word_1_529' title='bbox 3129 3138 3519 3207; x_wconf 89' lang='lat' dir='ltr'><strong>voluntatem,</strong></span> 
     </span>
    </p>
   </div>
   <div class='ocr_carea' id='block_1_80' title="bbox 1875 3227 3522 3299">
    <p class='ocr_par' dir='ltr' id='par_1_80' title="bbox 1875 3227 3522 3299">
     <span class='ocr_line' id='line_1_80' title="bbox 1875 3227 3522 3299; baseline 0.001 -17"><span class='ocrx_word' id='word_1_530' title='bbox 1875 3227 2268 3282; x_wconf 89' lang='lat' dir='ltr'><strong>naturalemve</strong></span> <span class='ocrx_word' id='word_1_531' title='bbox 2291 3227 2576 3282; x_wconf 88' lang='lat' dir='ltr'><strong>actionem</strong></span> <span class='ocrx_word' id='word_1_532' title='bbox 2600 3243 2907 3299; x_wconf 88' lang='lat' dir='ltr'><strong>negamus,</strong></span> <span class='ocrx_word' id='word_1_533' title='bbox 2943 3244 3014 3283; x_wconf 91' lang='lat' dir='ltr'><strong>ne</strong></span> <span class='ocrx_word' id='word_1_534' title='bbox 3052 3244 3169 3282; x_wconf 89' lang='lat' dir='ltr'><strong>una</strong></span> <span class='ocrx_word' id='word_1_535' title='bbox 3201 3229 3522 3299; x_wconf 86' lang='lat' dir='ltr'><strong>eademque</strong></span> 
     </span>
    </p>
   </div>
   <div class='ocr_carea' id='block_1_81' title="bbox 1875 3316 3524 3389">
    <p class='ocr_par' dir='ltr' id='par_1_81' title="bbox 1875 3316 3524 3389">
     <span class='ocr_line' id='line_1_81' title="bbox 1875 3316 3524 3389; baseline 0 -17"><span class='ocrx_word' id='word_1_536' title='bbox 1875 3333 2048 3389; x_wconf 85' lang='lat' dir='ltr'><strong>opera</strong></span> <span class='ocrx_word' id='word_1_537' title='bbox 2079 3316 2532 3387; x_wconf 90' lang='lat' dir='ltr'><strong>dispensationis</strong></span> <span class='ocrx_word' id='word_1_538' title='bbox 2566 3316 2776 3372; x_wconf 88' lang='lat' dir='ltr'><strong>salutis</strong></span> <span class='ocrx_word' id='word_1_539' title='bbox 2819 3321 3035 3372; x_wconf 82' lang='lat' dir='ltr'><strong>nostras</strong></span> <span class='ocrx_word' id='word_1_540' title='bbox 3067 3321 3242 3388; x_wconf 86' lang='lat' dir='ltr'><strong>caput</strong></span> <span class='ocrx_word' id='word_1_541' title='bbox 3271 3322 3326 3372; x_wconf 89' lang='lat' dir='ltr'><strong>et</strong></span> <span class='ocrx_word' id='word_1_542' title='bbox 3358 3333 3524 3373; x_wconf 88' lang='lat' dir='ltr'><strong>sum-</strong></span> 
     </span>
    </p>
   </div>
   <div class='ocr_carea' id='block_1_82' title="bbox 1870 3405 3521 3477">
    <p class='ocr_par' dir='ltr' id='par_1_82' title="bbox 1870 3405 3521 3477">
     <span class='ocr_line' id='line_1_82' title="bbox 1870 3405 3521 3477; baseline 0.001 -16"><span class='ocrx_word' id='word_1_543' title='bbox 1870 3422 2024 3461; x_wconf 89' lang='lat' dir='ltr'><strong>mam</strong></span> <span class='ocrx_word' id='word_1_544' title='bbox 2059 3405 2459 3476; x_wconf 88' lang='lat' dir='ltr'><strong>antiquemus,</strong></span> <span class='ocrx_word' id='word_1_545' title='bbox 2519 3409 2578 3461; x_wconf 88' lang='lat' dir='ltr'><strong>et</strong></span> <span class='ocrx_word' id='word_1_546' title='bbox 2631 3405 2925 3461; x_wconf 90' lang='lat' dir='ltr'><strong>Divinitati</strong></span> <span class='ocrx_word' id='word_1_547' title='bbox 2981 3408 3285 3477; x_wconf 84' lang='lat' dir='ltr'><strong>passiones</strong></span> <span class='ocrx_word' id='word_1_548' title='bbox 3343 3410 3521 3463; x_wconf 88' lang='lat' dir='ltr'><strong>ascri-</strong></span> 
     </span>
    </p>
   </div>
   <div class='ocr_carea' id='block_1_83' title="bbox 1868 3494 3518 3567">
    <p class='ocr_par' dir='ltr' id='par_1_83' title="bbox 1868 3494 3518 3567">
     <span class='ocr_line' id='line_1_83' title="bbox 1868 3494 3518 3567; baseline 0.001 -17"><span class='ocrx_word' id='word_1_549' title='bbox 1868 3495 2098 3561; x_wconf 86' lang='lat' dir='ltr'><strong>bamus,</strong></span> <span class='ocrx_word' id='word_1_550' title='bbox 2132 3498 2194 3548; x_wconf 93' lang='lat' dir='ltr'><strong>ut</strong></span> <span class='ocrx_word' id='word_1_551' title='bbox 2224 3498 2486 3549; x_wconf 86' lang='lat' dir='ltr'><strong>astruere</strong></span> <span class='ocrx_word' id='word_1_552' title='bbox 2535 3494 2728 3550; x_wconf 87' lang='lat' dir='ltr'><strong>conati</strong></span> <span class='ocrx_word' id='word_1_553' title='bbox 2758 3499 2898 3550; x_wconf 86' lang='lat' dir='ltr'><strong>sunt</strong></span> <span class='ocrx_word' id='word_1_554' title='bbox 2928 3494 3031 3559; x_wconf 93' lang='lat' dir='ltr'><strong>illi,</strong></span> <span class='ocrx_word' id='word_1_555' title='bbox 3065 3495 3168 3567; x_wconf 89' lang='lat' dir='ltr'><strong>qui</strong></span> <span class='ocrx_word' id='word_1_556' title='bbox 3201 3511 3318 3550; x_wconf 91' lang='lat' dir='ltr'><strong>una</strong></span> <span class='ocrx_word' id='word_1_557' title='bbox 3351 3495 3518 3552; x_wconf 90' lang='lat' dir='ltr'><strong>illum</strong></span> 
     </span>
    </p>
   </div>
   <div class='ocr_carea' id='block_1_84' title="bbox 1869 3583 3520 3656">
    <p class='ocr_par' dir='ltr' id='par_1_84' title="bbox 1869 3583 3520 3656">
     <span class='ocr_line' id='line_1_84' title="bbox 1869 3583 3520 3656; baseline -0.001 -16"><span class='ocrx_word' id='word_1_558' title='bbox 1869 3583 2188 3648; x_wconf 89' lang='lat' dir='ltr'><strong>voluntate,</strong></span> <span class='ocrx_word' id='word_1_559' title='bbox 2217 3599 2453 3655; x_wconf 88' lang='lat' dir='ltr'><strong>unaque</strong></span> <span class='ocrx_word' id='word_1_560' title='bbox 2483 3583 2731 3651; x_wconf 86' lang='lat' dir='ltr'><strong>actione,</strong></span> <span class='ocrx_word' id='word_1_561' title='bbox 2757 3600 2873 3640; x_wconf 88' lang='lat' dir='ltr'><strong>non</strong></span> <span class='ocrx_word' id='word_1_562' title='bbox 2905 3584 3032 3639; x_wconf 90' lang='lat' dir='ltr'><strong>sine</strong></span> <span class='ocrx_word' id='word_1_563' title='bbox 3065 3600 3280 3656; x_wconf 88' lang='lat' dir='ltr'><strong>magna</strong></span> <span class='ocrx_word' id='word_1_564' title='bbox 3310 3584 3520 3655; x_wconf 83' lang='lat' dir='ltr'><strong>impie-</strong></span> 
     </span>
    </p>
   </div>
   <div class='ocr_carea' id='block_1_85' title="bbox 1869 3672 3509 3746">
    <p class='ocr_par' dir='ltr' id='par_1_85' title="bbox 1869 3672 3509 3746">
     <span class='ocr_line' id='line_1_85' title="bbox 1869 3672 3509 3746; baseline -0.002 -16"><span class='ocrx_word' id='word_1_565' title='bbox 1869 3679 2007 3738; x_wconf 85' lang='lat' dir='ltr'><strong>tate.</strong></span> <span class='ocrx_word' id='word_1_566' title='bbox 2042 3690 2240 3730; x_wconf 89' lang='lat' dir='ltr'><strong>recens</strong></span> <span class='ocrx_word' id='word_1_567' title='bbox 2272 3675 2674 3746; x_wconf 81' lang='lat' dir='ltr'><strong>excogitarunt</strong></span> <span class='ocrx_word' id='word_1_568' title='bbox 2706 3675 3070 3746; x_wconf 83' lang='lat' dir='ltr'><strong>impiumque</strong></span> <span class='ocrx_word' id='word_1_569' title='bbox 3102 3674 3243 3742; x_wconf 85' lang='lat' dir='ltr'><strong>Arii,</strong></span> <span class='ocrx_word' id='word_1_570' title='bbox 3286 3672 3509 3743; x_wconf 86' lang='lat' dir='ltr'><strong>Apolli-</strong></span> 
     </span>
    </p>
   </div>
   <div class='ocr_carea' id='block_1_86' title="bbox 1873 3760 3355 3834">
    <p class='ocr_par' dir='ltr' id='par_1_86' title="bbox 1873 3760 3355 3834">
     <span class='ocr_line' id='line_1_86' title="bbox 1873 3760 3355 3834; baseline -0.002 -16"><span class='ocrx_word' id='word_1_571' title='bbox 1873 3763 2044 3827; x_wconf 89' lang='lat' dir='ltr'><strong>narii,</strong></span> <span class='ocrx_word' id='word_1_572' title='bbox 2075 3762 2364 3834; x_wconf 84' lang='lat' dir='ltr'><strong>Eutychis,</strong></span> <span class='ocrx_word' id='word_1_573' title='bbox 2397 3766 2454 3817; x_wconf 89' lang='lat' dir='ltr'><strong>et</strong></span> <span class='ocrx_word' id='word_1_574' title='bbox 2483 3762 2675 3818; x_wconf 91' lang='lat' dir='ltr'><strong>Severi</strong></span> <span class='ocrx_word' id='word_1_575' title='bbox 2711 3762 2951 3817; x_wconf 66' lang='lat' dir='ltr'><strong>basi-eain</strong></span> <span class='ocrx_word' id='word_1_576' title='bbox 2984 3760 3355 3816; x_wconf 88' lang='lat' dir='ltr'><strong>innovarunt.</strong></span> 
     </span>
    </p>
   </div>
   <div class='ocr_carea' id='block_1_87' title="bbox 1945 3849 3515 3908">
    <p class='ocr_par' dir='ltr' id='par_1_87' title="bbox 1945 3849 3515 3908">
     <span class='ocr_line' id='line_1_87' title="bbox 1945 3849 3515 3908; baseline -0.004 1"><span class='ocrx_word' id='word_1_577' title='bbox 1945 3853 2063 3908; x_wconf 89' lang='lat' dir='ltr'><strong>Nos</strong></span> <span class='ocrx_word' id='word_1_578' title='bbox 2116 3855 2308 3906; x_wconf 88' lang='lat' dir='ltr'><strong>autem</strong></span> <span class='ocrx_word' id='word_1_579' title='bbox 2361 3850 2695 3905; x_wconf 66' lang='lat' dir='ltr'><strong>orthodoxae</strong></span> <span class='ocrx_word' id='word_1_580' title='bbox 2753 3849 3136 3904; x_wconf 81' lang='lat' dir='ltr'><strong>confessionis</strong></span> <span class='ocrx_word' id='word_1_581' title='bbox 3194 3851 3515 3904; x_wconf 88' lang='lat' dir='ltr'><strong>assertores</strong></span> 
     </span>
    </p>
   </div>
   <div class='ocr_carea' id='block_1_88' title="bbox 1876 3937 3519 4010">
    <p class='ocr_par' dir='ltr' id='par_1_88' title="bbox 1876 3937 3519 4010">
     <span class='ocr_line' id='line_1_88' title="bbox 1876 3937 3519 4010; baseline -0.003 -12"><span class='ocrx_word' id='word_1_582' title='bbox 1876 3958 2054 3998; x_wconf 90' lang='lat' dir='ltr'><strong>unum</strong></span> <span class='ocrx_word' id='word_1_583' title='bbox 2104 3941 2494 4010; x_wconf 86' lang='lat' dir='ltr'><strong>eumdemque</strong></span> <span class='ocrx_word' id='word_1_584' title='bbox 2568 3939 2864 3993; x_wconf 89' lang='lat' dir='ltr'><strong>Christum</strong></span> <span class='ocrx_word' id='word_1_585' title='bbox 2934 3937 3144 3992; x_wconf 85' lang='lat' dir='ltr'><strong>Filium</strong></span> <span class='ocrx_word' id='word_1_586' title='bbox 3204 3937 3519 3993; x_wconf 88' lang='lat' dir='ltr'><strong>Dominum</strong></span> 
     </span>
    </p>
   </div>
   <div class='ocr_carea' id='block_1_89' title="bbox 1878 4027 3518 4102">
    <p class='ocr_par' dir='ltr' id='par_1_89' title="bbox 1878 4027 3518 4102">
     <span class='ocr_line' id='line_1_89' title="bbox 1878 4027 3518 4102; baseline -0.002 -15"><span class='ocrx_word' id='word_1_587' title='bbox 1878 4031 2247 4102; x_wconf 89' lang='lat' dir='ltr'><strong>unigenitum</strong></span> <span class='ocrx_word' id='word_1_588' title='bbox 2281 4029 2626 4094; x_wconf 85' lang='lat' dir='ltr'><strong>astruimus,</strong></span> <span class='ocrx_word' id='word_1_589' title='bbox 2669 4029 2767 4098; x_wconf 93' lang='lat' dir='ltr'><strong>qui</strong></span> <span class='ocrx_word' id='word_1_590' title='bbox 2801 4028 3032 4082; x_wconf 88' lang='lat' dir='ltr'><strong>duabus</strong></span> <span class='ocrx_word' id='word_1_591' title='bbox 3061 4027 3121 4081; x_wconf 90' lang='lat' dir='ltr'><strong>in</strong></span> <span class='ocrx_word' id='word_1_592' title='bbox 3157 4027 3380 4082; x_wconf 89' lang='lat' dir='ltr'><strong>naturis</strong></span> <span class='ocrx_word' id='word_1_593' title='bbox 3424 4029 3518 4083; x_wconf 82' lang='lat' dir='ltr'><strong>in-</strong></span> 
     </span>
    </p>
   </div>
   <div class='ocr_carea' id='block_1_90' title="bbox 1880 4116 3528 4189">
    <p class='ocr_par' dir='ltr' id='par_1_90' title="bbox 1880 4116 3528 4189">
     <span class='ocr_line' id='line_1_90' title="bbox 1880 4116 3528 4189; baseline -0.002 -13"><span class='ocrx_word' id='word_1_594' title='bbox 1880 4122 2140 4188; x_wconf 80' lang='lat' dir='ltr'><strong>confuse,</strong></span> <span class='ocrx_word' id='word_1_595' title='bbox 2174 4117 2536 4189; x_wconf 86' lang='lat' dir='ltr'><strong>simpliciter,</strong></span> <span class='ocrx_word' id='word_1_596' title='bbox 2569 4116 3060 4188; x_wconf 81' lang='lat' dir='ltr'><strong>inseparabiliter,</strong></span> <span class='ocrx_word' id='word_1_597' title='bbox 3098 4116 3399 4172; x_wconf 79' lang='lat' dir='ltr'><strong>individua</strong></span> <span class='ocrx_word' id='word_1_598' title='bbox 3429 4119 3528 4172; x_wconf 82' lang='lat' dir='ltr'><strong>di-</strong></span> 
     </span>
    </p>
   </div>
   <div class='ocr_carea' id='block_1_91' title="bbox 1881 4205 3529 4283">
    <p class='ocr_par' dir='ltr' id='par_1_91' title="bbox 1881 4205 3529 4283">
     <span class='ocr_line' id='line_1_91' title="bbox 1881 4205 3529 4283; baseline -0.002 -18"><span class='ocrx_word' id='word_1_599' title='bbox 1881 4208 2199 4283; x_wconf 88' lang='lat' dir='ltr'><strong>gnoscitur.</strong></span> <span class='ocrx_word' id='word_1_600' title='bbox 2248 4207 2328 4260; x_wconf 88' lang='lat' dir='ltr'><strong>Ita</strong></span> <span class='ocrx_word' id='word_1_601' title='bbox 2389 4213 2604 4274; x_wconf 89' lang='lat' dir='ltr'><strong>tamen,</strong></span> <span class='ocrx_word' id='word_1_602' title='bbox 2663 4211 2728 4260; x_wconf 90' lang='lat' dir='ltr'><strong>ut</strong></span> <span class='ocrx_word' id='word_1_603' title='bbox 2785 4205 3122 4260; x_wconf 87' lang='lat' dir='ltr'><strong>nullatenus</strong></span> <span class='ocrx_word' id='word_1_604' title='bbox 3181 4211 3529 4262; x_wconf 89' lang='lat' dir='ltr'><strong>naturarum</strong></span> 
     </span>
    </p>
   </div>
   <div class='ocr_carea' id='block_1_92' title="bbox 1883 4294 3536 4368">
    <p class='ocr_par' dir='ltr' id='par_1_92' title="bbox 1883 4294 3536 4368">
     <span class='ocr_line' id='line_1_92' title="bbox 1883 4294 3536 4368; baseline -0.002 -13"><span class='ocrx_word' id='word_1_605' title='bbox 1883 4297 2210 4355; x_wconf 80' lang='lat' dir='ltr'><strong>dili‘erentia</strong></span> <span class='ocrx_word' id='word_1_606' title='bbox 2238 4297 2292 4350; x_wconf 89' lang='lat' dir='ltr'><strong>vi</strong></span> <span class='ocrx_word' id='word_1_607' title='bbox 2324 4294 2758 4364; x_wconf 86' lang='lat' dir='ltr'><strong>conjunctionis</strong></span> <span class='ocrx_word' id='word_1_608' title='bbox 2791 4294 3024 4349; x_wconf 89' lang='lat' dir='ltr'><strong>sublata</strong></span> <span class='ocrx_word' id='word_1_609' title='bbox 3072 4295 3167 4362; x_wconf 86' lang='lat' dir='ltr'><strong>sit,</strong></span> <span class='ocrx_word' id='word_1_610' title='bbox 3191 4295 3310 4351; x_wconf 85' lang='lat' dir='ltr'><strong>imo</strong></span> <span class='ocrx_word' id='word_1_611' title='bbox 3340 4297 3536 4368; x_wconf 87' lang='lat' dir='ltr'><strong>potius</strong></span> 
     </span>
    </p>
   </div>
   <div class='ocr_carea' id='block_1_93' title="bbox 1887 4383 3533 4458">
    <p class='ocr_par' dir='ltr' id='par_1_93' title="bbox 1887 4383 3533 4458">
     <span class='ocr_line' id='line_1_93' title="bbox 1887 4383 3533 4458; baseline -0.002 -14"><span class='ocrx_word' id='word_1_612' title='bbox 1887 4387 2196 4458; x_wconf 89' lang='lat' dir='ltr'><strong>utriusque</strong></span> <span class='ocrx_word' id='word_1_613' title='bbox 2227 4388 2448 4440; x_wconf 73' lang='lat' dir='ltr'><strong>natura:</strong></span> <span class='ocrx_word' id='word_1_614' title='bbox 2483 4383 2803 4454; x_wconf 85' lang='lat' dir='ltr'><strong>preprietas</strong></span> <span class='ocrx_word' id='word_1_615' title='bbox 2849 4383 3075 4455; x_wconf 90' lang='lat' dir='ltr'><strong>integra</strong></span> <span class='ocrx_word' id='word_1_616' title='bbox 3125 4387 3533 4454; x_wconf 87' lang='lat' dir='ltr'><strong>permanserit,</strong></span> 
     </span>
    </p>
   </div>
   <div class='ocr_carea' id='block_1_94' title="bbox 1886 4473 3534 4546">
    <p class='ocr_par' dir='ltr' id='par_1_94' title="bbox 1886 4473 3534 4546">
     <span class='ocr_line' id='line_1_94' title="bbox 1886 4473 3534 4546; baseline -0.001 -13"><span class='ocrx_word' id='word_1_617' title='bbox 1886 4483 1944 4534; x_wconf 91' lang='lat' dir='ltr'><strong>et</strong></span> <span class='ocrx_word' id='word_1_618' title='bbox 1975 4478 2032 4532; x_wconf 91' lang='lat' dir='ltr'><strong>in</strong></span> <span class='ocrx_word' id='word_1_619' title='bbox 2066 4492 2240 4530; x_wconf 86' lang='lat' dir='ltr'><strong>unam</strong></span> <span class='ocrx_word' id='word_1_620' title='bbox 2289 4488 2597 4546; x_wconf 87' lang='lat' dir='ltr'><strong>personam</strong></span> <span class='ocrx_word' id='word_1_621' title='bbox 2649 4488 2940 4545; x_wconf 82' lang='lat' dir='ltr'><strong>unamque</strong></span> <span class='ocrx_word' id='word_1_622' title='bbox 2988 4473 3336 4546; x_wconf 85' lang='lat' dir='ltr'><strong>hypostasin</strong></span> <span class='ocrx_word' id='word_1_623' title='bbox 3397 4491 3534 4532; x_wconf 84' lang='lat' dir='ltr'><strong>con-</strong></span> 
     </span>
    </p>
   </div>
   <div class='ocr_carea' id='block_1_95' title="bbox 1891 4562 3536 4635">
    <p class='ocr_par' dir='ltr' id='par_1_95' title="bbox 1891 4562 3536 4635">
     <span class='ocr_line' id='line_1_95' title="bbox 1891 4562 3536 4635; baseline -0.002 -11"><span class='ocrx_word' id='word_1_624' title='bbox 1891 4566 2174 4624; x_wconf 88' lang='lat' dir='ltr'><strong>currerit:</strong></span> <span class='ocrx_word' id='word_1_625' title='bbox 2209 4579 2324 4619; x_wconf 92' lang='lat' dir='ltr'><strong>non</strong></span> <span class='ocrx_word' id='word_1_626' title='bbox 2355 4566 2420 4618; x_wconf 89' lang='lat' dir='ltr'><strong>ut</strong></span> <span class='ocrx_word' id='word_1_627' title='bbox 2449 4562 2507 4617; x_wconf 92' lang='lat' dir='ltr'><strong>in</strong></span> <span class='ocrx_word' id='word_1_628' title='bbox 2540 4562 2690 4616; x_wconf 89' lang='lat' dir='ltr'><strong>duas</strong></span> <span class='ocrx_word' id='word_1_629' title='bbox 2721 4577 3001 4634; x_wconf 89' lang='lat' dir='ltr'><strong>personas</strong></span> <span class='ocrx_word' id='word_1_630' title='bbox 3046 4563 3417 4635; x_wconf 89' lang='lat' dir='ltr'><strong>partitionem</strong></span> <span class='ocrx_word' id='word_1_631' title='bbox 3446 4566 3536 4622; x_wconf 88' lang='lat' dir='ltr'><strong>di-</strong></span> 
     </span>
    </p>
   </div>
   <div class='ocr_carea' id='block_1_96' title="bbox 1818 4629 3536 4724">
    <p class='ocr_par' dir='ltr' id='par_1_96' title="bbox 1818 4629 3536 4724">
     <span class='ocr_line' id='line_1_96' title="bbox 1818 4629 3536 4724; baseline -0.001 -13"><span class='ocrx_word' id='word_1_632' title='bbox 1818 4629 2239 4712; x_wconf 80' lang='lat' dir='ltr'><strong>Dvisionemve</strong></span> <span class='ocrx_word' id='word_1_633' title='bbox 2274 4651 2598 4719; x_wconf 88' lang='lat' dir='ltr'><strong>admiserit,</strong></span> <span class='ocrx_word' id='word_1_634' title='bbox 2656 4652 2757 4707; x_wconf 91' lang='lat' dir='ltr'><strong>sed</strong></span> <span class='ocrx_word' id='word_1_635' title='bbox 2814 4668 2967 4707; x_wconf 92' lang='lat' dir='ltr'><strong>unus</strong></span> <span class='ocrx_word' id='word_1_636' title='bbox 3022 4651 3296 4724; x_wconf 88' lang='lat' dir='ltr'><strong>idemque</strong></span> <span class='ocrx_word' id='word_1_637' title='bbox 3355 4653 3536 4710; x_wconf 81' lang='lat' dir='ltr'><strong>Filius</strong></span> 
     </span>
    </p>
   </div>
   <div class='ocr_carea' id='block_1_97' title="bbox 1892 4740 3537 4816">
    <p class='ocr_par' dir='ltr' id='par_1_97' title="bbox 1892 4740 3537 4816">
     <span class='ocr_line' id='line_1_97' title="bbox 1892 4740 3537 4816; baseline -0.001 -16"><span class='ocrx_word' id='word_1_638' title='bbox 1892 4743 2254 4816; x_wconf 86' lang='lat' dir='ltr'><strong>unigenitus,</strong></span> <span class='ocrx_word' id='word_1_639' title='bbox 2278 4741 2429 4798; x_wconf 89' lang='lat' dir='ltr'><strong>Deus</strong></span> <span class='ocrx_word' id='word_1_640' title='bbox 2451 4740 2732 4812; x_wconf 88' lang='lat' dir='ltr'><strong>Verbum,</strong></span> <span class='ocrx_word' id='word_1_641' title='bbox 2764 4741 3048 4798; x_wconf 88' lang='lat' dir='ltr'><strong>Dominus</strong></span> <span class='ocrx_word' id='word_1_642' title='bbox 3073 4746 3246 4798; x_wconf 87' lang='lat' dir='ltr'><strong>Jesus</strong></span> <span class='ocrx_word' id='word_1_643' title='bbox 3269 4743 3537 4800; x_wconf 86' lang='lat' dir='ltr'><strong>Christus</strong></span> 
     </span>
    </p>
   </div>
   <div class='ocr_carea' id='block_1_98' title="bbox 1891 4831 3540 4908">
    <p class='ocr_par' dir='ltr' id='par_1_98' title="bbox 1891 4831 3540 4908">
     <span class='ocr_line' id='line_1_98' title="bbox 1891 4831 3540 4908; baseline -0.002 -18"><span class='ocrx_word' id='word_1_644' title='bbox 1891 4831 2345 4908; x_wconf 70' lang='lat' dir='ltr'><strong>perseveraverit</strong></span> <span class='ocrx_word' id='word_1_645' title='bbox 2374 4848 2388 4887; x_wconf 89' lang='lat'><strong>:</strong></span> <span class='ocrx_word' id='word_1_646' title='bbox 2423 4832 2920 4903; x_wconf 90' lang='lat' dir='ltr'><strong>quemadmodum</strong></span> <span class='ocrx_word' id='word_1_647' title='bbox 2954 4832 3356 4905; x_wconf 85' lang='lat' dir='ltr'><strong>superioribus</strong></span> <span class='ocrx_word' id='word_1_648' title='bbox 3389 4837 3540 4887; x_wconf 83' lang='lat' dir='ltr'><strong>tem-</strong></span> 
     </span>
    </p>
   </div>
   <div class='ocr_carea' id='block_1_99' title="bbox 1894 4921 3542 4997">
    <p class='ocr_par' dir='ltr' id='par_1_99' title="bbox 1894 4921 3542 4997">
     <span class='ocr_line' id='line_1_99' title="bbox 1894 4921 3542 4997; baseline -0.002 -18"><span class='ocrx_word' id='word_1_649' title='bbox 1894 4925 2133 4997; x_wconf 89' lang='lat' dir='ltr'><strong>poribus</strong></span> <span class='ocrx_word' id='word_1_650' title='bbox 2164 4921 2452 4995; x_wconf 69' lang='lat' dir='ltr'><strong>prophelrs</strong></span> <span class='ocrx_word' id='word_1_651' title='bbox 2500 4921 2570 4976; x_wconf 90' lang='lat' dir='ltr'><strong>de</strong></span> <span class='ocrx_word' id='word_1_652' title='bbox 2617 4921 2745 4992; x_wconf 88' lang='lat' dir='ltr'><strong>ipso</strong></span> <span class='ocrx_word' id='word_1_653' title='bbox 2777 4921 3074 4977; x_wconf 86' lang='lat' dir='ltr'><strong>vaticinati</strong></span> <span class='ocrx_word' id='word_1_654' title='bbox 3118 4927 3278 4989; x_wconf 88' lang='lat' dir='ltr'><strong>sunt,</strong></span> <span class='ocrx_word' id='word_1_655' title='bbox 3304 4923 3542 4992; x_wconf 85' lang='lat' dir='ltr'><strong>ipseque</strong></span> 
     </span>
    </p>
   </div>
   <div class='ocr_carea' id='block_1_100' title="bbox 1895 5009 3542 5079">
    <p class='ocr_par' dir='ltr' id='par_1_100' title="bbox 1895 5009 3542 5079">
     <span class='ocr_line' id='line_1_100' title="bbox 1895 5009 3542 5079; baseline -0.004 -9"><span class='ocrx_word' id='word_1_656' title='bbox 1895 5015 2036 5070; x_wconf 91' lang='lat' dir='ltr'><strong>adeo</strong></span> <span class='ocrx_word' id='word_1_657' title='bbox 2067 5012 2238 5068; x_wconf 90' lang='lat' dir='ltr'><strong>Jesus</strong></span> <span class='ocrx_word' id='word_1_658' title='bbox 2271 5010 2538 5066; x_wconf 89' lang='lat' dir='ltr'><strong>Christus</strong></span> <span class='ocrx_word' id='word_1_659' title='bbox 2568 5025 2674 5064; x_wconf 91' lang='lat' dir='ltr'><strong>nos</strong></span> <span class='ocrx_word' id='word_1_660' title='bbox 2703 5010 2921 5075; x_wconf 82' lang='lat' dir='ltr'><strong>docuit,</strong></span> <span class='ocrx_word' id='word_1_661' title='bbox 2956 5014 3405 5079; x_wconf 88' lang='lat' dir='ltr'><strong>sanctorumque</strong></span> <span class='ocrx_word' id='word_1_662' title='bbox 3433 5009 3542 5064; x_wconf 87' lang='lat' dir='ltr'><strong>Pa-</strong></span> 
     </span>
    </p>
   </div>
   <div class='ocr_carea' id='block_1_101' title="bbox 1895 5097 3543 5173">
    <p class='ocr_par' dir='ltr' id='par_1_101' title="bbox 1895 5097 3543 5173">
     <span class='ocr_line' id='line_1_101' title="bbox 1895 5097 3543 5173; baseline -0.005 -14"><span class='ocrx_word' id='word_1_663' title='bbox 1895 5109 2052 5160; x_wconf 89' lang='lat' dir='ltr'><strong>trum</strong></span> <span class='ocrx_word' id='word_1_664' title='bbox 2084 5099 2414 5173; x_wconf 85' lang='lat' dir='ltr'><strong>symbolum</strong></span> <span class='ocrx_word' id='word_1_665' title='bbox 2446 5098 2616 5154; x_wconf 90' lang='lat' dir='ltr'><strong>nobis</strong></span> <span class='ocrx_word' id='word_1_666' title='bbox 2667 5101 2838 5168; x_wconf 90' lang='lat' dir='ltr'><strong>quasi</strong></span> <span class='ocrx_word' id='word_1_667' title='bbox 2886 5113 2990 5169; x_wconf 90' lang='lat' dir='ltr'><strong>per</strong></span> <span class='ocrx_word' id='word_1_668' title='bbox 3037 5114 3247 5153; x_wconf 87' lang='lat' dir='ltr'><strong>manus</strong></span> <span class='ocrx_word' id='word_1_669' title='bbox 3280 5097 3543 5162; x_wconf 78' lang='lat' dir='ltr'><strong>tradidit,</strong></span> 
     </span>
    </p>
   </div>
   <div class='ocr_carea' id='block_1_102' title="bbox 1898 5185 3547 5257">
    <p class='ocr_par' dir='ltr' id='par_1_102' title="bbox 1898 5185 3547 5257">
     <span class='ocr_line' id='line_1_102' title="bbox 1898 5185 3547 5257; baseline -0.004 -9"><span class='ocrx_word' id='word_1_670' title='bbox 1898 5199 2051 5248; x_wconf 87' lang='lat' dir='ltr'><strong>Duas</strong></span> <span class='ocrx_word' id='word_1_671' title='bbox 2084 5193 2140 5247; x_wconf 91' lang='lat' dir='ltr'><strong>in</strong></span> <span class='ocrx_word' id='word_1_672' title='bbox 2174 5191 2374 5245; x_wconf 89' lang='lat' dir='ltr'><strong>eodem</strong></span> <span class='ocrx_word' id='word_1_673' title='bbox 2405 5186 2737 5255; x_wconf 89' lang='lat' dir='ltr'><strong>volitiones,</strong></span> <span class='ocrx_word' id='word_1_674' title='bbox 2763 5203 2864 5242; x_wconf 90' lang='lat' dir='ltr'><strong>seu</strong></span> <span class='ocrx_word' id='word_1_675' title='bbox 2897 5185 3248 5252; x_wconf 89' lang='lat' dir='ltr'><strong>voluntates,</strong></span> <span class='ocrx_word' id='word_1_676' title='bbox 3280 5187 3547 5257; x_wconf 83' lang='lat' dir='ltr'><strong>duasque</strong></span> 
     </span>
    </p>
   </div>
   <div class='ocr_carea' id='block_1_103' title="bbox 1899 5274 3545 5347">
    <p class='ocr_par' dir='ltr' id='par_1_103' title="bbox 1899 5274 3545 5347">
     <span class='ocr_line' id='line_1_103' title="bbox 1899 5274 3545 5347; baseline -0.005 -8"><span class='ocrx_word' id='word_1_677' title='bbox 1899 5283 2175 5347; x_wconf 91' lang='lat' dir='ltr'><strong>actiones,</strong></span> <span class='ocrx_word' id='word_1_678' title='bbox 2209 5278 2353 5333; x_wconf 85' lang='lat' dir='ltr'><strong>citra</strong></span> <span class='ocrx_word' id='word_1_679' title='bbox 2411 5275 2779 5342; x_wconf 88' lang='lat' dir='ltr'><strong>divisionem,</strong></span> <span class='ocrx_word' id='word_1_680' title='bbox 2832 5274 3234 5341; x_wconf 85' lang='lat' dir='ltr'><strong>mutationem,</strong></span> <span class='ocrx_word' id='word_1_681' title='bbox 3282 5275 3545 5345; x_wconf 88' lang='lat' dir='ltr'><strong>partitio-</strong></span> 
     </span>
    </p>
   </div>
   <div class='ocr_carea' id='block_1_104' title="bbox 1900 5365 3547 5437">
    <p class='ocr_par' dir='ltr' id='par_1_104' title="bbox 1900 5365 3547 5437">
     <span class='ocr_line' id='line_1_104' title="bbox 1900 5365 3547 5437; baseline -0.004 -11"><span class='ocrx_word' id='word_1_682' title='bbox 1900 5387 2053 5437; x_wconf 90' lang='lat' dir='ltr'><strong>nem,</strong></span> <span class='ocrx_word' id='word_1_683' title='bbox 2115 5368 2637 5436; x_wconf 83' lang='lat' dir='ltr'><strong>confusionemque</strong></span> <span class='ocrx_word' id='word_1_684' title='bbox 2699 5381 2765 5419; x_wconf 84' lang='lat' dir='ltr'><strong>ex</strong></span> <span class='ocrx_word' id='word_1_685' title='bbox 2827 5369 3158 5420; x_wconf 90' lang='lat' dir='ltr'><strong>sanctorum</strong></span> <span class='ocrx_word' id='word_1_686' title='bbox 3213 5365 3547 5437; x_wconf 70' lang='lat' dir='ltr'><strong>praiscripto</strong></span> 
     </span>
    </p>
   </div>
   <div class='ocr_carea' id='block_1_105' title="bbox 1901 5453 3549 5528">
    <p class='ocr_par' dir='ltr' id='par_1_105' title="bbox 1901 5453 3549 5528">
     <span class='ocr_line' id='line_1_105' title="bbox 1901 5453 3549 5528; baseline -0.004 -12"><span class='ocrx_word' id='word_1_687' title='bbox 1901 5464 2142 5516; x_wconf 89' lang='lat' dir='ltr'><strong>Patrum</strong></span> <span class='ocrx_word' id='word_1_688' title='bbox 2176 5453 3549 5528; x_wconf 64' lang='lat' dir='ltr'><strong>pradicamusmaturales,inQuam,vcluntates,</strong></span> 
     </span>
    </p>
   </div>
   <div class='ocr_carea' id='block_1_106' title="bbox 1903 5537 3557 5620">
    <p class='ocr_par' dir='ltr' id='par_1_106' title="bbox 1903 5537 3557 5620">
     <span class='ocr_line' id='line_1_106' title="bbox 1903 5537 3557 5620; baseline -0.005 -10"><span class='ocrx_word' id='word_1_689' title='bbox 1903 5570 2018 5610; x_wconf 90' lang='lat' dir='ltr'><strong>non</strong></span> <span class='ocrx_word' id='word_1_690' title='bbox 2051 5551 2402 5616; x_wconf 87' lang='lat' dir='ltr'><strong>contrarias,</strong></span> <span class='ocrx_word' id='word_1_691' title='bbox 2435 5546 2929 5620; x_wconf 89' lang='lat' dir='ltr'><strong>quemadmodum</strong></span> <span class='ocrx_word' id='word_1_692' title='bbox 2969 5545 3132 5616; x_wconf 89' lang='lat' dir='ltr'><strong>impii</strong></span> <span class='ocrx_word' id='word_1_693' title='bbox 3183 5537 3557 5609; x_wconf 62' lang='lat' dir='ltr'><strong>astruxeruni</strong></span> 
     </span>
    </p>
   </div>
   <div class='ocr_carea' id='block_1_107' title="bbox 90 4835 1783 4909">
    <p class='ocr_par' dir='ltr' id='par_1_107' title="bbox 90 4835 1783 4909">
     <span class='ocr_line' id='line_1_107' title="bbox 90 4835 1783 4909; baseline 0 -14"><span class='ocrx_word' id='word_1_694' title='bbox 90 4841 171 4895; x_wconf 85' lang='lat' dir='ltr'><strong>in</strong></span> <span class='ocrx_word' id='word_1_695' title='bbox 214 4837 456 4895; x_wconf 88' lang='lat' dir='ltr'><strong>naturis</strong></span> <span class='ocrx_word' id='word_1_696' title='bbox 509 4837 781 4909; x_wconf 83' lang='lat' dir='ltr'><strong>perfectis</strong></span> <span class='ocrx_word' id='word_1_697' title='bbox 828 4835 1133 4892; x_wconf 83' lang='lat' dir='ltr'><strong>elucescat.</strong></span> <span class='ocrx_word' id='word_1_698' title='bbox 1176 4836 1450 4901; x_wconf 86' lang='lat' dir='ltr'><strong>Quamvis</strong></span> <span class='ocrx_word' id='word_1_699' title='bbox 1481 4837 1633 4893; x_wconf 90' lang='lat' dir='ltr'><strong>enim</strong></span> <span class='ocrx_word' id='word_1_700' title='bbox 1666 4856 1783 4895; x_wconf 90' lang='lat' dir='ltr'><strong>una</strong></span> 
     </span>
    </p>
   </div>
   <div class='ocr_carea' id='block_1_108' title="bbox 89 4925 1784 4997">
    <p class='ocr_par' dir='ltr' id='par_1_108' title="bbox 89 4925 1784 4997">
     <span class='ocr_line' id='line_1_108' title="bbox 89 4925 1784 4997; baseline -0.001 -13"><span class='ocrx_word' id='word_1_701' title='bbox 89 4936 341 4984; x_wconf 67' lang='lat' dir='ltr'><strong>sanctae</strong></span> <span class='ocrx_word' id='word_1_702' title='bbox 374 4927 683 4982; x_wconf 88' lang='lat' dir='ltr'><strong>Trinitatis</strong></span> <span class='ocrx_word' id='word_1_703' title='bbox 708 4942 956 4997; x_wconf 76' lang='lat' dir='ltr'><strong>persona</strong></span> <span class='ocrx_word' id='word_1_704' title='bbox 982 4933 1153 4994; x_wconf 89' lang='lat' dir='ltr'><strong>esset,</strong></span> <span class='ocrx_word' id='word_1_705' title='bbox 1190 4925 1410 4982; x_wconf 88' lang='lat' dir='ltr'><strong>mansit</strong></span> <span class='ocrx_word' id='word_1_706' title='bbox 1438 4929 1661 4995; x_wconf 88' lang='lat' dir='ltr'><strong>tamen,</strong></span> <span class='ocrx_word' id='word_1_707' title='bbox 1693 4927 1784 4983; x_wconf 90' lang='lat' dir='ltr'><strong>vel</strong></span> 
     </span>
    </p>
   </div>
   <div class='ocr_carea' id='block_1_109' title="bbox 86 5015 1788 5086">
    <p class='ocr_par' dir='ltr' id='par_1_109' title="bbox 86 5015 1788 5086">
     <span class='ocr_line' id='line_1_109' title="bbox 86 5015 1788 5086; baseline -0.001 -11"><span class='ocrx_word' id='word_1_708' title='bbox 86 5034 255 5075; x_wconf 86' lang='lat' dir='ltr'><strong>cum</strong></span> <span class='ocrx_word' id='word_1_709' title='bbox 289 5015 550 5072; x_wconf 89' lang='lat' dir='ltr'><strong>Verbum</strong></span> <span class='ocrx_word' id='word_1_710' title='bbox 607 5032 741 5070; x_wconf 78' lang='lat' dir='ltr'><strong>caro</strong></span> <span class='ocrx_word' id='word_1_711' title='bbox 793 5017 1010 5070; x_wconf 87' lang='lat' dir='ltr'><strong>factum</strong></span> <span class='ocrx_word' id='word_1_712' title='bbox 1049 5023 1158 5084; x_wconf 89' lang='lat' dir='ltr'><strong>est,</strong></span> <span class='ocrx_word' id='word_1_713' title='bbox 1192 5016 1484 5086; x_wconf 79' lang='lat' dir='ltr'><strong>perfectus</strong></span> <span class='ocrx_word' id='word_1_714' title='bbox 1541 5019 1598 5072; x_wconf 91' lang='lat' dir='ltr'><strong>in</strong></span> <span class='ocrx_word' id='word_1_715' title='bbox 1631 5017 1788 5073; x_wconf 87' lang='lat' dir='ltr'><strong>Divi-</strong></span> 
     </span>
    </p>
   </div>
   <div class='ocr_carea' id='block_1_110' title="bbox 82 5105 1785 5178">
    <p class='ocr_par' dir='ltr' id='par_1_110' title="bbox 82 5105 1785 5178">
     <span class='ocr_line' id='line_1_110' title="bbox 82 5105 1785 5178; baseline -0.001 -13"><span class='ocrx_word' id='word_1_716' title='bbox 82 5108 334 5172; x_wconf 84' lang='lat' dir='ltr'><strong>nitate,</strong></span> <span class='ocrx_word' id='word_1_717' title='bbox 369 5106 651 5178; x_wconf 89' lang='lat' dir='ltr'><strong>idemque</strong></span> <span class='ocrx_word' id='word_1_718' title='bbox 683 5106 976 5177; x_wconf 84' lang='lat' dir='ltr'><strong>perfectus</strong></span> <span class='ocrx_word' id='word_1_719' title='bbox 1008 5107 1068 5161; x_wconf 89' lang='lat' dir='ltr'><strong>in</strong></span> <span class='ocrx_word' id='word_1_720' title='bbox 1118 5105 1484 5163; x_wconf 89' lang='lat' dir='ltr'><strong>humanitate</strong></span> <span class='ocrx_word' id='word_1_721' title='bbox 1519 5125 1532 5163; x_wconf 90' lang='lat'><strong>:</strong></span> <span class='ocrx_word' id='word_1_722' title='bbox 1569 5108 1785 5164; x_wconf 84' lang='lat' dir='ltr'><strong>Divini-</strong></span> 
     </span>
    </p>
   </div>
   <div class='ocr_carea' id='block_1_111' title="bbox 80 5193 1790 5267">
    <p class='ocr_par' dir='ltr' id='par_1_111' title="bbox 80 5193 1790 5267">
     <span class='ocr_line' id='line_1_111' title="bbox 80 5193 1790 5267; baseline 0.001 -17"><span class='ocrx_word' id='word_1_723' title='bbox 80 5200 237 5252; x_wconf 85' lang='lat' dir='ltr'><strong>tate</strong></span> <span class='ocrx_word' id='word_1_724' title='bbox 275 5195 522 5265; x_wconf 89' lang='lat' dir='ltr'><strong>quidem</strong></span> <span class='ocrx_word' id='word_1_725' title='bbox 558 5199 670 5248; x_wconf 89' lang='lat' dir='ltr'><strong>Deo</strong></span> <span class='ocrx_word' id='word_1_726' title='bbox 721 5193 874 5248; x_wconf 90' lang='lat' dir='ltr'><strong>Patri</strong></span> <span class='ocrx_word' id='word_1_727' title='bbox 927 5193 1468 5260; x_wconf 87' lang='lat' dir='ltr'><strong>consubstantialis,</strong></span> <span class='ocrx_word' id='word_1_728' title='bbox 1514 5197 1790 5267; x_wconf 88' lang='lat' dir='ltr'><strong>idemque</strong></span> 
     </span>
    </p>
   </div>
   <div class='ocr_carea' id='block_1_112' title="bbox 85 5281 1787 5355">
    <p class='ocr_par' dir='ltr' id='par_1_112' title="bbox 85 5281 1787 5355">
     <span class='ocr_line' id='line_1_112' title="bbox 85 5281 1787 5355; baseline -0.001 -14"><span class='ocrx_word' id='word_1_729' title='bbox 85 5282 303 5342; x_wconf 82' lang='lat' dir='ltr'><strong>nobis</strong></span> <span class='ocrx_word' id='word_1_730' title='bbox 332 5282 699 5337; x_wconf 86' lang='lat' dir='ltr'><strong>humanitate</strong></span> <span class='ocrx_word' id='word_1_731' title='bbox 724 5281 1246 5337; x_wconf 87' lang='lat' dir='ltr'><strong>consubstantialis</strong></span> <span class='ocrx_word' id='word_1_732' title='bbox 1273 5298 1286 5337; x_wconf 87' lang='lat'><strong>:</strong></span> <span class='ocrx_word' id='word_1_733' title='bbox 1314 5283 1574 5353; x_wconf 87' lang='lat' dir='ltr'><strong>patibilis</strong></span> <span class='ocrx_word' id='word_1_734' title='bbox 1595 5301 1787 5355; x_wconf 89' lang='lat' dir='ltr'><strong>carne,</strong></span> 
     </span>
    </p>
   </div>
   <div class='ocr_carea' id='block_1_113' title="bbox 80 5370 1788 5444">
    <p class='ocr_par' dir='ltr' id='par_1_113' title="bbox 80 5370 1788 5444">
     <span class='ocr_line' id='line_1_113' title="bbox 80 5370 1788 5444; baseline -0.001 -13"><span class='ocrx_word' id='word_1_735' title='bbox 80 5371 484 5444; x_wconf 84' lang='lat' dir='ltr'><strong>impatibilis</strong></span> <span class='ocrx_word' id='word_1_736' title='bbox 515 5371 853 5427; x_wconf 86' lang='lat' dir='ltr'><strong>Divinitate.</strong></span> <span class='ocrx_word' id='word_1_737' title='bbox 905 5370 1067 5427; x_wconf 90' lang='lat' dir='ltr'><strong>Unde</strong></span> <span class='ocrx_word' id='word_1_738' title='bbox 1121 5371 1202 5434; x_wconf 83' lang='lat' dir='ltr'><strong>ﬁt,</strong></span> <span class='ocrx_word' id='word_1_739' title='bbox 1238 5376 1303 5425; x_wconf 93' lang='lat' dir='ltr'><strong>ut</strong></span> <span class='ocrx_word' id='word_1_740' title='bbox 1358 5370 1454 5425; x_wconf 89' lang='lat' dir='ltr'><strong>alii</strong></span> <span class='ocrx_word' id='word_1_741' title='bbox 1488 5373 1788 5442; x_wconf 85' lang='lat' dir='ltr'><strong>miracula,</strong></span> 
     </span>
    </p>
   </div>
   <div class='ocr_carea' id='block_1_114' title="bbox 82 5459 1789 5534">
    <p class='ocr_par' dir='ltr' id='par_1_114' title="bbox 82 5459 1789 5534">
     <span class='ocr_line' id='line_1_114' title="bbox 82 5459 1789 5534; baseline -0.002 -13"><span class='ocrx_word' id='word_1_742' title='bbox 82 5468 168 5521; x_wconf 81' lang='lat' dir='ltr'><strong>et</strong></span> <span class='ocrx_word' id='word_1_743' title='bbox 203 5460 318 5516; x_wconf 86' lang='lat' dir='ltr'><strong>alii</strong></span> <span class='ocrx_word' id='word_1_744' title='bbox 356 5461 666 5531; x_wconf 89' lang='lat' dir='ltr'><strong>passiones</strong></span> <span class='ocrx_word' id='word_1_745' title='bbox 698 5478 814 5516; x_wconf 92' lang='lat' dir='ltr'><strong>non</strong></span> <span class='ocrx_word' id='word_1_746' title='bbox 880 5459 1348 5515; x_wconf 86' lang='lat' dir='ltr'><strong>distribuamus:</strong></span> <span class='ocrx_word' id='word_1_747' title='bbox 1377 5462 1477 5515; x_wconf 91' lang='lat' dir='ltr'><strong>sed</strong></span> <span class='ocrx_word' id='word_1_748' title='bbox 1511 5465 1789 5534; x_wconf 86' lang='lat' dir='ltr'><strong>tanquam</strong></span> 
     </span>
    </p>
   </div>
   <div class='ocr_carea' id='block_1_115' title="bbox 77 5549 1793 5624">
    <p class='ocr_par' dir='ltr' id='par_1_115' title="bbox 77 5549 1793 5624">
     <span class='ocr_line' id='line_1_115' title="bbox 77 5549 1793 5624; baseline -0.002 -13"><span class='ocrx_word' id='word_1_749' title='bbox 77 5551 215 5611; x_wconf 86' lang='lat' dir='ltr'><strong>uni</strong></span> <span class='ocrx_word' id='word_1_750' title='bbox 256 5550 575 5624; x_wconf 85' lang='lat' dir='ltr'><strong>eidemque</strong></span> <span class='ocrx_word' id='word_1_751' title='bbox 613 5550 860 5608; x_wconf 88' lang='lat' dir='ltr'><strong>Domino</strong></span> <span class='ocrx_word' id='word_1_752' title='bbox 894 5554 1092 5608; x_wconf 88' lang='lat' dir='ltr'><strong>nostro</strong></span> <span class='ocrx_word' id='word_1_753' title='bbox 1122 5549 1262 5606; x_wconf 85' lang='lat' dir='ltr'><strong>Jesu</strong></span> <span class='ocrx_word' id='word_1_754' title='bbox 1302 5550 1530 5606; x_wconf 87' lang='lat' dir='ltr'><strong>Christo</strong></span> <span class='ocrx_word' id='word_1_755' title='bbox 1560 5555 1793 5608; x_wconf 88' lang='lat' dir='ltr'><strong>utrum-</strong></span> 
     </span>
    </p>
   </div>
   <div class='ocr_carea' id='block_1_116' title="bbox 185 5709 687 5776">
    <p class='ocr_par' dir='ltr' id='par_1_116' title="bbox 185 5709 687 5776">
     <span class='ocr_line' id='line_1_116' title="bbox 185 5709 687 5776; baseline -0.008 -8"><span class='ocrx_word' id='word_1_756' title='bbox 185 5709 210 5746; x_wconf 81' lang='grc'>⁸</span> <span class='ocrx_word' id='word_1_757' title='bbox 249 5709 278 5767; x_wconf 91' lang='lat' dir='ltr'><strong>I</strong></span> <span class='ocrx_word' id='word_1_758' title='bbox 309 5709 441 5768; x_wconf 88' lang='lat' dir='ltr'><strong>Cor.</strong></span> <span class='ocrx_word' id='word_1_759' title='bbox 474 5724 569 5776; x_wconf 80' lang='lat' dir='ltr'><strong>xv,</strong></span> <span class='ocrx_word' id='word_1_760' title='bbox 596 5709 687 5765; x_wconf 89' lang='lat'><strong>53.</strong></span> 
     </span>
    </p>
   </div>
  </div>
