4066 6208
412 357 565 420 “67
1723 330 2031 392 NICETE
2073 329 2097 390 (

2217 327 2491 390 *NIATIE
3693 315 3849 377 1168

409 489 692 559 heretici,
719 481 908 542 absit!
944 478 1049 536 sed
1099 474 1512 545 obsequentem
1554 467 1684 539 ejus
1742 465 2065 521 humanam
2099 471 2150 534 Α
2181 461 2466 534 captionis
2501 461 2800 559 momento
2829 456 2890 511 in
2921 459 3143 559 tantam
3177 453 3452 559 coierunt
3467 449 3856 550 conjunctio-

414 541 798 639 voluntatem,
829 577 888 628 at
917 585 1030 625 non
1093 541 1461 620 resistentem
1513 564 1610 614 aut
1664 554 2067 619 reluctantem,
2173 565 2326 616 nem,
2363 553 2426 604 ut
2458 565 2532 604 ne
2562 547 2836 603 humanae
2870 544 3108 617 quidem
3137 559 3230 598 res
3263 542 3391 597 sine
3420 541 3624 595 divina
3656 554 3852 594 essen-

419 631 761 740 im-o-p'otius
787 631 1046 722 Idivina,
1079 655 1208 726 ejus
1257 655 1314 707 et
1361 644 1750 718 omnipotenti
1781 641 2070 699 voluntati
2173 639 2259 696 tia
2284 639 2488 694 ﬁerent
2523 654 2536 692 :
2572 638 2670 693 sed
2701 641 2949 707 utraque
2981 639 3195 732 natura
3257 647 3390 686 cum
3424 631 3859 740 alteriusncom-

421 715 795 827 miivri‘geram.
826 715 1128 819 Siquidem
1161 759 1267 814 par
1310 745 1451 806 erat,
1485 715 1546 790 ut
1578 733 1773 791 carnis
1802 731 2070 788 voluntas
2178 727 2460 782 munione
2507 742 2575 782 ea
2624 741 2756 797 quae
2785 724 2898 780 sibi
2968 721 3205 794 propria
3263 724 3454 788 erant,
3507 723 3563 772 et
3595 715 3772 772 vellet
3799 723 3851 771 et

1601 825 1609 827 -
1960 824 1967 827 .
2359 821 2367 827 .
2436 818 2468 827 Α
2596 815 2607 826 .
2762 813 2778 827 .
2987 813 3021 827 ..
3239 814 3250 827 ,
3490 805 3830 827 _A,___,A,A_

424 805 747 905 moveti'eter
780 857 794 909 ;
827 805 1038 894 divinas
1077 805 1273 888 tamen
1323 825 1615 883 voluntati
1661 822 2071 893 subjiceretur,
2179 821 2399 888 ageret.
2432 815 2714 882 Quocirca
2746 813 2898 868 duas
2947 813 3125 868 etiam
3157 809 3458 866 naturales
3490 805 3853 874 voluntates,

427 893 994 1006 utvsapientissimus
1025 923 1123 978 ille
1153 918 1360 977 scribit
1389 909 2074 976 Albanasius.Quemad-
2179 906 2543 980 totidemque
2589 905 2850 960 actiones
2891 903 2964 957 ad
3021 899 3265 957 humani
3316 897 3552 971 generis
3605 893 3852 952 salutem

428 991 672 1082 modum
704 1019 862 1077 enim
916 1031 1050 1072 caro
1099 1012 1229 1083 ejus
1289 1024 1422 1064 caro
1481 1004 1583 1061 Dei
1637 1003 1852 1058 dicitur
1881 1005 1937 1056 et
1964 1003 2077 1064 est,
2183 1015 2299 1054 una
2332 996 2702 1053 concurrisse
2722 993 3271 1057 asserimus.Quare
3307 1007 3440 1046 cum
3471 992 3627 1046 beati
3661 991 3858 1046 Patres

2183 1087 2305 1143 haec
2337 1088 2416 1142 ita
2447 1101 2682 1142 summo
2711 1101 2845 1139 cum
2896 1081 3097 1138 studio
3127 1087 3182 1135 et
3235 1079 3546 1151 diligentia
3600 1080 3858 1150 undique

2185 1174 2588 1248 congesserint
2619 1178 2680 1230 et
2742 1171 3162 1244 expresserim,
3221 1186 3327 1241 par
3377 1173 3492 1235 est,
3544 1173 3612 1223 nt
3663 1167 3858 1222 nullus

2186 1265 2357 1321 aliter
2389 1265 2663 1336 proferat,
2719 1267 2823 1317 aut
2873 1260 3116 1327 scribat,
3174 1266 3270 1313 aut
3321 1258 3565 1323 sentiat,
3603 1262 3709 1312 aut
3759 1258 3858 1311 dc-

2189 1361 2350 1411 ceat:
2385 1355 2503 1409 imo
2554 1368 2690 1408 vero
2724 1366 2797 1406 ne
2827 1351 3122 1405 diversum
3169 1348 3402 1419 quidem
3457 1348 3530 1402 ab
3578 1347 3690 1402 hoc
3736 1346 3860 1400 ﬁdei

2191 1442 2526 1516 symbolum
2558 1441 2632 1496 iis
2661 1441 2976 1511 proponat,
3039 1436 3140 1508 qui
3188 1435 3276 1491 vel
3308 1450 3376 1491 ex
3426 1435 3734 1507 gentibus,
3780 1435 3861 1490 vel

2191 1550 2261 1591 ex
2285 1531 2525 1598 Judzeis,
2554 1527 2640 1584 vel
2672 1544 2740 1584 ex
2787 1525 2996 1583 haeresi
3043 1525 3317 1595 qualibet
3366 1525 3438 1578 ad
3477 1523 3752 1579 veritatis
3783 1541 3862 1579 co-

2193 1621 2515 1693 gnitionem
2545 1621 2994 1675 convertuntur.

2815 1724 2976 1782 CAP.
3026 1720 3262 1778 XXXII.

426 1116 508 1171 ita
538 1118 596 1170 et
625 1107 914 1167 naturalis
962 1101 1234 1159 voluntas
1278 1096 1472 1153 carnis
1528 1095 1657 1166 ejus
1714 1090 1947 1163 propria
1976 1087 2077 1144 Dei

429 1202 604 1258 Verbi
637 1198 848 1254 dicitur
878 1197 934 1250 et
957 1199 1045 1247 est
1073 1205 1086 1243 :
1114 1193 1179 1244 ut
1209 1187 1364 1242 idem
1387 1185 1502 1240 ait:
1538 1180 1800 1238 Descendi
1831 1178 1896 1234 de
1923 1177 2078 1243 calo,

429 1307 542 1347 non
572 1297 632 1344 ut
679 1287 892 1356 faciam
948 1279 1287 1337 voluntatem
1339 1289 1545 1340 meam,
1596 1270 1688 1326 sed
1745 1268 2081 1323 voluntatem

432 1383 552 1451 eius
583 1355 687 1449 qui
708 1373 862 1430 misit
889 1387 980 1426 me
1008 1365 1196 1424 Patris
1224 1363 1273 1421 ⁷.
1314 1363 1539 1428 Quibus
1564 1358 1755 1414 verbis
1788 1355 2079 1428 propriam

436 1444 636 1527 carnis
666 1465 794 1535 ejus
841 1459 1199 1516 voluntatem
1258 1451 1552 1521 intelligit.
1598 1444 2080 1535 Quandoquidem

435 1559 565 1628 ipsa
595 1566 824 1625 quoque
855 1563 990 1604 caro
1039 1546 1089 1602 ei
1137 1542 1372 1616 propria
1416 1539 1546 1606 fuit,
1588 1534 2084 1628 quemadmodum

442 1624 1008 1702 animisanctissima
1037 1638 1095 1689 et
1141 1629 1436 1701 inculpata
1484 1629 1611 1698 ejus
1643 1624 1902 1681 animata
1929 1638 2084 1688 caro,

442 1750 570 1790 cum
603 1729 871 1786 deiﬁcata
899 1729 1008 1788 est,
1055 1721 1513 1790 haudquaquam
1545 1715 1754 1786 periit;
1788 1714 1870 1768 ita
1899 1727 2087 1782 neque

441 1821 638 1880 carnis
668 1819 797 1889 eius
822 1814 1099 1908 Ῡ⁰Ῑ¹Ξ⁰ί³³
1130 1807 1444 1908 Pfrii':i‘¥’°
1485 1805 1940 1908 ﬁlius???“
1967 1815 2088 1908 δ’ῗῇ
2116 1834 2162 1899 Β
2194 1838 2355 1896 Fides
2416 1837 2666 1893 revelata
2717 1833 3068 1890 sanctissimo
3119 1832 3386 1901 Gregorio
3433 1830 3710 1902 miriﬁco,
3747 1841 3865 1887 tan-

441 1900 1100 1973 mansit,utTheologus
1155 1895 1462 1968 Gregorius
1512 1893 1603 1947 his
1649 1892 1836 1947 verbis
1886 1892 2158 1982 auctor"
2194 1892 2466 1982 "é'u’am’
2493 1925 2568 1982 οφ
2624 1905 3123 1982 “persanata-pa
3180 1892 3506 1982 ςξηίη-ίείε,
3564 1892 3625 1959 ὲ(
3688 1892 3868 1959 gum,-

443 2004 550 2056 est.
586 1996 752 2053 Illius
781 1991 934 2048 enim
966 1988 1260 2053 voluntas,
1288 1984 1385 2057 qui
1419 1999 1521 2057 pro
1570 1982 1875 2037 Servatore
1916 1977 2087 2034 intel-
2269 1975 2500 2054 apostoli
2528 1975 2760 2036 Joannis
2789 1976 3139 2047 evangelista:
3171 1975 3443 2030 doctrina.

451 2086 676 2158 “gitur:
709 2081 1164 2150 haudquaquam
1195 2075 1311 2131 Deo
1342 2071 1630 2128 contraria
1659 2073 1768 2135 θείν
1799 2085 1935 2125 cum
1967 2071 2090 2123 ίοιθι
2270 2088 2433 2144 Unus
2463 2093 2552 2144 est
2585 2091 2734 2141 Deus
2765 2083 3116 2156 principium
3143 2086 3200 2138 et
3248 2086 3420 2138 Pater
3445 2082 3629 2138 Verbi
3675 2083 3866 2140 viven-

446 2178 631 2234 Deum
666 2170 940 2229 erOIOat-
989 2171 1050 2224 Ῑη
1084 2183 1151 2223 ea
1207 2181 1376 2237 Ροττο
1435 2161 1721 2218 Sententia
1764 2161 2092 2249 summa“
2198 2179 2296 2246 tis,
2330 2176 2631 2249 sapientiae
2660 2173 3058 2240 subsistentia,
3119 2189 3342 2228 necnon
3385 2173 3637 2228 virtutis
3668 2178 3728 2228 et
3757 2175 3865 2227 for-

449 2265 749 2324 naturales
781 2265 926 2318 duas
959 2259 1217 2316 actiones
1249 2257 1394 2312 citra
1425 2253 1791 2319 divisionem,
1817 2248 2094 2306 mutatio-
2203 2284 2310 2324 ma;
2342 2248 2591 2335 ωεθνηω,
2622 2263 2919 2337 perfectus
2961 2261 3203 2334 perfecti
3229 2263 3487 2334 genitor,
3523 2261 3701 2318 pater
3743 2263 3867 2318 Fuﬁ

448 2373 605 2424 nem,
669 2352 1097 2419 confusionem,
1158 2346 1554 2419 partitionem,
1614 2343 1674 2398 in
1733 2341 1937 2398 eodem
1976 2339 2093 2395 Do-

2217 2356 2494 2428 inigeniti
2511 2395 2525 2410 .

447 2447 608 2502 mino
668 2448 863 2499 nostro
937 2440 1077 2496 Jesu
1146 2436 1376 2493 Christo
1451 2435 1568 2490 D00
1637 2447 1770 2488 νθῐο
1845 2430 2094 2500 conjun‘
2276 2444 2442 2500 Unus
2472 2444 2613 2500 item
2647 2449 2735 2499 est
2764 2441 3077 2509 Dominus,
3131 2441 3295 2497 solus
3325 2457 3395 2496 ex
3424 2441 3576 2510 solo,
3614 2441 3784 2498 Deux
3813 2459 3873 2499 ex

447 2543 569 2593 otas
627 2551 755 2592 6886
813 2546 1172 2596 asseramus,
1249 2528 1359 2583 hoc
1416 2532 1504 2581 est
1579 2523 1838 2578 divinam
1915 2519 2093 2575 actio-
2206 2539 2342 2604 Deo,
2376 2534 2569 2605 imago
2602 2547 2856 2604 persona
2913 2531 3120 2598 Pan-ig,
3172 2530 3327 2586 Deus
3376 2530 3643 2587 Verbum
3678 2549 3871 2602 agens,

445 2641 604 2696 nem,
665 2627 730 2679 ut
780 2622 987 2678 beatus
1053 2617 1152 2673 me
1222 2616 1330 2672 Ῑιθο
1401 2613 1574 2686 Pw“)
1652 2609 1915 2682 apertius
1989 2606 2092 2663 εἶτα
2208 2624 2308 2696 qui
2341 2638 2534 2679 rerum
2591 2621 2856 2678 omnium
2915 2620 3262 2694 hypostasin
3303 2621 3524 2676 creavit
3557 2622 3872 2692 sapientia,

448 2716 738 2788 operat“?
768 2715 1013 2780 “traque
1043 2709 1230 2763 forma
1253 2721 1386 2760 cum
1415 2703 1655 2758 δηθνίυε
1685 2698 2096 2788 communio“?
2207 2729 2338 2785 quae
2387 2712 2793 2768 universorum
2843 2709 3319 2766 constitutionem
3372 2710 3648 2765 continet
3695 2711 3878 2767 virtus

445 2785 840 2876 proprietatis,
919 2797 1107 2852 Verbo
1179 2792 1401 2850 scilicet
1465 2791 1522 2846 id
1581 2791 1877 2861 operante,
1938 2785 2094 2857 quod

2217 2816 2238 2855 ο
2251 2799 2476 2855 mnium
2492 2801 2894 2853 creaturarum
2910 2797 3187 2852 eﬂectrix.
3213 2796 3444 2852 Veritas
3464 2813 3537 2851 ex
3550 2811 3765 2852 verace
3785 2797 3878 2852 Pa—

453 2909 630 2949 Sllum
663 2895 786 2957 θείς
818 2892 874 2944 θῐ
913 2901 1153 2956 corpore
1206 2881 1465 2938 νίοίεείω
1520 2895 1596 2934 θεέ
1629 2878 1937 2945 efﬁciente,
1971 2891 2096 2946 qua
2204 2885 2646 2956 tre,invisibilis
2667 2903 2733 2942 ex
2754 2884 3059 2951 invisibili,
3094 2885 3562 2956 incorruptibilis
3591 2903 3663 2941 ex
3691 2887 3881 2941 incor—

456 2987 597 3039 sunt
627 2979 905 3050 corporis.
939 2975 1107 3031 ΝιιΠο
1165 2972 1320 3028 enim
1383 2973 1547 3040 Ρεοίο
1605 2969 1868 3024 eamdem
1919 2966 2098 3022 Ῑυίθεθ
2207 2973 3882 3048 ruptibili,immortaliseximmortali,aaternusexacterno.

450 3067 780 3126 naturalem
811 3065 914 3120 Dei
943 3068 1001 3119 et
1031 3065 1309 3118 creaturae
1354 3058 1640 3114 actionem
1673 3055 2047 3112 concedimus
2081 3071 2094 3110 :
2281 3066 2442 3121 Unus
2469 3064 2724 3137 denique
2775 3063 3025 3135 spiritus
3075 3068 3316 3119 sanctus
3362 3065 3694 3134 perfectus,
3753 3080 3880 3136 ρετ.

449 3176 523 3216 ne
554 3158 642 3214 vel
674 3159 1001 3212 creaturam
1037 3149 1347 3222 impetibili
1410 3147 1675 3203 essentiae
1706 3147 2094 3211 ascribamus,

2217 3156 2357 3211 lecta
2387 3154 2705 3210 viventium
2737 3153 2892 3208 vita:
2929 3153 3232 3221 sanctitas,
3265 3156 3321 3207 et
3346 3153 3696 3208 sanctitatis
3731 3154 3877 3220 fons,

447 3247 538 3303 vel
577 3245 786 3301 divinae
848 3249 1066 3298 natura)
1123 3206 1518 3294 excellentiam
1578 3237 1638 3291 in
1697 3206 2096 3291 creaturarum
2136 3206 2179 3274 Ο
2211 3206 3164 3316 ὲὶξυ-θέᾷξιέίίὶδᾶεΙεῖδείιῗόιι,
3190 3206 3300 3314 quo
3331 3241 3417 3308 ﬁt,
3456 3206 3519 3297 ﬁt

449 3336 710 3392 ordinem
743 3332 1093 3402 redigamus.
1144 3329 1326 3384 Unius
1369 3328 1524 3382 enim
1571 3326 1950 3396 ejusdemque
1982 3324 2092 3378 mi-
2211 3335 2376 3389 nium
2409 3333 2774 3389 credentium
2826 3330 3052 3387 calculo
3093 3332 3168 3386 sit
3213 3348 3390 3403 super
3419 3333 3654 3398 omnia,
3689 3333 3868 3394 Filius

450 3424 650 3482 racula
678 3427 736 3478 ot
759 3421 1059 3494 passiones
1091 3418 1270 3473 fuisse
1303 3415 1569 3471 novimus
1599 3432 1612 3469 :
1640 3413 1755 3470 alia
1781 3419 1954 3484 atque
1983 3412 2096 3466 alia
2210 3438 2314 3495 per
2341 3422 2557 3493 omnia,
2589 3422 2839 3492 spiritus
2889 3425 3129 3476 sanctus
3170 3420 3229 3475 in
3278 3421 3586 3477 omnibus,
3619 3422 3878 3478 Trinitas

454 3520 898 3579 naturarum,ex
919 3508 1135 3580 quibus
1156 3503 1638 3572 constat,ratione
1661 3501 1942 3568 babita,in
1966 3499 2094 3571 qui-
2212 3512 2481 3583 perfecta,
2535 3511 2706 3583 cujus
2749 3510 2958 3579 honor,
3014 3509 3456 3580 sempiternitas
3518 3514 3578 3565 et
3627 3527 3872 3584 regnum

454 3602 828 3674 busqueejus
855 3597 1110 3654 essentia
1130 3590 1972 3662 consistit,ulbeatusCyrillus
1995 3589 2094 3646 ait.
2213 3617 2402 3672 neque
2432 3599 2780 3668 dissecatur,
2833 3614 3021 3670 neque
3071 3597 3370 3654 alterum,
3423 3601 3622 3664 Quare
3671 3601 3728 3655 in
3764 3602 3878 3656 Τι-ί,

525 3697 600 3748 Eo
631 3693 827 3761 itaque
847 3687 1004 3759 quod
1036 3686 1408 3741 inconfusum
1432 3681 1813 3737 etindivisum
1838 3683 1928 3735 est
1947 3678 2097 3734 omni

2217 3689 2395 3746 nitate
2451 3694 2710 3746 creatum
2769 3688 2916 3744 nihil
2973 3691 3109 3743 est:
3156 3704 3346 3759 neque
3404 3689 3758 3758 ascititium,
3818 3707 3884 3747 ac

452 3798 521 3838 ex
551 3783 714 3852 parte
743 3782 990 3842 servato,
1024 3774 1133 3830 hoc
1163 3774 1222 3827 in
1255 3786 1488 3827 summa
1529 3769 1889 3841 proﬁtemur,
1923 3783 2098 3822 unam
2213 3780 2261 3835 ,ί
2292 3779 2433 3851 quid
2466 3794 2594 3835 esse
2642 3782 2846 3852 postea
2903 3778 3163 3848 οωρθι-ἱι,
3198 3777 3355 3849 quod
3403 3781 3582 3834 antea
3615 3796 3733 3835 non
3765 3781 3885 3835 rue.

457 3873 674 3926 Βειηοὶω
731 3865 1038 3922 Trinitatis
1087 3875 1422 3934 Personam:
1477 3858 1788 3913 Dominum
1839 3864 2100 3912 Ποειτιιπι
2215 3869 2308 3924 rit.
2342 3867 2512 3924 Nullo
2543 3867 2699 3924 enim
2749 3883 3011 3940 unquam
3057 3870 3322 3938 tempore
3354 3865 3543 3923 Filius
3588 3868 3749 3923 Patri
3781 3870 3884 3924 de-

453 3963 656 4016 Jesum
691 3956 983 4012 Christum
1039 3969 1240 4009 verum
1293 3956 1472 4006 Deum
1522 3953 1785 4005 ηοεινυω
1819 3949 2101 4018 θεεθῖοτθο
2214 3959 2346 4029 fuit,
2377 3973 2563 4028 neque
2593 3957 2735 4012 Filio
2783 3956 3060 4028 Spiritus,
3113 3972 3216 4013 nec
3248 3956 3448 4012 unitas
3483 3956 3545 4012 in
3577 3957 3882 4013 binarium

459 4049 687 4114 ἀθῐιιθεν
720 4046 870 4100 duas
899 4045 1027 4114 eius
1078 4045 1318 4097 “al-“"13
1367 4040 1705 4105 miserimus,
1739 4055 1866 4109 (ἶυω
1901 4038 1957 4091 in
1988 4053 2105 4092 una
2215 4047 2479 4116 excrevit,
2513 4062 2618 4102 nec
2679 4046 2945 4102 binarius
2977 4045 3036 4100 in
3095 4045 3460 4113 Trinitatem,
3509 4046 3612 4101 sed
3653 4063 3885 4118 semper

461 4137 590 4208 Ejus
639 4150 890 4207 persona
919 4131 1271 4197 ϐῙυοθεοᾶῐιὶ»
1329 4128 1388 4184 in
1423 4145 1538 4200 qua
1570 4126 1855 4182 [Πίνδουίᾶ
1893 4130 1951 4181 et
1981 4143 2109 4197 Ρθε-
2216 4153 2334 4192 una
2357 4137 2674 4207 eademque
2732 4135 2988 4192 Trinitas
3045 4135 3192 4190 citra
3247 4134 3425 4190 ullam
3493 4139 3883 4193 mutationem

461 4223 974 4295 siones,quamdiu
1009 4237 1077 4276 ex
1107 4221 1538 4290 dispensatione
1571 4219 1874 4274 nobiscum
1909 4233 2107 4272 versa-
2218 4224 2692 4281 alterationemve
2719 4224 2941 4280 mansit,

460 4323 558 4372 tus
589 4324 696 4382 est,
733 4330 848 4368 non
884 4309 1195 4383 phantasia
1225 4313 1282 4364 et
1326 4307 1727 4376 simulatione,
1779 4307 1880 4362 sed
1911 4322 2108 4362 revera

459 4403 746 4469 exhibuit,
780 4418 912 4457 cum
956 4399 1276 4471 prtesertim
1322 4397 1608 4454 naturalis
1666 4396 1991 4453 differentia
2046 4397 2105 4452 in

458 4495 590 4564 ipsa
620 4493 794 4546 unica
826 4506 1074 4561 persona
1093 4492 1486 4558 cognoscatur
1509 4504 1522 4540 :
1549 4503 1664 4542 non
1696 4488 1829 4558 quia
1862 4503 2110 4557 persona

2814 4331 2966 4386 CAP.
3009 4331 3272 4387 XXXIII.

2223 4427 2429 4482 Iterum
2481 4423 2546 4478 dc
2611 4427 2803 4478 sancta
2860 4423 3127 4494 Trinilalc
3201 4421 3292 4494 (de
3345 4422 3542 4490 Patre,
3612 4424 3790 4492 Filio,
3849 4432 3895 4478 et

2290 4496 2503 4564 Spiritu
2531 4504 2730 4550 sancto
2773 4494 3034 4548 distincta
3076 4492 3247 4548 simul
3291 4498 3342 4548 ct
3389 4494 3704 4564 conjuncta
3734 4496 3893 4550 Diri-

459 4587 666 4651 praeter
717 4583 956 4634 naturas
984 4575 1130 4632 alias
1161 4577 1255 4641 sit,
1311 4576 1411 4630 sed
1443 4576 1580 4646 quia
1615 4574 1673 4631 in
1717 4580 1929 4630 natura
1957 4576 2108 4645 ejus-
2141 4568 2185 4632 D
2287 4570 2480 4622 ηίιαιὶε
2512 4569 2678 4635 ratio,
2711 4582 2781 4621 σιτ
2814 4567 2874 4620 Β-
2905 4568 3116 4622 Joanne
3148 4570 3521 4633 Dama-scena,
3555 4583 3685 4638 cap.
3717 4568 3812 4635 8.)

463 4670 598 4724 dem
635 4682 896 4737 persona:
928 4669 1050 4720 tota
1099 4669 1310 4718 natura
1366 4664 1623 4720 humana
1679 4664 1979 4719 ell'ormata
2007 4665 2105 4720 sit.

460 4759 722 4827 Quaeque
761 4769 1002 4810 suarum
1061 4757 1200 4808 sunt
1231 4751 1480 4822 partium
1531 4769 1598 4807 ea
1627 4752 1712 4806 sic
1753 4753 2108 4824 exsequitur,

461 4860 527 4903 ut
565 4845 708 4901 nihil
741 4843 888 4900 desit
919 4861 932 4899 :
966 4859 1096 4898 cum
1129 4858 1246 4913 qua
1283 4841 1519 4913 quidem
1556 4856 1804 4912 persona
1833 4841 2108 4915 hyposta-

461 4940 642 4994 ticum
703 4937 952 4993 Verbum
1012 4935 1356 4999 cohaerebat,
1391 4950 1506 4989 uno
1562 4938 1798 5006 peccato
1853 4936 2106 5007 dempto.

459 5025 963 5095 Quemadmodum
997 5023 1172 5080 etiam
1191 5022 1444 5078 Verbum
1487 5020 1744 5080 vicissim
1769 5040 1834 5079 ea
1859 5026 2109 5095 perfecte

456 5124 514 5172 et
565 5115 838 5172 absolute
885 5115 1253 5185 cperabatur,
1310 5129 1437 5185 quas
1495 5112 1605 5168 sibi
1657 5114 1891 5185 propria
1921 5120 2106 5184 erant,

461 5207 636 5275 idque
658 5221 792 5260 cum
815 5204 1078 5259 humana
1108 5202 1208 5258 illa
1243 5207 1654 5272 natura,quam
1686 5211 2107 5274 assumpserat.

459 5294 792 5349 Proferatur
846 5293 904 5348 in
967 5291 1228 5347 medium
1291 5291 1481 5346 denuo
1541 5291 1953 5348 sanctissimus
2012 5293 2110 5349 ille

461 5381 596 5448 Leo,
630 5382 728 5452 qui
771 5383 828 5437 in
857 5382 1103 5452 epistola
1157 5381 1228 5435 ad
1282 5381 1531 5436 Leonem
1581 5381 1990 5451 imperatorem
2027 5383 2110 5438 ita

464 5468 664 5539 scribit
688 5485 701 5522 :
726 5469 1009 5525 Divinitas
1040 5474 1098 5525 et
1128 5469 1470 5525 humanitas
1513 5469 1640 5540 ipso
1671 5469 1940 5540 virgineae
1960 5489 2108 5543 con-

541 5621 562 5653 ⁷
598 5621 769 5677 Joan.
800 5637 875 5691 vx,
907 5624 995 5680 38.

2294 4675 2496 4744 Itaque
2529 4673 2823 4728 credimus
2851 4672 2911 4727 in
2961 4687 3145 4727 unum
3200 4671 3405 4741 Deum,
3468 4673 3719 4729 unicum
3771 4674 3896 4728 sine

2218 4763 2502 4835 principio
2553 4761 2928 4834 principium,
2979 4761 3336 4831 increatum,
3370 4768 3692 4834 aeternum,
3731 4765 3893 4837 inge-

2221 4853 2422 4916 nitum,
2481 4850 2984 4923 incorruptibilem
3045 4855 3224 4922 atque
3285 4852 3719 4917 immortalem,
3780 4853 3891 4907 im-

2221 4958 2513 5006 mensum,
2548 4940 2728 4996 nullis
2761 4941 2977 4995 ﬁnibus
3021 4939 3567 5012 circumscriptum,
3603 4943 3891 4996 indeﬁni-

2218 5035 2368 5097 tum,
2401 5031 2705 5086 immensze
2736 5029 3065 5101 potestatis,
3087 5027 3355 5100 simplex,
3393 5032 3888 5103 incompositum.

2219 5119 3122 5191 incorporeum,inexhaustum,
3181 5119 3706 5191 imperturbatum,
3772 5121 3883 5175 im-

2227 5209 2525 5274 mobilem,
2569 5207 3020 5275 immutabilem,
3072 5207 3454 5277 invisibilem,
3515 5211 3818 5266 bonitatis
3846 5221 3888 5263 et

2213 5297 2458 5368 justitiaa
2518 5297 2761 5363 fontem,
2817 5296 3018 5352 lumen
3099 5295 3493 5370 intelligibile,
3557 5299 3886 5356 inacessam

2221 5387 2547 5458 potentiam
2579 5403 2705 5457 quae
2737 5385 2902 5442 nulla
2927 5402 3200 5442 mensura
3230 5387 3744 5458 dignoscitur,scd
3785 5389 3888 5444 sala

2221 5475 2478 5547 seipsam
2514 5475 2747 5548 propria
2781 5475 3082 5533 voluntate
3129 5475 3451 5532 dimetitur.
3489 5479 3885 5549 Quaecumque
