4044 6212
204 323 357 386 1169

1547 331 1951 395 THESAURI
1994 332 2146 393 LIB.
2194 333 2272 394 II.

3478 340 3635 399 1170

200 457 361 513 enim
418 458 562 528 vult,
616 460 816 516 eadem
868 478 1103 534 quoque
1147 466 1357 532 potest,
1410 470 1469 518 ut
1518 481 1645 535 quas
1696 479 1859 521 erea-
1889 471 1939 533 Α
1973 470 2171 536 postea
2202 465 2406 521 Filium
2438 466 2764 535 habuisset,
2799 472 2998 538 postea
3030 484 3269 541 quoque
3299 473 3471 528 Pater
3497 488 3627 529 esse

205 560 371 609 turas
402 568 608 607 omnes
640 551 902 608 visibiles
934 557 991 608 et
1039 553 1363 609 invisibiles
1412 555 1710 625 creaverit,
1733 572 1857 611 om-

200 662 309 702 nes
365 644 688 713 contineat,
749 643 1025 700 omnibus
1092 644 1356 716 imperet,
1418 649 1473 701 et
1529 644 1861 701 dominetur

206 750 413 807 regno,
442 733 597 804 quod
632 731 781 787 nulli
823 732 921 787 fini
956 733 1196 789 mortive
1244 735 1559 790 obnoxium
1608 739 1718 801 est,
1752 750 1858 790 nec

205 823 269 878 in
324 839 385 879 se
433 822 758 893 quidquam
818 822 1174 878 contrarium
1243 822 1438 891 habet,
1490 841 1615 895 quas
1659 823 1854 878 omnia

204 912 578 984 plenitudine
610 928 750 967 suas
796 912 1098 982 complens
1128 930 1161 967 a
1191 912 1351 968 nullo
1396 912 1856 985 comprehendao

192 1009 315 1068 tur,
347 1001 465 1057 imo
527 1002 726 1072 potius
771 1000 968 1056 omnia
1016 1001 1490 1073 comprehendat,
1540 1002 1851 1067 contineat,

190 1096 252 1148 et
282 1094 608 1161 exsuperet,
643 1106 773 1160 quae
822 1089 1044 1145 nullam
1077 1107 1192 1146 non
1240 1089 1551 1147 essentiam
1602 1090 1853 1146 inteme-

187 1185 319 1235 rata
350 1182 624 1251 permeet,
659 1195 952 1250 supraque
975 1180 1174 1234 omnia
1205 1180 1444 1249 feratur,
1467 1196 1594 1251 quas
1620 1178 1850 1235 nullam

186 1287 308 1325 non
338 1268 651 1326 essentiam
683 1274 1007 1340 exsuperet,
1034 1269 1650 1340 supersubstantialis,
1694 1275 1751 1324 et
1784 1287 1851 1325 ea

185 1377 318 1430 quas
370 1364 507 1414 sunt
552 1358 992 1426 transcendens,
1042 1358 1371 1430 plusquam
1429 1358 1649 1428 divina,
1684 1358 1849 1430 plus-

182 1465 365 1519 quam
398 1448 568 1515 bona,
604 1446 913 1519 plusquam
946 1446 1141 1519 plena,
1182 1465 1309 1519 quas
1344 1447 1630 1519 principia
1652 1448 1851 1503 omnia

178 1538 536 1609 ordinesque
566 1537 833 1603 definiat,
867 1537 1061 1594 omnis
1092 1536 1367 1610 principii
1397 1542 1573 1609 atque
1623 1537 1849 1593 ordinis

186 1642 428 1697 presses,
462 1642 591 1698 quae
636 1624 856 1681 nullam
893 1642 1007 1681 non
1060 1625 1400 1692 essentiam,
1434 1625 1638 1694 vitam,
1672 1626 1847 1681 ratio-

184 1731 346 1781 nem,
374 1719 542 1784 atque
572 1714 988 1786 cogitationem
1021 1719 1349 1784 exsuperet,
1383 1715 1576 1786 ipsum
1621 1714 1844 1781 lumen,

196 1805 327 1875 ipsa
356 1804 609 1870 bonitas,
644 1804 771 1875 ipsa
817 1803 955 1872 vita,
989 1804 1119 1875 ipsa
1163 1804 1439 1899 essentia,
1474 1809 1538 1859 ut
1584 1821 1711 1875 quas
1757 1804 1841 1859 al-
1875 1834 1921 1899 Β

192 1893 378 1949 terius
411 1894 693 1949 beneficio
725 1911 838 1949 non
890 1894 987 1963 sit,
1039 1900 1134 1949 aut
1182 1892 1405 1965 aliquid
1466 1909 1663 1949 eorum
1715 1911 1838 1965 qua:

180 1990 321 2039 sunt
353 1984 618 2051 exsistat,
651 1985 764 2040 imo
796 1983 869 2039 iis
902 2000 1029 2054 quas
1079 1987 1218 2039 sunt
1265 1982 1551 2049 essentia,
1586 1983 1659 2038 iis
1713 2000 1838 2055 qua

182 2073 409 2142 vivunt,
442 2073 594 2141 vitae,
622 2072 691 2128 iis
719 2090 845 2145 qua:
877 2074 1104 2129 ratione
1131 2076 1377 2127 utuntur
1409 2073 1653 2129 rationis
1683 2073 1837 2141 fons,

184 2162 464 2218 omnibus
517 2162 769 2235 denique
827 2163 1115 2218 bonorum
1175 2162 1443 2218 omnium
1501 2178 1680 2217 causa
1739 2161 1837 2233 sit,

180 2268 311 2324 quae
343 2252 539 2308 omnia
590 2257 723 2308 ante
753 2268 953 2308 eorum
1002 2252 1434 2323 generationem
1482 2251 1661 2318 norit,
1710 2255 1838 2306 tan-

176 2357 351 2411 quam
387 2357 503 2396 una
534 2340 810 2407 essentia,
843 2358 960 2396 una
990 2340 1285 2408 divinitas,
1320 2357 1438 2395 una
1476 2339 1687 2407 virtus,
1722 2355 1839 2394 una

174 2430 472 2497 voluntas,
510 2449 626 2487 una
672 2431 821 2487 actio
870 2448 1051 2487 unum
1106 2430 1441 2502 imperium,
1476 2446 1593 2485 una
1640 2434 1835 2501 poten-

182 2520 291 2589 tia,
328 2538 444 2576 una
492 2521 834 2590 dominatio,
890 2538 1072 2576 unum
1124 2536 1390 2591 regnum,
1425 2518 1579 2590 quod
1631 2517 1689 2571 in
1734 2517 1839 2571 tri-

186 2614 303 2668 bus
334 2612 602 2683 perfectis
654 2612 919 2685 personis
968 2612 1359 2684 cognoscitur,
1393 2617 1450 2667 et
1496 2610 1837 2666 adcretione

185 2719 309 2757 una
341 2702 570 2759 colitur.
602 2702 874 2758 Creditur
921 2705 1115 2757 autem
1172 2705 1230 2756 et
1254 2702 1530 2755 adoratur
1574 2699 1647 2755 ab
1674 2697 1835 2755 omni

178 2797 452 2845 creatura
481 2790 725 2846 rationis
779 2790 1077 2862 participe,
1112 2792 1375 2863 citraque
1416 2788 1595 2844 ullam
1630 2789 1835 2843 confu-

180 2882 409 2937 sionem
442 2882 834 2953 conjungilur,
866 2886 921 2937 et
952 2882 1095 2936 citra
1141 2881 1578 2936 distractionem
1619 2878 1833 2934 distin-

172 2970 396 3044 guitur,
451 2972 628 3044 (quod
680 2971 893 3027 mirum
945 2970 1077 3043 est),
1113 2971 1172 3026 in
1204 2971 1452 3038 Patrem,
1498 2973 1554 3025 et
1596 2968 1834 3038 Filium,

172 3066 236 3115 et
271 3059 549 3132 Spiritum
584 3066 877 3130 sanetum,
910 3060 967 3116 in
1002 3077 1148 3132 quos
1178 3060 1455 3132 baptizati
1479 3074 1712 3131 quoque
1736 3075 1835 3114 su-

174 3166 336 3205 mus.
370 3151 454 3206 Ita
483 3150 638 3205 enim
672 3152 954 3207 Dominus
986 3152 1265 3224 apostolis
1297 3152 1617 3218 mandavit,
1649 3156 1713 3207 ut
1738 3153 1834 3207 ba-

167 3237 482 3310 ptizarent,
546 3240 634 3295 his
666 3240 860 3296 verbis
899 3241 1294 3313 :Baptisantes
1349 3258 1435 3298 eos
1493 3242 1555 3297 in
1610 3258 1834 3297 nomine

168 3330 383 3394 Patris,
417 3334 467 3385 et
519 3331 671 3398 Filii,
713 3335 763 3385 et
820 3330 1065 3402 Spiritus
1091 3333 1268 3387 sancti
1296 3333 1337 3387 ⁸.
1374 3334 1438 3387 In
1488 3349 1669 3387 unum
1725 3334 1835 3388 Pa-

170 3425 349 3488 trem,
384 3420 483 3491 qui
515 3422 779 3476 omnium
804 3421 1158 3495 principium
1181 3427 1234 3478 et
1264 3439 1442 3479 causa
1472 3428 1581 3493 est,
1607 3440 1642 3479 a
1672 3422 1832 3479 nullo

167 3510 459 3581 genitum,
492 3509 589 3580 qui
640 3508 801 3565 solus
860 3511 985 3566 sine
1035 3526 1230 3580 causa,
1263 3515 1319 3567 et
1370 3511 1669 3583 ingenitus
1722 3516 1831 3581 est,

176 3601 446 3657 omnium
480 3600 717 3671 quidem
749 3599 1004 3670 Creator,
1059 3606 1118 3656 at
1151 3602 1328 3656 unius
1359 3606 1589 3656 tantum
1630 3601 1830 3673 unige-

173 3690 286 3746 niti
321 3688 446 3744 Filii
481 3689 591 3754 sui,
624 3689 854 3745 Domini
887 3694 1083 3745 autem
1120 3690 1239 3758 Dei,
1274 3694 1329 3746 et
1372 3690 1693 3746 Servatoris
1726 3707 1833 3747 no-

173 3780 285 3835 stri
314 3778 454 3835 Jesu
504 3777 715 3833 Christi
749 3784 959 3835 natura
990 3783 1182 3851 Pater,
1217 3780 1406 3835 sancti
1459 3784 1657 3836 autem
1703 3778 1833 3850 Spi-

180 3869 332 3923 ritus
359 3868 609 3924 emissor
640 3869 904 3924 exsistat.

252 3958 557 4013 Credimus
591 3958 729 4013 item
760 3957 816 4012 in
854 3976 1035 4013 unum
1060 3959 1269 4014 Filium
1295 3959 1397 4015 Dei
1431 3958 1831 4031 unigenitum,

174 4048 496 4104 Dominum
526 4053 790 4103 nostrum
822 4048 1025 4103 Jesum
1080 4049 1403 4113 Christum,
1437 4048 1537 4118 qui
1570 4063 1638 4102 ex
1666 4047 1835 4102 Patre

175 4141 348 4193 natus
393 4141 478 4192 est
510 4143 641 4193 ante
691 4138 887 4193 omnia
938 4137 1166 4204 saecula,
1218 4136 1417 4191 lumen
1467 4137 1538 4190 de
1586 4135 1833 4203 lumine,

174 4229 361 4283 Deum
392 4243 595 4282 verum
653 4227 723 4282 de
776 4228 891 4284 Deo
940 4243 1097 4293 vero,
1129 4225 1389 4297 genitum
1442 4240 1558 4280 non
1590 4225 1833 4293 factum,

174 4315 735 4373 consubstantialem
762 4316 933 4381 Patri,
955 4332 1055 4388 per
1079 4330 1255 4387 quem
1274 4314 1474 4371 omnia
1496 4313 1650 4369 facta
1674 4320 1833 4371 sunt.

170 4408 313 4458 Cuin
367 4402 618 4459 dicimus
668 4405 810 4458 Ante
861 4402 1059 4458 omnia
1115 4401 1343 4471 saecula,
1402 4401 1836 4473 generationem

174 4494 307 4564 ejus
339 4493 617 4563 temporis
656 4497 713 4548 et
758 4492 1028 4564 principii
1079 4496 1372 4563 expertem
1413 4507 1543 4547 esse
1598 4491 1833 4547 indica-

1970 554 2260 627 ceepisset,
2286 572 2418 611 eum
2446 560 2617 611 Pater
2646 561 2817 612 antea
2849 573 2964 612 non
2996 562 3170 626 esset,
3206 563 3379 631 atque
3404 576 3472 615 ex
3503 577 3615 616 non

1972 644 2133 699 Patre
2164 644 2222 698 in
2254 644 2477 700 Patrem
2517 650 2778 701 mutatus
2828 646 3051 714 fuisset,
3088 664 3201 718 qua
3252 648 3619 719 blasphemia

1967 732 2133 803 quid,
2185 749 2401 805 quaeso,
2451 734 2638 805 magis
2689 734 2938 807 impium
2994 736 3306 807 excogitari
3370 737 3619 809 potest?

1964 821 2112 876 Fieri
2144 826 2299 877 enim
2325 840 2440 878 non
2474 827 2684 896 potest,
2719 830 2785 879 ut
2815 824 2968 881 Deus
3000 825 3250 881 naturali
3300 827 3617 898 generandi

1964 909 2019 964 vi
2049 912 2307 980 privatus
2338 911 2587 983 dicatur,
2619 914 2934 984 generandi
2956 918 3153 970 autem
3180 915 3267 969 vis
3290 915 3348 969 in
3372 932 3438 971 eo
3471 931 3608 971 con-

1962 1000 2139 1067 sistit,
2175 1004 2239 1055 ut
2268 1016 2336 1055 ex
2394 1001 2607 1073 seipse,
2640 1002 2761 1057 sive
2813 1005 3043 1075 propria
3086 1020 3155 1059 ex
3203 1006 3457 1061 essentia
3504 1006 3616 1061 sibi

1962 1093 2172 1144 natura
2203 1089 2453 1148 similem
2487 1099 2768 1161 procreet.
2823 1092 2904 1147 Ex
2936 1108 3048 1163 quo
3095 1092 3182 1161 fit,
3217 1096 3281 1148 ut
3312 1093 3359 1149 si
3394 1094 3525 1165 quis
3556 1093 3615 1148 in

1959 1178 2087 1233 Filii
2140 1181 2510 1251 generatione
2570 1186 2801 1253 tempus
2852 1182 3274 1249 intercessisse,
3332 1188 3434 1238 aut
3482 1193 3613 1255 post

1961 1269 2210 1335 Patrem,
2243 1271 2615 1326 subsecutam
2655 1270 2835 1327 fuisse
2890 1271 3019 1326 Filii
3050 1272 3493 1328 subsistentiam
3519 1273 3612 1328 di—

1956 1362 2074 1423 cat,
2130 1358 2351 1430 impius
2401 1358 2709 1415 habendus
2751 1359 2958 1416 merito
3013 1360 3108 1417 sit.
3163 1362 3242 1415 Ex
3273 1361 3400 1433 ipso
3432 1362 3614 1427 enim,

1957 1446 2067 1502 hoe
2100 1452 2189 1503 est
2214 1464 2281 1503 ex
2310 1448 2499 1504 Patris
2533 1452 2744 1504 natura
2776 1450 3215 1520 generationem
3245 1438 3372 1505 Filii
3426 1450 3612 1506 fuisse

1956 1536 2224 1592 dicimus.
2257 1538 2326 1592 Et
2382 1537 2495 1593 nisi
2528 1537 2735 1593 Filium
2789 1539 2860 1593 ab
2911 1539 3075 1595 initio
3111 1556 3229 1594 una
3278 1556 3408 1595 cum
3441 1539 3608 1595 Patre

1955 1625 2159 1694 fuisse,
2219 1630 2282 1681 ut
2323 1643 2391 1681 ex
2439 1626 2568 1698 ipso
2618 1628 2911 1699 genitum,
2959 1629 3372 1696 concedamus,
3408 1629 3605 1698 utique

1956 1714 2208 1770 Paternas
2241 1732 2501 1787 personas
2536 1716 2920 1772 mutationem
2953 1716 3384 1772 introducimus
3421 1734 3433 1771 :
3467 1718 3608 1787 quia

1955 1804 2232 1860 nimirum
2265 1822 2401 1860 eum
2458 1809 2632 1861 Pater
2681 1810 2853 1862 antea
2898 1823 3016 1862 non
3068 1810 3243 1875 esset,
3278 1810 3450 1862 Pater
3480 1823 3610 1862 esse

1954 1896 2191 1951 tandem
2260 1895 2514 1966 coeperit.
2574 1895 2826 1951 Tametsi
2878 1897 3033 1952 enim
3086 1900 3349 1952 creatura
3406 1901 3610 1968 postea

1952 1985 2110 2040 facta
2159 1984 2290 2051 fuit,
2321 2001 2436 2040 non
2469 1990 2664 2040 tamen
2716 2001 2783 2040 ex
2836 1984 2934 2040 Dei
2982 1986 3257 2051 essentia,
3291 1986 3388 2042 sed
3448 2000 3514 2039 ex
3544 2002 3609 2040 eo

1952 2073 2108 2144 quod
2139 2090 2251 2129 non
2285 2078 2411 2129 erat
2442 2074 2499 2129 in
2532 2074 2589 2129 id
2622 2074 2777 2145 quod
2809 2078 2898 2129 est
2929 2073 3229 2131 voluntate
3260 2079 3317 2130 et
3349 2074 3608 2145 potentia

1952 2163 2079 2233 ejus
2112 2163 2395 2235 producta
2435 2163 2566 2219 fuit.

2019 2251 2134 2307 Nec
2160 2268 2289 2307 vero
2324 2251 2635 2308 mutationi
2688 2254 2899 2308 natura
2950 2252 3148 2309 divina
3201 2251 3448 2308 obnoxia
3495 2258 3596 2307 est.

1951 2340 2255 2398 Generatio
2287 2342 2444 2399 enim
2491 2345 2599 2405 est,
2632 2358 2763 2397 eum
2796 2340 2856 2397 id
2896 2344 3053 2414 quod
3103 2341 3361 2415 gignitur
3398 2357 3600 2397 essen-

1951 2429 2034 2486 tia
2063 2430 2258 2487 simile
2288 2448 2355 2487 ex
2390 2430 2726 2503 generantis
2780 2432 3035 2487 essentia
3067 2431 3281 2503 prodit.
3323 2432 3598 2486 Creatura

1950 2539 2084 2578 vero
2115 2526 2172 2577 et
2198 2522 2570 2592 figmentum,
2602 2520 2657 2575 id
2692 2521 2847 2591 quod
2907 2520 3290 2588 extrinsecus,
3330 2538 3445 2576 non
3491 2538 3597 2576 au-

1949 2616 2067 2667 tem
2099 2628 2167 2666 ex
2223 2611 2472 2666 creantis
2502 2611 2848 2682 ﬁngentisve
2898 2610 3231 2667 substantia
3262 2625 3353 2665 res
3403 2614 3599 2666 creata

1947 2702 2153 2758 fictave
2182 2702 2567 2772 depromitur,
2598 2717 2725 2771 quae
2776 2701 3010 2771 quidem
3061 2700 3393 2756 substantia
3433 2715 3595 2770 pror-

1948 2809 2051 2847 sus
2082 2790 2371 2847 absimilis
2404 2790 2663 2846 exsistat.
2702 2790 2979 2854 Quocirca
3018 2790 3311 2862 generatio
3344 2792 3400 2844 et
3430 2805 3589 2843 crea-

1947 2881 2027 2936 tio
2058 2878 2405 2951 impatibilis
2435 2884 2523 2934 est
2553 2879 2611 2934 in
2650 2896 2765 2934 uno
2806 2880 3087 2934 duntaxat
3116 2879 3254 2948 Deo,
3288 2878 3386 2949 qui
3428 2876 3592 2933 solus

1948 2968 2319 3041 impatibilis,
2352 2967 2735 3024 inalterabilis
2779 2977 2835 3023 et
2872 2967 3262 3023 immutabilis
3294 2970 3403 3036 est,
3445 2981 3601 3021 sem-

1948 3075 2161 3129 perque
2199 3058 2402 3114 eodem
2450 3073 2511 3112 se
2538 3057 2712 3113 modo
2762 3056 2958 3113 habet.
2990 3056 3133 3113 Cum
3166 3055 3322 3111 enim
3373 3058 3587 3111 natura

1946 3146 2316 3220 impatibilis,
2346 3146 2767 3217 ,inexhaustus,
2799 3144 3050 3217 simplex
3076 3152 3130 3202 et
3176 3144 3599 3217 incompositus

1865 3207 1907 3274 C
1947 3207 2209 3307 exsistat,
2238 3207 2312 3293 ad
2343 3207 2673 3309 passionem
2699 3207 2875 3291 ullam
2902 3207 3246 3308 tiuxumque
3270 3207 3592 3299 ferendum,

1943 3344 2130 3398 neque
2169 3326 2522 3399 generando,
2570 3342 2758 3397 neque
2809 3325 3081 3393 creando,
3130 3324 3591 3397 haudquaquam

1943 3417 2188 3473 idoneus
2219 3420 2329 3484 est,
2364 3432 2467 3472 nec
2498 3415 2615 3471 ullo
2647 3414 2938 3486 adiutorio
2969 3422 3116 3487 eget.
3149 3414 3255 3471 Sed
3289 3414 3588 3486 generatio

1944 3506 2182 3578 quidem
2215 3505 2500 3578 principio
2540 3521 2745 3561 carens
2798 3509 2855 3560 et
2901 3509 3118 3561 interna
3166 3508 3275 3575 est,
3327 3519 3461 3560 eum
3516 3502 3592 3557 sit

1944 3612 2091 3668 opus
2121 3599 2365 3666 natura,
2398 3598 2571 3667 atque
2604 3611 2672 3650 ex
2701 3595 2829 3667 ejus
2874 3595 3132 3651 essentia
3173 3594 3485 3665 procedat:
3515 3607 3587 3646 ne

1944 3686 2253 3743 mutationi
2286 3685 2515 3757 genitor
2544 3687 2622 3741 sit
2651 3684 2936 3741 obnoxius
2970 3703 2983 3741 :
3020 3700 3158 3739 neve
3183 3684 3330 3737 Deus
3360 3680 3587 3752 primus

1944 3777 2020 3833 sit
2071 3781 2127 3833 et
2178 3783 2528 3848 postremus,
2606 3779 2783 3847 atque
2843 3775 3269 3829 incrementum
3326 3767 3587 3839 recipiat.

1943 3866 2167 3922 Creatio
2195 3881 2328 3921 vero
2359 3879 2493 3918 cum
2528 3862 2724 3918 divisae
2770 3860 3087 3919 voluntatis
3138 3876 3284 3930 opus
3336 3858 3432 3922 sit,
3475 3860 3587 3910 Deo

1944 3958 2224 4009 coaeterna
2255 3969 2368 4007 non
2401 3955 2508 4020 est,
2544 3950 3027 4021 quandoquidem
3062 3957 3269 4004 natura
3298 3948 3407 4003 hoc
3437 3963 3591 4003 eom-

1944 4047 2211 4114 paratum
2246 4057 2360 4096 non
2394 4042 2503 4107 est,
2538 4044 2601 4093 ut
2638 4038 2697 4093 id
2729 4038 2887 4110 quod
2939 4055 3006 4093 ex
3056 4036 3236 4094 nihilo
3285 4038 3344 4092 in
3394 4053 3590 4093 rerum

1944 4138 2209 4186 naturam
2242 4128 2600 4202 producitur,
2633 4126 2684 4183 ei
2715 4132 3065 4183 coaeternum
3100 4127 3195 4194 sit,
3230 4126 3381 4198 quod
3432 4126 3591 4199 prin-

1944 4220 2094 4293 cipio
2125 4226 2301 4285 caret,
2334 4234 2680 4290 semperque
2710 4222 2816 4273 est.
2860 4220 3059 4288 Itaque
3092 4217 3589 4288 quemadmodum

1945 4327 2061 4367 non
2105 4311 2307 4367 eodem
2357 4309 2524 4365 modo
2574 4314 2730 4365 Deus
2760 4311 2816 4365 et
2854 4307 3029 4364 homo
3078 4312 3352 4380 operatur
3393 4308 3590 4380 (homo

1943 4399 2099 4456 enim
2131 4414 2199 4455 ex
2230 4398 2413 4456 nihilo
2450 4397 2595 4453 nihil
2628 4397 2948 4469 quidquam
2979 4396 3038 4453 in
3089 4414 3285 4453 rerum
3318 4401 3589 4454 naturam

1945 4491 2183 4563 profert,
2229 4490 2328 4546 sed
2376 4487 2666 4561 quidquid
2715 4487 2873 4557 facit,
2900 4487 2954 4542 id
3004 4504 3072 4543 ex
3101 4488 3363 4559 subjecta
3412 4492 3596 4543 mate-

178 4597 335 4637 mus.
370 4580 484 4636 Nec
513 4582 669 4637 enim
702 4598 771 4637 ex
822 4596 888 4637 eo
920 4581 1070 4652 quod
1121 4597 1236 4636 non
1268 4582 1392 4635 erat
1421 4579 1479 4634 in
1511 4579 1826 4635 essentiam
1856 4575 1904 4641 D
1938 4580 2023 4635 ria
2071 4579 2231 4647 facit,
2281 4578 2638 4650 praecedente
2692 4594 2805 4633 non
2856 4575 3152 4633 voluntate
3201 4580 3457 4645 tantum,
3489 4576 3591 4633 sed

182 4670 506 4740 productus
537 4674 626 4726 est
674 4669 853 4725 Filius
906 4669 1026 4737 Dei,
1058 4667 1333 4740 splendor
1375 4666 1597 4740 glorias,
1639 4668 1832 4740 imago

178 4763 438 4831 paterna:
496 4776 778 4832 personas,
836 4759 1034 4816 vivens
1085 4758 1376 4830 sapientia
1415 4766 1470 4815 et
1543 4760 1831 4830 potentia,

176 4849 433 4904 Verbum
467 4866 570 4921 per
607 4865 670 4905 se
702 4848 1052 4919 subsistens,
1084 4848 1431 4915 essentialis,
1485 4848 1737 4920 perfecta
1768 4852 1824 4904 et

175 4938 308 4994 viva
340 4939 532 5011 imago
564 4939 666 4995 Dei
695 4938 1030 5006 invisibilis,
1063 4938 1164 4994 sed
1184 4954 1413 5009 semper
1434 4937 1542 4994 fuit
1572 4954 1706 4994 eum
1733 4941 1835 4994 Pa-

175 5032 284 5093 tre,
318 5032 375 5084 et
403 5027 461 5082 in
494 5027 647 5099 ipso,
681 5028 754 5083 ab
786 5032 1023 5093 esterno,
1059 5031 1115 5082 et
1135 5026 1261 5083 sine
1294 5026 1579 5099 principio
1606 5044 1671 5083 ex
1707 5028 1833 5099 ipso

175 5118 432 5192 genitus.
470 5116 581 5174 Nec
613 5117 769 5173 enim
804 5116 923 5173 ullo
946 5132 1204 5186 unquam
1232 5121 1491 5187 tempore
1514 5120 1682 5172 Pater
1706 5115 1831 5187 fuit,

177 5225 294 5279 quo
327 5208 511 5263 Filius
542 5224 659 5263 non
688 5206 885 5273 fuerit,
917 5206 1015 5261 sed
1049 5222 1182 5261 cum
1217 5206 1469 5277 primum
1502 5205 1610 5259 fuit
1642 5205 1831 5271 Pater,

174 5299 289 5352 fuit
319 5304 374 5352 et
410 5296 587 5352 Filius
619 5313 686 5352 ex
716 5314 781 5352 eo
814 5296 1065 5366 genitus.
1111 5295 1225 5353 Nec
1276 5295 1433 5349 enim
1468 5294 1591 5348 fieri
1624 5298 1832 5365 potest,

178 5392 245 5443 ut
274 5388 493 5459 absque
530 5385 668 5441 Filio
702 5386 869 5441 Pater
901 5390 1155 5441 vocetur.
1190 5384 1353 5447 Quod
1386 5382 1434 5437 si
1468 5381 1683 5437 Filium
1717 5398 1832 5437 non

182 5481 513 5550 habuisset,
578 5479 745 5535 Pater
821 5478 1278 5550 haudquaquam
1366 5475 1597 5545 fuisset,
1655 5478 1711 5530 et
1782 5475 1833 5531 si

254 5660 279 5697 ⁸
308 5661 506 5721 κακὴ,
544 5676 745 5729 xxviii,
780 5660 866 5715 19.

1945 4669 2121 4725 etiam
2152 4666 2641 4741 prmeogitalione,
2672 4670 2730 4723 et
2760 4667 2889 4737 ejus
2939 4667 3022 4723 rei
3054 4667 3114 4722 in
3168 4667 3366 4723 animo
3409 4666 3597 4724 infor-

1945 4760 2221 4827 matione,
2252 4774 2427 4830 quam
2460 4757 2647 4814 facere
2676 4756 2957 4826 instituit,
2990 4761 3267 4828 sequente
3307 4774 3439 4813 vero
3470 4774 3593 4813 ma-

1944 4868 2127 4908 nuum
2160 4851 2514 4923 operatione,
2545 4866 2664 4906 una
2687 4867 2823 4906 eum
2873 4848 3093 4905 laboris
3140 4854 3197 4905 et
3244 4849 3399 4904 tedii
3448 4848 3595 4903 tole-

1944 4942 2132 4998 rantia
2162 4958 2175 4997 :
2210 4942 2293 4998 ita
2326 4945 2544 5009 tamen,
2578 4944 2640 4996 ut
2668 4938 3094 5011 exspectatione
3142 4955 3246 4994 sua
3289 4952 3443 5008 saepe
3488 4938 3590 4991 de-

1946 5031 2269 5099 fraudatur,
2302 5047 2407 5086 nee
2438 5046 2529 5086 res
2562 5030 2639 5084 ita
2678 5028 2972 5094 succedat,
3007 5031 3179 5098 prout
3231 5026 3426 5081 animo
3458 5041 3591 5097 pro-

1944 5125 2219 5191 posuerat
2252 5136 2265 5175 :
2298 5126 2453 5176 Deus
2486 5123 2681 5175 autem
2714 5117 2804 5173 vel
2835 5116 2961 5173 sola
2984 5117 3284 5171 voluntate
3314 5131 3383 5170 ex
3409 5113 3592 5169 nihilo

1945 5214 2157 5264 cuncta
2186 5208 2245 5263 in
2279 5225 2471 5264 rerum
2499 5213 2768 5264 naturam
2795 5204 3114 5277 produxit),
3146 5204 3227 5260 ita
3258 5220 3361 5259 nee
3388 5204 3593 5261 eodem

1945 5296 2117 5352 modo
2152 5300 2295 5351 Deus
2325 5304 2379 5351 et
2411 5296 2586 5351 homo
2617 5297 2874 5367 generat.
2909 5294 3062 5347 Deus
3096 5292 3273 5359 enim,
3310 5308 3439 5347 cum
3469 5290 3593 5347 sine

1946 5392 2203 5457 tempore
2234 5389 2289 5440 et
2318 5386 2444 5441 sine
2476 5384 2759 5456 principio
2801 5384 2897 5451 sit,
2932 5382 3003 5437 ad
3054 5380 3173 5437 haec
3223 5380 3589 5453 impatibilis,

1946 5473 2354 5540 inexhaustus,
2416 5472 2794 5545 incorporeus
2850 5476 2907 5530 et
2962 5470 3142 5541 solus,
3197 5471 3313 5529 ﬁne
3374 5477 3590 5542 careat,
