4044 6212
452 349 607 418 1171

1759 339 2070 418 uicem
2110 345 2525 417 GHONIATIE

3726 339 3892 419 1172

444 491 668 546 idcirco
701 490 828 546 sine
859 493 1136 561 tempore,
1171 492 1226 545 et
1256 489 1383 545 sine
1410 489 1718 560 principio,
1754 489 1952 545 adhaec
1984 487 2110 543 sine
2140 489 2194 556 Α
2225 493 2416 544 tamen
2465 487 2521 542 id
2577 488 2953 559 generatione
3009 489 3106 546 sed
3143 491 3516 562 processione
3570 493 3660 549 ﬁt.
3720 493 3894 550 Alius

454 581 730 652 passione
760 583 819 634 et
850 580 1004 634 ﬂuxu
1039 585 1299 651 generat,
1334 587 1506 651 atque
1539 581 1680 635 adeo
1735 578 1881 634 citra
1930 593 2110 649 copu-

453 671 594 738 lam,
630 669 1033 742 principioque
1090 671 1340 741 denique
1390 675 1445 726 et
1475 672 1590 726 {ine
1640 676 1796 724 caret
1845 669 1972 739 ejus
2027 667 2112 720 in-

458 759 883 830 comprehensa
928 761 1246 830 generatio.
1283 760 1351 814 Et
1403 759 1685 832 principio
1731 759 1967 830 quidem
2018 774 2115 811 ca-

473 855 579 918 ret,
614 849 714 918 qui
747 848 1132 904 immutabilis
1165 855 1295 918 est;
1331 853 1484 904 ﬂuxu
1513 855 1707 905 autem
1731 850 1865 920 quia
1889 850 2113 921 impati-

457 938 597 994 bilis
630 944 689 994 et
722 939 1061 1010 incorporea
1096 957 1108 998 :
1145 941 1288 995 citra
1319 941 1589 1012 copulam
1617 957 1769 1006 vero,
1795 940 1932 1011 quia
1965 939 2117 994 Deus

469 1028 852 1100 incorporeus
883 1029 981 1097 sit,
1017 1033 1073 1083 et
1103 1028 1265 1086 solus
1297 1029 1536 1084 alterius
1587 1045 1694 1100 ope
1745 1046 1857 1083 non
1909 1033 2070 1098 egeat
2104 1043 2116 1081 :

462 1117 591 1172 sine
641 1117 754 1173 fine
801 1122 992 1173 autem
1044 1124 1100 1172 et
1147 1116 1570 1184 indesinenter,
1619 1116 1758 1189 quia
1811 1116 2116 1188 principio,

465 1211 727 1278 tempore
761 1207 992 1278 tineque
1044 1214 1256 1275 careat,
1289 1208 1423 1277 quia
1468 1207 1717 1278 denique
1764 1222 1994 1277 semper
2023 1220 2118 1260 eo-

467 1298 601 1352 dem
643 1312 704 1351 se
759 1297 932 1351 modo
992 1295 1222 1351 habeat.
1283 1296 1580 1367 Quidquid
1632 1295 1783 1351 enim
1835 1293 2122 1366 principio

473 1391 654 1454 caret,
688 1384 838 1441 idem
861 1387 975 1440 ﬁne
1000 1403 1231 1462 quoque
1252 1391 1430 1454 caret,
1456 1390 1630 1458 atque
1653 1402 1715 1441 se
1737 1385 1906 1440 modo
1931 1384 2125 1439 eodem

472 1491 708 1546 semper
739 1475 933 1529 habet.
970 1476 1076 1544 Qui
1108 1491 1242 1530 vero
1277 1492 1374 1546 per
1397 1476 1637 1546 gratiam
1663 1475 1776 1530 fine
1801 1479 1979 1541 caret,
2009 1489 2125 1528 non

468 1566 666 1621 statim
704 1566 830 1620 sine
863 1564 1148 1635 principio
1202 1570 1291 1620 est
1320 1582 1331 1618 :
1363 1565 1856 1636 quemadmodum
1911 1563 2125 1635 angeli.

474 1657 724 1711 Generat
757 1655 934 1726 igitur
968 1655 1068 1727 qui
1106 1671 1334 1726 semper
1360 1660 1448 1710 est
1478 1661 1632 1710 Deus
1663 1655 1917 1709 Verbum
1954 1671 2127 1708 suum

480 1745 670 1817 ipsius
702 1745 1045 1816 perfectum,
1079 1744 1255 1816 idque
1287 1744 1413 1800 sine
1471 1746 1757 1818 principio
1803 1750 1858 1800 et
1888 1746 2027 1814 ﬁne,
2059 1761 2131 1800 ne

2220 576 2312 631 hic
2351 582 2439 633 est
2470 578 2864 633 subsistentia;
2899 580 3127 650 modus,
3148 581 3685 653 incomprehensus
3722 589 3782 638 et
3815 583 3902 638 in-

2219 667 2484 735 cognitus
2524 668 3019 738 quemadmodum
3073 676 3131 726 et
3180 670 3309 726 Filii
3359 674 3689 742 generatio.
3740 676 3896 736 Quo-

2221 755 2372 810 circa
2403 773 2762 830 quaaeunque
2803 764 2969 814 Pater
3019 759 3214 830 habet,
3251 778 3318 816 ea
3366 761 3540 816 habet
3588 771 3647 816 et
3681 761 3896 828 Filius,

2223 851 2433 917 praeter
2463 864 2635 918 quam
2671 849 2827 919 quod
2860 849 3155 919 ingenitus
3190 867 3301 905 non
3336 857 3444 920 est,
3479 867 3602 922 qua
3647 852 3897 922 quidem

2223 951 2285 990 re
2322 952 2508 1006 neque
2539 939 2806 992 essentias
2839 938 3187 1007 differentia,
3227 957 3418 1013 neque
3468 942 3768 1013 dignitas,
3805 942 3897 996 sed

2223 1025 2577 1081 exsistentize
2647 1029 2855 1083 modus
2921 1029 3309 1101 signiﬁcatur,
3380 1032 3895 1102 quemadmodum

2229 1118 2490 1174 Adamus
2520 1135 2755 1191 quoque
2802 1120 3103 1192 ingenitus
3135 1127 3237 1189 est,
3275 1139 3407 1178 cum
3463 1122 3563 1178 Dei
3620 1126 3899 1178 creatura

2229 1207 2306 1262 sit
2337 1223 2349 1262 :
2385 1207 2598 1264 Sethus
2619 1212 2813 1264 autem
2844 1211 3101 1281 genitus,
3136 1211 3268 1281 quia
3317 1211 3522 1266 Adami
3580 1212 3792 1267 Filius.
3823 1216 3896 1266 At

2229 1297 2344 1352 Eva
2376 1314 2443 1352 ex
2469 1297 2681 1352 Adami
2729 1298 2908 1354 latere
2948 1316 3275 1372 progressa,
3325 1317 3428 1356 nec
3481 1302 3650 1356 enim
3699 1301 3896 1372 genita

2231 1390 2338 1441 est.
2373 1386 2441 1439 lli
2477 1402 2676 1442 omnes
2711 1386 3167 1459 haudquaquam
3211 1394 3422 1445 natura
3451 1391 3613 1447 inter
3640 1406 3710 1445 se
3735 1389 3897 1444 diﬂe-

2232 1479 2391 1541 runt,
2425 1492 2558 1530 cum
2609 1476 2728 1531 sint
2788 1475 3080 1545 homines,
3140 1479 3240 1534 sed
3284 1479 3648 1535 exsistentia
3705 1480 3897 1534 modo.

2239 1563 2575 1635 [Sciendum
2634 1564 2788 1620 enim
2845 1573 2951 1634 est,
2987 1567 3144 1637 quod
3191 1565 3476 1641 ἀγένητον,
3511 1567 3562 1624 si
3625 1585 3737 1639 per
3772 1569 3900 1624 uni-

2238 1669 2370 1708 cum
2390 1675 2414 1707 ν
2433 1654 2742 1722 scribatur,
2768 1654 2823 1709 id
2845 1655 3159 1726 signiﬁcat,
3175 1657 3331 1728 quod
3357 1673 3461 1712 nec
3482 1663 3788 1725 creatum,
3815 1675 3908 1712 nec

2246 1746 2462 1800 factum
2496 1749 2622 1812 est;
2655 1743 2947 1819 ἀγνενητον
2986 1763 3142 1813 vero,
3177 1765 3280 1819 per
3305 1749 3522 1820 duplex
3543 1771 3597 1818 ν,
3625 1750 3686 1803 id
3725 1750 3906 1815 signi-

478 1833 540 1888 in
573 1839 834 1905 tempore
868 1833 1054 1904 pariat
1083 1834 1256 1898 Deus,
1290 1835 1460 1905 cujus
1509 1841 1720 1890 natura
1770 1839 1827 1889 et
1875 1835 2130 1889 essentia
2161 1848 2208 1911 Β
2241 1835 2398 1902 ﬁcat,
2430 1835 2585 1905 quod
2617 1835 2880 1906 genitum
2907 1852 3020 1891 non
3045 1841 3151 1892 est.
3184 1837 3315 1892 Jam
3346 1838 3538 1908 priore
3563 1839 3903 1908 signiﬁcate

480 1927 715 1993 tempus
785 1939 958 1978 omne
1015 1929 1272 1995 superat.
1336 1925 1518 1979 Homo
1587 1927 1778 1978 autem
1840 1923 2131 1978 contrario

487 2009 645 2066 haud
680 2011 856 2066 dubie
900 2012 1070 2066 modo
1129 2019 1384 2082 generat,
1420 2022 1482 2068 ut
1537 2012 1636 2083 qui
1692 2011 2046 2083 generationi
2079 2016 2134 2068 et

492 2101 862 2172 corruptioni,
900 2101 1075 2156 {luxui
1110 2108 1166 2156 et
1198 2101 1669 2173 multiplicationi
1710 2101 1786 2156 sit
1827 2101 2132 2167 obnoxius,

492 2198 666 2262 atque
697 2207 934 2263 corpore
965 2191 1228 2256 vestitus,
1260 2192 1427 2262 cujus
1459 2195 1665 2246 natura
1717 2189 1937 2262 duplici
1968 2207 2131 2259 sexu,

491 2281 841 2351 masculino,
875 2281 1138 2353 inquam,
1169 2285 1224 2336 et
1255 2280 1535 2336 feminino
1574 2280 1844 2336 distincta
1874 2285 1982 2334 est.
2013 2281 2130 2335 Ma-

487 2370 784 2426 sculinum
804 2371 958 2426 enim
983 2369 1243 2426 feminini
1267 2370 1555 2441 adjutorio
1574 2373 1702 2441 eget
1725 2387 1738 2424 :
1761 2374 1966 2425 Pareat
1989 2368 2132 2424 mihi

490 2462 796 2530 Dominus,
818 2461 916 2532 qui
943 2461 1115 2516 rebus
1135 2461 1410 2515 omnibus
1437 2466 1646 2532 prmest
1671 2476 2024 2530 omnemque
2050 2459 2133 2512 in-

485 2550 781 2606 tellectum
801 2557 857 2607 et
873 2567 1105 2607 omnem
1123 2552 1327 2607 mentis
1345 2551 1782 2622 conceptionem
1799 2553 2128 2621 exsuperat.

1080 2659 1230 2713 CAP.
1271 2657 1537 2713 XXXIV.

485 2749 917 2804 Praecedentium
931 2748 1418 2818 anaccphalaeosz's,
1453 2752 1764 2820 Δγεννητου
1786 2750 1835 2802 et
1863 2744 2131 2820 ἀγενήτῳ

548 2820 882 2901 differentia.
946 2817 1326 2887 Paternitatis,
1407 2817 1722 2890 ﬁtidtiom‘s,
1769 2817 2133 2891 processionis

549 2897 724 2962 origo,
757 2897 865 2948 etc.

565 2999 743 3054 Docet
777 2998 972 3069 itaque
1003 3004 1225 3065 sancta,
1259 2997 1563 3065 catholica,
1599 3002 1655 3053 et
1685 2997 2001 3070 apostolica
2026 2997 2128 3052 Ec-

497 3087 675 3142 clesia
713 3091 940 3142 Patrem
975 3092 1032 3142 et
1061 3086 1430 3158 unigenitum
1464 3087 1591 3157 ejus
1626 3087 1858 3154 Filium,
1890 3086 1962 3142 ab
2003 3087 2128 3158 ipso

479 3175 608 3232 sine
640 3179 914 3246 tempore,
949 3175 1131 3241 ﬂuxu,
1163 3176 1434 3247 passione
1467 3193 1479 3231 :
1512 3181 1686 3247 atque
1719 3176 1800 3232 ita
1841 3175 2123 3247 genitum,

484 3271 552 3322 ut
608 3284 642 3321 a
690 3265 849 3321 nullo
907 3267 1324 3338 comprehendi
1355 3275 1526 3338 queat
1559 3267 1699 3334 :ita,
1759 3267 2017 3338 inquam,
2061 3271 2126 3322 ut

481 3354 643 3410 solus
681 3361 835 3410 Deus
868 3355 1275 3410 universorum
1299 3361 1668 3427 perspectum
1700 3355 1891 3424 habet,
1921 3372 2124 3426 quem-

480 3443 797 3499 admodum
829 3443 1002 3516 ignis,
1038 3448 1094 3499 et
1123 3461 1190 3499 ex
1221 3445 1649 3516 eo.procedens
1697 3445 1896 3498 lumen
1948 3443 2124 3499 simul

483 3536 542 3588 et
574 3550 690 3587 una
721 3537 880 3603 sunt,
914 3549 1018 3588 nec
1069 3533 1342 3605 precedit
1392 3533 1567 3605 ignis,
1602 3533 1983 3604 sequiturque
2031 3533 2122 3588 lu-

479 3637 634 3689 men,
685 3623 786 3677 sed
837 3621 1012 3677 simul
1059 3628 1114 3677 et
1148 3640 1263 3677 una
1312 3628 1450 3677 sunt
1483 3641 1496 3690 ;
1532 3630 1582 3676 et
1625 3623 2120 3693 quemadmodum

475 3708 679 3766 lumen
711 3728 778 3766 ex
826 3711 958 3782 igne
1009 3727 1241 3782 semper
1287 3712 1565 3783 gignitur,
1600 3715 1655 3766 et
1702 3728 1932 3783 semper
1964 3712 2022 3766 in
2056 3706 2120 3766 eo

474 3805 586 3868 est,
627 3817 730 3855 nec
781 3801 899 3856 ullo
947 3800 1118 3855 modo
1173 3800 1244 3854 ab
1301 3800 1400 3856 illo
1450 3805 1774 3871 separatur,
1810 3801 1892 3855 ita
1940 3801 2119 3857 Filius

475 3890 653 3947 etiam
697 3907 762 3945 ex
795 3893 964 3945 Patre
1006 3894 1336 3962 generatur,
1373 3894 1436 3945 ut
1484 3891 1556 3946 ab
1611 3891 1738 3962 ipso
1791 3889 2120 3946 nullatenus

475 3984 798 4052 separetur,
833 3980 934 4035 sed
978 3979 1034 4032 in
1070 3996 1135 4035 eo
1185 3995 1414 4051 semper
1462 3984 1569 4035 est.
1620 3986 1690 4034 At
1742 3995 1872 4035 vero
1921 3980 2118 4035 lumen

475 4069 693 4140 ipsum,
730 4070 880 4140 quod
913 4086 980 4124 ex
1024 4070 1158 4141 igne
1205 4069 1674 4139 inseparabiliter
1728 4070 2004 4136 nascitur,
2066 4073 2122 4125 et

475 4175 705 4230 semper
735 4158 790 4212 in
824 4174 889 4214 eo
944 4162 1140 4213 manet
1193 4160 1482 4230 propriam
1530 4158 1888 4230 hypostasin,
1919 4163 2019 4214 aut
2049 4159 2119 4214 ab

476 4248 611 4320 igne
668 4248 993 4318 sejunctam
1067 4264 1179 4302 non
1240 4246 1437 4317 habet,
1495 4264 1626 4303 cum
1686 4248 1762 4302 sit
1840 4248 2121 4303 naturalis

482 4336 734 4410 qualitas
766 4337 949 4408 ipsius
1005 4336 1180 4408 ignis.
1215 4335 1563 4406 Umgenitus
1623 4341 1817 4392 autem
1877 4335 1977 4391 Dei
2030 4336 2124 4391 Fi—

477 4425 615 4494 lius,
649 4443 681 4480 a
711 4426 877 4480 Patre
908 4421 1378 4496 inseparabiliter
1406 4429 1461 4479 et
1493 4425 1834 4480 indistincte
1865 4424 2120 4496 genitus,

478 4520 654 4587 atque
703 4532 936 4587 semper
985 4516 1039 4570 in
1092 4532 1158 4570 eo
1210 4531 1473 4583 manens,
1524 4517 1816 4588 propriam
1847 4521 1902 4572 et
1947 4534 1976 4570 a
2023 4533 2122 4588 pa-

2241 1925 2497 1980 essentia
2525 1924 2716 1979 diii‘ert
2738 1924 2809 1979 ab
2841 1926 3116 1980 essentia.
3150 1926 3274 1982 Alia
3324 1928 3484 1982 enim
3523 1929 3799 1984 essentia
3829 1933 3907 1983 est

2241 2013 2520 2080 increata,
2550 2030 2649 2069 seu
2685 2011 2944 2085 ἀγένητος
2990 2030 3088 2083 per
3119 2015 3354 2070 unicum
3389 2038 3443 2078 ν,
3473 2016 3718 2088 aliaque
3774 2018 3906 2072 item

2241 2102 2438 2178 γενητή
2473 2119 2572 2158 seu
2605 2107 2814 2158 creata.
2854 2103 3173 2160 Posteriore
3223 2121 3354 2160 vero
3407 2107 3760 2177 signiﬁcato
3822 2124 3908 2162 es-

2243 2193 2431 2247 sentia
2476 2192 2621 2246 nihil
2675 2192 2991 2264 quidquam
3028 2194 3100 2248 ab
3133 2195 3388 2250 essentia
3420 2196 3668 2266 differt.)
3705 2197 3906 2253 Omnis

2241 2283 2397 2338 enim
2416 2283 2806 2338 animantium
2825 2284 3032 2354 speciei
3049 2284 3236 2355 prima
3258 2286 3600 2358 hypostasis
3617 2286 3907 2360 ἀγένητσς,

2242 2373 2350 2428 hoc
2411 2372 2689 2444 ingenita,
2758 2389 2872 2428 non
2958 2379 3150 2430 autem
3225 2372 3542 2449 ἀγέννητος,
3625 2377 3745 2432 hoc
3825 2385 3906 2432 est

2240 2462 2495 2518 increata
2546 2463 2676 2517 fuit.
2731 2464 2932 2518 Creata
2979 2466 3134 2520 enim
3170 2483 3202 2520 a
3247 2466 3549 2521 conditore
3604 2466 3731 2521 Deo
3782 2472 3912 2521 sunt

2241 2570 2328 2618 ea,
2364 2567 2725 2623 quiscunque
2774 2553 2946 2607 verbo
2978 2570 3085 2608 suo
3147 2555 3244 2610 ille
3278 2554 3340 2609 in
3374 2572 3577 2610 rerum
3629 2561 3904 2611 naturam

2241 2641 2515 2713 produxit
2549 2656 2561 2696 ε
2597 2639 2795 2712 genita
2824 2656 2958 2696 vero
2991 2641 3442 2712 haudquaquam
3478 2645 3753 2709 fuerunt,
3782 2660 3904 2698 cum

2241 2730 2472 2786 nullum
2521 2730 2784 2800 ejusdem
2837 2729 3052 2801 speciei
3111 2730 3330 2786 animal
3383 2737 3560 2787 antea
3607 2737 3795 2796 esset,
3848 2749 3906 2788 ex

2240 2838 2355 2893 quo
2380 2820 2537 2891 gigni
2575 2825 2830 2890 possent.
2863 2821 2994 2876 Jam
3028 2819 3077 2875 si
3112 2820 3364 2892 priorem
3400 2821 3902 2892 significationem

2239 2901 2532 2981 sequaris,
2568 2915 2684 2965 tres
2712 2909 2825 2965 illae
2858 2909 3070 2966 divina:
3101 2910 3445 2982 hypostases
3477 2911 3637 2967 inter
3671 2927 3741 2968 se
3772 2929 3904 2968 con-

2240 3001 2505 3067 veniunt,
2558 3015 2683 3070 qua:
2718 2999 2775 3053 in
2827 3004 3033 3055 saneta
3089 2999 3392 3056 divinitate
3452 3000 3828 3066 elucescunt,
3860 3003 3905 3056 si

2237 3088 2473 3160 quidem
2505 3087 3036 3144 eonsubstantiales
3068 3093 3124 3144 et
3155 3089 3421 3145 increataa
3466 3096 3610 3145 sunt
3652 3107 3667 3144 :
3705 3096 3903 3162 poste-

2239 3177 2448 3233 riorem
2482 3194 2612 3232 vero
2644 3177 3134 3248 signiﬁcationem
3168 3179 3217 3234 si
3249 3180 3543 3250 sequaris,
3579 3179 3900 3251 haudqua-

2238 3283 2414 3338 quam
2444 3267 2822 3322 conveniunt.
2855 3265 3028 3323 Solus
3057 3268 3214 3324 enim
3248 3267 3418 3324 Pater
3449 3269 3767 3340 ingenitus
3795 3275 3899 3335 est,

2235 3373 2340 3412 nec
2383 3356 2563 3423 enim,
2597 3361 2662 3411 ut
2708 3357 2804 3426 sit,
2837 3357 2908 3412 ab
2959 3356 3071 3412 alia
3121 3357 3418 3429 hypostasi
3466 3358 3659 3414 habet
3695 3377 3708 3414 :
3741 3360 3897 3415 solus

2233 3461 2460 3517 quoque
2504 3445 2682 3501 Filius
2723 3445 2979 3518 genitus,
3017 3446 3118 3517 qui
3152 3462 3218 3501 ex
3275 3447 3460 3502 Patris
3516 3451 3783 3503 essentia
3831 3451 3896 3503 ab

2234 3541 2447 3590 aaterno
2496 3540 2552 3590 et
2599 3534 2721 3590 sine
2776 3540 3044 3607 tempore
3102 3536 3379 3606 genitus:
3415 3535 3582 3592 solus
3636 3540 3895 3608 denique

2232 3625 2485 3694 Spiritus
2531 3628 2770 3680 sanctus
2821 3624 3076 3695 procedit
3108 3641 3176 3679 ex
3217 3625 3345 3697 ipsa
3395 3626 3585 3681 Patris
3634 3628 3710 3696 (et
3742 3627 3892 3696 Filii)

2232 3713 2508 3781 essentia,
2546 3729 2660 3767 non
2689 3713 2948 3784 genitus,
2983 3713 3081 3768 sed
3115 3714 3456 3784 procedens,
3491 3720 3556 3768 ut
3585 3732 3750 3770 sacra
3790 3731 3892 3769 nos

2232 3802 2534 3874 Scriptura
2567 3801 2758 3872 docet,
2787 3803 3056 3874 quamvis
3089 3802 3321 3858 interim
3356 3820 3462 3858 nec
3494 3804 3892 3875 generationis

2231 3908 2338 3948 nec
2371 3891 2762 3964 processionis
2791 3891 3002 3948 modus
3032 3892 3446 3963 comprehendi
3475 3893 3684 3964 possit.

2301 3981 2418 4038 Hoc
2451 3998 2620 4052 porro
2653 3981 2957 4038 sciendum
3008 3985 3119 4049 est,
3152 3983 3546 4054 paternitatis,
3581 3983 3890 4039 filiationis

2230 4077 2286 4127 et
2317 4071 2702 4141 processionis
2745 4087 2957 4126 nomen
3011 4071 3468 4143 haudquaquam
3519 4090 3552 4128 a
3595 4073 3770 4129 nobis
3822 4075 3889 4129 ad

2231 4161 2457 4216 beatam
2509 4160 2847 4216 Trinitatem
2905 4160 3233 4226 transiisse,
3276 4162 3395 4217 imo
3428 4178 3457 4217 e
3487 4162 3723 4218 diverso
3759 4165 3892 4218 inde

2232 4249 2304 4303 ad
2339 4265 2442 4302 nos
2475 4247 2796 4316 devenisse,
2827 4252 2894 4302 ut
2925 4248 3128 4303 beatus
3158 4247 3470 4319 Apostolus
3503 4249 3580 4305 ait
3619 4252 3892 4321 τρι-ομιττ-

2232 4337 2329 4392 hoc
2355 4339 2509 4407 ﬂecto
2539 4353 2719 4406 genua
2749 4352 2869 4391 mea
2900 4337 2970 4391 ad
2996 4338 3168 4392 Deum
3224 4343 3464 4404 Patrem,
3515 4355 3585 4394 ea:
3636 4355 3743 4410 quo
3789 4358 3890 4411 pa-

2234 4427 2466 4481 ternitas
2521 4425 2699 4482 omni:
2756 4427 2815 4479 in
2871 4426 3001 4480 ccclo
3057 4430 3111 4480 et
3170 4426 3412 4482 interra
3439 4425 3506 4482 ε’.
3565 4428 3696 4483 Jam
3760 4445 3892 4485 vero

2235 4515 2502 4588 quamvis
2533 4519 2783 4579 Patrem,
2818 4515 3172 4587 principium
3205 4515 3354 4585 Filii,
3385 4532 3571 4588 eoque
3605 4519 3891 4590 majorem

477 4577 645 4658 terna
703 4577 962 4674 sejuiicta
1012 4603 1354 4674 hypostasin
1410 4577 1604 4660 habet.
1632 4577 1931 4668 .Quocirca
1977 4577 2120 4660 ver-
2153 4577 2198 4641 Β
2231 4577 2359 4663 esse
2391 4607 2672 4676 dicamus,
2708 4577 2836 4661 non.
2863 4577 3059 4662 tamen
3094 4622 3225 4662 eum
3256 4577 3400 4663 Filio
3434 4577 3718 4680 priorem'
3743 4615 3893 4666 tem-

474 4691 609 4748 bum
640 4696 696 4747 et
727 4691 1002 4763 splendor
1033 4691 1262 4760 dicitur,
1297 4694 1435 4763 quia
1489 4693 1632 4748 citra
1663 4694 1950 4765 copulam,
1986 4695 2112 4750 sine

473 4783 768 4856 passione,
803 4785 1082 4851 tempore,
1133 4782 1287 4836 ﬂuxu
1340 4789 1396 4838 et
1452 4784 1838 4855 separatione,
1867 4801 1900 4838 a
1949 4784 2114 4839 Patre

467 4874 701 4948 genitus
746 4873 869 4941 sit;
924 4872 1104 4928 Filius
1155 4890 1287 4929 vero
1328 4880 1381 4928 et
1428 4873 1810 4945 hypostaseos
1861 4879 2113 4944 paternae

467 4967 789 5036 character,
824 4963 961 5036 quia
983 4964 1273 5035 perfectus
1306 4968 1413 5030 est,
1449 4978 1551 5034 per
1601 4978 1778 5034 seque
1818 4963 2110 5030 subsistit,

462 5073 569 5128 per
605 5055 803 5112 omnia
833 5054 990 5109 Patri
1042 5053 1274 5123 similis,
1311 5056 1692 5124 praeterquam
1746 5053 1900 5125 quod
1950 5055 2113 5125 inge-

465 5147 627 5202 nitus
660 5163 774 5201 non
831 5142 924 5198 sit.
959 5141 1305 5210 Unigenitus
1359 5145 1578 5209 autem,
1633 5144 1786 5213 quod
1837 5142 1998 5197 solus
2045 5159 2112 5196 ex

465 5237 587 5294 solo
621 5236 789 5291 Patre
821 5231 1010 5288 solum
1061 5231 1293 5303 genitus
1345 5231 1440 5285 sit.
1476 5229 1589 5286 Nec
1639 5231 1792 5286 enim
1838 5232 1951 5286 alia
1992 5231 2112 5286 ulla

464 5325 762 5396 generatio
788 5330 893 5391 est,
928 5338 1052 5393 qua:
1107 5336 1236 5375 cum
1279 5319 1401 5375 Filii
1437 5318 1536 5374 Dei
1570 5322 1942 5392 generatione
1975 5337 2109 5376 con-

464 5414 598 5468 ferri
631 5417 828 5485 queat,
863 5427 992 5465 cum
1048 5409 1199 5466 alius
1231 5409 1300 5466 ab
1332 5427 1396 5466 eo
1447 5409 1544 5464 Dei
1606 5411 1788 5466 Filius
1847 5428 1958 5467 non
2012 5413 2108 5470 sit.

466 5500 584 5555 Etsi
627 5502 783 5556 enim
816 5498 1068 5570 Spiritus
1099 5504 1340 5557 sanctus
1367 5515 1432 5556 ex
1481 5503 1650 5556 Patre
1680 5500 1960 5576 procedit,
1993 5518 2108 5559 non

535 5671 562 5713 ⁸
590 5673 734 5750 Eph.
765 5690 854 5746 ιιι,
889 5675 974 5733 14.

2231 4711 2368 4768 pore
2412 4703 2510 4752 aut
2563 4699 2774 4750 natura
2822 4695 3003 4750 fuisse
3053 4694 3456 4767 significamus
3509 4701 3638 4768 (per
3690 4700 3890 4770 ipsum

2222 4785 2378 4842 enim
2413 4785 2543 4840 fecit
2576 4783 2829 4854 saecula),
2865 4801 3054 4856 neque
3086 4784 3201 4840 alia
3252 4784 3373 4841 ulla
3403 4803 3482 4855 re,
3536 4788 3652 4843 nisi
3687 4806 3889 4857 causa,

2227 4875 2337 4930 hoc
2368 4878 2456 4930 est
2481 4874 2620 4945 quia
2652 4872 2836 4930 Filius
2867 4889 2933 4929 ex
2963 4874 3127 4930 Patre
3155 4875 3391 4945 genitus
3415 4875 3513 4946 sit,
3546 4892 3666 4932 non
3689 4883 3889 4934 autem

2222 4965 2386 5021 Pater
2434 4979 2502 5019 ex
2549 4961 2712 5020 Filio.
2772 4963 2936 5030 Item,
2971 4963 3110 5033 quia
3156 4962 3326 5019 Pater
3374 4965 3726 5022 naturaliter
3766 4969 3890 5023 Filii

2222 5069 2399 5110 causa
2438 5056 2545 5119 est,
2579 5053 3075 5124 quemadmodum
3132 5071 3247 5109 non
3288 5069 3356 5109 ex
3403 5053 3631 5110 lumine
3686 5055 3890 5129 ignem

2221 5143 2533 5216 procedere
2588 5142 2862 5210 dicimus,
2916 5141 3034 5197 imo
3092 5143 3288 5213 potius
3337 5159 3405 5198 ex
3457 5144 3595 5215 igne
3658 5144 3889 5202 lumen.

2223 5234 2421 5306 Itaque
2467 5233 2696 5304 quoties
2749 5232 2972 5287 Patrem
3008 5231 3136 5286 Filii
3195 5233 3552 5304 principium
3607 5250 3765 5302 esse,
3807 5237 3888 5293 Fi-

2221 5323 2417 5396 lioque
2468 5323 2747 5392 majorem
2782 5321 3112 5386 audiemus,
3163 5337 3342 5377 causa
3390 5322 3448 5378 id
3498 5339 3704 5380 verum
3761 5343 3885 5382 esse

2219 5413 2641 5485 intelligamus.
2664 5410 3232 5484 thuemadmedum
3256 5412 3434 5467 aliam
3459 5413 3642 5486 ignis,
3668 5415 3882 5472 aliam-

2221 5518 2330 5577 que
2363 5501 2604 5563 luminis
2633 5504 2945 5562 essentiam
2993 5517 3110 5558 non
3140 5500 3418 5573 dicimus,
3453 5502 3535 5559 ita
3584 5505 3719 5562 ﬁeri
3774 5522 3876 5565 non
