  <div class='ocr_page' id='page_1' title='image "/cluster/home/n/w/nwhite01/storage/ocr_20150623/139/hvd.32044023361710/592.png"; bbox 0 0 4066 6208; ppageno 0'>
   <div class='ocr_carea' id='block_1_1' title="bbox 284 442 442 505">
    <p class='ocr_par' dir='ltr' id='par_1_1' title="bbox 284 442 442 505">
     <span class='ocr_line' id='line_1_1' title="bbox 284 442 442 505; baseline -0.006 0"><span class='ocrx_word' id='word_1_1' title='bbox 284 442 442 505; x_wconf 75' lang='grc'>1173</span> 
     </span>
    </p>
   </div>
   <div class='ocr_carea' id='block_1_2' title="bbox 1643 436 2362 511">
    <p class='ocr_par' dir='ltr' id='par_1_2' title="bbox 1643 436 2362 511">
     <span class='ocr_line' id='line_1_2' title="bbox 1643 436 2362 511; baseline -0.011 -2"><span class='ocrx_word' id='word_1_2' title='bbox 1643 448 2041 511; x_wconf 80' lang='lat' dir='ltr'>THESAUBI</span> <span class='ocrx_word' id='word_1_3' title='bbox 2086 436 2236 507; x_wconf 87' lang='lat' dir='ltr'><strong>LIB.</strong></span> <span class='ocrx_word' id='word_1_4' title='bbox 2285 440 2362 502; x_wconf 88' lang='lat' dir='ltr'>ll.</span> 
     </span>
    </p>
   </div>
   <div class='ocr_carea' id='block_1_3' title="bbox 3521 435 3709 503">
    <p class='ocr_par' dir='ltr' id='par_1_3' title="bbox 3521 435 3709 503">
     <span class='ocr_line' id='line_1_3' title="bbox 3521 435 3709 503; baseline -0.005 -1"><span class='ocrx_word' id='word_1_5' title='bbox 3521 435 3523 439; x_wconf 26' lang='grc'><em>⁴</em></span> <span class='ocrx_word' id='word_1_6' title='bbox 3554 442 3709 503; x_wconf 76' lang='grc'>1174</span> 
     </span>
    </p>
   </div>
   <div class='ocr_carea' id='block_1_4' title="bbox 292 576 3708 655">
    <p class='ocr_par' dir='ltr' id='par_1_4' title="bbox 292 576 3708 655">
     <span class='ocr_line' id='line_1_4' title="bbox 292 576 3708 655; baseline 0.001 -19"><span class='ocrx_word' id='word_1_7' title='bbox 292 582 508 653; x_wconf 79' lang='lat' dir='ltr'>potest,</span> <span class='ocrx_word' id='word_1_8' title='bbox 540 583 606 635; x_wconf 89' lang='lat' dir='ltr'>ut</span> <span class='ocrx_word' id='word_1_9' title='bbox 635 580 824 636; x_wconf 82' lang='lat' dir='ltr'>Patris</span> <span class='ocrx_word' id='word_1_10' title='bbox 858 581 992 651; x_wconf 86' lang='lat' dir='ltr'>alia,</span> <span class='ocrx_word' id='word_1_11' title='bbox 1040 582 1289 655; x_wconf 83' lang='lat' dir='ltr'>Filiique</span> <span class='ocrx_word' id='word_1_12' title='bbox 1346 584 1481 653; x_wconf 88' lang='lat' dir='ltr'>alia,</span> <span class='ocrx_word' id='word_1_13' title='bbox 1540 585 1658 641; x_wconf 88' lang='lat' dir='ltr'>imo</span> <span class='ocrx_word' id='word_1_14' title='bbox 1718 603 1837 641; x_wconf 91' lang='lat' dir='ltr'>una</span> <span class='ocrx_word' id='word_1_15' title='bbox 1892 588 1949 641; x_wconf 90' lang='lat' dir='ltr'>et</span> <span class='ocrx_word' id='word_1_16' title='bbox 1977 585 2028 651; x_wconf 79' lang='grc' dir='ltr'><strong>Α</strong></span> <span class='ocrx_word' id='word_1_17' title='bbox 2058 581 2333 654; x_wconf 71' lang='grc' dir='ltr'>γέννησις,</span> <span class='ocrx_word' id='word_1_18' title='bbox 2363 578 2472 635; x_wconf 79' lang='lat' dir='ltr'>hoc</span> <span class='ocrx_word' id='word_1_19' title='bbox 2504 580 2591 633; x_wconf 70' lang='lat' dir='ltr'>est</span> <span class='ocrx_word' id='word_1_20' title='bbox 2621 576 2940 650; x_wconf 72' lang='lat' dir='ltr'>generatio,</span> <span class='ocrx_word' id='word_1_21' title='bbox 2976 579 3149 648; x_wconf 79' lang='lat' dir='ltr'>atque</span> <span class='ocrx_word' id='word_1_22' title='bbox 3204 577 3399 632; x_wconf 69' lang='lat' dir='ltr'>sancti</span> <span class='ocrx_word' id='word_1_23' title='bbox 3456 576 3708 648; x_wconf 69' lang='lat' dir='ltr'>Spiritus</span> 
     </span>
    </p>
   </div>
   <div class='ocr_carea' id='block_1_5' title="bbox 295 670 1944 746">
    <p class='ocr_par' dir='ltr' id='par_1_5' title="bbox 295 670 1944 746">
     <span class='ocr_line' id='line_1_5' title="bbox 295 670 1944 746; baseline 0.002 -22"><span class='ocrx_word' id='word_1_24' title='bbox 295 670 496 725; x_wconf 88' lang='lat' dir='ltr'>eadem</span> <span class='ocrx_word' id='word_1_25' title='bbox 531 670 705 724; x_wconf 89' lang='lat' dir='ltr'>fuerit</span> <span class='ocrx_word' id='word_1_26' title='bbox 733 671 1009 727; x_wconf 79' lang='lat' dir='ltr'>essentia.</span> <span class='ocrx_word' id='word_1_27' title='bbox 1072 673 1140 728; x_wconf 87' lang='lat' dir='ltr'>Et</span> <span class='ocrx_word' id='word_1_28' title='bbox 1189 675 1688 744; x_wconf 84' lang='lat' dir='ltr'>quemadmodum</span> <span class='ocrx_word' id='word_1_29' title='bbox 1748 675 1944 746; x_wconf 84' lang='lat' dir='ltr'>ignem</span> 
     </span>
    </p>
   </div>
   <div class='ocr_carea' id='block_1_6' title="bbox 298 759 1946 835">
    <p class='ocr_par' dir='ltr' id='par_1_6' title="bbox 298 759 1946 835">
     <span class='ocr_line' id='line_1_6' title="bbox 298 759 1946 835; baseline 0.002 -22"><span class='ocrx_word' id='word_1_30' title='bbox 298 759 521 815; x_wconf 85' lang='lat' dir='ltr'>lumine</span> <span class='ocrx_word' id='word_1_31' title='bbox 553 761 705 827; x_wconf 88' lang='lat' dir='ltr'>quod</span> <span class='ocrx_word' id='word_1_32' title='bbox 740 760 1069 831; x_wconf 90' lang='lat' dir='ltr'>ejaculatur</span> <span class='ocrx_word' id='word_1_33' title='bbox 1100 762 1291 819; x_wconf 91' lang='lat' dir='ltr'>lucere</span> <span class='ocrx_word' id='word_1_34' title='bbox 1322 764 1592 835; x_wconf 83' lang='lat' dir='ltr'>dicimus,</span> <span class='ocrx_word' id='word_1_35' title='bbox 1624 781 1729 821; x_wconf 90' lang='lat' dir='ltr'>nec</span> <span class='ocrx_word' id='word_1_36' title='bbox 1752 770 1946 820; x_wconf 87' lang='lat' dir='ltr'>tamen</span> 
     </span>
    </p>
   </div>
   <div class='ocr_carea' id='block_1_7' title="bbox 300 848 1944 922">
    <p class='ocr_par' dir='ltr' id='par_1_7' title="bbox 300 848 1944 922">
     <span class='ocr_line' id='line_1_7' title="bbox 300 848 1944 922; baseline 0.003 -19"><span class='ocrx_word' id='word_1_37' title='bbox 300 850 529 905; x_wconf 82' lang='lat' dir='ltr'>interim</span> <span class='ocrx_word' id='word_1_38' title='bbox 555 848 751 904; x_wconf 82' lang='lat' dir='ltr'>lumen</span> <span class='ocrx_word' id='word_1_39' title='bbox 775 850 898 922; x_wconf 84' lang='lat' dir='ltr'>igni</span> <span class='ocrx_word' id='word_1_40' title='bbox 920 852 1294 909; x_wconf 89' lang='lat' dir='ltr'>subserviens</span> <span class='ocrx_word' id='word_1_41' title='bbox 1316 854 1773 910; x_wconf 75' lang='lat' dir='ltr'>instrumentum</span> <span class='ocrx_word' id='word_1_42' title='bbox 1798 870 1944 922; x_wconf 88' lang='lat' dir='ltr'>esse,</span> 
     </span>
    </p>
   </div>
   <div class='ocr_carea' id='block_1_8' title="bbox 300 939 1945 1011">
    <p class='ocr_par' dir='ltr' id='par_1_8' title="bbox 300 939 1945 1011">
     <span class='ocr_line' id='line_1_8' title="bbox 300 939 1945 1011; baseline 0.002 -18"><span class='ocrx_word' id='word_1_43' title='bbox 300 939 420 993; x_wconf 86' lang='lat' dir='ltr'>imo</span> <span class='ocrx_word' id='word_1_44' title='bbox 452 939 645 1009; x_wconf 81' lang='lat' dir='ltr'>potius</span> <span class='ocrx_word' id='word_1_45' title='bbox 676 940 789 994; x_wconf 88' lang='lat' dir='ltr'>vim</span> <span class='ocrx_word' id='word_1_46' title='bbox 825 944 1153 997; x_wconf 80' lang='lat' dir='ltr'>naturalem</span> <span class='ocrx_word' id='word_1_47' title='bbox 1189 944 1506 1000; x_wconf 89' lang='lat' dir='ltr'>asserimus</span> <span class='ocrx_word' id='word_1_48' title='bbox 1540 962 1555 1011; x_wconf 88' lang='lat'>;</span> <span class='ocrx_word' id='word_1_49' title='bbox 1587 944 1669 999; x_wconf 90' lang='lat' dir='ltr'>ita</span> <span class='ocrx_word' id='word_1_50' title='bbox 1718 948 1945 999; x_wconf 80' lang='lat' dir='ltr'>Patrem</span> 
     </span>
    </p>
   </div>
   <div class='ocr_carea' id='block_1_9' title="bbox 301 1030 1946 1105">
    <p class='ocr_par' dir='ltr' id='par_1_9' title="bbox 301 1030 1946 1105">
     <span class='ocr_line' id='line_1_9' title="bbox 301 1030 1946 1105; baseline 0.004 -24"><span class='ocrx_word' id='word_1_51' title='bbox 301 1043 534 1098; x_wconf 91' lang='lat' dir='ltr'>quoque</span> <span class='ocrx_word' id='word_1_52' title='bbox 567 1031 775 1083; x_wconf 90' lang='lat' dir='ltr'>cuncta</span> <span class='ocrx_word' id='word_1_53' title='bbox 806 1044 933 1099; x_wconf 72' lang='lat' dir='ltr'>quas</span> <span class='ocrx_word' id='word_1_54' title='bbox 965 1030 1122 1101; x_wconf 81' lang='lat' dir='ltr'>facit,</span> <span class='ocrx_word' id='word_1_55' title='bbox 1166 1048 1269 1102; x_wconf 91' lang='lat' dir='ltr'>per</span> <span class='ocrx_word' id='word_1_56' title='bbox 1317 1032 1682 1105; x_wconf 83' lang='lat' dir='ltr'>unigenitum</span> <span class='ocrx_word' id='word_1_57' title='bbox 1737 1031 1946 1087; x_wconf 85' lang='lat' dir='ltr'>Filium</span> 
     </span>
    </p>
   </div>
   <div class='ocr_carea' id='block_1_10' title="bbox 295 1117 1943 1195">
    <p class='ocr_par' dir='ltr' id='par_1_10' title="bbox 295 1117 1943 1195">
     <span class='ocr_line' id='line_1_10' title="bbox 295 1117 1943 1195; baseline 0.003 -24"><span class='ocrx_word' id='word_1_58' title='bbox 295 1133 472 1172; x_wconf 88' lang='lat' dir='ltr'>suum</span> <span class='ocrx_word' id='word_1_59' title='bbox 508 1117 693 1172; x_wconf 86' lang='lat' dir='ltr'>facere</span> <span class='ocrx_word' id='word_1_60' title='bbox 725 1119 1067 1186; x_wconf 82' lang='lat' dir='ltr'>astruimus,</span> <span class='ocrx_word' id='word_1_61' title='bbox 1102 1137 1209 1176; x_wconf 90' lang='lat' dir='ltr'>non</span> <span class='ocrx_word' id='word_1_62' title='bbox 1243 1125 1519 1193; x_wconf 88' lang='lat' dir='ltr'>tanquam</span> <span class='ocrx_word' id='word_1_63' title='bbox 1571 1139 1674 1195; x_wconf 90' lang='lat' dir='ltr'>per</span> <span class='ocrx_word' id='word_1_64' title='bbox 1722 1121 1943 1177; x_wconf 86' lang='lat' dir='ltr'>instru-</span> 
     </span>
    </p>
   </div>
   <div class='ocr_carea' id='block_1_11' title="bbox 290 1206 1949 1282">
    <p class='ocr_par' dir='ltr' id='par_1_11' title="bbox 290 1206 1949 1282">
     <span class='ocr_line' id='line_1_11' title="bbox 290 1206 1949 1282; baseline 0.004 -22"><span class='ocrx_word' id='word_1_65' title='bbox 290 1210 559 1261; x_wconf 86' lang='lat' dir='ltr'>mentum</span> <span class='ocrx_word' id='word_1_66' title='bbox 586 1206 982 1275; x_wconf 87' lang='lat' dir='ltr'>subserviens,</span> <span class='ocrx_word' id='word_1_67' title='bbox 1030 1210 1133 1265; x_wconf 88' lang='lat' dir='ltr'>sed</span> <span class='ocrx_word' id='word_1_68' title='bbox 1186 1227 1288 1282; x_wconf 91' lang='lat' dir='ltr'>per</span> <span class='ocrx_word' id='word_1_69' title='bbox 1321 1211 1435 1267; x_wconf 88' lang='lat' dir='ltr'>vim</span> <span class='ocrx_word' id='word_1_70' title='bbox 1485 1211 1833 1279; x_wconf 81' lang='lat' dir='ltr'>naturalem,</span> <span class='ocrx_word' id='word_1_71' title='bbox 1893 1216 1949 1266; x_wconf 92' lang='lat' dir='ltr'>et</span> 
     </span>
    </p>
   </div>
   <div class='ocr_carea' id='block_1_12' title="bbox 295 1297 1947 1374">
    <p class='ocr_par' dir='ltr' id='par_1_12' title="bbox 295 1297 1947 1374">
     <span class='ocr_line' id='line_1_12' title="bbox 295 1297 1947 1374; baseline 0.004 -23"><span class='ocrx_word' id='word_1_72' title='bbox 295 1312 424 1368; x_wconf 76' lang='lat' dir='ltr'>quas</span> <span class='ocrx_word' id='word_1_73' title='bbox 455 1314 557 1369; x_wconf 93' lang='lat' dir='ltr'>per</span> <span class='ocrx_word' id='word_1_74' title='bbox 585 1314 646 1353; x_wconf 90' lang='lat' dir='ltr'>se</span> <span class='ocrx_word' id='word_1_75' title='bbox 677 1297 850 1369; x_wconf 88' lang='lat' dir='ltr'>vique</span> <span class='ocrx_word' id='word_1_76' title='bbox 880 1315 986 1354; x_wconf 88' lang='lat' dir='ltr'>sua</span> <span class='ocrx_word' id='word_1_77' title='bbox 1016 1300 1305 1357; x_wconf 85' lang='lat' dir='ltr'>subsistit.</span> <span class='ocrx_word' id='word_1_78' title='bbox 1342 1303 1412 1358; x_wconf 90' lang='lat' dir='ltr'>Et</span> <span class='ocrx_word' id='word_1_79' title='bbox 1452 1304 1947 1374; x_wconf 73' lang='lat' dir='ltr'>quemodtnodum</span> 
     </span>
    </p>
   </div>
   <div class='ocr_carea' id='block_1_13' title="bbox 298 1385 1943 1463">
    <p class='ocr_par' dir='ltr' id='par_1_13' title="bbox 298 1385 1943 1463">
     <span class='ocr_line' id='line_1_13' title="bbox 298 1385 1943 1463; baseline 0.003 -23"><span class='ocrx_word' id='word_1_80' title='bbox 298 1385 497 1456; x_wconf 86' lang='lat' dir='ltr'>ignem</span> <span class='ocrx_word' id='word_1_81' title='bbox 542 1386 737 1442; x_wconf 89' lang='lat' dir='ltr'>lucere</span> <span class='ocrx_word' id='word_1_82' title='bbox 794 1387 1071 1457; x_wconf 91' lang='lat' dir='ltr'>dicimus,</span> <span class='ocrx_word' id='word_1_83' title='bbox 1128 1389 1387 1463; x_wconf 84' lang='lat' dir='ltr'>itemque</span> <span class='ocrx_word' id='word_1_84' title='bbox 1444 1391 1643 1447; x_wconf 88' lang='lat' dir='ltr'>lumen</span> <span class='ocrx_word' id='word_1_85' title='bbox 1705 1390 1943 1463; x_wconf 88' lang='lat' dir='ltr'>igneum</span> 
     </span>
    </p>
   </div>
   <div class='ocr_carea' id='block_1_14' title="bbox 302 1474 1945 1551">
    <p class='ocr_par' dir='ltr' id='par_1_14' title="bbox 302 1474 1945 1551">
     <span class='ocr_line' id='line_1_14' title="bbox 302 1474 1945 1551; baseline 0.004 -22"><span class='ocrx_word' id='word_1_86' title='bbox 302 1475 497 1530; x_wconf 88' lang='lat' dir='ltr'>lucere</span> <span class='ocrx_word' id='word_1_87' title='bbox 518 1474 854 1544; x_wconf 90' lang='lat' dir='ltr'>asserimus,</span> <span class='ocrx_word' id='word_1_88' title='bbox 879 1478 960 1532; x_wconf 91' lang='lat' dir='ltr'>ita</span> <span class='ocrx_word' id='word_1_89' title='bbox 981 1494 1357 1551; x_wconf 82' lang='lat' dir='ltr'>quaecumque</span> <span class='ocrx_word' id='word_1_90' title='bbox 1376 1484 1546 1536; x_wconf 89' lang='lat' dir='ltr'>Pater</span> <span class='ocrx_word' id='word_1_91' title='bbox 1563 1480 1717 1547; x_wconf 84' lang='lat' dir='ltr'>facit,</span> <span class='ocrx_word' id='word_1_92' title='bbox 1742 1480 1945 1535; x_wconf 87' lang='lat' dir='ltr'>itidem</span> 
     </span>
    </p>
   </div>
   <div class='ocr_carea' id='block_1_15' title="bbox 305 1563 1943 1641">
    <p class='ocr_par' dir='ltr' id='par_1_15' title="bbox 305 1563 1943 1641">
     <span class='ocr_line' id='line_1_15' title="bbox 305 1563 1943 1641; baseline 0.004 -24"><span class='ocrx_word' id='word_1_93' title='bbox 305 1564 444 1619; x_wconf 83' lang='lat' dir='ltr'>facit</span> <span class='ocrx_word' id='word_1_94' title='bbox 469 1568 524 1618; x_wconf 92' lang='lat' dir='ltr'>et</span> <span class='ocrx_word' id='word_1_95' title='bbox 546 1563 743 1619; x_wconf 85' lang='lat' dir='ltr'>Filius.</span> <span class='ocrx_word' id='word_1_96' title='bbox 778 1565 900 1621; x_wconf 91' lang='lat' dir='ltr'>Non</span> <span class='ocrx_word' id='word_1_97' title='bbox 934 1570 1129 1623; x_wconf 90' lang='lat' dir='ltr'>tamen</span> <span class='ocrx_word' id='word_1_98' title='bbox 1162 1567 1370 1624; x_wconf 90' lang='lat' dir='ltr'>lumini</span> <span class='ocrx_word' id='word_1_99' title='bbox 1402 1568 1638 1641; x_wconf 90' lang='lat' dir='ltr'>propria</span> <span class='ocrx_word' id='word_1_100' title='bbox 1679 1568 1943 1639; x_wconf 62' lang='lat' dir='ltr'>quaedam</span> 
     </span>
    </p>
   </div>
   <div class='ocr_carea' id='block_1_16' title="bbox 302 1654 1944 1729">
    <p class='ocr_par' dir='ltr' id='par_1_16' title="bbox 302 1654 1944 1729">
     <span class='ocr_line' id='line_1_16' title="bbox 302 1654 1944 1729; baseline 0.002 -20"><span class='ocrx_word' id='word_1_101' title='bbox 302 1657 411 1719; x_wconf 85' lang='lat' dir='ltr'>est,</span> <span class='ocrx_word' id='word_1_102' title='bbox 446 1654 519 1709; x_wconf 89' lang='lat' dir='ltr'>ab</span> <span class='ocrx_word' id='word_1_103' title='bbox 552 1654 754 1724; x_wconf 87' lang='lat' dir='ltr'>igneve</span> <span class='ocrx_word' id='word_1_104' title='bbox 786 1656 1048 1726; x_wconf 87' lang='lat' dir='ltr'>aejuncta</span> <span class='ocrx_word' id='word_1_105' title='bbox 1078 1656 1424 1729; x_wconf 86' lang='lat' dir='ltr'>hypostasis,</span> <span class='ocrx_word' id='word_1_106' title='bbox 1456 1663 1515 1713; x_wconf 91' lang='lat' dir='ltr'>at</span> <span class='ocrx_word' id='word_1_107' title='bbox 1570 1657 1746 1713; x_wconf 83' lang='lat' dir='ltr'>Filius</span> <span class='ocrx_word' id='word_1_108' title='bbox 1814 1674 1944 1729; x_wconf 83' lang='lat' dir='ltr'>per-</span> 
     </span>
    </p>
   </div>
   <div class='ocr_carea' id='block_1_17' title="bbox 300 1743 1946 1819">
    <p class='ocr_par' dir='ltr' id='par_1_17' title="bbox 300 1743 1946 1819">
     <span class='ocr_line' id='line_1_17' title="bbox 300 1743 1946 1819; baseline 0.003 -22"><span class='ocrx_word' id='word_1_109' title='bbox 300 1744 451 1798; x_wconf 84' lang='lat' dir='ltr'>feeta</span> <span class='ocrx_word' id='word_1_110' title='bbox 484 1743 813 1814; x_wconf 87' lang='lat' dir='ltr'>bypostasis</span> <span class='ocrx_word' id='word_1_111' title='bbox 846 1749 955 1813; x_wconf 90' lang='lat' dir='ltr'>est,</span> <span class='ocrx_word' id='word_1_112' title='bbox 990 1746 1060 1799; x_wconf 91' lang='lat' dir='ltr'>ab</span> <span class='ocrx_word' id='word_1_113' title='bbox 1117 1746 1418 1818; x_wconf 85' lang='lat' dir='ltr'>hypostasi</span> <span class='ocrx_word' id='word_1_114' title='bbox 1453 1751 1692 1819; x_wconf 90' lang='lat' dir='ltr'>paterna</span> <span class='ocrx_word' id='word_1_115' title='bbox 1722 1747 1946 1816; x_wconf 88' lang='lat' dir='ltr'>insepa-</span> 
     </span>
    </p>
   </div>
   <div class='ocr_carea' id='block_1_18' title="bbox 298 1832 1946 1904">
    <p class='ocr_par' dir='ltr' id='par_1_18' title="bbox 298 1832 1946 1904">
     <span class='ocr_line' id='line_1_18' title="bbox 298 1832 1946 1904; baseline 0.002 -17"><span class='ocrx_word' id='word_1_116' title='bbox 298 1832 523 1901; x_wconf 85' lang='lat' dir='ltr'>rabilis,</span> <span class='ocrx_word' id='word_1_117' title='bbox 563 1838 626 1887; x_wconf 91' lang='lat' dir='ltr'>ut</span> <span class='ocrx_word' id='word_1_118' title='bbox 657 1851 835 1904; x_wconf 83' lang='lat' dir='ltr'>supra</span> <span class='ocrx_word' id='word_1_119' title='bbox 872 1834 1200 1892; x_wconf 88' lang='lat' dir='ltr'>docuimus.</span> <span class='ocrx_word' id='word_1_120' title='bbox 1242 1835 1416 1891; x_wconf 88' lang='lat' dir='ltr'>Nulla</span> <span class='ocrx_word' id='word_1_121' title='bbox 1463 1836 1618 1891; x_wconf 82' lang='lat' dir='ltr'>enim</span> <span class='ocrx_word' id='word_1_122' title='bbox 1661 1838 1718 1891; x_wconf 91' lang='lat' dir='ltr'>in</span> <span class='ocrx_word' id='word_1_123' title='bbox 1774 1836 1946 1891; x_wconf 83' lang='lat' dir='ltr'>rebus</span> 
     </span>
    </p>
   </div>
   <div class='ocr_carea' id='block_1_19' title="bbox 301 1922 1941 1994">
    <p class='ocr_par' dir='ltr' id='par_1_19' title="bbox 301 1922 1941 1994">
     <span class='ocr_line' id='line_1_19' title="bbox 301 1922 1941 1994; baseline 0.001 -17"><span class='ocrx_word' id='word_1_124' title='bbox 301 1922 512 1978; x_wconf 84' lang='lat' dir='ltr'>creatis</span> <span class='ocrx_word' id='word_1_125' title='bbox 546 1924 739 1994; x_wconf 81' lang='lat' dir='ltr'>imago</span> <span class='ocrx_word' id='word_1_126' title='bbox 772 1922 1017 1978; x_wconf 90' lang='lat' dir='ltr'>inveniri</span> <span class='ocrx_word' id='word_1_127' title='bbox 1048 1928 1261 1994; x_wconf 89' lang='lat' dir='ltr'>potest,</span> <span class='ocrx_word' id='word_1_128' title='bbox 1302 1941 1426 1994; x_wconf 66' lang='lat' dir='ltr'>quae</span> <span class='ocrx_word' id='word_1_129' title='bbox 1475 1926 1616 1981; x_wconf 85' lang='lat' dir='ltr'>citra</span> <span class='ocrx_word' id='word_1_130' title='bbox 1665 1924 1941 1980; x_wconf 89' lang='lat' dir='ltr'>mutatio-</span> 
     </span>
    </p>
   </div>
   <div class='ocr_carea' id='block_1_20' title="bbox 297 2013 1941 2088">
    <p class='ocr_par' dir='ltr' id='par_1_20' title="bbox 297 2013 1941 2088">
     <span class='ocr_line' id='line_1_20' title="bbox 297 2013 1941 2088; baseline 0.004 -22"><span class='ocrx_word' id='word_1_131' title='bbox 297 2029 433 2067; x_wconf 87' lang='lat' dir='ltr'>nem</span> <span class='ocrx_word' id='word_1_132' title='bbox 468 2013 524 2067; x_wconf 92' lang='lat' dir='ltr'>in</span> <span class='ocrx_word' id='word_1_133' title='bbox 558 2014 751 2084; x_wconf 90' lang='lat' dir='ltr'>seipsa</span> <span class='ocrx_word' id='word_1_134' title='bbox 783 2015 1023 2069; x_wconf 90' lang='lat' dir='ltr'>modum</span> <span class='ocrx_word' id='word_1_135' title='bbox 1057 2013 1245 2070; x_wconf 89' lang='lat' dir='ltr'>illlum</span> <span class='ocrx_word' id='word_1_136' title='bbox 1296 2016 1526 2083; x_wconf 89' lang='lat' dir='ltr'>referat,</span> <span class='ocrx_word' id='word_1_137' title='bbox 1579 2033 1692 2088; x_wconf 91' lang='lat' dir='ltr'>quo</span> <span class='ocrx_word' id='word_1_138' title='bbox 1742 2020 1941 2072; x_wconf 88' lang='lat' dir='ltr'>sancta</span> 
     </span>
    </p>
   </div>
   <div class='ocr_carea' id='block_1_21' title="bbox 295 2101 1938 2177">
    <p class='ocr_par' dir='ltr' id='par_1_21' title="bbox 295 2101 1938 2177">
     <span class='ocr_line' id='line_1_21' title="bbox 295 2101 1938 2177; baseline 0.005 -24"><span class='ocrx_word' id='word_1_139' title='bbox 295 2101 556 2156; x_wconf 90' lang='lat' dir='ltr'>Trinitas</span> <span class='ocrx_word' id='word_1_140' title='bbox 588 2107 837 2158; x_wconf 88' lang='lat' dir='ltr'>constat.</span> <span class='ocrx_word' id='word_1_141' title='bbox 871 2103 973 2169; x_wconf 89' lang='lat' dir='ltr'>Qui</span> <span class='ocrx_word' id='word_1_142' title='bbox 1006 2104 1160 2159; x_wconf 86' lang='lat' dir='ltr'>enim</span> <span class='ocrx_word' id='word_1_143' title='bbox 1197 2105 1318 2175; x_wconf 86' lang='lat' dir='ltr'>flat,</span> <span class='ocrx_word' id='word_1_144' title='bbox 1355 2110 1415 2161; x_wconf 85' lang='lat' dir='ltr'>ut</span> <span class='ocrx_word' id='word_1_145' title='bbox 1444 2107 1597 2177; x_wconf 92' lang='lat' dir='ltr'>quod</span> <span class='ocrx_word' id='word_1_146' title='bbox 1659 2114 1938 2172; x_wconf 76' lang='lat' dir='ltr'>creatura,</span> 
     </span>
    </p>
   </div>
   <div class='ocr_carea' id='block_1_22' title="bbox 299 2192 1940 2265">
    <p class='ocr_par' dir='ltr' id='par_1_22' title="bbox 299 2192 1940 2265">
     <span class='ocr_line' id='line_1_22' title="bbox 299 2192 1940 2265; baseline 0.003 -20"><span class='ocrx_word' id='word_1_147' title='bbox 299 2192 719 2262; x_wconf 87' lang='lat' dir='ltr'>compositum,</span> <span class='ocrx_word' id='word_1_148' title='bbox 752 2192 997 2258; x_wconf 84' lang='lat' dir='ltr'>ﬂuxum,</span> <span class='ocrx_word' id='word_1_149' title='bbox 1043 2193 1346 2259; x_wconf 87' lang='lat' dir='ltr'>mutabile,</span> <span class='ocrx_word' id='word_1_150' title='bbox 1407 2196 1940 2265; x_wconf 80' lang='lat' dir='ltr'>circumscriptum,</span> 
     </span>
    </p>
   </div>
   <div class='ocr_carea' id='block_1_23' title="bbox 295 2280 1940 2353">
    <p class='ocr_par' dir='ltr' id='par_1_23' title="bbox 295 2280 1940 2353">
     <span class='ocr_line' id='line_1_23' title="bbox 295 2280 1940 2353; baseline 0.004 -20"><span class='ocrx_word' id='word_1_151' title='bbox 295 2280 621 2351; x_wconf 83' lang='lat' dir='ltr'>ﬁguratum</span> <span class='ocrx_word' id='word_1_152' title='bbox 656 2285 713 2337; x_wconf 91' lang='lat' dir='ltr'>et</span> <span class='ocrx_word' id='word_1_153' title='bbox 734 2281 1108 2353; x_wconf 81' lang='lat' dir='ltr'>corruptibile</span> <span class='ocrx_word' id='word_1_154' title='bbox 1138 2290 1245 2351; x_wconf 90' lang='lat' dir='ltr'>est,</span> <span class='ocrx_word' id='word_1_155' title='bbox 1280 2283 1463 2340; x_wconf 87' lang='lat' dir='ltr'>oculis</span> <span class='ocrx_word' id='word_1_156' title='bbox 1489 2285 1745 2341; x_wconf 85' lang='lat' dir='ltr'>divinam</span> <span class='ocrx_word' id='word_1_157' title='bbox 1778 2284 1940 2340; x_wconf 87' lang='lat' dir='ltr'>illam</span> 
     </span>
    </p>
   </div>
   <div class='ocr_carea' id='block_1_24' title="bbox 298 2370 1943 2443">
    <p class='ocr_par' dir='ltr' id='par_1_24' title="bbox 298 2370 1943 2443">
     <span class='ocr_line' id='line_1_24' title="bbox 298 2370 1943 2443; baseline 0.002 -18"><span class='ocrx_word' id='word_1_158' title='bbox 298 2372 617 2425; x_wconf 87' lang='lat' dir='ltr'>essentiam</span> <span class='ocrx_word' id='word_1_159' title='bbox 640 2370 916 2440; x_wconf 85' lang='lat' dir='ltr'>subjiciat</span> <span class='ocrx_word' id='word_1_160' title='bbox 946 2389 1071 2443; x_wconf 65' lang='lat' dir='ltr'>quas</span> <span class='ocrx_word' id='word_1_161' title='bbox 1095 2372 1165 2428; x_wconf 89' lang='lat' dir='ltr'>ab</span> <span class='ocrx_word' id='word_1_162' title='bbox 1193 2372 1266 2429; x_wconf 91' lang='lat' dir='ltr'>iis</span> <span class='ocrx_word' id='word_1_163' title='bbox 1287 2374 1558 2430; x_wconf 88' lang='lat' dir='ltr'>omnibus</span> <span class='ocrx_word' id='word_1_164' title='bbox 1596 2374 1781 2430; x_wconf 91' lang='lat' dir='ltr'>libera</span> <span class='ocrx_word' id='word_1_165' title='bbox 1812 2374 1943 2430; x_wconf 87' lang='lat' dir='ltr'>nul-</span> 
     </span>
    </p>
   </div>
   <div class='ocr_carea' id='block_1_25' title="bbox 301 2458 1944 2535">
    <p class='ocr_par' dir='ltr' id='par_1_25' title="bbox 301 2458 1944 2535">
     <span class='ocr_line' id='line_1_25' title="bbox 301 2458 1944 2535; baseline 0.004 -23"><span class='ocrx_word' id='word_1_166' title='bbox 301 2458 419 2512; x_wconf 91' lang='lat' dir='ltr'>lam</span> <span class='ocrx_word' id='word_1_167' title='bbox 453 2475 565 2514; x_wconf 90' lang='lat' dir='ltr'>non</span> <span class='ocrx_word' id='word_1_168' title='bbox 598 2460 913 2515; x_wconf 88' lang='lat' dir='ltr'>essentiam</span> <span class='ocrx_word' id='word_1_169' title='bbox 944 2469 1250 2532; x_wconf 82' lang='lat' dir='ltr'>exsuperat</span> <span class='ocrx_word' id='word_1_170' title='bbox 1276 2461 1303 2516; x_wconf 83' lang='lat'><strong>?</strong></span> <span class='ocrx_word' id='word_1_171' title='bbox 1335 2464 1511 2533; x_wconf 85' lang='lat' dir='ltr'>Atqui</span> <span class='ocrx_word' id='word_1_172' title='bbox 1569 2463 1944 2535; x_wconf 88' lang='lat' dir='ltr'>perspicuum</span> 
     </span>
    </p>
   </div>
   <div class='ocr_carea' id='block_1_26' title="bbox 301 2550 1944 2623">
    <p class='ocr_par' dir='ltr' id='par_1_26' title="bbox 301 2550 1944 2623">
     <span class='ocr_line' id='line_1_26' title="bbox 301 2550 1944 2623; baseline 0.003 -20"><span class='ocrx_word' id='word_1_173' title='bbox 301 2552 394 2603; x_wconf 90' lang='lat' dir='ltr'>est</span> <span class='ocrx_word' id='word_1_174' title='bbox 425 2565 657 2604; x_wconf 90' lang='lat' dir='ltr'>omnem</span> <span class='ocrx_word' id='word_1_175' title='bbox 692 2554 1015 2605; x_wconf 87' lang='lat' dir='ltr'>creaturam</span> <span class='ocrx_word' id='word_1_176' title='bbox 1045 2567 1243 2606; x_wconf 88' lang='lat' dir='ltr'>eorum</span> <span class='ocrx_word' id='word_1_177' title='bbox 1286 2550 1578 2623; x_wconf 86' lang='lat' dir='ltr'>plerisque</span> <span class='ocrx_word' id='word_1_178' title='bbox 1635 2553 1944 2608; x_wconf 87' lang='lat' dir='ltr'>obnoxiam</span> 
     </span>
    </p>
   </div>
   <div class='ocr_carea' id='block_1_27' title="bbox 302 2639 1944 2713">
    <p class='ocr_par' dir='ltr' id='par_1_27' title="bbox 302 2639 1944 2713">
     <span class='ocr_line' id='line_1_27' title="bbox 302 2639 1944 2713; baseline 0.004 -21"><span class='ocrx_word' id='word_1_179' title='bbox 302 2640 657 2709; x_wconf 43' lang='lat' dir='ltr'>esseﬁatque</span> <span class='ocrx_word' id='word_1_180' title='bbox 677 2655 745 2694; x_wconf 83' lang='lat' dir='ltr'>ex</span> <span class='ocrx_word' id='word_1_181' title='bbox 762 2656 869 2695; x_wconf 89' lang='lat' dir='ltr'>sua</span> <span class='ocrx_word' id='word_1_182' title='bbox 892 2639 1078 2711; x_wconf 86' lang='lat' dir='ltr'>ipsius</span> <span class='ocrx_word' id='word_1_183' title='bbox 1100 2645 1312 2696; x_wconf 90' lang='lat' dir='ltr'>natura</span> <span class='ocrx_word' id='word_1_184' title='bbox 1333 2642 1687 2713; x_wconf 88' lang='lat' dir='ltr'>corruptioni</span> <span class='ocrx_word' id='word_1_185' title='bbox 1710 2641 1944 2712; x_wconf 88' lang='lat' dir='ltr'>subjici.</span> 
     </span>
    </p>
   </div>
   <div class='ocr_carea' id='block_1_28' title="bbox 912 2749 1339 2807">
    <p class='ocr_par' dir='ltr' id='par_1_28' title="bbox 912 2749 1339 2807">
     <span class='ocr_line' id='line_1_28' title="bbox 912 2749 1339 2807; baseline 0.009 -4"><span class='ocrx_word' id='word_1_186' title='bbox 912 2750 1060 2805; x_wconf 88' lang='lat' dir='ltr'>CAP.</span> <span class='ocrx_word' id='word_1_187' title='bbox 1119 2749 1339 2807; x_wconf 85' lang='lat' dir='ltr'><strong>XXXV.</strong></span> 
     </span>
    </p>
   </div>
   <div class='ocr_carea' id='block_1_29' title="bbox 305 2838 1952 2909">
    <p class='ocr_par' dir='ltr' id='par_1_29' title="bbox 305 2838 1952 2909">
     <span class='ocr_line' id='line_1_29' title="bbox 305 2838 1952 2909; baseline 0.002 -18"><span class='ocrx_word' id='word_1_188' title='bbox 305 2838 493 2892; x_wconf 79' lang='lat' dir='ltr'>Tertia</span> <span class='ocrx_word' id='word_1_189' title='bbox 537 2854 668 2909; x_wconf 68' lang='lat' dir='ltr'>pars</span> <span class='ocrx_word' id='word_1_190' title='bbox 731 2839 1089 2907; x_wconf 76' lang='lat' dir='ltr'>confessionis</span> <span class='ocrx_word' id='word_1_191' title='bbox 1135 2840 1264 2909; x_wconf 74' lang='lat' dir='ltr'>ﬁdei</span> <span class='ocrx_word' id='word_1_192' title='bbox 1327 2841 1561 2897; x_wconf 77' lang='lat' dir='ltr'>Joannis</span> <span class='ocrx_word' id='word_1_193' title='bbox 1632 2842 1952 2897; x_wconf 74' lang='lat' dir='ltr'>Damascenz‘</span> 
     </span>
    </p>
   </div>
   <div class='ocr_carea' id='block_1_30' title="bbox 841 2910 1413 2982">
    <p class='ocr_par' dir='ltr' id='par_1_30' title="bbox 841 2910 1413 2982">
     <span class='ocr_line' id='line_1_30' title="bbox 841 2910 1413 2982; baseline 0.007 -18"><span class='ocrx_word' id='word_1_194' title='bbox 841 2910 905 2965; x_wconf 84' lang='lat' dir='ltr'>de</span> <span class='ocrx_word' id='word_1_195' title='bbox 946 2910 1160 2982; x_wconf 76' lang='lat' dir='ltr'>Spiritu</span> <span class='ocrx_word' id='word_1_196' title='bbox 1207 2921 1413 2968; x_wconf 74' lang='lat' dir='ltr'>sancto.</span> 
     </span>
    </p>
   </div>
   <div class='ocr_carea' id='block_1_31' title="bbox 372 3016 1951 3092">
    <p class='ocr_par' dir='ltr' id='par_1_31' title="bbox 372 3016 1951 3092">
     <span class='ocr_line' id='line_1_31' title="bbox 372 3016 1951 3092; baseline 0.003 -21"><span class='ocrx_word' id='word_1_197' title='bbox 372 3016 686 3072; x_wconf 87' lang='lat' dir='ltr'>Credimus</span> <span class='ocrx_word' id='word_1_198' title='bbox 719 3016 971 3088; x_wconf 89' lang='lat' dir='ltr'>denique</span> <span class='ocrx_word' id='word_1_199' title='bbox 1010 3017 1068 3073; x_wconf 91' lang='lat' dir='ltr'>in</span> <span class='ocrx_word' id='word_1_200' title='bbox 1131 3036 1311 3074; x_wconf 89' lang='lat' dir='ltr'>unum</span> <span class='ocrx_word' id='word_1_201' title='bbox 1373 3037 1607 3092; x_wconf 89' lang='lat' dir='ltr'>quoque</span> <span class='ocrx_word' id='word_1_202' title='bbox 1666 3020 1951 3091; x_wconf 89' lang='lat' dir='ltr'>Spiritum</span> 
     </span>
    </p>
   </div>
   <div class='ocr_carea' id='block_1_32' title="bbox 301 3108 1956 3183">
    <p class='ocr_par' dir='ltr' id='par_1_32' title="bbox 301 3108 1956 3183">
     <span class='ocr_line' id='line_1_32' title="bbox 301 3108 1956 3183; baseline 0.002 -20"><span class='ocrx_word' id='word_1_203' title='bbox 301 3113 578 3164; x_wconf 88' lang='lat' dir='ltr'>sanctum</span> <span class='ocrx_word' id='word_1_204' title='bbox 614 3108 954 3178; x_wconf 90' lang='lat' dir='ltr'>Dominum,</span> <span class='ocrx_word' id='word_1_205' title='bbox 992 3110 1404 3177; x_wconf 89' lang='lat' dir='ltr'>viviﬁcantem,</span> <span class='ocrx_word' id='word_1_206' title='bbox 1438 3112 1535 3183; x_wconf 90' lang='lat' dir='ltr'>qui</span> <span class='ocrx_word' id='word_1_207' title='bbox 1557 3128 1626 3167; x_wconf 85' lang='lat' dir='ltr'>ex</span> <span class='ocrx_word' id='word_1_208' title='bbox 1657 3113 1821 3168; x_wconf 88' lang='lat' dir='ltr'>Patre</span> <span class='ocrx_word' id='word_1_209' title='bbox 1846 3112 1956 3181; x_wconf 78' lang='lat' dir='ltr'>(Fi-</span> 
     </span>
    </p>
   </div>
   <div class='ocr_carea' id='block_1_33' title="bbox 298 3198 1952 3273">
    <p class='ocr_par' dir='ltr' id='par_1_33' title="bbox 298 3198 1952 3273">
     <span class='ocr_line' id='line_1_33' title="bbox 298 3198 1952 3273; baseline 0.002 -20"><span class='ocrx_word' id='word_1_210' title='bbox 298 3199 514 3269; x_wconf 86' lang='lat' dir='ltr'>lioque)</span> <span class='ocrx_word' id='word_1_211' title='bbox 549 3198 831 3270; x_wconf 84' lang='lat' dir='ltr'>procedit,</span> <span class='ocrx_word' id='word_1_212' title='bbox 865 3204 921 3255; x_wconf 90' lang='lat' dir='ltr'>et</span> <span class='ocrx_word' id='word_1_213' title='bbox 952 3199 1010 3255; x_wconf 94' lang='lat' dir='ltr'>in</span> <span class='ocrx_word' id='word_1_214' title='bbox 1045 3199 1191 3255; x_wconf 90' lang='lat' dir='ltr'>Filio</span> <span class='ocrx_word' id='word_1_215' title='bbox 1233 3202 1611 3273; x_wconf 88' lang='lat' dir='ltr'>conquiescit.</span> <span class='ocrx_word' id='word_1_216' title='bbox 1674 3202 1785 3266; x_wconf 90' lang='lat' dir='ltr'>Qui</span> <span class='ocrx_word' id='word_1_217' title='bbox 1819 3218 1952 3257; x_wconf 87' lang='lat' dir='ltr'>cum</span> 
     </span>
    </p>
   </div>
   <div class='ocr_carea' id='block_1_34' title="bbox 300 3287 1949 3363">
    <p class='ocr_par' dir='ltr' id='par_1_34' title="bbox 300 3287 1949 3363">
     <span class='ocr_line' id='line_1_34' title="bbox 300 3287 1949 3363; baseline 0.002 -20"><span class='ocrx_word' id='word_1_218' title='bbox 300 3289 476 3343; x_wconf 89' lang='lat' dir='ltr'>Patre</span> <span class='ocrx_word' id='word_1_219' title='bbox 508 3297 561 3343; x_wconf 93' lang='lat' dir='ltr'>et</span> <span class='ocrx_word' id='word_1_220' title='bbox 592 3287 737 3343; x_wconf 87' lang='lat' dir='ltr'>Filio</span> <span class='ocrx_word' id='word_1_221' title='bbox 774 3289 951 3344; x_wconf 90' lang='lat' dir='ltr'>simul</span> <span class='ocrx_word' id='word_1_222' title='bbox 1013 3291 1287 3345; x_wconf 83' lang='lat' dir='ltr'>adorator</span> <span class='ocrx_word' id='word_1_223' title='bbox 1342 3300 1399 3345; x_wconf 86' lang='lat' dir='ltr'>et</span> <span class='ocrx_word' id='word_1_224' title='bbox 1456 3291 1949 3363; x_wconf 86' lang='lat' dir='ltr'>congloriﬁcatur,</span> 
     </span>
    </p>
   </div>
   <div class='ocr_carea' id='block_1_35' title="bbox 303 3378 1952 3452">
    <p class='ocr_par' dir='ltr' id='par_1_35' title="bbox 303 3378 1952 3452">
     <span class='ocr_line' id='line_1_35' title="bbox 303 3378 1952 3452; baseline 0.003 -20"><span class='ocrx_word' id='word_1_225' title='bbox 303 3381 587 3449; x_wconf 87' lang='lat' dir='ltr'>tanquam</span> <span class='ocrx_word' id='word_1_226' title='bbox 620 3378 1139 3434; x_wconf 87' lang='lat' dir='ltr'>consubstantialis</span> <span class='ocrx_word' id='word_1_227' title='bbox 1185 3383 1241 3434; x_wconf 89' lang='lat' dir='ltr'>et</span> <span class='ocrx_word' id='word_1_228' title='bbox 1302 3385 1647 3436; x_wconf 68' lang='lat' dir='ltr'>coaeternus.</span> <span class='ocrx_word' id='word_1_229' title='bbox 1698 3380 1795 3436; x_wconf 89' lang='lat' dir='ltr'>Dei</span> <span class='ocrx_word' id='word_1_230' title='bbox 1830 3382 1952 3452; x_wconf 89' lang='lat' dir='ltr'>Spi-</span> 
     </span>
    </p>
   </div>
   <div class='ocr_carea' id='block_1_36' title="bbox 309 3466 1957 3537">
    <p class='ocr_par' dir='ltr' id='par_1_36' title="bbox 309 3466 1957 3537">
     <span class='ocr_line' id='line_1_36' title="bbox 309 3466 1957 3537; baseline 0.001 -16"><span class='ocrx_word' id='word_1_231' title='bbox 309 3466 463 3521; x_wconf 90' lang='lat' dir='ltr'>ritus</span> <span class='ocrx_word' id='word_1_232' title='bbox 493 3470 709 3531; x_wconf 90' lang='lat' dir='ltr'>rectus,</span> <span class='ocrx_word' id='word_1_233' title='bbox 744 3466 1106 3537; x_wconf 88' lang='lat' dir='ltr'>principalis,</span> <span class='ocrx_word' id='word_1_234' title='bbox 1140 3468 1269 3523; x_wconf 88' lang='lat' dir='ltr'>fons</span> <span class='ocrx_word' id='word_1_235' title='bbox 1302 3468 1424 3522; x_wconf 74' lang='lat' dir='ltr'>vitae</span> <span class='ocrx_word' id='word_1_236' title='bbox 1453 3472 1508 3523; x_wconf 90' lang='lat' dir='ltr'>et</span> <span class='ocrx_word' id='word_1_237' title='bbox 1547 3467 1957 3523; x_wconf 89' lang='lat' dir='ltr'>sanctiﬁcatio-</span> 
     </span>
    </p>
   </div>
   <div class='ocr_carea' id='block_1_37' title="bbox 308 3553 1952 3628">
    <p class='ocr_par' dir='ltr' id='par_1_37' title="bbox 308 3553 1952 3628">
     <span class='ocr_line' id='line_1_37' title="bbox 308 3553 1952 3628; baseline 0.002 -20"><span class='ocrx_word' id='word_1_238' title='bbox 308 3553 425 3608; x_wconf 90' lang='lat' dir='ltr'>nis.</span> <span class='ocrx_word' id='word_1_239' title='bbox 460 3553 613 3609; x_wconf 88' lang='lat' dir='ltr'>Deus</span> <span class='ocrx_word' id='word_1_240' title='bbox 646 3554 908 3624; x_wconf 91' lang='lat' dir='ltr'>quicum</span> <span class='ocrx_word' id='word_1_241' title='bbox 963 3554 1129 3610; x_wconf 87' lang='lat' dir='ltr'>Patre</span> <span class='ocrx_word' id='word_1_242' title='bbox 1180 3559 1290 3624; x_wconf 91' lang='lat' dir='ltr'>est,</span> <span class='ocrx_word' id='word_1_243' title='bbox 1351 3555 1667 3621; x_wconf 88' lang='lat' dir='ltr'>increatus,</span> <span class='ocrx_word' id='word_1_244' title='bbox 1723 3555 1952 3628; x_wconf 90' lang='lat' dir='ltr'>plenus,</span> 
     </span>
    </p>
   </div>
   <div class='ocr_carea' id='block_1_38' title="bbox 312 3643 1952 3717">
    <p class='ocr_par' dir='ltr' id='par_1_38' title="bbox 312 3643 1952 3717">
     <span class='ocr_line' id='line_1_38' title="bbox 312 3643 1952 3717; baseline 0.002 -19"><span class='ocrx_word' id='word_1_245' title='bbox 312 3647 537 3698; x_wconf 86' lang='lat' dir='ltr'>creator</span> <span class='ocrx_word' id='word_1_246' title='bbox 570 3661 583 3709; x_wconf 93' lang='lat'><strong>;</strong></span> <span class='ocrx_word' id='word_1_247' title='bbox 619 3643 816 3697; x_wconf 91' lang='lat' dir='ltr'>omnia</span> <span class='ocrx_word' id='word_1_248' title='bbox 847 3643 1363 3715; x_wconf 77' lang='lat' dir='ltr'>comprehenderis,</span> <span class='ocrx_word' id='word_1_249' title='bbox 1417 3646 1679 3701; x_wconf 90' lang='lat' dir='ltr'>omnium</span> <span class='ocrx_word' id='word_1_250' title='bbox 1740 3646 1952 3717; x_wconf 81' lang='lat' dir='ltr'>opifex,</span> 
     </span>
    </p>
   </div>
   <div class='ocr_carea' id='block_1_39' title="bbox 308 3732 1953 3805">
    <p class='ocr_par' dir='ltr' id='par_1_39' title="bbox 308 3732 1953 3805">
     <span class='ocr_line' id='line_1_39' title="bbox 308 3732 1953 3805; baseline 0.003 -17"><span class='ocrx_word' id='word_1_251' title='bbox 308 3733 702 3804; x_wconf 91' lang='lat' dir='ltr'>omnipotens,</span> <span class='ocrx_word' id='word_1_252' title='bbox 761 3732 1004 3788; x_wconf 85' lang='lat' dir='ltr'>inﬁnitae</span> <span class='ocrx_word' id='word_1_253' title='bbox 1062 3736 1352 3805; x_wconf 57' lang='lat' dir='ltr'>potentia,</span> <span class='ocrx_word' id='word_1_254' title='bbox 1423 3736 1702 3791; x_wconf 86' lang='lat' dir='ltr'>Dominus</span> <span class='ocrx_word' id='word_1_255' title='bbox 1761 3738 1953 3794; x_wconf 88' lang='lat' dir='ltr'>omnis</span> 
     </span>
    </p>
   </div>
   <div class='ocr_carea' id='block_1_40' title="bbox 307 3822 1951 3897">
    <p class='ocr_par' dir='ltr' id='par_1_40' title="bbox 307 3822 1951 3897">
     <span class='ocr_line' id='line_1_40' title="bbox 307 3822 1951 3897; baseline 0.003 -20"><span class='ocrx_word' id='word_1_256' title='bbox 307 3827 614 3888; x_wconf 63' lang='lat' dir='ltr'>creaturas,</span> <span class='ocrx_word' id='word_1_257' title='bbox 648 3822 891 3890; x_wconf 88' lang='lat' dir='ltr'>nullius,</span> <span class='ocrx_word' id='word_1_258' title='bbox 917 3822 1175 3880; x_wconf 89' lang='lat' dir='ltr'>dominio</span> <span class='ocrx_word' id='word_1_259' title='bbox 1190 3824 1533 3896; x_wconf 89' lang='lat' dir='ltr'>subjacens:</span> <span class='ocrx_word' id='word_1_260' title='bbox 1560 3825 1810 3897; x_wconf 89' lang='lat' dir='ltr'>replens,</span> <span class='ocrx_word' id='word_1_261' title='bbox 1836 3844 1951 3884; x_wconf 90' lang='lat' dir='ltr'>non</span> 
     </span>
    </p>
   </div>
   <div class='ocr_carea' id='block_1_41' title="bbox 304 3910 1949 3987">
    <p class='ocr_par' dir='ltr' id='par_1_41' title="bbox 304 3910 1949 3987">
     <span class='ocr_line' id='line_1_41' title="bbox 304 3910 1949 3987; baseline 0.003 -21"><span class='ocrx_word' id='word_1_262' title='bbox 304 3910 619 3982; x_wconf 88' lang='lat' dir='ltr'>repletus:</span> <span class='ocrx_word' id='word_1_263' title='bbox 679 3910 960 3983; x_wconf 85' lang='lat' dir='ltr'>largiens,</span> <span class='ocrx_word' id='word_1_264' title='bbox 1012 3920 1068 3967; x_wconf 89' lang='lat' dir='ltr'>et</span> <span class='ocrx_word' id='word_1_265' title='bbox 1130 3913 1201 3968; x_wconf 89' lang='lat' dir='ltr'>ab</span> <span class='ocrx_word' id='word_1_266' title='bbox 1234 3913 1346 3968; x_wconf 88' lang='lat' dir='ltr'>alio</span> <span class='ocrx_word' id='word_1_267' title='bbox 1405 3912 1549 3969; x_wconf 89' lang='lat' dir='ltr'>nihil</span> <span class='ocrx_word' id='word_1_268' title='bbox 1607 3914 1949 3987; x_wconf 86' lang='lat' dir='ltr'>accipiens:</span> 
     </span>
    </p>
   </div>
   <div class='ocr_carea' id='block_1_42' title="bbox 299 4000 1949 4070">
    <p class='ocr_par' dir='ltr' id='par_1_42' title="bbox 299 4000 1949 4070">
     <span class='ocr_line' id='line_1_42' title="bbox 299 4000 1949 4070; baseline 0.002 -13"><span class='ocrx_word' id='word_1_269' title='bbox 299 4000 699 4070; x_wconf 85' lang='lat' dir='ltr'>sanctiﬁcans,</span> <span class='ocrx_word' id='word_1_270' title='bbox 725 4017 838 4055; x_wconf 90' lang='lat' dir='ltr'>non</span> <span class='ocrx_word' id='word_1_271' title='bbox 863 4002 1269 4057; x_wconf 88' lang='lat' dir='ltr'>sanctiﬁcatus</span> <span class='ocrx_word' id='word_1_272' title='bbox 1297 4002 1662 4059; x_wconf 86' lang='lat' dir='ltr'>:consolator</span> <span class='ocrx_word' id='word_1_273' title='bbox 1684 4005 1949 4061; x_wconf 91' lang='lat' dir='ltr'>omnium</span> 
     </span>
    </p>
   </div>
   <div class='ocr_carea' id='block_1_43' title="bbox 298 4088 1952 4165">
    <p class='ocr_par' dir='ltr' id='par_1_43' title="bbox 298 4088 1952 4165">
     <span class='ocr_line' id='line_1_43' title="bbox 298 4088 1952 4165; baseline 0.002 -21"><span class='ocrx_word' id='word_1_274' title='bbox 298 4088 805 4145; x_wconf 84' lang='lat' dir='ltr'>consolationibus</span> <span class='ocrx_word' id='word_1_275' title='bbox 842 4106 990 4145; x_wconf 91' lang='lat' dir='ltr'>unus</span> <span class='ocrx_word' id='word_1_276' title='bbox 1020 4092 1321 4147; x_wconf 85' lang='lat' dir='ltr'>sufﬁciens</span> <span class='ocrx_word' id='word_1_277' title='bbox 1346 4111 1359 4152; x_wconf 84' lang='lat'><strong>;</strong></span> <span class='ocrx_word' id='word_1_278' title='bbox 1386 4092 1538 4147; x_wconf 87' lang='lat' dir='ltr'>Patri</span> <span class='ocrx_word' id='word_1_279' title='bbox 1565 4097 1621 4148; x_wconf 90' lang='lat' dir='ltr'>et</span> <span class='ocrx_word' id='word_1_280' title='bbox 1676 4093 1815 4149; x_wconf 83' lang='lat' dir='ltr'>Filio</span> <span class='ocrx_word' id='word_1_281' title='bbox 1848 4110 1952 4165; x_wconf 89' lang='lat' dir='ltr'>per</span> 
     </span>
    </p>
   </div>
   <div class='ocr_carea' id='block_1_44' title="bbox 298 4178 1947 4253">
    <p class='ocr_par' dir='ltr' id='par_1_44' title="bbox 298 4178 1947 4253">
     <span class='ocr_line' id='line_1_44' title="bbox 298 4178 1947 4253; baseline 0.002 -19"><span class='ocrx_word' id='word_1_282' title='bbox 298 4178 503 4235; x_wconf 90' lang='lat' dir='ltr'>omnia</span> <span class='ocrx_word' id='word_1_283' title='bbox 534 4178 743 4234; x_wconf 91' lang='lat' dir='ltr'>similis</span> <span class='ocrx_word' id='word_1_284' title='bbox 778 4194 790 4234; x_wconf 91' lang='lat'>:</span> <span class='ocrx_word' id='word_1_285' title='bbox 825 4180 923 4249; x_wconf 92' lang='lat' dir='ltr'>qui</span> <span class='ocrx_word' id='word_1_286' title='bbox 969 4195 1036 4235; x_wconf 88' lang='lat' dir='ltr'>ex</span> <span class='ocrx_word' id='word_1_287' title='bbox 1094 4184 1261 4235; x_wconf 86' lang='lat' dir='ltr'>Patre</span> <span class='ocrx_word' id='word_1_288' title='bbox 1313 4181 1616 4253; x_wconf 82' lang='lat' dir='ltr'>(Filioque)</span> <span class='ocrx_word' id='word_1_289' title='bbox 1666 4182 1947 4253; x_wconf 90' lang='lat' dir='ltr'>procedit,</span> 
     </span>
    </p>
   </div>
   <div class='ocr_carea' id='block_1_45' title="bbox 297 4265 1949 4339">
    <p class='ocr_par' dir='ltr' id='par_1_45' title="bbox 297 4265 1949 4339">
     <span class='ocr_line' id='line_1_45' title="bbox 297 4265 1949 4339; baseline 0.002 -18"><span class='ocrx_word' id='word_1_290' title='bbox 297 4268 475 4334; x_wconf 91' lang='lat' dir='ltr'>atque</span> <span class='ocrx_word' id='word_1_291' title='bbox 506 4280 608 4336; x_wconf 91' lang='lat' dir='ltr'>per</span> <span class='ocrx_word' id='word_1_292' title='bbox 638 4265 849 4321; x_wconf 89' lang='lat' dir='ltr'>Filium</span> <span class='ocrx_word' id='word_1_293' title='bbox 881 4267 1180 4322; x_wconf 85' lang='lat' dir='ltr'>tribuitur.</span> <span class='ocrx_word' id='word_1_294' title='bbox 1214 4268 1393 4339; x_wconf 90' lang='lat' dir='ltr'>Cujus</span> <span class='ocrx_word' id='word_1_295' title='bbox 1443 4269 1634 4324; x_wconf 88' lang='lat' dir='ltr'>omnis</span> <span class='ocrx_word' id='word_1_296' title='bbox 1685 4272 1949 4325; x_wconf 88' lang='lat' dir='ltr'>creatura</span> 
     </span>
    </p>
   </div>
   <div class='ocr_carea' id='block_1_46' title="bbox 295 4354 1945 4433">
    <p class='ocr_par' dir='ltr' id='par_1_46' title="bbox 295 4354 1945 4433">
     <span class='ocr_line' id='line_1_46' title="bbox 295 4354 1945 4433; baseline 0.005 -26"><span class='ocrx_word' id='word_1_297' title='bbox 295 4354 591 4425; x_wconf 87' lang='lat' dir='ltr'>particeps</span> <span class='ocrx_word' id='word_1_298' title='bbox 624 4359 732 4424; x_wconf 92' lang='lat' dir='ltr'>est,</span> <span class='ocrx_word' id='word_1_299' title='bbox 764 4354 864 4426; x_wconf 91' lang='lat' dir='ltr'>qui</span> <span class='ocrx_word' id='word_1_300' title='bbox 900 4371 1001 4428; x_wconf 92' lang='lat' dir='ltr'>per</span> <span class='ocrx_word' id='word_1_301' title='bbox 1040 4373 1101 4412; x_wconf 89' lang='lat' dir='ltr'>se</span> <span class='ocrx_word' id='word_1_302' title='bbox 1130 4360 1288 4412; x_wconf 89' lang='lat' dir='ltr'>creat</span> <span class='ocrx_word' id='word_1_303' title='bbox 1317 4361 1373 4412; x_wconf 90' lang='lat' dir='ltr'>et</span> <span class='ocrx_word' id='word_1_304' title='bbox 1403 4360 1624 4412; x_wconf 88' lang='lat' dir='ltr'>animat</span> <span class='ocrx_word' id='word_1_305' title='bbox 1653 4358 1945 4433; x_wconf 86' lang='lat' dir='ltr'>universa,</span> 
     </span>
    </p>
   </div>
   <div class='ocr_carea' id='block_1_47' title="bbox 296 4444 1948 4518">
    <p class='ocr_par' dir='ltr' id='par_1_47' title="bbox 296 4444 1948 4518">
     <span class='ocr_line' id='line_1_47' title="bbox 296 4444 1948 4518; baseline 0.003 -19"><span class='ocrx_word' id='word_1_306' title='bbox 296 4444 628 4499; x_wconf 86' lang='lat' dir='ltr'>sanctiﬁcat</span> <span class='ocrx_word' id='word_1_307' title='bbox 660 4448 716 4499; x_wconf 91' lang='lat' dir='ltr'>et</span> <span class='ocrx_word' id='word_1_308' title='bbox 746 4446 1032 4512; x_wconf 86' lang='lat' dir='ltr'>continet,</span> <span class='ocrx_word' id='word_1_309' title='bbox 1062 4446 1295 4517; x_wconf 90' lang='lat' dir='ltr'>propria</span> <span class='ocrx_word' id='word_1_310' title='bbox 1328 4447 1574 4518; x_wconf 90' lang='lat' dir='ltr'>denique</span> <span class='ocrx_word' id='word_1_311' title='bbox 1609 4447 1665 4503; x_wconf 93' lang='lat' dir='ltr'>in</span> <span class='ocrx_word' id='word_1_312' title='bbox 1700 4464 1948 4518; x_wconf 89' lang='lat' dir='ltr'>persona</span> 
     </span>
    </p>
   </div>
   <div class='ocr_carea' id='block_1_48' title="bbox 292 4532 1946 4609">
    <p class='ocr_par' dir='ltr' id='par_1_48' title="bbox 292 4532 1946 4609">
     <span class='ocr_line' id='line_1_48' title="bbox 292 4532 1946 4609; baseline 0.005 -23"><span class='ocrx_word' id='word_1_313' title='bbox 292 4548 400 4604; x_wconf 92' lang='lat' dir='ltr'>per</span> <span class='ocrx_word' id='word_1_314' title='bbox 426 4549 487 4588; x_wconf 86' lang='lat' dir='ltr'>se</span> <span class='ocrx_word' id='word_1_315' title='bbox 527 4532 820 4603; x_wconf 84' lang='lat' dir='ltr'>subsistit,</span> <span class='ocrx_word' id='word_1_316' title='bbox 882 4535 964 4589; x_wconf 88' lang='lat' dir='ltr'>ita.</span> <span class='ocrx_word' id='word_1_317' title='bbox 1028 4540 1245 4604; x_wconf 89' lang='lat' dir='ltr'>tamen,</span> <span class='ocrx_word' id='word_1_318' title='bbox 1299 4540 1425 4591; x_wconf 84' lang='lat' dir='ltr'>uta</span> <span class='ocrx_word' id='word_1_319' title='bbox 1479 4536 1644 4592; x_wconf 89' lang='lat' dir='ltr'>Patre</span> <span class='ocrx_word' id='word_1_320' title='bbox 1684 4536 1946 4609; x_wconf 88' lang='lat' dir='ltr'>Filioque</span> 
     </span>
    </p>
   </div>
   <div class='ocr_carea' id='block_1_49' title="bbox 295 4622 1945 4697">
    <p class='ocr_par' dir='ltr' id='par_1_49' title="bbox 295 4622 1945 4697">
     <span class='ocr_line' id='line_1_49' title="bbox 295 4622 1945 4697; baseline 0.004 -21"><span class='ocrx_word' id='word_1_321' title='bbox 295 4622 560 4692; x_wconf 88' lang='lat' dir='ltr'>separari</span> <span class='ocrx_word' id='word_1_322' title='bbox 595 4626 651 4678; x_wconf 88' lang='lat' dir='ltr'>et</span> <span class='ocrx_word' id='word_1_323' title='bbox 682 4622 963 4680; x_wconf 88' lang='lat' dir='ltr'>divertere</span> <span class='ocrx_word' id='word_1_324' title='bbox 996 4625 1156 4681; x_wconf 90' lang='lat' dir='ltr'>nullo</span> <span class='ocrx_word' id='word_1_325' title='bbox 1189 4626 1573 4697; x_wconf 76' lang='lat' dir='ltr'>modoquest,</span> <span class='ocrx_word' id='word_1_326' title='bbox 1607 4627 1721 4683; x_wconf 90' lang='lat' dir='ltr'>imo</span> <span class='ocrx_word' id='word_1_327' title='bbox 1751 4629 1945 4684; x_wconf 88' lang='lat' dir='ltr'>omnia</span> 
     </span>
    </p>
   </div>
   <div class='ocr_carea' id='block_1_50' title="bbox 291 4698 2024 4784">
    <p class='ocr_par' dir='ltr' id='par_1_50' title="bbox 291 4698 2024 4784">
     <span class='ocr_line' id='line_1_50' title="bbox 291 4698 2024 4784; baseline 0.003 -18"><span class='ocrx_word' id='word_1_328' title='bbox 291 4709 397 4766; x_wconf 90' lang='lat' dir='ltr'>illa</span> <span class='ocrx_word' id='word_1_329' title='bbox 424 4710 693 4779; x_wconf 83' lang='lat' dir='ltr'>habebat,</span> <span class='ocrx_word' id='word_1_330' title='bbox 732 4728 1097 4784; x_wconf 73' lang='lat' dir='ltr'>quaecunque</span> <span class='ocrx_word' id='word_1_331' title='bbox 1140 4713 1306 4769; x_wconf 89' lang='lat' dir='ltr'>Pater</span> <span class='ocrx_word' id='word_1_332' title='bbox 1356 4718 1414 4770; x_wconf 89' lang='lat' dir='ltr'>et</span> <span class='ocrx_word' id='word_1_333' title='bbox 1464 4715 1646 4771; x_wconf 88' lang='lat' dir='ltr'>Filius</span> <span class='ocrx_word' id='word_1_334' title='bbox 1706 4715 1943 4784; x_wconf 88' lang='lat' dir='ltr'>habent,</span> <span class='ocrx_word' id='word_1_335' title='bbox 1976 4698 2024 4762; x_wconf 76' lang='grc' dir='ltr'>ί)</span> 
     </span>
    </p>
   </div>
   <div class='ocr_carea' id='block_1_51' title="bbox 288 4803 1939 4877">
    <p class='ocr_par' dir='ltr' id='par_1_51' title="bbox 288 4803 1939 4877">
     <span class='ocr_line' id='line_1_51' title="bbox 288 4803 1939 4877; baseline 0.005 -24"><span class='ocrx_word' id='word_1_336' title='bbox 288 4803 682 4871; x_wconf 66' lang='lat' dir='ltr'>praeterquam</span> <span class='ocrx_word' id='word_1_337' title='bbox 716 4803 869 4871; x_wconf 88' lang='lat' dir='ltr'>quod</span> <span class='ocrx_word' id='word_1_338' title='bbox 910 4819 1013 4858; x_wconf 91' lang='lat' dir='ltr'>nec</span> <span class='ocrx_word' id='word_1_339' title='bbox 1047 4803 1367 4875; x_wconf 89' lang='lat' dir='ltr'>ingenitus,</span> <span class='ocrx_word' id='word_1_340' title='bbox 1410 4821 1515 4859; x_wconf 90' lang='lat' dir='ltr'>nec</span> <span class='ocrx_word' id='word_1_341' title='bbox 1562 4806 1795 4877; x_wconf 87' lang='lat' dir='ltr'>genitus</span> <span class='ocrx_word' id='word_1_342' title='bbox 1829 4810 1939 4863; x_wconf 90' lang='lat' dir='ltr'>est.</span> 
     </span>
    </p>
   </div>
   <div class='ocr_carea' id='block_1_52' title="bbox 285 4888 1940 4965">
    <p class='ocr_par' dir='ltr' id='par_1_52' title="bbox 285 4888 1940 4965">
     <span class='ocr_line' id='line_1_52' title="bbox 285 4888 1940 4965; baseline 0.004 -22"><span class='ocrx_word' id='word_1_343' title='bbox 285 4888 461 4943; x_wconf 87' lang='lat' dir='ltr'>Pater</span> <span class='ocrx_word' id='word_1_344' title='bbox 491 4889 647 4944; x_wconf 88' lang='lat' dir='ltr'>enim</span> <span class='ocrx_word' id='word_1_345' title='bbox 698 4906 873 4946; x_wconf 89' lang='lat' dir='ltr'>causa</span> <span class='ocrx_word' id='word_1_346' title='bbox 927 4898 1130 4947; x_wconf 88' lang='lat' dir='ltr'>caret:</span> <span class='ocrx_word' id='word_1_347' title='bbox 1194 4892 1606 4965; x_wconf 86' lang='lat' dir='ltr'>ingenitusque</span> <span class='ocrx_word' id='word_1_348' title='bbox 1660 4901 1764 4965; x_wconf 85' lang='lat' dir='ltr'>est,</span> <span class='ocrx_word' id='word_1_349' title='bbox 1837 4911 1940 4950; x_wconf 91' lang='lat' dir='ltr'>nec</span> 
     </span>
    </p>
   </div>
   <div class='ocr_carea' id='block_1_53' title="bbox 285 4978 1936 5055">
    <p class='ocr_par' dir='ltr' id='par_1_53' title="bbox 285 4978 1936 5055">
     <span class='ocr_line' id='line_1_53' title="bbox 285 4978 1936 5055; baseline 0.002 -21"><span class='ocrx_word' id='word_1_350' title='bbox 285 4978 446 5034; x_wconf 89' lang='lat' dir='ltr'>enim</span> <span class='ocrx_word' id='word_1_351' title='bbox 478 4996 510 5033; x_wconf 91' lang='lat' dir='ltr'>a</span> <span class='ocrx_word' id='word_1_352' title='bbox 546 4995 866 5051; x_wconf 86' lang='lat' dir='ltr'>quoquam,</span> <span class='ocrx_word' id='word_1_353' title='bbox 901 4997 1003 5036; x_wconf 91' lang='lat' dir='ltr'>nec</span> <span class='ocrx_word' id='word_1_354' title='bbox 1034 4998 1069 5036; x_wconf 87' lang='lat' dir='ltr'>a</span> <span class='ocrx_word' id='word_1_355' title='bbox 1100 4981 1294 5053; x_wconf 89' lang='lat' dir='ltr'>seipso</span> <span class='ocrx_word' id='word_1_356' title='bbox 1328 4983 1568 5054; x_wconf 88' lang='lat' dir='ltr'>quidem</span> <span class='ocrx_word' id='word_1_357' title='bbox 1605 4983 1890 5055; x_wconf 88' lang='lat' dir='ltr'>processit</span> <span class='ocrx_word' id='word_1_358' title='bbox 1923 4999 1936 5038; x_wconf 93' lang='lat'><strong>:</strong></span> 
     </span>
    </p>
   </div>
   <div class='ocr_carea' id='block_1_54' title="bbox 286 5069 1939 5145">
    <p class='ocr_par' dir='ltr' id='par_1_54' title="bbox 286 5069 1939 5145">
     <span class='ocr_line' id='line_1_54' title="bbox 286 5069 1939 5145; baseline 0.004 -22"><span class='ocrx_word' id='word_1_359' title='bbox 286 5083 399 5123; x_wconf 88' lang='lat' dir='ltr'>nec</span> <span class='ocrx_word' id='word_1_360' title='bbox 421 5083 623 5123; x_wconf 92' lang='lat' dir='ltr'>eorum</span> <span class='ocrx_word' id='word_1_361' title='bbox 658 5086 784 5141; x_wconf 67' lang='lat' dir='ltr'>qua:</span> <span class='ocrx_word' id='word_1_362' title='bbox 816 5069 988 5125; x_wconf 90' lang='lat' dir='ltr'>habet</span> <span class='ocrx_word' id='word_1_363' title='bbox 1037 5070 1384 5142; x_wconf 88' lang='lat' dir='ltr'>quidquam,</span> <span class='ocrx_word' id='word_1_364' title='bbox 1420 5073 1537 5130; x_wconf 91' lang='lat' dir='ltr'>imo</span> <span class='ocrx_word' id='word_1_365' title='bbox 1564 5072 1757 5144; x_wconf 89' lang='lat' dir='ltr'>potius</span> <span class='ocrx_word' id='word_1_366' title='bbox 1814 5073 1939 5145; x_wconf 87' lang='lat' dir='ltr'>ipse</span> 
     </span>
    </p>
   </div>
   <div class='ocr_carea' id='block_1_55' title="bbox 285 5156 1940 5235">
    <p class='ocr_par' dir='ltr' id='par_1_55' title="bbox 285 5156 1940 5235">
     <span class='ocr_line' id='line_1_55' title="bbox 285 5156 1940 5235; baseline 0.004 -24"><span class='ocrx_word' id='word_1_367' title='bbox 285 5156 670 5229; x_wconf 87' lang='lat' dir='ltr'>principium,</span> <span class='ocrx_word' id='word_1_368' title='bbox 703 5163 760 5214; x_wconf 94' lang='lat' dir='ltr'>et</span> <span class='ocrx_word' id='word_1_369' title='bbox 807 5164 1004 5215; x_wconf 91' lang='lat' dir='ltr'>auctor</span> <span class='ocrx_word' id='word_1_370' title='bbox 1056 5161 1321 5217; x_wconf 72' lang='lat' dir='ltr'>essentia:</span> <span class='ocrx_word' id='word_1_371' title='bbox 1375 5166 1507 5219; x_wconf 89' lang='lat' dir='ltr'>ast:</span> <span class='ocrx_word' id='word_1_372' title='bbox 1570 5163 1823 5235; x_wconf 89' lang='lat' dir='ltr'>facitque</span> <span class='ocrx_word' id='word_1_373' title='bbox 1877 5167 1940 5217; x_wconf 90' lang='lat' dir='ltr'>ut</span> 
     </span>
    </p>
   </div>
   <div class='ocr_carea' id='block_1_56' title="bbox 284 5248 1934 5321">
    <p class='ocr_par' dir='ltr' id='par_1_56' title="bbox 284 5248 1934 5321">
     <span class='ocr_line' id='line_1_56' title="bbox 284 5248 1934 5321; baseline 0.003 -18"><span class='ocrx_word' id='word_1_374' title='bbox 284 5248 564 5305; x_wconf 88' lang='lat' dir='ltr'>universa</span> <span class='ocrx_word' id='word_1_375' title='bbox 623 5267 859 5321; x_wconf 91' lang='lat' dir='ltr'>quoquo</span> <span class='ocrx_word' id='word_1_376' title='bbox 918 5252 1089 5307; x_wconf 91' lang='lat' dir='ltr'>modo</span> <span class='ocrx_word' id='word_1_377' title='bbox 1138 5269 1200 5309; x_wconf 91' lang='lat' dir='ltr'>se</span> <span class='ocrx_word' id='word_1_378' title='bbox 1259 5253 1604 5309; x_wconf 86' lang='lat' dir='ltr'>naturaliter</span> <span class='ocrx_word' id='word_1_379' title='bbox 1664 5254 1934 5309; x_wconf 88' lang='lat' dir='ltr'>habeant.</span> 
     </span>
    </p>
   </div>
   <div class='ocr_carea' id='block_1_57' title="bbox 280 5337 1939 5414">
    <p class='ocr_par' dir='ltr' id='par_1_57' title="bbox 280 5337 1939 5414">
     <span class='ocr_line' id='line_1_57' title="bbox 280 5337 1939 5414; baseline 0.003 -22"><span class='ocrx_word' id='word_1_380' title='bbox 280 5337 541 5393; x_wconf 85' lang='lat' dir='ltr'>Verbum</span> <span class='ocrx_word' id='word_1_381' title='bbox 572 5345 767 5395; x_wconf 91' lang='lat' dir='ltr'>autem</span> <span class='ocrx_word' id='word_1_382' title='bbox 801 5340 1124 5410; x_wconf 81' lang='lat' dir='ltr'>generative</span> <span class='ocrx_word' id='word_1_383' title='bbox 1156 5359 1188 5397; x_wconf 89' lang='lat' dir='ltr'>a</span> <span class='ocrx_word' id='word_1_384' title='bbox 1240 5342 1406 5398; x_wconf 88' lang='lat' dir='ltr'>Patre</span> <span class='ocrx_word' id='word_1_385' title='bbox 1452 5342 1748 5414; x_wconf 88' lang='lat' dir='ltr'>processit.</span> <span class='ocrx_word' id='word_1_386' title='bbox 1809 5343 1939 5413; x_wconf 88' lang='lat' dir='ltr'>Spi-</span> 
     </span>
    </p>
   </div>
   <div class='ocr_carea' id='block_1_58' title="bbox 282 5426 1940 5502">
    <p class='ocr_par' dir='ltr' id='par_1_58' title="bbox 282 5426 1940 5502">
     <span class='ocr_line' id='line_1_58' title="bbox 282 5426 1940 5502; baseline 0.001 -19"><span class='ocrx_word' id='word_1_387' title='bbox 282 5426 437 5483; x_wconf 87' lang='lat' dir='ltr'>ritus</span> <span class='ocrx_word' id='word_1_388' title='bbox 470 5429 722 5501; x_wconf 91' lang='lat' dir='ltr'>denique</span> <span class='ocrx_word' id='word_1_389' title='bbox 781 5434 1080 5485; x_wconf 87' lang='lat' dir='ltr'>sanctusa</span> <span class='ocrx_word' id='word_1_390' title='bbox 1137 5430 1302 5485; x_wconf 87' lang='lat' dir='ltr'>Patre</span> <span class='ocrx_word' id='word_1_391' title='bbox 1359 5432 1532 5486; x_wconf 88' lang='lat' dir='ltr'>etiam</span> <span class='ocrx_word' id='word_1_392' title='bbox 1594 5448 1707 5487; x_wconf 90' lang='lat' dir='ltr'>non</span> <span class='ocrx_word' id='word_1_393' title='bbox 1766 5446 1940 5502; x_wconf 86' lang='lat' dir='ltr'>gene-</span> 
     </span>
    </p>
   </div>
   <div class='ocr_carea' id='block_1_59' title="bbox 285 5517 1935 5593">
    <p class='ocr_par' dir='ltr' id='par_1_59' title="bbox 285 5517 1935 5593">
     <span class='ocr_line' id='line_1_59' title="bbox 285 5517 1935 5593; baseline 0.001 -21"><span class='ocrx_word' id='word_1_394' title='bbox 285 5517 470 5572; x_wconf 88' lang='lat' dir='ltr'>rative</span> <span class='ocrx_word' id='word_1_395' title='bbox 504 5520 600 5572; x_wconf 91' lang='lat' dir='ltr'>sed</span> <span class='ocrx_word' id='word_1_396' title='bbox 628 5520 953 5589; x_wconf 89' lang='lat' dir='ltr'>processive</span> <span class='ocrx_word' id='word_1_397' title='bbox 986 5519 1220 5591; x_wconf 90' lang='lat' dir='ltr'>prodiit.</span> <span class='ocrx_word' id='word_1_398' title='bbox 1263 5519 1409 5583; x_wconf 86' lang='lat' dir='ltr'>Quid</span> <span class='ocrx_word' id='word_1_399' title='bbox 1446 5537 1615 5593; x_wconf 91' lang='lat' dir='ltr'>porro</span> <span class='ocrx_word' id='word_1_400' title='bbox 1667 5538 1700 5576; x_wconf 90' lang='lat' dir='ltr'>a</span> <span class='ocrx_word' id='word_1_401' title='bbox 1756 5535 1935 5592; x_wconf 88' lang='lat' dir='ltr'>gene-</span> 
     </span>
    </p>
   </div>
   <div class='ocr_carea' id='block_1_60' title="bbox 283 5606 1935 5681">
    <p class='ocr_par' dir='ltr' id='par_1_60' title="bbox 283 5606 1935 5681">
     <span class='ocr_line' id='line_1_60' title="bbox 283 5606 1935 5681; baseline 0.001 -17"><span class='ocrx_word' id='word_1_402' title='bbox 283 5606 517 5664; x_wconf 84' lang='lat' dir='ltr'>ratione</span> <span class='ocrx_word' id='word_1_403' title='bbox 562 5606 854 5678; x_wconf 87' lang='lat' dir='ltr'>processio</span> <span class='ocrx_word' id='word_1_404' title='bbox 908 5608 1156 5675; x_wconf 82' lang='lat' dir='ltr'>ditl&#39;erat,</span> <span class='ocrx_word' id='word_1_405' title='bbox 1209 5608 1337 5678; x_wconf 90' lang='lat' dir='ltr'>jam</span> <span class='ocrx_word' id='word_1_406' title='bbox 1408 5610 1768 5679; x_wconf 89' lang='lat' dir='ltr'>didicimus;</span> <span class='ocrx_word' id='word_1_407' title='bbox 1804 5610 1935 5681; x_wconf 88' lang='lat' dir='ltr'>quis</span> 
     </span>
    </p>
   </div>
   <div class='ocr_carea' id='block_1_61' title="bbox 287 5696 1937 5771">
    <p class='ocr_par' dir='ltr' id='par_1_61' title="bbox 287 5696 1937 5771">
     <span class='ocr_line' id='line_1_61' title="bbox 287 5696 1937 5771; baseline -0.002 -17"><span class='ocrx_word' id='word_1_408' title='bbox 287 5698 486 5754; x_wconf 79' lang='lat' dir='ltr'>autem</span> <span class='ocrx_word' id='word_1_409' title='bbox 520 5697 725 5753; x_wconf 87' lang='lat' dir='ltr'>modus</span> <span class='ocrx_word' id='word_1_410' title='bbox 759 5697 1093 5753; x_wconf 62' lang='lat' dir='ltr'>differentiis</span> <span class='ocrx_word' id='word_1_411' title='bbox 1127 5696 1224 5763; x_wconf 89' lang='lat' dir='ltr'>sit,</span> <span class='ocrx_word' id='word_1_412' title='bbox 1261 5714 1374 5752; x_wconf 90' lang='lat' dir='ltr'>non</span> <span class='ocrx_word' id='word_1_413' title='bbox 1408 5698 1568 5755; x_wconf 89' lang='lat' dir='ltr'>item.</span> <span class='ocrx_word' id='word_1_414' title='bbox 1592 5699 1937 5771; x_wconf 81' lang='grc' dir='ltr'>Γεννήματος</span> 
     </span>
    </p>
   </div>
   <div class='ocr_carea' id='block_1_62' title="bbox 288 5783 1934 5867">
    <p class='ocr_par' dir='ltr' id='par_1_62' title="bbox 288 5783 1934 5867">
     <span class='ocr_line' id='line_1_62' title="bbox 288 5783 1934 5867; baseline -0.001 -23"><span class='ocrx_word' id='word_1_415' title='bbox 288 5796 449 5858; x_wconf 79' lang='lat' dir='ltr'>ergo,</span> <span class='ocrx_word' id='word_1_416' title='bbox 481 5783 543 5844; x_wconf 93' lang='lat' dir='ltr'>id</span> <span class='ocrx_word' id='word_1_417' title='bbox 573 5788 662 5846; x_wconf 85' lang='lat' dir='ltr'>est</span> <span class='ocrx_word' id='word_1_418' title='bbox 686 5784 964 5859; x_wconf 76' lang='lat' dir='ltr'>geniturae</span> <span class='ocrx_word' id='word_1_419' title='bbox 996 5786 1233 5847; x_wconf 86' lang='lat' dir='ltr'>nomine</span> <span class='ocrx_word' id='word_1_420' title='bbox 1262 5789 1320 5846; x_wconf 83' lang='lat' dir='ltr'>at</span> <span class='ocrx_word' id='word_1_421' title='bbox 1345 5785 1475 5862; x_wconf 85' lang='lat' dir='ltr'>ipsa</span> <span class='ocrx_word' id='word_1_422' title='bbox 1512 5787 1643 5850; x_wconf 85' lang='lat' dir='ltr'>Filii</span> <span class='ocrx_word' id='word_1_423' title='bbox 1671 5805 1741 5849; x_wconf 82' lang='lat' dir='ltr'>ex</span> <span class='ocrx_word' id='word_1_424' title='bbox 1770 5791 1934 5867; x_wconf 83' lang='lat' dir='ltr'>Patre</span> 
     </span>
    </p>
   </div>
   <div class='ocr_carea' id='block_1_63' title="bbox 2060 665 3706 742">
    <p class='ocr_par' dir='ltr' id='par_1_63' title="bbox 2060 665 3706 742">
     <span class='ocr_line' id='line_1_63' title="bbox 2060 665 3706 742; baseline -0.001 -18"><span class='ocrx_word' id='word_1_425' title='bbox 2060 668 2372 742; x_wconf 77' lang='grc' dir='ltr'>ἐκπόρευσις</span> <span class='ocrx_word' id='word_1_426' title='bbox 2435 684 2534 723; x_wconf 87' lang='lat' dir='ltr'>seu</span> <span class='ocrx_word' id='word_1_427' title='bbox 2595 665 2889 738; x_wconf 88' lang='lat' dir='ltr'>processio</span> <span class='ocrx_word' id='word_1_428' title='bbox 2948 665 3197 738; x_wconf 84' lang='lat' dir='ltr'>intelligi</span> <span class='ocrx_word' id='word_1_429' title='bbox 3231 683 3399 736; x_wconf 91' lang='lat' dir='ltr'>posse</span> <span class='ocrx_word' id='word_1_430' title='bbox 3455 667 3706 723; x_wconf 88' lang='lat' dir='ltr'>videtur.</span> 
     </span>
    </p>
   </div>
   <div class='ocr_carea' id='block_1_64' title="bbox 2058 755 3706 829">
    <p class='ocr_par' dir='ltr' id='par_1_64' title="bbox 2058 755 3706 829">
     <span class='ocr_line' id='line_1_64' title="bbox 2058 755 3706 829; baseline -0.002 -15"><span class='ocrx_word' id='word_1_431' title='bbox 2058 760 2241 823; x_wconf 90' lang='lat' dir='ltr'>Quare</span> <span class='ocrx_word' id='word_1_432' title='bbox 2264 773 2644 829; x_wconf 65' lang='lat' dir='ltr'>quaecumque</span> <span class='ocrx_word' id='word_1_433' title='bbox 2670 755 2851 811; x_wconf 88' lang='lat' dir='ltr'>Filius</span> <span class='ocrx_word' id='word_1_434' title='bbox 2874 755 3188 826; x_wconf 90' lang='lat' dir='ltr'>etSpiritus</span> <span class='ocrx_word' id='word_1_435' title='bbox 3206 762 3444 811; x_wconf 83' lang='lat' dir='ltr'>sanctus</span> <span class='ocrx_word' id='word_1_436' title='bbox 3472 755 3706 823; x_wconf 91' lang='lat' dir='ltr'>habent,</span> 
     </span>
    </p>
   </div>
   <div class='ocr_carea' id='block_1_65' title="bbox 2058 844 3707 916">
    <p class='ocr_par' dir='ltr' id='par_1_65' title="bbox 2058 844 3707 916">
     <span class='ocr_line' id='line_1_65' title="bbox 2058 844 3707 916; baseline -0.003 -13"><span class='ocrx_word' id='word_1_437' title='bbox 2058 864 2125 903; x_wconf 91' lang='lat' dir='ltr'>ea</span> <span class='ocrx_word' id='word_1_438' title='bbox 2157 865 2224 903; x_wconf 86' lang='lat' dir='ltr'>ex</span> <span class='ocrx_word' id='word_1_439' title='bbox 2256 848 2418 902; x_wconf 88' lang='lat' dir='ltr'>Patre</span> <span class='ocrx_word' id='word_1_440' title='bbox 2449 846 2685 912; x_wconf 89' lang='lat' dir='ltr'>habent,</span> <span class='ocrx_word' id='word_1_441' title='bbox 2714 850 2889 916; x_wconf 89' lang='lat' dir='ltr'>atque</span> <span class='ocrx_word' id='word_1_442' title='bbox 2918 844 3104 916; x_wconf 90' lang='lat' dir='ltr'>ipsam</span> <span class='ocrx_word' id='word_1_443' title='bbox 3132 861 3360 915; x_wconf 84' lang='lat' dir='ltr'>quoque</span> <span class='ocrx_word' id='word_1_444' title='bbox 3389 845 3707 899; x_wconf 86' lang='lat' dir='ltr'>essentiam</span> 
     </span>
    </p>
   </div>
   <div class='ocr_carea' id='block_1_66' title="bbox 2058 932 3709 1004">
    <p class='ocr_par' dir='ltr' id='par_1_66' title="bbox 2058 932 3709 1004">
     <span class='ocr_line' id='line_1_66' title="bbox 2058 932 3709 1004; baseline -0.003 -12"><span class='ocrx_word' id='word_1_445' title='bbox 2058 945 2112 993; x_wconf 92' lang='lat' dir='ltr'>et</span> <span class='ocrx_word' id='word_1_446' title='bbox 2144 936 2259 992; x_wconf 89' lang='lat' dir='ltr'>nisi</span> <span class='ocrx_word' id='word_1_447' title='bbox 2300 936 2375 991; x_wconf 88' lang='lat' dir='ltr'>sit</span> <span class='ocrx_word' id='word_1_448' title='bbox 2406 935 2597 1000; x_wconf 87' lang='lat' dir='ltr'>Pater,</span> <span class='ocrx_word' id='word_1_449' title='bbox 2629 934 2827 989; x_wconf 91' lang='lat' dir='ltr'>nullus</span> <span class='ocrx_word' id='word_1_450' title='bbox 2858 933 3062 1001; x_wconf 84' lang='lat' dir='ltr'>Filius,</span> <span class='ocrx_word' id='word_1_451' title='bbox 3094 932 3290 988; x_wconf 89' lang='lat' dir='ltr'>nullus</span> <span class='ocrx_word' id='word_1_452' title='bbox 3342 937 3397 988; x_wconf 91' lang='lat' dir='ltr'>et</span> <span class='ocrx_word' id='word_1_453' title='bbox 3446 933 3709 1004; x_wconf 89' lang='lat' dir='ltr'>Spiritus</span> 
     </span>
    </p>
   </div>
   <div class='ocr_carea' id='block_1_67' title="bbox 2056 1022 3707 1097">
    <p class='ocr_par' dir='ltr' id='par_1_67' title="bbox 2056 1022 3707 1097">
     <span class='ocr_line' id='line_1_67' title="bbox 2056 1022 3707 1097; baseline -0.002 -15"><span class='ocrx_word' id='word_1_454' title='bbox 2056 1042 2181 1082; x_wconf 86' lang='lat' dir='ltr'>esse</span> <span class='ocrx_word' id='word_1_455' title='bbox 2214 1030 2424 1097; x_wconf 87' lang='lat' dir='ltr'>potest,</span> <span class='ocrx_word' id='word_1_456' title='bbox 2458 1032 2509 1080; x_wconf 89' lang='lat' dir='ltr'>et</span> <span class='ocrx_word' id='word_1_457' title='bbox 2533 1024 2578 1079; x_wconf 90' lang='lat' dir='ltr'>si</span> <span class='ocrx_word' id='word_1_458' title='bbox 2614 1040 2730 1095; x_wconf 90' lang='lat' dir='ltr'>qua</span> <span class='ocrx_word' id='word_1_459' title='bbox 2767 1040 2826 1079; x_wconf 93' lang='lat' dir='ltr'>re</span> <span class='ocrx_word' id='word_1_460' title='bbox 2860 1026 3051 1077; x_wconf 88' lang='lat' dir='ltr'>careat</span> <span class='ocrx_word' id='word_1_461' title='bbox 3080 1024 3269 1089; x_wconf 89' lang='lat' dir='ltr'>Pater,</span> <span class='ocrx_word' id='word_1_462' title='bbox 3289 1024 3487 1078; x_wconf 83' lang='lat' dir='ltr'>eadem</span> <span class='ocrx_word' id='word_1_463' title='bbox 3527 1022 3707 1078; x_wconf 84' lang='lat' dir='ltr'>Filius</span> 
     </span>
    </p>
   </div>
   <div class='ocr_carea' id='block_1_68' title="bbox 2057 1110 3708 1187">
    <p class='ocr_par' dir='ltr' id='par_1_68' title="bbox 2057 1110 3708 1187">
     <span class='ocr_line' id='line_1_68' title="bbox 2057 1110 3708 1187; baseline -0.004 -16"><span class='ocrx_word' id='word_1_464' title='bbox 2057 1115 2378 1187; x_wconf 90' lang='lat' dir='ltr'>etSpiritus</span> <span class='ocrx_word' id='word_1_465' title='bbox 2410 1118 2633 1170; x_wconf 90' lang='lat' dir='ltr'>carent.</span> <span class='ocrx_word' id='word_1_466' title='bbox 2668 1116 2854 1185; x_wconf 87' lang='lat' dir='ltr'>Atque</span> <span class='ocrx_word' id='word_1_467' title='bbox 2890 1116 3125 1184; x_wconf 89' lang='lat' dir='ltr'>propter</span> <span class='ocrx_word' id='word_1_468' title='bbox 3157 1112 3408 1176; x_wconf 86' lang='lat' dir='ltr'>Patrem,</span> <span class='ocrx_word' id='word_1_469' title='bbox 3452 1110 3560 1166; x_wconf 87' lang='lat' dir='ltr'>hoc</span> <span class='ocrx_word' id='word_1_470' title='bbox 3594 1115 3708 1179; x_wconf 88' lang='lat' dir='ltr'>est,</span> 
     </span>
    </p>
   </div>
   <div class='ocr_carea' id='block_1_69' title="bbox 2057 1200 3710 1279">
    <p class='ocr_par' dir='ltr' id='par_1_69' title="bbox 2057 1200 3710 1279">
     <span class='ocr_line' id='line_1_69' title="bbox 2057 1200 3710 1279; baseline -0.004 -18"><span class='ocrx_word' id='word_1_471' title='bbox 2057 1206 2195 1279; x_wconf 90' lang='lat' dir='ltr'>quia</span> <span class='ocrx_word' id='word_1_472' title='bbox 2229 1210 2390 1261; x_wconf 89' lang='lat' dir='ltr'>Pater</span> <span class='ocrx_word' id='word_1_473' title='bbox 2430 1208 2517 1260; x_wconf 90' lang='lat' dir='ltr'>est</span> <span class='ocrx_word' id='word_1_474' title='bbox 2577 1202 2758 1259; x_wconf 86' lang='lat' dir='ltr'>Filius</span> <span class='ocrx_word' id='word_1_475' title='bbox 2824 1218 3054 1275; x_wconf 89' lang='lat' dir='ltr'>quoque</span> <span class='ocrx_word' id='word_1_476' title='bbox 3084 1206 3143 1257; x_wconf 88' lang='lat' dir='ltr'>et</span> <span class='ocrx_word' id='word_1_477' title='bbox 3192 1200 3442 1273; x_wconf 88' lang='lat' dir='ltr'>Spiritus</span> <span class='ocrx_word' id='word_1_478' title='bbox 3495 1204 3603 1256; x_wconf 89' lang='lat' dir='ltr'>est.</span> <span class='ocrx_word' id='word_1_479' title='bbox 3637 1202 3710 1255; x_wconf 83' lang='lat' dir='ltr'>Et</span> 
     </span>
    </p>
   </div>
   <div class='ocr_carea' id='block_1_70' title="bbox 2056 1290 3709 1368">
    <p class='ocr_par' dir='ltr' id='par_1_70' title="bbox 2056 1290 3709 1368">
     <span class='ocr_line' id='line_1_70' title="bbox 2056 1290 3709 1368; baseline -0.004 -17"><span class='ocrx_word' id='word_1_480' title='bbox 2056 1299 2291 1368; x_wconf 86' lang='lat' dir='ltr'>propter</span> <span class='ocrx_word' id='word_1_481' title='bbox 2326 1295 2549 1350; x_wconf 87' lang='lat' dir='ltr'>Patrem</span> <span class='ocrx_word' id='word_1_482' title='bbox 2581 1293 2761 1349; x_wconf 89' lang='lat' dir='ltr'>Filius</span> <span class='ocrx_word' id='word_1_483' title='bbox 2793 1296 2849 1348; x_wconf 90' lang='lat' dir='ltr'>et</span> <span class='ocrx_word' id='word_1_484' title='bbox 2878 1291 3137 1364; x_wconf 85' lang='lat' dir='ltr'>Spiritus</span> <span class='ocrx_word' id='word_1_485' title='bbox 3161 1290 3379 1346; x_wconf 91' lang='lat' dir='ltr'>habent</span> <span class='ocrx_word' id='word_1_486' title='bbox 3413 1305 3709 1360; x_wconf 68' lang='lat' dir='ltr'>quascum-</span> 
     </span>
    </p>
   </div>
   <div class='ocr_carea' id='block_1_71' title="bbox 2056 1379 3706 1459">
    <p class='ocr_par' dir='ltr' id='par_1_71' title="bbox 2056 1379 3706 1459">
     <span class='ocr_line' id='line_1_71' title="bbox 2056 1379 3706 1459; baseline -0.004 -18"><span class='ocrx_word' id='word_1_487' title='bbox 2056 1402 2169 1459; x_wconf 89' lang='lat' dir='ltr'>que</span> <span class='ocrx_word' id='word_1_488' title='bbox 2201 1385 2438 1449; x_wconf 90' lang='lat' dir='ltr'>habent,</span> <span class='ocrx_word' id='word_1_489' title='bbox 2474 1384 2582 1439; x_wconf 88' lang='lat' dir='ltr'>hoc</span> <span class='ocrx_word' id='word_1_490' title='bbox 2613 1388 2722 1449; x_wconf 92' lang='lat' dir='ltr'>est,</span> <span class='ocrx_word' id='word_1_491' title='bbox 2755 1383 2891 1453; x_wconf 90' lang='lat' dir='ltr'>quia</span> <span class='ocrx_word' id='word_1_492' title='bbox 2923 1398 2991 1437; x_wconf 90' lang='lat' dir='ltr'>ea</span> <span class='ocrx_word' id='word_1_493' title='bbox 3017 1382 3192 1437; x_wconf 90' lang='lat' dir='ltr'>Pater</span> <span class='ocrx_word' id='word_1_494' title='bbox 3220 1380 3416 1448; x_wconf 88' lang='lat' dir='ltr'>habet,</span> <span class='ocrx_word' id='word_1_495' title='bbox 3458 1379 3706 1451; x_wconf 83' lang='lat' dir='ltr'>ingene-</span> 
     </span>
    </p>
   </div>
   <div class='ocr_carea' id='block_1_72' title="bbox 2056 1469 3706 1545">
    <p class='ocr_par' dir='ltr' id='par_1_72' title="bbox 2056 1469 3706 1545">
     <span class='ocr_line' id='line_1_72' title="bbox 2056 1469 3706 1545; baseline -0.004 -14"><span class='ocrx_word' id='word_1_496' title='bbox 2056 1474 2297 1539; x_wconf 88' lang='lat' dir='ltr'>ratione,</span> <span class='ocrx_word' id='word_1_497' title='bbox 2329 1473 2700 1545; x_wconf 88' lang='lat' dir='ltr'>generatione</span> <span class='ocrx_word' id='word_1_498' title='bbox 2745 1476 2801 1527; x_wconf 89' lang='lat' dir='ltr'>et</span> <span class='ocrx_word' id='word_1_499' title='bbox 2851 1471 3220 1542; x_wconf 90' lang='lat' dir='ltr'>processione</span> <span class='ocrx_word' id='word_1_500' title='bbox 3271 1470 3548 1541; x_wconf 89' lang='lat' dir='ltr'>demptis.</span> <span class='ocrx_word' id='word_1_501' title='bbox 3608 1469 3706 1525; x_wconf 89' lang='lat' dir='ltr'>llis</span> 
     </span>
    </p>
   </div>
   <div class='ocr_carea' id='block_1_73' title="bbox 2056 1559 3705 1633">
    <p class='ocr_par' dir='ltr' id='par_1_73' title="bbox 2056 1559 3705 1633">
     <span class='ocr_line' id='line_1_73' title="bbox 2056 1559 3705 1633; baseline -0.005 -13"><span class='ocrx_word' id='word_1_502' title='bbox 2056 1563 2210 1620; x_wconf 91' lang='lat' dir='ltr'>enim</span> <span class='ocrx_word' id='word_1_503' title='bbox 2235 1561 2377 1619; x_wconf 90' lang='lat' dir='ltr'>solis</span> <span class='ocrx_word' id='word_1_504' title='bbox 2408 1565 2465 1617; x_wconf 89' lang='lat' dir='ltr'>et</span> <span class='ocrx_word' id='word_1_505' title='bbox 2492 1560 2872 1633; x_wconf 86' lang='lat' dir='ltr'>hypostaticis</span> <span class='ocrx_word' id='word_1_506' title='bbox 2905 1559 3355 1631; x_wconf 87' lang='lat' dir='ltr'>proprietatibus</span> <span class='ocrx_word' id='word_1_507' title='bbox 3396 1567 3509 1614; x_wconf 91' lang='lat' dir='ltr'>tres</span> <span class='ocrx_word' id='word_1_508' title='bbox 3568 1575 3705 1613; x_wconf 84' lang='lat' dir='ltr'>ean-</span> 
     </span>
    </p>
   </div>
   <div class='ocr_carea' id='block_1_74' title="bbox 2055 1646 3708 1723">
    <p class='ocr_par' dir='ltr' id='par_1_74' title="bbox 2055 1646 3708 1723">
     <span class='ocr_line' id='line_1_74' title="bbox 2055 1646 3708 1723; baseline -0.005 -15"><span class='ocrx_word' id='word_1_509' title='bbox 2055 1656 2157 1708; x_wconf 88' lang='lat' dir='ltr'>ctae</span> <span class='ocrx_word' id='word_1_510' title='bbox 2203 1653 2541 1723; x_wconf 83' lang='lat' dir='ltr'>hypostases</span> <span class='ocrx_word' id='word_1_511' title='bbox 2594 1650 2745 1704; x_wconf 89' lang='lat' dir='ltr'>inter</span> <span class='ocrx_word' id='word_1_512' title='bbox 2781 1664 2844 1703; x_wconf 89' lang='lat' dir='ltr'>se</span> <span class='ocrx_word' id='word_1_513' title='bbox 2893 1648 3214 1703; x_wconf 79' lang='lat' dir='ltr'>differunt:</span> <span class='ocrx_word' id='word_1_514' title='bbox 3261 1663 3449 1716; x_wconf 90' lang='lat' dir='ltr'>neque</span> <span class='ocrx_word' id='word_1_515' title='bbox 3500 1646 3555 1701; x_wconf 93' lang='lat' dir='ltr'>id</span> <span class='ocrx_word' id='word_1_516' title='bbox 3616 1662 3708 1701; x_wconf 91' lang='lat' dir='ltr'>es-</span> 
     </span>
    </p>
   </div>
   <div class='ocr_carea' id='block_1_75' title="bbox 2056 1734 3702 1811">
    <p class='ocr_par' dir='ltr' id='par_1_75' title="bbox 2056 1734 3702 1811">
     <span class='ocr_line' id='line_1_75' title="bbox 2056 1734 3702 1811; baseline -0.005 -13"><span class='ocrx_word' id='word_1_517' title='bbox 2056 1742 2265 1809; x_wconf 85' lang='lat' dir='ltr'>sentia,</span> <span class='ocrx_word' id='word_1_518' title='bbox 2306 1741 2408 1797; x_wconf 88' lang='lat' dir='ltr'>sed</span> <span class='ocrx_word' id='word_1_519' title='bbox 2453 1740 2592 1811; x_wconf 87' lang='lat' dir='ltr'>quia</span> <span class='ocrx_word' id='word_1_520' title='bbox 2642 1738 2890 1810; x_wconf 63' lang='lat' dir='ltr'>proprias</span> <span class='ocrx_word' id='word_1_521' title='bbox 2936 1737 3317 1809; x_wconf 87' lang='lat' dir='ltr'>hypostaseos</span> <span class='ocrx_word' id='word_1_522' title='bbox 3364 1734 3702 1790; x_wconf 83' lang='lat' dir='ltr'>charactere</span> 
     </span>
    </p>
   </div>
   <div class='ocr_carea' id='block_1_76' title="bbox 2056 1824 3703 1903">
    <p class='ocr_par' dir='ltr' id='par_1_76' title="bbox 2056 1824 3703 1903">
     <span class='ocr_line' id='line_1_76' title="bbox 2056 1824 3703 1903; baseline -0.006 -15"><span class='ocrx_word' id='word_1_523' title='bbox 2056 1848 2156 1889; x_wconf 91' lang='lat' dir='ltr'>seu</span> <span class='ocrx_word' id='word_1_524' title='bbox 2219 1832 2387 1903; x_wconf 91' lang='lat' dir='ltr'>signo</span> <span class='ocrx_word' id='word_1_525' title='bbox 2436 1828 2736 1884; x_wconf 90' lang='lat' dir='ltr'>individue</span> <span class='ocrx_word' id='word_1_526' title='bbox 2795 1826 3156 1882; x_wconf 89' lang='lat' dir='ltr'>dividuntur.</span> <span class='ocrx_word' id='word_1_527' title='bbox 3210 1824 3472 1881; x_wconf 89' lang='lat' dir='ltr'>Dicimus</span> <span class='ocrx_word' id='word_1_528' title='bbox 3513 1828 3703 1879; x_wconf 89' lang='lat' dir='ltr'>autem</span> 
     </span>
    </p>
   </div>
   <div class='ocr_carea' id='block_1_77' title="bbox 2058 1914 3705 1992">
    <p class='ocr_par' dir='ltr' id='par_1_77' title="bbox 2058 1914 3705 1992">
     <span class='ocr_line' id='line_1_77' title="bbox 2058 1914 3705 1992; baseline -0.005 -15"><span class='ocrx_word' id='word_1_529' title='bbox 2058 1934 2537 1992; x_wconf 89' lang='lat' dir='ltr'>unumquemque</span> <span class='ocrx_word' id='word_1_530' title='bbox 2595 1934 2663 1973; x_wconf 85' lang='lat' dir='ltr'>ex</span> <span class='ocrx_word' id='word_1_531' title='bbox 2709 1916 2896 1971; x_wconf 90' lang='lat' dir='ltr'>tribus</span> <span class='ocrx_word' id='word_1_532' title='bbox 2946 1916 3180 1988; x_wconf 88' lang='lat' dir='ltr'>propria</span> <span class='ocrx_word' id='word_1_533' title='bbox 3224 1914 3531 1984; x_wconf 71' lang='lat' dir='ltr'>praeditum</span> <span class='ocrx_word' id='word_1_534' title='bbox 3579 1930 3705 1969; x_wconf 82' lang='lat' dir='ltr'>esse</span> 
     </span>
    </p>
   </div>
   <div class='ocr_carea' id='block_1_78' title="bbox 2056 2002 3703 2083">
    <p class='ocr_par' dir='ltr' id='par_1_78' title="bbox 2056 2002 3703 2083">
     <span class='ocr_line' id='line_1_78' title="bbox 2056 2002 3703 2083; baseline -0.005 -17"><span class='ocrx_word' id='word_1_535' title='bbox 2056 2007 2377 2083; x_wconf 85' lang='lat' dir='ltr'>hypostasi,</span> <span class='ocrx_word' id='word_1_536' title='bbox 2403 2024 2473 2062; x_wconf 88' lang='lat' dir='ltr'>ne</span> <span class='ocrx_word' id='word_1_537' title='bbox 2496 2005 2684 2061; x_wconf 90' lang='lat' dir='ltr'>tribus</span> <span class='ocrx_word' id='word_1_538' title='bbox 2706 2022 2773 2060; x_wconf 87' lang='lat' dir='ltr'>ex</span> <span class='ocrx_word' id='word_1_539' title='bbox 2796 2003 3151 2077; x_wconf 76' lang='lat' dir='ltr'>imperfectis</span> <span class='ocrx_word' id='word_1_540' title='bbox 3181 2020 3354 2057; x_wconf 88' lang='lat' dir='ltr'>unam</span> <span class='ocrx_word' id='word_1_541' title='bbox 3388 2002 3703 2073; x_wconf 87' lang='lat' dir='ltr'>perfectam</span> 
     </span>
    </p>
   </div>
   <div class='ocr_carea' id='block_1_79' title="bbox 2052 2091 3702 2171">
    <p class='ocr_par' dir='ltr' id='par_1_79' title="bbox 2052 2091 3702 2171">
     <span class='ocr_line' id='line_1_79' title="bbox 2052 2091 3702 2171; baseline -0.008 -15"><span class='ocrx_word' id='word_1_542' title='bbox 2052 2099 2437 2171; x_wconf 88' lang='lat' dir='ltr'>compositam</span> <span class='ocrx_word' id='word_1_543' title='bbox 2464 2101 2731 2151; x_wconf 87' lang='lat' dir='ltr'>naturam</span> <span class='ocrx_word' id='word_1_544' title='bbox 2750 2094 3150 2165; x_wconf 86' lang='lat' dir='ltr'>proﬁteamur,</span> <span class='ocrx_word' id='word_1_545' title='bbox 3168 2092 3267 2146; x_wconf 87' lang='lat' dir='ltr'>sed</span> <span class='ocrx_word' id='word_1_546' title='bbox 3289 2092 3344 2145; x_wconf 91' lang='lat' dir='ltr'>in</span> <span class='ocrx_word' id='word_1_547' title='bbox 3364 2091 3553 2145; x_wconf 88' lang='lat' dir='ltr'>tribus</span> <span class='ocrx_word' id='word_1_548' title='bbox 3573 2104 3702 2160; x_wconf 83' lang='lat' dir='ltr'>per-</span> 
     </span>
    </p>
   </div>
   <div class='ocr_carea' id='block_1_80' title="bbox 2054 2175 3702 2259">
    <p class='ocr_par' dir='ltr' id='par_1_80' title="bbox 2054 2175 3702 2259">
     <span class='ocr_line' id='line_1_80' title="bbox 2054 2175 3702 2259; baseline -0.01 -15"><span class='ocrx_word' id='word_1_549' title='bbox 2054 2188 2222 2245; x_wconf 88' lang='lat' dir='ltr'>fectis</span> <span class='ocrx_word' id='word_1_550' title='bbox 2244 2185 2657 2259; x_wconf 81' lang='lat' dir='ltr'>hypostasibus</span> <span class='ocrx_word' id='word_1_551' title='bbox 2682 2200 2857 2239; x_wconf 88' lang='lat' dir='ltr'>unam</span> <span class='ocrx_word' id='word_1_552' title='bbox 2884 2180 3208 2251; x_wconf 89' lang='lat' dir='ltr'>simplicem</span> <span class='ocrx_word' id='word_1_553' title='bbox 3235 2175 3505 2253; x_wconf 78' lang='grc' dir='ltr'>ὁπερτελῇ</span> <span class='ocrx_word' id='word_1_554' title='bbox 3534 2197 3591 2231; x_wconf 89' lang='grc' dir='ltr'>τε</span> <span class='ocrx_word' id='word_1_555' title='bbox 3612 2175 3702 2229; x_wconf 80' lang='grc' dir='ltr'>καὶ</span> 
     </span>
    </p>
   </div>
   <div class='ocr_carea' id='block_1_81' title="bbox 2052 2272 3704 2353">
    <p class='ocr_par' dir='ltr' id='par_1_81' title="bbox 2052 2272 3704 2353">
     <span class='ocr_line' id='line_1_81' title="bbox 2052 2272 3704 2353; baseline -0.007 -20"><span class='ocrx_word' id='word_1_556' title='bbox 2052 2298 2159 2353; x_wconf 86' lang='grc' dir='ltr'>προ</span> <span class='ocrx_word' id='word_1_557' title='bbox 2175 2276 2407 2349; x_wconf 71' lang='grc' dir='ltr'>τέλειον,</span> <span class='ocrx_word' id='word_1_558' title='bbox 2429 2277 2537 2332; x_wconf 91' lang='lat' dir='ltr'>hoc</span> <span class='ocrx_word' id='word_1_559' title='bbox 2565 2279 2802 2346; x_wconf 79' lang='lat' dir='ltr'>estquae</span> <span class='ocrx_word' id='word_1_560' title='bbox 2839 2272 3255 2346; x_wconf 85' lang='lat' dir='ltr'>perfectionem</span> <span class='ocrx_word' id='word_1_561' title='bbox 3281 2286 3519 2327; x_wconf 90' lang='lat' dir='ltr'>omnem</span> <span class='ocrx_word' id='word_1_562' title='bbox 3546 2283 3704 2324; x_wconf 87' lang='lat' dir='ltr'>exce-</span> 
     </span>
    </p>
   </div>
   <div class='ocr_carea' id='block_1_82' title="bbox 2055 2358 3702 2441">
    <p class='ocr_par' dir='ltr' id='par_1_82' title="bbox 2055 2358 3702 2441">
     <span class='ocr_line' id='line_1_82' title="bbox 2055 2358 3702 2441; baseline -0.009 -16"><span class='ocrx_word' id='word_1_563' title='bbox 2055 2370 2154 2424; x_wconf 85' lang='lat' dir='ltr'>dat</span> <span class='ocrx_word' id='word_1_564' title='bbox 2174 2373 2230 2424; x_wconf 90' lang='lat' dir='ltr'>et</span> <span class='ocrx_word' id='word_1_565' title='bbox 2256 2368 2561 2441; x_wconf 63' lang='lat' dir='ltr'>praecedat.</span> <span class='ocrx_word' id='word_1_566' title='bbox 2595 2364 2888 2436; x_wconf 86' lang='lat' dir='ltr'>Quidquid</span> <span class='ocrx_word' id='word_1_567' title='bbox 2912 2361 3067 2418; x_wconf 91' lang='lat' dir='ltr'>enim</span> <span class='ocrx_word' id='word_1_568' title='bbox 3097 2378 3165 2416; x_wconf 84' lang='lat' dir='ltr'>ex</span> <span class='ocrx_word' id='word_1_569' title='bbox 3187 2358 3543 2431; x_wconf 79' lang='lat' dir='ltr'>imperfectis</span> <span class='ocrx_word' id='word_1_570' title='bbox 3564 2374 3702 2412; x_wconf 83' lang='lat' dir='ltr'>con—</span> 
     </span>
    </p>
   </div>
   <div class='ocr_carea' id='block_1_83' title="bbox 2055 2446 3705 2525">
    <p class='ocr_par' dir='ltr' id='par_1_83' title="bbox 2055 2446 3705 2525">
     <span class='ocr_line' id='line_1_83' title="bbox 2055 2446 3705 2525; baseline -0.008 -9"><span class='ocrx_word' id='word_1_571' title='bbox 2055 2463 2171 2516; x_wconf 87' lang='lat' dir='ltr'>stat</span> <span class='ocrx_word' id='word_1_572' title='bbox 2200 2458 2356 2514; x_wconf 91' lang='lat' dir='ltr'>haud</span> <span class='ocrx_word' id='word_1_573' title='bbox 2406 2456 2583 2512; x_wconf 90' lang='lat' dir='ltr'>dubie</span> <span class='ocrx_word' id='word_1_574' title='bbox 2629 2452 3021 2525; x_wconf 90' lang='lat' dir='ltr'>compositum</span> <span class='ocrx_word' id='word_1_575' title='bbox 3062 2455 3171 2518; x_wconf 90' lang='lat' dir='ltr'>est,</span> <span class='ocrx_word' id='word_1_576' title='bbox 3218 2452 3275 2505; x_wconf 88' lang='lat' dir='ltr'>at</span> <span class='ocrx_word' id='word_1_577' title='bbox 3323 2466 3388 2505; x_wconf 77' lang='lat' dir='ltr'>ex</span> <span class='ocrx_word' id='word_1_578' title='bbox 3430 2446 3705 2520; x_wconf 89' lang='lat' dir='ltr'>perfectis</span> 
     </span>
    </p>
   </div>
   <div class='ocr_carea' id='block_1_84' title="bbox 2055 2538 3704 2621">
    <p class='ocr_par' dir='ltr' id='par_1_84' title="bbox 2055 2538 3704 2621">
     <span class='ocr_line' id='line_1_84' title="bbox 2055 2538 3704 2621; baseline -0.008 -17"><span class='ocrx_word' id='word_1_579' title='bbox 2055 2548 2470 2621; x_wconf 87' lang='lat' dir='ltr'>hypostasibus</span> <span class='ocrx_word' id='word_1_580' title='bbox 2502 2544 2625 2601; x_wconf 88' lang='lat' dir='ltr'>ﬁeri</span> <span class='ocrx_word' id='word_1_581' title='bbox 2667 2561 2781 2599; x_wconf 91' lang='lat' dir='ltr'>non</span> <span class='ocrx_word' id='word_1_582' title='bbox 2828 2545 3039 2615; x_wconf 89' lang='lat' dir='ltr'>potest,</span> <span class='ocrx_word' id='word_1_583' title='bbox 3087 2544 3148 2597; x_wconf 89' lang='lat' dir='ltr'>nt</span> <span class='ocrx_word' id='word_1_584' title='bbox 3191 2538 3513 2611; x_wconf 88' lang='lat' dir='ltr'>quidquam</span> <span class='ocrx_word' id='word_1_585' title='bbox 3565 2553 3704 2591; x_wconf 91' lang='lat' dir='ltr'>con-</span> 
     </span>
    </p>
   </div>
   <div class='ocr_carea' id='block_1_85' title="bbox 2059 2625 3709 2711">
    <p class='ocr_par' dir='ltr' id='par_1_85' title="bbox 2059 2625 3709 2711">
     <span class='ocr_line' id='line_1_85' title="bbox 2059 2625 3709 2711; baseline -0.008 -18"><span class='ocrx_word' id='word_1_586' title='bbox 2059 2642 2326 2711; x_wconf 89' lang='lat' dir='ltr'>ponatur.</span> <span class='ocrx_word' id='word_1_587' title='bbox 2351 2637 2490 2692; x_wconf 88' lang='lat' dir='ltr'>Inde</span> <span class='ocrx_word' id='word_1_588' title='bbox 2522 2637 2586 2690; x_wconf 89' lang='lat' dir='ltr'>lit</span> <span class='ocrx_word' id='word_1_589' title='bbox 2617 2637 2680 2689; x_wconf 91' lang='lat' dir='ltr'>ut</span> <span class='ocrx_word' id='word_1_590' title='bbox 2706 2631 2959 2704; x_wconf 89' lang='lat' dir='ltr'>speciem</span> <span class='ocrx_word' id='word_1_591' title='bbox 2992 2647 3104 2687; x_wconf 90' lang='lat' dir='ltr'>non</span> <span class='ocrx_word' id='word_1_592' title='bbox 3138 2644 3206 2685; x_wconf 79' lang='lat' dir='ltr'>ex</span> <span class='ocrx_word' id='word_1_593' title='bbox 3251 2625 3515 2699; x_wconf 89' lang='lat' dir='ltr'>personis</span> <span class='ocrx_word' id='word_1_594' title='bbox 3580 2640 3709 2697; x_wconf 91' lang='lat' dir='ltr'>pro-</span> 
     </span>
    </p>
   </div>
   <div class='ocr_carea' id='block_1_86' title="bbox 2059 2715 3707 2797">
    <p class='ocr_par' dir='ltr' id='par_1_86' title="bbox 2059 2715 3707 2797">
     <span class='ocr_line' id='line_1_86' title="bbox 2059 2715 3707 2797; baseline -0.008 -15"><span class='ocrx_word' id='word_1_595' title='bbox 2059 2728 2280 2792; x_wconf 90' lang='lat' dir='ltr'>cedere,</span> <span class='ocrx_word' id='word_1_596' title='bbox 2304 2727 2405 2782; x_wconf 90' lang='lat' dir='ltr'>sed</span> <span class='ocrx_word' id='word_1_597' title='bbox 2451 2724 2714 2797; x_wconf 90' lang='lat' dir='ltr'>personis</span> <span class='ocrx_word' id='word_1_598' title='bbox 2761 2721 3043 2777; x_wconf 55' lang='lat' dir='ltr'>inhaerere</span> <span class='ocrx_word' id='word_1_599' title='bbox 3092 2719 3376 2789; x_wconf 88' lang='lat' dir='ltr'>dicamus.</span> <span class='ocrx_word' id='word_1_600' title='bbox 3428 2715 3707 2786; x_wconf 87' lang='lat' dir='ltr'>Imperfe-</span> 
     </span>
    </p>
   </div>
   <div class='ocr_carea' id='block_1_87' title="bbox 2059 2804 3708 2884">
    <p class='ocr_par' dir='ltr' id='par_1_87' title="bbox 2059 2804 3708 2884">
     <span class='ocr_line' id='line_1_87' title="bbox 2059 2804 3708 2884; baseline -0.01 -12"><span class='ocrx_word' id='word_1_601' title='bbox 2059 2818 2169 2873; x_wconf 92' lang='lat' dir='ltr'>ctis</span> <span class='ocrx_word' id='word_1_602' title='bbox 2198 2820 2392 2871; x_wconf 88' lang='lat' dir='ltr'>autem</span> <span class='ocrx_word' id='word_1_603' title='bbox 2426 2815 2701 2884; x_wconf 84' lang='lat' dir='ltr'>diximus,</span> <span class='ocrx_word' id='word_1_604' title='bbox 2736 2812 2840 2867; x_wconf 90' lang='lat' dir='ltr'>hoc</span> <span class='ocrx_word' id='word_1_605' title='bbox 2873 2817 2958 2867; x_wconf 85' lang='lat' dir='ltr'>est</span> <span class='ocrx_word' id='word_1_606' title='bbox 2999 2809 3071 2864; x_wconf 90' lang='lat' dir='ltr'>iis</span> <span class='ocrx_word' id='word_1_607' title='bbox 3117 2825 3245 2879; x_wconf 68' lang='lat' dir='ltr'>quae</span> <span class='ocrx_word' id='word_1_608' title='bbox 3289 2804 3545 2878; x_wconf 89' lang='lat' dir='ltr'>speciem</span> <span class='ocrx_word' id='word_1_609' title='bbox 3579 2805 3708 2872; x_wconf 89' lang='lat' dir='ltr'>ejus</span> 
     </span>
    </p>
   </div>
   <div class='ocr_carea' id='block_1_88' title="bbox 2063 2891 3708 2973">
    <p class='ocr_par' dir='ltr' id='par_1_88' title="bbox 2063 2891 3708 2973">
     <span class='ocr_line' id='line_1_88' title="bbox 2063 2891 3708 2973; baseline -0.01 -11"><span class='ocrx_word' id='word_1_610' title='bbox 2063 2907 2143 2963; x_wconf 86' lang='lat' dir='ltr'>rei</span> <span class='ocrx_word' id='word_1_611' title='bbox 2176 2922 2290 2961; x_wconf 92' lang='lat' dir='ltr'>non</span> <span class='ocrx_word' id='word_1_612' title='bbox 2315 2908 2570 2972; x_wconf 89' lang='lat' dir='ltr'>servant,</span> <span class='ocrx_word' id='word_1_613' title='bbox 2605 2918 2727 2973; x_wconf 62' lang='lat' dir='ltr'>qua</span> <span class='ocrx_word' id='word_1_614' title='bbox 2772 2918 2840 2957; x_wconf 91' lang='lat' dir='ltr'>ex</span> <span class='ocrx_word' id='word_1_615' title='bbox 2865 2899 3011 2973; x_wconf 88' lang='lat' dir='ltr'>ipsis</span> <span class='ocrx_word' id='word_1_616' title='bbox 3055 2897 3307 2954; x_wconf 84' lang='lat' dir='ltr'>conflata</span> <span class='ocrx_word' id='word_1_617' title='bbox 3360 2898 3471 2961; x_wconf 90' lang='lat' dir='ltr'>est,</span> <span class='ocrx_word' id='word_1_618' title='bbox 3522 2891 3708 2963; x_wconf 89' lang='lat' dir='ltr'>siqui-</span> 
     </span>
    </p>
   </div>
   <div class='ocr_carea' id='block_1_89' title="bbox 2063 2984 3709 3066">
    <p class='ocr_par' dir='ltr' id='par_1_89' title="bbox 2063 2984 3709 3066">
     <span class='ocr_line' id='line_1_89' title="bbox 2063 2984 3709 3066; baseline -0.01 -15"><span class='ocrx_word' id='word_1_619' title='bbox 2063 2996 2194 3051; x_wconf 88' lang='lat' dir='ltr'>dem</span> <span class='ocrx_word' id='word_1_620' title='bbox 2220 2995 2390 3066; x_wconf 90' lang='lat' dir='ltr'>lapis,</span> <span class='ocrx_word' id='word_1_621' title='bbox 2426 2994 2648 3062; x_wconf 83' lang='lat' dir='ltr'>lignum</span> <span class='ocrx_word' id='word_1_622' title='bbox 2681 2996 2739 3047; x_wconf 90' lang='lat' dir='ltr'>et</span> <span class='ocrx_word' id='word_1_623' title='bbox 2770 2992 2986 3046; x_wconf 87' lang='lat' dir='ltr'>ferrum</span> <span class='ocrx_word' id='word_1_624' title='bbox 3032 3004 3134 3060; x_wconf 92' lang='lat' dir='ltr'>per</span> <span class='ocrx_word' id='word_1_625' title='bbox 3176 3003 3237 3042; x_wconf 88' lang='lat' dir='ltr'>se</span> <span class='ocrx_word' id='word_1_626' title='bbox 3287 2984 3527 3055; x_wconf 87' lang='lat' dir='ltr'>quidem</span> <span class='ocrx_word' id='word_1_627' title='bbox 3580 2997 3709 3052; x_wconf 90' lang='lat' dir='ltr'>per-</span> 
     </span>
    </p>
   </div>
   <div class='ocr_carea' id='block_1_90' title="bbox 2063 3075 3709 3154">
    <p class='ocr_par' dir='ltr' id='par_1_90' title="bbox 2063 3075 3709 3154">
     <span class='ocr_line' id='line_1_90' title="bbox 2063 3075 3709 3154; baseline -0.01 -15"><span class='ocrx_word' id='word_1_628' title='bbox 2063 3086 2211 3141; x_wconf 83' lang='lat' dir='ltr'>fecta</span> <span class='ocrx_word' id='word_1_629' title='bbox 2242 3083 2476 3154; x_wconf 88' lang='lat' dir='ltr'>singula</span> <span class='ocrx_word' id='word_1_630' title='bbox 2523 3084 2683 3149; x_wconf 90' lang='lat' dir='ltr'>sunt,</span> <span class='ocrx_word' id='word_1_631' title='bbox 2735 3082 2784 3135; x_wconf 91' lang='lat' dir='ltr'>si</span> <span class='ocrx_word' id='word_1_632' title='bbox 2833 3078 3128 3151; x_wconf 87' lang='lat' dir='ltr'>propriam</span> <span class='ocrx_word' id='word_1_633' title='bbox 3179 3089 3382 3131; x_wconf 91' lang='lat' dir='ltr'>eorum</span> <span class='ocrx_word' id='word_1_634' title='bbox 3431 3075 3709 3127; x_wconf 88' lang='lat' dir='ltr'>naturam</span> 
     </span>
    </p>
   </div>
   <div class='ocr_carea' id='block_1_91' title="bbox 2064 3161 3712 3241">
    <p class='ocr_par' dir='ltr' id='par_1_91' title="bbox 2064 3161 3712 3241">
     <span class='ocr_line' id='line_1_91' title="bbox 2064 3161 3712 3241; baseline -0.012 -10"><span class='ocrx_word' id='word_1_635' title='bbox 2064 3174 2526 3241; x_wconf 88' lang='lat' dir='ltr'>consideremus,</span> <span class='ocrx_word' id='word_1_636' title='bbox 2563 3174 2621 3226; x_wconf 90' lang='lat' dir='ltr'>at</span> <span class='ocrx_word' id='word_1_637' title='bbox 2650 3170 2699 3225; x_wconf 92' lang='lat' dir='ltr'>si</span> <span class='ocrx_word' id='word_1_638' title='bbox 2731 3168 2930 3224; x_wconf 88' lang='lat' dir='ltr'>eadem</span> <span class='ocrx_word' id='word_1_639' title='bbox 2963 3166 3059 3222; x_wconf 84' lang='lat' dir='ltr'>illa</span> <span class='ocrx_word' id='word_1_640' title='bbox 3092 3165 3153 3221; x_wconf 90' lang='lat' dir='ltr'>in</span> <span class='ocrx_word' id='word_1_641' title='bbox 3183 3161 3426 3219; x_wconf 64' lang='lat' dir='ltr'>ediﬁcio</span> <span class='ocrx_word' id='word_1_642' title='bbox 3455 3162 3712 3215; x_wconf 90' lang='lat' dir='ltr'>contem-</span> 
     </span>
    </p>
   </div>
   <div class='ocr_carea' id='block_1_92' title="bbox 2067 3250 3709 3335">
    <p class='ocr_par' dir='ltr' id='par_1_92' title="bbox 2067 3250 3709 3335">
     <span class='ocr_line' id='line_1_92' title="bbox 2067 3250 3709 3335; baseline -0.011 -15"><span class='ocrx_word' id='word_1_643' title='bbox 2067 3264 2317 3335; x_wconf 90' lang='lat' dir='ltr'>plemur,</span> <span class='ocrx_word' id='word_1_644' title='bbox 2350 3261 2508 3334; x_wconf 91' lang='lat' dir='ltr'>quod</span> <span class='ocrx_word' id='word_1_645' title='bbox 2537 3279 2605 3316; x_wconf 82' lang='lat' dir='ltr'>ex</span> <span class='ocrx_word' id='word_1_646' title='bbox 2635 3260 2779 3332; x_wconf 87' lang='lat' dir='ltr'>ipsis</span> <span class='ocrx_word' id='word_1_647' title='bbox 2810 3258 3118 3321; x_wconf 85' lang='lat' dir='ltr'>conflatur,</span> <span class='ocrx_word' id='word_1_648' title='bbox 3145 3251 3489 3324; x_wconf 85' lang='lat' dir='ltr'>imperfecta</span> <span class='ocrx_word' id='word_1_649' title='bbox 3547 3250 3709 3303; x_wconf 89' lang='lat' dir='ltr'>sunt.</span> 
     </span>
    </p>
   </div>
   <div class='ocr_carea' id='block_1_93' title="bbox 1995 3327 3712 3421">
    <p class='ocr_par' dir='ltr' id='par_1_93' title="bbox 1995 3327 3712 3421">
     <span class='ocr_line' id='line_1_93' title="bbox 1995 3327 3712 3421; baseline -0.01 -12"><span class='ocrx_word' id='word_1_650' title='bbox 1995 3327 2037 3393; x_wconf 66' lang='grc' dir='ltr'><strong>Ο</strong></span> <span class='ocrx_word' id='word_1_651' title='bbox 2067 3327 2277 3411; x_wconf 70' lang='lat' dir='ltr'>liorum</span> <span class='ocrx_word' id='word_1_652' title='bbox 2302 3327 2457 3409; x_wconf 74' lang='lat' dir='ltr'>enim</span> <span class='ocrx_word' id='word_1_653' title='bbox 2493 3327 2719 3407; x_wconf 79' lang='lat' dir='ltr'>nullum</span> <span class='ocrx_word' id='word_1_654' title='bbox 2750 3366 2850 3421; x_wconf 92' lang='lat' dir='ltr'>per</span> <span class='ocrx_word' id='word_1_655' title='bbox 2880 3365 2942 3404; x_wconf 90' lang='lat' dir='ltr'>se</span> <span class='ocrx_word' id='word_1_656' title='bbox 2975 3348 3185 3402; x_wconf 89' lang='lat' dir='ltr'>domus</span> <span class='ocrx_word' id='word_1_657' title='bbox 3216 3347 3322 3399; x_wconf 91' lang='lat' dir='ltr'>est.</span> <span class='ocrx_word' id='word_1_658' title='bbox 3356 3342 3556 3412; x_wconf 90' lang='lat' dir='ltr'>Itaque</span> <span class='ocrx_word' id='word_1_659' title='bbox 3588 3354 3712 3408; x_wconf 90' lang='lat' dir='ltr'>per-</span> 
     </span>
    </p>
   </div>
   <div class='ocr_carea' id='block_1_94' title="bbox 2068 3426 3713 3516">
    <p class='ocr_par' dir='ltr' id='par_1_94' title="bbox 2068 3426 3713 3516">
     <span class='ocr_line' id='line_1_94' title="bbox 2068 3426 3713 3516; baseline -0.013 -14"><span class='ocrx_word' id='word_1_660' title='bbox 2068 3448 2247 3503; x_wconf 86' lang='lat' dir='ltr'>fectas</span> <span class='ocrx_word' id='word_1_661' title='bbox 2277 3444 2620 3516; x_wconf 85' lang='lat' dir='ltr'>hypostases</span> <span class='ocrx_word' id='word_1_662' title='bbox 2650 3439 2925 3504; x_wconf 88' lang='lat' dir='ltr'>dicimus,</span> <span class='ocrx_word' id='word_1_663' title='bbox 2970 3453 3042 3492; x_wconf 92' lang='lat' dir='ltr'>ne</span> <span class='ocrx_word' id='word_1_664' title='bbox 3089 3430 3569 3504; x_wconf 88' lang='lat' dir='ltr'>compositionem</span> <span class='ocrx_word' id='word_1_665' title='bbox 3630 3426 3713 3516; x_wconf 13' lang='lat' dir='ltr'>dii-</span> 
     </span>
    </p>
   </div>
   <div class='ocr_carea' id='block_1_95' title="bbox 2066 3515 3711 3597">
    <p class='ocr_par' dir='ltr' id='par_1_95' title="bbox 2066 3515 3711 3597">
     <span class='ocr_line' id='line_1_95' title="bbox 2066 3515 3711 3597; baseline -0.013 -5"><span class='ocrx_word' id='word_1_666' title='bbox 2066 3536 2215 3593; x_wconf 83' lang='lat' dir='ltr'>vinas</span> <span class='ocrx_word' id='word_1_667' title='bbox 2272 3515 2490 3589; x_wconf 71' lang='lat' dir='ltr'>naturai</span> <span class='ocrx_word' id='word_1_668' title='bbox 2545 3530 2736 3585; x_wconf 89' lang='lat' dir='ltr'>inesse</span> <span class='ocrx_word' id='word_1_669' title='bbox 2813 3525 3235 3597; x_wconf 90' lang='lat' dir='ltr'>intelligamus.</span> <span class='ocrx_word' id='word_1_670' title='bbox 3319 3515 3711 3575; x_wconf 87' lang='lat' dir='ltr'>Dissensionia</span> 
     </span>
    </p>
   </div>
   <div class='ocr_carea' id='block_1_96' title="bbox 2064 3610 3708 3694">
    <p class='ocr_par' dir='ltr' id='par_1_96' title="bbox 2064 3610 3708 3694">
     <span class='ocr_line' id='line_1_96' title="bbox 2064 3610 3708 3694; baseline -0.013 -15"><span class='ocrx_word' id='word_1_671' title='bbox 2064 3624 2220 3680; x_wconf 89' lang='lat' dir='ltr'>enim</span> <span class='ocrx_word' id='word_1_672' title='bbox 2256 3620 2607 3694; x_wconf 89' lang='lat' dir='ltr'>principium</span> <span class='ocrx_word' id='word_1_673' title='bbox 2639 3618 2765 3690; x_wconf 91' lang='lat' dir='ltr'>ipsa</span> <span class='ocrx_word' id='word_1_674' title='bbox 2794 3619 2884 3672; x_wconf 88' lang='lat' dir='ltr'>est</span> <span class='ocrx_word' id='word_1_675' title='bbox 2913 3611 3276 3685; x_wconf 88' lang='lat' dir='ltr'>compositio.</span> <span class='ocrx_word' id='word_1_676' title='bbox 3329 3610 3555 3663; x_wconf 82' lang='lat' dir='ltr'>Rursus</span> <span class='ocrx_word' id='word_1_677' title='bbox 3588 3610 3708 3660; x_wconf 91' lang='lat' dir='ltr'>tres</span> 
     </span>
    </p>
   </div>
   <div class='ocr_carea' id='block_1_97' title="bbox 2064 3697 3707 3786">
    <p class='ocr_par' dir='ltr' id='par_1_97' title="bbox 2064 3697 3707 3786">
     <span class='ocr_line' id='line_1_97' title="bbox 2064 3697 3707 3786; baseline -0.014 -17"><span class='ocrx_word' id='word_1_678' title='bbox 2064 3714 2406 3786; x_wconf 79' lang='lat' dir='ltr'>hypostases</span> <span class='ocrx_word' id='word_1_679' title='bbox 2450 3711 2509 3765; x_wconf 95' lang='lat' dir='ltr'>in</span> <span class='ocrx_word' id='word_1_680' title='bbox 2565 3708 2775 3780; x_wconf 86' lang='lat' dir='ltr'>seipsis</span> <span class='ocrx_word' id='word_1_681' title='bbox 2824 3709 3025 3761; x_wconf 89' lang='lat' dir='ltr'>mutuo</span> <span class='ocrx_word' id='word_1_682' title='bbox 3084 3703 3277 3756; x_wconf 83' lang='lat' dir='ltr'>inesse</span> <span class='ocrx_word' id='word_1_683' title='bbox 3332 3697 3603 3786; x_wconf 82' lang='lat' dir='ltr'>dicimus,</span> <span class='ocrx_word' id='word_1_684' title='bbox 3636 3708 3707 3747; x_wconf 90' lang='lat' dir='ltr'>ne</span> 
     </span>
    </p>
   </div>
   <div class='ocr_carea' id='block_1_98' title="bbox 2063 3784 3703 3879">
    <p class='ocr_par' dir='ltr' id='par_1_98' title="bbox 2063 3784 3703 3879">
     <span class='ocr_line' id='line_1_98' title="bbox 2063 3784 3703 3879; baseline -0.015 -20"><span class='ocrx_word' id='word_1_685' title='bbox 2063 3784 2502 3859; x_wconf 80' lang='lat' dir='ltr'>multitudinem</span> <span class='ocrx_word' id='word_1_686' title='bbox 2547 3796 2900 3870; x_wconf 89' lang='lat' dir='ltr'>populumve</span> <span class='ocrx_word' id='word_1_687' title='bbox 2942 3794 3185 3849; x_wconf 91' lang='lat' dir='ltr'>deorum</span> <span class='ocrx_word' id='word_1_688' title='bbox 3233 3784 3703 3879; x_wconf 72' lang='lat' dir='ltr'>introducanius.</span> 
     </span>
    </p>
   </div>
   <div class='ocr_carea' id='block_1_99' title="bbox 2062 3869 3706 3963">
    <p class='ocr_par' dir='ltr' id='par_1_99' title="bbox 2062 3869 3706 3963">
     <span class='ocr_line' id='line_1_99' title="bbox 2062 3869 3706 3963; baseline -0.015 -15"><span class='ocrx_word' id='word_1_689' title='bbox 2062 3891 2365 3963; x_wconf 89' lang='lat' dir='ltr'>Siquidem</span> <span class='ocrx_word' id='word_1_690' title='bbox 2394 3869 2572 3944; x_wconf 79' lang='lat' dir='ltr'>trium</span> <span class='ocrx_word' id='word_1_691' title='bbox 2601 3886 2984 3958; x_wconf 83' lang='lat' dir='ltr'>bypostaseon</span> <span class='ocrx_word' id='word_1_692' title='bbox 3029 3878 3252 3933; x_wconf 89' lang='lat' dir='ltr'>ratione</span> <span class='ocrx_word' id='word_1_693' title='bbox 3290 3871 3512 3963; x_wconf 87' lang='lat' dir='ltr'>nullam</span> <span class='ocrx_word' id='word_1_694' title='bbox 3545 3869 3604 3924; x_wconf 93' lang='lat' dir='ltr'>in</span> <span class='ocrx_word' id='word_1_695' title='bbox 3636 3869 3706 3923; x_wconf 89' lang='lat' dir='ltr'>iis</span> 
     </span>
    </p>
   </div>
   <div class='ocr_carea' id='block_1_100' title="bbox 2060 3962 3703 4052">
    <p class='ocr_par' dir='ltr' id='par_1_100' title="bbox 2060 3962 3703 4052">
     <span class='ocr_line' id='line_1_100' title="bbox 2060 3962 3703 4052; baseline -0.015 -15"><span class='ocrx_word' id='word_1_696' title='bbox 2060 3962 2543 4052; x_wconf 87' lang='lat' dir='ltr'>compositionem</span> <span class='ocrx_word' id='word_1_697' title='bbox 2572 3979 2674 4030; x_wconf 90' lang='lat' dir='ltr'>aut</span> <span class='ocrx_word' id='word_1_698' title='bbox 2730 3970 3132 4028; x_wconf 91' lang='lat' dir='ltr'>confusionem</span> <span class='ocrx_word' id='word_1_699' title='bbox 3166 3983 3179 4021; x_wconf 88' lang='lat'>:</span> <span class='ocrx_word' id='word_1_700' title='bbox 3234 3962 3456 4020; x_wconf 88' lang='lat' dir='ltr'>ratione</span> <span class='ocrx_word' id='word_1_701' title='bbox 3489 3965 3703 4052; x_wconf 80' lang='lat' dir='ltr'>autem</span> 
     </span>
    </p>
   </div>
   <div class='ocr_carea' id='block_1_101' title="bbox 2058 4049 3703 4136">
    <p class='ocr_par' dir='ltr' id='par_1_101' title="bbox 2058 4049 3703 4136">
     <span class='ocr_line' id='line_1_101' title="bbox 2058 4049 3703 4136; baseline -0.015 -10"><span class='ocrx_word' id='word_1_702' title='bbox 2058 4049 2344 4135; x_wconf 63' lang='lat' dir='ltr'>assentire,</span> <span class='ocrx_word' id='word_1_703' title='bbox 2378 4070 2437 4122; x_wconf 91' lang='lat' dir='ltr'>et</span> <span class='ocrx_word' id='word_1_704' title='bbox 2467 4066 2605 4136; x_wconf 88' lang='lat' dir='ltr'>quia</span> <span class='ocrx_word' id='word_1_705' title='bbox 2624 4063 3013 4134; x_wconf 87' lang='lat' dir='ltr'>hypostaseon</span> <span class='ocrx_word' id='word_1_706' title='bbox 3034 4057 3143 4113; x_wconf 90' lang='lat' dir='ltr'>alio</span> <span class='ocrx_word' id='word_1_707' title='bbox 3169 4053 3265 4112; x_wconf 89' lang='lat' dir='ltr'>alii</span> <span class='ocrx_word' id='word_1_708' title='bbox 3289 4053 3464 4120; x_wconf 90' lang='lat' dir='ltr'>inest,</span> <span class='ocrx_word' id='word_1_709' title='bbox 3486 4049 3703 4107; x_wconf 91' lang='lat' dir='ltr'>idcirco</span> 
     </span>
    </p>
   </div>
   <div class='ocr_carea' id='block_1_102' title="bbox 2059 4142 3707 4214">
    <p class='ocr_par' dir='ltr' id='par_1_102' title="bbox 2059 4142 3707 4214">
     <span class='ocr_line' id='line_1_102' title="bbox 2059 4142 3707 4214; baseline -0.012 -2"><span class='ocrx_word' id='word_1_710' title='bbox 2059 4158 2422 4214; x_wconf 88' lang='lat' dir='ltr'>individuam</span> <span class='ocrx_word' id='word_1_711' title='bbox 2454 4155 2514 4209; x_wconf 90' lang='lat' dir='ltr'>in</span> <span class='ocrx_word' id='word_1_712' title='bbox 2546 4153 2750 4208; x_wconf 88' lang='lat' dir='ltr'>iisdem</span> <span class='ocrx_word' id='word_1_713' title='bbox 2786 4148 3171 4212; x_wconf 89' lang='lat' dir='ltr'>identitatem,</span> <span class='ocrx_word' id='word_1_714' title='bbox 3202 4148 3265 4199; x_wconf 90' lang='lat' dir='ltr'>ut</span> <span class='ocrx_word' id='word_1_715' title='bbox 3283 4142 3497 4209; x_wconf 89' lang='lat' dir='ltr'>dicam,</span> <span class='ocrx_word' id='word_1_716' title='bbox 3531 4142 3586 4196; x_wconf 91' lang='lat' dir='ltr'>et</span> <span class='ocrx_word' id='word_1_717' title='bbox 3606 4154 3707 4193; x_wconf 59' lang='lat' dir='ltr'>voc</span> 
     </span>
    </p>
   </div>
   <div class='ocr_carea' id='block_1_103' title="bbox 2058 4232 3704 4314">
    <p class='ocr_par' dir='ltr' id='par_1_103' title="bbox 2058 4232 3704 4314">
     <span class='ocr_line' id='line_1_103' title="bbox 2058 4232 3704 4314; baseline -0.014 -9"><span class='ocrx_word' id='word_1_718' title='bbox 2058 4249 2365 4314; x_wconf 90' lang='lat' dir='ltr'>luntatem,</span> <span class='ocrx_word' id='word_1_719' title='bbox 2400 4249 2459 4301; x_wconf 89' lang='lat' dir='ltr'>et</span> <span class='ocrx_word' id='word_1_720' title='bbox 2488 4242 2797 4310; x_wconf 89' lang='lat' dir='ltr'>actionem,</span> <span class='ocrx_word' id='word_1_721' title='bbox 2830 4242 2887 4295; x_wconf 91' lang='lat' dir='ltr'>et</span> <span class='ocrx_word' id='word_1_722' title='bbox 2912 4234 3229 4311; x_wconf 89' lang='lat' dir='ltr'>potentiam</span> <span class='ocrx_word' id='word_1_723' title='bbox 3264 4232 3481 4298; x_wconf 88' lang='lat' dir='ltr'>inesse,</span> <span class='ocrx_word' id='word_1_724' title='bbox 3531 4232 3704 4299; x_wconf 91' lang='lat' dir='ltr'>atque</span> 
     </span>
    </p>
   </div>
   <div class='ocr_carea' id='block_1_104' title="bbox 2057 4317 3705 4403">
    <p class='ocr_par' dir='ltr' id='par_1_104' title="bbox 2057 4317 3705 4403">
     <span class='ocr_line' id='line_1_104' title="bbox 2057 4317 3705 4403; baseline -0.013 -10"><span class='ocrx_word' id='word_1_725' title='bbox 2057 4354 2242 4393; x_wconf 90' lang='lat' dir='ltr'>unum</span> <span class='ocrx_word' id='word_1_726' title='bbox 2278 4340 2455 4390; x_wconf 91' lang='lat' dir='ltr'>Deum</span> <span class='ocrx_word' id='word_1_727' title='bbox 2488 4347 2615 4389; x_wconf 92' lang='lat' dir='ltr'>esse</span> <span class='ocrx_word' id='word_1_728' title='bbox 2638 4328 3066 4403; x_wconf 90' lang='lat' dir='ltr'>cognoscimus.</span> <span class='ocrx_word' id='word_1_729' title='bbox 3099 4325 3255 4381; x_wconf 90' lang='lat' dir='ltr'>Deus</span> <span class='ocrx_word' id='word_1_730' title='bbox 3272 4320 3453 4386; x_wconf 89' lang='lat' dir='ltr'>enim,</span> <span class='ocrx_word' id='word_1_731' title='bbox 3485 4325 3542 4374; x_wconf 88' lang='lat' dir='ltr'>et</span> <span class='ocrx_word' id='word_1_732' title='bbox 3568 4317 3705 4372; x_wconf 86' lang='lat' dir='ltr'>Ver-</span> 
     </span>
    </p>
   </div>
   <div class='ocr_carea' id='block_1_105' title="bbox 2055 4409 3697 4500">
    <p class='ocr_par' dir='ltr' id='par_1_105' title="bbox 2055 4409 3697 4500">
     <span class='ocr_line' id='line_1_105' title="bbox 2055 4409 3697 4500; baseline -0.015 -15"><span class='ocrx_word' id='word_1_733' title='bbox 2055 4429 2220 4500; x_wconf 90' lang='lat' dir='ltr'>bum,</span> <span class='ocrx_word' id='word_1_734' title='bbox 2236 4428 2477 4499; x_wconf 87' lang='lat' dir='ltr'>ejusque</span> <span class='ocrx_word' id='word_1_735' title='bbox 2492 4422 2766 4495; x_wconf 89' lang='lat' dir='ltr'>Spiritus,</span> <span class='ocrx_word' id='word_1_736' title='bbox 2787 4434 2940 4475; x_wconf 90' lang='lat' dir='ltr'>unus</span> <span class='ocrx_word' id='word_1_737' title='bbox 2955 4418 3191 4473; x_wconf 91' lang='lat' dir='ltr'>demum</span> <span class='ocrx_word' id='word_1_738' title='bbox 3207 4416 3407 4471; x_wconf 88' lang='lat' dir='ltr'>etvere</span> <span class='ocrx_word' id='word_1_739' title='bbox 3425 4414 3577 4464; x_wconf 86' lang='lat' dir='ltr'>Deus</span> <span class='ocrx_word' id='word_1_740' title='bbox 3590 4409 3697 4462; x_wconf 89' lang='lat' dir='ltr'>est.</span> 
     </span>
    </p>
   </div>
   <div class='ocr_carea' id='block_1_106' title="bbox 2654 4542 3092 4602">
    <p class='ocr_par' dir='ltr' id='par_1_106' title="bbox 2654 4542 3092 4602">
     <span class='ocr_line' id='line_1_106' title="bbox 2654 4542 3092 4602; baseline -0.011 -1"><span class='ocrx_word' id='word_1_741' title='bbox 2654 4546 2813 4602; x_wconf 85' lang='lat' dir='ltr'>CAP.</span> <span class='ocrx_word' id='word_1_742' title='bbox 2850 4542 3092 4600; x_wconf 80' lang='lat' dir='ltr'>XXXVI.</span> 
     </span>
    </p>
   </div>
   <div class='ocr_carea' id='block_1_107' title="bbox 2055 4627 3699 4715">
    <p class='ocr_par' dir='ltr' id='par_1_107' title="bbox 2055 4627 3699 4715">
     <span class='ocr_line' id='line_1_107' title="bbox 2055 4627 3699 4715; baseline -0.015 -15"><span class='ocrx_word' id='word_1_743' title='bbox 2055 4646 2126 4700; x_wconf 78' lang='lat' dir='ltr'>Ite</span> <span class='ocrx_word' id='word_1_744' title='bbox 2182 4646 2305 4715; x_wconf 75' lang='lat' dir='ltr'>ipsa</span> <span class='ocrx_word' id='word_1_745' title='bbox 2341 4646 2393 4697; x_wconf 81' lang='lat' dir='ltr'>et</span> <span class='ocrx_word' id='word_1_746' title='bbox 2423 4642 2607 4715; x_wconf 81' lang='lat' dir='ltr'>animo</span> <span class='ocrx_word' id='word_1_747' title='bbox 2655 4634 3039 4715; x_wconf 68' lang='lat' dir='ltr'>contemplari.</span> <span class='ocrx_word' id='word_1_748' title='bbox 3078 4627 3699 4715; x_wconf 49' lang='lat' dir='ltr'>Quomogoncofningnes</span> 
     </span>
    </p>
   </div>
   <div class='ocr_carea' id='block_1_108' title="bbox 2125 4694 3698 4780">
    <p class='ocr_par' dir='ltr' id='par_1_108' title="bbox 2125 4694 3698 4780">
     <span class='ocr_line' id='line_1_108' title="bbox 2125 4694 3698 4780; baseline -0.014 -10"><span class='ocrx_word' id='word_1_749' title='bbox 2125 4694 2311 4772; x_wconf 56' lang='grc' dir='ltr'>γ’θῖἶῶ</span> <span class='ocrx_word' id='word_1_750' title='bbox 2335 4694 2845 4770; x_wconf 66' lang='lat' dir='ltr'>omniumnotiones</span> <span class='ocrx_word' id='word_1_751' title='bbox 2865 4694 3257 4775; x_wconf 67' lang='lat' dir='ltr'>dignoscantur</span> <span class='ocrx_word' id='word_1_752' title='bbox 3275 4700 3302 4755; x_wconf 82' lang='lat'><strong>?</strong></span> <span class='ocrx_word' id='word_1_753' title='bbox 3356 4696 3493 4780; x_wconf 62' lang='lat' dir='ltr'>Quid</span> <span class='ocrx_word' id='word_1_754' title='bbox 3535 4694 3698 4780; x_wconf 48' lang='lat' dir='ltr'>idem</span> 
     </span>
    </p>
   </div>
   <div class='ocr_carea' id='block_1_109' title="bbox 2120 4763 3699 4858">
    <p class='ocr_par' dir='ltr' id='par_1_109' title="bbox 2120 4763 3699 4858">
     <span class='ocr_line' id='line_1_109' title="bbox 2120 4763 3699 4858; baseline -0.016 -15"><span class='ocrx_word' id='word_1_755' title='bbox 2120 4763 2358 4843; x_wconf 51' lang='grc' dir='ltr'>ἐπ’έίἆῖῑῖ</span> <span class='ocrx_word' id='word_1_756' title='bbox 2675 4763 3208 4849; x_wconf 33' lang='grc' dir='ltr'>-Ρθνςοηανρενςοηᾶε</span> <span class='ocrx_word' id='word_1_757' title='bbox 3236 4763 3499 4843; x_wconf 62' lang='lat' dir='ltr'>quomodo</span> <span class='ocrx_word' id='word_1_758' title='bbox 3524 4763 3699 4822; x_wconf 77' lang='lat' dir='ltr'>insit?</span> 
     </span>
    </p>
   </div>
   <div class='ocr_carea' id='block_1_110' title="bbox 2119 4870 3692 4970">
    <p class='ocr_par' dir='ltr' id='par_1_110' title="bbox 2119 4870 3692 4970">
     <span class='ocr_line' id='line_1_110' title="bbox 2119 4870 3692 4970; baseline -0.017 -18"><span class='ocrx_word' id='word_1_759' title='bbox 2119 4896 2432 4952; x_wconf 89' lang='lat' dir='ltr'>Sciendum</span> <span class='ocrx_word' id='word_1_760' title='bbox 2466 4890 2747 4950; x_wconf 87' lang='lat' dir='ltr'>estaliud</span> <span class='ocrx_word' id='word_1_761' title='bbox 2806 4902 2935 4944; x_wconf 88' lang='lat' dir='ltr'>esse</span> <span class='ocrx_word' id='word_1_762' title='bbox 2995 4899 3054 4939; x_wconf 91' lang='lat' dir='ltr'>re</span> <span class='ocrx_word' id='word_1_763' title='bbox 3111 4870 3692 4970; x_wconf 74' lang='lat' dir='ltr'>ipsa_contemplari,</span> 
     </span>
    </p>
   </div>
   <div class='ocr_carea' id='block_1_111' title="bbox 2048 4965 3696 5057">
    <p class='ocr_par' dir='ltr' id='par_1_111' title="bbox 2048 4965 3696 5057">
     <span class='ocr_line' id='line_1_111' title="bbox 2048 4965 3696 5057; baseline -0.018 -15"><span class='ocrx_word' id='word_1_764' title='bbox 2048 4985 2309 5057; x_wconf 89' lang='lat' dir='ltr'>itemque</span> <span class='ocrx_word' id='word_1_765' title='bbox 2339 4984 2492 5040; x_wconf 91' lang='lat' dir='ltr'>aliud</span> <span class='ocrx_word' id='word_1_766' title='bbox 2519 4982 2741 5037; x_wconf 82' lang='lat' dir='ltr'>ratione</span> <span class='ocrx_word' id='word_1_767' title='bbox 2772 4986 2827 5032; x_wconf 89' lang='lat' dir='ltr'>et</span> <span class='ocrx_word' id='word_1_768' title='bbox 2847 4968 3376 5057; x_wconf 8' lang='lat' dir='ltr'>cogitatione.anm</span> <span class='ocrx_word' id='word_1_769' title='bbox 3399 4965 3469 5057; x_wconf 79' lang='lat' dir='ltr'>in</span> <span class='ocrx_word' id='word_1_770' title='bbox 3502 4965 3696 5017; x_wconf 86' lang='lat' dir='ltr'>omni-</span> 
     </span>
    </p>
   </div>
   <div class='ocr_carea' id='block_1_112' title="bbox 2048 5052 3699 5140">
    <p class='ocr_par' dir='ltr' id='par_1_112' title="bbox 2048 5052 3699 5140">
     <span class='ocr_line' id='line_1_112' title="bbox 2048 5052 3699 5140; baseline -0.019 -8"><span class='ocrx_word' id='word_1_771' title='bbox 2048 5074 2160 5131; x_wconf 90' lang='lat' dir='ltr'>bus</span> <span class='ocrx_word' id='word_1_772' title='bbox 2194 5052 2369 5129; x_wconf 75' lang='lat' dir='ltr'>rehus</span> <span class='ocrx_word' id='word_1_773' title='bbox 2400 5070 2615 5127; x_wconf 87' lang='lat' dir='ltr'>creatis</span> <span class='ocrx_word' id='word_1_774' title='bbox 2648 5078 3031 5140; x_wconf 85' lang='lat' dir='ltr'>personarum</span> <span class='ocrx_word' id='word_1_775' title='bbox 3066 5054 3278 5114; x_wconf 89' lang='lat' dir='ltr'>divisio</span> <span class='ocrx_word' id='word_1_776' title='bbox 3310 5069 3369 5108; x_wconf 90' lang='lat' dir='ltr'>re</span> <span class='ocrx_word' id='word_1_777' title='bbox 3397 5052 3528 5122; x_wconf 85' lang='lat' dir='ltr'>ipsa</span> <span class='ocrx_word' id='word_1_778' title='bbox 3558 5063 3699 5103; x_wconf 86' lang='lat' dir='ltr'>con-</span> 
     </span>
    </p>
   </div>
   <div class='ocr_carea' id='block_1_113' title="bbox 2049 5140 3701 5239">
    <p class='ocr_par' dir='ltr' id='par_1_113' title="bbox 2049 5140 3701 5239">
     <span class='ocr_line' id='line_1_113' title="bbox 2049 5140 3701 5239; baseline -0.016 -21"><span class='ocrx_word' id='word_1_779' title='bbox 2049 5162 2312 5234; x_wconf 89' lang='lat' dir='ltr'>spicitur.</span> <span class='ocrx_word' id='word_1_780' title='bbox 2364 5157 2767 5216; x_wconf 89' lang='lat' dir='ltr'>Communitas</span> <span class='ocrx_word' id='word_1_781' title='bbox 2817 5156 3015 5208; x_wconf 88' lang='lat' dir='ltr'>autem</span> <span class='ocrx_word' id='word_1_782' title='bbox 3066 5153 3124 5203; x_wconf 88' lang='lat' dir='ltr'>et</span> <span class='ocrx_word' id='word_1_783' title='bbox 3165 5140 3701 5239; x_wconf 43' lang='lat' dir='ltr'>cognatio,.mente</span> 
     </span>
    </p>
   </div>
   <div class='ocr_carea' id='block_1_114' title="bbox 2049 5238 3699 5323">
    <p class='ocr_par' dir='ltr' id='par_1_114' title="bbox 2049 5238 3699 5323">
     <span class='ocr_line' id='line_1_114' title="bbox 2049 5238 3699 5323; baseline -0.018 -15"><span class='ocrx_word' id='word_1_784' title='bbox 2049 5251 2515 5323; x_wconf 90' lang='lat' dir='ltr'>cogitationeque</span> <span class='ocrx_word' id='word_1_785' title='bbox 2558 5243 2821 5317; x_wconf 88' lang='lat' dir='ltr'>patescit.</span> <span class='ocrx_word' id='word_1_786' title='bbox 2881 5240 3027 5295; x_wconf 84' lang='lat' dir='ltr'>Nam</span> <span class='ocrx_word' id='word_1_787' title='bbox 3092 5238 3283 5290; x_wconf 90' lang='lat' dir='ltr'>mente</span> <span class='ocrx_word' id='word_1_788' title='bbox 3342 5241 3699 5302; x_wconf 77' lang='lat' dir='ltr'>percipimus</span> 
     </span>
    </p>
   </div>
   <div class='ocr_carea' id='block_1_115' title="bbox 2046 5325 3699 5401">
    <p class='ocr_par' dir='ltr' id='par_1_115' title="bbox 2046 5325 3699 5401">
     <span class='ocr_line' id='line_1_115' title="bbox 2046 5325 3699 5401; baseline -0.018 -5"><span class='ocrx_word' id='word_1_789' title='bbox 2046 5344 2288 5395; x_wconf 91' lang='lat' dir='ltr'>Petrum</span> <span class='ocrx_word' id='word_1_790' title='bbox 2318 5343 2374 5393; x_wconf 89' lang='lat' dir='ltr'>et</span> <span class='ocrx_word' id='word_1_791' title='bbox 2401 5333 2647 5391; x_wconf 89' lang='lat' dir='ltr'>Paulum</span> <span class='ocrx_word' id='word_1_792' title='bbox 2691 5329 2958 5401; x_wconf 84' lang='lat' dir='ltr'>ejusdem</span> <span class='ocrx_word' id='word_1_793' title='bbox 3007 5341 3135 5381; x_wconf 88' lang='lat' dir='ltr'>esse</span> <span class='ocrx_word' id='word_1_794' title='bbox 3192 5325 3433 5385; x_wconf 68' lang='lat' dir='ltr'>naturai,</span> <span class='ocrx_word' id='word_1_795' title='bbox 3466 5329 3699 5385; x_wconf 88' lang='lat' dir='ltr'>unaque</span> 
     </span>
    </p>
   </div>
   <div class='ocr_carea' id='block_1_116' title="bbox 2049 5410 3697 5484">
    <p class='ocr_par' dir='ltr' id='par_1_116' title="bbox 2049 5410 3697 5484">
     <span class='ocr_line' id='line_1_116' title="bbox 2049 5410 3697 5484; baseline -0.018 2"><span class='ocrx_word' id='word_1_796' title='bbox 2049 5430 2345 5484; x_wconf 90' lang='lat' dir='ltr'>communi</span> <span class='ocrx_word' id='word_1_797' title='bbox 2378 5429 2645 5483; x_wconf 88' lang='lat' dir='ltr'>constare</span> <span class='ocrx_word' id='word_1_798' title='bbox 2678 5426 2907 5477; x_wconf 86' lang='lat' dir='ltr'>natura.</span> <span class='ocrx_word' id='word_1_799' title='bbox 2967 5417 3181 5471; x_wconf 89' lang='lat' dir='ltr'>Eorum</span> <span class='ocrx_word' id='word_1_800' title='bbox 3233 5410 3388 5467; x_wconf 88' lang='lat' dir='ltr'>enim</span> <span class='ocrx_word' id='word_1_801' title='bbox 3451 5412 3697 5474; x_wconf 88' lang='lat' dir='ltr'>uterque</span> 
     </span>
    </p>
   </div>
   <div class='ocr_carea' id='block_1_117' title="bbox 2045 5493 3694 5582">
    <p class='ocr_par' dir='ltr' id='par_1_117' title="bbox 2045 5493 3694 5582">
     <span class='ocr_line' id='line_1_117' title="bbox 2045 5493 3694 5582; baseline -0.015 -9"><span class='ocrx_word' id='word_1_802' title='bbox 2045 5516 2264 5572; x_wconf 89' lang='lat' dir='ltr'>animal</span> <span class='ocrx_word' id='word_1_803' title='bbox 2295 5523 2380 5571; x_wconf 90' lang='lat' dir='ltr'>est</span> <span class='ocrx_word' id='word_1_804' title='bbox 2442 5514 2667 5569; x_wconf 89' lang='lat' dir='ltr'>ratione</span> <span class='ocrx_word' id='word_1_805' title='bbox 2724 5508 3059 5582; x_wconf 63' lang='lat' dir='ltr'>praeditum,</span> <span class='ocrx_word' id='word_1_806' title='bbox 3122 5499 3295 5557; x_wconf 88' lang='lat' dir='ltr'>morti</span> <span class='ocrx_word' id='word_1_807' title='bbox 3354 5493 3694 5582; x_wconf 78' lang='lat' dir='ltr'>obnoxium.</span> 
     </span>
    </p>
   </div>
   <div class='ocr_carea' id='block_1_118' title="bbox 2047 5578 3694 5677">
    <p class='ocr_par' dir='ltr' id='par_1_118' title="bbox 2047 5578 3694 5677">
     <span class='ocr_line' id='line_1_118' title="bbox 2047 5578 3694 5677; baseline -0.018 -15"><span class='ocrx_word' id='word_1_808' title='bbox 2047 5607 2192 5662; x_wconf 88' lang='lat' dir='ltr'>Item</span> <span class='ocrx_word' id='word_1_809' title='bbox 2226 5610 2472 5677; x_wconf 85' lang='lat' dir='ltr'>uterque</span> <span class='ocrx_word' id='word_1_810' title='bbox 2493 5617 2624 5658; x_wconf 88' lang='lat' dir='ltr'>caro</span> <span class='ocrx_word' id='word_1_811' title='bbox 2654 5578 2766 5665; x_wconf 79' lang='lat' dir='ltr'>est,</span> <span class='ocrx_word' id='word_1_812' title='bbox 2800 5596 2894 5653; x_wconf 90' lang='lat' dir='ltr'>cui</span> <span class='ocrx_word' id='word_1_813' title='bbox 2924 5594 3122 5652; x_wconf 88' lang='lat' dir='ltr'>anima</span> <span class='ocrx_word' id='word_1_814' title='bbox 3161 5586 3406 5677; x_wconf 80' lang='lat' dir='ltr'>rationis</span> <span class='ocrx_word' id='word_1_815' title='bbox 3461 5578 3694 5638; x_wconf 89' lang='lat' dir='ltr'>intelle-</span> 
     </span>
    </p>
   </div>
   <div class='ocr_carea' id='block_1_119' title="bbox 2047 5674 3689 5769">
    <p class='ocr_par' dir='ltr' id='par_1_119' title="bbox 2047 5674 3689 5769">
     <span class='ocr_line' id='line_1_119' title="bbox 2047 5674 3689 5769; baseline -0.019 -16"><span class='ocrx_word' id='word_1_816' title='bbox 2047 5700 2293 5767; x_wconf 89' lang='lat' dir='ltr'>ctusque</span> <span class='ocrx_word' id='word_1_817' title='bbox 2323 5674 2613 5769; x_wconf 76' lang='lat' dir='ltr'>particeps</span> <span class='ocrx_word' id='word_1_818' title='bbox 2646 5689 2845 5746; x_wconf 89' lang='lat' dir='ltr'>infusa</span> <span class='ocrx_word' id='word_1_819' title='bbox 2864 5692 2969 5743; x_wconf 91' lang='lat' dir='ltr'>est.</span> <span class='ocrx_word' id='word_1_820' title='bbox 3002 5676 3349 5769; x_wconf 84' lang='lat' dir='ltr'>Communis</span> <span class='ocrx_word' id='word_1_821' title='bbox 3376 5674 3570 5769; x_wconf 86' lang='lat' dir='ltr'>itaque</span> <span class='ocrx_word' id='word_1_822' title='bbox 3592 5685 3689 5724; x_wconf 85' lang='lat' dir='ltr'>na-</span> 
     </span>
    </p>
   </div>
   <div class='ocr_carea' id='block_1_120' title="bbox 2047 5766 3685 5859">
    <p class='ocr_par' dir='ltr' id='par_1_120' title="bbox 2047 5766 3685 5859">
     <span class='ocr_line' id='line_1_120' title="bbox 2047 5766 3685 5859; baseline -0.022 -12"><span class='ocrx_word' id='word_1_823' title='bbox 2047 5797 2178 5848; x_wconf 88' lang='lat' dir='ltr'>tura</span> <span class='ocrx_word' id='word_1_824' title='bbox 2206 5766 2432 5845; x_wconf 81' lang='lat' dir='ltr'>ratione</span> <span class='ocrx_word' id='word_1_825' title='bbox 2461 5780 2704 5859; x_wconf 86' lang='lat' dir='ltr'>perspici</span> <span class='ocrx_word' id='word_1_826' title='bbox 2738 5780 2947 5854; x_wconf 85' lang='lat' dir='ltr'>potest.</span> <span class='ocrx_word' id='word_1_827' title='bbox 2976 5775 3092 5834; x_wconf 86' lang='lat' dir='ltr'>Nec</span> <span class='ocrx_word' id='word_1_828' title='bbox 3114 5770 3270 5831; x_wconf 86' lang='lat' dir='ltr'>enim</span> <span class='ocrx_word' id='word_1_829' title='bbox 3293 5766 3685 5841; x_wconf 83' lang='lat' dir='ltr'>hypostaseon</span> 
     </span>
    </p>
   </div>
  </div>
