4044 6212
378 352 532 415 1175

1691 349 1996 412 ΝΙΟΕΤΛΕ
2038 348 2454 411 ΟΗΟΝΙΔΤᾸΕ

3648 348 3800 412 11Ίῦ

384 486 500 542 alia
523 483 620 540 alii
660 483 832 554 inest,
883 461 985 540 sed
1034 484 1302 557 privatim
1356 489 1412 540 et
1444 485 1501 540 in
1535 489 1697 558 parte
1727 485 2022 557 quaelibet,
2055 492 2104 556 Α
2137 484 2500 540 identitatem
2528 500 2713 538 unum
2747 483 3046 554 quidpiam
3072 483 3344 553 idemque
3383 484 3805 556 imaginamur.

384 575 503 630 sive
547 591 651 646 per
701 591 762 628 se
804 574 1015 645 ipsam,
1067 573 1256 629 divisa
1303 579 1411 642 est,
1470 576 1736 646 pleraque
1774 592 1841 630 ex
1889 575 2026 642 alio,

390 664 602 735 quibus
623 664 940 730 dividatur,
969 663 1214 720 habens.
1249 664 1392 722 Nam
1427 669 1483 720 et
1528 664 1651 720 loco
1698 665 1936 729 distant,
1971 666 2028 718 et

379 758 642 822 tempore
659 752 957 820 differunt,
983 753 1271 808 sententia
1291 752 1562 824 denique,
1583 753 1822 822 viribus,
1844 755 2028 808 forma

381 857 482 896 seu
518 841 726 912 ﬁgura,
757 841 976 907 habitu,
1014 847 1495 912 temperamento,
1547 842 1848 913 dignitate,
1899 843 2026 897 vitae

385 929 680 996 instituto,
706 938 764 986 et
782 931 1058 986 omnibus
1076 933 1407 1003 figurativis
1430 933 1900 1004 proprietatibus.
1926 933 2030 986 Im-

383 1019 592 1091 primis
615 1026 826 1086 autem,
861 1021 995 1090 quia
1038 1020 1149 1076 alia
1181 1021 1280 1076 alii
1332 1039 1446 1077 non
1492 1023 1663 1088 inest,
1717 1021 1821 1076 sed
1868 1039 2029 1094 sepa-

385 1113 514 1164 rata
547 1114 763 1165 manet.
801 1111 960 1166 Unde
984 1112 1046 1166 ﬁt
1096 1116 1160 1166 ut
1206 1112 1320 1167 duo
1366 1117 1422 1167 et
1466 1117 1582 1167 tres
1626 1112 1894 1168 homines
1931 1112 2026 1167 di-

389 1203 616 1267 cantur,
640 1204 696 1254 et
727 1200 914 1255 multi.
949 1200 1066 1257 Hoc
1098 1206 1250 1257 certe
1281 1202 1339 1257 in
1372 1202 1527 1258 omni
1559 1203 2028 1258 creaturalocum

388 1285 584 1343 habet.
617 1291 691 1342 At
717 1287 775 1342 in
807 1292 1030 1359 sancta,
1064 1288 1644 1360 supersubetantiali,
1691 1294 1902 1344 cuncta
1929 1306 2029 1343 su-

389 1385 646 1446 perante,
677 1380 734 1431 et
764 1376 1251 1448 incomprehensa
1293 1378 1571 1434 Trinitate
1619 1395 1789 1434 secus
1828 1393 1890 1434 se
1938 1393 2028 1433 res

390 1465 586 1521 habet.
617 1467 778 1531 Quod
813 1467 968 1522 enim
1002 1467 1060 1521 in
1095 1466 1193 1522 illa
1224 1484 1534 1524 commune
1571 1472 1625 1522 et
1682 1484 1865 1522 unum
1920 1471 2028 1532 est,

390 1555 450 1610 id
480 1573 540 1613 re
563 1558 692 1628 ipsa
722 1559 1146 1616 consideratur.
1180 1561 1342 1625 Quod
1394 1559 1674 1615 nimirum
1725 1564 2027 1629 cozsterna,

390 1647 548 1716 quod
570 1649 848 1714 essentia,
880 1649 1230 1720 operatione,
1266 1657 1319 1704 et
1350 1650 1639 1705 voluntate
1662 1649 1869 1704 iisdem
1894 1667 2028 1720 prae-

391 1735 513 1790 dita
543 1742 654 1802 est,
688 1738 840 1808 quod
870 1738 1120 1809 denique
1153 1739 1276 1810 ipse
1308 1739 1461 1794 idem
1495 1746 1550 1795 et
1575 1739 1721 1794 velle
1770 1743 1826 1795 et
1856 1739 2028 1810 nolle,

2135 578 2344 628 Eorum
2370 590 2499 629 vero
2547 572 2770 628 ratione
2829 573 3050 641 habita,
3112 573 3169 628 in
3227 575 3448 646 quibus
3505 575 3803 630 divinitas

2141 663 2312 729 inest,
2346 661 2433 717 vel
2465 666 2527 716 ut
2559 661 2833 717 subtilius
2861 662 3076 727 dicam,
3139 679 3266 734 quae
3324 669 3465 718 sunt
3509 663 3804 719 divinitas

2140 750 2286 822 ipsa,
2321 767 2567 821 quosque
2599 752 2752 820 inde,
2783 756 3066 823 tanquam
3100 769 3134 807 a
3160 753 3370 824 prima,
3404 769 3609 822 causa,
3673 754 3804 808 sine

2137 846 2417 911 tempore,
2453 840 2654 895 eadem
2686 857 2926 912 prorsus
2957 857 3087 896 cum
3119 840 3325 914 gloria,
3362 847 3419 896 et
3448 843 3804 898 indistincte

2139 931 2482 1001 procedunt,
2515 929 2624 986 hoc
2648 935 2738 986 est
2778 932 3161 1004 bypostaseon
3211 949 3314 988 seu
3373 949 3799 1005 personarum,

2138 1018 2248 1074 tria
2278 1025 2418 1075 sunt
2455 1019 2610 1075 haud
2643 1020 2820 1076 dubie
2850 1038 2977 1092 quae
3019 1023 3355 1078 adorantur.
3407 1021 3576 1078 Unus
3625 1027 3804 1078 Pater

2140 1111 2309 1162 Pater
2338 1111 2446 1172 est,
2481 1113 2538 1164 et
2570 1108 2694 1164 sine
2723 1109 3034 1180 principio,
3082 1110 3192 1166 hoc
3223 1115 3314 1167 est
3358 1112 3486 1167 sine
3519 1128 3736 1178 causa,
3773 1129 3801 1165 a

2139 1196 2300 1253 nullo
2333 1198 2489 1254 enim
2521 1198 2799 1270 procedit.
2833 1198 2996 1256 Unus
3027 1199 3209 1256 Filius
3243 1201 3425 1257 Filius
3449 1207 3568 1267 est,
3590 1207 3655 1257 at
3681 1219 3798 1256 non

2141 1286 2266 1342 sine
2296 1287 2607 1359 principio,
2640 1287 2747 1344 hoc
2767 1293 2878 1355 est,
2903 1305 3020 1344 non
3051 1289 3177 1346 sine
3197 1306 3394 1354 causa,
3417 1291 3731 1362 siquidem
3766 1308 3798 1345 a

2141 1380 2310 1432 Patre
2345 1377 2624 1448 procedit.
2657 1377 2817 1441 Quod
2842 1379 2891 1434 si
2937 1380 3260 1450 temporale
3307 1380 3675 1452 principium
3724 1379 3812 1435 in-

2140 1465 2393 1537 telligas,
2451 1467 2721 1522 eumdem
2793 1466 2919 1522 sine
2994 1468 3280 1540 principio
3349 1469 3530 1526 etiam
3604 1469 3810 1526 dicere

2143 1571 2345 1627 queas.
2379 1554 2494 1610 Nec
2524 1555 2681 1610 enim
2712 1555 2961 1624 tempori
2993 1557 3258 1628 subjacet
3287 1558 3358 1625 is,
3391 1559 3497 1630 qui
3528 1563 3815 1630 tempora

2143 1643 2422 1700 condidit.
2454 1645 2613 1700 Unus
2654 1644 2908 1724 Spiritus
2940 1651 3204 1714 sanctus,
3235 1647 3514 1718 Spiritus,
3549 1665 3585 1702 a
3624 1650 3813 1703 Patre

2144 1733 2378 1804 quidem
2431 1734 2751 1804 procedens
2797 1751 2913 1789 non
2963 1735 3219 1800 ﬁlialive,
3287 1737 3386 1791 sed
3441 1739 3808 1808 processive.

395 1827 596 1882 eadem
632 1827 911 1898 potentia,
948 1829 1131 1883 virtus
1189 1834 1245 1883 et
1292 1829 1521 1884 bonitas
1582 1829 1732 1884 inest
1785 1829 2032 1900 (eadem,
2065 1826 2230 1927 BIta
2287 1827 2593 1927 utﬁneque
2641 1827 2813 1927 Pater
2896 1823 3213 1925 ingenitus,
3273 1826 3426 1927 quod
3498 1825 3809 1927 genuerit,

391 1916 652 1988 inquam,
672 1935 785 1973 non
806 1919 1060 1991 similis),
1088 1920 1475 1991 unadenique
1495 1927 1689 1976 motus
1707 1922 2032 1991 ejaculatio.

392 2004 518 2062 Una
551 2006 704 2061 enim
738 2008 1017 2078 essentia,
1044 2025 1160 2063 una
1200 2008 1451 2077 bonitas,
1509 2027 1625 2066 una
1669 2010 1872 2077 virtus,
1920 2027 2038 2066 una

396 2094 688 2162 voluntas,
723 2114 840 2152 una
869 2097 1044 2164 actio,
1075 2115 1192 2153 una
1243 2100 1521 2168 potentia,
1585 2116 1722 2169 una,
1771 2100 2034 2171 inquam,

397 2189 454 2240 et
483 2185 685 2241 eadem
719 2190 826 2241 est.
852 2186 979 2242 Non
1011 2191 1130 2242 tres
1166 2189 1318 2243 inter
1347 2204 1416 2243 se
1446 2187 1689 2256 similes,
1723 2189 1827 2244 sed
1884 2205 2038 2244 unus

400 2272 630 2328 etidem
655 2274 833 2329 trium
894 2291 1276 2346 personarum
1335 2281 1550 2333 motus.
1610 2277 1822 2332 Earum
1882 2277 2037 2333 enim

401 2360 644 2433 singula:
679 2379 794 2418 non
827 2361 1021 2419 minus
1053 2364 1110 2418 in
1135 2363 1266 2419 aliis
1289 2380 1462 2435 quam
1485 2364 1543 2419 in
1568 2364 1781 2436 seipsis
1804 2363 2040 2430 habent,

402 2448 511 2504 hoc
542 2454 650 2519 est,
685 2451 820 2522 quia
843 2452 902 2507 in
936 2452 1209 2508 omnibus
1235 2469 1414 2508 unum
1448 2457 1586 2509 sunt
1623 2452 1812 2522 Pater,
1859 2453 2042 2510 Filius

405 2545 460 2592 et
487 2538 739 2610 Spiritus
761 2541 1031 2608 Sanctus,
1066 2541 1334 2614 ingeniti,
1366 2543 1546 2614 geniti
1579 2547 1634 2598 et
1678 2543 2042 2614 procedentis

403 2628 644 2684 vocibus
695 2631 968 2702 demptis,
1021 2631 1369 2703 cogitatione
1427 2639 1620 2688 autem
1680 2633 2038 2689 dividuntur.

403 2715 594 2773 Unum
626 2719 780 2775 enim
811 2725 995 2776 Deum
1030 2721 1459 2793 cognoscimus,
1493 2721 1632 2778 atin
1678 2723 1820 2778 solis
1851 2727 2042 2795 pater-

404 2806 631 2877 nitatis,
664 2807 999 2865 filiationem
1035 2814 1090 2865 et
1121 2810 1512 2881 processionis
1571 2811 2043 2883 proprietatibus.

406 2897 550 2953 Item
584 2913 652 2952 ex
685 2915 862 2955 causa
892 2904 949 2954 et
988 2899 1218 2966 eti'ectu,
1246 2907 1300 2955 et
1353 2901 1703 2972 perfectione
1760 2917 2042 2972 persona.

403 2985 531 3041 Sive
563 2988 804 3042 modum
836 2987 1207 3055 exsietcntize,
1242 2988 1429 3058 ipsam
1482 3005 1609 3044 esse
1660 2990 2044 3045 differentiam

405 3079 600 3132 mente
630 3076 1013 3147 concipimus.
1048 3076 1160 3134 Nec
1192 3077 1345 3131 enim
1379 3078 1504 3133 fieri
1537 3083 1747 3150 potest,
1797 3085 1858 3133 ut
1888 3078 2046 3135 loca-

403 3161 518 3218 lem
551 3163 884 3219 distantiam
943 3165 1013 3221 de
1072 3166 1403 3233 Divinitate,
1464 3184 1590 3240 quae
1647 3167 2047 3224 circumscribi

2146 1927 2334 1982 neque
2364 1910 2545 1966 Filius
2575 1915 2826 1983 genitus,
2859 1913 2996 1982 quia
3025 1930 3094 1968 ex
3121 1914 3381 1985 ingenito
3416 1917 3806 1986 processerit,

2147 2017 2272 2056 esse
2304 2001 2550 2056 desinat.
2586 2002 2694 2066 Qui
2715 2002 2870 2058 enim
2897 2003 3021 2058 fieri
3045 2003 3152 2060 hoc
3177 2006 3409 2076 possit?
3434 2009 3640 2076 Neque
3663 2006 3810 2063 item

2148 2090 2403 2163 Spiritus
2435 2095 2538 2146 aut
2565 2091 2623 2146 in
2659 2095 2907 2162 Patrem,
2955 2097 3056 2148 aut
3111 2092 3172 2147 in
3207 2094 3418 2149 Filium
3467 2096 3812 2165 degeneret,

2149 2179 2288 2252 quia
2321 2180 2600 2250 procedit,
2629 2184 2687 2236 et
2716 2181 2867 2236 Deus
2921 2187 3028 2237 est.
3085 2181 3414 2254 Proprietas
3464 2185 3626 2239 enim
3691 2201 3810 2240 non

2151 2273 2434 2326 movetur.
2469 2270 2614 2326 Nam
2649 2271 2750 2343 qui
2781 2272 2905 2326 fieri
2941 2271 3088 2328 alias
3121 2272 3323 2344 possit,
3356 2287 3423 2329 ut
3470 2274 3809 2347 proprietas

2152 2364 2409 2415 mutetur
2437 2363 2494 2414 et
2519 2360 2830 2432 degeneret
2857 2361 2884 2415 ?
2914 2360 2971 2414 Si
3002 2361 3159 2417 enim
3191 2362 3394 2431 Filius,
3430 2380 3546 2418 non
3573 2366 3808 2435 proprie

2155 2449 2322 2505 Pater
2361 2458 2466 2515 est,
2517 2466 2651 2504 cum
2701 2466 2855 2506 unus
2900 2451 3132 2522 proprie
3189 2455 3360 2508 Pater
3417 2453 3512 2508 sit.
3571 2455 3725 2509 Item
3763 2454 3814 2508 si

2156 2538 2337 2605 Pater,
2371 2554 2482 2592 non
2517 2538 2748 2610 praprie
2792 2537 2974 2595 Filius
3018 2544 3128 2607 est,
3179 2558 3334 2597 unus
3356 2541 3511 2597 enim
3569 2543 3816 2614 proprie

2154 2625 2359 2692 Filius,
2392 2631 2449 2681 et
2481 2644 2633 2683 unus
2663 2627 2914 2698 Spiritus
2947 2634 3204 2686 sanctus.
3256 2632 3570 2686 Screndum
3632 2649 3810 2702 porro

2155 2716 2418 2786 estquod
2453 2716 2682 2772 Patrem
2712 2733 2779 2773 ex
2811 2715 2928 2773 ullo
2989 2719 3299 2788 procedere
3358 2736 3461 2776 nec
3519 2722 3815 2786 dicimus,

2154 2818 2287 2858 eum
2323 2808 2516 2860 autem
2543 2805 2672 2860 Filii
2711 2809 2940 2861 Patrem
3000 2808 3337 2872 asserimus,
3398 2815 3456 2864 at
3519 2810 3726 2866 Filium
3754 2818 3816 2867 et

2156 2892 2434 2963 Spiritum
2469 2910 2645 2950 causa
2683 2911 2880 2950 carere
2921 2913 3292 2968 nequaquam
3315 2897 3584 2954 dicimus.
3632 2899 3809 2955 Illum

2155 2985 2348 3036 autem
2383 2998 2450 3037 ex
2480 2985 2645 3038 Patre
2677 2989 2852 3055 atque
2882 2985 3090 3040 Filium
3125 2985 3336 3054 Patris,
3380 2987 3540 3044 hunc
3571 3005 3712 3044 vero
3744 3006 3818 3044 ex

2158 3074 2328 3126 Patre
2355 3087 2590 3144 quoque
2619 3076 2676 3127 et
2710 3072 2850 3130 Filio
2885 3083 2937 3130 et
2968 3074 3160 3130 Patris
3188 3074 3468 3146 Spiritum
3532 3078 3822 3133 nomina-

2160 3177 2313 3214 mus.
2345 3159 2626 3232 Spiritum
2656 3165 2850 3218 autem
2882 3180 2950 3219 ex
2977 3163 3142 3230 Filio,
3181 3181 3292 3219 non
3326 3165 3486 3220 item.
3543 3167 3656 3221 Sed
3687 3167 3823 3222 Filii

409 3251 856 3322 nequit,itidem
888 3258 952 3308 ut
992 3255 1060 3309 de
1107 3255 1273 3310 nobis
1319 3237 1583 3312 dicanius
1642 3260 2046 3328 (personarum
2085 3237 2129 3306 C
2161 3247 2735 3320 duntaxatSpiritum
2759 3251 3152 3309 dicimus.Ait
3173 3253 3326 3308 enim
3365 3254 3426 3308 Β.
3454 3257 3822 3326 Apostolus:

411 3339 566 3397 enim
600 3340 711 3396 alia
745 3341 840 3396 alii
893 3341 1068 3412 inest,
1109 3361 1224 3400 non
1266 3348 1330 3399 ut
1385 3347 1798 3414 confundatur,
1845 3348 1946 3403 sed
1993 3352 2057 3403 ut

411 3427 711 3487 inhaereat.
739 3431 1239 3494 Quemadmodum
1263 3434 1388 3500 ipse
1421 3435 1702 3490 Dominus
1724 3439 1836 3491 ait:
1857 3439 1967 3506 Ego
1996 3440 2056 3492 in

411 3520 599 3589 Patre,
630 3521 679 3573 et
709 3520 876 3574 Pater
906 3522 962 3576 in
993 3537 1082 3576 me
1109 3531 1187 3577 est
1213 3522 1276 3592 θ),
1309 3538 1412 3578 nec
1436 3522 1752 3580 voluntatis
1784 3529 1884 3580 aut
1921 3541 2058 3581 sen-

413 3606 624 3674 tentia,
651 3611 754 3663 aut
784 3608 1051 3676 actionis,
1085 3613 1184 3664 aut
1212 3610 1464 3680 virtutis,
1511 3617 1612 3667 aut
1663 3613 1814 3668 alius
1863 3615 2058 3684 cujus-

413 3696 568 3769 piam
602 3696 1010 3754 differentiam.
1061 3699 1194 3765 Quae
1252 3699 1488 3770 quidem
1547 3702 1831 3757 omniain
1889 3703 2057 3759 nobis

413 3803 474 3842 re
542 3785 672 3858 ipsa
728 3795 782 3842 et
832 3787 1028 3844 animo
1089 3788 1426 3845 divisionem
1474 3790 1727 3862 pariunt.
1779 3793 2058 3857 Quocirca

412 3891 600 3946 neque
631 3879 749 3932 tres
771 3875 919 3932 Deos
967 3876 1216 3947 Patrem,
1274 3883 1331 3934 et
1379 3877 1613 3945 Filium,
1665 3884 1722 3936 et
1775 3882 2055 3953 Spiritum

413 3968 681 4020 sanctum
707 3965 978 4036 dicimus,
1006 3966 1123 4024 imo
1143 3969 1337 4040 potius
1360 3984 1542 4025 unum
1564 3969 2054 4040 Deum,'sanctam

409 4055 748 4111 Trinitatem
782 4073 795 4111 :
837 4054 980 4112 Filio
1012 4060 1068 4111 et
1123 4058 1341 4129 Spiritu
1373 4059 1441 4113 ad
1469 4076 1647 4115 unam
1679 4061 2058 4132 eamdemque

415 4159 677 4214 causam,
709 4143 988 4200 nimirum
1033 4146 1104 4200 ad
1154 4145 1375 4202 Patrem
1416 4145 1632 4215 relatis,
1665 4164 1780 4204 non
1817 4165 2057 4221 compo-

413 4232 568 4302 sitis,
601 4249 786 4305 neque
829 4233 1271 4307 conglutinatis,
1333 4241 1397 4292 ut
1454 4236 1692 4293 Sabellii
1738 4239 2057 4295 contractio

413 4321 593 4378 voluit
627 4343 640 4393 ;
683 4323 763 4380 ita
802 4325 958 4379 enim
994 4326 1438 4397 conjunguntur
1467 4343 1749 4399 personae,
1776 4330 2057 4399 quemad-

419 4414 658 4468 modum
694 4412 968 4483 diximus,
1004 4418 1202 4470 utnon
1227 4417 1680 4484 confundantur,
1705 4417 1806 4472 sed
1839 4423 1901 4473 ut
1932 4418 2056 4473 aliae

417 4501 547 4558 aliis
572 4501 924 4568 adhaereant,
975 4507 1292 4573 mutuoque
1324 4521 1384 4560 se
1431 4505 1795 4577 contingant,
1839 4510 2059 4578 absque

2161 3337 2225 3392 Si
2252 3340 2376 3408 quis
2406 3338 2619 3394 Christi
2647 3339 2920 3406 Spiritum
2950 3357 3061 3397 non
3093 3342 3254 3398 habet
3287 3343 3351 3396 ιο.
3397 3345 3588 3400 Eumd
3602 3362 3821 3417 emque

2163 3427 2332 3482 nobis
2365 3444 2466 3499 per
2497 3427 2710 3484 Filium
2746 3431 3110 3487 innotescere
3134 3435 3311 3503 atque
3337 3433 3511 3488 tribui
3544 3434 3820 3490 fatemur.

2160 3518 2254 3573 Ait
2285 3519 2438 3574 enim
2481 3519 2806 3592 Scriptura,
2861 3523 3194 3592 lusu/ﬂavit,
3254 3531 3305 3578 et
3327 3522 3470 3578 dixit
3527 3524 3825 3596 discipulis

2162 3608 2277 3662 suis
2309 3623 2321 3663 :
2360 3609 2599 3678 Accipite
2627 3609 2904 3674 Spiritum
2929 3616 3177 3665 sanctum
3213 3613 3277 3668 ¹¹.
3300 3611 3816 3675 Quemadmodum

2163 3713 2231 3751 ex
2260 3695 2381 3752 sole
2405 3697 2605 3753 radius
2626 3702 2681 3753 et
2711 3699 3007 3770 splendor.
3032 3698 3133 3755 Ille
3164 3700 3319 3756 enim
3345 3702 3491 3757 radii
3525 3710 3583 3758 et
3614 3702 3813 3774 splen-

2161 3786 2318 3842 doris
2350 3787 2478 3843 l‘ons
2531 3793 2587 3843 et
2641 3788 2803 3860 origo
2863 3793 2971 3845 est.
3030 3792 3162 3845 Jam
3194 3806 3327 3845 vero
3379 3791 3552 3846 nobis
3612 3792 3818 3847 radius

2165 3876 2534 3947 splendorem
2567 3875 2828 3949 largitur,
2861 3883 2917 3934 et
2943 3878 2994 3935 is
3027 3883 3137 3948 est,
3194 3879 3296 3952 qui
3329 3896 3436 3936 nos
3493 3880 3823 3949 illuminat,

2163 3965 2448 4036 cujusque
2478 3966 2791 4040 participes
2815 3984 3039 4024 sumus.
3070 3967 3250 4024 Filius
3285 3985 3417 4024 vero
3451 3985 3646 4041 neque
3695 3971 3825 4041 Spi-

2164 4053 2345 4108 ritum
2380 4069 2528 4122 esse,
2562 4071 2752 4128 neque
2785 4072 2854 4112 ex
2899 4057 3113 4128 Spiritu
3173 4058 3485 4130 procedere
3535 4059 3820 4114 dicimus.

2750 4164 2903 4220 CAP.
2943 4164 3227 4221 XXXVII.

2163 4251 2418 4328 Eiusdem
2449 4252 2819 4328 (Damasceui)
2853 4257 2934 4310 De
2989 4256 3059 4309 iis
3097 4269 3223 4326 quae
3268 4254 3336 4310 de
3364 4256 3469 4312 Deo
3526 4256 3826 4328 dicuntur,

2171 4365 2176 4368 .
2237 4325 2490 4395 quodque
2517 4327 2590 4378 ad
2619 4327 2893 4400 hab-itum,
2925 4325 3194 4400 actionem
3224 4331 3274 4382 et
3303 4332 3498 4383 caetera
3524 4329 3583 4384 id
3618 4325 3823 4400 genus,

2234 4410 2342 4450 non
2375 4401 2561 4450 autem
2587 4397 2656 4451 ad
2684 4399 2979 4454 essentiam
3010 4399 3310 4468 referenda
3340 4402 3470 4454 sint.

2240 4504 2386 4558 Deus
2420 4502 2670 4575 simplex
2695 4509 2806 4574 est,
2839 4509 2896 4560 et
2928 4505 3170 4562 minime
3202 4508 3588 4578 compositus.
3652 4511 3826 4577 Quod

423 4589 543 4645 ulla
573 4590 981 4646 commistione
1011 4599 1062 4646 et
1105 4594 1474 4647 concretione
1511 4611 1523 4647 :
1571 4609 1675 4650 nec
1708 4595 1788 4650 ita
1833 4595 2065 4666 disiun-
2095 4591 2142 4656 D
2175 4597 2370 4649 autem
2401 4611 2466 4649 ex
2499 4593 2700 4649 multis
2733 4599 2907 4666 atque
2938 4595 3182 4653 diversis
3204 4601 3454 4666 constat,
3485 4597 3540 4652 id
3575 4613 3825 4672 compo-

419 4687 638 4750 guntur
668 4685 731 4732 ut
763 4679 1016 4734 essentia
1070 4680 1414 4750 dissideant,
1465 4685 1529 4736 ut
1569 4684 1686 4738 Arii
1737 4683 1943 4740 divisio
1979 4685 2060 4740 fa-

419 4765 676 4823 bulatur.
712 4768 791 4822 Ea
821 4771 909 4822 est
939 4767 1092 4822 enim
1128 4768 1404 4825 divinitas
1436 4773 1497 4825 ut
1525 4772 1580 4826 in
1627 4771 1850 4841 divisis,
1885 4773 1934 4828 si
1967 4791 2061 4829 res

422 4859 481 4913 in
542 4858 950 4930 compendium
1026 4858 1422 4914 contrahenda
1507 4859 1602 4926 sit,
1688 4861 2059 4917 indivisibilis

424 4954 677 5017 maneat,
709 4953 765 5004 et
796 4949 1295 5019 quemadmodum
1330 4950 1389 5004 in
1442 4950 1631 5005 tribus
1685 4949 1907 5006 solibus
1949 4951 2058 5005 sibi

423 5045 624 5098 mutuo
656 5038 1013 5094 haerentibus
1043 5043 1099 5094 et
1120 5038 1498 5106 indistinctis,
1526 5039 1898 5095 unaluminis
1923 5045 2062 5096 tem-

418 5136 620 5205 perata
654 5131 845 5184 mistio
895 5133 952 5184 et
1005 5127 1212 5200 copula
1256 5133 1360 5194 est,
1415 5127 1550 5184 inde
1615 5129 1682 5183 ﬁt
1723 5133 1782 5183 ut
1852 5130 2060 5184 divini-

418 5226 556 5279 tatis
579 5220 778 5277 habita
813 5219 1052 5287 ratione,
1113 5235 1352 5274 causam
1404 5235 1603 5286 unam,
1665 5219 2058 5276 monarchiam

418 5329 517 5369 seu
542 5311 782 5368 unitatis
813 5309 1144 5382 imperium,
1183 5325 1485 5381 unumque
1518 5318 1570 5364 et
1601 5310 1870 5365 eumdem
1912 5310 2062 5364 divi-

420 5401 641 5468 uitatis,
694 5409 751 5456 ut
809 5401 886 5455 ita
930 5400 1143 5469 dicam,
1194 5403 1420 5454 motum
1462 5403 1638 5470 atque
1676 5400 2058 5468 voluntatem,

416 5488 682 5543 essentia:
713 5489 962 5558 denique
990 5489 1180 5560 ipsius
1212 5488 1481 5558 actionis,
1524 5492 1580 5544 et
1643 5488 2060 5549 dominationis

487 5655 509 5693 θ
538 5653 709 5712 Joan.
743 5671 860 5724 xta,
893 5656 978 5711 t0.
1009 5655 1055 5692 ιο
1088 5657 1254 5714 Rem.
1283 5674 1407 5733 VIII,
1440 5658 1494 5716 9.
1531 5657 1574 5735 εί
1605 5658 1776 5720 Joan.
1800 5676 1897 5735 xx,
1925 5660 2016 5721 22.

2171 4681 2347 4737 situm
2380 4687 2483 4738 est.
2514 4683 2644 4738 Jam
2669 4700 2802 4739 vero
2839 4683 2888 4738 si
2938 4686 3088 4754 quod
3149 4685 3474 4742 increatum
3519 4691 3630 4754 est,
3664 4691 3824 4760 quod

2171 4771 2456 4843 principio
2476 4775 2652 4840 caret,
2679 4772 3112 4844 quodzdenique
3131 4772 3562 4846 incorporeum,
3577 4776 3829 4833 immor-

2170 4860 2305 4924 tale,
2342 4861 2787 4932 sempiternum,
2818 4862 3059 4932 bonum,
3092 4864 3358 4920 omnium
3390 4866 3580 4936 opifex
3621 4873 3738 4932 est,
3769 4873 3828 4922 et

2171 4949 2699 5023 cesteraid§genus,
2758 4951 3100 5007 essentiales
3151 4953 3207 5009 in
3281 4955 3391 5010 Deo
3457 4955 3828 5013 differentias

2172 5053 2299 5093 esse
2331 5039 2610 5110 diximus,
2643 5040 2696 5094 id
2733 5040 2884 5110 quod
2908 5057 2976 5094 ex
3009 5045 3088 5096 tot
3120 5041 3295 5099 rebus
3355 5044 3677 5113 constabit,
3711 5044 3829 5100 mi-

2172 5126 2329 5182 nime
2361 5129 2609 5200 simplex
2641 5129 2768 5198 erit,
2803 5130 2901 5184 sed
2941 5131 3352 5200 compositum.
3386 5131 3549 5196 Quod
3584 5134 3828 5204 quidem

2172 5218 2333 5273 nulla
2365 5234 2477 5273 non
2513 5218 2812 5289 impietate
2842 5217 3086 5274 laborat.
3122 5219 3215 5275 Sic
3242 5219 3427 5291 igitur
3484 5223 3832 5279 existiman-

2171 5313 2309 5367 dum
2341 5313 2452 5378 est,
2485 5309 2555 5363 de
2590 5307 2837 5381 singulis
2870 5323 3069 5364 eorum
3099 5326 3226 5381 qum
3260 5311 3330 5366 de
3362 5315 3476 5367 Deo
3519 5311 3830 5369 dicuntur.

2172 5405 2237 5457 ut
2258 5396 2570 5456 essentiale
2601 5396 2746 5452 nihil
2778 5396 3128 5469 significent,
3162 5399 3262 5455 sed
3290 5399 3406 5468 vel,
3432 5406 3500 5456 ut
3531 5403 3700 5473 quod
3729 5401 3831 5460 ille

2171 5507 2287 5548 non
2309 5493 2417 5559 est,
2445 5487 2502 5544 id
2522 5486 2894 5561 perspicuum
2918 5487 3133 5544 faciant
3147 5487 3232 5544 vel
3262 5487 3534 5546 habitum
3566 5489 3832 5567 aliquem
