4044 6212
199 380 361 441 11⁵17

1552 376 1942 438 THESAURI
1986 376 2132 438 LIB.
2179 375 2258 437 II.

3465 382 3620 465 117s

202 513 282 568 ad
311 511 713 583 oppositorum
745 510 832 566 vel
865 513 1072 567 natura
1094 510 1570 582 consequentium
1598 509 1858 584 aliquod,
1889 513 1945 580 Α
1978 509 2106 580 ejus
2143 508 2231 564 vel
2282 511 2516 579 candor,
2566 509 2651 566 vel
2705 511 2945 583 nigredo
2996 511 3333 568 innotuerit.
3385 513 3496 569 Sed
3550 531 3619 572 ea

202 601 295 657 vel
345 601 632 657 actionem
689 601 987 657 denotant.
1042 602 1242 672 Itaque
1303 601 1456 656 inter
1502 615 1707 656 omnes
1757 599 1860 656 Dei
1967 604 2198 654 tantum
2230 600 2516 667 novimus,
2551 616 2678 671 quae
2711 600 2761 655 ei
2794 601 3085 670 adjacent.
3119 601 3265 657 Vera
3295 607 3490 659 autem
3524 621 3616 660 ra-

199 691 680 747 nomenclaturas
709 690 872 745 nulla
905 689 1047 745 mihi
1099 691 1282 760 magis
1331 690 1564 764 proprie
1606 689 1855 758 videtur,

193 797 372 852 quam
407 780 434 832 ὁ
479 771 576 847 ὤν,
611 796 738 844 seu,
768 781 820 834 is
850 781 953 851 qui
983 787 1094 835 est.
1117 778 1621 842 Quemadmodum
1645 778 1774 848 ipsa
1797 777 1855 831 in

193 875 392 927 monte
426 870 646 925 Mosem
680 868 992 940 alloquens
1018 868 1098 924 ait
1122 887 1134 925 :
1161 870 1334 925 Dicito
1357 869 1624 924 lsraetili:
1650 885 1662 922 :
1687 869 1736 923 Is
1759 866 1857 939 qui

198 964 277 1015 est
307 975 394 1013 me
438 958 591 1013 misi.
625 958 692 1014 η.
726 959 780 1014 ls
813 958 969 1013 enim
1004 957 1224 1014 nullam
1273 975 1389 1014 non
1437 957 1745 1014 essentiam
1793 957 1852 1011 in

197 1065 264 1104 se
303 1047 739 1118 complectitur,
773 1051 1054 1118 tanquam
1099 1052 1328 1102 vastum
1371 1046 1560 1102 nescio
1603 1046 1757 1117 quod
1798 1049 1856 1100 et

198 1138 554 1193 immensum
589 1137 856 1192 essentia
890 1136 1151 1209 pelagus.
1186 1136 1257 1192 Ut
1289 1142 1480 1193 autem
1522 1137 1688 1192 beato
1717 1135 1851 1191 Dio-

194 1226 362 1297 nysio
393 1225 645 1290 videtur,
671 1226 868 1280 Bonus
891 1225 1145 1281 maxime
1168 1225 1399 1298 propria
1415 1225 1514 1281 Dei
1537 1224 1851 1297 appellatio

189 1319 300 1384 est,
333 1331 438 1370 nec
467 1314 624 1371 enim
657 1316 913 1371 essentia
964 1315 1023 1370 in
1073 1320 1188 1371 Deo
1237 1316 1553 1371 bonitatem
1607 1330 1849 1386 praeces-

193 1401 349 1458 sisse
381 1402 496 1458 dici
528 1406 740 1473 potest.
784 1404 1044 1459 Alterum
1091 1420 1302 1459 nomen
1357 1401 1486 1462 Θεὸς
1536 1403 1690 1458 Deus
1740 1411 1845 1472 est,

187 1492 346 1562 quod
401 1491 616 1548 dicitur
671 1491 760 1548 vel
821 1490 881 1546 ἐκ
933 1495 1030 1546 τοῦ
1086 1492 1242 1561 θέειν,
1301 1494 1390 1546 καί
1448 1491 1721 1566 περιέπειν
1779 1491 1846 1545 τὰ

191 1580 508 1654 σύμπαντα,
544 1582 652 1638 hoc
684 1587 796 1649 est,
829 1584 983 1655 quod
1018 1600 1190 1640 cursu
1223 1600 1332 1640 suo
1357 1588 1414 1640 et
1441 1583 1665 1640 ambitu
1707 1599 1848 1639 con-

188 1670 372 1726 tineat
405 1671 704 1740 universa,
731 1671 817 1727 vel
851 1670 910 1725 ἐκ
934 1672 1032 1725 toﬁ
1062 1672 1252 1741 αἳθειν,
1285 1673 1340 1728 id
1376 1677 1465 1729 est
1515 1673 1585 1728 ab
1635 1673 1842 1728 arden-

192 1761 288 1816 do.
322 1762 480 1817 Deus
511 1761 666 1817 enim
699 1761 854 1834 ignis
885 1767 992 1832 est,
1025 1778 1134 1833 quo
1165 1763 1373 1818 vitium
1413 1779 1584 1819 omne
1631 1779 1843 1819 consu-

196 1850 400 1919 mitur,
435 1850 522 1906 vel
551 1848 660 1903 ἀπὸ
691 1853 788 1904 τοῦ
821 1854 1035 1914 θεᾶσθαι
1088 1849 1154 1905 τὰ
1200 1851 1392 1922 πάντα,
1442 1852 1596 1923 quod
1645 1853 1843 1909 omnia
1873 1873 1919 1938 B

191 1939 510 1996 intueatur.
543 1940 713 1996 Illum
746 1941 902 1997 enim
936 1941 1082 1996 nihil
1113 1941 1274 2010 latet,
1324 1948 1522 2012 estque
1571 1943 1836 1999 omnium

195 2045 390 2086 rerum
424 2030 772 2102 speculator,
806 2048 941 2087 nam
971 2032 1302 2105 speculatus
1332 2036 1422 2088 est
1463 2033 1658 2088 omnia
1704 2049 1838 2105 pro-

192 2120 449 2177 videntia
478 2138 605 2188 sua,
639 2122 984 2194 priusquam
1031 2122 1341 2191 orirentur,
1373 2128 1429 2179 et
1473 2139 1668 2179 eorum
1716 2122 1834 2179 sin-

189 2207 328 2281 gula
357 2209 685 2266 voluntaria
715 2227 821 2266 sua
869 2212 1240 2283 cogitatione,
1284 2229 1412 2282 qua;
1463 2212 1701 2284 quidem
1751 2217 1841 2268 est

185 2297 646 2368 praedestinatio,
681 2299 892 2370 imago,
925 2306 977 2354 et
1009 2299 1303 2370 exemplar
1332 2300 1391 2354 in
1426 2317 1484 2355 re
1535 2301 1835 2371 praedesti-

185 2390 348 2455 nata,
381 2386 440 2440 in
475 2403 592 2458 qua
639 2387 725 2443 ﬁt.
769 2387 901 2444 Jam
954 2388 1143 2459 priore
1195 2389 1634 2445 nomenclatura
1685 2388 1834 2460 ejus,

182 2475 493 2530 nimirum.
529 2476 581 2532 Is
607 2477 706 2547 qui
739 2482 849 2542 est,
882 2477 1010 2548 ipsa
1037 2477 1292 2534 essentia
1338 2478 1664 2548 exhibetur,
1717 2495 1836 2534 non

180 2569 380 2621 autem
415 2565 568 2636 quod
603 2565 744 2636 quid
791 2570 916 2632 est;
951 2567 1266 2638 posteriore
1296 2584 1456 2634 vero,
1509 2568 1659 2623 actio
1707 2568 1838 2639 ipsa

179 2654 404 2726 pateﬁt.
440 2654 718 2708 Caeterum
752 2654 874 2710 haec
922 2656 1182 2725 nomina,
1233 2654 1496 2734 ἄναρχον,
1549 2657 1835 2729 principio

185 2759 418 2810 carens,
452 2742 913 2817 incorruptibile,
948 2745 1274 2816 ingenitum
1317 2747 1438 2802 sive
1481 2748 1830 2817 increatum,

185 2833 626 2903 incorporeum,
660 2834 968 2903 invisibile,
1003 2840 1059 2890 et
1089 2835 1323 2904 similia,
1350 2835 1404 2890 id
1431 2835 1585 2907 quod
1610 2852 1724 2892 non
1747 2841 1834 2891 est

181 2920 468 2989 indicant,
500 2922 608 2978 hoc
639 2928 748 2992 est,
783 2924 838 2978 id
871 2924 1023 2993 quod
1054 2940 1183 2980 esse
1229 2941 1345 2980 non
1393 2926 1583 2996 coepit.
1633 2924 1833 2996 Neque

181 3011 340 3068 enim
373 3013 790 3084 corrumpitur,
824 3028 1010 3085 neque
1041 3018 1271 3069 creatus
1312 3017 1420 3082 est,
1457 3028 1646 3084 neque
1694 3029 1829 3069 cor-

179 3117 296 3174 pus
327 3106 436 3172 est,
467 3118 657 3175 neque
694 3102 940 3158 videtur.

253 3192 474 3248 Bonum
508 3197 726 3259 autem,
758 3193 1004 3262 justum,
1039 3195 1095 3247 et
1124 3199 1415 3263 sanctum,
1448 3195 1666 3248 natura:
1699 3191 1828 3264 qui-

177 3281 314 3336 dem
346 3282 720 3348 conveniunt,
750 3281 940 3354 ipsam
971 3299 1106 3338 vero
1161 3284 1476 3338 essentiam
1526 3281 1828 3354 haudqua-

175 3386 354 3440 quam
388 3370 814 3428 demonstrant.
854 3371 1135 3427 Dominus
1165 3370 1438 3442 denique,
1471 3388 1571 3427 rex
1618 3377 1676 3428 et
1724 3388 1829 3427 caa-

180 3464 308 3515 tera
357 3461 414 3515 id
468 3476 655 3532 genus
706 3459 974 3517 habitum
1023 3461 1095 3516 ad
1153 3461 1420 3533 opposita
1471 3460 1826 3532 signiﬁcant.

172 3551 394 3605 Eorum
428 3549 584 3605 enim
617 3549 718 3622 qui
751 3549 1012 3606 dominio
1043 3550 1282 3622 subjecti
1315 3556 1476 3618 sunt,
1499 3550 1828 3608 Dominus:

175 3653 377 3694 eorum
437 3637 538 3709 qui
597 3655 795 3710 regno,
855 3656 954 3695 rex
1002 3656 1017 3696 :
1085 3655 1284 3695 eorum
1345 3640 1444 3712 qui
1525 3640 1826 3708 creationi,

172 3731 447 3784 creator:
481 3742 680 3783 eorum
725 3728 976 3799 denique
1031 3727 1132 3800 qui
1173 3728 1445 3801 pastioni,
1495 3734 1694 3800 pastor
1741 3729 1827 3785 di-

179 3818 354 3874 citur.

744 3924 896 3981 CAP.
948 3924 1254 3983 XXXVIII.

172 4013 430 4087 Ejusdem
457 4014 703 4087 Joannis.
723 4015 1066 4087 Damasceni.
1102 4016 1172 4070 De
1198 4015 1390 4071 divina
1437 4016 1827 4084 coniunctione

242 4090 299 4141 ει
326 4085 656 4157 discretione
685 4083 954 4157 (quodque
1002 4085 1106 4141 illa
1159 4088 1221 4142 in
1273 4083 1562 4156 Trinitate,
1604 4087 1720 4142 hac
1766 4089 1824 4143 in

245 4157 389 4213 Filio
410 4155 528 4213 solo
565 4155 927 4226 intelligenda
951 4157 1065 4229 sit).

245 4267 460 4324 Omnia
488 4282 624 4339 ergo
655 4267 1067 4336 communiter,
1101 4267 1303 4324 eodem
1335 4267 1509 4324 modo
1539 4266 1825 4339 simplici-

171 4362 288 4428 ter,
321 4357 593 4425 indivise,
623 4362 680 4414 et
725 4359 1036 4428 conjuncte
1086 4358 1155 4413 de
1208 4357 1481 4414 universa
1528 4356 1824 4414 divinitate

170 4446 516 4519 accipienda
545 4452 703 4504 sunt.
733 4448 1014 4504 Distincte
1043 4464 1198 4516 vero,
1243 4465 1345 4504 seu
1391 4447 1660 4518 discreta,
1709 4447 1822 4504 Pa-

1967 688 2122 745 tione
2153 689 2522 756 instruimur,
2569 689 2896 760 simplicem
2947 706 3075 746 esse
3122 695 3331 755 Deum,
3385 708 3614 763 unaque

1965 779 2219 850 simplici
2251 778 2475 835 actione
2509 779 2659 834 bona
2689 779 3021 850 praeditum,
3053 797 3181 852 quae
3214 780 3413 836 omnia
3435 783 3617 838 omni-

1963 867 2074 922 bus
2105 873 2403 939 suggerat,
2433 868 2580 923 radii
2613 867 2820 923 solaris
2867 867 3078 936 instar,
3109 869 3211 940 qui
3259 874 3467 926 cuncta
3515 889 3613 926 ca-

1963 955 2175 1027 lefacit,
2207 961 2264 1012 et
2295 957 2351 1012 in
2384 956 2636 1028 singulis
2671 961 2842 1028 prout
2871 962 3005 1030 apta
3052 958 3403 1031 capaciaque
3451 967 3610 1032 sunt,

1964 1051 2258 1118 operatur,
2291 1047 2399 1103 hac
2433 1047 2660 1104 actione
2692 1047 2969 1120 praditus
3009 1049 3100 1104 Dei
3137 1051 3414 1105 creatoris
3448 1050 3616 1106 bene-

1961 1135 2108 1192 ficio.
2148 1137 2403 1193 Discreta
2433 1153 2602 1208 porro
2635 1143 2775 1193 sunt
2823 1143 2878 1192 et
2921 1139 3201 1209 sejuncta,
3252 1155 3611 1212 quaecunque

1958 1226 2028 1279 ad
2065 1225 2322 1281 divinam
2354 1231 2411 1282 et
2433 1226 2814 1282 humanitatis
2839 1227 3069 1299 plenam
3094 1227 3194 1282 Dei
3217 1228 3392 1284 Verbi
3417 1227 3606 1285 incar-

1958 1313 2256 1370 nationem
2319 1316 2629 1394 pertinent.
2693 1317 2902 1372 Eorum
2961 1317 3116 1372 enim
3191 1317 3352 1374 nullo
3430 1319 3603 1374 modo

1956 1403 2125 1458 Pater
2175 1407 2233 1460 et
2289 1404 2541 1476 Spiritus
2601 1406 2908 1478 participes
2959 1411 3119 1474 sunt,
3190 1406 3304 1462 nisi
3373 1411 3601 1464 tantum

1955 1492 2094 1562 quia
2125 1493 2355 1565 utrique
2411 1495 2559 1550 bene
2619 1495 3031 1567 complacitum
3091 1499 3198 1564 est,
3248 1501 3305 1552 et
3352 1500 3604 1554 miracu-

1953 1581 2142 1637 lorum
2178 1581 2354 1639 editio
2386 1583 2487 1638 illa
2539 1583 2953 1640 inenarrabilis
3003 1583 3237 1640 arrisit:
3299 1602 3423 1656 quae
3473 1586 3603 1656 qui-

1953 1670 2082 1726 dem
2143 1689 2176 1726 a
2229 1671 2418 1727 Verbo
2478 1677 2616 1742 Deo,
2669 1673 2845 1728 etiam
2899 1673 3139 1728 homine
3200 1674 3367 1728 nobis
3426 1674 3604 1729 simili

1952 1759 2124 1826 facto,
2159 1764 2438 1832 tanquam
2465 1761 2582 1817 Deo
2615 1761 2994 1829 immutabili,
3026 1765 3084 1817 et
3116 1762 3215 1818 Dei
3249 1761 3412 1830 Filio,
3448 1762 3603 1818 edita

1951 1854 2108 1906 sunt.

2541 1961 2691 2017 CAP.
2747 1960 2996 2017 XXXIX.

1943 2049 2266 2121 +Ejusdem
2292 2066 2362 2106 ex
2401 2066 2520 2122 cap.
2580 2050 2655 2122 447
2696 2049 2761 2105 de
2817 2052 2889 2104 iis
2945 2067 3067 2121 qua:
3117 2050 3474 2121 corporaliter
3529 2052 3594 2107 de

2499 2123 2602 2177 Deo
2623 2121 2888 2177 dicuntur
2929 2123 3064 2194 (12).

2016 2210 2160 2273 Quia
2189 2227 2322 2266 vero
2354 2209 2628 2282 pleraque
2677 2210 2860 2266 sacris
2905 2210 3221 2282 Scripturis
3271 2210 3354 2268 ita
3401 2227 3584 2268 enun-

1941 2298 2086 2355 tiata
2140 2299 2646 2371 deprehendimus,
2690 2305 2749 2356 ut
2793 2316 3135 2372 corporeum
3186 2301 3296 2372 (13)
3343 2299 3584 2372 aliquid,

1943 2387 2100 2444 velut
2129 2405 2196 2445 ex
2227 2390 2564 2460 conjectura
2594 2390 2920 2461 designent,
2969 2389 3272 2446 sciendum
3322 2395 3410 2446 est
3461 2388 3588 2445 ﬁeri

1943 2494 2059 2533 non
2093 2495 2285 2550 posse,
2318 2484 2381 2534 ut
2412 2496 2538 2549 nos,
2570 2495 2703 2536 cum
2736 2479 3006 2536 homines
3035 2479 3222 2536 simus
3253 2481 3360 2536 hac
3377 2496 3588 2536 carnea

1943 2583 2140 2623 massa
2168 2567 2552 2638 circumtecti,
2585 2569 2834 2637 divinas,
2868 2568 3150 2637 excelsas,
3200 2573 3256 2625 et
3301 2569 3373 2625 ab
3427 2569 3589 2626 omni

1943 2657 2186 2712 materia
2218 2662 2489 2722 remotas,
2524 2657 2845 2714 divinitatis
2873 2659 3134 2714 actiones
3167 2658 3460 2715 intellectu
3485 2675 3584 2713 as-

1942 2760 2284 2816 sequamur,
2319 2751 2420 2803 aut
2452 2747 2641 2804 verbis
2673 2748 3073 2820 exprimamus
3103 2765 3115 2803 :
3152 2747 3263 2804 nisi
3312 2747 3584 2819 imagini-

1943 2833 2073 2903 bus,
2105 2835 2309 2892 formis
2339 2841 2394 2892 et
2429 2836 2710 2908 symbolis
2741 2836 2892 2892 inter
2923 2855 3026 2893 nos
3051 2837 3298 2910 cognitis
3331 2845 3582 2896 utamur.

1941 2925 2310 2996 Quaecunque
2342 2941 2476 2997 ergo
2510 2927 2579 2982 de
2610 2932 2727 2983 Deo
2758 2927 3139 2998 corporaliter
3176 2926 3581 2996 enuntiantur,

1940 3029 2007 3068 ex
2040 3015 2373 3084 conjectura
2407 3016 2755 3086 dependent,
2789 3016 2846 3070 in
2900 3015 2972 3071 iis
3021 3021 3213 3072 autem
3272 3015 3586 3072 sublimior

1941 3102 2156 3174 aliquis
2187 3120 2402 3160 sensus
2433 3104 2742 3161 delitescit.
2775 3105 3027 3176 Simplex
3073 3106 3225 3161 enim
3279 3107 3427 3162 Deus
3472 3107 3583 3174 est,

1943 3209 2132 3265 neque
2189 3192 2307 3249 ulla
2357 3195 2542 3266 figura
2591 3194 3036 3252 lineamentisve
3083 3195 3315 3267 depingi
3369 3199 3581 3266 potest.

1908 3272 1911 3296 '
1942 3283 2130 3354 Igitur
2160 3283 2484 3351 oculorum,
2520 3284 2958 3356 palpebrarum,
2991 3289 3454 3364 conspectusque
3483 3284 3582 3340 Dei

1940 3371 2176 3428 nomine
2206 3372 2323 3427 vim
2355 3375 2484 3444 ejus
2515 3373 2919 3446 intelligimus,
2966 3393 3083 3448 qua
3131 3392 3223 3430 res
3279 3375 3582 3432 universas

1940 3463 2389 3534 contemplatur,
2421 3480 2668 3536 eamque
2697 3466 2840 3521 adeo
2871 3467 3287 3538 cognitionem.
3331 3483 3449 3539 qua
3495 3466 3579 3534 fit,

1939 3558 2004 3608 ut
2060 3553 2207 3608 nihil
2265 3553 2431 3611 illum
2484 3555 2663 3612 lateat
2709 3557 2848 3627 quia
2901 3557 3184 3613 nimirum
3236 3556 3580 3628 hujusmodi

1939 3659 2148 3700 sensus
2180 3643 2459 3700 beneﬁcio
2490 3647 2892 3717 perfectiorem
2925 3663 3117 3702 rerum
3169 3645 3581 3717 cognitionem,

1939 3736 1996 3787 et
2027 3733 2330 3789 certiorem
2364 3735 2802 3806 persuasionem
2847 3734 3284 3805 consequimur.
3331 3731 3580 3788 Aurium

1939 3820 2076 3876 item
2109 3823 2464 3894 auditusque
2495 3824 2730 3880 nomine
2753 3822 3208 3895 placabilitatem
3241 3821 3391 3892 ejus,
3423 3824 3478 3875 et
3508 3820 3578 3875 ad

1936 3914 2069 3964 vota
2100 3915 2300 3965 nostra
2330 3927 2647 3982 precesque
2679 3911 3128 3983 prOpensionem
3178 3909 3576 3979 designamus.

1936 3997 2052 4052 Nos
2080 3999 2232 4053 enim
2265 3997 2442 4069 hujus
2464 4015 2676 4054 sensus
2699 3998 2977 4054 beneficio
2999 3997 3364 4068 supplicibus
3383 3995 3580 4052 faciles

1936 4093 1992 4142 et
2021 4085 2339 4142 exorabiles
2373 4087 2685 4153 efﬁcimur,
2718 4087 2917 4159 eisque
2956 4103 3156 4142 aurem
3207 4086 3581 4143 familiariore

1937 4178 2190 4250 quodam
2225 4179 2396 4234 modo
2428 4177 2804 4234 inclinamus.
2838 4179 2968 4233 Oris
3003 4195 3172 4249 porro
3204 4183 3261 4233 et
3291 4178 3581 4234 sermonis

1935 4268 2326 4340 appellatione
2355 4273 2580 4324 certum
2615 4268 2847 4340 aliquod
2880 4267 3196 4324 voluntatis
3249 4268 3377 4338 ejus
3427 4268 3582 4324 indi-

1935 4355 2082 4413 cium
2112 4358 2542 4430 depromimus,
2575 4359 2714 4429 quia
2741 4358 2921 4414 moris
2964 4363 3054 4414 est
3104 4358 3272 4414 nobis
3315 4358 3580 4414 cordium

1933 4449 2268 4503 nostrorum
2300 4463 2514 4503 arcana
2541 4446 2658 4503 oris
2689 4451 2748 4502 et
2778 4447 3068 4504 sermonis
3108 4446 3388 4504 beneficio
3420 4450 3578 4504 rete-

171 4543 282 4600 ter,
319 4537 505 4593 Filius
535 4541 592 4594 et
619 4536 888 4608 Spiritus,
924 4539 1316 4603 incausatum,
1349 4542 1679 4606 causatum,
1726 4537 1817 4593 in-
1851 4567 1898 4633 D
1931 4551 2086 4607 gere.
2119 4536 2243 4593 Cibi
2275 4553 2510 4608 quoque
2539 4541 2597 4592 et
2627 4545 2800 4609 potus
2826 4535 3270 4594 nomenclatura
3308 4541 3578 4594 nostrum

173 4628 465 4697 genitum,
500 4630 785 4700 genitum,
819 4633 874 4683 et
905 4630 1246 4700 procedens,
1278 4644 1403 4700 quae
1437 4627 1676 4699 quidem
1724 4644 1822 4685 es-

165 4717 372 4774 sentia
405 4717 894 4789 signiﬁcationem
947 4717 1173 4773 nullam
1222 4717 1459 4786 habent,
1509 4717 1611 4773 sed
1663 4718 1821 4774 modi

165 4807 376 4873 solius,
411 4823 522 4878 quo
555 4823 615 4863 se
647 4807 805 4862 aliud
838 4808 911 4863 ad
945 4806 1102 4863 aliud
1138 4806 1333 4875 habet,
1357 4811 1414 4864 et
1434 4823 1549 4878 quo
1571 4807 1819 4866 exsistit.

167 4897 274 4952 His
307 4895 486 4966 igitur
517 4896 787 4968 cognitis,
820 4896 1026 4968 viaque
1057 4897 1194 4952 inde
1244 4897 1313 4952 ad
1365 4896 1680 4953 essentiam
1729 4896 1820 4968 ip-

161 5002 317 5054 sam,
353 4985 452 5040 sed
485 4985 749 5042 essentia
791 4990 1020 5042 tantum
1068 4987 1394 5057 adjacentia
1441 4986 1818 5058 comprehen-

158 5077 389 5131 dimus.
424 5075 933 5140 Quemadmodum
967 5092 1072 5134 nec
1103 5077 1152 5133 si
1183 5077 1546 5148 exploratum
1579 5077 1816 5149 quidem

161 5164 491 5221 habeamus
521 5165 778 5220 animam
811 5167 1092 5236 corporis,
1125 5167 1475 5237 quantitatis
1515 5171 1572 5222 et
1618 5166 1814 5237 ﬁguras

155 5260 454 5326 expertem
514 5269 665 5320 esse,
716 5255 988 5311 continuo
1041 5255 1166 5325 ejus
1216 5256 1528 5312 essentiam
1585 5271 1813 5326 quoque

155 5343 735 5415 comprehendimus,
770 5360 958 5416 neque
1001 5344 1263 5416 corporis
1314 5345 1455 5401 item
1504 5343 1716 5415 ipsius,
1761 5343 1813 5400 si

229 5443 276 5480 η
305 5443 485 5500 Exod.
517 5460 602 5510 III,
637 5443 724 5500 14.

231 5541 346 5614 (12)
375 5540 518 5614 Yide
549 5541 894 5614 Patrologiaa
924 5541 1296 5614 tom.XCIV,
1328 5540 1438 5614 col.
1464 5541 1589 5614 841.

233 5610 346 5684 (13)
377 5613 606 5686 Nicetes
639 5610 969 5686 σωμαῖικῶς
997 5613 1199 5686 habet,
1245 5610 1678 5686 atZigabenus
1721 5610 1810 5670 le-

161 5683 573 5764 gissevidetur
594 5705 660 5757 ση
671 5683 935 5762 parum,
956 5685 1017 5744 id
1037 5683 1530 5760 est,signiﬁcatiuc.
1555 5683 1812 5759 Utraque

1933 4627 2005 4681 ad
2037 4627 2164 4698 ejus
2197 4627 2551 4683 voluntatem
2586 4644 2937 4684 concursum
2980 4628 3237 4684 denotat.
3273 4627 3389 4684 Nos
3419 4628 3576 4686 enim

1932 4730 2110 4771 sensu
2137 4721 2408 4787 gustatus
2441 4717 2774 4775 necessario
2800 4722 3018 4775 natura
3041 4717 3323 4790 appetitui
3345 4717 3581 4774 satisfa-

1931 4805 2139 4862 cimus.
2165 4805 2420 4864 Olfactus
2452 4807 2841 4879 appellatione
2870 4807 2989 4863 vim
3021 4808 3191 4865 nobis
3217 4807 3455 4864 insitam
3486 4808 3581 4864 in-

1931 4895 2272 4967 telligimus,
2307 4913 2433 4968 quae
2467 4902 2725 4954 nostram
2757 4913 2895 4969 erga
2923 4897 3109 4953 Deum
3142 4896 3498 4954 voluntatem
3523 4900 3581 4952 et

1927 4984 2392 5042 benevolentiam
2451 4989 2718 5056 testatur,
2759 4987 2898 5057 quia
2951 4986 3232 5042 nimirum
3281 5001 3347 5041 eo
3397 5000 3574 5040 sensu

1925 5076 2383 5133 suaveolentiam
2418 5078 2661 5134 odorum
2693 5077 3069 5149 percipimus.
3116 5077 3384 5133 Personae
3431 5075 3573 5132 item

1924 5165 2202 5222 vocabulo
2235 5182 2361 5223 eam
2397 5165 2496 5222 Dei
2527 5166 2895 5238 praesentiam
2945 5165 3404 5234 subindicamus,
3455 5181 3572 5236 qua

1925 5253 2020 5310 ille
2052 5271 2227 5325 opera
2259 5273 2366 5311 sua
2396 5255 2678 5321 vicissim,
2701 5261 2758 5311 et
2787 5254 2960 5326 quasi
2979 5254 3329 5321 successive,
3361 5254 3574 5310 lustrat

1922 5348 1978 5401 et
2007 5349 2264 5416 permeat
2296 5346 2428 5418 (14),
2467 5347 2604 5418 quia
2651 5345 2932 5403 nimirum
2980 5363 3240 5420 personae
3289 5345 3573 5406 beneﬁcio

1917 5540 2090 5615 lectio
2122 5541 2364 5615 defendi
2392 5546 2600 5615 potest.

1921 5613 2106 5744 68:14)
2160 5613 2409 5673 Consule
2459 5614 2906 5684 Damascenum,
2977 5633 3114 5677 nam
3187 5618 3402 5679 lacuna
3471 5617 3568 5686 hic
