4066 6208
589 382 746 442 1179

587 517 907 585 ρνᾶιεθῐιῐθε
939 530 1042 571 nos
1075 513 1235 586 ipsos
1266 513 1551 570 sistimus.
1586 518 1694 570 Per
1720 531 1928 571 manus
1951 515 2124 571 etiam
2149 514 2235 571 vis

591 601 692 658 illa
715 603 1057 673 intelligitur
1087 619 1204 674 qua
1235 603 1334 659 Dei
1371 604 1524 659 actio
1555 605 1906 661 absolvitur:
1942 621 2047 660 nos
2086 605 2242 660 enim

595 710 724 765 quae
757 694 928 748 nobis
960 693 1126 750 utilia
1158 699 1314 766 sunt,
1351 700 1407 750 et
1462 696 1520 751 in
1569 695 1774 766 primis
1822 697 2245 768 pretiosissima

593 797 836 853 quaeque
858 783 1344 840 administramus
1379 785 1670 840 manibus.
1700 790 1806 840 Per
1827 787 2085 841 dextram
2107 803 2245 857 quo-

594 887 702 942 que
726 887 894 943 opem
919 872 1176 928 divinam
1200 873 1522 946 intelligere
1541 874 1815 941 solemus,
1842 893 1968 947 qum
1991 876 2239 932 nobisin

591 961 769 1016 rebus
803 962 1095 1033 prosperis
1126 963 1322 1018 adest:
1347 963 1408 1018 in
1441 964 1508 1018 iis
1539 965 1693 1020 enim
1721 981 1850 1036 qua:
1900 967 2072 1037 paulo
2099 965 2240 1036 poli-

591 1051 740 1106 tiora
769 1057 824 1107 et
847 1053 1140 1108 ornatiora
1161 1054 1331 1108 nobis
1351 1058 1524 1125 atque
1544 1054 1810 1126 pluribus
1832 1071 1998 1127 egere
2019 1056 2240 1112 viribus

592 1139 882 1208 videntur,
899 1143 1098 1197 dextra
1121 1159 1297 1198 manu
1320 1144 1436 1199 fere
1458 1145 1834 1209 utimur,Jam
1860 1145 2240 1218 palpationem

596 1229 736 1300 quid
770 1229 950 1297 aliud,
977 1247 1195 1302 quaeso,
1219 1249 1348 1288 esse
1371 1232 1652 1299 dicemus,
1678 1251 1851 1304 quam
1877 1235 2236 1290 subtiliorem

596 1318 692 1373 Dei
725 1326 781 1374 et
811 1334 1012 1375 eorum
1045 1337 1170 1391 quas
1200 1326 1338 1376 sunt
1385 1322 1552 1378 valde
1601 1323 1839 1379 subtilia
1887 1329 1943 1380 et
1991 1333 2239 1381 obscura

593 1409 1090 1482 disquisitionem,
1131 1416 1188 1468 et
1233 1414 1580 1470 exactiorem
1632 1415 2238 1488 prmvestigationem?

592 1497 854 1555 humano
885 1502 1039 1557 enim
1076 1518 1236 1558 more
1267 1503 1352 1568 ﬁt,
1389 1507 1452 1558 ut
1480 1503 1579 1574 qui
1613 1503 1963 1576 palpantur,
2000 1504 2142 1561 nihil
2177 1506 2232 1560 in

593 1605 654 1644 se
688 1589 832 1660 ipsis
863 1590 1046 1646 celare
1079 1596 1320 1662 queant.
1357 1593 1610 1648 Pedibus
1643 1593 2029 1648 consimiliter
2056 1599 2112 1650 et
2146 1595 2234 1649 in-

593 1695 786 1748 cessu,
835 1680 1028 1735 venire
1074 1687 1399 1752 praestoque
1448 1683 1651 1738 adesse
1696 1683 2112 1754 significamus,
2163 1685 2236 1741 ad

590 1784 759 1839 opem
793 1768 1157 1840 supplicibus
1192 1771 1510 1840 ferendam,
1542 1772 1628 1827 vel
1661 1771 1857 1828 hostes
1890 1775 2235 1845 propulsan-

594 1857 721 1926 dos,
754 1857 840 1912 vel
874 1857 1031 1913 aliud
1065 1859 1292 1929 quidvis
1333 1859 1520 1916 simile
1559 1863 1872 1933 agendum,
1932 1869 2235 1934 propterea

595 1945 748 2017 quod
783 1947 1029 2016 pedibus
1073 1965 1138 2002 eo
1191 1949 1488 2019 pervenire
1534 1950 1848 2018 soleamus,
1897 1969 2009 2022 quo
2059 1953 2234 2007 desti-

591 2035 882 2092 navimus.
917 2037 1305 2108 Jurejurando
1336 2039 1538 2094 itidem
1573 2057 1749 2112 quam
1801 2041 1970 2096 ﬁrma
2021 2042 2094 2097 sit
2138 2057 2236 2097 vo-

592 2124 794 2181 luntas
843 2126 1034 2182 divina
1093 2128 1438 2198 ostenditur,
1486 2146 1591 2185 nos
1639 2130 1794 2185 enim
1844 2131 2237 2202 jurisjurandi

599 2214 880 2286 religione
911 2217 1136 2273 mutuis
1167 2219 1648 2274 conventionibus
1695 2221 1908 2275 nostris
1957 2221 2135 2276 robur
2180 2227 2238 2278 et

595 2305 826 2376 pondus
859 2305 1070 2362 addere
1101 2307 1533 2364 consuevimus.
1567 2310 1847 2364 Caeterum
1875 2308 1974 2365 irae
1996 2311 2235 2366 furoris-

595 2410 709 2466 que
742 2395 976 2450 nomine
1008 2396 1408 2468 signiﬁcamus
1433 2403 1650 2469 quanto
1680 2397 1833 2455 Deus
1856 2399 1987 2454 odio
2004 2399 2234 2470 habeat,

594 2490 999 2558 quantumque
1033 2495 1328 2544 aversetur
1359 2489 1584 2544 vitium.
1618 2489 1732 2545 Nos
1771 2489 1948 2559 enim,
1995 2491 2044 2546 si
2091 2491 2231 2563 quid

592 2578 792 2628 contra
824 2576 946 2642 fiat,
979 2593 1152 2647 quam
1187 2577 1356 2632 nobis
1386 2578 1666 2646 videatur,
1701 2578 1989 2649 indignari
2021 2583 2076 2635 et
2095 2596 2234 2635 suc-

585 2679 822 2720 censere
874 2664 1152 2721 solemus.
1216 2667 1322 2722 Per
1383 2667 1731 2723 oblivionem
1799 2669 2071 2740 denique,
2131 2686 2231 2740 per

580 2770 873 2822 somnum,
909 2759 967 2810 at
1014 2772 1113 2826 per
1159 2756 1652 2825 dormitationem,
1701 2757 1904 2813 dilatio
1954 2763 2230 2830 repetun-

581 2845 787 2900 darum
822 2847 892 2902 de
924 2847 1089 2903 hoste
1120 2865 1423 2919 poenarum
1457 2853 1512 2904 et
1550 2849 2086 2920 comperendinatio
2138 2850 2230 2904 in-

578 2935 876 3005 telligitur,
911 2935 1184 3007 solitique
1229 2937 1426 2992 auxilii
1482 2938 1863 2994 familiaribus
1911 2938 2125 2994 nostris
2173 2942 2252 2994 et~

585 3023 791 3079 amicis
825 3025 1139 3092 praestandi
1173 3025 1637 3096 procrastinatio.
1663 3025 1734 3082 Ut
1766 3027 1942 3083 simul
1966 3031 2023 3082 et
2045 3026 2224 3083 semel

582 3112 951 3179 concludam,
1005 3114 1308 3185 multaque
1358 3115 1558 3186 paucis
1605 3115 1998 3187 complectar;
2050 3117 2107 3172 in
2156 3117 2228 3172 iis

580 3200 856 3256 omnibus
883 3217 1010 3272 quae
1041 3203 1420 3274 corporaliter
1448 3205 1517 3259 de
1557 3204 1672 3260 Deo
1721 3205 2014 3274 dicuntur,
2065 3222 2224 3261 arca-

577 3302 689 3341 nus
721 3287 958 3358 quidam
992 3305 1203 3345 sensus
1244 3291 1550 3362 delitescit,
1583 3293 1682 3363 qui
1716 3309 1909 3348 rerum
1944 3296 2097 3350 inter
2119 3311 2226 3350 nos

577 3374 925 3432 usitatarum
959 3377 1197 3433 obtentu
1231 3395 1296 3434 ea
1329 3396 1457 3450 quae
1489 3397 1669 3452 supra
1690 3398 1796 3436 nos
1827 3387 1964 3437 sunt
1997 3384 2216 3450 edocet,

579 3463 692 3520 nisi
727 3464 870 3520 forte
905 3466 1044 3536 quid
1076 3467 1144 3522 de
1174 3467 1458 3538 corporali
1492 3469 1658 3524 Verbi
1691 3471 1784 3524 Dei
1841 3472 2090 3526 adventu
2137 3471 2229 3526 di-

584 3559 740 3609 ctum
767 3554 862 3610 sit.
898 3555 951 3610 Is
982 3556 1136 3612 enim
1171 3562 1360 3613 totum
1394 3558 1689 3614 hominem
1715 3560 1924 3629 induit,
1952 3565 2016 3616 ut
2035 3561 2227 3618 salvos

585 3660 691 3699 nos
726 3645 958 3711 faceret,
991 3646 1097 3702 hoc
1121 3651 1208 3702 est
1231 3648 1487 3703 animam
1514 3647 1843 3704 intellectus
1867 3651 2224 3724 participem,

583 3737 640 3788 et
668 3747 900 3804 corpus,
933 3751 1051 3790 una
1081 3751 1208 3791 cum
1244 3735 1316 3790 iis
1347 3753 1473 3808 quas
1513 3742 1732 3792 naturas
1778 3738 2048 3794 humanae
2093 3758 2224 3813 pro-

575 3827 704 3894 pria
743 3827 902 3889 sunt,
932 3824 1184 3896 denique
1212 3823 1508 3882 naturales
1534 3830 1590 3882 et
1637 3825 2038 3884 immutabiles
2090 3847 2226 3902 pas-

581 3927 793 3968 BIODBS.

1253 4080 1407 4136 CAP.
1451 4081 1572 4136 XL.

689 4203 760 4259 De
788 4203 1021 4276 angelis,
1053 4203 1225 4260 altera
1251 4204 1386 4261 libri
1423 4205 1583 4275 huius
1621 4211 1784 4280 parte
1819 4210 2115 4282 precipua.

652 4345 797 4409 Quia
825 4360 959 4401 vero
990 4346 1244 4418 primum
1277 4351 1674 4419 aeternumque
1705 4347 1903 4404 lumen
1940 4351 2090 4407 Deus
2132 4352 2223 4407 di-

577 4434 749 4502 citur,
802 4436 1123 4491 secundum
1181 4445 1396 4502 autem,
1447 4437 1680 4493 ordines
1740 4438 2081 4510 angelorum
2133 4441 2224 4496 in-

575 4522 802 4580 tellectu
862 4524 1110 4596 praediti,
1170 4527 1240 4580 de
1298 4526 1370 4580 iis
1425 4542 1660 4598 quoque
1712 4544 1893 4598 pauca
1965 4530 2224 4587 dicenda

581 4621 737 4668 sunt.

646 4701 897 4772 Angelus
953 4703 1208 4760 essentia
1263 4709 1354 4760 est
1410 4704 1710 4762 intellectu
1768 4709 2028 4778 praedita,
2091 4728 2217 4782 qua:

575 4804 810 4862 semper
838 4796 1120 4861 movetur,
1181 4792 1348 4847 liberi
1403 4794 1651 4862 arbitrii,
1705 4796 2063 4868 incorporea,
2121 4802 2220 4856 Dei

577 4879 904 4937 ministerio
935 4887 992 4936 et
1021 4881 1205 4938 cultui
1227 4883 1480 4949 addicta,
1505 4893 1842 4956 naturasque
1867 4887 2219 4946 immortalis

575 4987 680 5043 per
731 4971 979 5043 gratiam
1040 4973 1328 5044 particeps
1403 4974 1627 5032 effecta.
1711 4975 1893 5046 Cujus
1979 4979 2216 5049 quidem

573 5061 838 5117 essentia:
869 5079 997 5133 quas
1027 5063 1104 5118 sit
1134 5063 1341 5132 lorma,
1374 5064 1589 5136 quique
1619 5065 1902 5121 terminus
1923 5067 2028 5122 soli
2053 5072 2218 5126 Crea-

565 5151 677 5208 tori
709 5159 1075 5224 perspectum
1131 5158 1189 5209 et
1244 5153 1641 5224 exsploratum
1707 5158 1818 5210 est.
1873 5156 2219 5230 Incorporea

569 5258 741 5314 porro
799 5247 857 5297 et
913 5259 1120 5314 expers
1173 5243 1428 5297 materias
1483 5241 1718 5310 dicitur,
1791 5244 1840 5299 si
1910 5247 2217 5304 nobiscum

570 5333 925 5388 conferatur.
969 5333 1262 5405 Quidquid
1311 5331 1464 5388 enim
1514 5337 1603 5388 est
1652 5333 1709 5387 in
1761 5351 1956 5392 rerum
2008 5345 2221 5395 natura

577 5435 836 5476 crassum
869 5427 926 5478 et
957 5422 1253 5478 materiale
1285 5420 1761 5493 deprehenditur,
1804 5426 1855 5480 si
1921 5443 2050 5483 cum
2109 5431 2218 5485 Deo

575 5510 924 5577 conferatur,
958 5513 1057 5582 qui
1089 5511 1251 5568 solus
1299 5512 1370 5566 ab
1419 5512 1580 5569 omni
1627 5515 2029 5586 corporatione
2073 5516 2220 5574 liber

572 5604 632 5658 et
684 5597 968 5654 immunis
1019 5605 1236 5656 manet.
1295 5600 1591 5670 Siquidem
1657 5601 1810 5660 Deus
1884 5605 2047 5662 solus
2106 5612 2215 5677 est,

576 5684 680 5765 qui
736 5697 868 5742 vere
925 5685 997 5740 ab
1066 5687 1226 5744 omni
1298 5689 1546 5748 materia
1627 5697 1913 5766 remotus,
1991 5699 2050 5753 et
2119 5697 2216 5756 in-

1896 380 2202 442 NlCETzE
2245 379 2658 442 CHONIATE

3760 397 3862 459 1180

2267 515 2320 582 Α
2349 531 2664 588 corporeus
2721 514 2834 570 diei
2881 518 3086 585 potest.
3135 515 3382 586 Angelus
3428 534 3550 590 ergo
3601 528 3766 580 natura
3809 537 3867 588 est

2355 605 2616 669 rationis,
2669 603 3017 671 intellectus,
3075 608 3132 660 et
3188 604 3349 660 liberi
3405 609 3604 664 arbitrii
3648 617 3867 689 particeps,

2355 711 2480 764 quae
2509 694 2854 750 sententiam
2874 699 3098 750 mutare
3121 698 3325 766 potest,
3349 713 3442 751 seu
3466 704 3642 770 sponte
3661 707 3865 765 mutabilis

2355 788 2464 839 est.
2498 784 2792 855 Quidquid
2826 783 2980 839 enim
3013 789 3293 853 creatum,
3318 785 3460 841 idem
3483 791 3531 842 et
3553 791 3864 853 mutabilsest:

2351 873 2676 928 increatum
2712 871 2902 928 solum
2937 876 3024 928 est
3053 873 3430 930 immutabile.
3473 877 3597 932 Item
3657 882 3858 952 quidquid

2351 960 2576 1016 ratione
2606 960 2934 1031 praeditum,
2961 961 3121 1017 idem
3156 967 3212 1016 et
3241 960 3400 1018 liberi
3431 963 3628 1020 arbitrii
3651 972 3735 1022 est.
3767 974 3863 1034 Qua-

2351 1055 2522 1105 tenus
2570 1065 2706 1122 ergo
2756 1049 2996 1106 rationis
3050 1054 3107 1106 et
3163 1050 3481 1108 intellectus
3525 1054 3760 1128 particeps
3793 1068 3863 1129 est,

2349 1139 2519 1196 liberi
2553 1156 2785 1212 quoque
2815 1139 3038 1194 arbitrii
3071 1143 3197 1196 est:
3229 1145 3501 1212 quatenus
3544 1149 3704 1200 autem
3739 1156 3864 1204 creata

2349 1234 2457 1296 est,
2495 1229 2802 1285 mutationi
2830 1229 3006 1285 etiam
3038 1230 3289 1286 obnoxia
3324 1237 3426 1286 est.
3473 1235 3538 1287 Ut
3577 1234 3655 1288 cui
3695 1235 3859 1294 liberum

2348 1322 2403 1374 et
2436 1318 2727 1390 integrum
2760 1319 2839 1374 sit
2869 1335 3105 1375 manere
3137 1327 3191 1375 et
3223 1321 3486 1391 proiicere
3507 1323 3556 1376 in
3584 1323 3724 1394 bono,
3747 1332 3857 1396 atque

2348 1408 2405 1463 in
2431 1409 2685 1465 deterius
2705 1409 3026 1465 deﬂectere.
3058 1408 3436 1465 Pmnitudinis
3454 1415 3619 1467 autem
3639 1428 3775 1485 capax
3791 1432 3858 1470 non

2347 1505 2458 1567 est,
2485 1498 2617 1569 quia
2648 1497 3008 1569 incorporea.
3050 1499 3357 1554 Hominem
3386 1501 3527 1554 enim
3567 1507 3752 1572 propter
3783 1519 3858 1559 cor-

2346 1587 2504 1659 poris
2531 1588 2885 1644 debilitatem
2921 1588 3204 1661 pcenitere
3238 1593 3433 1660 potest.
3467 1591 3756 1647 Immortalis
3774 1611 3860 1664 prs-

2348 1683 2501 1733 terea
2531 1681 2638 1745 est,
2673 1681 2730 1732 at
2761 1695 2873 1734 non
2908 1683 3142 1746 natura,
3168 1679 3266 1733 sed
3286 1679 3482 1747 gratia.
3502 1679 3736 1751 Quidquid
3752 1682 3859 1736 enim

2346 1769 2539 1840 coepit.
2564 1769 2715 1824 idem
2739 1774 2797 1824 et
2817 1773 3021 1825 natura
3039 1769 3275 1839 desinit,
3292 1774 3348 1826 et
3371 1771 3436 1826 ad
3453 1770 3697 1826 interitum
3716 1772 3856 1826 tendit.

2345 1858 2512 1913 Solus
2544 1862 2736 1913 autem
2771 1858 2925 1914 Deus
2957 1863 3135 1915 aetern
3149 1877 3216 1914 us
3246 1864 3354 1924 est,
3386 1860 3513 1927 imo,
3542 1877 3686 1932 supra
3702 1877 3856 1914 omnem

2349 1949 2752 2018 aeternitatem,
2777 1965 2882 2004 nec
2904 1948 3058 2005 enim
3086 1949 3328 2021 tempori
3351 1950 3728 2020 subjicitur,sed
3744 1968 3858 2020 supra

2346 2040 2580 2109 tempus
2612 2037 2662 2093 is
2694 2043 2800 2108 est,
2826 2055 2858 2093 a
2889 2055 3002 2109 quo
3025 2045 3292 2110 tempora
3312 2039 3526 2094 condita
3546 2044 3673 2094 sunt.
3691 2039 3858 2094 Lumina

2347 2142 2518 2197 porro
2552 2127 2809 2181 secunda
2836 2125 3139 2182 intellectu
3173 2127 3424 2200 praedita,
3455 2144 3567 2198 quas
3593 2126 3853 2199 splendorem

2348 2233 2520 2272 suum
2555 2233 2587 2271 a
2618 2217 2802 2288 primo
2833 2217 3077 2286 lumine,
3114 2219 3269 2290 quod
3303 2219 3565 2290 principio
3613 2224 3746 2285 caret,
3776 2234 3858 2271 mu-

2346 2309 2508 2360 tuata
2539 2310 2700 2374 sunt,
2735 2323 2837 2362 nec
2857 2305 3062 2378 lingua
3085 2323 3190 2363 nee
3209 2307 3403 2363 auditu
3426 2311 3594 2378 egent,
3616 2307 3693 2363 sed
3707 2307 3850 2377 absque

2347 2394 2634 2450 sermonis
2667 2393 2841 2451 ullius
2874 2395 3202 2466 prolatione
3252 2397 3501 2468 proprios
3539 2395 3686 2451 animi
3721 2411 3852 2450 conce-

2345 2487 2482 2554 ptus
2506 2487 2562 2538 et
2587 2483 2912 2540 voluntates
2937 2485 3088 2541 inter
3107 2501 3177 2541 se
3197 2486 3612 2541 communicant.
3635 2486 3852 2555 ltaqueau-

2342 2571 2450 2643 geli
2480 2587 2684 2628 omnes
2707 2590 2740 2628 a
2770 2572 2956 2629 Verbo
2987 2575 3193 2642 creati,
3221 2580 3276 2630 et
3306 2593 3339 2630 a
3365 2575 3558 2647 Spiritu
3587 2581 3740 2629 sancto
3774 2589 3856 2626 san-

2342 2661 2691 2718 ctificatione
2724 2663 2965 2733 perfecti
2995 2671 3160 2732 sunt,
3195 2681 3295 2736 pro
3325 2664 3594 2734 dignitatis
3636 2667 3678 2716 et
3711 2662 3856 2716 ordinis

2341 2751 2712 2822 proportione
2743 2751 2978 2808 luminis
3009 2757 3066 2808 et
3103 2753 3310 2825 gratia:
3357 2753 3646 2824 participes.
3682 2751 3854 2805 Circum-

2340 2839 2543 2911 scripti
2577 2847 2714 2896 sunt
2740 2857 2752 2895 :
2779 2857 2912 2896 nam
2947 2841 2995 2898 si
3022 2841 3150 2897 sint
3176 2845 3232 2898 in
3256 2842 3409 2909 coelo,
3434 2859 3534 2896 non
3555 2839 3726 2896 suntin
3741 2847 3849 2898 terra,

2339 2936 2390 2984 et
2422 2928 2471 2984 si
2505 2945 2538 2984 a
2568 2929 2683 2985 Deo
2717 2931 2772 2984 in
2797 2935 3013 2986 terram
3047 2931 3448 2998 demittantur,
3475 2931 3524 2985 in
3550 2929 3665 2986 cmlo
3703 2943 3850 2998 nequa-

2339 3034 2514 3090 quam
2541 3024 2866 3088 remanent,
2895 3021 3214 3087 moenibus,
3239 3021 3432 3092 portis,
3453 3019 3696 3083 claustris,
3713 3013 3850 3080 sigillis

2339 3125 2455 3164 non
2490 3109 2939 3166 concluduntur.
2976 3112 3269 3167 Indeﬁniti
3301 3117 3448 3168 sunt.
3482 3108 3749 3165 lndeﬁnitos
3783 3121 3849 3159 au-

2337 3201 2456 3253 tem
2489 3198 2642 3264 dico,
2676 3215 2789 3255 non
2812 3199 2968 3255 enim
2995 3205 3173 3272 prout
3201 3205 3358 3271 sunt,
3388 3201 3461 3255 ita
3479 3199 3598 3255 viris
3620 3194 3766 3267 dignis
3786 3209 3848 3262 ap-

2340 3296 2564 3359 parent,
2602 3289 2816 3360 quibus
2858 3306 2958 3346 eos
3015 3307 3299 3361 apparere
3354 3290 3494 3346 Deus
3539 3285 3748 3347 voluerit,
3783 3280 3845 3336 sed

2337 3377 2763 3450 transflgurati,
2798 3383 2970 3449 prout
3003 3380 3153 3435 ferre
3185 3384 3438 3451 possunt,
3471 3377 3555 3449 qui
3579 3393 3658 3432 eos
3697 3375 3846 3426 intuen-

2335 3470 2452 3522 tur.
2485 3467 2631 3522 Nam
2666 3469 2820 3538 quod
2855 3468 3183 3525 increatum
3215 3474 3321 3540 est,
3353 3469 3494 3524 idem
3524 3476 3690 3522 natura
3711 3467 3748 3518 et
3763 3475 3843 3532 pro-

2335 3556 2459 3630 prie
2489 3557 2863 3614 indefinitum
2895 3564 3005 3614 est.
3037 3559 3246 3615 Omnis
3276 3564 3461 3616 autem
3503 3560 3716 3613 creatura
3747 3555 3843 3604 extra

2337 3646 2651 3701 essentiam
2684 3664 2716 3702 a
2746 3646 3014 3702 Creatore
3047 3664 3154 3702 suo
3189 3648 3474 3704 delinitur.
3507 3645 3652 3700 Iidem
3675 3634 3844 3696 sanctiﬁ-

2337 3735 2625 3790 cationem
2656 3753 2689 3791 a
2747 3741 2949 3792 sancto
2990 3737 3214 3808 Spiritu
3260 3737 3485 3801 habent,
3527 3733 3682 3788 divina
3716 3724 3841 3800 gratis

2334 3823 2753 3891 vaticinantur,
2809 3825 3030 3898 nuptiis
3090 3825 3531 3898 haudquaquam
3575 3823 3716 3891 egent,
3751 3827 3846 3868 mor-

2335 3913 2476 3970 tales
2506 3914 2662 3969 enim
2699 3931 2814 3970 non
2847 3919 3007 3971 sunt.
3038 3915 3147 3970 Sed
3180 3932 3311 3972 cum
3332 3915 3446 3971 sint
3464 3911 3683 3984 spiritus,
3705 3903 3842 3959 idcirco

2336 4001 2510 4058 etiam
2544 4002 2602 4057 in
2634 4002 2782 4059 locis
2815 4002 3130 4060 intellectui
3164 4003 3270 4060 soli
3301 4001 3502 4075 perviis
3531 3997 3744 4054 habitant,
3769 4004 3838 4043 non

2335 4095 2400 4146 ut
2428 4107 2668 4163 corpore
2709 4093 3304 4149 circumscribantur:
3356 4107 3453 4147 nec
3497 4088 3625 4144 enim
3658 4091 3841 4151 corpore!

2335 4183 2542 4236 natura
2576 4197 2679 4236 seu
2707 4181 2989 4238 exteriore
3019 4183 3206 4253 ﬁgura
3257 4181 3542 4253 efﬁgieque
3585 4171 3720 4229 dividi

2333 4274 2492 4338 sunt,
2525 4271 2626 4326 sed
2685 4271 2824 4342 quia
2880 4270 3178 4327 intellectu
3243 4271 3364 4327 solo
3421 4266 3592 4340 pervia
3631 4259 3838 4333 praesentia

2333 4364 2494 4427 sunt,
2537 4358 2810 4430 jussique
2866 4362 3287 4431 obsequuntur,
3343 4374 3440 4415 nec
3483 4371 3582 4412 uno
3626 4349 3840 4438 eodemquf

2331 4455 2622 4506 momento
2664 4449 2758 4505 hic
2816 4455 2870 4506 et
2930 4451 3049 4506 illic
3099 4468 3226 4508 esse
3273 4455 3328 4507 et
3373 4461 3586 4504 munere
3623 4455 3705 4497 suo
3739 4435 3838 4528 fungi

2333 4545 2602 4611 possunt.
2635 4541 2719 4594 An
2750 4545 2944 4595 autem
2981 4557 3150 4611 pares
3181 4538 3426 4596 essentia
3453 4537 3574 4600 sint,
3594 4547 3652 4586 an
3668 4539 3762 4581 vero
3778 4519 3836 4575 alii

2256 4624 2303 4686 D
2333 4629 2404 4684 ab
2435 4629 2565 4684 aliis
2598 4629 2888 4698 differant,
2923 4631 3234 4686 nescimus.
3277 4631 3436 4684 Solus
3488 4637 3656 4681 eorum
3692 4615 3836 4708 crfslff
3934 4625 3935 4671 ξ

2327 4722 2479 4774 Deus
2512 4720 2568 4774 id
2606 4720 2784 4786 novit,
2818 4697 2909 4774 cui
2943 4719 3121 4775 etiam
3155 4719 3347 4776 omnia
3363 4715 3575 4788 cognita
3592 4713 3714 4765 sunt.
3732 4697 3836 4796 Dille-

2329 4815 2464 4862 runt
2496 4815 2689 4863 autem
2721 4807 2820 4862 alii
2851 4808 2922 4862 ab
2955 4806 3088 4863 aliis
3121 4807 3420 4880 splendore
3473 4809 3523 4858 et
3562 4797 3734 4858 ordino,
3765 4799 3833 4841 51W

2329 4897 2593 4952 ordinem
2626 4901 2856 4952 servent
2879 4898 2956 4989 ad,
2977 4897 3366 4989 splendorem,
3397 4895 3504 4989 sive
3519 4884 3834 4989 splendore-llr
3931 4929 3933 4989 Α

2327 4986 2838 5058 tiantur,eumque
2864 4985 2960 5041 alii
2987 4987 3124 5042 altis
3144 4985 3568 5046 communicent,
3589 4985 3637 5031 ut
3655 4970 3829 5064 ordine-In

2331 5079 2694 5130 conservent.
2728 5075 2957 5131 Certum
2991 5084 3049 5130 et
3077 5081 3269 5132 autem
3303 5090 3396 5130 eos
3424 5070 3510 5142 qui
3539 5061 3716 5158 sunt
3744 5051 3832 5158 iule-

2328 5164 2582 5220 rioribus
2614 5163 2921 5220 ordinibus
2952 5170 3008 5221 et
3040 5164 3401 5238 splendorem
3449 5164 3497 5215 et
3546 5153 3828 5224 cognitionem
3930 5183 3931 5238 ἦ

2329 5254 2400 5310 ab
2429 5253 2501 5308 iis
2535 5254 2703 5324 quasi
2736 5271 2835 5324 per
2865 5271 3078 5311 manus
3110 5255 3378 5326 accipere,
3410 5247 3496 5320 qui
3523 5240 3831 5332 sunt

2329 5343 2604 5398 rioribus.
2639 5344 2837 5399 Fortes
2872 5352 3145 5415 praeterea
3175 5325 3330 5406 sunt,
3361 5346 3415 5394 et
3443 5331 3600 5410 parati
3625 5328 3679 5384 ad
3697 5325 3827 5423 dirius

2327 5433 2644 5488 voluntatis
2673 5435 3128 5500 exsecutionem,
3160 5430 3553 5497 confestimque
3587 5418 3753 5492 passim
3775 5418 3825 5460 η·

2328 5520 2660 5593 periuntur,
2694 5526 2853 5578 tanta
2883 5527 2972 5579 est
2998 5539 3200 5580 eorum
3233 5524 3436 5576 natura:
3465 5508 3822 5596 celeritas-fi“?

2327 5585 2557 5681 cunque
2573 5585 2806 5667 divinus
2827 5611 2958 5668 illos
2977 5616 3156 5668 nutus
3168 5585 3818 5685 amandaveritmustodiuut-

2327 5714 2437 5772 que
2483 5699 2751 5774 regiones
2785 5708 2968 5772 terra,
2997 5700 3268 5775 gentibus
3293 5700 3345 5755 et
3369 5691 3498 5754 locis
3515 5682 3822 5766 praelectum

2267 1889 2314 1954 Β

2267 3247 2310 3313 C
