4044 6212
287 388 439 455 1181
1630 392 1884 456 THESA

2095 390 2228 456 LIB.
2276 395 2354 456 Il.
3535 399 3692 463 1182

294 531 360 581 ut
389 525 642 581 Creatori
669 525 781 597 ipsi
817 524 1114 597 placuerit,
1164 529 1338 598 atque
1396 526 1473 582 ita
1507 542 1599 583 res
1651 527 1937 583 humanas
1964 526 2016 594 Α
2051 527 2390 598 participem
2429 527 2711 594 condidit,
2743 527 3003 600 angelos,
3067 529 3310 602 inquam
3371 535 3430 588 et
3478 548 3683 589 omnes

295 613 733 684 administrant,
767 615 1052 685 nobisque
1083 616 1382 686 suppetias
1431 617 1644 671 ferunt.
1677 615 1929 670 Omnino
2044 615 2307 673 caelestes
2338 619 2644 674 exercitus.
2681 620 2742 673 In
2803 619 2958 673 enim
3010 619 3188 675 dubio
3246 621 3441 689 procul
3474 631 3684 678 natura

289 711 485 760 autem
529 703 668 774 quia
697 719 764 758 ex
795 701 998 757 divinae
1017 703 1332 758 voluntatis
1367 708 1425 758 et
1469 703 1757 773 jussionis
1793 720 1934 774 pras-
2039 706 2370 762 intellectus
2412 708 2685 778 participe
2716 712 2774 763 et
2827 707 3170 779 incorporea
3237 711 3464 780 prmditi
3519 717 3678 767 sunt.

293 794 530 864 scripto,
561 809 740 863 supra
773 809 878 847 nos
909 796 1065 861 sunt,
1101 793 1332 864 Deoque
1362 809 1596 863 semper
1625 792 1928 849 assistunt.
2042 796 2408 866 Incorporea,
2445 798 2710 868 inquam.
2744 798 2792 852 si
2837 814 2971 853 cum
3007 799 3263 854 materias
3295 801 3684 858 crassitudine

291 882 536 952 Insuper
567 881 835 952 quamvis
867 882 937 935 ad
989 881 1208 936 malum
1265 883 1360 936 vix
1419 887 1782 947 moveantur,
1814 898 1931 936 non
2043 886 2392 944 conferatur.
2421 886 2566 942 Nam
2619 887 2780 942 solus
2833 889 2982 942 Deus
3031 904 3228 944 revera
3271 891 3526 946 materiai
3587 908 3686 947 ex-

290 975 485 1025 tamen
518 969 853 1025 immobiles
886 974 1046 1025 sunt.
1079 971 1242 1026 Nunc
1275 977 1465 1027 autem
1500 974 1676 1027 etiam
1709 972 1928 1026 immo-
2044 989 2177 1046 pers
2207 980 2265 1031 et
2292 975 2669 1048 incorporeus
2699 982 2809 1033 est.
2839 977 3058 1033 Deinde
3114 994 3248 1034 vero
3297 995 3424 1035 eam
3458 997 3687 1052 quoque

289 1062 441 1117 biles
474 1069 732 1127 manent,
768 1078 882 1116 non
915 1067 1148 1130 natura,
1181 1064 1280 1119 sed
1321 1064 1527 1135 gratia,
1565 1072 1617 1118 et
1648 1063 1771 1134 Dei,
1830 1063 1929 1134 qui
2043 1065 2354 1120 essentiam
2397 1066 2636 1134 creavit,
2663 1084 2786 1138 quae
2817 1069 2928 1122 sub
2959 1083 3200 1124 sensum
3242 1069 3416 1137 cadit,
3450 1069 3682 1138 cmlum,

291 1150 455 1207 solus
481 1151 666 1205 bonus
690 1158 797 1219 est,
832 1151 1122 1221 praesidio.
1157 1151 1336 1207 Deum
1382 1152 1582 1207 vident
1613 1155 1787 1224 prout
1844 1152 1929 1206 eis
2041 1153 2306 1224 inquam,
2339 1158 2575 1225 terram,
2604 1162 2661 1211 et
2691 1173 2816 1226 quas
2859 1156 2916 1211 in
2976 1174 3176 1212 eorum
3219 1159 3411 1214 medio
3463 1159 3682 1229 jacent,

287 1237 676 1310 permittitur,
710 1237 937 1310 hocque
974 1241 1236 1296 ciborum
1286 1240 1410 1296 vice
1450 1240 1685 1296 habent.
1743 1241 1930 1311 Supra
2042 1247 2218 1314 atque
2249 1243 2409 1300 illam
2443 1245 2680 1317 quidem
2721 1245 3014 1317 propriam
3049 1251 3107 1302 et
3163 1247 3513 1303 familiarem
3569 1249 3680 1320 (fa-

287 1344 395 1384 nos
426 1328 1310 1401 sunt,tanquamincorporei,et
1332 1329 1402 1384 ab
1434 1329 1593 1386 omni
1628 1328 1929 1384 atiectione
2044 1332 2302 1388 miliaria
2348 1333 2501 1388 enim
2561 1333 2677 1390 Deo
2737 1337 2949 1390 natura
3009 1334 3104 1390 illa
3138 1341 3246 1402 est,
3297 1353 3427 1407 quos
3462 1338 3687 1393 ratione

287 1431 564 1488 corporea
590 1415 902 1487 liberi,non
938 1423 1133 1474 tamen
1157 1418 1554 1491 impatibiles:
1591 1418 1753 1474 solus
1771 1418 1924 1473 enim
2042 1420 2224 1476 utitur
2244 1421 2486 1492 solaque
2517 1426 2712 1478 mente
2760 1424 3323 1497 comprehenditur),
3356 1426 3506 1482 hanc
3545 1443 3678 1483 vero

285 1506 444 1562 Deus
475 1505 841 1578 impatibilis.
899 1508 1425 1564 Transformantur
1481 1513 1674 1564 autem
1737 1509 1792 1562 in
1845 1507 1926 1577 id,
2037 1509 2429 1580 undecunque
2487 1511 2965 1580 remotissimam,
3028 1529 3155 1583 qute
3244 1515 3520 1570 nimirum
3572 1515 3682 1570 sub

283 1595 675 1666 quodcunque
700 1595 985 1652 Dominus
1016 1597 1170 1652 Deus
1193 1597 1461 1668 jusserit,
1494 1602 1671 1668 atque
1720 1597 1800 1652 ita
1831 1597 1929 1652 ho-
2038 1613 2273 1654 sensum
2307 1598 2495 1654 cadat.
2529 1600 2660 1656 Jam
2690 1617 2822 1657 vero
2855 1618 2922 1656 ex
2962 1602 3226 1673 utrisque
3279 1604 3474 1660 mistio
3529 1621 3678 1676 quaa-

287 1684 544 1738 minibus
568 1689 870 1754 apparent,
889 1684 1093 1756 eisque
1123 1687 1319 1742 divina
1344 1689 1620 1760 mysteria
1649 1686 1924 1744 revelant.
2037 1687 2171 1742 dam
2199 1688 2562 1744 etformanda
2591 1694 2736 1755 erat,
2770 1695 2834 1744 ut
2889 1695 3044 1747 esset
3083 1692 3324 1762 majoris
3383 1694 3678 1763 sapientiae

286 1775 350 1830 In
384 1774 526 1830 ccelo
556 1780 886 1842 versantur,
912 1777 1128 1848 unique
1173 1779 1250 1834 rei
1286 1780 1427 1834 dant
1453 1795 1712 1851 operam,
1747 1777 1921 1831 nimi-
2037 1784 2092 1831 et
2133 1777 2577 1848 magnificentia:
2624 1795 2819 1834 rerum
2871 1779 3225 1836 naturalium
3274 1781 3568 1852 specimen
3623 1787 3680 1838 et

281 1881 408 1919 rum
443 1871 501 1919 ut
538 1865 713 1920 Deum
747 1864 1008 1933 laudent,
1041 1871 1098 1923 et
1126 1868 1335 1925 divinae
1368 1870 1494 1941 ejus
1521 1867 1800 1925 voluntati
1823 1869 1925 1922 ob-
1957 1898 2004 1962 Β
2037 1865 2290 1936 insigne,
2324 1868 2723 1938 utGregorius
2753 1868 3085 1941 Theologus
3107 1870 3270 1937 ait,et
3299 1871 3468 1941 quasi
3517 1887 3674 1942 quao-

274 1958 618 2026 sequantur.
1957 1955 1999 1962 "
2037 1957 2171 2009 dam
2205 1955 2510 2026 utriusque
2540 1963 2758 2012 natura:
2809 1958 3166 2028 conjunctio,
3208 1961 3336 2030 ejus
3376 1960 3680 2031 nimirum,

914 2064 1077 2122 CAP.
1112 2066 1254 2122 XLL
2036 2061 2163 2114 qua:
2194 2043 2442 2100 visibilis
2497 2049 2608 2113 est,
2643 2050 2699 2102 et
2757 2047 2880 2116 ejus
2914 2064 3039 2118 quas
3105 2065 3221 2103 non
3279 2047 3527 2104 videtur.
3573 2051 3682 2105 Par

265 2148 606 2207 Ilierarchiae
660 2156 927 2224 synopsis.
959 2155 1195 2226 Angelos
1251 2161 1552 2222 creaturas,
1607 2171 1717 2208 non
1775 2170 1862 2210 ore

2080 2137 2176 2202 rat,
2212 2133 2474 2204 inquam,
2529 2143 2586 2188 ut
2639 2135 2978 2203 hujusmodi
3037 2137 3356 2207 specimine
3407 2137 3677 2192 voluntas

655 2222 805 2285 teres
828 2243 960 2296 esse,
990 2222 1184 2283 contra
1213 2227 1520 2283 Sethianos.
2033 2222 2324 2279 Creatoris
2380 2223 2790 2279 innotesceret.
2851 2225 2979 2279 Haec
3032 2226 3184 2280 enim
3261 2224 3675 2281 decentissima

344 2321 849 2385 Quemadmodum
873 2323 1064 2373 autem
1119 2318 1530 2374 sanctissimus
1575 2317 1694 2385 ille,
1727 2333 1924 2373 saera-
2034 2312 2123 2367 lex
2153 2316 2210 2368 et
2267 2313 2466 2385 regula
2523 2318 2633 2380 est,
2665 2314 2734 2368 ad
2769 2315 2933 2384 cujus
2992 2315 3396 2386 praescriptum
3447 2316 3670 2371 exami-

279 2408 685 2481 tissimusqua,
720 2425 948 2464 necnon
993 2407 1051 2462 in
1084 2408 1258 2463 rebus
1315 2407 1657 2479 theologicis
1715 2405 1925 2462 exerci-
2034 2402 2228 2456 nanda
2278 2406 2416 2458 sunt
2444 2401 2661 2457 omnia.
2697 2401 2760 2455 Et
2806 2417 2976 2457 nemo
3034 2402 3268 2473 quidem
3302 2419 3367 2458 eo
3426 2402 3671 2460 vesaniae

274 2498 602 2554 latissimus
629 2497 944 2569 Dionysius
978 2497 1327 2568 Areopagita
1353 2495 1925 2569 testatur,theologia
2032 2492 2322 2562 procedet,
2358 2495 2422 2544 ut
2451 2491 2780 2546 Creatorem
2808 2508 2980 2548 suum
3012 2491 3097 2547 sic
3146 2492 3502 2564 interroget:
3558 2491 3673 2548 Cur

271 2587 486 2654 omnis,
521 2603 622 2642 seu
679 2585 980 2656 Scriptura
1039 2601 1224 2648 sacra,
1259 2601 1462 2639 novem
1519 2584 1779 2641 caelestes
1840 2601 1926 2640 es-
2030 2580 2113 2635 ita
2147 2597 2239 2635 me
2269 2579 2584 2636 formasti?
2611 2581 2804 2636 Potest
2831 2581 2988 2637 enim
3021 2581 3239 2651 tigulus
3295 2597 3362 2636 ex
3394 2581 3515 2637 luto
3564 2598 3670 2638 suo

271 2675 497 2730 sentias
531 2673 836 2745 expressit.
868 2673 976 2728 Eas
1007 2672 1238 2727 divinus
1269 2672 1364 2728 ille
1395 2689 1586 2728 rerum
1622 2690 1921 2728 sacrarum
2029 2669 2190 2725 varia
2220 2685 2357 2725 vasa
2389 2670 2864 2741 ﬁngere,quibus
2889 2671 3187 2742 sapientia:
3220 2688 3338 2726 suae
3371 2672 3668 2743 specimen

272 2763 715 2818 administrator
732 2763 920 2819 tribus
955 2763 1226 2818 ternariis
1257 2762 1562 2818 ordinibus
1590 2763 1918 2835 distinguit.
2030 2761 2165 2815 edat
2194 2760 2327 2831 (15).

273 2853 464 2922 Atque
509 2852 776 2907 omnium
829 2851 1081 2922 primum
1128 2852 1294 2906 illum
1354 2868 1481 2909 esse
1539 2853 1764 2921 statuit,
1822 2852 1922 2925 qui
2103 2849 2242 2905 Cum
2278 2849 2394 2905 haec
2426 2849 2506 2905 ita
2536 2867 2598 2906 se
2625 2849 2899 2918 habeant,
2931 2867 3000 2906 ex
3039 2851 3253 2908 visibili
3303 2857 3358 2908 et
3387 2850 3666 2907 invisibili

273 2940 459 2996 Deum
494 2941 880 2998 circumstare
911 2957 1165 3013 semper,
1189 2941 1358 3014 eique
1411 2941 1683 3014 contigue
1713 2946 1769 2997 et
1799 2941 1920 2997 im-
2028 2943 2242 2994 natura
2273 2939 2566 2995 hominem
2601 2940 2850 3012 pr0priis
2899 2941 3172 2997 manibus
3218 2942 3288 2996 ad
3348 2941 3664 3013 imaginem

275 3029 528 3085 mediate
558 3030 834 3102 conjungi
862 3030 1064 3087 fertur.
1107 3031 1160 3086 Is
1183 3030 1323 3085 ordo
1360 3034 1448 3086 est
1475 3033 1583 3083 τῶν
1616 3030 1918 3103 Seraphim
2028 3035 2086 3083 et
2115 3029 2561 3085 similitudinem
2595 3045 2758 3085 suam
2791 3030 3025 3098 creavit,
3060 3015 3300 3103 corpore
3339 3031 3573 3102 quidem
3633 3046 3665 3087 e

271 3135 372 3174 sex
405 3119 526 3174 alas
579 3119 949 3188 habentium,
981 3127 1034 3174 et
1066 3119 1521 3176 multoculorum
1581 3120 1918 3192 Cherubim,
2027 3123 2181 3174 terra
2214 3118 2483 3184 formato,
2515 3118 2712 3175 anima
2761 3135 2892 3174 vero
2944 3119 3192 3176 rationis
3235 3127 3293 3175 et
3340 3119 3666 3176 intellectus

270 3209 519 3280 denique
560 3209 1072 3265 sanctissimorum
1132 3211 1522 3266 Thronorum.
1576 3211 1910 3267 Secundum
1943 3262 1982 3282 η
2027 3207 2308 3279 participe
2349 3209 2398 3263 ei
2434 3210 2667 3280 proprio
2700 3210 3035 3266 sufﬂamine
3074 3210 3473 3282 infusa,quod
3532 3209 3665 3281 qui-

271 3262 1389 3370 aea.easeas...amisii;
1409 3262 1910 3358 1.;“pgsgzga'a:
1942 3262 1985 3323 ο
2025 3262 2158 3352 ἓιεηι
2195 3262 2415 3352 divinae
2434 3262 3663 3372 uagas“ganges:senatus...

265 3390 522 3446 Tertium
580 3396 636 3446 et
687 3390 956 3447 ultimum
1019 3391 1480 3464 Principatuum,
1517 3391 1908 3465 Archangelo-
2021 3387 2168 3442 Illud
2198 3387 2376 3458 enim,
2407 3388 2478 3443 ad
2510 3387 2848 3460 imaginem,
2891 3391 3006 3449 vim
3041 3388 3200 3445 illam
3248 3389 3482 3454 indicat,
3533 3405 3657 3460 qum

265 3495 400 3534 rum
433 3483 490 3534 et
519 3479 876 3552 Angelorum
911 3497 1038 3537 esse
1069 3482 1170 3537 ait.
2019 3479 2348 3534 intellectus
2381 3477 2668 3550 particeps
2703 3479 3002 3551 liberoque
3023 3479 3265 3535 arbitrio
3286 3479 3523 3543 praedita
3545 3482 3654 3534 est.

339 3569 466 3624 Jam
504 3570 804 3625 nonnullis
825 3570 1058 3626 videtur
1087 3570 1219 3626 illos
1250 3576 1383 3627 ante
1426 3575 1751 3627 creaturam
1783 3588 1908 3628 om-
2019 3573 2138 3624 Hoc
2168 3573 2387 3636 autem,
2423 3569 2490 3623 ad
2526 3567 2996 3636 similitudinem,
3033 3570 3144 3625 vim
3197 3569 3360 3625 illam
3401 3569 3653 3636 denotat,

268 3673 400 3712 nem
433 3659 698 3714 conditos
749 3659 950 3725 fuisse,
985 3664 1047 3714 ut
1093 3660 1400 3730 Gregorius
1447 3659 1777 3732 Theologus
1831 3659 1910 3714 ait
2019 3675 2146 3731 quas
2179 3657 2388 3713 divinae
2427 3657 2684 3728 virtutis,
2709 3659 2900 3730 quoad
2941 3661 3072 3729 ejus
3103 3658 3226 3714 ﬁeri
3254 3661 3462 3728 potest,
3493 3655 3659 3710 simi-

265 3746 359 3802 his
389 3747 616 3804 verbis:
653 3747 911 3804 Primum
960 3749 1253 3822 angelicas
1286 3754 1342 3805 et
1370 3750 1634 3806 ccelestes
1663 3750 1908 3807 virtutes
2017 3747 2327 3804 litudinem
2349 3748 2541 3804 refert.

258 3835 320 3890 in
385 3837 580 3893 animo
637 3842 847 3905 versat,
899 3843 1076 3910 atque
1143 3839 1416 3911 cogitatio
1475 3839 1575 3895 illa
1642 3841 1701 3895 in
1759 3857 1906 3912 opus
2563 3854 2714 3910 CAP,
2749 3853 3112 3909 XLII-XLIV.

260 3927 475 3982 evadit.
504 3927 647 3984 Aliis
675 3934 868 3984 autem
901 3944 1000 3986 eos
1026 3933 1156 4000 post
1179 3930 1432 4000 primum
1465 3930 1676 3986 calum
1707 3931 1853 3986 cond

2088 3945 2334 4001 Hominis
2352 3952 2552 4016 partes,
2585 3948 2635 3998 et
2664 3945 2914 4015 pristina
2975 3942 3285 4012 qualitates.
3335 3939 3584 4011 Spiritus

257 4018 348 4072 tos
385 4016 565 4072 fuisse
607 4015 846 4088 placuit.
899 4018 1066 4074 Certe
1116 4023 1249 4074 ante
1307 4027 1563 4074 creatum
1604 4019 1904 4075 hominem
2354 4015 2362 4016 7
2727 4020 2777 4069 et
2805 4029 2953 4070 caro.

261 4105 530 4160 conditos
554 4121 725 4160 nemo
757 4123 870 4161 non
908 4107 1150 4162 fatetur.
1189 4107 1306 4176 Ego
1353 4123 1488 4162 vero
1543 4106 1600 4161 in
1644 4107 1906 4178 Gregorii
2086 4105 2365 4160 Caeterum
2407 4121 2619 4174 corpus
2651 4107 2706 4158 et
2762 4103 2960 4159 anima
2998 4102 3174 4158 simul
3215 4101 3461 4158 fcrmata
3491 4105 3650 4170 sunt,

252 4193 536 4264 Theolcgi
594 4195 944 4249 sententiam
1007 4195 1256 4265 pedibus
1304 4209 1392 4250 eo.
1462 4193 1761 4265 Siquidem
1816 4213 1903 4250 ra-
2015 4210 2130 4250 non
2159 4199 2353 4248 autem
2388 4191 2532 4247 illud
2558 4191 2795 4264 quidem
2828 4192 3012 4262 prius,
3037 4192 3153 4246 haec
3183 4207 3316 4246 vero
3348 4191 3653 4262 posterior,

255 4281 399 4337 tioni
431 4287 896 4338 consentaneum
931 4287 1078 4350 erat,
1114 4289 1178 4337 ut
1238 4283 1426 4354 primo
1476 4284 1600 4339 loco
1653 4285 1906 4338 essentia
2018 4288 2080 4338 ut
2101 4282 2379 4352 Origenes
2405 4281 2804 4336 deliramentis
2854 4280 2978 4336 suis
3014 4279 3228 4349 voluit;
3263 4281 3460 4352 itaque
3500 4282 3650 4337 Deus

251 4369 553 4426 intellectu
591 4371 835 4441 praedita
866 4377 1182 4436 crearetur,
1215 4374 1340 4425 tum
1407 4370 1616 4426 deinde
1671 4387 1738 4426 ea
1775 4387 1903 4442 quas
2013 4370 2312 4426 hominem
2345 4370 2562 4426 creavit
2583 4386 2820 4441 purum,
2849 4375 3096 4436 rectum,
3130 4371 3360 4440 fortem,
3383 4370 3651 4440 hilarem,

251 4475 466 4515 sensus
499 4461 786 4532 particeps
817 4467 925 4529 est,
959 4463 1133 4532 atque
1164 4459 1247 4514 ita
1279 4460 1511 4516 demum
1561 4477 1629 4516 ex
1659 4465 1904 4532 utraque
2013 4477 2310 4528 securum,
2369 4457 2530 4514 nulla
2584 4476 2698 4515 non
2749 4460 2962 4516 virtute
3034 4469 3326 4529 ornatum,
3377 4459 3655 4516 omnibus

251 4549 429 4604 homo
460 4552 1123 4606 conﬂaretur.Cteterum
1149 4549 1187 4604 ii
1221 4550 1320 4620 qui
1367 4549 1607 4622 angelos
1637 4550 1900 4606 essentia:
2016 4550 2184 4606 bonis
2212 4550 2633 4616 abundantem,
2663 4549 2832 4622 quasi
2863 4551 3173 4621 quemdam
3225 4551 3509 4606 mundum
3570 4567 3657 4605 se-

247 4637 569 4707 cujuslibet
608 4644 898 4695 creatores
938 4639 1118 4695 fuisse
1144 4643 1468 4710 autumant,
1505 4640 1562 4694 id
1603 4639 1895 4711 effutiunt,
1932 4625 1978 4690 Ι)
2011 4640 2289 4709 cundum,
2326 4639 2386 4695 in
2417 4655 2630 4712 magno
2656 4655 2932 4711 parvum:
2977 4640 3156 4696 alium
3194 4640 3466 4713 angelum
3508 4640 3650 4696 ado-

249 4727 408 4799 quod
441 4733 598 4798 pater
629 4727 896 4784 diabolus
930 4728 1015 4783 eis
1061 4728 1337 4800 suggerit.
1372 4733 1514 4784 Cum
1546 4729 1701 4785 enim
1735 4745 1894 4786 crea-
2006 4735 2272 4802 ratorem,
2307 4729 2573 4798 mistum,
2597 4747 2794 4786 earum
2817 4733 3212 4787 creaturarum
3235 4731 3651 4802 inepectorem,

254 4821 403 4872 tura:
435 4819 570 4886 sint,
622 4822 915 4873 creatores
956 4834 1072 4873 non
1118 4823 1274 4874 sunt.
1309 4818 1416 4882 Qui
1450 4823 1643 4876 autem
1700 4819 1898 4876 omnia
2007 4837 2132 4892 qua:
2175 4820 2362 4877 oculis
2421 4820 2846 4891 subjiciuntur:
2905 4836 3104 4876 earum
3148 4825 3341 4876 autem
3375 4837 3500 4892 quas
3541 4818 3652 4875 soli

244 4905 407 4973 fecit,
438 4908 710 4963 omnibus
746 4907 1029 4979 providet,
1078 4907 1276 4962 omnia
1324 4909 1582 4964 continet
1634 4908 1810 4974 Deus,
1845 4909 1898 4964 is
2007 4914 2346 4983 cogitationi
2379 4917 2602 4986 patent,
2627 4913 2984 4985 discipulum
3014 4931 3028 4969 :
3061 4929 3252 4984 regem
3288 4929 3487 4968 eorum
3521 4927 3652 4982 quae

244 5013 402 5053 unus
450 4999 742 5053 increatus
801 5001 915 5062 est,
956 4997 1051 5066 qui
1106 4997 1216 5052 sub
1266 4997 1478 5063 Patris,
1528 5002 1586 5054 et
1638 4997 1790 5065 Filii,
1839 5003 1897 5054 et
2007 5001 2066 5056 in
2100 5006 2254 5059 terra
2285 5008 2460 5060 sunt:
2501 5003 2648 5074 Regi
2687 5020 2940 5074 superno
2998 5001 3326 5069 subditum,
3359 5005 3654 5056 terrenum

245 5086 504 5158 Spiritus
570 5086 759 5142 sancti
822 5083 1059 5141 nomine
1122 5084 1398 5142 laudibus
1458 5086 1786 5145 celebratur
1840 5094 1898 5144 et
2005 5096 2063 5147 et
2093 5092 2408 5162 ccelestem,
2442 5093 2750 5148 mortalem
2808 5100 2861 5147 et
2907 5090 3325 5158 immortalem,
3357 5087 3645 5146 visibilem

250 5176 632 5247 gloriﬁcatur.

2048 5181 2385 5238 tintellectu
2443 5180 2901 5253 perceptibilem,
2937 5179 3189 5236 medium
3253 5180 3406 5234 inter
3460 5177 3645 5235 subli-

887 5283 1042 5338 CAP.
1079 5283 1254 5341 XLII,
2007 5270 2270 5326 mitatem
2301 5276 2359 5326 et
2390 5270 2809 5338 humilitatem,
2841 5269 3113 5325 eumdem
3165 5273 3221 5325 et
3277 5269 3548 5340 spiritum
3589 5273 3646 5323 et

247 5372 323 5428 De
355 5371 596 5427 homine.
630 5373 888 5428 Essentiae
944 5373 1168 5428 divisio.
1229 5374 1495 5442 Imagz'nis
1528 5381 1580 5429 et
1633 5375 1844 5430 similia

2046 5376 2272 5415 arnem:
2309 5377 2541 5416 carnem
2578 5360 3098 5430 quidem,propter
3118 5359 3643 5415 extuberationem:

315 5444 468 5499 diuis
498 5446 556 5498 in
577 5444 678 5498 Deo
709 5442 1053 5514 diﬂerentia.
1097 5443 1348 5514 Origem's
1376 5448 1820 5502 deliramentum.
2005 5449 2279 5523 spiritum
2313 5466 2470 5516 vero,
2503 5453 2742 5522 propter
2800 5448 3080 5519 gratiam:
3125 5449 3431 5519 partimfut
3462 5448 3646 5520 patia-

311 5536 477 5590 Hunc
502 5548 636 5605 ergo
665 5532 726 5588 in
754 5534 992 5590 modum
1025 5533 1181 5590 Deus
1211 5535 1525 5593 essentiam
1559 5537 1894 5596 intellectus
2000 5543 2117 5610 tur,
2179 5539 2516 5611 patiensque
2583 5537 3015 5610 commoneﬁat,
3074 5541 3132 5595 et
3190 5538 3510 5610 erudiatur,
3571 5539 3644 5598 ad

307 5724 421 5816 (15)
446 5723 676 5787 Alludit
704 5725 776 5788 ad
809 5724 1003 5788 locum
1035 5722 1096 5790 Β.
1127 5721 1317 5802 Pauli,
1348 5721 1616 5786 Rom.1x.
