4044 6212
402 367 556 431 1183

1709 354 1832 416 NIC
1841 354 2017 416 ETAI'.
2060 353 2261 418 GHON
2271 353 2484 414 ΙΑΤιΕ

3664 342 3823 404 1184

397 498 815 559 sublimitatem
852 511 1062 568 magno
1089 493 1284 549 studio
1319 491 1504 547 anniti
1534 494 1799 562 op0rtere
1831 507 1844 546 :
1908 507 2042 562 par-
2072 496 2128 564 Α
2159 490 2319 547 ribus
2348 493 2696 557 conflantur,
2720 491 2777 543 et
2798 488 2857 541 in
2888 484 3121 541 eosdem
3169 479 3565 537 resolvuntur.
3626 475 3816 568 Quid-

394 593 500 649 tim
535 595 598 645 ut
631 594 978 662 perseveret,
1031 588 1087 640 et
1135 584 1460 639 Creatorem
1516 580 1838 636 beneﬁcum
1871 579 2044 649 glori-

405 683 572 736 ﬁcet:
607 678 823 734 animal
857 675 1011 748 quod
1035 674 1129 729 hic
1160 673 1419 744 quidem,
1453 671 1510 725 id
1555 675 1645 725 est
1675 670 1732 724 in
1769 669 2044 740 praasenti

400 771 539 837 vita,
572 769 892 841 gubernat:
928 765 1039 820 alio
1071 762 1405 830 autem,hoc
1434 765 1522 815 est
1553 761 1612 814 in
1646 762 1904 814 futurum
1935 775 2044 813 sa:-

401 859 620 927 culum,
658 855 1072 928 transmigrat:
1109 851 1594 922 tandemque,qui
1627 850 1806 904 totius
1841 857 2047 920 myste-

399 949 470 1004 rii
529 947 664 1002 ﬁnis
727 954 814 1002 est
870 945 1066 999 divino
1129 943 1370 998 numine
1422 943 1565 995 deus
1621 939 1832 995 evadit.
1867 938 2044 1008 Deus,

401 1037 670 1108 inquam,
701 1036 841 1106 quia
863 1033 1042 1088 divini
1067 1031 1398 1104 splendoris
1431 1029 1720 1100 particeps
1752 1026 2041 1083 efﬁcitur:

403 1135 596 1182 atnon
629 1127 685 1181 in
720 1125 974 1180 divinam
1007 1121 1217 1177 transit
1273 1120 1612 1176 essentiam.
1662 1117 1891 1174 Creavit
1944 1115 2044 1170 ho-

400 1217 616 1272 minem
650 1215 804 1270 Deus
836 1232 870 1269 a
901 1217 1132 1285 peccato
1164 1218 1369 1266 natura
1397 1208 2048 1278 immunem,voluntate

398 1305 668 1361 liberum.
701 1305 1052 1375 (Immunem
1085 1319 1118 1356 a
1148 1305 1382 1372 peccato
1411 1301 1562 1367 dico,
1605 1316 1720 1354 non
1755 1297 1891 1369 quia
1925 1312 2048 1367 pec-

399 1395 509 1450 cati
543 1411 720 1466 capax
751 1411 863 1449 non
898 1392 1005 1447 sit:
1040 1391 1202 1447 solus
1231 1390 1386 1446 enim
1421 1390 1566 1444 Deus
1599 1389 1818 1458 peccati
1845 1402 2044 1457 capax,

403 1501 519 1541 non
548 1490 670 1540 est:
725 1484 823 1540 sed
858 1483 1028 1552 cujus
1068 1480 1128 1535 in
1160 1485 1314 1536 terra
1362 1482 1666 1551 peccatum
1713 1494 1825 1532 non
1857 1476 2046 1531 esset:

401 1575 523 1630 imo
555 1575 614 1628 in
646 1572 946 1629 voluntate
971 1570 1188 1642 potius)
1239 1571 1357 1625 sive
1387 1569 1470 1624 ita
1524 1570 1951 1638 comparatum,
1985 1568 2050 1620 ut

404 1679 772 1736 perseverare
802 1666 978 1732 atque
1011 1660 1068 1714 in
1102 1660 1254 1714 bono
1281 1659 1578 1730 proﬁcere,
1615 1656 1809 1711 divina
1843 1669 2048 1724 coope-

401 1757 563 1808 rante
599 1751 805 1824 gratia,
866 1750 1184 1820 itidemque
1243 1767 1274 1803 a
1326 1749 1476 1804 bono
1533 1746 1601 1801 ad
1638 1744 1880 1815 malum,
1933 1743 2046 1798 Deo

402 1843 800 1914 permittente,
837 1847 1069 1912 propter
1097 1838 1345 1894 liberum
1407 1835 1731 1902 arbitrium,
1759 1834 2050 1890 declinare
2081 1854 2126 1918 Β

399 1935 614 2005 posset.
653 1930 768 1986 Nec
799 1929 954 1986 enim
980 1929 1164 1984 virtus
1186 1932 1274 1983 est
1295 1927 1376 1992 id,
1410 1926 1560 1999 quod
1587 1925 1638 1980 vi
1672 1925 1754 1980 ﬁt.

1044 2055 1201 2110 CAP.
1245 2051 1400 2108 XLV.

621 2166 699 2220 De
727 2164 938 2230 anima,
973 2165 1171 2230 mente,
1207 2166 1258 2217 et
1285 2160 1445 2216 rebus
1475 2158 1828 2230 incorporeis.

473 2271 653 2343 Igitur
685 2271 883 2326 anima
905 2275 994 2326 est
1029 2269 1283 2325 essentia
1311 2266 1529 2334 vivens,
1555 2265 1819 2336 simplex,
1850 2265 2042 2320 incor-

399 2381 596 2436 porea,
633 2365 804 2434 cujus
828 2361 1064 2434 propria
1094 2364 1317 2415 natura
1347 2357 1636 2428 corporeis
1672 2357 1858 2412 oculis
1889 2355 2046 2411 cerni

402 2473 520 2512 non
548 2462 759 2528 potest,
789 2452 1165 2521 immortalis,
1191 2451 1433 2508 rationis
1463 2455 1520 2505 et
1550 2449 1879 2505 intellectus
1911 2466 2042 2521 par-

404 2546 612 2616 ticeps,
654 2545 841 2616 ﬁgura
873 2559 1107 2599 carens:
1143 2558 1270 2613 qua:
1321 2556 1581 2613 corpore,
1619 2548 1895 2611 tanquam
1954 2538 2042 2592 in-

404 2637 752 2697 strumento,
828 2633 1032 2700 utitur,
1091 2631 1259 2702 eique
1324 2632 1526 2694 vitam,
1600 2628 2043 2693 incrementum,

407 2740 668 2792 sensum,
704 2722 940 2795 vimque
971 2722 1385 2794 generalricem
1427 2720 1726 2792 suggerit:
1789 2722 2044 2774 mentem

404 2813 460 2868 in
487 2814 702 2886 seipsa,
738 2830 852 2868 non
887 2816 1168 2882 tanquam
1203 2811 1497 2866 diversum
1557 2809 1720 2880 quid,
1755 2807 1854 2863 sed
1912 2813 2045 2863 tan-

403 2918 577 2974 quem
613 2903 989 2975 purissimam
1019 2901 1107 2956 sui
1158 2903 1402 2972 partem,
1444 2898 1836 2970 complectens
1868 2897 2045 2969 (quod

401 2993 556 3048 enim
591 2992 793 3048 oculus
825 2991 884 3047 in
944 3005 1204 3062 corpore,
1231 2989 1287 3044 id
1323 3006 1488 3045 mens
1537 2993 1627 3044 est
1680 2988 1738 3042 in
1803 2987 2044 3058 anima),

406 3083 574 3138 liberi
609 3081 859 3148 arbitrii,
889 3081 1082 3136 liberae
1115 3080 1434 3136 voluntatis
1465 3085 1523 3135 et
1583 3079 1865 3136 actionis:
1917 3095 2045 3133 mu-

405 3171 603 3228 tabilis
634 3187 736 3228 seu
771 3171 1080 3227 mutationi
1111 3170 1258 3228 ultro
1289 3170 1558 3241 obnoxia,
1595 3171 1732 3242 quia
1763 3167 2042 3225 nimirum

408 3265 602 3316 creata
633 3265 740 3316 est.
769 3260 899 3316 Haec
947 3261 1143 3316 omnia
1205 3260 1568 3328 naturaliter,
1613 3259 1895 3315 Creatoris
1951 3257 2044 3314 sui

407 3349 598 3422 gratia
654 3354 711 3405 et
761 3349 1063 3419 beneﬁcio,
1095 3349 1335 3421 accepit,
1369 3349 1507 3420 quia
1564 3349 1803 3420 quidem
1863 3349 2050 3421 gratia

409 3437 518 3504 illi,
550 3443 608 3494 et
631 3439 784 3509 quod
808 3443 917 3505 est,
953 3439 1105 3509 quod
1156 3439 1238 3494 ita
1291 3439 1630 3494 naturaliter
1676 3442 1786 3509 est,
1821 3439 2047 3510 obtigit.

408 3532 539 3584 Jair.
572 3545 639 3585 ea
693 3546 822 3600 quae
882 3528 1245 3600 incorporea,
1273 3532 1328 3583 et
1383 3527 1722 3598 invisibilia,
1750 3534 1807 3584 et
1851 3530 2050 3602 figuris

409 3618 671 3692 expertia
720 3621 880 3684 sunt,
913 3618 1162 3688 :duobus
1211 3618 1399 3674 modis
1443 3617 1906 3688 consideramus,
1940 3617 2053 3673 alia

411 3725 480 3764 ex
509 3709 785 3775 essentia,
814 3707 927 3763 alia
956 3725 1020 3764 cx
1053 3709 1261 3780 gratia,
1294 3714 1348 3763 et
1389 3706 1486 3762 illa
1508 3707 1738 3778 quidem
1773 3707 1851 3762 ita
1880 3710 2052 3762 natu-

415 3799 616 3855 raliter
646 3798 1132 3870 comparata,haac
1158 3814 1292 3854 vero
1315 3797 1481 3870 quasi
1515 3798 1586 3853 ad
1622 3798 1874 3853 materias
1896 3813 2054 3853 cras-

415 3889 734 3945 situdinem
820 3887 1174 3945 accedentia.
1235 3890 1434 3960 Itaque
1493 3887 1551 3944 in
1613 3889 1733 3945 Deo
1787 3888 2054 3960 incorpo-

420 3994 611 4046 reum,
645 3981 892 4034 natura:
939 3979 997 4033 in
1049 3976 1274 4050 angelis
1331 3982 1548 4046 autem,
1591 3979 1956 4034 daemonibus
2001 3980 2058 4032 et

417 4067 630 4124 animis
660 4069 848 4141 gratia
889 4067 1124 4137 dicitur,
1181 4073 1354 4140 atque
1407 4067 1771 4140 bujusmodi,
1805 4072 1866 4124 ut
1921 4083 2056 4123 cum

420 4156 673 4213 materiae
698 4157 1087 4213 crassitudine
1118 4157 1461 4214 afﬁnitatem
1487 4159 1799 4230 quamdam
1825 4158 2057 4214 habent.

1057 4283 1207 4338 CAP.
1242 4281 1435 4338 XLVI.

673 4394 740 4450 De
762 4409 1010 4465 corpore,
1042 4390 1344 4457 elementis,
1375 4398 1432 4448 et
1471 4391 1809 4448 humoribus.

2153 580 2290 651 quid
2325 579 2480 634 enim
2514 576 2906 648 compositum
2939 578 3047 641 est,
3071 572 3129 627 in
3165 570 3264 626 illa
3305 570 3434 640 ipsa
3464 583 3534 622 ex
3583 565 3814 636 quibus

2153 673 2402 739 constat,
2431 667 2668 724 tandem
2701 664 2910 722 resolvi
2941 663 3110 719 solet.

2769 790 2926 846 CAP.
2957 787 3176 844 XLVII.

2156 902 2386 958 Homini
2445 900 2577 974 quid
2605 916 2730 955 cum
2789 899 3080 974 inanimis,
3125 897 3317 961 brutis,
3353 898 3419 974 _ct
3479 891 3818 960 intelligen-

2547 974 2646 1029 tiae
2672 971 2964 1043 capaczbus
2993 983 3277 1025 commune
3309 967 3406 1020 sit.

2225 1079 2534 1135 Sciendum
2567 1096 2738 1152 porro
2768 1082 2857 1134 est
2886 1075 3110 1133 homini
3169 1073 3391 1145 aliquid
3423 1087 3561 1127 cum
3629 1069 3815 1124 rebus

2156 1169 2431 1224 inanimis
2460 1184 2773 1224 commune
2803 1184 2951 1237 esse,
2982 1180 3230 1236 eumque
3278 1165 3406 1217 vita;
3439 1177 3577 1216 cum
3612 1159 3813 1214 brutis

2155 1258 2590 1330 participem,et
2616 1274 2750 1313 cum
2782 1257 2857 1314 iis
2887 1274 3014 1327 quae
3046 1254 3273 1311 ratione
3305 1255 3559 1307 utuntur
3593 1247 3821 1304 intelli-

2155 1349 2349 1420 gentia
2407 1348 2718 1420 prwditum
2762 1363 2911 1404 esse.
2954 1346 3176 1417 Corpus
3226 1343 3380 1399 cnim
3440 1346 3497 1396 et
3556 1343 3820 1412 quatuor

2153 1439 2574 1494 elementorum
2608 1440 3132 1509 temperamentum
3168 1431 3499 1490 communia
3550 1445 3694 1484 cum
3727 1444 3818 1483 rev

2154 1526 2266 1582 bus
2299 1526 2576 1582 inanimis
2608 1526 2804 1582 habet.
2838 1526 2980 1581 Cum
3014 1523 3230 1597 plantis
3260 1538 3413 1587 vero,
3450 1529 3667 1592 praeter
3707 1534 3816 1573 suo

2155 1632 2258 1686 pra
2319 1616 2498 1682 dicta,
2564 1615 2668 1672 has
2728 1631 2961 1687 quoque
3049 1612 3374 1676 facultates,
3447 1608 3819 1673 nutritivam,

2155 1705 2559 1776 vegetativam,
2594 1710 2651 1760 et
2680 1704 3448 1777 generativam,communes
3481 1698 3816 1770 experitur.

2153 1802 2297 1850 Cum
2333 1795 2514 1850 brutis
2545 1795 2706 1862 item,
2734 1799 2942 1867 praeter
2963 1799 3095 1849 ante
3126 1793 3304 1860 dicta,
3337 1795 3392 1847 et
3448 1789 3571 1844 hac
3601 1791 3820 1844 aucta-

2155 1883 2226 1937 rii
2268 1883 2390 1938 vice
2440 1885 2624 1938 eidem
2667 1888 3029 1952 accrescunt,
3083 1883 3401 1954 appetitus,
3436 1896 3534 1934 seu
3572 1878 3818 1934 animo-

2151 1971 2314 2040 sitas,
2373 1978 2434 2028 et
2503 1973 2997 2044 concupiscentia,
3059 1971 3269 2028 deinde
3348 1985 3585 2036 sensus,
3669 1971 3803 2021 tum

2150 2063 2386 2118 demum
2420 2063 2490 2118 ad
2525 2079 2645 2118 rem
2688 2063 3053 2135 concupitam
3087 2068 3302 2118 motus.
3332 2061 3553 2116 Sensus
3598 2062 3803 2114 autem

2152 2153 2412 2225 quinque
2464 2158 2623 2221 sunt,
2657 2153 2839 2219 visus,
2886 2154 3155 2222 olfactus,
3188 2152 3451 2219 auditus,
3484 2157 3702 2222 gustus
3744 2153 3802 2204 et

2152 2247 2360 2298 tactus.
2391 2244 2625 2300 Concito
2684 2243 2784 2300 illo
2813 2244 2885 2299 ad
2943 2260 3066 2299 rem
3097 2241 3475 2313 concupitam
3510 2242 3676 2295 motu
3712 2239 3802 2304 ﬁt,

2152 2337 2217 2386 ut
2244 2349 2274 2389 e
2300 2332 2424 2389 loco
2455 2333 2514 2388 in
2546 2333 2740 2389 locum
2773 2337 3176 2400 transeat,toto
3206 2347 3447 2403 corpore
3469 2332 3799 2389 moveatur,

2150 2443 2287 2482 voce
2320 2431 2375 2482 et
2433 2427 2814 2498 respiratione
2853 2432 3068 2484 utatur.
3102 2432 3322 2482 Horum
3382 2423 3545 2479 enim
3598 2421 3816 2478 facien-

2153 2516 2362 2572 dorum
2423 2517 2507 2572 vel
2567 2518 3027 2573 omittendorum
3077 2515 3260 2572 libera
3311 2514 3560 2570 facultas
3627 2513 3814 2567 insita

2154 2606 2323 2662 nobis
2354 2610 2460 2663 est.
2496 2607 2637 2677 Ejus
2686 2607 2937 2678 denique
2986 2607 3166 2678 partis
3228 2604 3436 2660 animas
3491 2601 3809 2665 beneﬁcio,

2154 2713 2283 2767 quae
2341 2695 2584 2752 rationis
2634 2701 2724 2752 est
2787 2697 3098 2768 particeps,
3149 2695 3377 2750 naturis
3436 2691 3810 2763 incorporeis

2154 2783 2653 2857 intelligentiaque
2685 2785 2939 2857 praeditis
2969 2783 3362 2856 conjungitur,
3395 2798 3532 2837 cum
3567 2778 3808 2852 singula

2154 2874 2470 2946 perpendit,
2506 2874 2778 2946 intelligit
2807 2877 2863 2930 et
2906 2874 3181 2946 judicat;
3238 2888 3493 2943 cumque
3549 2870 3802 2924 virtutes

2154 2967 2210 3019 et
2240 2963 2529 3035 imprimis
2561 2965 2858 3037 pietatem,
2889 2965 3171 3020 virtutum
3223 2961 3634 3032 colophonem,
3669 2975 3804 3014 am-

2153 3053 2442 3126 plectitur.
2475 3056 2600 3121 Qua
2629 3055 2808 3110 etiam
2841 3055 2914 3110 de
2958 3070 3136 3111 causa
3169 3052 3339 3108 homo
3371 3067 3591 3122 parvus
3625 3065 3806 3104 mun-

2153 3144 2265 3199 dus
2298 3148 2410 3199 est.

2757 3252 2907 3308 CAP.
2951 3251 3194 3308 XLVIII.

2224 3358 2357 3427 Qum
2401 3357 2617 3429 corpori
2661 3367 2737 3440 et
2762 3360 2968 3440 qnimw
3006 3358 3236 3440 proprio
3262 3358 3401 3425 sint,
3447 3370 3574 3427 quae
3599 3355 3738 3412 item

2679 3431 2899 3502 utrique
2928 3446 3102 3487 comm
3113 3431 3266 3486 unfa.

2225 3538 2543 3594 Sciendum
2576 3543 2666 3595 est
2691 3546 2887 3595 autem
2917 3540 3254 3606 sectionem,
3289 3539 3542 3606 ﬂuxum,
3576 3542 3634 3592 et
3676 3553 3808 3592 mn-

2157 3628 2438 3684 tationem
2467 3627 2576 3684 soli
2635 3629 2867 3700 corpori
2901 3627 3226 3685 convenire.
3263 3628 3509 3683 Mutatio
3561 3627 3804 3698 quidem

2156 3717 2460 3788 qualitatis
2490 3721 2598 3782 est,
2623 3717 2903 3773 nimirum
2936 3717 3166 3784 caloris,
3198 3715 3453 3788 frigoris,
3487 3720 3547 3771 et
3572 3721 3806 3770 cetero-

2157 3823 2289 3862 rum
2320 3807 2377 3862 id
2410 3823 2615 3880 genus.

2232 3895 2444 3953 Fluxus
2502 3902 2700 3953 autem
2729 3898 2801 3954 ad
2851 3896 3190 3953 vacuitatem
3243 3895 3604 3951 referendus.
3669 3895 3806 3948 Eva-

2160 3989 2410 4042 cuantur
2429 3987 2583 4043 enim
2615 4003 2702 4053 ea,
2737 4003 2865 4059 quas
2890 3986 3047 4043 sicca
3076 3989 3134 4042 et
3166 3984 3406 4040 humida
3439 3989 3601 4054 sunt,
3632 3989 3809 4055 atque

2160 4076 2434 4148 spiritus:
2467 4093 2721 4147 quorum
2755 4075 3072 4148 repletione
3121 4091 3331 4146 corpus
3379 4079 3531 4145 eget.
3564 4073 3646 4128 Ex
3696 4090 3808 4144 quo

2163 4167 2228 4222 ﬁt
2251 4171 2312 4222 ut
2362 4167 2544 4222 fames
2575 4170 2632 4223 et
2681 4166 2806 4222 sitis
2862 4164 3230 4221 naturalibus
3259 4162 3678 4219 affectionibus
3717 4177 3814 4219 ac—

2162 4260 2533 4312 censeantur.
2555 4256 2774 4311 Animis
2815 4259 3036 4319 autem,
3066 4254 3251 4326 pietas
3309 4259 3364 4308 et
3423 4251 3812 4322 intelligentia

2163 4346 2410 4418 propria:
2441 4353 2596 4402 sunt.
2629 4345 2889 4402 Virtutes
2924 4361 3058 4400 vero
3090 4348 3148 4399 et
3195 4342 3422 4414 corpori
3483 4347 3541 4398 et
3597 4343 3815 4398 animae

2165 4442 2302 4491 sunt
2344 4451 2721 4492 communes:
2776 4451 2909 4491 cum
2966 4433 3088 4489 haec
3139 4448 3370 4504 quoque
3422 4432 3495 4486 ad
3555 4433 3813 4488 animam

490 4501 746 4598 ϐοΪῬυδ,
782 4505 977 4598 Ψεθω
1004 4505 1124 4598 ,⁸⁵1⁵
1147 4501 1333 4598 ,_q“f_’d
1699 4501 2062 4598 ἀίωθῗείοξξθ
2091 4580 2132 4598 ἢ
2165 4525 2484 4584 evehuntur
2503 4531 2785 4598 tanquam
2813 4524 3009 4580 anima
3041 4500 3601 4595 corporewabutatur.

419 4594 666 4656 constat,
690 4589 969 4644 nimirum
1002 4588 1724 4660 longitudine,latitudine,
1750 4593 2055 4662 profundi-
2087 4580 2135 4645 D

419 4684 538 4736 tate
568 4682 627 4734 et
661 4676 1071 4734 crassitudine.
1126 4677 1406 4734 Caeterum
1459 4695 1670 4751 corpus
1719 4697 1892 4736 omne
1917 4697 2059 4751 qua-

421 4779 550 4827 tuor
590 4785 660 4825 ex
693 4768 1042 4824 humoribus
1085 4767 1398 4824 conﬂatum
1457 4773 1564 4825 est.
1619 4771 1930 4827 Sciendum
1974 4777 2063 4829 est

419 4860 708 4917 elementa
733 4862 982 4930 quatuor
1007 4874 1154 4926 esse,
1181 4861 1390 4914 terram
1425 4859 1639 4915 siccam
1664 4865 1720 4916 et
1751 4860 2059 4933 frigidam:

414 4966 629 5024 aquam
672 4947 940 5022 frigidam
971 4952 1028 5003 et
1077 4947 1402 5017 humidam,
1438 4964 1630 5004 aerem
1662 4948 1971 5005 humidum
2007 4955 2063 5007 et

418 5042 716 5101 calidum:
750 5039 943 5111 ignem
975 5037 1230 5095 calidum
1275 5042 1333 5093 et
1380 5039 1632 5104 siccum;
1676 5039 1891 5110 quibus
1951 5040 2063 5097 hu-

420 5149 612 5190 mores
644 5133 897 5203 quatuor
927 5145 994 5185 ex
1015 5129 1300 5185 diametro
1334 5129 1717 5200 respondent:
1752 5133 1878 5186 atra
1907 5131 2061 5187 enim

426 5223 482 5278 bi
543 5223 733 5290 lis,um
766 5221 919 5278 sicca
949 5223 1026 5277 sit
1081 5226 1138 5277 et
1167 5220 1398 5294 frigida,
1432 5224 1635 5275 terrae:
1688 5219 1896 5291 pituita
1960 5222 2063 5278 fri-

422 5311 558 5383 gida
588 5317 646 5368 et
674 5312 935 5380 humida,
963 5328 1125 5383 aqua
1154 5328 1168 5367 :
1231 5309 1472 5383 sanguis
1517 5309 1798 5365 humidus
1837 5314 1894 5366 et
1923 5312 2061 5368 cali-

428 5401 562 5465 dus,
587 5403 704 5458 aeri
729 5419 743 5458 :
786 5402 931 5459 ﬂava
964 5402 1097 5458 bilis
1118 5401 1307 5458 calida
1329 5404 1386 5458 et
1441 5401 1616 5469 sicca,
1659 5399 1782 5473 igni
1811 5401 1968 5459 velut
1998 5420 2066 5462 ex

429 5487 712 5547 diametro
741 5492 1074 5567 respondet.

492 5574 700 5646 Itaque
731 5582 960 5640 fructus
990 5598 1060 5639 ex
1085 5581 1413 5648 elementis,
1443 5581 1724 5639 humores
1757 5586 1955 5640 autem
2009 5584 2065 5639 et

416 5661 734 5736 fructibus,
765 5671 1150 5728 animantium
1180 5671 1433 5748 denique
1491 5687 1734 5744 corpora
1761 5687 1832 5729 ex
1862 5670 2065 5730 humo-

2792 4649 2944 4706 CAP.
2976 4648 3168 4705 XLIX.

2557 4759 2902 4816 Facultatum
2938 4759 3147 4813 anima
3195 4755 3412 4812 divisio.

2239 4865 2553 4920 Sciendum
2585 4869 2695 4934 est,
2719 4880 2846 4921 eam
2875 4863 3084 4919 animae
3119 4867 3367 4934 partem,
3399 4878 3524 4934 quas
3564 4862 3815 4919 rationis

2169 4958 2259 5010 est
2289 4955 2604 5027 particeps,
2633 4956 2681 5010 ei
2716 4969 2986 5026 praeesse,
3021 4969 3146 5025 quas
3181 4952 3424 5008 rationis
3468 4967 3682 5023 eXpers
3713 4959 3822 5008 est.

2170 5043 2464 5115 Siquidem
2509 5043 2757 5099 facultas
2805 5043 3014 5098 animae
3066 5040 3285 5113 duplex
3332 5049 3439 5096 est.
3486 5039 3616 5096 Alia
3660 5042 3820 5097 enim

2174 5133 2423 5190 racionis
2463 5150 2664 5205 capax,
2696 5132 2809 5189 alia
2869 5133 3060 5188 bruta.
3089 5131 3222 5186 Jam
3286 5131 3467 5186 bruta:
3527 5131 3825 5187 facultatis

2173 5224 2286 5280 duo
2315 5227 2453 5279 sunt
2473 5239 2706 5295 genere.
2732 5221 2924 5278 Unum
2957 5237 3182 5287 earum,
3208 5238 3333 5291 quas
3367 5222 3556 5276 bruta:
3579 5224 3825 5277 omnino

2175 5317 2313 5368 sunt
2345 5329 2448 5369 nec
2471 5312 2684 5368 rationi
2719 5313 3032 5368 obediunt:
3096 5310 3347 5366 alterum
3407 5327 3640 5379 earum,
3697 5329 3826 5382 quas

2174 5402 2384 5458 rationi
2444 5401 2882 5473 quodammodo
2936 5403 3162 5472 parent.
3225 5398 3406 5454 Bruta
3458 5401 3706 5456 omnino
3759 5417 3826 5456 ea

2173 5509 2308 5563 pars
2331 5495 2443 5561 est,
2475 5508 2598 5562 quis
2645 5489 2840 5547 vitalis
2865 5494 2922 5546 et
2949 5487 3321 5545 constrictiva
3373 5486 3612 5556 dicitur,
3675 5489 3818 5545 item

2174 5581 2526 5654 generativa,
2561 5581 2811 5653 denique
2852 5577 3252 5652 germinativa,
3278 5593 3404 5650 quas
3447 5577 3597 5633 aiias
3631 5580 3823 5635 nutri-

2174 5669 2292 5728 tiva
2322 5675 2582 5730 vocatur.
2605 5671 2718 5729 Sub
2741 5686 2867 5744 quas
2893 5685 2961 5729 ea
2990 5683 3222 5742 quoque
3271 5665 3823 5742 comprehenditur,
