4044 6212
306 375 458 436 “85

1649 364 2049 437 THESAURI
2093 366 2245 429 LIB.
2291 370 2372 430 II.

3561 389 3716 452 H86

303 525 476 583 quam
509 509 889 581 vegetativam
944 511 1156 583 vulgus
1212 514 1402 576 vocat,
1435 515 1491 566 et
1521 527 1649 583 quas
1699 519 1942 577 corpora
1976 501 2024 567 Α
2056 499 2388 590 telligentiae
2418 521 2598 578 capax
2647 511 2935 581 est,quem
2994 511 3435 590 αὐτοάνθρωπον,
3487 520 3594 578 hoc
3627 532 3711 583 est

303 601 588 657 efl'ormat.
623 600 751 654 Haec
809 601 962 655 enim
996 617 1110 656 non
1169 601 1410 670 ratione,
1461 601 1562 656 sed
1617 602 1827 654 natura
1859 609 1950 649 re-

304 696 546 764 guntur.
581 691 720 761 Ejus
753 695 945 745 autem
989 707 1116 761 qua:
1177 690 1385 746 rationi
1437 693 1598 762 paret
1652 688 1776 742 duas
1811 689 1950 740 sunt

301 781 548 851 species,
590 780 878 849 cupiditas
920 785 977 835 et
1029 781 1396 837 animositas.
1449 779 1729 834 Castorum
1783 776 1950 830 bruta

301 869 401 924 illa
432 885 567 940 pars
614 869 822 923 animas
854 869 1025 940 vulgo
1059 869 1382 924 affectativa
1410 873 1467 924 et
1514 867 1829 939 appetitiva
1862 865 1947 919 di-

301 959 472 1012 citur.
505 957 817 1013 Sciendum
852 963 1124 1029 praeterea
1155 965 1262 1024 est,
1297 958 1371 1012 ad
1404 957 1612 1012 rationi
1647 959 1946 1026 parentem

297 1047 482 1101 bruttn
514 1046 808 1102 facultatis
836 1047 1043 1102 anima:
1075 1052 1321 1120 partem,
1342 1046 1508 1102 illum
1541 1060 1775 1117 quoque
1805 1059 1945 1100 con-

298 1137 478 1191 citum
511 1136 583 1191 ad
633 1151 754 1191 rem
783 1140 1040 1208 optatam
1077 1141 1298 1192 motum
1328 1135 1526 1191 referri
1559 1133 1766 1190 solere.

988 1261 1147 1316 CAP.
1188 1263 1249 1314 L.

296 1371 471 1427 Plura
496 1369 560 1426 de
609 1385 836 1438 corpore
865 1373 914 1424 et
942 1368 1154 1423 anima.
1191 1373 1267 1424 De
1294 1369 1498 1423 anima:
1529 1365 1944 1422 immortalitate

541 1445 592 1496 et
626 1444 846 1509 natura,
866 1449 1133 1513 quatenus
1162 1439 1377 1512 corpori
1398 1441 1690 1510 jungatur.

371 1549 787 1606 Immortalitas
817 1548 1042 1604 homini
1074 1548 1362 1620 acquisita
1391 1551 1504 1616 est,
1537 1547 1636 1620 qui
1670 1545 1938 1618 quamvis

294 1641 371 1696 sit
402 1638 746 1696 naturaliter
779 1638 1062 1708 mortalis,
1112 1637 1318 1693 anima:
1380 1645 1567 1692 tamen
1602 1635 1938 1707 praestantia

294 1732 638 1802 consequitu
651 1747 676 1784 r
690 1737 750 1784 ut
768 1729 844 1782 im
858 1727 1201 1783 mortalibus
1222 1727 1498 1783 assideat.
1526 1726 1706 1798 Igitur
1727 1725 1934 1782 animae

294 1825 524 1888 natura,
559 1823 622 1874 ut
655 1819 1008 1890 quibusdam
1043 1817 1258 1888 placuit
1288 1818 1533 1887 perfecta
1562 1817 1691 1887 ejus
1720 1815 1929 1888 ipsius,

2060 588 2254 662 ipsum
2287 608 2384 648 seu
2421 596 2740 665 perfectum
2782 598 3079 656 hominem
3126 603 3167 657 ii
3197 588 3422 675 vocant,
3457 611 3558 681 qui
3591 614 3711 670 for-

2061 697 2287 777 marum
2320 685 2815 777 speculationibus
2847 690 3062 746 addicti
3105 701 3262 751 sunt.
3298 697 3479 756 Homo
3514 703 3710 777 itaque

2060 771 2268 842 triplex
2313 778 2420 828 est.
2456 773 2616 830 Unus
2647 776 2879 847 quidem
2934 781 3119 855 νοερὸς
3184 783 3578 860 intelligentia;
3609 771 3709 850 (Ξει-

2059 876 2188 930 pax,
2222 860 2388 932 isque
2420 864 2751 922 uniformis.
2811 867 2971 924 Alter
3020 887 3151 927 vero
3201 873 3422 948 λογικὸς
3464 881 3706 941 rationis

2058 950 2368 1022 particeps,
2440 954 2603 1026 isque
2661 957 2988 1030 tripertitus
3057 967 3110 1017 et
3170 964 3382 1036 triplici
3433 970 3708 1030 facultate

2059 1041 2358 1109 praeditus.
2413 1047 2635 1100 Tertius
2709 1047 2962 1120 denique
3020 1049 3358 1124 αἴσθητικός,
3433 1061 3704 1118 sensibus

2057 1128 2348 1222 addictus,
2404 1130 2572 1222 isque
2632 1136 3012 1195 multiformis
3049 1149 3102 1196 et
3161 1146 3376 1200 varius.
3413 1147 3475 1202 Id
3508 1166 3701 1222 porro,

2055 1220 2210 1288 quod
2245 1221 2626 1278 ratiocinatur
2656 1229 2711 1280 et
2730 1229 3296 1302 contemplatur,nos
3327 1234 3439 1306 ipsi
3471 1220 3699 1296 sumus.

2052 1306 2167 1362 Nec
2221 1311 2374 1366 enim
2409 1312 2728 1385 quidquam
2777 1317 2927 1372 inter
2956 1336 3061 1375 nos
3095 1325 3151 1376 et
3207 1323 3461 1380 animam
3495 1328 3697 1383 discri-

2051 1397 2226 1455 minis
2257 1405 2368 1455 est.

2707 1525 2862 1582 CAP.
2909 1527 3050 1583 LIII.

2047 1626 2336 1715 Demente
2365 1631 2660 1715 eranima,
2709 1633 3047 1715 (ercorum
3097 1639 3312 1710 aliquot
3367 1642 3683 1715 philosopho

2081 1713 2212 1752 rum
2241 1699 2306 1754 de
2335 1702 2545 1759 animae
2573 1712 2626 1759 et
2651 1699 2891 1777 corporis
2919 1699 3301 1766 coniunctione
3323 1699 3655 1788 sententias.)

2122 1813 2197 1868 Ex
2227 1816 2564 1887 sapientum
2617 1822 2945 1879 Graecorum
2981 1841 3224 1882 numero
3272 1829 3429 1886 Plato
3459 1831 3695 1902 quidem

292 1915 350 1965 et
399 1908 766 1964 dimensione
819 1924 1023 1963 carens
1055 1906 1311 1962 essentia
1348 1910 1436 1961 est
1483 1922 1495 1960 :
1532 1921 1657 1976 qua:
1704 1904 1928 1976 corpori
1970 1882 2016 1947 Β
2049 1908 2105 1958 et
2143 1906 2475 1964 Aristoteles
2534 1910 2792 1968 animam
2838 1930 3078 1985 corpore
3134 1921 3415 1988 tanquam
3467 1882 3696 1977 instru-

294 2007 570 2070 tanquam
619 1997 813 2052 currui
865 1996 1100 2051 insidet.
1135 1995 1280 2059 Quia
1309 2011 1440 2050 vero
1488 1994 1602 2049 vita
1634 1993 1733 2049 toti
1766 1995 1932 2050 suffi-

290 2089 515 2154 cienda,
546 2092 602 2144 et
631 2088 755 2143 suis
778 2088 834 2142 id
869 2087 1025 2142 \elut
1055 2086 1285 2158 angulis
1329 2084 1930 2141 circumscribendum

292 2182 397 2246 est,
422 2194 488 2232 ea
518 2179 588 2233 de
619 2193 795 2232 causa
827 2177 1020 2247 ipsum
1056 2179 1334 2248 permeat,
1371 2175 1478 2230 hoc
1508 2178 1596 2229 est
1627 2174 1928 2242 dividitur,

289 2276 342 2323 et
374 2283 472 2337 per
503 2267 766 2338 singulas
798 2267 925 2336 ejus
954 2271 1146 2338 partes
1179 2264 1548 2332 diffunditur,
1573 2264 1928 2333 profundum

284 2359 414 2428 ejus
445 2362 501 2412 et
525 2357 886 2428 superficiem
914 2372 982 2410 ex
1008 2372 1174 2427 aequo
1205 2354 1493 2421 animans,
1527 2358 1702 2423 atque
1735 2354 1928 2424 ipsum

285 2446 523 2517 quidem
557 2445 669 2500 sibi
698 2443 808 2514 ipsi
870 2440 1319 2505 circumscribit,
1349 2441 1398 2496 ei
1450 2450 1642 2495 autem
1673 2440 1926 2512 seipsam

280 2535 456 2590 certis
488 2535 708 2588 finibus
740 2531 1157 2588 accommodat.

955 2657 1106 2712 CAP.
1158 2657 1247 2712 LI.

272 2771 415 2824 Item
441 2767 506 2824 de
542 2768 748 2823 anima.
799 2764 1132 2850 Angelorum
1157 2768 1208 2819 et
1259 2763 1580 2818 animarum
1633 2761 1929 2818 creatiom‘:

1015 2844 1185 2891 ratio.

346 2965 469 3022 Una
517 2981 650 3019 cum
681 2962 1078 3033 angelicorum
1129 2960 1367 3031 quidem
1401 2960 1675 3015 ordinum
1709 2957 1923 3030 specie,

275 3055 711 3111 individuorum
747 3069 980 3124 quoque
1003 3067 1281 3106 numerus
1314 3051 1372 3105 in
1407 3050 1596 3122 prima
1627 3049 1730 3104 illa
1761 3065 1928 3103 mun-

277 3147 332 3201 di
385 3146 675 3200 creatione
735 3143 1060 3213 completus
1110 3157 1238 3196 esse
1297 3141 1482 3197 fertur
1528 3157 1540 3196 :
1595 3140 1925 3195 animarum

2049 2006 2242 2050 mento
2277 1997 2360 2051 uti
2388 2002 2648 2054 censent.
2683 2005 2851 2057 Decet
2881 2003 3058 2074 enim,
3092 2005 3280 2077 inquit
3324 2010 3692 2080 Aristoteles,

2049 2093 2107 2139 ut
2148 2102 2244 2141 ars
2289 2086 2414 2142 suis
2472 2087 2906 2157 instrumentis,
2959 2093 3156 2148 anima
3204 2100 3395 2151 alitem
3451 2115 3692 2170 corpore

2046 2179 2263 2232 utatur.
2327 2177 2689 2250 Peripatetici
2745 2198 2877 2237 vero
2960 2183 3293 2256 philosophi
3355 2187 3513 2244 illam
3575 2207 3688 2246 non

2045 2281 2215 2320 secus
2265 2273 2434 2338 atque
2486 2269 2731 2325 formam
2779 2271 3022 2328 materia
3053 2279 3418 2332 constantem
3461 2282 3690 2351 corpori

2043 2355 2430 2412 commiscent
2454 2362 2510 2412 et
2543 2358 2863 2429 implicant.

2114 2443 2376 2501 Cleantes
2429 2445 2588 2502 illam
2633 2449 2811 2504 etiam
2856 2467 3067 2523 corpus
3123 2469 3250 2510 esse
3304 2455 3687 2528 demonstrat,

2043 2548 2170 2603 qua:
2202 2537 2394 2589 tamen
2443 2535 2756 2608 aliquando
2806 2541 2876 2595 ab
2920 2557 2986 2598 eo
3035 2544 3193 2614 quod
3242 2545 3352 2600 sub
3383 2554 3684 2619 aspectum

2043 2623 2200 2677 cadit
2220 2625 2479 2695 separari
2506 2631 2698 2697 queat.

2114 2712 2379 2769 Plotinus
2433 2720 2628 2772 autem
2685 2717 2845 2774 illam
2899 2721 2969 2776 ad
3029 2724 3289 2795 corporis
3345 2725 3684 2784 affectiones

2043 2801 2380 2857 subeundas
2403 2803 2856 2878 haudquaquam
2890 2810 3044 2882 adigi
3079 2817 3280 2868 auctor
3305 2819 3686 2886 est,quando-

2043 2890 2278 2960 quidem
2312 2909 2416 2948 nec
2447 2893 2566 2950 ullo
2594 2913 2853 2968 unquam
2889 2898 3009 2954 fieri
3040 2901 3209 2957 modo
3237 2908 3431 2973 queat,
3457 2909 3522 2959 ut
3541 2907 3684 2960 arti-

2041 2979 2132 3034 fex
2187 2982 2716 3040 instrumentorum
2775 2987 3112 3044 affectiones
3162 2990 3386 3046 induat.
3439 2993 3687 3050 Necesse

2042 3077 2235 3128 autem
2289 3075 2504 3142 est,ait,
2541 3079 2604 3130 ut
2651 3092 2828 3132 sensu
2880 3082 3102 3136 utatur.
3152 3081 3312 3146 Quod
3368 3082 3524 3137 enim
3559 3101 3684 3139 cor-

2042 3179 2179 3232 pore
2223 3165 2366 3234 agit,
2401 3182 2433 3218 a
2483 3181 2660 3220 sensu
2720 3166 3032 3236 adjuvetur
3081 3176 3191 3223 :ut
3238 3172 3365 3240 ejus
3407 3172 3685 3229 beneficio

279 3241 473 3292 autem
522 3251 798 3289 numerus
820 3251 852 3287 ει
883 3236 1139 3326 οῖ’θειῑΟΓθ
1185 3230 1374 3326 ν-οτδο
1409 3232 1525 3326 ((ξυί
1588 3231 1750 3326 nimi
1776 3230 1930 3285 futu‘
1960 3249 2002 3315 C
2041 3230 2288 3307 externa
2306 3230 2364 3308 et
2394 3254 2707 3308 adventitia
2757 3230 3088 3326 cognoscat.
3116 3230 3340 3312 Jamvsi
3370 3259 3568 3315 anima
3601 3261 3689 3314 in-

279 3343 411 3380 rum
465 3335 563 3380 aut
605 3328 912 3378 venturum
973 3325 1082 3386 cst,
1145 3321 1244 3376 sed
1305 3321 1500 3375 omnia
1559 3323 1925 3394 perspicuam

279 3423 548 3470 naturam
583 3415 794 3484 adepta
827 3412 987 3482 sunt)
1023 3413 1341 3482 productus
1375 3411 1610 3483 quidem
1645 3430 1772 3469 esse
1803 3432 1934 3484 per-

275 3507 532 3573 hibetur,
566 3508 624 3559 at
673 3520 786 3558 non
844 3519 958 3558 uno
1007 3517 1136 3557 cum
1169 3517 1360 3557 rerum
1415 3502 1796 3560 universitate
1827 3506 1930 3560 de-

273 3599 604 3666 promptus,
653 3592 768 3647 imo
818 3591 930 3646 illa;
984 3607 1053 3646 ex
1114 3589 1295 3646 nihilo
1353 3597 1580 3658 creatae,
1613 3597 1669 3648 et
1699 3610 1925 3674 eorum,

272 3683 410 3755 quia
441 3701 474 3739 a
506 3681 708 3737 mundi
741 3680 1060 3754 primordio
1079 3680 1152 3736 ad
1182 3679 1337 3736 hunc
1371 3697 1558 3752 usque
1583 3682 1740 3739 diem
1772 3685 1926 3740 vixe-

267 3778 426 3839 runt,
461 3771 799 3843 corporibus
857 3770 1065 3826 infusa:
1117 3770 1298 3826 fuisse
1349 3788 1361 3826 :
1397 3775 1570 3842 atque
1603 3771 1662 3827 in
1692 3773 1785 3828 die
1818 3773 1920 3830 in-

267 3863 435 3918 fundi
474 3861 761 3916 feruntur.

926 3967 1079 4024 CAP.
1151 3969 1268 4024 LII.

267 4080 403 4134 Item
458 4077 524 4131 de
575 4078 787 4131 anima.
837 4075 1061 4147 Triplex
1116 4074 1318 4147 animae
1364 4075 1596 4145 aﬂectio,
1637 4076 1919 4147 triplicem

749 4163 958 4218 quoque
984 4145 1261 4201 hominem
1290 4146 1448 4213 facit.

341 4271 574 4345 Triplex
601 4289 770 4343 porro
793 4275 882 4327 est
912 4270 1120 4325 animas
1150 4267 1400 4337 affectio,
1434 4268 1726 4339 siquidem
1759 4275 1912 4343 quod

265 4364 325 4420 in
368 4363 470 4418 illa
500 4377 800 4418 summum
833 4364 940 4425 est,
964 4363 1020 4414 et
1049 4374 1182 4414 cum
1229 4358 1400 4412 rebus
1432 4374 1559 4429 qua:
1618 4358 1913 4418 intellectu

265 4453 688 4526 percipiuntur,
739 4450 1145 4522 cognationem
1196 4447 1394 4517 habet,
1441 4446 1647 4518 νόησις,
1692 4467 1792 4507 εει]
1822 4452 1915 4508 in-

262 4543 588 4614 telligentia
643 4541 1026 4597 nominatur:
1063 4538 1218 4607 quod
1268 4553 1401 4593 vero
1457 4541 1808 4609 extremum,
1859 4549 1913 4598 et

2040 3357 2321 3413 corporea
2347 3350 2455 3409 est,
2489 3343 2647 3398 illam
2683 3360 2972 3414 corporeae
3017 3345 3349 3404 affectiones
3384 3348 3688 3422 haudqua-

2039 3447 2212 3500 quam
2248 3433 2672 3502 penetrabant:
2707 3435 2932 3505 quodsi
2965 3435 3200 3491 veniant
3229 3437 3685 3510 haudquaquam

2037 3520 2096 3574 in
2155 3521 2283 3590 ejus
2330 3522 2674 3588 essentiam,
2732 3524 2830 3578 sed
2891 3529 3114 3580 tantum
3162 3525 3220 3580 in
3267 3527 3574 3584 facultates
3632 3534 3692 3585 et

2036 3609 2296 3665 actiones
2327 3610 2453 3679 ejus
2483 3611 2740 3668 venient.

2695 3729 2849 3786 CAP.
2894 3729 3028 3786 LIV.

2032 3819 2105 3874 De
2135 3819 2346 3874 anima.
2382 3820 2599 3875 Misceri
2626 3834 2750 3890 quae
2778 3820 3059 3884 dicantur,
3089 3822 3142 3873 et
3190 3819 3452 3890 quomodo
3481 3820 3681 3879 anima

2522 3892 2739 3960 corpori
2766 3891 3197 3946 commisceatur.

2100 4007 2326 4063 Misceri
2359 4007 2639 4061 dicuntur
2685 4022 2775 4074 ea,
2809 4023 2934 4076 quae
2967 4007 3426 4064 commiscentur
3455 4012 3513 4064 et
3543 4025 3686 4066 con-

2030 4095 2361 4150 funduntur
2410 4095 2560 4150 inter
2586 4111 2668 4162 se,
2702 4101 2763 4149 ut
2795 4110 2886 4149 res
2930 4094 3185 4150 humidae
3219 4095 3306 4152 vel
3356 4096 3681 4168 implicita»,

2028 4191 2091 4238 ut
2124 4201 2220 4239 aer
2251 4188 2307 4240 et
2334 4183 2532 4238 lumen
2568 4203 2583 4251 ;
2619 4183 2703 4238 vel
2738 4188 2798 4238 ut
2833 4183 3040 4250 forma,
3075 4201 3201 4256 quea
3233 4204 3264 4240 a
3311 4188 3556 4243 materia
3589 4204 3680 4245 se-

2027 4274 2219 4344 parari
2251 4290 2365 4328 non
2398 4277 2608 4344 potest.
2663 4273 2825 4337 Quod
2859 4273 2909 4328 si
2965 4289 3028 4328 se
3059 4273 3146 4328 vel
3206 4275 3506 4332 tantillum
3540 4294 3680 4334 con-

2019 4361 2276 4433 tingant,
2325 4363 2583 4418 essentia
2634 4362 2872 4433 quidem
2925 4367 3297 4434 separantur,
3351 4365 3680 4424 actionibus

2022 4468 2155 4507 vero
2208 4451 2688 4508 commiscentur.
2723 4453 2856 4517 Quae
2908 4468 3000 4507 res
3046 4452 3414 4510 Aristotelem
3449 4471 3680 4526 quoque

2025 4541 2405 4614 permovit,ut
2435 4541 2727 4612 duplicem
2760 4541 3021 4596 animum
3053 4557 3180 4598 esse
3209 4542 3428 4600 diceret
3461 4559 3472 4600 :
3502 4561 3683 4602 unam

262 4639 546 4706 tanquam
579 4646 779 4687 eorum
832 4644 962 4700 qua)
997 4628 1106 4683 sub
1138 4642 1382 4682 sensum
1415 4627 1653 4696 cadunt,
1707 4644 1918 4687 sensus
1951 4614 1997 4679 Ι)
2029 4630 2291 4702 quidem,
2341 4647 2465 4701 quae
2517 4647 2550 4685 a
2587 4646 2826 4702 corpore
2883 4638 3205 4702 separetur,
3256 4632 3497 4688 alteram
3546 4649 3680 4691 vero

261 4721 600 4780 communis
645 4719 950 4786 beneficio,
981 4733 1238 4789 gnomon
1271 4719 1328 4772 et
1373 4717 1576 4789 regula
1622 4722 1735 4785 est,
1770 4715 1916 4791 δόξα,

262 4831 366 4871 seu
410 4810 630 4883 Opinio,
689 4808 948 4864 dicitur:
996 4807 1154 4878 quod
1204 4805 1458 4878 denique
1506 4807 1917 4868 intermedium

263 4907 557 4973 est,atque
583 4900 665 4954 ita
687 4903 1110 4970 comparatum,
1151 4901 1216 4952 ut
1251 4897 1423 4952 modo
1456 4913 1717 4969 sursum,
1747 4901 1916 4956 modo

262 4994 530 5048 deorsum
568 4990 808 5054 feratur,
845 4983 1079 5052 διάνοια,
1113 5003 1212 5042 seu
1249 4987 1522 5059 cogitatio
1553 4988 1705 5044 dicta
1732 4995 1839 5044 est.

334 5084 522 5153 Atque
573 5079 666 5134 his
720 5077 934 5132 finibus
979 5077 1177 5142 homo,
1235 5093 1335 5131 seu
1388 5077 1647 5133 hominis
1695 5079 1910 5150 opinio,

261 5171 647 5243 exspatiatur,
681 5172 926 5238 tumque
957 5167 1193 5221 demum
1250 5165 1468 5221 animal
1498 5167 1706 5222 evadit.
1741 5169 1909 5241 Cogi-

257 5260 401 5317 tatio
433 5258 589 5315 enim
650 5254 956 5327 multiplex
988 5254 1251 5326 quzedam
1287 5259 1497 5309 natura
1530 5258 1637 5310 est.
1688 5257 1908 5312 Intelli-

254 5348 449 5422 gentia
500 5364 634 5403 vero
667 5345 988 5401 divinitatis
1041 5349 1131 5398 est
1189 5343 1503 5414 particeps.
1541 5343 1690 5397 Cum
1751 5345 1908 5400 enim

251 5439 546 5511 cupiditas
594 5435 900 5506 multiceps
932 5432 1226 5504 quoddam
1283 5431 1522 5498 animal,
1564 5431 1909 5490 animositas

247 5532 447 5586 autem
501 5526 734 5582 leonina
766 5523 841 5580 sit
892 5539 904 5578 :
956 5522 1101 5577 ratio
1162 5519 1286 5576 sola
1336 5519 1638 5576 hominem
1701 5536 1907 5578 verum

246 5616 573 5684 constituit,
603 5631 718 5689 quo
750 5618 946 5670 tamen
979 5611 1131 5669 alius
1162 5625 1400 5682 quoque
1449 5608 1703 5666 divinior
1731 5610 1907 5670 homo

249 5709 558 5782 vericrque
607 5704 1080 5780 deprehenditur,
1111 5700 1386 5774 quisquis
1437 5700 1647 5776 νοερὸς,
1677 5718 1778 5760 σευ
1814 5703 1903 5762 in.

2028 4737 2156 4793 qua
2239 4719 2298 4776 in
2384 4735 2622 4792 corpore
2697 4719 3001 4776 subsistat.
3073 4721 3154 4776 Ea
3229 4738 3399 4793 porro
3463 4722 3672 4779 animre

2029 4810 2234 4878 forma,
2263 4826 2390 4882 qua:
2417 4809 2643 4883 corpori
2674 4810 2849 4878 inest,
2877 4809 3251 4866 instrumenti
3284 4811 3467 4868 vicem
3502 4814 3674 4884 gerit,

2027 4915 2141 4970 quo
2173 4899 2244 4954 ad
2274 4899 2634 4973 superiorem
2666 4900 2924 4955 animam
2957 4901 3118 4971 regia
3161 4900 3436 4955 facultate
3467 4901 3673 4970 praedi-

2026 4993 2144 5044 tam
2208 4990 2583 5046 subvehatur.
2656 4991 2928 5046 Caeterum
3005 4988 3202 5043 anima
3269 5005 3396 5059 qum
3448 4989 3677 5058 corpori

2024 5077 2193 5145 inest,
2228 5079 2684 5152 haudquaquam
2717 5080 2826 5135 sub
2870 5095 3111 5134 sensum
3141 5077 3292 5134 cadit
3327 5093 3340 5131 :
3376 5077 3671 5148 siquidem

2023 5169 2251 5240 corpori
2301 5170 2600 5225 commista
2631 5173 2736 5237 est,
2792 5169 2893 5224 sed
2931 5168 3123 5238 ipsum
3175 5182 3389 5237 corpus
3450 5166 3676 5222 anima-

2021 5261 2170 5312 tum.
2201 5259 2425 5329 Corpus
2470 5259 2628 5314 enim
2661 5258 2871 5313 animae
2903 5256 3185 5312 beneficio
3223 5272 3458 5325 sensus,
3491 5271 3668 5329 appe-

2021 5345 2249 5410 titus,et
2281 5351 2620 5401 caeterarum
2652 5343 3348 5416 affectionum‘particeps
3377 5350 3486 5402 est.

2091 5434 2253 5490 Plato
2302 5439 2496 5491 autem
2546 5451 2738 5490 veram
2771 5434 2980 5490 animos
3029 5433 3344 5489 essentiam
3386 5451 3419 5489 a
3474 5433 3664 5505 seipsa

2019 5527 2345 5598 dependere
2383 5525 2602 5582 scribit.
2640 5525 2802 5590 Quod
2844 5524 2999 5580 enim
3033 5523 3094 5578 in
3149 5522 3259 5580 alio
3285 5523 3572 5593 subsistit,
3603 5523 3663 5580 id

2017 5613 2345 5672 essentialis
2379 5613 2679 5686 qualitatis
2709 5615 3102 5682 formam,non
3126 5616 3319 5670 autem
3347 5613 3663 5673 essentiam

2019 5704 2296 5780 appellat.
