4066 6208
161 319 192 379 1
208 319 328 380 189

1524 317 1925 384 THESAURI
1967 323 2118 384 LIB.
2165 323 2240 386 II.

3436 338 3592 399 1190

164 455 482 519 cohaereat,
519 452 672 524 quod
707 451 944 523 quidem
977 450 1124 506 nihil
1155 452 1312 508 aliud
1352 457 1461 522 est,
1492 470 1669 525 quam
1698 472 1823 512 cor-
1857 462 1908 527 Α
1939 474 2001 514 se
2032 462 2378 520 conveniant
2404 484 2419 533 ;
2449 466 2549 522 sed
2584 466 2731 522 alter
2759 467 3184 539 praestantioris
3241 471 3448 529 anima
3493 491 3588 531 ra-

164 563 290 618 pus
323 543 492 611 illud,
525 543 682 613 quod
712 541 886 612 vulgo
910 539 1172 597 divinum
1213 542 1464 598 dicitur:
1527 546 1676 615 quod
1739 544 1822 600 si-

168 635 304 690 mul
337 639 513 706 atque
544 630 728 687 subiit
759 632 980 699 anima,
1013 631 1286 687 crassiori
1318 633 1508 689 denuo
1555 634 1700 706 parti
1734 636 1831 689 ad-

169 725 378 789 haeret,
412 737 590 794 quam
625 720 862 791 quidem
914 737 945 774 a
972 720 1222 775 caelestis
1280 727 1574 778 astrorum
1639 723 1830 796 dispo-

166 814 415 882 sitione,
475 815 537 866 ut
595 811 676 865 ita
724 811 940 876 dicam,
979 817 1280 882 acceptam
1365 813 1479 883 ipsi
1549 818 1830 884 tanquam

171 908 381 960 centro
415 901 766 973 appingunt,
800 917 1045 971 eamque
1087 906 1225 956 tunc
1286 903 1522 958 demum
1582 905 1831 959 formam

176 993 395 1049 animae
428 991 675 1046 rationis
723 994 1018 1061 expertem
1071 996 1298 1060 vocant,
1359 1008 1428 1047 ex
1484 1010 1599 1064 qua
1656 993 1836 1048 nimi-

181 1099 319 1138 rum
371 1079 592 1150 0pinio.
652 1095 888 1149 sensus,
945 1079 1278 1151 phantasia,
1337 1097 1534 1137 eorum
1586 1083 1838 1154 denique

171 1170 837 1244 generandorum,quze
896 1169 1006 1223 sub
1076 1169 1517 1240 generationem
1601 1173 1836 1239 cadunt,

1930 548 2078 604 tioni
2135 559 2352 623 pareat,
2392 554 2542 610 alter
2595 573 2710 627 quo
2756 557 3062 614 deterioris
3103 560 3257 631 rapit
3305 561 3582 636 impetus,

1935 655 2000 695 eo
2035 657 2289 714 praeceps
2315 650 2487 700 ruat:
2520 650 2691 715 atque
2720 646 2803 702 sic
2822 648 2968 703 alter
3020 649 3190 704 bonis
3233 653 3588 723 actionibus,

1938 727 2084 784 alter
2105 732 2726 806 malisinviligeLCum
2760 738 2897 793 Afer
2927 743 3124 796 contra
3165 742 3367 798 eadem
3401 745 3586 802 animi

1941 822 2326 890 propensione
2350 841 2484 880 cum
2511 828 2706 882 Graeco
2731 826 2967 884 homine
3035 829 3203 886 facile
3257 836 3586 891 conveniat.

2581 938 2736 991 CAP.
2809 934 2940 990 LXI.

1943 1028 2075 1082 Item
2095 1027 2160 1083 de
2189 1031 2400 1086 anima.
2427 1031 2611 1088 Variae
2655 1033 3005 1088 Iit/micorum
3035 1039 3085 1090 et
3145 1035 3590 1096 Christianorum

2617 1108 2926 1162 sententiae.

2015 1190 2141 1245 Non
2173 1192 2503 1264 defuerunt,
2537 1195 2637 1265 qui
2668 1193 2926 1250 animam
2985 1197 3335 1269 sanguinem
3417 1200 3586 1258 illum

180 1260 483 1334 appetitus
516 1258 796 1330 procedit.
831 1258 948 1314 Nec
980 1259 1134 1314 enim
1167 1260 1355 1316 eidem
1415 1263 1636 1316 natura
1672 1261 1842 1316 unius

181 1348 768 1421 contemplationem,
825 1347 1043 1418 primas
1116 1351 1403 1417 notiones,
1490 1354 1842 1421 exactasque

183 1440 635 1505 scientias-,una
665 1453 798 1492 cum
854 1437 1019 1493 falsis
1079 1439 1480 1509 opinionibus,
1536 1444 1593 1494 et
1643 1455 1842 1496 eorum

180 1547 316 1603 qua:
349 1544 528 1584 sensu
566 1527 810 1598 praedita
846 1531 988 1582 sunt
1048 1527 1638 1598 apprehensionibus,
1672 1529 1845 1584 nimi-

182 1635 319 1674 rum
346 1617 712 1689 phantastica
756 1616 1060 1684 facultate,
1116 1633 1434 1688 rerumque
1492 1617 1847 1674 deteriorum
1956 1640 2158 1692 natura
2213 1639 2442 1708 egebat,
2491 1656 2524 1694 ε
2559 1656 2674 1711 quo
2755 1616 3138 1707 animaret“:
3204 1648 3262 1698 et
3337 1616 3588 1702 “110mm

185 1709 418 1765 θοίίοηθ
477 1706 768 1803 ίΓί-Ῐξυυτξξν
852 1706 970 1761 imo
1020 1721 1154 1761 νίδτο
1251 1707 1852 1803 ξίῑξεθ.Ρ¹ἐεί⁸Πῑί⁰Γ¹ξ
1956 1706 2296 1798 susciperet,
2355 1706 2593 1784 idcirco-
2627 1735 2837 1785 natura
2899 1729 3064 1784 illum
3127 1732 3476 1803 aspiratione
3532 1738 3591 1792 et

187 1806 349 1898 800},
382 1814 449 1898 (ξίι
475 1795 781 1898 ﬁliiﬁlii“:
853 1812 977 1866 qua?
1033 1811 1173 1898 γεὲΓο
1236 1795 1548 1898 deteriora,
1605 1813 1672 1898 ξδθ
1699 1797 1926 1898 ΡεπὶξΒ
1959 1795 2341 1886 respiratione
2401 1818 2659 1885 donavit,
2723 1819 3119 1890 sanguinique
3195 1795 3476 1878 animanti
3513 1825 3599 1880 in-

195 1888 444 1943 rationis
469 1885 688 1956 experti
740 1888 1094 1940 accensent:
1150 1901 1262 1940 non
1323 1890 1385 1940 ut
1434 1885 1691 1941 maculas
1751 1885 2196 1962 aut"1muum
2248 1912 2305 1963 ει
2361 1907 2578 1964 exitum
2637 1885 2988 1981 praestrhxit.
3023 1885 3166 1965 _Hic
3200 1911 3414 1984 .itaque
3471 1916 3595 1986 spi-

192 1977 494 2032 labeculas
523 1975 678 2031 ullas
725 1974 1276 2074 hac‘distributione
1317 1991 1348 2029 a
1413 1974 1694 2074 diviniora
1745 1992 1846 2030 na-
1956 1996 2097 2052 mus
2149 2013 2393 2068 corpora
2453 1971 2736 2070 perméat,
2836 2000 3166 2068 constituit,
3200 1971 3211 1984 ”
3247 1971 3596 2074 οοξτυωέη,

180 2077 321 2122 tura
351 2067 715 2158 abstergant,
757 2064 857 2158 sed
917 2067 981 2118 ut
1030 2063 1129 2158 illa
1173 2063 1518 2119 necessariis
1574 2065 1848 2137 fungente
1952 2101 2183 2157 unaque
2215 2063 2348 2142 οδω
2378 2063 2496 2142 ίηῖε
2526 2063 2881 2158 deperditum

176 2155 554 2252 mun?rib°5_v
588 2155 706 2252 δέξο
739 2153 808 2208 δά
843 2157 1173 2252 “famam
1207 2169 1270 2208 ⁸⁸
1337 2157 1650 2252 θίξηνεῖτίεξξν
1716 2171 1842 2252 (ξυέ
2023 2175 2104 2230 Ex
2134 2179 2344 2232 nostra:
2377 2192 2509 2232 vero
2527 2175 2827 2248 religionis
2887 2177 3347 2247 hominibus,alii
3374 2178 3587 2252 Lessen-

178 2244 427 2317 propius
471 2244 539 2299 ad
578 2247 848 2298 naturam
907 2244 1176 2298 divinam
1223 2243 1530 2298 accedunt.
1582 2247 1700 2299 Hoc
1732 2243 1826 2315 igi-

1950 2265 2141 2320 tialem
2174 2265 2381 2321 animae
2437 2283 2674 2322 causam
2712 2267 2910 2338 prima:
2969 2267 3053 2322 illi
3113 2268 3437 2340 divinaeque
3498 2270 3589 2324 in-

187 2333 530 2390 turidolum
561 2349 630 2389 ea
685 2335 922 2402 propter
971 2333 1042 2387 ab
1097 2333 1301 2387 anima
1362 2333 1608 2389 rationis
1661 2334 1826 2405 parti‘

1950 2355 2266 2411 sufﬂationi
2315 2357 2738 2428 ascripserunt,
2795 2361 2969 2428 atque
3018 2356 3324 2414 hominum
3380 2375 3590 2431 corpo-

188 2425 321 2522 ‘_3_ipe
348 2421 606 2522 fielm‘a'i
642 2439 756 2522 “PD
782 2437 987 2522 “Posse
1048 2422 1295 2522 ἀίξοθηῖτ
1359 2421 1594 2478 homine
1643 2430 1841 2522 εξυίθξη
1950 2443 2110 2498 ribus
2141 2444 2248 2516 (18)
2279 2461 2395 2516 quo
2428 2421 2688 2516 tempore
2718 2421 3010 2514 creantur,
3045 2421 3587 2508 intundidixerunt.

176 2512 481 2609 ἀῗεεοιιιξο.
520 2511 988 2609 Ρξίθείξιοίίοτθῐξι
1024 2511 1284 2609 anima?“
1334 2527 1442 2566 una
1488 2528 1622 2609 οιξω
1655 2511 1840 2609 ,ίυωθ
1953 2511 2342 2588 Aliianimam
2413 2550 2513 2606 per
2551 2511 2631 2589 _se
2689 2511 3104 2591 subsistentem
3164 2537 3389 2609 corpori
3448 2555 3592 2594 con-

180 2599 618 2659 nosovehiculo
645 2600 716 2654 ad
785 2601 1077 2671 propriam
1140 2599 1396 2671 quietem
1469 2599 1826 2656 subvehunt:

1949 2638 2180 2678 currere
2214 2627 2519 2694 putarunt:
2580 2624 2661 2679 ita
2739 2628 2803 2679 ut
2859 2640 3046 2696 neque
3103 2599 3315 2696 corpus
3379 2643 3482 2698 per
3531 2645 3592 2684 se

180 2689 586 2788 ξτῐξιιίοηῑξὶθω
626 2698 1521 2788 γθῐῖοελὶίξοιίροτθβερᾶξᾶιειω
1606 2689 1695 2746 vel
1766 2691 1840 2747 ad
1949 2689 2354 2781 constituatur,
2415 2729 2518 2769 nec
2577 2714 2774 2770 anima
2806 2689 3044 2788 corpore
3115 2689 3274 2787 prior
3327 2689 3589 2775 exsistat.

1943 1294 2072 1335 esse
2128 1280 2403 1352 dicerent,
2439 1301 2555 1355 quo
2588 1285 2849 1340 vivimus.
2897 1285 3007 1340 Alii
3041 1303 3268 1358 quoque
3300 1290 3586 1360 [spiritum

1949 1367 2117 1424 illum
2145 1386 2272 1427 esse
2298 1372 2580 1440 ratisunt,
2611 1373 2901 1444 quinobis
2939 1374 3010 1429 ab
3070 1375 3234 1431 initio
3288 1394 3405 1433 una
3455 1396 3592 1435 cum

1950 1459 2515 1530 seminisparentum
2581 1463 2895 1518 emissione
2945 1463 3157 1518 insitus
3216 1471 3436 1534 est;ex
3474 1487 3590 1540 quo

1953 1546 2108 1602 calor
2128 1549 2302 1604 etiam
2337 1551 2609 1605 exoritur.
2643 1551 2790 1616 Quia
2819 1551 2974 1606 enim
3023 1552 3216 1624 aliquo
3277 1571 3584 1627 corporum

180 2782 411 2837 inferos
437 2779 774 2845 detrudunt,
801 2777 887 2832 vel
913 2777 1065 2832 inter
1092 2781 1249 2834 astra
1279 2779 1561 2835 referunt.

849 2867 1002 2922 CAP.
1041 2867 1185 2925 LIX.

302 2964 375 3018 De
405 2963 732 3017 animarum
756 2959 815 3014 in
835 2960 950 3016 alia
995 2975 1220 3030 corpora
1240 2959 1728 3020 trans/usionibus.

267 3051 463 3107 Eidem
523 3067 692 3121 porro
759 3049 860 3120 qui
920 3048 1252 3104 animarum
1330 3049 1677 3123 προγενεσίαν
1733 3067 1835 3106 seu

183 3139 668 3214 prrcexistentiam
731 3139 1078 3203 docuerunt,
1191 3139 1529 3193 earumdem
1600 3156 1832 3212 quoque

183 3226 592 3304 μεταγγισμοῦς
623 3245 723 3282 seu
785 3226 1212 3295 elutriationes,
1273 3233 1330 3282 et
1386 3228 1552 3299 quasi
1611 3246 1641 3284 e
1697 3245 1832 3284 vase

185 3336 306 3375 uno
339 3321 393 3372 in
430 3317 583 3372 aliud
645 3333 742 3371 vas
811 3316 1242 3371 transfusiones
1297 3317 1615 3372 commenti
1673 3322 1832 3373 sunt.

178 3410 280 3464 Est
335 3413 526 3463 autem
591 3403 955 3477 μεταγγισμὸς
1005 3421 1103 3459 seu
1178 3404 1495 3471 elutriatiu,
1530 3423 1654 3461 curn
1718 3424 1835 3462 una

185 3499 466 3556 eteadem
487 3497 681 3552 anima
711 3514 779 3551 ex
813 3497 1066 3551 humano
1127 3512 1360 3567 egressa
1409 3512 1671 3568 corpore,
1704 3515 1830 3553 ecr-

190 3604 306 3660 pus
335 3587 392 3642 in
427 3585 584 3640 aliud
617 3584 1036 3656 transmigrat:
1071 3589 1244 3656 atque
1303 3584 1619 3656 aliquando
1657 3585 1830 3642 etiam

177 3675 508 3732 volatilium
544 3674 1116 3747 quadrupedumque
1178 3689 1422 3745 corpora
1474 3675 1651 3730 subit.

847 3763 998 3818 CAP.
1060 3763 1170 3817 LX.

248 3856 324 3910 De
353 3854 633 3909 luminosa
683 3861 735 3908 et
794 3853 1132 3908 tenebricoso
1153 3854 1363 3910 animae
1398 3860 1603 3909 natura
1624 3853 1757 3926 (Π).

247 3945 501 4010 Quidam
551 3959 684 3998 vero
739 3943 1034 4014 duplicem
1067 3959 1298 4016 quoque
1353 3943 1681 3999 animarum
1736 3961 1834 3999 na-

175 4041 374 4091 turam
407 4049 535 4089 esse
566 4032 857 4101 dixerunt,
902 4049 1080 4088 unam
1153 4034 1389 4104 quidem
1449 4033 1827 4100 luminosam,

173 4125 422 4180 alteram
455 4139 586 4178 vero
639 4123 1086 4179 tenebricosam.
1146 4123 1216 4177 Et
1287 4122 1437 4176 hanc
1486 4122 1830 4192 quidemin.

173 4215 341 4270 ferne
363 4211 668 4281 scaturire,
730 4217 901 4284 atque
955 4211 1350 4267 subterraneis
1411 4227 1480 4266 ex
1542 4211 1830 4266 meatibus

165 4301 450 4361 exsilire:
491 4301 654 4356 illam
689 4317 818 4357 vero
849 4319 879 4356 θ
929 4301 1056 4358 caeli
1106 4299 1315 4356 vertice
1374 4316 1678 4356 accensam
1729 4302 1830 4356 de-

174 4391 360 4461 mitti,
417 4395 479 4446 ut
536 4394 834 4446 terrenum
888 4390 993 4445 hoc
1069 4389 1331 4460 corporis
1419 4387 1826 4444 domilicilium

169 4485 436 4538 exornet.
472 4481 605 4545 Qum
639 4479 876 4552 quidem
902 4479 1263 4535 descendens
1316 4493 1516 4534 cavere
1564 4479 1826 4549 jubetur,

1948 2801 2224 2857 Eamdem
2295 2819 2465 2874 porro
2549 2802 2841 2875 duplicem
2937 2811 3334 2873 asseruerunt,
3417 2809 3589 2878 cujus

1948 2908 2082 2962 pars
2143 2908 2259 2946 una
2317 2891 2562 2948 rationis
2593 2893 2905 2964 particeps,
2967 2893 3150 2949 altera
3231 2911 3437 2967 expers
3488 2897 3583 2954 sit.

1945 2979 2087 3034 Eam
2156 2985 2402 3051 partem,
2457 2998 2586 3052 quas
2645 2981 2887 3037 rationis
2938 2999 3144 3054 expers
3216 2990 3326 3055 est,
3376 2985 3435 3041 in
3470 2987 3593 3043 ani-

1949 3085 2170 3124 mosam
2232 3074 2288 3124 et
2371 3070 2645 3141 cupidam
2715 3071 3058 3129 diviserunt.
3185 3075 3374 3146 Atque
3459 3092 3588 3131 eam

1946 3159 2182 3230 quidem
2243 3164 2489 3230 partem,
2540 3177 2665 3232 quae
2726 3161 2968 3217 rationis
3029 3167 3116 3218 est
3160 3164 3472 3236 particeps,
3530 3165 3588 3220 in

1945 3253 2176 3320 pectore
2207 3249 2404 3304 sedem
2463 3249 2717 3318 habere;
2782 3267 2907 3306 eam
2966 3269 3120 3317 vero,
3174 3269 3301 3323 qua
3371 3255 3593 3309 ratione

1942 3342 2229 3407 caret,per
2260 3337 2591 3393 universam
2620 3339 2880 3410 corporis
2924 3357 3262 3413 compagem
3305 3342 3591 3412 ,difti‘undi

1939 3427 2330 3482 afﬁrmarunt.
2371 3429 2443 3482 At
2497 3444 2628 3482 vero
2688 3427 3018 3501 ἡγεμονικὸν
3073 3447 3304 3502 quoque
3361 3430 3586 3502 ipsum,

1942 3515 2063 3571 sive
2097 3516 2644 3588 praestantissimum
2704 3518 2916 3573 animae
2973 3524 3199 3590 partem
3230 3520 3393 3574 Plato
3452 3520 3585 3591 qui-

1942 3605 2070 3658 dem
2106 3609 2163 3658 et
2193 3604 2559 3661 Democritus
2590 3605 2788 3660 sedem
2848 3605 2906 3660 in
2967 3611 3084 3661 toto
3143 3607 3333 3677 capite
3365 3606 3582 3661 habere

1943 3692 2235 3763 dixerunt,
2296 3693 2396 3749 alii
2456 3695 2514 3749 in
2587 3694 2878 3773 μεσοφρύῳ
2966 3711 3066 3751 seu
3135 3694 3582 3766 superciliorum

1941 3779 2289 3850 meditullio,
2345 3781 2444 3837 alii
2509 3783 2664 3837 circa
2731 3782 2952 3838 cerebri
3040 3784 3395 3853 meningem,
3453 3798 3580 3852 quas

1940 3869 2115 3940 vulgo
2147 3869 2242 3940 pia
2301 3876 2507 3940 mater,
2565 3872 2795 3942 alioque
2855 3869 3091 3926 nomina
3146 3869 3424 3944 ἐπικρανὶς
3480 3884 3582 3924 seu

1940 3957 2291 4014 cerebellum
2326 3959 2674 4030 appellatur.
2728 3960 2975 4024 Quidam
3019 3961 3195 4013 etiam
3249 3960 3309 4015 in
3353 3959 3578 4015 cerebri

1939 4052 2158 4102 ventre.
2189 4046 2303 4101 Nec
2368 4047 2699 4116 defuerunt,
2740 4048 2836 4119 qui
2895 4048 3001 4102 toti
3060 4047 3279 4119 pectori
3356 4047 3576 4118 totique

1939 4137 2094 4190 cordi
2130 4135 2214 4190 vel
2247 4135 2591 4208 spirituicor
2621 4135 2918 4204 ambienti,
2961 4142 3018 4191 et
3070 4136 3378 4208 sanguinis
3421 4154 3580 4192 cras-

1939 4224 2184 4279 situdini
2245 4225 2631 4280 ascriberunt.
2697 4225 2810 4279 Alii
2865 4225 2922 4279 in
3006 4225 3328 4296 praeordiis
3413 4225 3577 4282 illam

1938 4318 2289 4371 statuerunt.
2322 4314 2472 4370 Aliis
2503 4331 2537 4370 a
2567 4313 2865 4385 vitaliejus
2891 4314 3186 4382 facultate,
3220 4331 3316 4370 cor
3338 4316 3573 4386 ambiri,

1938 4413 2110 4478 caput
2139 4409 2331 4462 autem
2367 4423 2399 4461 a
2431 4405 2698 4461 rationali
2731 4410 2787 4461 et
2820 4404 3197 4461 intellectuali
3228 4405 3468 4478 placuit,

2577 4504 2727 4562 CAP.
2765 4503 2936 4561 LXII.

171 4589 249 4628 ne
284 4570 654 4666 dumcorpus
712 4569 821 4625 hoc
875 4568 1125 4666 iuro”?
1191 4572 1247 4666 εξ
1287 4567 1596 4666 ⁰⁰⁰Ϊ¹ξ³¹ξτη
1649 4567 1822 4622 infor'
1851 4571 1896 4636 Β
1931 4594 2001 4650 De
2030 4594 2214 4648 anime
2244 4593 2666 4666 immortalitate
2697 4593 2829 4666 quid
2857 4594 3110 4662 ethnicis,
3143 4593 3272 4665 quid
3328 4592 3582 4648 christia-

165 4677 336 4718 mare
386 4664 442 4715 et
486 4676 764 4716 exornare
825 4659 1144 4724 contendit,
1225 4657 1353 4729 ipsa
1428 4657 1709 4714 dedecore
1766 4666 1820 4713 et

163 4749 512 4808 confusione
558 4751 910 4822 impleatur:
974 4753 1149 4820 atque
1208 4747 1293 4802 ita
1351 4748 1556 4804 eadem
1616 4753 1818 4820 postea

153 4841 255 4898 via
291 4841 550 4908 refluere,
585 4845 640 4896 et
688 4839 747 4894 in
792 4840 1045 4909 primum
1118 4837 1536 4909 propriumque
1599 4840 1818 4894 fontem

163 4931 407 4988 refundi
440 4937 711 5000 nequeat,
747 4930 846 4984 sed
909 4928 978 4982 ad
1027 4927 1443 4983 subterraneos
1497 4926 1628 4983 illos
1670 4945 1821 4984 mea-

159 5027 270 5078 tus
303 5019 468 5075 alteri
500 5019 710 5074 animaa
742 5021 1019 5090 cognatos
1053 5021 1385 5073 transversa
1433 5019 1712 5089 rapiatur,

227 5130 404 5184 Liuor
433 5126 554 5192 ubi,
582 5130 744 5197 atque
776 5125 967 5181 odium
987 5123 1212 5196 ,species
1249 5127 1298 5179 et
1330 5126 1489 5180 mille
1549 5130 1823 5185 malorum

239 5202 445 5254 Errant
477 5203 738 5254 tartarca:
758 5199 938 5269 pratis
970 5197 1035 5252 in
1067 5197 1318 5252 tristibus
1350 5197 1491 5250 Ales.

248 5306 326 5362 Ex
353 5323 467 5377 quo
500 5305 674 5360 etiam
707 5320 858 5374 saepe
887 5303 1194 5375 contingit,
1217 5307 1281 5357 ut
1312 5303 1522 5358 iisdem
1557 5308 1822 5377 prognati

153 5395 537 5469 parentibus,
560 5409 630 5448 ne
647 5391 979 5447 animarum
1030 5392 1266 5462 quidem
1294 5392 1642 5462 cognatione
1673 5395 1823 5450 inter

226 5573 346 5648 (Π)
372 5572 738 5648 Βιβγηεείρ
766 5572 875 5648 lib.
893 5589 911 5627 ι
938 5573 1013 5648 De
1039 5570 1420 5648 ξνοιξίςιθηιία,
1472 5571 1608 5629 infr.
1664 5579 1706 5630 Ι.
1740 5593 1820 5648 1v,

141 5665 204 5704 c.
240 5642 341 5717 36,
369 5644 430 5702 in
456 5642 570 5703 line
597 5643 1014 5704 confutationis
1045 5642 1446 5701 Euchitarum'.

2535 4663 2626 4720 nis
2659 4663 2962 4738 placuerit.

1999 4772 2128 4827 Jam
2186 4788 2318 4828 vero
2373 4772 2580 4828 animae
2632 4774 3060 4831 immortalitem
3158 4775 3427 4830 nonnulli
3482 4791 3580 4845 ap-

1930 4861 2256 4932 probarunt
2289 4878 2536 4934 eamque
2565 4879 2802 4936 corpore
2861 4866 3187 4937 digressam
3249 4866 3319 4920 ad
3376 4863 3579 4935 ,éipsius

1933 4950 2332 5008 universitatis
2365 4953 2622 5008 animam
2648 4959 2928 5025 tanquam
2961 4954 3074 5009 sibi
3123 4960 3432 5024 cognatam
3493 4967 3580 5005 re-

1931 5041 2056 5095 dire
2087 5040 2376 5096 dixerunt.
2422 5039 2537 5095 Alii
2580 5046 2784 5096 contra
2831 5041 3190 5112 corruptioni
3237 5039 3574 5108 obnoxiam,

1932 5147 2160 5200 unaque
2192 5146 2584 5202 cumcorpure
2612 5131 2844 5186 interire
2874 5130 3208 5184 maluerunt
3239 5129 3368 5198 (19).
3431 5127 3579 5182 Aliis

1932 5238 2058 5278 eam
2089 5223 2219 5292 ejus
2274 5224 2522 5291 partem,
2582 5237 2707 5292 quae
2788 5219 3034 5275 rationis
3105 5225 3197 5274 est
3258 5217 3571 5290 particeps,

1931 5308 2353 5365 immortalem:
2388 5325 2514 5380 quas
2538 5325 2674 5364 vero
2723 5309 2965 5364 rationis
3022 5325 3228 5380 expers
3277 5311 3386 5376 est,
3431 5323 3577 5362 mor-

1929 5399 2089 5454 talem
2135 5413 2266 5454 esso
2307 5397 2544 5468 placuit.
2605 5398 2948 5453 Nostrorum
3008 5401 3205 5452 autem
3248 5413 3354 5452 seu
3412 5395 3574 5451 Chri-

2131 5577 2768 5720 gtt'lqtfagzltlgssyohitae
2799 5646 2814 5702 i

2101 5648 2203 5721 )Ut
2223 5647 2768 5720 Thanatopsyohitae
2799 5647 2954 5704 infra
2971 5647 3018 5720 Ι,
3078 5664 3154 5707 ιν.
3191 5664 3242 5704 e.
3276 5648 3365 5703 42.
