4044 6212
487 349 638 412 1191

1790 327 2101 392 ΝΙΟΕΤᾸΞ
2140 321 2572 388 ΟΗΟΝΙΑΤᾸΞ

3753 320 3909 382 1192

484 485 806 542 stianorum
873 474 1355 552 philosophorum
1422 488 1488 528 ex
1549 470 1753 528 animae
1799 463 2355 552 actionibusAtur.
2388 459 2543 516 Nihil
2578 460 2774 515 autem
2839 454 2994 511 aliud
3019 456 3108 510 est
3157 469 3336 525 quam
3392 451 3642 509 habitus
3709 456 3782 510 ad
3839 473 3905 512 ea

480 576 626 635 alias
645 574 790 630 citra
834 569 1020 627 ullum
1066 564 1328 636 corporis
1386 561 1732 633 obsequium
1802 573 1972 630 agere
2018 554 2126 626 (si-

483 667 720 742 quidem
749 678 938 726 mens,
972 658 1268 731 cogitatio,
1299 659 1354 710 et
1414 652 1743 726 phantasia,
1798 648 1884 703 vel
1933 646 2125 719 quieto

483 771 720 828 corpore
771 755 1132 824 operantur),
1167 746 1308 802 alias
1361 761 1493 800 vero
1540 741 1798 814 corporis
1845 736 2125 808 obsequio

483 862 650 918 egere
708 843 999 898 dixerunt.
1053 839 1276 893 Sensus
1329 834 1486 889 enim
1576 833 1793 902 absque
1853 829 1946 894 iis,
1998 843 2127 898 quae

486 937 593 992 sub
618 948 857 989 sensum
890 930 1130 995 cadunt,
1189 941 1358 996 agere
1390 940 1506 979 non
1556 925 1765 994 potest.
1810 919 1921 974 Sed
1979 934 2124 989 quo-

482 1025 795 1082 dummodo
855 1019 1230 1091 compatitur,
1297 1019 1354 1070 et
1386 1030 1452 1069 ea
1515 1011 1740 1083 corpori
1829 1006 2123 1064 conciliat.

485 1115 646 1172 Unde
672 1115 735 1168 ﬁt
767 1117 826 1166 ut
858 1123 1248 1180 stepenumero
1307 1104 1426 1176 ἰδνρὶ
1480 1101 1720 1175 quidam
1772 1104 1828 1154 et
1887 1097 2128 1152 charac-

485 1211 660 1273 teres,
711 1201 942 1258 obscuri
1002 1215 1222 1268 eorum,
1265 1214 1392 1267 quae
1451 1191 1666 1265 singuli
1723 1192 1833 1246 hac
1893 1190 1950 1244 in
2010 1187 2127 1242 vita

482 1298 575 1369 pie
633 1298 690 1350 et
730 1309 798 1348 ex
847 1287 1147 1361 religionis
1197 1285 1534 1358 praescripto
1591 1284 1856 1353 egerunt,
1918 1279 2124 1333 anima:

482 1368 683 1456 postea
721 1397 896 1454 quam
950 1396 982 1434 a
1033 1392 1263 1448 corpore
1305 1378 1576 1446 separata
1645 1375 1756 1437 est,
1826 1368 2122 1440 impressi,

481 1480 537 1532 et
566 1474 724 1530 velut
754 1468 1033 1540 insculpti
1090 1465 1411 1536 supersint.
1460 1461 1605 1526 Quia
1646 1459 1922 1515 nimirum
1955 1458 2123 1512 atl‘ec-

486 1565 672 1620 tiones
715 1560 851 1627 illas,
901 1573 1030 1629 quae
1089 1554 1290 1611 sensui
1341 1551 1752 1623 subjiciuntur,
1786 1563 2125 1605 communes

488 1655 697 1710 animm
728 1648 1073 1720 corporique
1103 1649 1258 1700 sunt.

558 1743 768 1797 Beatus
798 1753 1026 1808 quoque
1059 1736 1365 1808 Nyssenus
1391 1730 1489 1786 ille
1525 1728 1835 1802 Gregorius
1891 1726 1943 1782 ei
2002 1724 2125 1781 ani-

485 1849 591 1889 mae
623 1827 906 1895 facultati,
961 1842 1077 1897 qua
1124 1822 1522 1886 recordamur,

482 1927 765 1992 tanquam
798 1914 1056 1988 sigillum
1083 1928 1226 1968 certe
1257 1913 1630 1982 impressum,
1676 1907 1957 1962 inhaerere
1989 1908 2120 1977 post

484 2015 730 2066 mortem
765 2010 969 2062 auctor
999 2008 1107 2072 est,
1140 2000 1356 2056 idcirco
1390 1999 1564 2054 etiam
1624 1997 1782 2052 dives
1845 1997 2118 2052 Lazarum

484 2097 805 2168 cognoscit,
830 2099 886 2151 et
915 2093 972 2150 id
1005 2091 1244 2165 quidem
1278 2090 1496 2146 merito.
1535 2089 1680 2144 Nam
1733 2086 1782 2142 si
1842 2085 2030 2143 brutis
2061 2083 2120 2138 in

487 2186 1106 2255 animantibus,tantas
1126 2184 1334 2237 natura
1357 2180 1509 2235 vires
1531 2195 1667 2234 suas
1691 2193 1820 2234 esse
1846 2174 2119 2245 ostendit,

485 2286 550 2337 ut
581 2277 810 2352 agnella
839 2292 1039 2332 recens
1065 2279 1202 2329 nata
1245 2271 1460 2328 multos
1509 2269 1682 2326 alieni
1733 2268 1900 2323 lactis
1939 2268 2125 2322 fontes

493 2375 813 2444 praetereat,
848 2367 986 2422 dum
1014 2365 1084 2420 ad
1151 2363 1354 2419 matris
1398 2361 1574 2417 ubera
1613 2358 1950 2432 perveniat:
2011 2373 2126 2412 non

493 2459 704 2532 poterit
724 2461 942 2514 naturai
975 2454 1248 2511 Conditor
1279 2453 1453 2522 hujus
1511 2447 1781 2505 miraculi
1842 2462 2125 2519 praeroga-

493 2549 672 2604 tivam
722 2546 943 2602 ratione
1000 2543 1260 2616 praeditis
1319 2540 1718 2598 animantibus
1791 2538 2126 2606 concedere,

491 2637 812 2709 animteque
863 2640 918 2692 et
967 2633 1189 2705 corpori
1249 2630 1602 2704 conjugibus
1645 2629 1755 2684 hoc
1811 2626 2033 2700 largiri,
2067 2630 2131 2682 ut

489 2730 843 2784 concurrant
869 2730 926 2781 et
955 2724 1406 2794 conjungantur.

1121 2832 1278 2887 CAP.
1308 2829 1499 2884 LXI”.

484 2932 613 3002 +De
638 2931 836 2984 mente.
869 2923 1254 3003 lnteltigentia.
1307 2917 1577 3047 qpomodo
1632 2918 1832 2973 anime
1863 2920 1914 2972 et
1957 2915 2133 2970 menti

1233 3010 1344 3047 mu
1372 3033 1385 3045 .

1233 3010 1385 3048 mm.

553 3104 958 3176 Intelligentiae
987 3101 1224 3174 quidem
1281 3115 1462 3170 capax
1503 3096 1701 3153 anima
1745 3098 1854 3163 est,
1915 3092 2128 3148 intelli-

1612 1820 1780 1892 signa
1856 1815 2140 1904 corporis,

2233 551 2385 606 bona
2417 548 2914 621 praestanda,quae
2947 543 3126 599 menti
3167 559 3236 598 ex
3292 543 3487 599 ofﬁcio
3539 545 3900 600 conveniunt

2234 639 2396 695 Mens
2427 643 2619 694 autem
2651 634 2978 692 essentialis
3015 632 3230 704 duplex
3287 637 3397 701 est,
3477 650 3596 688 una
3627 634 3897 705 quidem.

2237 746 2363 802 qua:
2395 725 2812 784 communicari
2847 741 2959 779 non
2994 726 3203 793 potest,
3238 720 3420 778 altera
3477 740 3611 794 quae
3675 728 3904 794 potest:

2238 835 2367 889 quae
2399 817 2632 888 quidem
2659 811 3027 886 particularis
3047 809 3326 882 appellari
3360 809 3544 879 solet.

2309 907 2439 963 Haec
2489 922 2659 978 porro
2707 920 2871 959 mens
2910 900 3243 958 communis
3317 905 3376 955 et
3434 901 3672 972 privata
3741 902 3900 958 nobis

2237 999 2426 1054 inest:
2454 996 2784 1054 communis
2801 995 3063 1066 quidem,
3100 996 3384 1063 tanquam
3409 1009 3530 1047 una
3563 998 3624 1046 et
3679 993 3892 1048 indivi-

2236 1089 2372 1156 dua,
2433 1087 2655 1160 privata
2715 1101 2848 1140 vero
2903 1090 3188 1155 quatenus
3245 1086 3364 1136 tota
3423 1082 3682 1154 singulis
3742 1083 3899 1142 inest.

2237 1185 2426 1252 Atque
2468 1176 2752 1232 animales
2784 1175 3020 1246 quidem
3055 1173 3252 1228 formas
3275 1172 3593 1226 essentiam
3632 1177 3896 1228 nostram

2235 1269 2568 1340 compient:
2631 1264 2916 1320 mentales
2960 1279 3094 1318 vero
3153 1260 3571 1332 perfectionem
3645 1262 3825 1317 nobis
3854 1268 3898 1317 et

2234 1365 2503 1418 ornatum
2575 1357 2872 1412 afferunt:
2936 1353 3076 1424 quin
3127 1355 3184 1407 et
3270 1350 3562 1406 mentales
3655 1352 3890 1422 quidem

2235 1452 2559 1521 conjunctae
2584 1441 3037 1511 sunt,animales
3052 1457 3182 1496 vero
3205 1439 3553 1495 divisionem
3574 1439 3895 1511 recipiunt.

2233 1535 2729 1607 Caeterumviejus
2749 1537 3122 1602 naturaequae
3148 1529 3550 1600 intelligentia
3587 1546 3622 1601 p
3639 1532 3897 1603 artieeps

2237 1634 2346 1701 est,
2380 1635 2532 1685 Deus
2562 1625 3039 1695 nobis,tanquam
3065 1622 3265 1694 auriga
3287 1620 3480 1678 currui
3512 1622 3897 1692 suo,insidet.

2876 1729 3236 1801 CAPQLXV.

2429 1829 2467 1896 4,-
2500 1830 2576 1881 De
2609 1822 2902 1880 virtutibus
2924 1827 2977 1876 et
3007 1835 3191 1876 eorum
3249 1817 3471 1890 triplici
3497 1817 3723 1874 ordine.

2320 1916 2449 1972 Jam
2470 1931 2626 1981 vero,
2659 1913 2794 1983 quia
2821 1911 3068 1967 virtutes
3110 1910 3181 1963 ad
3230 1911 3484 1964 mentem
3536 1912 3596 1964 et
3636 1908 3901 1964 animam

2229 2006 2574 2069 referuntur,
2604 2004 2670 2058 de
2698 2003 2769 2057 iis
2795 2017 2978 2074 pauca
3001 1999 3176 2055 etiam
3209 1998 3518 2053 tractanda
3551 2006 3720 2053 sunt.

2303 2095 2594 2149 Virtutum
2627 2091 2838 2164 triplex
2868 2095 2952 2146 est.
2982 2089 3143 2144 ordo.
3190 2087 3322 2142 Aliae
3374 2086 3535 2142 enim
3570 2085 3897 2158 hominem,

2233 2185 2341 2240 hoc
2371 2188 2458 2238 est
2489 2183 2745 2238 animam
2779 2197 2911 2236 cum
2942 2195 3182 2250 corpore
3221 2181 3452 2232 ornant.
3494 2175 3638 2232 Alia
3698 2195 3733 2233 a
3765 2195 3892 2233 cor-

2237 2273 2643 2346 poreanimam
2689 2273 2960 2342 purgant,
3021 2271 3079 2323 et
3128 2267 3200 2322 ad
3253 2266 3512 2338 seipsam
3579 2273 3890 2332 revocant,

2238 2380 2363 2437 quas
2395 2362 2627 2434 quidem
2691 2358 3008 2433 purgativaa
3050 2357 3345 2412 dicuntur.
3408 2355 3542 2410 Alite
3632 2357 3893 2412 animam

2241 2453 2489 2526 perfecte
2524 2455 2833 2524 purgatam
2858 2450 3126 2505 inrerum
3177 2463 3306 2518 qum
3359 2444 3663 2502 intellectu
3718 2448 3899 2518 perci.

2240 2545 2485 2616 piuntur
2532 2537 3025 2610 contemplatione
3082 2541 3404 2604 excercent,
3455 2551 3587 2606 qua:
3644 2536 3889 2607 quidem

2239 2629 2702 2703 contemplativa:
2762 2632 2937 2701 atque
2986 2623 3415 2681 intellectuales
3491 2625 3897 2696 appellantur.

2238 2724 2308 2778 Et
2337 2722 2449 2778 alia
2470 2719 2707 2791 quidem
2733 2715 2983 2784 Dei,alia
3005 2714 3217 2787 angeli,
3253 2713 3368 2770 alia
3410 2714 3676 2770 hominis
3702 2716 3899 2771 virtus

2239 2808 2860 2874 est.Quemadmodum
2894 2805 3049 2860 enim
3079 2803 3422 2868 variae,sunt
3454 2819 3661 2857 eorum
3696 2820 3902 2860 esseu-

2239 2902 2352 2969 tiae,
2387 2901 2470 2956 ita
2535 2904 2592 2955 et
2641 2898 2886 2954 virtutes
2937 2895 3127 2951 variae.
3173 2897 3358 2965 Atque
3397 2894 3596 2948 anima
3653 2895 3899 2964 quidem

2241 2991 2472 3065 proprie
2504 2986 2870 3044 rationabilis
2899 2989 3003 3052 est,
3039 2988 3094 3039 et
3120 2983 3354 3040 dicitur.
3403 2982 3570 3038 Mens
3611 2985 3896 3038 autemid

2242 3081 2395 3154 quod
2429 3079 2638 3134 animae
2689 3083 2904 3149 praeest.
2975 3072 3336 3129 Rationalem
3397 3089 3568 3143 porro
3629 3073 3894 3128 animam

483 3198 688 3272 gentm
713 3210 892 3264 capax
925 3193 1053 3263 ipsa
1084 3205 1316 3262 quoque
1351 3203 1554 3243 mens;
1603 3186 1723 3242 hac
1768 3183 2003 3255 quidem
2059 3199 2127 3237 ex
2165 3175 2207 3242 α
2237 3168 2596 3227 irrationalis
2627 3165 3163 3236 anima,ipsumque
3205 3161 3415 3217 anima:
3442 3161 3692 3231 {idolum
3741 3165 3893 3217 sub-

2386 3260 2418 3272 ο.
2562 3256 2582 3272 τ
2763 3270 2774 3272 -
2857 3250 3399 3272 ,;-_--___-I_______
3434 3251 3669 3272 -__l:____
3703 3253 3886 3272 __3ma,-_

483 3284 879 3349 suiessentia,
910 3281 1011 3337 illa
1043 3296 1174 3336 vero
1222 3277 1686 3351 participatione.
1749 3275 1912 3329 Mens
1970 3273 2121 3328 enim

480 3377 587 3433 hoc
620 3371 925 3448 privilegio
952 3370 1168 3426 donata
1189 3372 1300 3432 est,
1348 3370 1410 3420 ut
1441 3369 1498 3420 et
1549 3362 1943 3434 intelligentiae
1992 3377 2123 3434 par-

482 3466 687 3535 ticeps,
717 3467 772 3518 et
806 3476 970 3516 mens
1005 3459 1101 3524 sit,
1127 3457 1280 3528 quod
1315 3470 1496 3509 unum
1524 3459 1579 3508 et
1600 3453 1752 3508 idem
1786 3455 1890 3506 est.
1914 3451 2125 3506 Anima

481 3570 614 3612 vero
637 3549 1040 3622 intelligentia:
1093 3563 1274 3618 capax
1323 3546 1394 3600 ad
1437 3547 1694 3600 mentem
1756 3540 2008 3612 respicit,
2069 3545 2126 3596 et

483 3643 649 3718 quasi
669 3637 1015 3699 secundario
1048 3634 1345 3691 intellectu
1372 3632 1611 3707 pradita
1641 3635 1748 3700 est,
1783 3631 1883 3702 qui
1943 3630 2123 3685 menti

479 3732 800 3807 primarius
816 3736 922 3795 est,
948 3730 1122 3799 atque
1150 3726 1293 3781 adeo
1324 3741 1391 3780 ex
1435 3722 1652 3779 mentis
1680 3719 2124 3793 participatione

480 3819 876 3894 intelligentiae
897 3831 1226 3889 capaxesse
1283 3814 1527 3880 dicetur,
1572 3811 1726 3883 quod
1779 3807 2124 3864 beneﬁcium

479 3930 546 3970 ex
568 3929 676 3968 sua
705 3908 960 3967 essentia
994 3923 1158 3962 mens
1211 3905 1404 3960 habet.
1465 3903 1666 3974 Itaque
1720 3898 2120 3972 intelligentiae

479 4019 657 4073 capax
715 4006 800 4056 est
858 3997 1078 4065 anima,
1140 3994 1356 4050 mentis
1437 3988 1897 4065 participatione.
1980 3990 2123 4043 Cum

481 4093 639 4150 enim
701 4090 899 4147 anima
957 4085 1252 4158 intelligit,
1298 4087 1354 4140 et
1405 4099 1565 4138 tuens
1625 4081 1684 4136 in
1768 4078 1936 4135 nobis
1985 4093 2124 4148 ope-

484 4187 667 4248 ratur,
724 4187 863 4237 tunc
917 4180 1153 4235 demum
1210 4175 1405 4231 anima
1487 4169 1885 4238 intelligentia:
1942 4184 2124 4240 capax

480 4271 846 4346 etparticeps
903 4268 1178 4324 efﬁcitur.
1235 4264 1458 4320 Anima
1506 4265 1698 4317 autem
1771 4262 1981 4314 nostras
2026 4257 2124 4313 illa

480 4360 804 4434 singularis
836 4375 1000 4415 mens
1027 4358 1256 4429 praeest,
1287 4370 1416 4424 qua:
1459 4367 1593 4424 pars
1653 4365 1882 4420 quoque
1939 4347 2123 4402 nostri

480 4449 930 4518 diciturzcujus
975 4445 1251 4502 nimirum
1300 4459 1406 4500 nos
1489 4439 1756 4512 privatim
1817 4436 2122 4510 participes

2235 3260 2522 3331 sequitur.
2552 3256 2681 3311 Jam
2716 3270 2816 3326 per
2847 3269 3049 3308 omnes
3067 3250 3401 3323 angelorum
3429 3251 3671 3306 ordines
3703 3253 3888 3307 virtus

2235 3346 2596 3413 diffunditur,
2622 3361 2746 3415 quae
2769 3341 2874 3395 ἀπὸ
2928 3344 3035 3394 τῶν
3091 3340 3394 3411 Serapbim
3451 3339 3684 3411 incipit.
3740 3342 3887 3395 Deus

2235 3443 2433 3496 autem
2467 3451 2648 3507 supra
2675 3433 2971 3497 virtutem,
3007 3447 3181 3486 omne
3227 3430 3465 3498 bonum,
3528 3445 3882 3502 omnemque

2235 3526 2648 3601 perfectionem
2681 3520 3099 3593 supereminet.

2850 3640 3005 3696 CAP.
3085 3639 3270 3695 LXVI.

2410 3737 2547 3790 Item
2575 3733 2639 3788 de
2663 3730 2965 3787 virtutibus
2989 3737 3042 3785 et
3070 3745 3168 3784 sex
3198 3727 3464 3797 gradibus
3512 3745 3711 3783 eorum

2348 3803 2746 3883 φυσικὴ.ἠθικὴ
2759 3799 3044 3868 ,πολίτικὴ
3102 3800 3412 3875 θεωρητικὴ
3460 3800 3759 3874 θεουργική
3772 3842 3786 3853 .

2302 3905 2599 3961 Virtutum
2630 3902 2844 3974 gradus
2875 3917 2975 3956 sex
3005 3915 3133 3955 esse
3155 3899 3700 3972 perbibentur.Alia
3728 3898 3882 3954 enim

2233 3997 2418 4051 virtus
2451 3989 2736 4048 naturalis
2767 3994 2879 4055 est,
2912 4005 3038 4060 qua;
3071 3987 3306 4059 quidem
3325 3987 3387 4042 in
3445 3987 3588 4042 feris
3645 4002 3882 4058 quoque

2234 4081 2709 4156 deprehenditur.
2761 4077 2891 4133 Alia
2947 4075 3210 4143 moralis,
3286 4093 3403 4149 qua
3469 4075 3886 4146 imperitorum

2235 4187 2468 4246 quoque
2499 4167 2764 4226 nonnulli
2810 4166 3035 4239 praediti
3085 4169 3246 4222 sunt.
3306 4165 3434 4221 Alia
3490 4164 3711 4230 civilis,
3759 4181 3894 4237 qua

2234 4261 2462 4318 ratione
2492 4263 2550 4314 et
2581 4256 2894 4330 prudentia
2917 4254 3341 4328 rempublicam
3375 4255 3742 4311 moderatur.
3769 4255 3893 4310 Alia

2235 4349 2700 4424 purgativa,quae
2730 4347 3030 4402 hominem
3049 4346 3121 4401 ab
3141 4345 3303 4400 omni
3337 4344 3709 4400 atl‘ectionem
3746 4352 3892 4417 pert-

2235 4440 2636 4497 turbationeve
2660 4435 3026 4508 purgat.Alia
3057 4434 3526 4506 contemplativa,
3557 4451 3705 4505 ,quae
3739 4451 3895 4490 men-

479 4557 711 4600 sumus.
743 4537 1029 4593 Continuo
1060 4535 1215 4592 enim
1239 4534 1312 4588 ad
1336 4531 1497 4586 illam
1529 4529 1925 4595 ascendimus,
1958 4527 2117 4598 ejus-
2146 4548 2193 4613 D
2223 4546 2342 4604 tem
2374 4525 2832 4597 contemplatur.
2865 4523 2992 4579 Alia
3040 4521 3888 4593 deiﬁcativa,qua=diviniorem

481 4647 593 4703 que
623 4626 903 4684 beneﬁcio
934 4626 1002 4680 ad
1027 4625 1356 4679 universam
1390 4622 1642 4676 mentem
1700 4616 2117 4686 convertimur,

481 4723 538 4774 et
560 4717 617 4772 in
646 4731 714 4771 ea
736 4715 966 4770 tandem
990 4711 1342 4782 perﬁcimur.

1119 4820 1268 4876 CAP.
1292 4815 1478 4872 LXIV.

480 4938 519 5006 -ξ-
540 4937 615 4991 De
642 4939 820 4990 mente
866 4941 918 4987 et
971 4928 1180 4992 anima,
1212 4930 1267 5006 et
1284 4926 1600 5006 furiasque
1649 4921 1842 4992 [armis
1897 4937 2119 4976 earum-

1061 5017 1164 5074 que
1203 4998 1540 5070 differentis.
1900 5030 1903 5031 ν

551 5115 792 5170 Formas
826 5109 1054 5166 duobus
1075 5106 1265 5163 modis
1280 5101 1652 5169 habemus,in
1671 5099 1862 5157 anima
1883 5099 2121 5171 quidem

477 5205 647 5278 quasi
681 5202 1081 5269 subvolantes,
1118 5196 1407 5270 quasique
1433 5197 1734 5265 separatas
1763 5209 1779 5260 ;
1830 5190 1888 5246 in
1930 5196 2124 5245 mente

474 5310 608 5350 vero
631 5291 811 5349 simul
840 5306 1067 5347 omnes.

552 5383 748 5438 Mense
775 5387 966 5436 autem
1001 5377 1114 5435 alia
1145 5381 1234 5433 est
1266 5373 1862 5448 participatione,quaa
1906 5368 2122 5426 rectius

483 5463 759 5539 ἕλλαμψις
787 5468 966 5541 γοερά,
1025 5483 1127 5523 seu
1178 5464 1530 5520 illuminatio
1566 5457 1977 5517 intellectualis
2026 5474 2121 5529 ap-

483 5551 750 5623 pellatur,
795 5557 911 5612 alia
947 5572 1080 5612 vero
1111 5551 1596 5610 essentialis.Jam
1648 5565 1811 5606 mens
1837 5564 1966 5620 quae
1996 5563 2124 5620 par-

482 5637 822 5706 ticipatione
853 5647 1102 5710 constat,
1133 5660 1202 5698 ea
1230 5641 1313 5698 est
1345 5639 1709 5713 qumvanimas
1733 5635 2122 5694 communica-

2228 4617 2436 4675 animas
2497 4618 2708 4671 nostris
2776 4616 2999 4684 partem
3079 4611 3311 4678 excitat,
3384 4625 3520 4666 cum
3589 4611 3725 4681 ipso
3784 4612 3890 4666 Deo

2227 4705 2550 4778 conjungit,
2585 4707 2756 4775 atque
2816 4701 3078 4757 divinum
3124 4701 3378 4756 favorem
3416 4699 3716 4756 immittit.
3749 4698 3892 4755 Sunt

2227 4814 2360 4854 vero
2408 4793 2533 4851 aliae
2586 4807 2819 4865 quoque
2869 4790 2962 4846 his
3022 4791 3354 4861 superiores
3415 4788 3692 4846 virtutes.
3757 4789 3888 4844 Alia

2230 4886 2466 4959 quidem
2491 4891 2768 4952 tanquam
2805 4878 3168 4950 reliquarum
3227 4878 3509 4934 virtutum
3563 4878 3888 4950 exemplar,

2233 4976 2360 5032 alia:
2390 4971 2705 5029 essentiam
2730 4984 2965 5026 omnem
2997 4968 3422 5024 transcendunt
3449 4983 3462 5022 :
3497 4967 3888 5037 quaequidsm

2233 5081 2346 5121 non
2370 5065 2508 5119 sunt
2528 5057 3378 5129 accidentia,quemadmodum
3398 5059 3619 5111 caeteras
3643 5055 3890 5110 virtutes

2233 5153 2402 5211 nobis
2435 5151 2696 5207 accidere
2763 5147 2994 5203 solent:
3043 5147 3144 5202 sed
3203 5144 3656 5214 intellectuales,
3718 5150 3890 5216 atque

2232 5241 2753 5320 superessentiales
2785 5239 3075 5297 assentire.

2836 5361 2993 5413 CAP.
3073 5355 3283 5413 LXVII.

2344 5455 2426 5507 De
2445 5447 2742 5506 virtutibus
2769 5445 2971 5519 quibus
3028 5446 3185 5502 homo
3241 5449 3516 5518 perfectus
3575 5443 3788 5499 evadit.

2301 5543 2441 5599 Tres
2466 5541 2605 5595 sunt
2631 5536 2877 5592 virtutes
2908 5534 3121 5605 quibus
3142 5533 3317 5592 homo
3350 5533 3654 5605 perfectus
3683 5532 3887 5588 evadit:

2230 5630 2533 5694 sanctitas,
2604 5640 2735 5697 quas
2789 5625 2863 5680 ad
2927 5625 3108 5682 Deum
3170 5623 3486 5682 ascendere
3565 5621 3885 5682 contendit.
