4066 6208
265 378 424 437 1193

257 704 389 758 quas
438 689 609 744 nobis
666 689 813 760 ipsis
871 691 1049 747 vitam
1109 693 1508 767 intelligentiae
1571 701 1910 772 perticipem

258 779 702 834 accommodare
756 781 972 836 studet.
1031 782 1175 837 Nam
1245 789 1528 841 sancitate
1601 805 1733 842 cum
1796 806 1910 845 uno

258 872 436 938 atque
495 884 628 923 cum
689 869 804 924 Deo
867 871 1280 944 conjungitur:
1342 875 1567 943 iustitia
1626 895 1760 934 vero
1837 879 1909 935 iis

258 957 656 1026 providemus,
677 973 808 1028 quae
837 958 1111 1016 inferiora
1141 967 1276 1017 sunt
1296 979 1308 1018 :
1331 964 1639 1034 prudentia
1660 966 1907 1036 denique

254 1047 564 1100 scientiam
606 1046 958 1103 ineffabilem
1014 1053 1440 1122 consequimur.
1472 1057 1601 1108 Jam
1664 1055 1905 1111 moralis

252 1137 440 1190 virtus
471 1153 502 1189 a
525 1136 836 1205 prudentia
859 1140 1150 1194 exoritur:
1178 1157 1281 1196 nec
1314 1142 1671 1210 actione,sed
1707 1161 1902 1199 rerum

251 1238 364 1276 usu
398 1230 788 1294 comparatur.
828 1226 902 1280 Ea
951 1243 1120 1296 porro
1171 1229 1405 1284 virtutis
1464 1231 1740 1286 divinitas
1785 1238 1898 1301 est,

251 1318 318 1364 ut
361 1314 560 1367 omnia
611 1329 734 1384 quae
788 1321 927 1368 sunt.
987 1317 1043 1370 in
1103 1333 1297 1373 rerum
1356 1325 1565 1375 natura
1620 1327 1896 1392 permeet.

251 1407 354 1455 list
385 1403 538 1455 enim
571 1403 1510 1476 supercmlestis,supermundana
1528 1415 1584 1464 et
1603 1411 1900 1466 mundana

247 1492 460 1546 virtus.
520 1491 663 1545 Item
722 1491 1160 1560 intellectualis,
1195 1496 1489 1562 animalis,
1533 1499 1794 1570 angelica
1843 1505 1899 1554 et

247 1580 528 1634 humana.

323 1671 418 1724 Est
449 1685 579 1724 vero
620 1672 934 1726 virtutibus
968 1690 1106 1728 suus
1137 1675 1305 1745 quasi
1342 1677 1488 1741 fons,
1541 1679 1711 1744 cujus
1768 1682 1892 1733 tum

246 1759 484 1814 demum
522 1760 830 1830 participes
863 1761 1169 1830 efﬁcimur,
1196 1780 1326 1817 cum
1361 1765 1695 1836 particulari
1730 1766 1895 1821 intel-

1619 390 2017 456 THESAURI
2066 398 2212 458 LIB.
2265 405 2340 462 II.

262 510 435 580 quasi
458 509 710 566 hominis
727 513 903 568 vitam
929 515 1038 569 Deo
1060 531 1410 574 consscrans
1435 519 1908 593 :allerajustitia,
1942 529 1992 594 Α

257 615 390 670 quas
422 599 594 654 rebus
634 602 980 658 necessariis
1012 604 1311 675 providet;
1375 609 1543 663 tertia
1605 613 1914 679 prudentia

3517 432 3671 492 1194

2027 529 2318 633 positised
2365 540 2636 633 praeclare
2693 545 2994 603 nobiscum
3031 555 3255 622 agatur,
3291 557 3338 610 si
3372 575 3477 615 nos
3507 560 3670 633 ipsos

2019 617 2333 680 virtutibus
2366 627 2636 685 civilibus
2668 647 2948 692 exornare
2973 617 3289 708 possimus.

2664 751 2817 805 CAP.
2853 752 3012 808 LXX.

2603 858 2739 912 Item
2768 859 2833 913 de
2868 864 3078 918 animo.

2085 961 2290 1018 Anima
2346 967 2645 1026 rationalis
2681 977 2770 1027 est
2812 981 3063 1032 essentia
3123 982 3335 1051 tenuis,
3397 989 3653 1044 materiai

2012 1052 2067 1102 et
2092 1049 2287 1106 formas
2310 1070 2535 1126 expers,
2568 1066 2739 1131 typus
2770 1068 2826 1117 et
2858 1065 3049 1138 imago
3088 1070 3203 1126 Dei.
3240 1049 3451 1129 Anima
3485 1093 3656 1145 porro

2011 1153 2043 1234 ξι
2120 1142 2336 1197 Grecis
2405 1146 2557 1218 ψυχὴ
2633 1149 2850 1206 dicitur
2915 1150 3005 1208 διὰ
3107 1157 3167 1210 τὸ
3253 1142 3655 1234 ψύχεινξῆτοι

2008 1220 2096 1278 διὰ
2124 1235 2222 1296 τῆς
2255 1229 2455 1294 οἰκείας
2494 1232 2758 1312 ἐνεργείας
2789 1245 3083 1308 ζωοποιεῖν
3123 1246 3184 1300 τὸ
3219 1252 3402 1320 σῶμα,
3437 1253 3543 1307 hoc
3574 1261 3662 1310 est

2009 1326 2313 1411 propterea
2361 1329 2510 1396 quod
2546 1344 2760 1400 corpus
2814 1335 3133 1405 refrigeret,
3191 1341 3533 1411 pr0priaque
3573 1362 3661 1400 ac-

2007 1407 2164 1462 tione
2195 1411 2462 1470 viviﬁcet.
2499 1417 2710 1472 Anima
2736 1423 3038 1478 rationalis
3102 1407 3203 1480 est,
3241 1407 3471 1485 materia
3528 1450 3660 1488 con-

2005 1500 2168 1589 stans
2193 1500 2362 1566 actio,
2400 1521 2527 1574 qua
2560 1507 2800 1576 spiritus
2833 1510 3112 1568 beneficio
3141 1518 3412 1586 sanguini
3453 1521 3656 1589 vitam,

2001 1585 2276 1654 calorem,
2332 1595 2389 1644 et
2430 1598 2649 1648 motum
2692 1599 3039 1667 suppeditat.
3087 1602 3215 1656 Vita
3265 1585 3466 1662 autem
3526 1585 3655 1664 uni;

2002 1674 2175 1729 malis
2205 1683 2292 1730 est
2351 1678 2600 1737 facultas
2634 1685 2954 1740 materialis
3014 1693 3202 1744 activa
3232 1698 3288 1746 et
3346 1696 3651 1764 sensitive,

1999 1779 2116 1832 qua
2138 1779 2350 1834 corpus
2398 1774 2644 1824 constat.
2684 1772 2846 1829 Mens
2899 1777 3202 1834 rationalis
3259 1797 3469 1837 sensus
3535 1786 3650 1850 itte,

244 1847 490 1919 ligentia
519 1847 759 1920 longum
783 1849 1174 1921 valerejussa,
1198 1853 1617 1924 perfectissime
1646 1856 1890 1912 virtutes
1923 1888 1970 1952 Β
2001 1867 2116 1922 quo
2148 1854 2402 1911 animam
2434 1859 2824 1917 immortalem
2871 1869 2927 1918 et
2957 1865 3360 1940 intelligentia:
3407 1847 3648 1942 perticis

241 1953 449 1993 omnes
481 1939 874 2007 exsequimur.

856 2065 1008 2121 CAP.
1044 2066 1286 2123 LXVIII.

241 2187 321 2241 De
398 2186 710 2252 virtutibus,
765 2196 814 2243 et
889 2204 1089 2311 erigunt
1139 2191 1346 2259 finibus
1403 2191 1791 2266 μετριοπάθεια
1844 2202 1896 2250 et

994 2271 1185 2311 innatat

994 2271 1185 2322 πάθεια

320 2355 589 2411 Civilium
624 2356 856 2427 quidem
885 2359 1299 2426 virtutum,seu
1320 2362 1604 2418 exteriora
1632 2362 1893 2418 hominis

247 2445 660 2499 exornantium
699 2445 1110 2518 μετριοπάθεια,
1133 2465 1234 2502 seu
1269 2449 1633 2504 ati'ectionum
1663 2452 1892 2520 modus,

244 2533 516 2596 ﬁnisest,
552 2551 678 2604 quae
731 2533 968 2605 quidem
1032 2540 1099 2592 ad
1161 2537 1482 2594 humanam
1533 2541 1890 2608 societatem,

243 2641 380 2696 quae
413 2642 445 2679 a
503 2624 716 2678 damno
765 2625 974 2680 vicinis
1019 2626 1318 2682 inferendo
1369 2633 1547 2697 cavet,
1611 2634 1892 2700 tanquam

244 2714 322 2770 ad
349 2729 585 2784 scopum
619 2713 1022 2785 respicientes,
1055 2733 1087 2770 a
1113 2717 1556 2786 congregatione
1575 2725 1896 2790 mutuaque

245 2801 652 2857 benevolentia
681 2801 880 2859 civiles
912 2803 1665 2876 dicuntur.Purgativarum
1699 2814 1893 2863 autem

246 2893 532 2946 virtutum
569 2891 698 2946 ﬁnis
731 2889 1008 2959 ἅιπεὶθειίιι,⁹
1042 2911 1142 2949 seu
1177 2893 1594 2966 impatibilitas.
1631 2899 1895 2952 Contem-

248 2981 604 3053 plativarum
642 2997 810 3053 porro
842 2981 939 3037 Dei
985 2983 1347 3039 assimilatio.
1381 2987 1568 3056 Atque
1598 2985 1712 3040 alio
1768 2987 1894 3056 qui-

245 3071 387 3125 dem
435 3071 606 3124 modo
651 3071 1057 3142 temperantia,
1109 3073 1437 3144 prudentia,
1492 3075 1794 3141 fortitudo,
1839 3078 1898 3130 et

237 3159 481 3230 justitia
522 3159 579 3213 in
629 3159 943 3214 virtutibus
997 3159 1286 3229 civilibus,
1318 3161 1428 3217 alio
1462 3163 1517 3216 in
1552 3163 1894 3234 purgativis,

2003 1957 2134 2011 pem
2195 1946 2678 2017 contemplemur.
2732 1953 2898 2016 Item,
2953 1970 3115 2010 mens
3171 1962 3258 2012 est
3309 1960 3648 2031 incorporea

2001 2031 2174 2098 visio,
2207 2051 2333 2104 quas
2365 2035 2512 2090 citra
2542 2035 2798 2095 laborem
2819 2042 3015 2098 omnia
3046 2061 3176 2116 quae
3209 2057 3345 2102 sunt
3367 2049 3424 2102 in
3450 2067 3645 2106 rerum

2003 2125 2212 2176 natura
2241 2123 2539 2179 discurrit.

2621 2219 2773 2274 CAP.
2824 2221 3016 2277 LXXI.

2007 2329 2087 2380 De
2115 2327 2450 2413 animarum.
2469 2330 2783 2413 infernam
2823 2336 3222 2413 insinuatione.
3271 2340 3645 2413 Philosophiae

2323 2399 2668 2469 difﬁcillima
2695 2419 2923 2475 quaeque
2939 2409 3143 2476 [acilia
3167 2417 3318 2466 sunt.

2081 2513 2294 2570 Modus
2320 2534 2434 2587 quo
2467 2519 2670 2574 animis
2699 2520 2756 2574 in
2788 2537 3029 2593 corpora
3090 2524 3488 2598 insinuantur,
3525 2548 3645 2601 per-

2003 2602 2138 2656 inde
2198 2609 2372 2675 atque
2424 2606 2493 2675 is,
2545 2625 2660 2678 quo
2720 2608 2855 2664 hinc
2923 2614 3138 2668 eaedem
3201 2633 3234 2669 a
3304 2620 3647 2689 corporibus

2007 2690 2412 2748 dissolvuntur
2441 2699 2542 2750 aut
2591 2703 2959 2768 separantur,
2992 2706 3049 2756 et
3097 2704 3504 2776 ambiguitatis
3554 2725 3649 2764 re-

2009 2779 2384 2848 fertissimus,
2413 2789 2468 2838 et
2526 2787 2758 2855 cognitu
2801 2788 3185 2846 difﬁcillimus
3240 2799 3348 2848 est.
3382 2795 3644 2858 Quonam

2004 2868 2156 2924 enim
2190 2870 2360 2925 modo
2393 2873 2581 2942 prima
2614 2875 2713 2929 illa
2733 2874 3152 2934 elementorum
3190 2888 3646 2952 temperamenta

2004 2957 2062 3010 in
2113 2958 2282 3014 nobis
2341 2959 2485 3031 ipsis
2531 2961 2798 3028 coierint,
2845 2982 3014 3021 nemo
3075 2973 3163 3022 est
3220 2973 3510 3040 omnium,
3543 2975 3644 3044 qui

2006 3047 2362 3103 meminerit.
2389 3053 2671 3106 Praeterea
2704 3051 2800 3108 illa
2846 3054 3218 3126 singulorum
3261 3059 3650 3118 animantium

2006 3134 2311 3191 dissolutio
2343 3138 2834 3208 futuris,necdurn
2869 3143 3238 3209 factis,rebus
3283 3155 3645 3208 accensetur.

248 3225 1185 3320 aliodeniqueincontemplativis
1204 3225 1889 3307 consideranturherum
1933 3233 1975 3300 Ο
2005 3225 2266 3320 ΟΠῘ-δθτί
2300 3245 2436 3299 ergo
2480 3234 2690 3301 Ροδθθίθ
2726 3235 2786 3286 υί
2834 3249 3034 3288 eorum
3076 3235 3220 3289 ratio
3265 3254 3296 3290 ⁸
3349 3254 3644 3310 quoquam

247 3338 409 3393 enim
431 3339 829 3406 subjectarum
855 3337 1321 3405 modi,virtutum
1347 3355 1574 3409 quoque
1599 3341 1898 3396 facultates

249 3426 654 3481 nominantur.
689 3426 754 3479 Et
787 3426 885 3496 qui
917 3427 1239 3496 majoribus
1271 3430 1547 3497 praeditus
1600 3439 1682 3483 est
1717 3430 1894 3484 virtu-

249 3517 439 3580 tibus,
475 3515 624 3568 idem
667 3522 721 3569 et
781 3516 1104 3570 minoribus
1147 3517 1424 3586 praeditus
1469 3522 1576 3573 est.
1627 3518 1732 3582 Qui
1767 3535 1897 3574 vero

252 3603 586 3660 minoribus
617 3604 954 3670 carel,idem
989 3606 1309 3675 majoribus
1343 3621 1573 3679 quoque
1603 3606 1898 3675 caret,nisi

252 3693 329 3750 ad
362 3692 493 3748 illas
525 3693 876 3764 proﬁciendo
906 3693 1204 3750 ascendat.

897 3816 1044 3872 CAP.
1075 3817 1258 3873 LXIX.

331 3947 406 4000 De
433 3944 752 4000 virtutibus.
789 3947 896 4000 Deo
925 3944 1137 4002 similes
1192 3931 1366 4003 variis
1391 3949 1565 4004 modis
1592 3947 1898 4019 efﬁcimur.

332 4070 461 4125 Non
495 4087 609 4124 una
640 4071 956 4139 eademque
991 4087 1231 4127 numero
1283 4073 1379 4127 Dei
1415 4072 1734 4128 similitudo
1793 4078 1900 4144 est,

257 4159 381 4214 imo
432 4159 669 4214 diversa
703 4165 860 4214 sunt.
895 4159 984 4214 Illi
1032 4161 1188 4215 enim
1250 4161 1468 4216 similis
1498 4161 1799 4216 evadimus
1847 4167 1903 4216 et

258 4249 519 4304 civilium
579 4247 858 4303 beneﬁcio
889 4249 1192 4316 virtutum,
1228 4252 1329 4303 sed
1388 4251 1696 4304 obscurius
1727 4256 1904 4320 atque

255 4335 1158 4407 tenebricosius.Purgativarum
1185 4353 1414 4407 quoque
1439 4337 1715 4391 beneﬁcio
1747 4338 1906 4392 simi-

269 4424 363 4479 les
397 4423 480 4477 illi
535 4424 844 4489 efﬁcimur,
887 4425 987 4479 sed
1046 4426 1400 4496 expressius.
1430 4425 1904 4496 Contemplativm

255 4513 501 4583 insuper
532 4529 638 4567 nos
669 4513 718 4568 ei
753 4513 977 4568 similes
1007 4513 1287 4579 efﬁciunt,
1321 4516 1419 4569 sed
1457 4514 1628 4569 etiam
1666 4515 1902 4571 clarius.

2006 3316 2303 3385 reddatur,
2358 3336 2606 3390 quorum
2655 3337 2759 3376 nec
2817 3325 3106 3393 meminit,
3158 3343 3261 3382 nec
3323 3331 3649 3398 periculum

2007 3409 2178 3464 fecit?
2207 3408 2421 3464 Verum
2453 3411 2745 3466 enimvero
2777 3413 2914 3482 quia
2947 3414 3090 3468 nihil
3118 3421 3235 3470 tam
3259 3418 3509 3474 arduum
3538 3426 3646 3492 est,

2007 3497 2160 3569 quod
2196 3497 2566 3569 philosophia
2589 3499 2850 3570 improbo
2883 3501 3080 3558 labore
3113 3521 3222 3559 non
3258 3506 3505 3574 evincat,
3531 3510 3648 3567 imo

2007 3602 2141 3642 vero
2171 3587 2223 3641 ei
2251 3586 2406 3641 dictu
2445 3587 2636 3643 facilia
2667 3595 2826 3657 sunt,
2859 3607 2986 3660 quae
3019 3591 3166 3647 alias
3208 3595 3531 3651 ineffabilia
3557 3613 3569 3651 :
3595 3604 3653 3654 et

2007 3675 2296 3744 explicatu
2333 3675 2631 3745 facillima,
2665 3694 2792 3748 quas
2841 3678 3110 3734 intricata
3145 3685 3392 3738 maxime
3423 3685 3653 3754 perple-

2008 3780 2195 3835 xaque
2227 3765 2473 3833 videtur,
2525 3765 2741 3820 idcirco
2791 3767 2863 3821 ab
2913 3767 3017 3822 illa
3071 3785 3268 3823 eorum
3321 3771 3390 3826 de
3437 3771 3649 3842 quibus

2009 3851 2316 3908 addubitas
2339 3853 2661 3909 solutiones
2697 3854 2800 3908 tibi
2837 3857 3174 3912 mutuunda:
3205 3862 3361 3912 sunt.

2612 3959 2768 4013 CAP.
2814 3960 3041 4015 LXXII.

2011 4065 2256 4132 Quatuor
2275 4065 2547 4134 exemptis
2576 4066 2891 4138 animarum
2924 4067 2980 4120 in
3011 4082 3244 4138 corpora
3274 4071 3653 4129 insinuatione

2634 4137 3049 4192 demonstratur

2084 4244 2384 4316 Itaque(ut
2410 4242 2518 4296 hoc
2551 4242 2739 4312 primo
2761 4244 3164 4316 expediamus)
3201 4245 3654 4305 insinuationem

2014 4337 2171 4393 illam
2221 4334 2552 4389 animarum
2581 4331 2639 4385 in
2673 4347 2915 4402 corpora
2962 4348 3099 4388 cave
3149 4351 3489 4405 corpoream
3537 4339 3658 4393 exi-

2013 4427 2220 4481 stimes
2251 4429 2352 4478 aut
2383 4421 2639 4476 animam
2671 4436 2800 4490 quae
2831 4437 3082 4491 superne
3110 4423 3664 4488 dimittitur,neces-

2015 4513 2169 4570 sario
2201 4512 2269 4566 ad
2305 4526 2515 4579 corpus
2539 4508 2842 4578 applicari,
2877 4514 2981 4564 aut
3007 4511 3282 4568 diuturno
3313 4514 3371 4567 in
3408 4511 3466 4568 id
3497 4520 3658 4568 motu

258 4603 621 4659 Deiﬁcativis
653 4602 904 4674 denique
935 4604 1244 4659 virtutibus
1303 4609 1417 4660 Deo
1448 4605 1672 4660 similes
1725 4606 1905 4661 effici-
1938 4599 1984 4664 D
2022 4600 2320 4672 inspirari,
2353 4603 2456 4653 aut
2486 4596 2709 4652 inferne
2740 4597 2890 4652 trahi
2927 4599 3262 4671 aspirative,
3286 4611 3384 4656 aut
3433 4618 3501 4657 ex
3530 4618 3663 4658 aere

258 4707 418 4758 mur,
468 4708 568 4762 per
609 4708 756 4762 quas
798 4708 932 4748 vere
987 4693 1226 4748 demum
1295 4694 1749 4765 praestantiorem
1815 4697 1910 4751 Dei

255 4779 712 4836 similitudinem
738 4781 1520 4852 consequimur.Animarum
1543 4783 1699 4839 enim
1723 4785 1913 4856 expia-

253 4871 363 4938 tio,
399 4875 456 4924 et
495 4886 694 4924 eorum
747 4885 872 4940 quas
919 4876 1056 4925 sunt
1106 4871 1539 4942 contemplatio,
1602 4889 1714 4928 non
1750 4873 1912 4928 omni

258 4976 330 5016 ex
367 4963 528 5029 parte
553 4964 664 5014 Deo
696 4969 834 5014 sunt
865 4959 1107 5015 similes.

341 5047 442 5102 Ille
477 5047 635 5102 enim
668 5047 1050 5118 expiationem
1086 5065 1312 5105 omnem
1349 5057 1405 5107 et
1462 5051 1914 5124 contemplatio-

261 5153 400 5193 nem
451 5142 783 5208 exsuperat.
816 5137 925 5193 Sed
989 5138 1235 5195 facultas
1298 5140 1417 5210 illa,
1452 5157 1578 5211 qua:
1615 5142 1913 5198 hominem

260 5225 520 5292 deiﬁcat,
557 5225 810 5282 materiis
843 5227 1139 5288 subducit.
1175 5233 1349 5298 atque
1377 5231 1449 5283 ab
1483 5230 1786 5286 effectibus
1833 5233 1915 5286 ita

261 5315 494 5385 liberat,
548 5322 613 5372 ut
669 5316 915 5373 alterum
965 5318 1165 5372 eadem
1229 5319 1591 5373 doiﬁcatione
1644 5326 1916 5388 prmstare

265 5403 609 5476 possit,illa,
630 5405 1314 5477 inquam,perfectissima
1338 5407 1439 5462 Dei
1463 5408 1787 5462 similitudo
1806 5413 1912 5464 est.

263 5493 362 5548 Ait
389 5494 544 5547 enim
578 5492 731 5549 Deus
763 5494 822 5548 in
858 5495 1180 5566 Evangeliis
1209 5513 1221 5550 :
1256 5497 1360 5561 Qui
1413 5502 1645 5566 separat
1704 5496 1916 5568 pretio-

264 5594 401 5634 sum
435 5595 467 5632 a
488 5576 785 5650 vili,quasi
819 5597 885 5634 os
910 5596 1104 5635 meum
1137 5582 1784 5654 erit.Viden,quomodo
1802 5586 1919 5641 dei-

267 5668 510 5724 ﬁcativrs
526 5668 721 5724 virtuti
737 5669 1106 5727 verissimam
1130 5671 1227 5726 Dei
1246 5671 1717 5730 similitudimem
1737 5676 1916 5732 ascri-

595 5804 849 5861 PATROL.
898 5800 1008 5859 0a.
1057 5799 1372 5863 CXXXIX.

2022 4691 2168 4762 rapi,
2226 4693 2328 4743 aut
2378 4703 2476 4758 per
2552 4687 2806 4754 narium,
2859 4687 2944 4742 vel
3003 4691 3281 4761 corporis,
3341 4690 3429 4745 vel
3485 4692 3661 4746 etiam

2023 4782 2274 4835 incertos
2302 4778 2449 4832 alios
2493 4775 2777 4847 quosdam
2813 4782 3068 4845 meatus,
3119 4795 3231 4834 non
3268 4795 3437 4834 secus
3487 4785 3664 4852 atque

2024 4885 2126 4941 per
2155 4867 2442 4939 quasdam
2474 4865 2648 4932 fores,
2683 4865 2909 4936 ingredi
2945 4867 3253 4935 putes.Nec
3277 4867 3373 4922 illa
3408 4867 3664 4923 hominis

2024 4958 2264 5030 agitatio
2293 4953 2511 5011 similia
2541 4954 2836 5009 similibus
2859 4970 3163 5026 aggerens,
3198 4957 3424 5010 animas
3447 4955 3504 5009 in
3540 4971 3665 5011 cor-

2025 5064 2166 5119 pora
2221 5043 2504 5100 detrudit.
2564 5047 2679 5098 Nec
2737 5042 2988 5098 cmlestis
3038 5043 3300 5110 inﬂuxio,
3333 5045 3404 5098 ab
3445 5046 3666 5098 oriente

2025 5137 2365 5211 procedens,
2398 5133 2633 5187 easdem
2670 5138 2861 5203 urget,
2891 5132 3114 5188 introve
3145 5132 3339 5202 pellit:
3374 5149 3476 5187 nec
3508 5133 3664 5187 enim

2025 5226 2224 5280 anima
2253 5227 2530 5292 tanquam
2565 5236 2633 5274 ex
2662 5225 3036 5290 aposterrate,
3070 5227 3169 5274 aut
3190 5236 3445 5287 secessu,
3483 5236 3670 5291 neque

2027 5313 2391 5380 circuitione,
2421 5325 2608 5380 neque
2647 5325 2706 5362 se
2737 5308 3021 5378 pautatim
3051 5309 3333 5364 movendo
3364 5309 3436 5364 ad
3459 5325 3672 5380 corpus

2027 5400 2290 5475 appellit,
2323 5400 2492 5469 eique
2549 5397 2946 5467 conjungitur.
2980 5398 3087 5452 Sed
3121 5397 3212 5468 (ut
3244 5413 3364 5452 rem
3405 5397 3676 5468 exemplis

2027 5486 2862 5559 illustrem)quemadmodum
2897 5503 2926 5540 e
2983 5485 3163 5542 nihilo
3208 5502 3554 5559 progressus
3603 5488 3676 5542 ad

2027 5599 2222 5640 rerum
2259 5585 2529 5634 naturam
2564 5578 2686 5632 ﬁeri
2722 5577 2888 5645 solet,
2911 5577 2992 5632 ita
3017 5578 3191 5633 etiam
3225 5577 3386 5634 illam
3423 5579 3684 5634 conferta

2027 5673 2205 5730 simul
2237 5674 2294 5726 et
2315 5667 2442 5724 sine
2475 5671 2636 5722 motu
2671 5666 2952 5738 procedit.

3285 5793 3362 5855 38
