4066 6208
435 375 592 438 1195

1755 355 2064 415 ΝΙΟΕΤΒ
2108 353 2545 415 ΟΗΟΝΙΑΊῚΕ.

3693 357 3848 418 1196

508 504 575 558 Et
606 495 1100 574 quemadmodum
1126 512 1154 546 a
1189 490 1329 546 solis
1359 492 1488 544 ortu
1539 490 1752 543 cuncta
1777 487 1904 542 sine
1953 483 2074 540 ulla
2107 485 2157 550 Α
2185 485 2510 574 quastione
2542 486 2858 558 proposita,
2887 488 2971 542 vel
3004 487 3076 541 ab
3105 487 3397 559 apostolis
3432 487 3745 553 traditum,
3771 487 3856 542 vel

436 609 599 649 mora
621 591 1012 650 illustrantur,
1037 589 1094 638 et
1124 583 1180 636 in
1215 580 1422 652 primis
1453 577 1682 648 aer,qui
1721 593 1824 632 nos
1858 574 2035 630 ambit
2064 590 2075 627 :

436 677 930 755 quemadmodum
967 676 1100 729 item
1160 672 1388 726 chordae
1435 669 1494 723 in
1555 668 1770 722 fidibus
1817 683 1921 720 suo
1953 665 2076 718 loco

441 769 756 842 dispositis,
808 764 1038 822 etiamsi
1114 761 1286 833 paulo
1360 759 1594 830 longius
1643 761 1878 812 remotae
1937 755 2082 820 sint,

443 878 558 917 una
613 864 810 914 tamen
860 871 986 910 cum
1055 852 1185 907 aliis
1255 854 1584 912 moventur,
1646 849 2085 914 concentusque

440 949 752 1024 participes
786 947 962 1001 fiunt:
1022 938 1511 1014 quemadmodum
1564 935 1817 1008 denique
1865 933 2085 988 Pbthas

442 1042 537 1099 ille
563 1039 662 1113 qui
694 1038 928 1099 dicitur,
955 1049 1054 1089 seu
1079 1030 1396 1095 Vulcanus,
1420 1028 1498 1081 ita
1534 1026 1666 1081 iane
1690 1024 2086 1113 succenditur,

445 1141 507 1191 ut
563 1112 947 1184 intermedius
1007 1139 1103 1176 aer
1171 1136 1284 1174 non
1344 1119 1717 1173 exardescat:
1779 1113 1862 1168 ita
1915 1112 2087 1167 etiam

445 1233 658 1288 corpus
690 1213 994 1271 confertim
1025 1213 1081 1264 et
1119 1205 1297 1263 simul
1343 1205 1412 1260 ab
1465 1205 1659 1258 anima
1694 1200 2089 1263 succenditur,

446 1315 502 1364 et
559 1306 902 1368 illustratur,
965 1303 1139 1368 atque
1181 1293 1561 1350 facultatibus
1622 1293 1744 1360 ejus
1813 1289 2090 1360 repletur,

448 1401 504 1453 et
529 1395 602 1450 iis
633 1392 844 1465 quibus
869 1403 1060 1443 rerum
1083 1383 1473 1457 cognitionem
1520 1380 1901 1452 adipiscatur,
1937 1384 1992 1432 et
2022 1377 2093 1431 iis

451 1485 667 1557 quibus
709 1481 820 1536 sibi
848 1476 1041 1535 simile
1069 1477 1432 1546 progeneret.

525 1574 640 1629 Nec
695 1586 829 1626 vero
876 1567 975 1622 illa
1023 1563 1305 1636 paulatim
1368 1576 1469 1632 per
1523 1557 1784 1628 corporis
1833 1555 2100 1611 membra

452 1660 826 1724 diffunditur,
885 1669 1074 1725 neque
1135 1667 1234 1707 cor
1292 1649 1547 1720 primum
1589 1651 1689 1701 aut
1739 1646 1939 1716 hepar,
1999 1656 2102 1705 aut,

452 1751 759 1810 cerebrum
783 1751 1048 1816 occupat,
1074 1740 1332 1810 indeque
1363 1753 1464 1808 per
1494 1743 1729 1791 caaleras
1764 1739 1956 1805 partes
1989 1732 2100 1788 dif-

2190 573 2260 626 ah
2285 572 2422 628 ullis
2454 574 2581 628 aliis
2611 575 2831 630 sanctis
2864 575 3139 631 Patribus
3170 578 3533 647 accepimus,
3565 586 3852 646 quantum

2193 676 2260 714 ex
2292 661 2527 716 illorum
2582 662 2820 734 scriptis
2881 664 3150 734 colligere
3201 680 3459 735 possum.
3499 670 3853 719 Nostrorum

2194 767 2330 822 ergo
2378 753 2663 820 nonnulli,
2697 754 2798 824 qui
2859 771 2927 809 ea
2989 771 3114 825 qua:
3169 754 3516 810 sublimiora
3580 756 3860 810 videntur

2196 841 2481 910 sagaciori
2507 844 2789 913 persecuti
2825 852 2962 897 sunt
2996 843 3290 913 indagine,
3326 860 3528 898 semen
3578 843 3859 908 animari,

2197 945 2330 984 cum
2365 931 2616 1000 primum
2646 933 2827 986 vulvae
2874 933 3154 1001 injectum
3189 939 3296 1000 est,
3354 938 3711 987 constanter
3767 950 3855 987 es-

2199 1032 2390 1073 serere
2421 1034 2534 1073 non
2569 1019 3022 1074 addubitarunt:
3085 1020 3168 1075 ita
3218 1025 3281 1074 ut
3336 1022 3595 1091 partium
3656 1025 3864 1074 neutra

2200 1105 2678 1176 compositionem
2713 1114 2814 1162 aut
2846 1109 3152 1179 pracedat,
3186 1114 3283 1163 aut
3314 1110 3750 1180 subsequatur.

2270 1201 2598 1252 Graecorum
2629 1204 2823 1253 autem
2857 1198 3213 1270 sapientium
3243 1199 3549 1255 nonnullis
3583 1201 3862 1272 embryo-

2204 1301 2327 1352 nes,
2360 1301 2462 1340 seu
2485 1286 2861 1357 imperfectus
2889 1289 2948 1342 in
2986 1293 3152 1343 utero
3202 1291 3352 1344 fetus
3392 1289 3597 1344 statim
3645 1293 3720 1344 ab
3772 1290 3868 1344 illa

2204 1373 2568 1431 informisua
2600 1376 2784 1431 forma
2839 1376 3089 1431 animari
3127 1377 3366 1449 placuit.
3405 1378 3552 1433 Aliis
3626 1379 3866 1433 eosdem

2204 1467 2347 1517 tunc
2369 1463 2619 1518 animari
2669 1464 2862 1519 visum
2918 1474 3024 1531 est,
3072 1482 3204 1520 cum
3257 1467 3502 1536 jamjam
3559 1467 3622 1520 in
3669 1473 3867 1522 ventre

2211 1553 2476 1606 movendi
2509 1557 2724 1607 essent.
2762 1553 2904 1608 Aliis
2930 1555 3092 1618 item,
3140 1571 3272 1609 cum
3334 1572 3365 1608 a
3400 1556 3574 1610 vulva
3633 1555 3869 1611 divelle-

2209 1645 2493 1709 rentur,et
2515 1642 2642 1711 jam
2676 1643 2746 1697 ad
2779 1642 3009 1714 lapsum
3046 1647 3350 1714 partumve
3382 1645 3869 1714 disponerentur.

2213 1729 2320 1794 Qui
2355 1730 2603 1800 denique
2634 1748 2753 1785 rem
2788 1731 3079 1787 oculatius
3110 1737 3165 1787 et
3197 1733 3452 1802 penitius
3486 1733 3686 1788 rimati
3712 1740 3874 1798 sunt,

454 1841 618 1896 ﬂuit:
673 1837 772 1892 sed
806 1832 983 1890 simul
1044 1829 1382 1884 universum
1444 1824 1834 1895 amplectitur,
1869 1829 1923 1876 et
1972 1837 2103 1876 con-
2132 1852 2176 1917 Β
2213 1835 2310 1873 eos
2343 1819 2779 1891 statimapartu
2800 1821 3111 1892 participes
3145 1822 3351 1878 anima:
3369 1825 3684 1879 rationalis
3717 1824 3873 1878 efﬁci

457 1931 602 1986 l'erto
671 1925 897 1982 lumine
957 1921 1231 1976 illustrat.
1265 1918 1547 1972 Caeterum
1608 1912 1837 1967 vincula
1884 1911 2098 1982 quibus

458 2017 690 2090 corpori
725 2014 1019 2086 alligatur,
1054 2009 1169 2064 hac
1202 2009 1359 2061 sunt.
1423 2002 1782 2058 Harmonice
1823 1999 2099 2090 rationes,

461 2114 520 2163 et
552 2089 871 2162 formarum
903 2101 1313 2155 decrementa:
1373 2092 1590 2162 quibus
1648 2092 1711 2146 ﬁt
1743 2095 1806 2144 ut
1862 2093 1918 2144 et
1969 2089 2102 2143 uni-

460 2213 648 2262 versa,
702 2203 755 2250 et
807 2187 1125 2262 singularis
1184 2189 1412 2249 natura,
1445 2181 1653 2236 deinde
1695 2181 1818 2250 ipse
1867 2195 2102 2249 quoquo

463 2304 656 2346 sermo
679 2280 1098 2342 enuntiativus,
1124 2275 1316 2331 animo
1340 2278 1674 2344 conceptus,
1703 2275 1759 2326 et
1790 2272 2100 2342 perfectus,

468 2379 666 2435 adhtec
699 2375 827 2445 ipsa
867 2374 1063 2426 formae
1105 2364 1484 2428 continuitas,
1518 2378 1634 2416 una
1665 2376 1796 2414 cum
1847 2357 2103 2429 corporis

469 2464 793 2540 aptitudine
824 2456 1206 2514 validioribus
1255 2451 1511 2507 cedentis
1546 2449 1945 2517 falcatatibus,
1987 2463 2101 2502 non

467 2571 674 2628 parum
709 2554 765 2607 in
801 2549 923 2604 dies
965 2545 1414 2601 imminuantur.
1451 2541 1512 2594 ln
1583 2540 1707 2610 ipso
1771 2554 1937 2610 porro
1968 2553 2102 2590 con-

467 2624 643 2701 cursu
677 2643 989 2711 operantur
1019 2633 1357 2705 angelorum
1395 2629 1902 2701 praefectumque:-
1931 2624 2105 2681 simul

466 2749 669 2792 omnea
721 2729 977 2785 animam
1022 2739 1152 2780 cum
1188 2735 1428 2792 corpore
1474 2717 1819 2788 disponunt,
1862 2720 1917 2771 et
1966 2731 2102 2771 con-

461 2829 714 2880 servant.

1057 2901 1210 2955 CAP.
1251 2897 1498 2953 LXXIII.

479 3005 553 3058 De
593 3003 916 3055 animarum
948 2989 1263 3062 praesertim
1318 2989 1654 3054 sanctarum,
1706 3001 1738 3038 a
1791 2982 2106 3054 corporibus

1173 3075 1412 3128 egressu.

535 3163 714 3230 Atque
743 3157 838 3212 hic
868 3153 1104 3225 quidem
1137 3148 1348 3204 modus
1379 3148 1486 3214 est,
1520 3161 1634 3216 quo
1667 3143 1872 3198 animae
1896 3143 1954 3197 in
1985 3158 2107 3198 cor-

471 3215 1038 3321 pora‘insinuantur.
1070 3239 1349 3308 Superest
1379 3240 1443 3289 ut
1486 3215 1619 3288 eum
1667 3249 1896 3303 quoque
1955 3231 2104 3302 adjl-
2145 3215 2188 3278 C

466 3339 636 3406 ciam,
664 3352 779 3407 quo
813 3332 1044 3388 tandem
1080 3347 1110 3382 a
1143 3325 1484 3398 corporibus
1516 3323 1819 3379 excedunt.
1857 3321 2110 3392 Angelus

466 3429 686 3498 itaque,
718 3431 781 3478 ut
813 3423 993 3485 aiunt,
1024 3419 1114 3473 cui
1149 3417 1385 3488 quidem
1425 3415 1631 3469 animae
1669 3411 1932 3468 custodia
1963 3412 2111 3466 divi—

467 3517 626 3572 nitus
643 3512 988 3569 demandata
1003 3503 1520 3575 est,dissolutionis
1533 3502 1836 3556 occasione
1850 3504 2110 3571 accepta,

468 3606 628 3662 illam
683 3597 1063 3657 intellectuali
1126 3595 1348 3650 lumine
1406 3591 1775 3646 ineﬂ'abiliter
1832 3589 2108 3656 illustrat,

464 3709 717 3766 moxque
766 3688 1149 3746 defatiscente
1206 3698 1465 3753 corpore,
1499 3696 1604 3735 nec
1643 3679 1768 3748 jam
1810 3677 1968 3733 illius
2011 3695 2108 3732 ca-

465 3800 601 3858 pace
633 3781 798 3854 (quia
845 3777 1123 3832 nimirum
1157 3771 1443 3845 pristinus
1501 3768 1598 3858 ille
1645 3771 1960 3858 concentus
1985 3767 2108 3858 jam

464 3855 787 3930 dissolutus
812 3873 920 3936 est,
944 3863 1415 3930 barmonicaaque
1447 3857 1703 3912 rationes
1735 3873 1795 3911 se
1829 3855 2109 3926 paulatim

463 3961 894 4025 subduxerunt)
927 3959 985 4010 in
1011 3969 1194 4008 unum
1228 3948 1506 4019 congerit,
1533 3955 1586 4001 et
1617 3945 1688 3999 ad
1747 3944 1858 4000 sibi
1909 3962 2112 4017 cogna-

464 4059 582 4109 tam
615 4051 803 4105 lucem
838 4044 1101 4102 retrahit.
1139 4046 1325 4109 Atque
1357 4041 1427 4092 ah
1473 4037 1580 4090 hac
1629 4034 1876 4105 caligine
1927 4041 2109 4092 mate-

466 4143 594 4197 riali
625 4147 879 4211 ereptam
916 4132 1222 4207 praelucida
1266 4127 1510 4184 materia
1541 4127 1825 4196 impertit,
1862 4127 2111 4197 igncque

465 4231 662 4288 divino
681 4229 882 4299 replet.
911 4225 1023 4280 Nec
1053 4237 1186 4277 vero
1218 4218 1323 4274 tibi
1359 4233 1513 4272 nunc
1545 4232 1812 4286 quaenam
1868 4232 1992 4270 mea
2040 4217 2109 4269 de

461 4319 760 4376 variarum
798 4315 1124 4371 animarum
1144 4309 1298 4364 exitu
1333 4305 1624 4361 sententia
1649 4304 2071 4370 sit,edisseram
2095 4319 2106 4356 :

464 4410 572 4466 sed
607 4424 757 4474 eam,
791 4422 919 4476 quae
949 4402 1174 4474 optima
1222 4397 1472 4459 videtur,
1504 4393 1842 4450 accuratius
1889 4392 2107 4447 exami-

460 4499 630 4554 nabo.
663 4492 1165 4558 Quemadmodum
1199 4502 1335 4557 ergo
1394 4482 1864 4553 comprehensim
1921 4486 1978 4536 et
2005 4497 2104 4535 cu-

459 4585 681 4642 mulate
716 4597 1038 4638 concursus
1061 4577 1270 4631 animae
1303 4575 1674 4642 corporis-ius
1705 4570 1789 4632 ﬁt,
1824 4572 1904 4625 ita
1935 4570 2106 4624 etiam

460 4669 892 4742 disjunctio.lta
916 4675 977 4721 ut
1002 4665 1257 4720 animam
1294 4658 1695 4716 circumscribi
1721 4675 1833 4712 non
1868 4658 2104 4712 omnino

460 4775 651 4832 posse,
687 4762 785 4812 aut
819 4756 980 4812 omni
1031 4767 1270 4824 prorsus
1316 4752 1471 4802 motu
1533 4763 1746 4810 carere,
1802 4752 1893 4802 vix
1951 4754 2105 4803 certo

461 4863 720 4906 asserere
747 4847 960 4912 ausim,
994 4840 1263 4914 quamvis
1315 4853 1439 4893 eam
1492 4835 1933 4906 impartibilem,
1992 4838 2104 4892 cito

461 4937 782 5000 discedere,
818 4951 921 4990 nec
973 4931 1080 4997 illi,
1112 4930 1232 4984 sive
1287 4925 1586 4993 ascendat,
1620 4925 1738 4979 sive
1770 4925 2104 4994 descendat,

461 5031 582 5086 ulla
613 5026 898 5099 temporis
923 5021 1291 5080 dimensione
1323 5032 1468 5088 opus
1491 5031 1638 5085 esse,
1675 5015 1944 5072 dit‘titear.

1069 5130 1223 5187 CAP.
1261 5125 1501 5182 LXXIV.

457 5249 533 5305 Dc
555 5248 803 5321 corporis
852 5247 931 5321 in,
961 5246 1112 5321 utero
1143 5236 1502 5321 _[ormatipne
1549 5231 1701 5321 quid
1732 5239 1930 5297 nostri,
1974 5233 2106 5304 quid

839 5316 1063 5373 externi
1097 5307 1407 5384 philosophi
1429 5307 1721 5360 senserint.

524 5409 656 5463 Jam
706 5412 906 5462 utrum
970 5401 1153 5459 mavis
1205 5398 1309 5454 tibi
1370 5394 1776 5466 respondeam,
1838 5410 2102 5465 quanam

451 5499 810 5560 sanctorum,
859 5495 956 5564 qui
1013 5496 1213 5548 nostra
1263 5488 1332 5542 de
1385 5483 1664 5552 religione
1716 5480 2105 5554 philosOphati

455 5588 613 5649 sunt,
639 5586 930 5639 sententia
960 5583 1154 5646 fuerit,
1193 5596 1264 5633 an
1297 5593 1428 5633 vero
1453 5574 1592 5647 quid
1653 5573 1830 5628 Grreci
1863 5589 2106 5628 censue-

449 5671 612 5728 rint?
667 5676 780 5726 Nec
833 5672 984 5724 enim
1043 5683 1361 5723 commune
1420 5664 1604 5718 ullum
1657 5663 1874 5734 dogma
1931 5679 2109 5735 super

2209 1906 2500 1977 dixerunt,
2525 1909 2708 1981 idque
2737 1910 3227 1982 comprehensim,
3260 1917 3543 1983 tanquam
3579 1914 3632 1966 si
3675 1914 3872 1968 divino

2211 1999 2666 2052 accenderentur
2714 1998 2958 2065 lumine,
3014 2003 3117 2055 aut
3181 2001 3252 2055 ad
3315 2002 3496 2056 vitam
3532 2003 3872 2056 inﬂamma-

2212 2091 2432 2140 rentur.
2467 2088 2735 2153 Quandiu
2761 2094 2956 2143 autem
2999 2089 3155 2144 intra
3205 2089 3388 2144 vulvae
3431 2097 3603 2162 septa
3659 2091 3869 2158 clausi,

2212 2175 2496 2245 quasique
2518 2176 2773 2231 obserati
2824 2183 3086 2246 manent,
3112 2177 3185 2233 iis
3243 2180 3425 2234 vitam
3459 2179 3730 2250 quidem,
3765 2182 3868 2235 sed

2211 2277 2337 2317 eam
2372 2265 2692 2319 naturalem
2733 2271 2787 2320 et
2817 2266 3060 2321 rationis
3102 2283 3343 2337 prorsus
3403 2273 3704 2339 expertem
3770 2286 3868 2324 su-

2215 2353 2457 2424 peditari
2515 2354 2946 2419 existimarunt,
2998 2360 3278 2427 tanquam
3337 2358 3537 2413 radice
3587 2360 3871 2431 quadam,

2214 2459 2345 2512 quae
2403 2443 2678 2498 umbilico
2737 2443 2934 2498 innixa
3014 2462 3188 2500 suum
3273 2446 3458 2501 vulvae
3518 2447 3873 2502 alimentum

2215 2542 2487 2604 suggerat
2515 2550 2527 2588 :
2553 2533 2833 2589 animalia
2862 2551 2994 2589 vero
3028 2551 3179 2602 esse,
3217 2537 3576 2592 nominative
3639 2539 3876 2606 debere,

2215 2621 2455 2677 inliciati
2514 2627 2669 2688 sunt,
2722 2639 2857 2677 cum
2947 2623 3405 2694 imperfectiores
3490 2626 3636 2696 sint,
3697 2644 3878 2699 quam

2216 2711 2306 2781 qui
2371 2709 2673 2764 divinioris
2723 2712 2932 2766 animle
2994 2728 3237 2784 capaces
3295 2730 3424 2769 esse
3482 2722 3730 2786 queant.
3766 2715 3880 2770 Nec

2214 2799 2370 2854 enim
2405 2797 2704 2854 rationalis
2737 2800 2934 2855 anima
2991 2801 3211 2856 volucri
3267 2803 3480 2858 similis
3537 2809 3652 2871 est,
3685 2815 3748 2859 ut
3810 2807 3867 2860 in

2215 2889 2463 2960 quodvis
2494 2889 2909 2961 corpusculum
2945 2889 3140 2945 vivum
3176 2896 3393 2947 temere
3455 2895 3881 2964 protundatur,

2215 2979 2334 3034 sive
2381 2979 2696 3035 inhabitet:
2748 2978 2852 3035 sed
2898 2997 3029 3035 cum
3088 2981 3338 3050 primum
3392 2981 3703 3047 idoneum,
3758 2984 3880 3038 sui-

2216 3085 2328 3139 que
2385 3085 2567 3139 capax
2625 3068 2898 3137 occurrit,
2954 3070 3002 3125 ei
3063 3087 3192 3125 mox
3239 3071 3524 3127 ineffabili
3577 3090 3877 3129 concursu

2220 3164 2487 3220 cohaeret.

2836 3255 2985 3310 CAP.
3024 3254 3232 3311 LXXV.

2219 3379 2498 3450 Quomodo
2582 3379 2844 3450 cmbryon
2922 3382 2982 3506 ul:
3068 3388 3222 3506 uttcro
3306 3387 3593 3437 moveatur
3660 3394 3711 3439 et
3765 3401 3877 3439 coa-

2971 3467 3092 3506 csca
3123 3494 3135 3506 .

2971 3467 3135 3506 cacat.

2288 3567 2416 3622 Jam
2462 3581 2620 3633 vero,
2652 3567 2750 3636 qui
2785 3565 2910 3621 fieri
2961 3567 3142 3636 possit
3195 3572 3260 3621 ut
3315 3569 3486 3624 vivus
3535 3571 3785 3640 embryo
3821 3572 3875 3624 in

2217 3653 2342 3710 loco
2392 3655 2635 3708 humido
2694 3654 3023 3710 coalescat?
3063 3658 3343 3726 Itemque,
3398 3671 3538 3712 cum
3589 3675 3659 3714 os
3708 3661 3762 3714 ei
3823 3668 3877 3714 et

2219 3759 2388 3798 nares
2418 3744 2763 3797 obturentur
2793 3748 2849 3798 et
2878 3743 3281 3815 occludantur,
3328 3762 3617 3816 quonam,
3650 3765 3876 3818 quaeso,

2219 3833 2391 3886 modo
2423 3831 2752 3902 respiraret,
2786 3832 2835 3887 si
2889 3833 3021 3904 quis
3071 3834 3150 3888 ibi
3197 3851 3378 3904 purus
3413 3851 3513 3890 aer
3543 3837 3753 3891 esset?
3811 3842 3878 3892 At

2217 3923 2610 3976 animatarum
2661 3921 2908 3976 vitarum
2956 3922 3012 3976 in
3070 3921 3187 3978 illis
3234 3923 3473 3988 indicia,
3509 3929 3574 3980 ut
3615 3925 3812 3992 aiunt,
3847 3945 3879 3981 a

2219 4011 2475 4066 motibus
2525 4011 2979 4082 haudquaquam
3025 4016 3256 4083 petenta
3327 4019 3491 4068 sunt.
3563 4013 3658 4068 Illi
3715 4016 3878 4069 enim

2220 4119 2321 4156 nec
2353 4101 2681 4172 phantasia,
2715 4119 2819 4157 nec
2885 4102 3006 4158 ulla
3065 4104 3246 4159 subiti
3294 4105 3539 4160 affectus
3595 4107 3879 4162 facultate

2218 4192 2404 4247 fiunt:
2438 4191 2538 4247 sed
2597 4192 2680 4247 ita
2731 4198 3060 4258 moventur,
3093 4203 3153 4247 ut
3212 4193 3629 4250 intestinorum
3703 4197 3883 4252 invol~

2218 4280 2357 4346 vuli,
2415 4289 2466 4334 et
2525 4281 2823 4335 anfractus
2899 4281 3308 4338 suffarcinati:
3364 4291 3547 4354 utque
3631 4288 3881 4342 cortices

2216 4370 2670 4435 arborum,cum
2719 4387 2753 4425 a
2809 4370 3037 4425 truncis
3096 4371 3475 4427 divelluntur.
3511 4374 3666 4439 Quin
3701 4377 3878 4430 etiam

2214 4458 2354 4528 ipsas
2387 4473 2615 4528 quoque
2668 4457 2882 4528 plantae
2924 4464 3218 4527 crescunt,
3267 4467 3323 4514 et
3370 4463 3755 4531 excoluntur,
3790 4481 3882 4518 ea-

2142 4575 2186 4638 Ι)
2220 4562 2470 4618 rumque
2503 4548 2734 4602 frondes
2767 4548 2934 4618 quasi
2984 4547 3434 4618 complicantur,
3470 4556 3730 4622 tumque
3781 4553 3882 4606 cie-

2218 4651 2376 4688 mum
2411 4635 3305 4706 explicatitur,quemadmodum
3339 4637 3543 4693 lothus
3563 4639 3710 4695 solis
3746 4658 3882 4696 con»

2215 4725 2478 4779 versione
2537 4726 2705 4780 solet.
2740 4727 3122 4798 Posteaquam
3182 4744 3313 4783 vero
3372 4728 3544 4783 vulva
3594 4731 3880 4790 emissus.

2216 4823 2274 4870 et
2303 4816 2375 4870 ab
2407 4815 2507 4870 illa
2539 4816 2730 4872 radice
2769 4817 3007 4873 avulsus
3056 4817 3249 4885 fuerit,
3282 4819 3410 4874 sine
3458 4819 3582 4874 ulla
3632 4838 3798 4877 mora
3829 4831 3878 4876 et

2217 4904 2523 4960 confestim
2557 4905 2858 4960 rationalis
2892 4908 3101 4962 animas
3137 4908 3428 4980 particeps
3459 4910 3749 4979 efﬁcitur,
3783 4928 3879 4982 pu-

2217 5011 2460 5065 rumque
2486 4994 2759 5064 deinceps
2791 4995 3009 5051 animal
3044 4996 3259 5052 evadit.

2819 5121 2969 5176 CAP.
3020 5123 3265 5179 LXXVI.

2216 5209 2289 5262 De
2320 5210 2510 5263 anima
2540 5212 2766 5265 ratione
2784 5211 3062 5282 participe
3093 5230 3109 5265 .-
3139 5211 3410 5282 quomodo
3469 5218 3697 5283 corpori
3750 5233 3874 5271 can-

2664 5285 2981 5352 jungatur,
3003 5285 3161 5353 eique
3184 5286 3398 5354 praesit.

2290 5400 2554 5456 Rationis
2575 5400 2866 5474 particeps
2905 5402 3101 5457 anima
3149 5419 3262 5458 non
3304 5403 3624 5459 miscetur:
3663 5406 3869 5477 hujus-

2219 5486 2375 5541 modi
2407 5487 2559 5542 enim
2603 5504 2922 5544 concursus
2976 5492 3316 5561 corporibus
3360 5493 3740 5559 conveniunt,
3780 5495 3870 5548 sed

2218 5592 2289 5629 ne
2321 5592 2530 5645 corpus
2562 5578 2799 5648 quidem
2828 5579 3016 5634 instar
3048 5580 3241 5634 formae
3265 5582 3508 5637 materia
3542 5585 3868 5639 constantis

2220 5665 2520 5735 informat,
2574 5666 2654 5722 ita
2687 5668 2840 5723 enim
2896 5685 3033 5725 suos
3085 5669 3208 5740 ipsa
3267 5669 3482 5726 limites
3541 5674 3864 5738 excederet.
