4066 6208
416 368 573 429 1199

1736 367 2054 429 ΝΙΟΕΤΕ
2098 369 2540 432 ΟΗΟΝΙΑΤΒ.

3677 379 3827 437 1200

414 504 604 555 terras
627 499 1258 572 descendant,moxque
1283 501 1378 557 ille
1407 518 1542 558 cum
1575 501 1875 572 triumpho
1917 515 2066 571 ιιι-ω·
2095 503 2150 570 Α
2181 501 2282 556 des
2305 503 2492 558 redire
2524 519 2716 574 posse,
2751 521 2926 577 quam
2957 507 3005 561 si
3046 507 3667 578 corporibus,utanlur
3698 526 3832 580 pur-

416 589 799 645 stanlioribus
831 589 1115 644 comitata:
1168 591 1391 647 naturis
1451 591 1566 648 huc
1607 590 1973 646 descendunt
2014 593 2074 644 et

421 679 764 750 corporibus
797 677 1101 748 praefectis,
1134 679 1309 752 lange
1339 681 1432 736 die
1462 680 1793 736 libertatem
1818 677 1992 733 simul
2016 682 2074 732 et

419 766 671 823 salutem
703 767 774 822 iis
807 773 1288 839 procurant,qum
1318 769 1376 824 in
1401 771 1516 824 vita
1561 769 1669 824 sibi
1704 767 1894 824 labem
1942 782 2071 837 per-

423 863 754 935 niciemque
811 870 1240 921 contraxerant.

1031 971 1182 1027 CAP.
1264 972 1470 1027 LXXX.

424 1085 496 1139 De
518 1077 705 1147 idolis,
729 1094 823 1133 seu
841 1080 1074 1151 speclris
1117 1079 1391 1136 umbrisne
1437 1076 1871 1151 φιλοσωμάτοις,
1924 1079 2071 1132 circa

487 1152 738 1220 sepulcra
769 1149 1127 1204 versantibus.
1178 1151 1376 1206 Eadem
1440 1149 1661 1222 prorsus
1695 1151 1764 1204 ad
1821 1151 2072 1217 verbum,

501 1236 627 1292 quae
659 1237 848 1291 supra.

497 1329 621 1383 Jam
681 1328 730 1382 si
773 1327 982 1382 animm
1041 1345 1074 1383 a
1161 1328 1514 1400 quibusdam
1577 1345 1883 1400 corporum
1917 1327 2074 1382 idola

425 1415 592 1472 dicte
616 1419 775 1483 sunt,
809 1434 876 1471 ex
908 1417 1016 1472 hoc
1049 1419 1262 1473 inferre
1291 1419 1630 1489 quisquiam
1683 1417 1922 1490 poterit,
2003 1417 2074 1472 ab

423 1505 636 1562 animis
686 1505 1080 1575 imaginativis
1131 1507 1900 1577 corporearumlformarum
1961 1504 2074 1558 im-

426 1592 762 1667 pressiones
785 1596 837 1649 vi
871 1609 1099 1664 eorum,
1157 1612 1284 1666 quae
1328 1595 1438 1650 sub
1485 1600 1780 1666 aspectum
1836 1594 2077 1659 cadunt,

427 1683 628 1751 recipi.
659 1683 885 1754 Corpus
916 1685 1074 1740 enim
1108 1684 1295 1755 ﬁgura
1328 1689 1575 1753 rectum,
1623 1689 1778 1740 tactu
1841 1684 2080 1752 durum,

431 1771 623 1827 colore
655 1771 1153 1844 album,denique
1198 1789 1371 1843 grave
1412 1779 1469 1828 et
1513 1789 1780 1843 asperum
1829 1777 1938 1840 est,
1975 1787 2080 1826 nec

2176 591 2500 664 gativisque
2531 595 2852 651 virtutibus
2885 598 3229 667 expientur:
3292 600 3447 655 unde
3509 600 3574 655 lit
3634 601 3833 671 etiam,

2179 686 2243 737 ut
2275 698 2347 737 ne
2377 683 2740 740 daemonibus
2774 687 3009 756 quidem
3043 689 3113 742 ad
3133 689 3443 759 pristinam
3478 689 3833 760 dignitatem

2179 770 2404 825 reditus
2463 787 2722 842 unquam
2769 779 2965 844 patere
3023 775 3229 846 possit,
3312 778 3416 848 qui
3487 780 3644 833 enim
3711 780 3834 835 ﬁeri

2179 866 2374 931 queat,
2401 865 2465 916 ut
2495 862 2762 918 diabolus
2793 865 2862 919 ad
2898 863 3094 920 lumen
3142 873 3482 932 revertatur,
3547 874 3836 939 potestate

2181 951 2465 1004 redeundi
2507 951 2977 1023 denegata?Nec
3003 954 3155 1009 enim
3195 955 3418 1011 reditus
3474 956 3571 1011 ille
3609 959 3832 1013 reditui

2183 1055 2443 1110 persons:
2475 1041 2830 1111 cujusquam
2864 1041 3071 1097 similis
3105 1050 3215 1111 est,
3267 1049 3332 1098 ut
3386 1062 3518 1100 cum
3575 1046 3774 1102 solem
3811 1065 3841 1102 a

2183 1132 2342 1197 tergo
2374 1127 2604 1192 habeat,
2644 1146 2891 1200 moxque
2937 1131 3329 1188 anterioribus
3382 1134 3440 1188 in
3507 1137 3843 1205 posteriora

2181 1217 2478 1272 conversis
2513 1217 2678 1272 illum
2731 1219 2996 1290 aspiciat,
3057 1222 3158 1277 sed
3217 1223 3456 1293 speculo
3519 1224 3720 1294 potius
3750 1227 3844 1280 ob-

2183 1320 2355 1359 scuro
2387 1305 2671 1361 assimilis
2729 1307 2844 1361 dici
2906 1314 3116 1378 potest,
3179 1311 3332 1381 quod
3395 1313 3640 1382 quidem
3677 1313 3728 1366 si
3763 1315 3841 1368 ita

2183 1394 2259 1448 sit
2297 1393 2593 1463 atl‘ectum,
2627 1396 2954 1467 quamlibet
3010 1399 3118 1453 soli
3152 1405 3494 1470 exponetur,
3531 1417 3846 1472 nunquam

2182 1484 2241 1539 in
2302 1503 2364 1540 se
2423 1485 2618 1542 lumen
2664 1488 2954 1555 admittat,
3016 1506 3118 1544 nec
3168 1491 3480 1561 splendore
3575 1509 3684 1549 suo
3765 1494 3845 1549 illi

2187 1576 2552 1646 respondeat,
2611 1577 2724 1631 nisi
2776 1579 2921 1632 forte
2953 1579 3116 1649 prius
3149 1588 3562 1652 perpurgetur,
3602 1589 3659 1636 et
3715 1600 3849 1654 per-

2189 1664 2460 1734 poliatur.
2496 1667 2563 1719 At
2593 1681 2748 1730 vero,
2782 1667 2883 1737 qui
2923 1667 3044 1722 ﬁeri
3076 1669 3281 1738 possit,
3317 1675 3380 1725 ut
3413 1672 3690 1726 sordibus
3716 1673 3846 1728 suis

2188 1752 2421 1808 eluatur
2449 1754 2699 1823 daemon,
2729 1771 2860 1810 cum
2889 1755 3159 1812 voluntas
3183 1759 3233 1813 ei
3269 1775 3383 1813 non
3416 1759 3571 1814 adsit
3602 1778 3735 1831 qua:
3774 1761 3845 1815 ad

431 1861 514 1916 ita
545 1866 970 1932 comparatum,
1005 1861 1146 1917 utin
1179 1878 1311 1917 aere
1353 1861 1802 1926 circumvolitet,
1856 1861 2071 1916 idolum

2189 1842 2576 1914 expiationem
2613 1846 2890 1914 sufﬁciat,
2957 1845 3291 1916 viribusque
3349 1848 3430 1902 sit
3489 1849 3847 1915 exhaustus,

432 1956 626 2006 autem
689 1951 1120 2006 tenebricosum
1195 1954 1305 2018 est,
1363 1956 1420 2006 et
1468 1952 1689 2005 umbrae.
1752 1948 2075 2020 persimile,

432 2039 609 2111 idque
675 2040 840 2108 adeo,
887 2040 1039 2110 quod
1100 2038 1270 2110 quale
1324 2041 1402 2094 sit
1447 2041 1537 2093 vix
1593 2039 1888 2110 conjicius.
1940 2040 2073 2104 Quae

425 2145 520 2185 res
554 2128 846 2183 Platonem
881 2143 1114 2200 quoque
1147 2129 1344 2198 movit,
1401 2132 1463 2182 ut
1512 2133 1742 2199 spectra
1797 2126 1899 2182 illa
1951 2144 2075 2182 um-

427 2218 682 2286 bratilis,
717 2235 846 2290 quae
876 2218 934 2272 in
970 2217 1251 2289 sepulcris
1283 2217 1885 2288 apparerent,animas
1907 2213 2073 2291 φιλο·

429 2307 742 2380 σωμάτους,
778 2309 885 2364 hoc
915 2312 1005 2363 est
1036 2323 1344 2378 corporum
1399 2311 1684 2372 amantes,
1727 2305 2072 2362 nominave-

429 2399 524 2470 rit,
558 2408 619 2455 ut
651 2417 777 2471 qua:
813 2415 882 2454 ne
905 2403 1027 2453 tum
1063 2399 1322 2470 quidem,
1365 2413 1498 2452 cum
1545 2397 1617 2451 ab
1681 2396 1790 2451 hoc
1851 2396 2072 2451 mundo

432 2491 708 2562 digressae
740 2491 881 2555 sint,
915 2492 985 2545 ad
1037 2505 1248 2561 purum
1289 2489 1486 2544 lumen
1550 2493 1940 2556 revertantur;
1970 2487 2071 2543 sed

431 2581 628 2647 etiam,
653 2585 796 2635 tunc
828 2580 978 2634 circa
1006 2596 1248 2650 corpora
1281 2583 1602 2644 versentur,
1654 2594 1784 2648 quae
1832 2577 2070 2648 quidem

435 2668 730 2724 servilium
778 2666 1139 2739 voluptatum
1189 2666 1477 2722 illecebris
1533 2671 1712 2737 captae
1755 2666 1811 2720 in
1864 2664 2073 2737 primis

431 2762 724 2813 amarunt.
783 2758 1004 2827 Corpus
1063 2773 1230 2828 porro
1292 2756 1511 2812 idolum
1572 2770 1804 2826 quoque
1862 2754 2072 2809 anima

427 2847 647 2903 dictum
671 2846 926 2919 est,quia
947 2846 1099 2916 quod
1135 2845 1217 2899 illi
1250 2844 1476 2912 oculus,
1511 2845 1647 2899 huic
1681 2860 1884 2898 mens:
1918 2843 2070 2914 quod

428 2935 511 2991 illi
543 2941 754 3001 tactus,
787 2935 925 2991 huic
954 2938 1040 2990 vis
1070 2933 1172 2990 illa
1203 2942 1286 2990 est
1320 2951 1438 3006 qua
1471 2951 1663 2990 rerum
1732 2932 1941 2988 veritas
1971 2948 2070 2988 ex-

429 3025 702 3096 quiritur.
738 3025 1014 3088 Quamvis
1044 3024 1165 3078 haec
1204 3023 1468 3094 gentium
1517 3023 1792 3094 dogmata
1853 3021 2073 3091 majore

431 3115 523 3171 sui
555 3131 624 3170 ex
648 3118 810 3185 parte
843 3111 1161 3168 redoleant.

1019 3221 1175 3275 CAP.
1229 3219 1469 3277 LXXXI.

435 3313 513 3368 An
559 3313 760 3366 animm
807 3326 934 3366 cum
996 3307 1364 3435 οονρονέὸωι
1426 3309 1493 3364 ad
1579 3310 1851 3380 pristinas
1939 3307 2070 3377 ﬁdes

1131 3397 1190 3435 re
1231 3397 1334 3435 ean
1374 3422 1384 3435 .

1131 3397 1384 3436 reaeant.

498 3470 770 3527 Gentium
803 3471 1142 3541 dogmatael
1171 3468 1280 3523 hoc
1311 3467 1551 3534 redolet,
1587 3467 1634 3522 si
1667 3467 1798 3539 quis
1844 3466 2071 3522 animas

427 3573 659 3630 quoque
692 3559 938 3628 peccatis
965 3558 1268 3623 obnoxias,
1316 3557 1696 3628 corporisque
1753 3555 2070 3612 familiares

429 3653 488 3703 et
525 3655 800 3718 cognatas
831 3661 961 3702 esse
1016 3646 1193 3712 dicat,
1255 3662 1358 3701 nec
1383 3644 1549 3700 aliter
1569 3645 1640 3700 ad
1673 3644 1952 3715 pristinas
1983 3661 2071 3700 se-

2189 1933 2405 2002 quibus
2431 1931 2485 1987 id
2520 1934 2910 2004 assequatur?

2795 2053 3224 2109 CAP.LXXXll.

2189 2143 2264 2193 De
2297 2142 2651 2208 melangismo
2664 2156 2757 2196 seu
2774 2142 3230 2214 metempsychosi
3247 2142 3710 2214 Pyshagorica,el
3735 2147 3852 2201 Iure

2684 2228 2872 2282 supra,
2902 2213 3100 2268 iisdem
3132 2213 3334 2269 verbis.

2255 2300 2410 2355 idem
2449 2318 2617 2372 porro
2679 2301 3108 2378 μεταγγισμοῦς,
3158 2321 3390 2376 quoque
3459 2306 3832 2375 animarum,

2186 2391 2292 2446 hoc
2313 2396 2405 2447 est
2435 2391 2856 2462 elutriationes,
2875 2399 2930 2447 et
2961 2394 3033 2447 ab
3063 2410 3178 2448 uno
3196 2411 3334 2450 vase
3355 2394 3413 2449 in
3445 2395 3610 2451 aliud
3633 2402 3840 2452 trans-

2185 2481 2446 2536 fusiones
2479 2480 2869 2536 tradiderunt.
2905 2481 3003 2536 Est
3044 2487 3235 2538 autem
3273 2485 3680 2557 μεταγγισμὸς,
3734 2486 3846 2542 hoc

2181 2574 2271 2626 est
2301 2568 2613 2639 elutriatio,
2669 2587 2800 2626 cum
2827 2587 2945 2627 una
2983 2577 3041 2627 et
3090 2573 3292 2628 eadem
3354 2575 3552 2629 anima
3617 2592 3687 2630 ex
3720 2575 3840 2630 hu-

2185 2676 2356 2715 mano
2387 2675 2620 2731 egressa
2691 2677 2950 2732 corpore,
3020 2679 3230 2732 corpus
3279 2662 3338 2718 in
3361 2663 3521 2718 aliud
3558 2668 3846 2720 transmi-

2181 2748 2653 2821 grat,aliquando
2685 2753 2861 2806 etiam
2893 2750 3218 2806 volatilium
3265 2756 3321 2806 et
3374 2754 3841 2825 quadrupedum

2182 2855 2424 2910 corpora
2450 2840 2627 2894 subit.
2666 2841 2851 2911 Hujus
2892 2842 2974 2896 rei
3028 2842 3384 2915 Pythagoras
3438 2844 3540 2900 ille
3599 2846 3843 2902 Samius

2183 2927 2347 2983 testis
2369 2933 2478 2995 est,
2511 2929 2611 3000 qui
2635 2929 3013 3001 Euphorbum
3065 2931 3232 2986 illum
3293 2933 3677 3001 statuarium,
3746 2934 3848 3005 qui

2183 3034 2285 3088 pro
2334 3017 2600 3088 'l‘rojanis
2646 3023 2850 3074 contra
2889 3023 3112 3074 Graecos
3164 3021 3570 3088 dimicaverat,
3598 3038 3670 3078 ac
3717 3039 3846 3078 esse

2183 3105 2582 3176 profitebatur.
2635 3107 2824 3162 Testis
2881 3107 3020 3163 item
3078 3107 3288 3180 sybilla
3335 3109 3660 3182 Erythraea,
3726 3129 3844 3184 quo

2104 3230 2147 3297 α
2185 3211 2318 3250 cum
2352 3195 2607 3265 primum
2631 3212 2662 3252 e
2693 3196 2900 3252 matris
2927 3206 3086 3254 utero
3119 3198 3354 3270 prodiit,
3409 3200 3481 3254 de
3534 3200 3654 3271 poli
3728 3217 3842 3256 caa-

2186 3283 2540 3356 lestiumque
2572 3301 2878 3356 corporum
2925 3291 3132 3342 natura
3182 3287 3584 3360 philosophari
3640 3290 3838 3360 coepit.

2182 3374 2373 3428 Testis
2395 3373 2927 3447 deniqueTyaneus
2941 3375 3209 3446 Apolloni
3222 3378 3661 3441 us,Zoroastres
3679 3380 3840 3449 Egy-

2184 3464 2361 3534 ptius.
2392 3463 2460 3516 Hi
2482 3463 2638 3518 enim
2670 3480 2737 3518 ex
2768 3463 3016 3520 aliarum
3048 3465 3384 3521 animorum
3421 3467 3839 3538 metangismis

2183 3552 2290 3608 hoc
2313 3557 2403 3608 est
2431 3551 2901 3610 elutriationibus
2936 3559 2994 3610 et
3040 3555 3575 3623 transfusionibus,
3631 3574 3694 3613 se
3723 3560 3843 3615 ori-

2181 3644 2378 3714 ginem
2403 3643 2639 3701 duvisse
2670 3645 2963 3702 dicebant.

1139 3985 1926 4152 NICET/E
2027 3984 3110 4151 CHONIAT/E

831 4279 1690 4402 THESAURI
1785 4279 2878 4406 ORTHODth/E
2967 4283 3409 4404 FIDEI

1616 4529 1984 4622 LIBER
2067 4531 2618 4626 TERTIUS.

1515 4730 1606 4787 DE
1636 4730 1852 4787 VERBI
1881 4732 2111 4789 DlVlNl
2146 4733 2702 4792 INCARNATIONE.

1072 4975 1301 5034 CAPUT
1344 4978 1387 5031 Ι.

405 5089 816 5160 Prophetarum
858 5085 930 5141 de
986 5083 1144 5140 Verbi
1215 5083 1396 5167 divini

1126 5171 1336 5211 monia.

485 5271 737 5328 Utilibus
760 5269 830 5326 de
890 5266 1290 5324 incarnatione
1339 5262 1516 5319 Verbi
1574 5262 1889 5335 capitibus,
1927 5283 2059 5324 san-

405 5365 749 5433 ctorumque
809 5359 1045 5416 Patrum
1126 5353 1572 5422 assertionibus,
1654 5355 2059 5425 pramittenda

405 5460 542 5502 sunt
593 5450 1007 5522 prophetarum
1062 5447 1356 5502 vaticina:
1427 5443 1647 5515 quibus
1704 5443 1788 5499 illi
1845 5448 2058 5503 Filium

405 5532 504 5590 Dei
564 5552 630 5592 ex
685 5537 923 5609 Virgins
1006 5553 1242 5594 carnem
1341 5537 1811 5606 assumpturum,
1879 5541 1937 5591 et
1998 5537 2055 5594 in

1476 5083 1860 5137 incarnatione
1907 5085 2063 5139 testi-

481 5667 526 5702 "
562 5667 712 5725 Psal.
737 5683 851 5740 cxx,
883 5669 936 5725 3.

2173 4995 2346 5036 carne
2409 4997 2540 5036 cum
2629 4981 2969 5038 hominibus
3059 4988 3451 5051 versaturum,
3542 4987 3832 5055 sepelien-

2174 5070 2334 5140 dum,
2388 5077 2870 5142 resurrecturum,
2917 5077 2974 5128 et
3023 5073 3078 5128 in
3166 5073 3341 5129 oculos
3431 5090 3828 5130 escensurum

2174 5158 2588 5232 praedixerunt.

2567 5275 2613 5324 t.
2673 5275 2750 5326 De
2802 5270 3008 5326 Lhristi
3039 5271 3419 5338 generatione.

2242 5363 2293 5416 1.
2325 5359 2556 5416 Psalmo
2575 5361 2888 5416 centesimo
2913 5361 3328 5416 nonoDavides
3351 5362 3466 5416 ait:
3528 5362 3613 5416 Ex
3663 5371 3831 5417 utero

2167 5459 2294 5506 ante
2325 5452 2619 5521 luci/erum
2647 5453 2817 5520 genui
2842 5457 2894 5506 te
2925 5449 2988 5504 ‘3.
3021 5450 3090 5505 Et
3110 5451 3386 5507 Salomon
3447 5451 3509 5505 in
3570 5469 3829 5524 persona

2170 5538 2541 5612 Verbi,quod
2565 5539 2717 5596 Patri
2743 5548 3091 5596 corternum
3142 5547 3268 5595 est:
3320 5540 3565 5597 Necdum
3613 5552 3831 5596 monte:
