4044 6212
369 326 525 388 1203

374 553 437 609 in
463 553 553 608 die
581 548 1023 622 desponsationis
1056 549 1212 602 illius
1243 546 1309 600 ‘3.

444 643 730 698 Coronam
766 645 960 694 autem
986 638 1251 710 spineam
1302 635 1599 706 intelligit,
1633 652 1750 707 qua
1781 651 2019 690 corona-

372 738 471 788 tus
494 735 583 786 est
612 730 883 786 Christus
940 733 1202 798 tempore
1253 725 1570 798 passionis,
1615 743 1648 780 a
1682 732 1866 780 matre
1900 741 2028 791 sua,

370 820 710 876 Judaorum
742 822 1067 890 Synagoga.

633 963 721 1018 12.
755 964 824 1018 De
849 963 1042 1029 clavis,
1076 961 1328 1027 vestibus,
1353 962 1500 1030 felle,
1533 969 1583 1015 et
1606 968 1774 1014 aceto.

447 1091 578 1145 Alio
611 1089 753 1142 item
785 1088 909 1142 loco
941 1087 1189 1142 Davides
1241 1087 1309 1140 de
1351 1085 1562 1140 clavis:
1603 1084 1874 1139 Fuderunt
1905 1100 2030 1136 ma-

376 1195 482 1232 nus
511 1194 680 1244 meas,
729 1186 779 1231 et
836 1175 995 1247 pedes
1063 1191 1233 1241 meos,
1284 1173 1784 1228 dinumeruverunt
1845 1171 2031 1227 omnia

378 1283 500 1323 ossa
534 1283 672 1320 mea.
729 1267 1039 1320 Diviserunt
1073 1263 1184 1318 sibi
1231 1262 1550 1318 vestimenta
1609 1278 1747 1325 mea,
1780 1267 1828 1314 et
1863 1275 2032 1331 super

378 1366 576 1412 vestem
609 1372 784 1410 meam
834 1357 1103 1408 miserunt
1161 1362 1367 1407 sortem
1414 1352 1477 1405 “.
1513 1352 1609 1406 Et:
1672 1351 1940 1405 Dederunt
1975 1350 2034 1402 in

376 1459 554 1500 escam
612 1460 788 1498 meum
859 1443 954 1512 fel,
1010 1445 1060 1497 et
1109 1441 1167 1495 in
1217 1443 1312 1494 siti
1387 1457 1510 1494 mea
1571 1443 1892 1510 potaverunt
1947 1452 2035 1492 me

379 1543 529 1589 aceto
563 1532 632 1586 ‘5.
665 1532 972 1587 Zacharias
1032 1548 1264 1602 quoque
1309 1529 1592 1600 propheta
1629 1529 1710 1582 sic
1735 1544 1754 1582 .°
1787 1531 1851 1582 Et
1881 1527 2035 1581 dice—

382 1628 472 1678 tur
501 1624 589 1677 ei:
623 1621 765 1690 Quid
795 1629 923 1675 sunt
951 1621 1125 1690 plaga
1151 1621 1266 1673 ista:
1311 1618 1369 1672 in
1405 1618 1584 1672 medio
1616 1634 1881 1670 manuum
1907 1619 2034 1670 tua-

383 1715 551 1766 rum.’
577 1716 643 1766 Et
696 1711 872 1764 dicet:
924 1712 1013 1763 His
1042 1710 1292 1779 plagaius
1350 1725 1470 1761 sum
1516 1707 1572 1760 in
1633 1709 1787 1761 domo
1827 1723 2035 1776 eorum,

387 1803 484 1872 qui
510 1800 814 1870 diligebant
843 1814 926 1852 me
955 1797 1018 1850 ⁴⁶.

571 1943 656 1998 13.
694 1946 770 1998 De
799 1941 1038 1997 tenebris
1057 1956 1091 1994 a
1111 1938 1329 1994 Christi
1353 1941 1614 2010 passione
1641 1938 1857 1993 obortis.

457 2075 537 2130 De
570 2075 826 2130 tenebris
878 2081 1070 2128 autem
1105 2072 1257 2127 idem
1313 2071 1596 2143 propheta
1644 2072 1893 2143 quodam
1925 2069 2039 2124 alio

387 2166 445 2221 in
474 2165 599 2218 loco
641 2162 724 2218 sic
750 2162 829 2216 ait
855 2178 867 2216 :
904 2164 974 2216 Et
1003 2163 1112 2216 erit
1143 2163 1198 2215 in
1229 2159 1315 2216 die
1346 2161 1448 2214 illa
1468 2178 1486 2214 :
1525 2175 1634 2214 non
1667 2158 1773 2215 erit
1807 2158 2041 2229 [μαλεωά

384 2254 568 2326 frigus
598 2260 652 2308 et
696 2252 844 2322 gelu.
877 2252 945 2306 Et
995 2251 1107 2304 erit
1137 2251 1255 2304 dies
1313 2266 1445 2318 una,
1479 2263 1606 2320 quae
1661 2253 1793 2303 nota
1826 2256 1907 2302 est
1939 2253 2040 2302 Do-

386 2345 559 2410 mino,
592 2356 702 2397 non
737 2339 878 2404 dies,
902 2355 1073 2412 neque
1090 2355 1240 2406 mos,
1261 2348 1312 2394 et
1344 2339 1404 2392 in
1437 2349 1674 2410 temp0re
1694 2337 1910 2406 vesperi
1929 2336 2038 2391 erit

392 2432 492 2486 lux
525 2428 589 2486 ³⁷.

464 2522 636 2574 Amos
658 2519 795 2572 item
832 2517 1148 2588 propheta:
1183 2519 1247 2571 Et
1275 2515 1386 2570 erit
1416 2519 1474 2570 in
1491 2515 1580 2571 die
1611 2517 1739 2585 illa,
1763 2516 1898 2570 dicit
1927 2517 2038 2570 Do-

391 2612 582 2664 minus
608 2625 620 2662 :
651 2606 863 2664 Occidet
881 2609 958 2662 sol
991 2608 1050 2661 in
1079 2606 1340 2674 meridie,
1371 2609 1419 2660 et
1451 2606 1814 2661 tenebrescere
1831 2605 2036 2675 faciam

404 2702 612 2752 terram
646 2699 703 2751 in
726 2696 814 2752 die
844 2696 1072 2751 luminis
1101 2695 1166 2750 ‘3.

469 2792 729 2859 Itemque
749 2785 909 2841 Joel:
945 2787 1036 2840 Sol
1071 2789 1116 2840 et
1151 2785 1281 2838 (una
1316 2785 1480 2838 simul
1520 2785 1856 2840 obtenebrati
1879 2788 2032 2850 sunt,

389 2887 442 2931 et
473 2876 652 2932 stellae
681 2879 1050 2929 retraxerunt
1076 2873 1416 2945 splendorem
1446 2891 1646 2944 ,suum,
1687 2881 1738 2928 et
1778 2873 2036 2927 Dominus

389 2966 540 3022 dedit
572 2983 754 3022 vocem
786 2981 940 3019 suam
966 2963 1033 3017 ‘9.

461 3061 523 3110 In
557 3055 764 3125 primis
797 3062 988 3109 autem
1033 3054 1220 3110 Moses
1253 3053 1332 3107 ait
1372 3071 1384 3108 :
1418 3053 1747 3123 Prophetam
1793 3052 1861 3106 de
1880 3055 2036 3123 gente

394 3155 513 3212 tua,
543 3155 594 3198 et
635 3143 908 3212 fratribus
965 3145 1072 3197 tuis
1103 3144 1238 3196 sicut
1259 3157 1366 3207 me,
1398 3143 1680 3197 suscitabit
1713 3141 1816 3196 tibi
1849 3141 2030 3196 Domi-

394 3249 499 3286 nus
539 3231 678 3286 Deus
738 3241 885 3296 tuus,
931 3230 1111 3302 ipsum
1165 3231 1376 3287 audies.
1424 3232 1490 3286 Et
1544 3232 1650 3286 erit
1701 3233 1810 3285 vita
1846 3234 2029 3285 vestra

388 3321 627 3392 pendens
658 3328 787 3374 ante
808 3320 986 3376 oculos
1006 3323 1206 3374 vestros
1231 3321 1296 3374 ⁸ο.

888 3464 973 3517 14.
1010 3464 1083 3518 De
1117 3463 1321 3518 Christi
1344 3468 1535 3518 morte.

465 3580 545 3635 De
573 3583 763 3635 morte
820 3579 1083 3648 ejusdem
1144 3577 1227 3633 sio
1285 3580 1504 3634 Isaias:
1559 3580 1748 3634 Justus
1803 3581 1945 3649 perit
1985 3584 2038 3635 et

393 3675 600 3726 nonest
630 3671 727 3742 qui
781 3668 1037 3739 recogitet
1067 3669 1126 3722 in
1179 3667 1339 3723 corde
1367 3683 1482 3723 suo.
1544 3668 1857 3740 [Nimirum
1908 3670 2038 3740 ejus

392 3757 930 3829 resurrectionem.)
990 3759 1130 3812 Item
1165 3775 1177 3812 :
1217 3759 1255 3812 Α
1310 3757 1454 3828 facie
1503 3759 1751 3815 malitia
1781 3759 2038 3815 collectus

390 3857 475 3905 est
505 3849 705 3915 iustus,
725 3856 776 3902 et
806 3849 912 3902 erit
943 3848 1006 3901 in
1034 3862 1166 3918 pace
1195 3847 1478 3917 sepultura
1500 3849 1617 3912 eius
1646 3845 1713 3900 ⁵⁸.

464 3936 756 4004 Quaesitus
787 3936 942 3992 enim
989 3942 1077 3991 est
1123 3936 1194 3990 ab
1232 3935 1505 4006 Joeepbo,
1540 3935 1719 4006 [eique
1751 3938 1940 4005 datus,
1975 3941 2038 3992 ut

392 4026 756 4098 sepeliretur.
820 4026 944 4090 Qua
969 4027 1040 4080 de
1093 4041 1153 4080 re
1192 4024 1318 4095 ipse
1375 4041 1609 4096 quoque
1665 4025 1915 4081 Davides
1944 4027 2036 4082 bis

389 4117 585 4172 verbis
616 4115 864 4172 cecinit:
919 4117 1223 4170 Posuerunt
1274 4131 1359 4170 me
1389 4115 1444 4169 in
1497 4115 1619 4169 lacu
1640 4117 1897 4184 inferiori
1929 4131 1941 4168 :
1977 4117 2034 4169 in

390 4205 652 4272 tenebris,
684 4209 732 4258 et
766 4206 824 4259 in
854 4205 1054 4259 umbra
1103 4203 1296 4258 mortis
1343 4203 1427 4257 "'.
1466 4204 1604 4258 Item
1633 4219 1647 4258 :
1682 4207 1880 4259 Factus
1909 4219 2034 4258 sum

388 4297 526 4351 sicut
572 4294 728 4349 homo
803 4296 926 4349 sine
971 4292 1266 4362 adjutorio,
1321 4294 1466 4348 inter
1496 4297 1738 4348 mortuos
1786 4292 1926 4348 liber
1968 4293 2032 4347 ".

391 4385 508 4442 Hoc
540 4390 628 4442 est
654 4403 686 4440 a
708 4384 962 4456 peccatis
992 4383 1291 4438 immunis.

688 4520 771 4574 15.
797 4519 869 4573 De
897 4517 1107 4574 Christi
1134 4518 1389 4574 descensu
1415 4517 1487 4573 ad
1518 4517 1744 4588 inferos.

458 4640 540 4694 Ita
561 4653 693 4692 vero
716 4634 876 4704 apud
899 4634 1111 4688 Jobum
1164 4634 1474 4690 scribitur:
1529 4635 1788 4705 Nunquid
1818 4647 2034 4704 apertae

387 4731 520 4784 sunt
576 4726 673 4781 tibi
727 4726 901 4794 porta:
983 4725 1187 4786 mortis,
1247 4727 1300 4777 et
1347 4725 1486 4778 ostia
1547 4725 1845 4793 ;tenebrosa
1900 4727 2036 4782 vidi-

456 4819 464 4829 '
489 4816 537 4850 51
560 4816 588 4870 ?

390 4828 522 4963 min
550 4903 812 4961 eamdem
863 4901 1213 4956 sententiam
1262 4901 1508 4956 Davides
1535 4917 1547 4954 :
1578 4903 1686 4966 Qui
1710 4901 1885 4956 educit
1917 4904 2033 4956 vin-

385 5004 496 5058 ctos
519 4998 580 5053 in
611 4993 960 5066 fortitudine,
1010 4993 1277 5047 similiter
1311 5007 1404 5046 eos
1435 4994 1532 5062 qui
1549 4997 1899 5062 exasperant,
1932 4995 2034 5064 qui

385 5087 640 5144 habitant
672 5087 729 5140 in
763 5083 1029 5154 sepulcris
1059 5080 1124 5134 5‘.

453 5233 500 5268 ⁸³
529 5226 935 5319 σάοι.ἠιιι,έί;
1011 5225 1056 5319 ς⁸
1088 5221 1244 5319 Psalr.‘
1263 5240 1379 5319 x‘x‘i,
1427 5224 1502 5319 l2:
1535 5223 1624 5319 i9.
1659 5300 1675 5319 ι
1703 5223 1750 5256 ⁴⁵
1783 5225 2030 5319 Psal.wt.

2164 5244 2192 5293 I,
2216 5227 2316 5319 2Ξὸ
2387 5225 2648 5319 “MZ'aoh.
2685 5228 3022 5319 χι),¹6.ω⁴ἐ
3038 5227 3208 5319 zacb.
3241 5244 3391 5319 _x1v_,_
3423 5231 3479 5319 δὲ
3513 5229 3693 5319 inf“.
3725 5279 3735 5313 ἒ

384 5321 513 5360 mos
540 5319 664 5368 νιιι,
697 5300 749 5357 9.
806 5293 876 5332 ν⁴⁹
905 5296 1051 5353 Joel.
1089 5312 1148 5358 ιι.
1180 5295 1376 5362 10,11.
1454 5293 1502 5330 ⁵⁸
1535 5300 1698 5350 Deut.
1733 5313 1892 5360 xvm,
1939 5299 2034 5356 t5:

380 5375 434 5429 5.
465 5377 518 5428 6.
595 5375 643 5408 ⁵⁸
687 5372 818 5427 Job.
866 5385 1096 5432 xxxvm,
1151 5367 1236 5420 17.
1313 5366 1362 5402 δι
1418 5365 1568 5423 Psal.
1631 5385 1798 5434 uvu,
1867 5371 1920 5423 7.
1997 5368 2034 5403 ιε

2164 5314 2218 5360 II,
2251 5298 2341 5351 66.
2419 5297 2463 5332 ⁵¹
2500 5299 2610 5354 lea.
2647 5315 2779 5360 Lvn,
2813 5302 2862 5351 1.
2898 5298 3131 5353 "'Psal.
3168 5316 3414 5364 Lxxxvu,
3444 5302 3499 5354 7.
3578 5303 3626 5336 ⁸³
3653 5303 3802 5359 Ibid.

2170 5371 2240 5425 al.
2303 5385 2396 5436 xv,
2457 5370 2544 5424 10.
2620 5368 2667 5402 ⁵⁸
2743 5371 2908 5434 Osee,
2970 5386 3046 5436 vr,
3110 5372 3160 5426 1.
3236 5372 3420 5426 "lea.
3482 5389 3658 5431 xxvu.
3716 5377 3802 5431 11.

384 5321 513 5360 mos
540 5319 664 5368 νιιι,
697 5300 749 5357 9.

1687 321 2009 383 ΝΙΟΕΤΕ
2051 321 2468 388 ΟΗΟΝῙΑΤλΕ

368 480 493 520 nem
529 465 588 517 in
621 460 960 524 diademate,
1011 474 1115 531 quo
1144 456 1436 514 coronavit
1495 456 1657 512 illum
1686 465 1864 512 mater
1890 473 2016 522 sua,
2057 461 2113 527 Α

3639 338 3798 398 1204

2475 467 2558 520 16.
2596 468 2669 522 De
2698 468 2988 524 Daminica
3017 472 3453 526 Resurrectione.

2208 569 2365 625 Idem
2402 588 2634 643 quoque
2666 574 2737 630 de
2792 577 3216 633 resurrectione
3264 579 3421 632 hunc
3453 581 3510 632 in
3548 581 3796 634 modum

2135 657 2484 716 vaticinatus
2517 670 2637 718 est:
2674 663 2790 718 Non
2846 664 3190 738 derelinques
3241 667 3493 722 animam
3521 685 3708 722 meum
3734 671 3794 723 ia

2136 748 2384 817 Inferna,
2418 766 2591 822 neque
2645 752 2798 808 dabis
2852 759 3100 809 sanctum
3154 757 3311 810 tuum
3369 761 3562 811 videre
3597 773 3802 811 corru-

2135 836 2372 905 ptionem
2402 837 2467 893 ⁸⁵.

2213 926 2351 980 item
2385 927 2568 984 Osee:
2612 929 2813 1001 Venite,
2872 940 2922 986 et
2956 941 3295 988 revertamur
3351 934 3427 988 ad
3458 936 3795 1003 Dominum,

2138 1030 2269 1084 quia
2327 1017 2443 1086 ipse
2487 1022 2651 1089 cepit,
2693 1024 2743 1074 et
2783 1020 3006 1075 sanabit
3048 1038 3144 1076 nos
3195 1032 3319 1092 post
3356 1024 3490 1079 duos
3547 1024 3692 1080 dies.
3740 1026 3800 1079 In

2139 1104 2226 1158 die
2255 1109 2416 1160 ter/ia
2471 1108 2761 1164 suscitabtt
2815 1126 2929 1177 nos,
2987 1115 3038 1165 et
3095 1114 3335 1167 vivemus
3391 1115 3453 1169 in
3503 1118 3802 1184 conspectu

2139 1200 2255 1270 ejus
2285 1199 2352 1256 ⁵⁸.

2464 1310 2550 1364 17.
2585 1310 2656 1365 De
2686 1311 3094 1382 unguenti/eris
3123 1315 3469 1370 mulieribus.

2213 1419 2291 1469 De
2324 1417 2750 1488 nnguentil‘eris
2809 1435 2943 1473 vero
2994 1419 3341 1476 mulieribus
3370 1423 3528 1478 hunc
3561 1422 3620 1478 in
3670 1440 3802 1478 mo-

2144 1507 2285 1560 dum
2321 1508 2500 1562 Isaias
2534 1509 2961 1565 vaticinantur:
2998 1513 3257 1567 Mulieres
3295 1515 3576 1569 venientes
3606 1525 3660 1570 et
3701 1515 3802 1569 do-

2144 1603 2324 1652 centes
2347 1613 2491 1652 eam.
2525 1598 2640 1652 Non
2666 1608 2741 1654 est
2760 1598 2906 1654 enim
2929 1602 3163 1670 populus
3193 1604 3408 1672 sapiens
3437 1603 3500 1658 ⁸⁷.

2560 1754 2644 1806 18.
2679 1756 2760 1806 De
2782 1754 3106 1809 Ascensione
3127 1757 3364 1812 Domini.

2064 1829 2110 1892 Β
2217 1859 2327 1914 Sed
2365 1864 2420 1914 et
2464 1861 2535 1916 de
2582 1862 2924 1917 ascensione
2974 1862 3258 1918 Davides:
3310 1865 3561 1920 Ascendit
3617 1881 3795 1933 super

2149 1948 2459 2016 Cherubi-m,
2508 1954 2559 2004 et
2623 1950 2872 2006 volavit:
2907 1952 3110 2007 volavit
3158 1969 3322 2024 super
3363 1970 3578 2024 pennas
3615 1959 3807 2010 vento-

2146 2057 2268 2094 rum
2294 2041 2356 2094 ⁸⁸.

2221 2130 2364 2186 Item
2393 2147 2405 2185 :
2439 2131 2688 2187 Ascendit
2741 2132 2878 2187 Deus
2914 2135 2972 2187 in
3030 2133 3224 2201 iubilo,
3287 2134 3550 2189 Dominus
3582 2137 3638 2190 in
3674 2152 3798 2191 voce

2148 2220 2296 2275 tubae
2333 2219 2399 2274 5°.

2216 2311 2359 2365 Item
2383 2326 2396 2363 :
2451 2311 2707 2366 Attollite
2736 2318 2926 2378 portas
2954 2313 3230 2384 principes
3251 2319 3482 2381 vestras,
3509 2323 3562 2369 et
3585 2314 3800 2369 introi-

2148 2397 2224 2451 bit
2249 2401 2363 2452 Rea:
2390 2399 2588 2468 gloria
2618 2397 2684 2453 ⁸ο.

2219 2487 2358 2541 Item
2394 2486 2602 2543 Isaias:
2653 2489 2786 2556 Quis
2817 2498 2896 2544 est
2943 2491 3066 2556 iste,
3112 2489 3209 2559 qui
3259 2492 3410 2546 venit
3467 2492 3542 2546 de
3592 2492 3808 2547 Edam!

2145 2577 2334 2630 tinctis
2363 2579 2595 2631 vestibus
2622 2577 2686 2633 de
2717 2580 2892 2634 Bosra
2919 2579 2961 2613 ⁶¹
2983 2578 3010 2632 ?

2220 2667 2361 2720 Item
2389 2684 2401 2720 :
2435 2667 2614 2733 Quare
2645 2683 2769 2738 ergo
2801 2668 3034 2722 rubrum
3059 2673 3141 2723 est
3171 2668 3555 2724 indumentum
3593 2673 3755 2723 tuum
3783 2674 3808 2722 .9

2141 2760 2194 2808 et
2239 2755 2557 2809 vestimenta
2605 2765 2702 2809 tua
2757 2757 2899 2811 sicut
2961 2756 3298 2811 micantium
3347 2758 3405 2810 in
3479 2759 3757 2812 torculari
3783 2759 3811 2812 ἱ

2147 2843 2393 2897 torcular
2421 2844 2633 2900 calcavi
2654 2846 2822 2912 solus,
2846 2853 2899 2900 et
2925 2845 2992 2900 de
3019 2847 3270 2915 gentibus
3301 2862 3409 2900 non
3464 2850 3542 2901 est
3567 2849 3655 2902 vir
3687 2863 3814 2902 me-

2143 2947 2264 2986 cum
2295 2931 2364 2986 ⁸³.

2212 3027 2493 3078 Praeterea
2540 3039 2672 3078 vero
2695 3024 3001 3080 Zacharias
3055 3025 3172 3079 ait:
3233 3026 3298 3079 Et
3351 3027 3580 3080 stabunt
3625 3026 3816 3097 pedes-

2146 3113 2364 3169 Domini
2391 3131 2556 3185 super
2603 3125 2839 3170 montem
2873 3116 3177 3182 Oliuarum,
3239 3120 3340 3187 qui
3365 3128 3443 3172 est
3491 3122 3689 3173 contra
3732 3121 3797 3174 Je

2069 3186 2115 3250 Ο
2145 3205 2385 3259 rusalem
2411 3205 2480 3258 ad
2511 3203 2777 3260 orientem
2805 3203 2870 3261 ⁸³.

2607 3351 2690 3405 19.
2718 3353 2791 3406 De
2812 3352 3030 3422 judicio
3060 3357 3328 3408 extremo.

2218 3475 2296 3529 De
2318 3476 2576 3530 secundo
2606 3480 2798 3531 autem
2847 3477 3114 3546 adventu,
3175 3477 3375 3533 Daniel
3408 3479 3488 3534 ita
3520 3479 3811 3534 vaticina-

2145 3569 2242 3620 tus
2267 3568 2396 3620 est:
2458 3564 2797 3636 Aspiciebam
2846 3582 2980 3639 ergo
3021 3569 3079 3622 in
3125 3567 3334 3622 visione
3383 3568 3580 3636 noctis,
3611 3579 3666 3624 et
3698 3586 3814 3625 ecce

2147 3670 2268 3710 cum
2300 3654 2534 3709 nubibus
2575 3655 2698 3709 caeli
2726 3657 2886 3726 quasi
2939 3655 3120 3710 Filius
3146 3655 3386 3712 hominis
3444 3658 3720 3721 veniebat.
3763 3669 3816 3714 et

2146 3759 2315 3813 usque
2336 3743 2405 3797 ad
2427 3744 2728 3813 Antiquum
2776 3743 2997 3799 dierum
3044 3748 3314 3816 pervenit,
3348 3755 3400 3801 et
3425 3763 3482 3801 in
3517 3751 3813 3817 conspectu

2147 3831 2264 3902 ejus
2294 3831 2606 3885 obtulerunt
2652 3847 2794 3886 eum.
2820 3833 2882 3886 Et
2913 3831 3059 3886 dedit
3091 3833 3147 3887 ei
3190 3838 3512 3904 potestatem
3555 3841 3607 3889 et
3647 3837 3814 3892 bona-

2145 3937 2280 3990 rem,
2309 3927 2364 3975 et
2394 3936 2647 3989 regnum,
2706 3929 2760 3976 et
2800 3937 2986 3977 omnes
3033 3923 3246 3994 populi,
3290 3925 3464 3979 tribus
3514 3935 3565 3980 et
3590 3925 3813 3995 lingu:

2144 4009 2256 4080 ipsi
2295 4012 2550 4065 servient.
2612 4012 2853 4066 Potestas
2923 4012 3039 4083 ejus
3082 4015 3318 4082 potestas
3373 4024 3612 4081 aeterna,
3684 4030 3814 4086 qua

2141 4115 2252 4154 non
2281 4101 2582 4168 auferetur,
2631 4107 2681 4155 et
2709 4116 2948 4171 regnum
3005 4104 3126 4171 ejus
3187 4102 3332 4172 quod
3388 4119 3497 4158 non
3545 4119 3810 4158 corrum-

2142 4193 2302 4260 petur
2331 4187 2397 4242 ⁸⁴.

2214 4280 2355 4334 Item
2378 4277 2487 4333 alio
2519 4277 2641 4332 loco
2669 4295 2680 4332 :
2711 4278 3055 4344 Aspiciebum
3077 4282 3243 4336 donec
3262 4281 3432 4349 positi
3446 4295 3576 4336 sunt
3593 4284 3806 4352 throni,

2140 4371 2188 4422 et
2220 4368 2482 4438 antiquus
2519 4366 2735 4422 dierum
2791 4367 2950 4437 sedit,
3021 4372 3402 4425 vestimentum
3442 4374 3565 4433 eius
3608 4374 3805 4427 candi-

2142 4455 2294 4522 dum,
2328 4455 2488 4527 quasi
2511 4458 2630 4526 nix,
2689 4463 2744 4512 et
2786 4459 2986 4526 capilli
3040 4462 3239 4528 capitis
3282 4461 3402 4526 eius
3457 4465 3625 4532 quasi
3673 4463 3808 4518 lana

2068 4555 2111 4619 D
2143 4546 2367 4602 munda.
2403 4546 2644 4601 Thronus
2692 4547 2811 4617 ejus
2840 4549 3087 4615 flamma?
3139 4548 3308 4620 ignis.
3334 4552 3564 4606 Fluvius
3609 4553 3808 4619 igneus

2145 4636 2472 4707 rapidusque
2499 4637 2888 4705 egrediebatur
2915 4656 2946 4693 a
2967 4637 3118 4707 facie
3143 4641 3258 4705 eius
3282 4657 3295 4706 ;
3328 4638 3520 4694 millia
3555 4640 3806 4695 millium

2143 4727 2536 4782 ministrabant
2566 4727 2639 4790 ei,
2673 4729 2852 4784 decies
2891 4728 3096 4783 millies
3125 4732 3348 4783 centena
3367 4731 3548 4784 millia
3580 4734 3804 4785 assiste-

2144 4816 2274 4870 bant
2304 4819 2375 4870 ei.
2405 4817 2700 4873 Iudicium
2717 4817 2876 4873 sedit:
2912 4821 2962 4872 et
2991 4818 3118 4872 libri
3145 4819 3327 4888 aperti
3383 4828 3534 4875 sunt.
3560 4821 3808 4891 Aspicie‘

2142 4904 2287 4971 bam,
2347 4908 2574 4974 prapter
2650 4921 2830 4959 vocem
2913 4921 3224 4960 sermonum
3287 4906 3610 4974 grandium,
3668 4925 3801 4978 quos

2139 5010 2308 5049 cornu
2341 4992 2483 5046 illud
2550 4994 2889 5064 loquebatw,
2933 4998 2982 5049 et
3014 4995 3142 5050 vidi
3195 4997 3456 5066 quoniam
3509 4999 3804 5067 interfecta

2137 5086 2272 5138 esset
2305 5082 2474 5137 bestia
2499 5083 2546 5117 ⁸⁵
2571 5084 2693 5154 [qui
2727 5089 2816 5138 est
2847 5083 3288 5156 Antichristus.]
3312 5085 3446 5158 (21).

3645 5229 3805 5286 ιδΑ,

2743 5371 2908 5434 Osee,
2970 5386 3046 5436 vr,
3110 5372 3160 5426 1.
3236 5372 3420 5426 "lea.
3482 5389 3658 5431 xxvu.
3716 5377 3804 5431 11.

383 5443 426 5478 ⁸⁸
454 5444 605 5500 Psal.
636 5459 771 5510 xm,
808 5441 893 5496 11.
971 5441 1015 5476 ⁵⁸
1046 5437 1196 5493 Psal.
1233 5455 1345 5506 xu,
1376 5438 1428 5492 6.
1507 5440 1553 5474 ⁸ο
1576 5439 1723 5494 Psal.
1758 5455 1921 5505 mn,
1951 5440 1984 5494 7

2164 5459 2246 5496 sa.
2268 5457 2422 5509 ani,
2451 5442 2500 5495 1.
2578 5440 2624 5476 °'
2656 5441 2803 5497 Ibid.
2841 5443 2894 5494 2.
2973 5441 3020 5476 ⁸⁸
3075 5441 3244 5498 Zach.
3277 5459 3392 5510 xxv,
3427 5446 3478 5498 4.
3557 5444 3608 5478 ⁶⁴
3652 5446 3800 5501 Dan.

385 5527 483 5567 vn.
518 5515 604 5579 13,
639 5515 725 5568 11.
801 5513 847 5547 ⁸⁵
881 5511 1022 5568 Ibid.
1056 5512 1112 5572 9.
1147 5527 1306 5581 seqq.
1344 5510 1514 5581 paulo
1548 5515 1700 5567 ante.

459 5662 567 5731 (21)
597 5661 952 5717 Bontariotes
986 5661 1079 5714 hic
1111 5661 1524 5731 prophetarum
1560 5666 1762 5716 contra
1791 5662 2026 5718 Judaios
2058 5662 2397 5718 testimonia
2426 5660 2744 5717 desiderat.
