4066 6208
267 320 422 382 1205

968 460 1120 514 CAP.
1157 459 1227 515 II.

268 567 504 624 Joannis
566 569 912 640 Damasceni,
991 569 1056 623 de
1128 569 1336 624 Christi
1401 571 1766 640 conceptione,
1835 583 1932 623 seu

457 639 656 696 divina
695 639 950 694 humanas
993 642 1178 695 carnis
1218 644 1585 712 assumptione
1615 644 1746 713 (22).

347 749 606 822 Angelus
657 749 890 805 Domini
924 749 1139 805 missus
1186 751 1256 805 ad
1312 759 1570 806 sanctam
1603 749 1926 822 Virginem,

273 858 404 912 quze
459 856 645 912 genus
705 854 774 894 ex
828 838 1107 894 Davidica
1167 837 1325 895 tribu
1375 841 1626 896 ducebat
1676 843 1929 911 (constat

272 930 430 984 enim
483 929 800 983 Dominum
852 945 920 982 ex
967 927 1121 983 Juda
1168 933 1359 984 ortum
1409 931 1676 994 traxisse,
1712 946 1822 1001 qua
1862 946 1929 983 ex

268 1017 462 1070 tribus
495 1014 692 1070 nullus
752 1016 1013 1070 animum
1047 1016 1119 1070 ad
1154 1015 1540 1072 sacerdotium
1588 1016 1832 1087 appulit,
1866 1018 1930 1070 ut

274 1107 480 1160 beatus
512 1102 830 1174 Apostolus
861 1103 960 1171 ait,
997 1104 1069 1159 de
1091 1121 1206 1175 quo
1241 1109 1442 1176 postea
1473 1105 1736 1160 dicemus
1764 1121 1925 1175 aper-

267 1194 438 1259 tius),
467 1194 549 1248 sic
582 1191 996 1264 Evangelizans
1038 1194 1222 1248 dixit:
1257 1196 1362 1249 Ave
1388 1195 1571 1262 gratia
1592 1194 1788 1266 plena,
1824 1200 1926 1250 Do-

269 1285 456 1336 minus
487 1288 679 1337 tecum.
713 1283 846 1346 Quae
880 1298 1014 1336 cum
1046 1284 1274 1337 turbata
1299 1289 1457 1338 esset
1487 1283 1594 1338 hoc
1626 1299 1922 1350 sermone,

271 1372 524 1440 subjecit
553 1370 838 1441 angelus:
872 1375 952 1427 Ne
995 1374 1212 1438 timeas,
1245 1372 1438 1439 Maria,
1477 1374 1741 1427 invenisti
1778 1375 1926 1427 enim

269 1458 525 1532 gratiam
555 1461 702 1529 apud
751 1459 1060 1525 Dominum,
1084 1464 1136 1514 et
1180 1461 1362 1530 paries
1411 1460 1655 1521 Filium;
1686 1469 1737 1514 et
1770 1477 1929 1516 voca-

273 1549 358 1602 bis
405 1564 602 1604 nomen
648 1549 766 1620 ejus
819 1551 999 1604 Jesum
1032 1546 1099 1603 ⁸⁸.
1155 1548 1272 1619 Ipse
1314 1551 1464 1604 enim
1498 1551 1714 1604 salvum
1756 1549 1928 1620 faciet

269 1639 537 1708 papulum
587 1654 746 1690 suum
780 1654 813 1690 a
842 1639 1072 1707 peccatis
1101 1652 1287 1692 eorum.
1318 1638 1380 1692 ".
1421 1637 1577 1693 Unde
1605 1642 1774 1692 Jesus
1804 1654 1926 1692 ser-

267 1731 528 1780 vatorem
563 1726 1017 1796 signiﬁcat.Quaa
1050 1742 1182 1780 cum
1210 1726 1478 1781 haesitans
1505 1727 1923 1798 respondisset:

1617 321 2026 386 THESAURI
2077 320 2221 380 LIB.
2276 321 2381 382 ΙΙΙ.

1966 457 2017 520 Α
2047 455 2226 523 tione,
2261 455 2426 513 nulla
2450 456 2734 514 divisione
2768 459 2953 515 facta:
2987 461 3307 520 divinitatis
3341 481 3458 520 sues
3489 472 3700 526 natura

3549 336 3702 395 1206

2037 543 2096 597 in
2130 546 2322 599 carnis
2345 547 2658 602 essentiam
2697 549 2936 604 minime
2969 557 3212 619 mutata,
3240 570 3429 624 neque
3461 562 3684 630 contra,

2036 632 2230 686 carnis
2279 649 2398 688 sum
2445 636 2700 690 essentia
2759 635 2815 690 in
2867 653 2986 692 StltB
3034 640 3362 696 divinitatis
3415 651 3685 702 naturam

2035 735 2333 786 conversa,
2392 738 2578 794 neque
2626 741 2742 780 una
2771 727 3092 799 eademque
3127 735 3330 785 natura
3367 735 3693 805 composita

2035 823 2099 863 ex
2132 808 2328 865 divina
2379 827 2485 866 sua
2515 819 2745 879 natura,
2803 820 2856 868 et
2909 815 3189 883 humana,
3223 836 3397 890 quam
3450 839 3688 878 assum-

2035 904 2250 969 pserat.

2716 994 2866 1050 CAP.
2911 996 3008 1050 III.

2033 1095 2310 1165 Eiusdem,
2381 1098 2716 1184 dentiuabus
2769 1105 3005 1170 naturis,
3065 1105 3378 1184 aduersus_
3403 1111 3528 1165 ittos
3587 1116 3687 1184 qui

2247 1185 2418 1224 unam
2449 1171 2662 1227 Christo
2695 1182 2948 1228 naturam
2973 1192 3084 1231 esse
3106 1177 3304 1232 dicunt
3331 1180 3443 1252 (24)

2103 1277 2332 1333 Natura:
2365 1279 2517 1334 inter
2547 1295 2628 1345 se,
2687 1281 2846 1336 nulla
2893 1281 3222 1340 inversione
3269 1293 3324 1342 et
3358 1295 3680 1349 mutatione

2034 1367 2202 1434 facta,
2226 1368 2547 1437 conjunctae
2599 1375 2738 1425 sunt
2766 1388 2778 1425 :
2815 1372 2894 1426 ita
2928 1377 2989 1426 ut
3025 1390 3212 1444 neque
3243 1377 3440 1432 divina
3473 1387 3684 1438 natura

2032 1472 2063 1510 e
2116 1459 2348 1527 propria
2405 1458 2779 1529 simplicitate
2826 1464 3158 1532 excesserit,
3215 1482 3316 1520 nec
3375 1485 3404 1522 e
3443 1468 3678 1527 diverso

2033 1543 2292 1600 humana
2341 1547 2426 1600 vel
2460 1547 2517 1600 in
2563 1548 2888 1605 divinitatis
2938 1557 3207 1606 naturam
3257 1570 3440 1622 versa,
3474 1558 3560 1613 vel
3615 1561 3684 1614 ad

2035 1633 2281 1687 nihilum
2317 1635 2549 1689 redacta
2571 1635 2668 1700 sit,
2703 1651 2890 1708 neque
2922 1640 3060 1692 item
3097 1639 3328 1697 duabus
3359 1659 3425 1698 ex
3457 1647 3686 1701 naturis

2036 1737 2151 1776 una
2183 1722 2504 1794 composita
2536 1725 2854 1780 emerserit.
2891 1726 3196 1795 Siquidem
3229 1733 3554 1801 composita
3588 1751 3684 1789 na-

295 1815 567 1882 Quomodo
595 1815 685 1884 ﬁet
716 1815 892 1879 istud,
925 1817 1055 1886 quia
1077 1817 1262 1868 virum
1283 1830 1389 1869 non
1421 1831 1675 1885 cognosco
1695 1816 1722 1870 ‘I
1751 1817 1918 1886 Adje-
1946 1806 1993 1870 Β
2023 1814 2151 1865 tura
2171 1826 2368 1865 earum
2402 1828 2467 1866 ex
2491 1812 2705 1882 quibus
2737 1819 3000 1869 constala
3045 1820 3134 1871 est
3165 1822 3506 1876 naturarum
3537 1838 3679 1878 neu-

266 1904 345 1958 cit
394 1904 676 1974 angelus:
715 1903 957 1974 Spiritus
1011 1913 1229 1958 sanctus
1283 1906 1625 1974 superveniet
1665 1906 1726 1959 in
1755 1910 1831 1969 re,
1871 1912 1923 1959 et

262 1993 443 2048 virtus
473 1992 744 2048 Attissimi
773 1993 1117 2048 obumbrabit
1146 1991 1268 2047 tibi.
1323 1993 1547 2064 Ideoque
1568 2001 1621 2048 et
1650 1993 1790 2064 quod
1821 2010 1920 2047 ua-

259 2091 445 2137 scerur
474 2098 546 2136 ex
573 2086 624 2136 ie
646 2081 938 2148 Sanctum,
966 2081 1246 2136 vocabitur
1265 2081 1443 2136 Filius
1469 2081 1582 2138 Dei.
1619 2081 1720 2136 Illa
1740 2098 1874 2136 vero
1903 2098 1916 2136 :

259 2171 415 2237 Ecce,
474 2171 688 2242 inquit,
737 2170 946 2225 ancilla
990 2172 1227 2237 Domini,
1285 2171 1384 2240 ﬁat
1432 2171 1573 2226 mihi
1621 2170 1917 2225 secundum

259 2261 490 2314 verbum
520 2265 677 2314 tuum
709 2259 776 2316 ⁸⁸.

336 2351 541 2420 Itaque
573 2350 670 2404 ubi
705 2349 961 2419 primum
987 2358 1186 2404 sancta
1207 2350 1487 2404 consentit
1513 2348 1708 2420 Virgo,
1730 2348 1912 2418 Spiri-

263 2445 361 2493 tus
393 2443 632 2493 sanctus
664 2438 721 2492 in
755 2455 878 2493 eam
927 2438 1242 2504 descendit,
1279 2443 1450 2508 prout
1480 2437 1770 2494 Dominus
1815 2453 1914 2508 per

263 2527 542 2598 angelum
600 2527 843 2592 dixerat,
896 2533 954 2582 ut
985 2543 1109 2581 eam
1163 2531 1457 2595 purgaret,
1500 2527 1736 2598 vimque
1768 2527 1911 2581 divi-

259 2617 401 2670 tutis
449 2621 506 2670 et
555 2617 948 2687 generationis
998 2616 1170 2671 Verbi
1218 2632 1489 2687 capacem
1551 2622 1908 2687 suggereret.

261 2707 549 2775 Tuncque
580 2721 682 2775 per
711 2721 772 2759 se
803 2705 1134 2760 subsistens
1177 2704 1462 2760 Altissimi
1494 2705 1593 2760 Dei
1625 2707 1914 2776 sapientia

256 2803 316 2850 et
337 2795 541 2860 virtus,
565 2794 838 2849 nimirum
867 2795 964 2849 Dei
995 2793 1169 2849 Filius
1196 2794 1343 2848 Patri
1367 2795 1907 2864 consubstantialis,

254 2883 411 2939 haud
447 2899 616 2938 secus
647 2887 823 2953 atque
851 2883 1114 2937 divinum
1148 2899 1342 2938 semen
1387 2885 1777 2949 obumbravit,
1829 2886 1908 2938 i-

253 2972 434 3043 bique
466 2972 577 3042 ipsi
609 2987 677 3026 ex
707 2971 886 3026 castis
907 2972 1035 3041 ejus
1067 2979 1123 3026 et
1155 2973 1491 3042 purissimis
1515 2972 1908 3042 sanguinibus

254 3078 491 3116 carnem
551 3060 810 3115 animam
845 3060 1088 3116 rationis
1139 3065 1196 3115 et
1254 3059 1585 3116 intellectus
1626 3062 1908 3133 participe

2032 1899 2104 1954 tri
2157 1901 2674 1956 consubstantialis
2706 1919 2834 1958 esse
2886 1909 3092 1974 potest,
3136 1923 3270 1961 cum
3322 1925 3389 1962 ex
3437 1910 3684 1967 diversis

2031 1989 2326 2044 diversum
2387 1991 2652 2046 efﬁciat:
2705 1993 3220 2061 quemadmodum,
3266 1998 3420 2050 verbi
3471 2000 3680 2069 gratia,

2029 2094 2240 2149 corpus
2291 2085 2542 2149 quatuor
2572 2095 2639 2133 ex
2670 2080 2975 2135 elementis
3017 2085 3432 2153 compositum,
3495 2103 3682 2158 neque

2027 2169 2290 2237 ejusdem
2342 2187 2473 2224 cum
2532 2171 2664 2240 igne
2702 2171 2969 2225 essentim
3022 2172 3258 2241 dicitur,
3293 2190 3479 2246 neque
3520 2176 3678 2247 ignis

2027 2259 2398 2313 nominatur:
2434 2275 2621 2329 neque
2670 2259 2806 2314 item
2851 2277 2967 2327 aer,
3027 2278 3212 2332 neque
3272 2279 3441 2333 aqua,
3492 2282 3678 2337 neque

2023 2352 2178 2401 terra
2207 2347 2438 2417 dicitur,
2474 2364 2578 2402 nec
2610 2349 2712 2403 ulli
2761 2366 2999 2419 prorsus
3032 2365 3233 2406 eorum
3284 2354 3675 2410 consubstan-

2023 2437 2158 2491 tiale
2195 2441 2303 2492 est.

2091 2527 2214 2582 Jam
2247 2526 2317 2594 si,
2353 2531 2415 2581 ut
2471 2527 2757 2582 haereticis
2818 2529 3024 2599 placet,
3057 2529 3322 2586 Christus
3372 2542 3498 2604 post
3540 2550 3681 2590 con-

2022 2615 2379 2684 iunctionem
2417 2617 2589 2670 unica
2643 2619 2964 2688 composita
3017 2627 3228 2676 natura
3282 2627 3548 2678 constare
3578 2625 3674 2679 di-

2020 2709 2144 2758 ctus
2175 2709 2262 2758 est
2292 2720 2358 2758 ex
2389 2704 2638 2774 simplici
2689 2706 2888 2776 utique
2936 2712 3144 2762 natura
3191 2710 3250 2763 in
3283 2713 3669 2781 compositam

2020 2792 2289 2846 transiit:
2325 2794 2404 2846 ita
2451 2800 2512 2846 ut
2537 2794 2657 2860 jam
2715 2811 2816 2848 uec
2849 2797 3030 2864 Patri,
3082 2798 3251 2866 cujus
3301 2798 3552 2869 simplex
3581 2804 3672 2856 est

2020 2888 2250 2941 natura,
2313 2882 2831 2936 consubstantialis
2881 2885 2996 2939 sit:
3060 2902 3246 2955 neque
3297 2886 3487 2955 Matri,
3544 2905 3673 2960 qua

2019 2971 2255 3041 quidem
2291 2987 2358 3024 ex
2387 2971 2692 3026 divinitate
2723 2976 2779 3025 et
2802 2972 3168 3029 humanitate
3201 2992 3313 3029 non
3347 2979 3674 3046 composita

2018 3063 2197 3123 esset,
2232 3075 2422 3129 neque
2453 3060 2590 3114 item
2625 3058 2948 3116 divinitatis
2979 3069 3036 3117 et
3069 3063 3460 3120 humanitatis
3485 3067 3670 3134 parti-

257 3151 584 3205 animalum
620 3150 932 3220 compegit,
968 3154 1178 3204 nostris
1225 3164 1430 3204 massa
1462 3149 1738 3220 primitia.
1788 3155 1904 3205 Nec
1935 3156 1976 3222 ο
2016 3165 2153 3218 cepa
2183 3163 2311 3202 esse
2334 3155 2530 3218 queat,
2565 3149 2816 3219 denique
2841 3167 3028 3220 neque
3052 3151 3151 3206 Dei
3191 3169 3378 3224 neque
3410 3154 3669 3212 hominis

255 3242 314 3296 id
349 3256 418 3295 ex
470 3240 711 3306 semine,
746 3242 847 3295 sed
899 3239 1093 3294 divino
1151 3241 1420 3305 artiﬁcio,
1472 3257 1574 3311 per
1621 3241 1901 3309 Spiritum

258 3337 530 3384 sanctum
584 3345 686 3384 nec
718 3329 906 3400 ﬁgura
938 3329 1218 3399 paulatim
1267 3330 1704 3384 accessionibus
1734 3329 1906 3384 etI'or-

265 3429 443 3481 mata,
498 3419 599 3472 sed
677 3434 792 3473 uno
868 3418 1186 3486 eodemque
1256 3422 1550 3472 momento
1632 3419 1903 3489 perfecta,

260 3509 461 3580 ipsum
511 3509 608 3564 Dei
647 3509 898 3563 Verbum
928 3507 1118 3563 carnis
1151 3507 1514 3578 hypostasim
1557 3509 1900 3580 assumpsit.

239 3597 382 3667 [(23)
437 3597 550 3651 Nec
603 3596 758 3650 enim
811 3611 940 3651 eam
994 3595 1106 3650 sibi
1163 3596 1310 3650 Deus
1357 3595 1616 3650 Verbum
1667 3611 1900 3650 carnem

247 3685 592 3756 assumpsit,
619 3703 744 3756 quas
780 3701 880 3754 per
909 3700 970 3740 se
993 3690 1165 3738 antea
1188 3684 1557 3750 subsisteret,
1585 3686 1684 3739 sed
1711 3685 1766 3738 in
1797 3701 1904 3740 sua

239 3775 435 3847 ipsius
485 3775 789 3846 hypostasi
840 3775 1065 3829 ratione
1113 3774 1716 3844 incircumscriptibili
1764 3791 1901 3829 ven-

239 3870 394 3920 trem
427 3871 637 3920 sanctaa
668 3863 926 3934 Virginis
960 3863 1322 3932 inhabitans,
1357 3879 1421 3918 ex
1461 3866 1640 3918 castis
1673 3881 1906 3936 semper

249 3953 495 4025 virginis
525 3953 915 4023 sanguinibus
947 3967 1181 4007 carnem
1224 3953 1423 4007 unima
1449 3953 1694 4008 rationis
1725 3958 1782 4008 et
1814 3953 1902 4007 in-

248 4042 518 4098 tellectus
557 4042 833 4113 participe
855 4041 1173 4096 animatum
1197 4041 1414 4097 subiit:
1453 4047 1662 4095 nostra:
1699 4058 1902 4096 massa

251 4131 547 4202 primitias
603 4146 931 4185 assumens.
966 4130 1222 4184 Verbum
1257 4129 1449 4199 ipsum
1496 4131 1710 4182 factum
1746 4130 1902 4184 carni

247 4219 630 4290 hypostasis.]
680 4221 878 4290 Itaque
923 4235 1055 4272 cum
1117 4219 1372 4288 primum
1432 4233 1565 4272 caro
1615 4217 1742 4282 fuit,
1806 4218 1903 4272 Dei

243 4326 484 4381 quoque
529 4309 695 4363 Verbi
730 4325 864 4363 caro
906 4307 1033 4362 fuit.
1069 4308 1136 4360 Et
1167 4323 1300 4361 cum
1337 4306 1591 4378 primum
1644 4308 1906 4361 animata

243 4416 404 4465 caro,
441 4399 794 4468 rationisque
827 4402 883 4452 et
931 4397 1261 4452 intellectus
1312 4396 1597 4466 particeps
1647 4396 1770 4454 fuit,
1805 4394 1905 4450 Dei

247 4505 486 4560 quoque
520 4488 685 4544 Verbi
719 4487 980 4542 animata
1010 4503 1166 4551 caro,
1203 4485 1562 4556 rationisque
1591 4494 1645 4539 et
1678 4485 1903 4541 intelle-
1940 4527 1984 4587 D

246 4584 389 4636 ctus
448 4577 732 4648 particeps
766 4576 890 4630 fuit.
927 4575 1206 4640 Quocirca
1248 4591 1360 4629 non
1408 4574 1706 4629 hominem
1742 4575 1906 4629 deifi-

248 4672 480 4735 catum,
541 4667 638 4721 sed
701 4666 952 4721 Verbum
1013 4665 1379 4719 incarnatum
1442 4664 1715 4719 dicimus.
1764 4664 1906 4718 Nam

250 4774 393 4813 cum
428 4761 715 4827 perlectus
749 4760 955 4809 natura
986 4755 1140 4809 Deus
1169 4759 1345 4818 esset,
1377 4753 1531 4807 idem
1558 4754 1731 4808 homo
1762 4771 1912 4824 quo-

248 4864 368 4918 que
401 4847 689 4918 perfectus
740 4851 946 4898 natura
1005 4845 1196 4898 factus
1246 4849 1354 4898 est.
1390 4843 1588 4914 Neque
1639 4847 1908 4897 naturam

253 4940 518 5003 mutans,
553 4951 740 5005 neque
775 4951 874 5006 per
917 4933 1288 5005 phantasiam
1341 4949 1442 4987 seu
1475 4931 1909 4987 simulationem

252 5025 597 5095 disp<.nens,
648 5023 749 5079 sed
795 5037 1029 5077 carnem
1081 5023 1279 5076 anima
1329 5021 1572 5076 rationis
1606 5026 1662 5077 et
1693 5021 1914 5076 intelle-

250 5122 391 5170 ctus
424 5113 708 5184 participe
769 5111 1087 5165 animatum
1131 5127 1197 5165 ex
1253 5115 1450 5164 sancta
1487 5110 1718 5182 Virgine
1750 5127 1911 5164 assu-

256 5220 430 5259 mens
462 5217 704 5272 τιυωῳιο
735 5200 792 5254 in
825 5200 952 5271 ipso
983 5199 1301 5254 essentiam
1337 5199 1597 5265 haberet,
1634 5199 1909 5272 hyposta-

252 5293 371 5348 tice
404 5292 749 5361 ccnjunctus
781 5294 868 5344 est
896 5305 908 5343 :
935 5287 1096 5342 nulla
1127 5287 1488 5352 confusione,
1527 5287 1688 5342 nulla
1719 5293 1909 5342 muta-

326 5434 395 5488 ⁸³⁸.
433 5435 520 5488 Lu
564 5475 576 5488 .
614 5453 650 5501 ι,
674 5435 742 5486 28
773 5447 936 5501 seqq.
1013 5428 1057 5464 ⁸⁷
1095 5429 1302 5484 Matth.
1336 5444 1376 5494 ι,
1453 5429 1497 5464 ⁸⁸
1524 5430 1658 5498 Luc,
1690 5430 1758 5483 34
1788 5444 1952 5499 seqq.

327 5570 438 5640 (2'2)
469 5568 613 5622 Vide
655 5564 993 5640 Patrologiae
1022 5567 1160 5640 tom.
1196 5559 1528 5640 XCIV,_col.
1559 5561 1684 5640 983.

329 5632 442 5713 (23)
475 5640 575 5694 His
609 5640 762 5692 notis
795 5638 1020 5690 inclusa
1066 5633 1354 5703 Zigabeno
1387 5634 1599 5688 desunt
1637 5643 1692 5688 et
1725 5632 1817 5687 hic
1850 5640 1908 5689 et

2015 3238 2251 3292 nomine
2281 3247 2583 3292 censeatur
2612 3254 2624 3291 :
2660 3239 2759 3293 sed
2815 3238 3084 3295 Christus
3136 3242 3444 3309 duntaxat,
3478 3261 3666 3317 neque

2013 3327 2274 3382 Christus
2306 3327 2414 3380 erit
2445 3327 2823 3398 hypostaseos
2879 3331 3007 3400 ejus
3065 3345 3298 3402 nomen,
3340 3334 3436 3388 sed
3486 3336 3665 3392 unius

2014 3420 2234 3470 natura:
2267 3415 2324 3468 in
2357 3431 2422 3469 eo
2455 3415 2928 3486 deprehenditur.
2972 3418 3088 3474 Nos
3121 3426 3316 3476 autem
3365 3423 3656 3479 Christum

2013 3505 2191 3560 unius
2224 3510 2442 3559 natura:
2477 3507 2812 3576 composita-2.
2846 3507 3020 3563 fuisse
3065 3509 3519 3582 haudquaquam
3553 3513 3658 3568 do-

2013 3611 2236 3662 cemus,
2270 3609 2456 3665 neque
2508 3612 2575 3650 ex
2625 3596 2870 3652 diversis
2929 3599 3222 3654 diversum
3258 3603 3422 3671 quid,
3476 3609 3538 3657 ut
3593 3620 3661 3659 ex

2015 3685 2210 3740 anima
2239 3687 2295 3737 et
2324 3699 2563 3754 corpore
2595 3683 2913 3756 hominem,
2952 3685 3036 3741 vel
3075 3691 3137 3741 ut
3167 3705 3235 3741 ex
3275 3697 3526 3758 quatuor
3556 3692 3667 3747 ele-

2016 3771 2224 3827 mentis
2264 3788 2514 3841 corpus:
2569 3773 2670 3826 sed
2704 3790 2771 3826 ex
2828 3774 3070 3828 diversis
3102 3777 3303 3829 eadem
3337 3778 3480 3844 ipsa.
3516 3778 3661 3834 Nam

2015 3878 2082 3916 ex
2113 3861 2411 3914 divinitate
2444 3870 2496 3913 et
2530 3860 2896 3915 humanitate
2955 3865 3226 3918 eumdem
3263 3865 3444 3920 Deum
3480 3868 3664 3938 perfe-

2015 3955 2170 4005 ctum
2203 3953 2259 4002 et
2322 3949 2642 4019 perfectum
2693 3949 2991 4004 hominem
3043 3968 3171 4006 esse
3220 3958 3277 4007 et
3324 3955 3458 4020 dici,
3494 3965 3545 4010 et
3600 3973 3665 4011 ex

2015 4039 2246 4093 duabus
2295 4042 2351 4090 et
2382 4036 2437 4089 in
2479 4037 2710 4091 duabus
2745 4038 2970 4093 naturis
3023 4041 3390 4098 conﬁtemur.
3441 4045 3663 4100 Nomen

2015 4131 2234 4189 autem,
2287 4123 2581 4188 Christus,
2618 4141 2872 4193 personae
2905 4143 3116 4182 nomen
3153 4131 3494 4196 asserimus,
3530 4149 3663 4189 cum

2017 4230 2129 4268 nou
2165 4231 2280 4268 uno
2315 4215 2487 4269 modo
2509 4214 2764 4280 dicatur,
2799 4217 2898 4270 sed
2919 4218 3065 4270 duas
3091 4223 3332 4274 naturas
3349 4221 3665 4290 signiﬁcet.

2015 4304 2158 4358 Nam
2193 4305 2315 4373 ipse
2347 4307 2603 4375 seipsum
2640 4307 2826 4375 unxit,
2853 4323 3060 4376 corpus
3095 4308 3330 4379 quidem
3360 4312 3665 4368 divinitate

2017 4410 2121 4448 sua
2158 4399 2436 4463 tanquam
2494 4394 2646 4448 Deus
2682 4411 2924 4463 ungens,
2959 4402 3174 4452 unctus
3216 4415 3347 4453 vero
3380 4407 3669 4471 quatenus

2017 4486 2208 4539 homo.
2257 4485 2552 4556 Siquidem
2587 4485 2709 4556 ipse
2741 4490 2798 4540 et
2841 4486 2948 4540 hoc
2982 4493 3039 4541 et
3064 4487 3210 4542 illud
3243 4494 3349 4545 est.
3388 4492 3668 4548 Divinitas

2017 4579 2213 4629 autem
2267 4574 2652 4628 humanitatis
2712 4573 2910 4629 unctio
2963 4579 3073 4630 est.
3112 4577 3253 4633 Nam
3306 4581 3351 4632 si
3405 4580 3671 4638 Christus

2021 4668 2240 4718 naturas
2300 4662 2476 4718 unius
2525 4665 2859 4734 compositae
2918 4663 3174 4721 existens
3226 4667 3378 4722 Patri
3426 4671 3672 4725 consub-

2019 4752 2307 4808 stantialis
2365 4759 2476 4819 est,
2527 4753 2886 4824 compositus
2937 4759 3090 4809 certe
3149 4756 3334 4823 Pater,
3397 4763 3451 4812 et
3499 4775 3670 4814 carne

2019 4842 2538 4898 consubstantialis
2589 4843 2717 4897 erit.
2800 4844 2962 4907 Quod
3025 4844 3259 4914 quidem
3321 4847 3669 4915 absurdum,

2022 4931 2298 5002 nullaque
2332 4949 2440 4985 non
2476 4931 2846 5001 blasphemia
2880 4934 3152 4986 refertum
3185 4940 3292 4987 est.
3352 4941 3463 4999 Age
3513 4953 3666 5004 vero,

2021 5021 2120 5090 qui
2160 5020 2281 5074 fieri
2314 5019 2518 5090 possit,
2554 5025 2616 5074 ut
2649 5037 2759 5073 una
2790 5025 2994 5100 natura
3019 5022 3438 5076 contrariarum
3473 5040 3669 5078 essen-

2020 5108 2227 5164 tialum
2279 5109 2740 5163 diii‘erentiarum
2803 5125 2985 5179 capax
3028 5109 3302 5164 dicatur?
3349 5112 3455 5176 Qui
3514 5115 3667 5168 enim

2022 5197 2143 5250 ﬁeri
2196 5202 2386 5268 potest
2454 5202 2517 5250 ut
2587 5198 2786 5251 eadem
2853 5203 3059 5250 natura
3113 5198 3313 5252 eodem
3378 5207 3672 5258 momento

2021 5290 2215 5339 creata
2270 5289 2327 5339 et
2383 5285 2658 5349 increuta,
2722 5284 2980 5339 mortalis
3029 5290 3084 5340 et
3143 5286 3506 5358 immortalis,
3559 5290 3672 5352 cir-

2019 5561 2169 5615 infra
2205 5561 2302 5615 ubi
2337 5560 2542 5616 iisdem
2575 5559 2769 5614 verbis
2802 5563 3160 5630 repetuntur.

2091 5633 2206 5703 (24)
2239 5633 2377 5688 Vide
2405 5634 2846 5698 Damascenum,
2878 5631 3042 5699 ibid.,
3078 5632 3185 5687 col.
3214 5634 3338 5691 787.
