4044 6212
359 279 515 338 1ζο¹7

1683 273 1988 334 ΝΙΟΕΤΕ
2033 273 2464 335 ΟΗΟΝΙΑΊἾΕ

3623 272 3789 334 1208

361 409 722 481 cumscripta
750 411 806 464 et
840 406 1349 478 incircumscripta
1379 406 1511 461 sit?
1565 407 1726 470 Quod
1759 406 1804 460 si
1839 409 2011 461 etiam
2046 413 2096 475 Α
2132 426 2290 475 num,
2336 409 2415 461 ita
2467 411 2530 460 ut
2581 425 2611 460 a
2643 406 2871 464 Christo
2911 409 3181 464 Christus
3236 413 3412 464 natus
3447 409 3546 478 sit,
3583 408 3798 462 forma-

366 501 538 554 snius
570 505 795 552 natura:
843 495 1139 550 Christum
1194 496 1472 564 dicentes,
1504 494 1834 564 simplicem
1885 510 2014 548 eam

363 587 715 656 intelligant,
755 585 844 640 vel
903 585 1096 655 ipsum
1144 585 1367 638 nudum
1417 586 1594 638 Deum
1645 583 2016 638 confitebun-

366 683 484 746 tur,
517 681 574 732 et
606 675 1004 746 phantasiam,
1037 689 1141 728 seu
1178 672 1369 727 fictam
1424 673 1618 726 carnis
1663 672 2019 741 assumptio-

368 781 524 830 nem,
577 780 678 834 pro
728 763 1126 817 incarnatione
1188 760 1585 827 introducent,
1646 761 1733 816 vel
1798 763 2017 815 nudum

365 853 688 919 hominem,
742 851 1004 906 Nestorio
1068 850 1527 905 subscribentes.
1575 850 1708 921 [(25)
1739 850 1871 904 Jum
1921 849 2018 903 ubi

369 941 624 1014 perfecta
655 940 950 1006 divinitas,
986 939 1081 994 ubi
1133 939 1306 993 etiam
1361 940 1610 1008 perfecta
1662 938 2019 1005 humanitas,

369 1047 500 1085 cum
553 1031 802 1083 duarum
860 1029 1032 1083 etiam
1097 1032 1444 1082 naturarum
1487 1027 1784 1082 Christum
1842 1029 2023 1082 fuisse

371 1119 594 1187 dicant,
624 1119 818 1190 ipsum
873 1127 1063 1173 tamen
1096 1123 1228 1189 post
1288 1118 1758 1187 conjunctionem
1791 1134 2023 1188 quoque

374 1209 552 1264 unius
583 1207 920 1278 compositae
955 1211 1174 1261 naturas
1210 1212 1502 1261 asserunt.
1536 1206 1826 1261 Christum
1865 1208 2018 1261 enim

374 1304 507 1354 ante
539 1299 1012 1370 conjunctionem
1063 1315 1181 1353 una
1228 1297 1406 1354 fuisse
1442 1305 1646 1353 natura
1695 1298 2022 1370 praeditum,

373 1407 516 1463 nulli
552 1406 794 1461 dubium
827 1406 961 1476 est]

444 1496 521 1551 At
549 1511 685 1551 vero
717 1495 824 1550 hoc
869 1495 1015 1549 illud
1063 1500 1174 1559 est,
1225 1495 1380 1564 quod
1423 1493 1724 1548 haereticos
1766 1494 1822 1547 in
1865 1509 2026 1549 erro-

375 1601 499 1640 rem
558 1583 793 1654 pellicit,
854 1584 995 1638 dum
1067 1588 1338 1637 naturam
1411 1587 1467 1636 et
1523 1582 1868 1654 hypostasin
1924 1600 2026 1654 pro

377 1674 578 1731 eadem
604 1689 664 1727 re
695 1672 1013 1743 accipiunt.
1035 1671 1176 1738 Quia
1201 1677 1394 1727 autem
1420 1671 1725 1726 hominum
1756 1677 2026 1727 naturam

2123 515 2236 569 que
2310 501 2453 556 adeo
2524 498 2848 563 emerserit,
2907 514 3040 570 quas
3122 497 3336 554 multas
3411 497 3792 552 Christorum

2122 589 2466 660 hypostases
2527 589 2826 660 complexa
2873 587 2996 642 sit:
3060 585 3163 643 sed
3207 603 3384 641 unam
3439 587 3794 658 hypostssin

2125 679 2353 734 duabus
2394 697 2460 735 ex
2493 682 2742 743 naturis,
2783 682 2957 748 atque
3005 677 3234 732 duabus
3265 677 3320 730 in
3365 676 3595 731 naturis
3629 692 3796 730 com-

2125 768 2422 838 positam:
2482 771 2747 840 duasque
2808 768 2950 821 adeo
3004 770 3265 832 naturas,
3319 766 3394 818 ita
3455 771 3523 819 ut
3577 773 3799 818 natura

2128 863 2376 929 utraque
2408 859 2494 914 vel
2542 862 2674 929 post
2720 853 3193 925 conjunctionem
3251 853 3554 925 proprium
3588 855 3801 907 termi-

2127 963 2289 1013 num,
2318 946 2528 1018 legem,
2566 950 2950 1014 mutuamque
2982 943 3374 999 differentiam
3405 942 3799 999 consensi-it.

2127 1037 2427 1106 Siquidem
2465 1038 2518 1092 in
2554 1035 2809 1101 homine,
2843 1037 3136 1104 quatenus
3179 1031 3518 1087 differentiae
3575 1037 3800 1086 mutuae

2129 1125 2388 1196 corporis
2438 1130 2495 1180 et
2545 1125 2751 1179 animas
2816 1124 2957 1177 ratio
3016 1121 3287 1185 habetur,
3336 1122 3484 1175 duas
3543 1126 3801 1175 naturas

2130 1213 2419 1268 dicimus:
2481 1218 2770 1283 quatenus
2802 1227 2933 1266 vero
2967 1210 3253 1264 naturalis
3285 1209 3621 1264 differentia
3669 1225 3805 1280 per-

2131 1319 2286 1358 sona:
2317 1319 2384 1357 ex
2419 1318 2666 1372 persona
2721 1318 2836 1355 non
2881 1304 3202 1372 spectatur,
3255 1316 3454 1354 unam.
3491 1299 3561 1353 Et
3614 1298 3803 1353 unius

2132 1391 2368 1462 quidem
2425 1396 2641 1444 natura:
2686 1389 2959 1446 dicuntur
2988 1405 3075 1458 ea,
3119 1405 3244 1459 qua!
3286 1405 3419 1443 cum
3452 1389 3575 1443 sint
3635 1389 3804 1458 ejus-

2133 1481 2263 1536 dem
2320 1481 2556 1550 spcciei,
2591 1486 2784 1534 tamen
2841 1478 3204 1550 hypostatice
3257 1494 3356 1533 seu
3407 1495 3676 1548 persona
3714 1495 3806 1531 ra-

2133 1570 2290 1624 tione
2322 1570 2632 1624 difl‘crunt:
2669 1570 2839 1623 unius
2880 1574 3073 1623 autem
3118 1568 3534 1639 hypostaseos,
3567 1584 3634 1623 ea
3671 1582 3806 1638 qua

2140 1660 2495 1730 hypostatico
2545 1660 3004 1730 conjunguntur,
3065 1657 3440 1728 essentiaque
3486 1657 3806 1712 diﬂ‘erunt.

384 1779 563 1818 unam
593 1777 720 1816 esse
749 1760 1025 1827 dicimus,
1072 1759 1376 1816 sciendum
1411 1765 1500 1816 est
1532 1777 1635 1815 nos
1668 1761 1737 1814 ad
1773 1761 1893 1815 haec
1941 1763 2030 1816 di-

2141 1750 2340 1819 ltaque
2410 1747 2845 1803 diversiformes
2927 1746 3272 1816 bypostases
3330 1745 3803 1817 haudquaquam

386 1851 570 1905 cenda
603 1866 714 1904 non
747 1849 976 1916 a-lduci,
1012 1848 1228 1905 ratione
1276 1849 1485 1903 animae
1517 1850 1895 1921 corporisque
1927 1850 2030 1906 ha-

389 1939 526 1994 bita.
563 1940 701 2009 (Nec
731 1938 886 1993 enim
922 1938 1042 1993 fieri
1096 1942 1306 2008 potest,
1341 1941 1403 1992 ut
1433 1938 1689 1992 animam
1740 1944 1795 1993 et
1824 1954 2034 2010 corpus

386 2027 538 2082 inter
567 2043 630 2082 se
663 2030 822 2082 mtuo
846 2025 1074 2092 collata,
1111 2026 1284 2081 unius
1316 2043 1444 2082 esse
1475 2032 1692 2082 natura;
1724 2027 2032 2099 dicamus.)

383 2116 492 2170 Sed
523 2115 661 2187 quia
693 2115 996 2170 hominum
1033 2114 1476 2186 quamplurimas
1498 2121 1637 2170 sunt
1669 2116 2032 2187 hypostases,

385 2211 440 2260 et
472 2220 676 2258 omnes
708 2204 909 2260 eadem
964 2203 1186 2258 ratione
1239 2211 1458 2258 naturas
1504 2209 1772 2260 constant
1811 2207 2034 2276 (omnes

385 2293 540 2348 enim
573 2309 641 2348 ex
672 2296 870 2348 anima
927 2298 983 2348 et
1012 2308 1252 2364 corpore
1284 2293 1592 2364 compositi
1624 2298 1781 2362 sunt,
1835 2309 2032 2349 nemo-

387 2398 500 2452 que
533 2399 646 2436 non
691 2385 900 2436 animis
959 2381 1194 2452 quidem
1246 2388 1477 2448 natura,
1529 2381 1790 2452 corporis
1837 2388 2033 2437 autem

390 2471 646 2526 essentia
667 2472 983 2543 censetur),
1013 2471 1227 2526 idcirco
1257 2487 1631 2526 communem
1663 2471 1822 2526 illam
1857 2471 2034 2543 pluri-

391 2576 622 2616 marum
655 2565 713 2615 at
741 2560 1100 2616 diversarum
1134 2560 1518 2631 hypostaseon
1553 2561 1822 2627 formam,
1857 2577 2033 2616 uuam

389 2663 516 2703 esse
550 2655 818 2703 naturam
852 2648 1143 2702 dicimus:
1179 2646 1431 2718 singulis
1457 2648 1732 2702 nimirum
1767 2648 2037 2720 hyposta-

391 2738 555 2794 sibus
586 2740 728 2794 duas
782 2745 1024 2794 naturas
1080 2737 1454 2804 habentibus,
1509 2743 1678 2808 atque
1731 2737 2035 2808 completis

393 2826 451 2882 in
482 2827 712 2881 duabus
744 2825 990 2892 naturis,
1023 2825 1238 2890 anima,
1292 2823 1554 2896 inquam,
1587 2830 1644 2880 et
1673 2842 1933 2897 corpore.
1965 2828 2038 2880 At

391 2917 449 2971 iu
487 2917 726 2970 Domino
781 2920 980 2969 nostro
1009 2913 1148 2968 Jesu
1198 2913 1424 2968 Christo
1484 2916 1666 2970 forma
1707 2916 2036 2970 communis

392 3005 638 3074 intelligi
674 3019 787 3058 non
851 3007 1060 3072 potest,
1115 3018 1217 3056 nec
1263 3003 1416 3058 enim
1461 3004 1586 3068 l'uit,
1640 3019 1742 3059 nec
1792 3015 1896 3071 est,
1934 3020 2037 3058 nec

2145 1835 2505 1908 hypostatice
2565 1835 2963 1899 conferuntur,
3025 1839 3125 1888 aut
3191 1834 3634 1898 discernuntur,
3698 1834 3807 1888 sed

2144 1924 2523 1980 naturaliter:
2583 1923 3068 1994 mquil’ormesque
3115 1922 3460 1995 hypostases
3492 1924 3653 1977 haud
3697 1939 3806 1976 na-

2143 2013 2414 2070 turaliter
2443 2015 2825 2068 conferuntur
2855 2017 2956 2067 aut
3002 2013 3440 2078 discernuntur,
3473 2012 3577 2066 sed
3613 2013 3805 2082 hypo-

2145 2103 2370 2158 statice.
2434 2102 2498 2157 Et
2530 2102 3027 2174 quemadmodum
3080 2100 3201 2156 fieri
3250 2117 3364 2156 non
3415 2107 3607 2172 potest
3642 2106 3704 2154 ut
3733 2117 3808 2154 ea

2145 2209 2270 2263 quis
2322 2193 2683 2264 hypostatica
2732 2189 3059 2246 difl'crentia
3111 2190 3405 2259 differunt,
3444 2191 3622 2244 unius
3683 2190 3808 2243 sint

2147 2281 2548 2353 hypostaseos,
2599 2281 2680 2334 ita
2725 2279 2847 2334 ﬁeri
2897 2280 3102 2350 nequit
3149 2283 3213 2333 ut
3259 2295 3326 2333 ea
3355 2297 3480 2348 qua:
3543 2278 3805 2333 naturali

2147 2371 2476 2424 differentia
2522 2369 2822 2434 differunt,
2882 2367 3059 2422 unius
3115 2371 3336 2421 natura!
3383 2368 3520 2422 sint.
3573 2369 3682 2420 His
3731 2367 3808 2421 de

2147 2460 2340 2515 causis
2374 2476 2490 2514 una
2519 2458 2578 2513 in
2634 2459 2937 2513 Dominico
2988 2462 3187 2514 nostro
3225 2457 3363 2513 Jesu
3424 2457 3658 2512 Christo
3691 2473 3807 2511 na-

2145 2553 2280 2604 tura
2309 2548 2420 2603 dici
2454 2564 2568 2603 non
2603 2545 2832 2618 potest.]

2218 2656 2499 2717 Quocirca
2547 2654 2779 2710 duabus
2815 2670 2884 2709 ex
2945 2654 3173 2708 naturis
3235 2652 3526 2724 perfectis,
3579 2651 3811 2716 divina,

2147 2745 2411 2812 inquam,
2470 2749 2525 2798 et
2555 2743 2837 2809 humana,
2870 2741 3338 2811 conjunctionem
3370 2742 3580 2794 factam
3620 2739 3815 2794 fuisse

2148 2833 2425 2899 dicimus,
2480 2849 2593 2886 non
2655 2831 3084 2896 commistione,
3143 2830 3230 2884 vel
3288 2829 3653 2889 confusione,
3714 2828 3809 2882 vel

2147 2920 2532 2985 concretione,
2579 2925 2638 2975 ut
2691 2937 2905 2975 vesano
2963 2919 3252 2984 Dioscoro,
3286 2918 3516 2983 Severo,
3567 2924 3626 2971 et
3683 2934 3811 2970 sce-

2146 3009 2339 3065 leratae
2373 3026 2569 3064 eorum
2623 3009 2856 3064 factioni
2893 3008 3132 3079 placuit,
3168 3024 3354 3078 neque
3388 3022 3661 3076 persona,
3705 3012 3813 3060 aut

395 3090 1175 3187 futurusestaliusCht-istus
1199 3106 1264 3144 ex
1287 3092 2036 3148 divinitateethumanitutc
2069 3121 2111 3187 ο
2152 3098 2377 3165 habitu,
2440 3115 2513 3152 au
2573 3098 2877 3169 dignitate,
2928 3104 3027 3151 aut
3085 3099 3284 3152 eadem
3333 3095 3659 3161 voluntate,
3706 3101 3811 3150 aut

395 3180 496 3252 qui
517 3180 572 3234 in
596 3178 891 3234 divinitate
913 3184 969 3233 et
987 3180 1350 3236 humanitate
1388 3180 1539 3236 idem
1561 3187 1714 3237 Deus
1747 3186 2036 3253 perfectus

393 3276 450 3327 et
479 3270 653 3325 homo
679 3269 963 3341 perfectus
986 3269 1081 3324 sit.
1109 3270 1246 3341 [(26)
1275 3271 1382 3325 Sed
1414 3271 1606 3326 omnis
1628 3288 1862 3342 quoque
1883 3289 2036 3328 com-

393 3359 591 3431 positas
625 3363 842 3413 natura
875 3362 1092 3429 partes,
1124 3357 1297 3414 simul
1331 3365 1506 3430 atque
1541 3375 1609 3412 ex
1640 3359 1821 3413 nihilo
1864 3359 1921 3413 in
1956 3375 2037 3414 re-

392 3464 524 3503 rum
556 3452 821 3502 naturam
857 3448 1147 3519 productas
1178 3453 1337 3514 sunt,
1370 3447 1440 3501 ad
1492 3448 1750 3502 universi
1781 3448 2035 3519 comple-

393 3543 654 3594 mentum
669 3536 1079 3609 disponuntur.
1102 3537 1363 3608 Fierique
1379 3541 1589 3608 potest,
1605 3543 1668 3592 ut
1690 3555 1815 3608 qua:
1832 3540 2035 3594 eodem

392 3632 656 3699 tempore
676 3629 957 3699 producta
974 3631 1132 3691 sunt,
1158 3641 1331 3680 unam
1357 3627 1739 3696 compositam
1767 3632 2032 3683 naturam

395 3707 718 3789 perficiant,
754 3715 1091 3788 huiusmodi
1120 3715 1366 3768 limitem
1400 3719 1456 3769 et
1489 3716 1812 3770 naturalem
1848 3715 2033 3788 legem

392 3806 669 3862 beneficio
718 3805 1006 3860 Creatoris
1064 3803 1304 3858 sortita:
1366 3804 1446 3858 ita
1491 3810 1710 3858 naturae
1769 3805 1892 3875 lege
1935 3823 2035 3875 per

390 3897 812 3950 successionem
846 3891 1064 3947 similia
1094 3908 1158 3947 ex
1191 3892 1488 3948 similibus
1539 3900 1932 3963 procreantur.
1969 3895 2032 3950 In

392 3985 632 4041 Domino
654 3988 848 4038 autem
875 3987 1220 4037 naturarum
1254 3981 1701 4051 conjunctarum
1735 3982 1847 4038 alia
1872 3984 2032 4055 prin-

387 4075 537 4146 cipio
569 4080 622 4130 et
657 4083 914 4143 tempore
971 4076 1148 4139 caret,
1201 4087 1305 4126 nec
1368 4072 1552 4126 forma
1608 4073 1888 4142 producta
1945 4078 2035 4128 est

389 4164 458 4218 ad
524 4162 777 4218 universi
833 4161 1344 4233 complementum,
1396 4161 1868 4232 quandoquidem
1918 4179 2030 4217 non

390 4255 676 4324 requievit
706 4253 859 4308 Deus
890 4253 962 4306 ab
993 4253 1270 4323 operibus
1319 4252 1443 4306 suis
1488 4251 1734 4321 septimo
1766 4253 1857 4306 die
1884 4269 1897 4319 ;
1931 4268 2034 4307 nec

389 4359 520 4398 vero
569 4343 910 4397 naturaliter
956 4341 1280 4410 conjuncta:
1339 4345 1515 4395 sunt:
1550 4341 1648 4394 sed
1702 4340 2031 4395 admirabili

389 4433 644 4504 quadam
677 4436 732 4485 et
784 4429 1061 4484 ineffabili
1098 4428 1337 4482 ratione.
1373 4427 1510 4490 Quas
1559 4432 1751 4482 autem
1785 4430 2031 4485 admira-

391 4520 529 4575 bilia
561 4525 718 4583 sunt,
776 4522 834 4573 et
867 4516 1142 4571 ineffabili
1186 4515 1410 4569 ratione
1466 4515 1631 4579 fiunt,
1667 4532 1729 4570 ea
1761 4524 2030 4573 naturam

391 4625 507 4663 non
544 4608 850 4678 perficiunt
884 4623 895 4658 :
933 4621 1036 4658 nec
1067 4605 1224 4658 enim
1260 4609 1532 4658 naturam
1575 4607 1702 4660 rubi
1756 4607 2030 4677 dicimus,

393 4714 522 4770 quis
552 4697 687 4769 igne
745 4696 977 4750 admoto
1009 4695 1311 4748 combusta
1343 4710 1455 4748 non
1495 4693 1591 4762 sit,
1625 4712 1811 4766 neque
1860 4701 2030 4752 natu-

393 4803 517 4844 ram
566 4785 842 4849 hominis,
887 4783 986 4855 qui
1019 4781 1290 4838 sublimis
1332 4789 1386 4836 et
1419 4792 1692 4854 tanquam
1727 4784 1868 4839 ccelo
1901 4803 2035 4857 pro-

393 4879 586 4934 ximus
610 4874 920 4931 evehatur:
951 4887 1140 4943 neque
1162 4873 1420 4943 corporis
1474 4872 1713 4927 humani
1742 4879 2031 4942 naturam,

392 4985 518 5040 quae
568 4967 628 5021 in
684 4965 817 5036 igne
869 4962 1038 5018 veluti
1085 4977 1210 5016 rore
1261 4977 1573 5031 conspersa
1607 4962 1726 5016 sit:
1780 4964 1876 5016 sed
1933 4963 2032 5018 ad-

392 5055 680 5114 mirabilia
731 5071 797 5108 ea
854 5058 909 5107 et
940 5051 1093 5106 circa
1123 5050 1463 5122 hypostasin
1500 5066 1670 5103 unam
1710 5051 1856 5105 facta
1889 5051 2029 5105 diei-

389 5165 542 5216 mus,
593 5148 672 5200 ita
705 5144 872 5199 etiam
928 5139 1160 5197 Domini
1218 5138 1674 5193 incarnationem
1718 5140 1774 5194 in
1823 5141 2032 5197 divini—

386 5239 522 5294 tatis
584 5238 974 5310 hypostaseon
1066 5247 1179 5285 una
1253 5247 1364 5284 non
1426 5228 1550 5300 lege
1619 5235 1860 5294 naturae,
1937 5232 2031 5284 sed

387 5324 696 5382 ineffabilia
729 5323 1162 5395 dispensatione
1185 5318 1656 5388 conjunctionem
1692 5325 2033 5374 naturarum

390 5415 642 5468 evasisse
692 5413 981 5468 dicimus:
1016 5425 1207 5480 neque
1245 5408 1301 5462 id
1357 5407 1507 5462 infra
1571 5413 1788 5463 naturae
1842 5411 2038 5464 termi-

464 5563 577 5632 (25)
609 5565 670 5617 Et
701 5566 818 5620 haec
851 5565 1138 5635 Zigabeno
1170 5564 1404 5618 desunt.

2149 3187 2389 3243 honoris
2434 3187 2756 3242 nominisve
2795 3185 3206 3252 similitudine,
3239 3191 3340 3239 aut
3393 3184 3655 3255 denique
3700 3202 3810 3255 ap-

2143 3275 2502 3346 probatione,
2536 3279 2600 3330 ut
2649 3274 2827 3346 impio
2869 3273 3154 3340 Nestorio,
3214 3273 3488 3338 Diodoro,
3523 3273 3806 3343 Mepsue-

2143 3362 2344 3418 stiensi
2376 3361 2695 3426 Theodoro,
2729 3366 2786 3416 et
2831 3360 3119 3415 diabolico
3149 3375 3349 3414 eorum
3396 3359 3574 3414 coetui
3607 3360 3798 3414 visum

2141 3456 2258 3507 est:
2294 3453 2389 3507 sed
2425 3451 2868 3520 compositione,
2910 3449 3030 3504 sive
3089 3447 3474 3520 hypostatice,
3529 3447 3678 3502 citra
3707 3450 3797 3503 in-

2139 3543 2486 3605 versionem,
2522 3539 2928 3602 mutationem,
2961 3538 3387 3604 confusionem,
3417 3537 3799 3602 divisionem,

2141 3633 2198 3685 et
2257 3628 2719 3684 distractionem.
2755 3633 2942 3698 Atque
2991 3627 3220 3681 duabus
3269 3627 3328 3680 in
3392 3626 3625 3682 naturis
3665 3643 3801 3696 per-

2141 3719 2304 3774 fectis
2341 3734 2516 3772 unam
2552 3716 2678 3770 Filii
2710 3716 2836 3781 Dei,
2869 3716 3114 3786 ejusque
3143 3715 3448 3780 incarnati,
3484 3732 3799 3785 personam

2141 3810 2510 3869 confitemur,
2543 3806 2926 3875 eamdemque
2981 3804 3300 3858 divinitatis
3338 3805 3467 3873 ejus
3497 3811 3555 3857 et
3588 3805 3800 3858 buma-

2143 3897 2341 3950 nitatis
2374 3910 2680 3966 personam
2713 3910 2840 3948 esse
2870 3894 3144 3948 dicimus.
3168 3896 3352 3962 Atque
3374 3898 3526 3948 duos
3556 3900 3802 3947 naturas

2138 3986 2198 4040 in
2231 3986 2355 4054 ipso
2390 3989 2517 4054 post
2547 3983 3016 4054 conjunctionem
3060 3984 3317 4054 integras
3351 3982 3565 4038 servari
3619 3984 3800 4037 confi-

2138 4078 2350 4129 temur.
2387 4077 2499 4128 Nee
2531 4078 2723 4126 tamen
2759 4071 3030 4142 privatim
3065 4071 3449 4142 separatimve
3484 4076 3803 4143 utramque

2143 4162 2440 4232 pauimus,
2475 4161 2574 4214 sed
2601 4160 2753 4214 inter
2784 4177 2845 4213 se
2875 4161 3222 4229 conjunctas
3254 4176 3370 4212 una
3403 4158 3462 4212 in
3497 4159 3801 4229 hyposfasi

2139 4249 2482 4319 composita.
2534 4247 2959 4316 Conjunctione
3019 4246 3172 4300 enim
3228 4246 3601 4301 essentialem
3653 4247 3800 4300 dici-

2139 4354 2294 4406 mus,
2329 4339 2435 4392 hoo
2466 4342 2556 4392 est
2585 4353 2804 4403 veram,
2841 4353 2952 4391 non
2988 4341 3180 4390 autem
3225 4336 3659 4405 phantasticam
3695 4352 3798 4389 seu

2139 4427 2621 4482 commentitiam.
2659 4426 3041 4480 Essentialem
3075 4425 3202 4479 dico
3237 4441 3351 4479 non
3394 4426 3548 4494 quod
3583 4441 3616 4478 a
3647 4424 3795 4478 dua-

2143 4515 2253 4569 bus
2305 4515 2531 4569 naturis
2563 4519 2772 4568 natura
2827 4531 2942 4568 una
2984 4514 3312 4584 composita
3343 4513 3466 4578 ﬁat,
3501 4513 3600 4567 sed
3638 4515 3794 4583 quod

2145 4613 2340 4658 mutuo
2373 4620 2565 4658 revera
2620 4603 2676 4656 in
2738 4618 2915 4656 unam
2974 4602 3099 4656 Filii
3155 4601 3247 4656 Dei
3310 4617 3620 4672 personam
3657 4619 3796 4655 con-

2133 4694 2478 4763 junguntur,
2521 4698 2695 4763 atque
2729 4692 2806 4746 ita
2856 4691 3224 4748 essentialem
3282 4707 3482 4747 earum
3525 4692 3798 4746 differen-

2145 4783 2278 4836 tiam
2313 4780 2528 4836 servari
2563 4781 2900 4836 definimus.
2933 4781 3095 4846 Quod
3149 4781 3307 4834 enim
3351 4786 3615 4836 creatum
3648 4786 3797 4844 erat,

2145 4877 2404 4926 creatum
2477 4870 2738 4925 mansit:
2791 4871 2945 4941 quod
3006 4871 3350 4936 increatum,
3405 4870 3734 4924 increatum
3782 4888 3794 4924 :

2145 4960 2296 5030 quod
2334 4959 2596 5026 mortale,
2631 4958 2908 5013 mortale:
2971 4957 3126 5028 quod
3165 4956 3518 5022 immortale,
3555 4959 3796 5013 immor-

2143 5048 2291 5102 tale:
2317 5049 2468 5118 quod
2499 5048 3028 5115 circumscriptum,
3057 5045 3569 5117 circumscriptum
3601 5066 3611 5100 :
3639 5050 3796 5117 quod

2144 5137 2389 5199 visibilc,
2448 5135 2712 5189 visibile:
2749 5136 2900 5205 quod
2965 5135 3274 5196 invisibile.
3323 5136 3637 5190 invisibile.
3671 5141 3800 5191 Una

2146 5227 2378 5295 quidem
2417 5241 2550 5295 pars
2585 5224 2881 5278 miraculis
2914 5223 3169 5293 effulget,
3209 5223 3388 5278 altera
3419 5227 3798 5280 contumeliis

2147 5315 2395 5369 obnoxia
2443 5319 2548 5368 est.
2583 5314 2756 5368 Porro
2812 5314 3061 5367 Verbum
3097 5328 3160 5365 ea
3193 5313 3302 5366 sibi
3334 5330 3459 5382 qua:
3495 5320 3636 5368 sunt
3693 5317 3802 5371 ho-

2149 5405 2323 5459 minis
2372 5403 2642 5470 assumit,
2700 5403 2983 5473 quasique
3015 5401 3333 5456 domestica
3388 5403 3542 5456 facit.
3606 5406 3798 5475 Ipsius

2219 5566 2328 5636 (26)
2361 5566 2429 5620 Et
2461 5564 2578 5620 haec
2609 5567 2826 5631 omnia,
2863 5579 3048 5634 usque
3079 5563 3148 5617 ad
3183 5562 3535 5619 clausulam.
