4066 6208
253 362 284 418 1
297 363 413 421 209

1600 357 2004 422 THESAURI
2052 360 2198 420 LIB.
2246 360 2352 420 IlI.

3513 360 3672 420 1210

242 493 405 547 enim
465 495 605 546 sunt
662 507 746 562 ea,
808 509 934 563 quas
995 493 1065 547 ad
1133 500 1394 550 sanctam
1465 495 1593 566 ejus
1661 509 1892 550 carnem
1931 492 2415 558 Adimcultatem
2474 492 2962 564 comprehendas,
3040 493 3112 548 de
3185 497 3392 564 quarto
3470 500 3667 550 autem

242 582 562 654 pertinent,
616 597 968 652 carnemque
1024 599 1248 651 eorum,
1310 601 1437 655 quis
1507 583 1741 656 propria
1789 582 1901 638 sibi

242 676 410 735 sunt,
441 676 664 725 mutum
687 673 1186 742 compensationis
1220 675 1392 728 modo
1423 679 1478 728 et
1510 678 1734 728 mutuas
1776 689 1904 744 par-

241 760 395 814 tium
441 759 764 828 afﬁnitatis,
814 761 1306 834 hypostaticieque
1343 764 1773 833 conjunctionis
1808 780 1898 817 ra-

246 848 428 916 tione,
468 848 809 920 participem
839 851 991 905 facit.
1034 853 1242 906 Adhrec
1276 853 1412 923 quia
1445 869 1598 907 unus
1632 852 1902 921 idemque

243 936 299 991 is
327 944 466 1004 erat,
521 938 622 1004 qui
685 938 882 992 divina
939 945 995 993 et
1055 939 1315 994 humana
1358 943 1414 995 in
1449 945 1696 1012 utraque
1721 941 1902 994 forma

253 1027 610 1098 operabatur
665 1043 793 1081 cum
855 1027 1097 1083 alterius
1155 1033 1586 1085 communione.
1621 1030 1900 1096 Quocirca

253 1115 545 1168 Dominus
605 1131 838 1186 quoque
891 1115 1085 1186 gloria:
1143 1118 1459 1172 crucifixus
1505 1135 1630 1174 esse
1663 1119 1898 1183 dicitur,

245 1205 512 1272 quamvis
546 1204 736 1258 divina
787 1205 914 1274 ejus
959 1197 1169 1261 natura
1202 1224 1374 1278 passa
1407 1225 1517 1262 non
1553 1209 1647 1264 sit.
1684 1207 1892 1263 Filium

246 1296 389 1350 item
425 1295 684 1349 hominis
734 1300 867 1349 ante
918 1297 1249 1366 passionem
1281 1299 1335 1350 in
1371 1298 1514 1352 ccelo
1546 1299 1725 1352 fuisse
1757 1315 1895 1352 con-

249 1390 395 1447 stat,
447 1389 509 1437 ut
565 1383 848 1438 Dominus
889 1385 1013 1455 ipse
1044 1385 1291 1442 dicebat.
1329 1387 1488 1442 Unus
1519 1389 1674 1442 enim
1707 1387 1894 1441 idem-

249 1489 368 1544 que
405 1473 598 1543 glorie
631 1472 916 1527 Dominus
948 1474 998 1528 is
1026 1478 1170 1542 erat,
1203 1476 1298 1546 qui
1335 1481 1537 1530 natura
1571 1480 1629 1530 et.
1673 1491 1732 1530 re
1763 1492 1894 1530 vera

244 1562 430 1616 Filius
485 1561 762 1630 hominis,
813 1579 915 1616 seu
977 1563 1147 1618 homo
1195 1564 1382 1619 factus
1436 1567 1670 1618 fuerat:
1717 1569 1893 1634 atque

241 1652 528 1707 miracula
559 1653 688 1722 ejus
723 1653 1141 1724 passionesque
1161 1671 1272 1710 non
1298 1656 1656 1727 ignoramus,
1689 1672 1892 1726 quam-

243 1743 336 1796 vis
371 1743 485 1796 alia
518 1743 740 1795 ratione
772 1741 1053 1797 miracula
1079 1743 1293 1807 ederet,
1345 1743 1460 1798 alia
1500 1745 1635 1798 item
1667 1745 1889 1813 passio-

2014 580 2167 650 quod
2199 580 2500 636 ditiicilius
2532 588 2640 647 est,
2664 583 2790 652 jam
2824 582 3134 636 dicendum
3169 583 3335 638 nobis
3364 585 3669 657 cst.Enhy-

2013 674 2310 740 postatum
2347 669 2405 724 id
2435 675 2543 739 est,
2577 671 2732 741 quod
2759 687 2892 725 cum
2918 670 3031 725 alio
3058 671 3316 726 essentia
3346 673 3575 728 diverso
3601 677 3670 731 ad

2013 761 2190 815 unius
2223 763 2704 818 constitutionem
2757 779 3039 832 personae,
3084 764 3378 836 uniusque
3425 782 3667 837 genera-

2012 849 2228 904 tionem
2261 850 2663 923 hypostaseos,
2699 854 3160 922 componitur,et
3192 870 3310 909 una
3345 853 3616 910 subsistit
3651 872 3664 911 :

2014 954 2126 993 non
2162 944 2381 1006 autem,
2417 955 2518 1011 per
2548 956 2610 996 se
2662 941 3054 1011 cognoscitur.
3093 943 3461 998 Attendenda
3493 961 3662 1014 porro

2010 1033 2098 1084 est
2130 1028 2248 1084 haec
2292 1031 2660 1102 enhypostati
2709 1030 2994 1086 definitio.
3038 1031 3250 1086 Sancta
3273 1033 3533 1088 Ecclesia
3565 1051 3661 1090 ca-

2007 1118 2224 1173 tholica
2279 1119 2338 1173 in
2396 1119 2836 1190 dispensatione
2875 1120 3294 1176 incarnationis
3341 1139 3518 1177 unam
3554 1122 3659 1193 hy-

2008 1208 2292 1276 postasin,
2326 1210 2588 1278 duasque
2645 1215 2882 1263 naturas
2933 1210 3235 1280 proﬁtetur
3267 1226 3278 1262 :
3311 1209 3654 1282 hypostasin

2005 1296 2265 1365 quidem,
2315 1297 2684 1352 incarnatum
2738 1298 2971 1366 Filium,
3007 1305 3244 1353 naturas
3274 1315 3409 1356 vero
3443 1301 3659 1356 divini-

2005 1391 2181 1439 tatem
2237 1391 2295 1440 et
2352 1387 2803 1441 humanitatem.
2865 1387 3085 1457 Corpus
3148 1387 3343 1458 itaque
3375 1391 3571 1444 anima
3604 1395 3661 1445 ct

2004 1479 2200 1528 mente
2233 1476 2564 1544 praeditum,
2598 1493 2628 1529 a
2661 1475 2910 1530 Domino
2965 1481 3167 1530 nostro
3226 1478 3364 1532 Jesu
3425 1478 3656 1535 Christo

2003 1569 2396 1632 assumptum,
2457 1564 2796 1635 hypostasin
2859 1564 3099 1618 minime
3153 1569 3365 1618 vocat:
3404 1583 3472 1620 ne
3503 1568 3652 1622 duas

2001 1650 2342 1722 hypostases
2403 1652 2614 1719 dicere,
2675 1653 3042 1722 Nestoriique
3100 1654 3470 1723 nugamentis
3515 1658 3652 1709 sub-

2001 1741 2255 1796 scribere
2287 1741 2758 1812 deprehendatur
2790 1762 2804 1800 :
2838 1742 2937 1796 sed
2971 1742 3422 1813 enhypostatum
3458 1745 3651 1798 nomi-

247 1833 428 1886 nibus
459 1831 748 1885 obnoxius
780 1837 954 1887 esset.
983 1831 1054 1886 Ut.
1082 1849 1236 1886 enim
1273 1850 1447 1887 unam
1473 1833 1601 1901 ejus
1622 1833 1874 1904 hyposta

2003 1835 2120 1896 nat,
2155 1828 2230 1889 ὡς
2263 1827 2313 1882 ἐν
2346 1832 2415 1901 τῇ
2465 1833 2560 1882 τοῦ
2620 1829 2747 1883 Υἱοῦ
2792 1829 3086 1884 ὑποστάσει
3144 1829 3204 1883 τὸ
3264 1831 3395 1884 εἶναι
3455 1827 3649 1902 λαϐὸν,

241 1923 361 1986 sin,
421 1923 504 1978 ita
553 1928 610 1978 et
668 1923 1038 1979 essentialem
1103 1931 1442 1980 naturarum
1502 1925 1888 1980 differentiam

240 2011 464 2067 servari
531 2013 822 2067 novimus.
883 2013 1013 2067 Jam
1074 2015 1170 2084 qui
1202 2013 1324 2068 ﬁeri
1357 2019 1562 2085 potest,
1596 2019 1660 2068 ut
1687 2030 1889 2069 essen-

233 2099 400 2154 tialis
433 2098 760 2154 differentia
795 2106 1020 2155 servata
1051 2102 1146 2165 sit,
1181 2102 1293 2156 nisi
1320 2119 1388 2157 ea
1417 2118 1644 2172 quoque
1664 2108 1889 2157 servata

237 2190 382 2256 sint,
415 2205 541 2259 quis
601 2188 753 2243 inter
800 2205 860 2242 se
903 2195 1109 2244 mutuo
1157 2189 1434 2245 differunt
1483 2190 1510 2244 ‘I
1553 2190 1888 2246 DitI'erentia

236 2278 398 2333 enim
433 2293 634 2332 eorum
685 2294 811 2348 quas
863 2279 1138 2334 differunt
1173 2279 1499 2335 differentia
1529 2286 1634 2336 est.
1673 2281 1882 2335 Eadem

237 2367 422 2438 igitur
454 2367 694 2436 ratione,
731 2384 846 2438 qua
877 2367 1090 2422 Christi
1125 2376 1345 2423 natura:
1395 2370 1546 2424 inter
1601 2386 1662 2425 se
1721 2369 1883 2424 diii'e-

235 2460 398 2523 runt,
467 2455 576 2511 hoc
630 2461 721 2511 est
777 2457 1037 2511 essentiae
1095 2458 1335 2523 ratione,
1394 2458 1586 2528 ipsum
1650 2473 1880 2529 quoque

235 2560 373 2599 cum
408 2545 680 2600 extremis
721 2546 1049 2613 convenire,
1087 2547 1407 2614 divinitate,
1441 2547 1711 2619 inquam,
1744 2564 1878 2603 cum

231 2633 405 2689 Patre
432 2638 486 2687 et
517 2633 738 2705 Spiritu
774 2651 786 2690 :
821 2634 1202 2705 humanitate,
1236 2653 1366 2691 vero
1421 2653 1551 2691 cum
1604 2637 1786 2692 Matre
1825 2642 1883 2692 et

224 2723 400 2776 nobis
435 2723 774 2777 asserimus.
810 2723 934 2794 lpse
965 2725 1120 2778 enim
1157 2725 1308 2779 Patri
1341 2729 1396 2780 et
1427 2725 1880 2796 Spirituisancto

231 2812 562 2867 divinitatis
611 2815 834 2869 ratione
881 2815 1403 2870 consubstantialis
1435 2821 1542 2885 est,
1575 2817 1741 2872 Matri
1773 2833 1878 2870 au-

229 2904 354 2954 tem
415 2907 469 2954 et
523 2903 753 2957 cunctis
805 2903 1166 2971 hominibus,
1219 2905 1442 2959 ratione
1476 2905 1874 2959 humanitatis.

235 2987 362 3051 Qua
394 2995 587 3044 autem
626 2992 844 3046 ratione
867 2999 1088 3047 natura:
1111 2994 1238 3064 ejus
1269 2995 1643 3059 conveniunt,
1675 2993 1874 3048 eadem

234 3080 435 3148 ipsum
471 3096 701 3150 quoque
761 3080 993 3135 differre
1051 3082 1325 3146 dicimus,
1384 3089 1508 3138 tum
1563 3083 1790 3138 aPatre
1821 3087 1876 3136 et

2003 1918 2109 1973 hoc
2141 1925 2222 1974 est
2255 1919 2390 1990 quia
2425 1919 2480 1973 in
2509 1918 2632 1973 Filii
2669 1920 2963 1992 hypostasi
2998 1921 3311 1976 essentiam
3356 1922 3648 1979 habuerit.

1999 2007 2299 2079 Siquidem
2331 2007 2598 2063 Christus
2633 2009 2778 2080 ipse,
2811 2025 2943 2064 cum
2981 2027 3092 2064 una
3111 2016 3264 2064 esset
3291 2010 3650 2082 hypostssis,

1999 2097 2118 2151 imo
2152 2114 2303 2162 vero,
2341 2102 2402 2152 ut
2442 2099 2700 2168 apertius
2733 2099 2946 2163 dicam,
2979 2098 3101 2169 ipse
3135 2098 3233 2154 Dei
3270 2098 3473 2163 Filius,
3506 2117 3640 2156 cum

1999 2203 2115 2241 una
2147 2192 2357 2241 sanctas
2388 2185 2686 2240 Trinitatis
2716 2186 3044 2257 hyposlasis
3077 2203 3226 2251 esse,
3263 2186 3368 2240 fuit
3424 2192 3479 2242 et
3518 2205 3645 2242 cor-

1996 2275 2119 2346 pori
2152 2277 2306 2346 quod
2368 2276 2693 2346 assumpsit
2757 2275 3104 2347 hypostasis.
3171 2277 3368 2346 Itaque
3427 2292 3638 2347 corpus

1994 2364 2222 2418 Domini
2256 2365 2679 2436 enhypostaton
2708 2365 2942 2435 quidem
2979 2369 3086 2432 est,
3119 2363 3450 2436 hypostasis
3483 2382 3642 2436 vero,

1997 2470 2256 2509 minime.

2685 2571 2840 2625 CAP.
2873 2570 2940 2627 V.

1991 2695 2063 2750 De
2091 2695 2446 2764 homoousiis,
2469 2712 2563 2750 seu
2595 2696 2686 2760 iis,
2711 2712 2830 2768 qua
2861 2701 2987 2751 sunt
3017 2695 3259 2766 ejusdem
3291 2696 3638 2751 substantiae.

2062 2823 2428 2889 Homoousia,
2488 2823 2597 2878 hoc
2649 2829 2736 2878 est
2792 2823 3334 2889 consubstantialis,
3377 2840 3443 2878 ea
3475 2830 3632 2889 sunt,

1988 2929 2351 2984 quascunque
2382 2913 2796 2986 hypostasibus
2830 2913 3067 2985 quidem
3100 2930 3134 2968 a
3165 2929 3226 2968 se
3258 2923 3459 2967 mutuo
3491 2914 3631 2968 diri-

1989 3008 2249 3071 muntur,
2310 3004 2565 3058 essentia
2620 3020 2751 3059 vero
2811 3004 3273 3074 conjunguntur.
3327 3002 3398 3057 Ut
3434 3019 3540 3074 ego
3581 3008 3636 3058 ct

1984 3096 2044 3147 tu
2079 3098 2135 3148 et
2164 3110 2367 3148 omnes
2385 3093 2603 3165 singuli
2627 3094 2895 3148 homines
2914 3093 3254 3165 hypostases
3277 3091 3630 3147 homoousias

227 3165 450 3238 Spiritu
488 3177 711 3236 sancto,
747 3174 871 3224 tum
905 3171 1139 3226 aMatre
1178 3177 1234 3226 et
1263 3172 1482 3226 caeteris
1512 3171 1868 3228 hominibus.
1907 3175 1948 3242 α
1987 3199 2212 3248 sumus,
2273 3183 2379 3238 hoc
2437 3188 2526 3237 εει
2608 3183 2873 3252 ejusdem
2960 3181 3226 3237 essentia:
3293 3181 3628 3251 participes.

221 3257 595 3312 Conveniunt
652 3259 808 3314 enim
856 3260 984 3329 ejus
1062 3265 1286 3315 natura
1361 3278 1461 3330 per
1510 3261 1875 3332 hypostasin,

221 3361 360 3399 cum
399 3363 513 3400 una
554 3347 850 3420 hypostasi
882 3351 1205 3418 composita
1227 3355 1516 3412 constent,
1551 3353 1872 3405 secundum

224 3451 408 3504 quam
444 3440 567 3491 tum
599 3453 630 3491 a
665 3441 831 3493 Patre
862 3444 918 3493 et
950 3437 1192 3509 Spiritu,
1221 3444 1342 3494 tum
1368 3457 1399 3492 a
1426 3439 1604 3494 Matre
1634 3444 1689 3493 et
1709 3439 1875 3494 nobis

219 3524 374 3594 ipsis
408 3524 618 3580 diti'ert.

900 3641 1054 3696 CAP.
1101 3642 1188 3698 IV.

219 3747 416 3815 Capita
467 3747 717 3817 quaedam
775 3765 1002 3819 quorum
1048 3753 1288 3820 cognitio
1319 3753 1386 3806 iis
1430 3755 1730 3808 necessaria
1767 3763 1863 3820 est,

291 3821 389 3887 qui
419 3831 686 3890 quantum
728 3821 882 3875 ratio
929 3822 1147 3889 patitur
1181 3825 1444 3887 humana,
1492 3825 1644 3879 Verbi
1671 3826 1861 3878 incar-

287 3894 411 3967 nalt
441 3897 763 3960 mysterium
783 3908 1100 3967 cognoscere
1127 3899 1376 3960 cupiunt.
1428 3897 1500 3948 De
1528 3904 1860 3967 enltyposla-

291 3969 364 4027 to,
392 3962 804 4032 hetempostulo,
835 3971 886 4017 et
917 3965 1217 4036 hypostasi.

291 4076 754 4146 Enhypostatum
791 4079 896 4134 hoc
928 4087 1015 4135 est
1041 4082 1092 4134 id
1128 4083 1278 4152 quod
1318 4097 1414 4149 per
1464 4098 1525 4137 sc
1557 4099 1780 4153 suaque
1809 4084 1855 4136 vi

210 4164 508 4231 subsistit,
545 4167 598 4219 in
637 4167 968 4222 universum
1006 4186 1108 4240 pro
1141 4171 1297 4224 omni
1351 4170 1734 4225 subsistentia
1761 4187 1858 4224 ca-

205 4253 397 4325 pitur,
451 4271 746 4327 corporea,
805 4259 1068 4329 inquam,
1120 4268 1168 4313 et
1256 4259 1617 4330 incorporea,
1693 4264 1863 4330 prout

202 4340 366 4397 ferre
394 4347 586 4413 potest
619 4359 632 4396 :
685 4361 799 4415 quo
847 4346 904 4399 in
957 4347 1284 4416 signiﬁcatu
1321 4347 1476 4402 color
1509 4363 1740 4419 quoque
1771 4365 1861 4402 es-

203 4432 405 4485 sentia
466 4449 566 4502 per
616 4449 677 4488 se
738 4435 1069 4491 subsistens
1099 4437 1209 4491 dici
1246 4443 1416 4507 queat
1449 4453 1460 4491 :
1495 4454 1629 4492 cum
1665 4445 1860 4492 tamen

1980 3271 2150 3326 Pater
2182 3274 2378 3342 itaque
2431 3278 2487 3326 et
2535 3271 2739 3338 Filius,
2782 3276 2838 3326 et
2876 3271 3130 3342 Spiritus
3171 3273 3413 3324 sanctus
3445 3269 3632 3340 hypo-

1980 3360 2239 3414 stasibus
2297 3360 2529 3429 quidem
2595 3359 2940 3414 dividuntur
2999 3359 3172 3430 (alius
3229 3357 3384 3412 enim
3434 3357 3622 3426 Pater,

1979 3448 2129 3502 alius
2162 3447 2299 3502 item
2335 3447 2536 3512 Filius,
2585 3449 2733 3503 alius
2783 3447 3030 3518 denique
3071 3447 3327 3518 Spiritus
3358 3444 3621 3512 sanctus)

1977 3538 2230 3592 essentia
2259 3554 2390 3592 vero
2421 3540 2880 3609 conjunguntur.
2938 3536 3074 3592 Usia
3116 3546 3332 3603 autem,
3375 3552 3499 3599 seu,
3531 3551 3622 3591 es-

1977 3626 2185 3693 sentia,
2220 3627 2549 3680 communis
2578 3631 2666 3681 est
2697 3626 3083 3698 hypostaseon
3117 3625 3283 3691 ratio,
3333 3624 3452 3678 sive
3499 3637 3617 3675 una

1973 3715 2234 3784 divinita,
2269 3733 2385 3769 una
2417 3717 2619 3771 forma.
2656 3715 2825 3770 Pater
2857 3731 2992 3782 ergo
3028 3719 3082 3767 et
3114 3714 3312 3778 Filius,
3347 3719 3404 3765 et
3434 3711 3609 3780 Spiri-

1970 3809 2064 3858 tus
2118 3811 2379 3870 sanctus,
2442 3822 2531 3858 res
2583 3810 2716 3857 sunt
2773 3803 3035 3872 ejusdem
3096 3801 3412 3855 essentia:
3458 3797 3610 3869 quod

1974 3894 2148 3946 unius
2180 3896 2298 3946 sint
2324 3900 2380 3947 et
2411 3893 2674 3961 ejusdem
2723 3893 2988 3946 essentiaa
3042 3891 3354 3961 participes
3389 3905 3401 3941 :
3432 3888 3610 3958 hypo-

1972 3982 2224 4034 stasibus
2253 3988 2469 4046 autem,
2504 3982 2620 4033 sive
2653 3981 3007 4050 personis,ut
3039 3979 3256 4031 dictum
3312 3981 3419 4043 est,
3471 3975 3612 4028 divi-

1969 4067 2209 4129 duntur,
2244 4074 2304 4122 at
2333 4069 2608 4137 essentia,
2673 4069 2792 4122 sive
2836 4073 3064 4133 natura,
3119 4068 3561 4135 conjunguntur
3595 4081 3607 4118 :

1967 4172 2150 4227 eaque
2203 4157 2272 4211 de
2351 4174 2527 4211 causa
2596 4155 2826 4231 ὁμοφεῖς
2906 4157 3162 4226 ejusdem
3240 4160 3482 4223 naturae,
3551 4157 3608 4207 ct

1966 4243 2250 4314 ὁμοούσιοι
2283 4247 2545 4314 ejusdem
2579 4246 2864 4310 essentias,
2901 4244 3210 4316 participes
3236 4243 3532 4298 dicuntur.

2642 4351 2792 4405 CAP.
2827 4351 2919 4407 VI.

1970 4463 2042 4516 De
2089 4461 2596 4532 Homohypostatis,
2646 4461 2743 4515 hoc
2784 4467 2862 4516 est
2911 4459 3002 4527 iis,
3051 4475 3176 4531 quae
3205 4465 3330 4515 sunt
3363 4460 3604 4530 ejusdem

207 4521 450 4591 proprie
481 4522 638 4576 color
693 4525 772 4579 sit
830 4524 1324 4596 heteropostaton,
1377 4527 1481 4581 hoc
1514 4534 1602 4582 est
1633 4543 1722 4582 res
1755 4545 1857 4598 per
1886 4530 1934 4594 ι)
2299 4521 2678 4604 ’ἡμροδίαέεοδ
2707 4549 2804 4588 seu
2835 4521 3226 4589 subsz'Ste'ntiw.

211 4608 404 4663 alium
438 4611 768 4666 subsistens
794 4629 807 4677 ;
830 4615 1063 4684 propria
1080 4613 1232 4668 enim
1264 4616 1645 4671 subsistentia
1674 4621 1848 4682 caret,

197 4697 309 4752 sed
343 4698 569 4768 corpori
629 4705 904 4770 tanquam
954 4703 1215 4772 subjecto
1273 4705 1529 4758 inhaeret.
1585 4706 1852 4760 Essentia

198 4801 343 4840 vero
370 4788 600 4857 proprie
634 4787 965 4860 hypostasis
993 4797 1101 4858 est,
1135 4809 1236 4846 seu
1284 4794 1688 4860 subsistentia,
1735 4810 1847 4848 non

194 4888 399 4931 autem
434 4877 909 4950 enhypostatum.
946 4882 1200 4936 Abusive
1233 4890 1424 4938 tamen
1464 4884 1582 4938 haec
1616 4898 1848 4953 quoque

195 4972 547 5036 enypostata
561 4968 693 5022 dicu
707 4969 1328 5042 ntur.Enhypostatum
1349 4980 1621 5044 praeterea
1637 4973 1811 5028 dicitu
1824 4989 1850 5026 r

196 5055 384 5110 homo
446 5056 811 5126 universalis,
871 5061 1020 5128 quod
1079 5063 1290 5116 externi
1343 5062 1671 5134 philosophi
1703 5058 1845 5122 εἶδος

196 5139 580 5211 εἰδικώτατον,
616 5146 722 5201 hoc
755 5154 841 5201 est
864 5149 1111 5218 speciem
1131 5151 1612 5222 specialissimam
1637 5169 1736 5209 seu
1759 5153 1844 5207 in-

203 5233 408 5286 ﬁmam
457 5242 680 5288 vocant.
737 5236 1198 5308 Enhypostatum
1251 5246 1443 5296 autem
1501 5241 1846 5298 universalis

195 5321 380 5376 homo
409 5324 641 5389 dicitur,
673 5330 951 5396 tanquam
978 5327 1034 5381 in
1070 5327 1477 5400 hypostasibus
1508 5331 1847 5385 considera-

189 5418 316 5476 tus,
380 5418 440 5466 ut
500 5412 556 5468 in
620 5413 782 5469 Petro
832 5419 888 5469 et
940 5417 1170 5470 cateris
1203 5416 1535 5473 hominibus
1567 5419 1838 5490 singulis.

187 5501 324 5557 Haec
348 5519 518 5572 porro
541 5505 651 5556 tria
673 5504 1041 5574 enhypostati
1060 5505 1389 5576 significata
1402 5506 1545 5562 citra
1568 5524 1839 5578 magnam

264 5623 382 5696 (27)
415 5623 628 5678 Contra
659 5620 984 5692 Origenem.

2031 4639 2548 4712 Homohypostata,
2609 4640 2717 4696 hoc
2772 4647 2865 4695 est
2909 4641 3504 4706 consubsistentialta,
3538 4658 3600 4697 ea

1962 4727 2258 4794 dicuntur,
2319 4744 2683 4801 quascunque
2743 4729 2896 4784 inter
2942 4746 3004 4785 se
3057 4729 3304 4784 essentia
3362 4733 3597 4801 quidem

1961 4816 2256 4883 differunt,
2315 4818 2370 4872 in
2411 4835 2588 4873 unam
2648 4823 2842 4873 autem
2875 4824 2931 4873 et
2961 4819 3223 4874 eamdem
3257 4819 3597 4891 hypostasin

1960 4906 2110 4961 inter
2131 4924 2192 4962 se
2221 4913 2696 4979 componuntur:
2731 4912 2794 4961 ut
2849 4924 2954 4977 ego
2994 4914 3051 4962 et
3080 4913 3162 4973 tu,
3193 4913 3249 4964 et
3283 4909 3592 4978 unusquis-

1959 5012 2072 5066 que
2133 5001 2395 5050 nostrum
2457 4997 2652 5050 anima
2696 5000 2752 5049 et
2803 5012 3040 5067 corpore
3091 5000 3446 5050 constamus.
3497 5000 3596 5049 Hie

1959 5099 2127 5152 porro
2186 5089 2402 5153 partes,
2463 5085 2659 5137 anima
2715 5086 2772 5137 et
2828 5100 3040 5154 corpus
3079 5083 3330 5138 essentia
3361 5083 3594 5154 quidem

1958 5174 2194 5226 diversa:
2255 5178 2438 5227 sunt:
2504 5171 2639 5242 (alia
2697 5173 2852 5226 enim
2912 5171 3142 5242 animae,
3190 5171 3304 5227 alia
3336 5174 3596 5242 corporis

1956 5262 2207 5316 essentia
2228 5264 2366 5329 est.)
2403 5259 2910 5332 Homohypostatse
2951 5277 3102 5326 vero,
3135 5277 3237 5316 seu
3269 5263 3594 5317 subsisten-

1956 5349 2046 5402 tia?
2079 5350 2358 5418 ejusdem,
2393 5350 2715 5404 secundum
2749 5349 3198 5405 christianorum
3244 5351 3594 5421 placita.Nec

1953 5439 2107 5492 enim
2154 5440 2351 5492 anima
2395 5437 2522 5508 ipso
2548 5453 2786 5509 corpore
2810 5437 3127 5509 antiquior,
3162 5455 3348 5511 neque
3377 5456 3591 5514 corpus

1951 5543 2079 5581 esse
2110 5531 2409 5596 coeperunt
2436 5527 2568 5597 (27).
2602 5526 2968 5597 Quaecunque
3002 5544 3137 5599 ergo
3177 5531 3429 5585 essentia
3459 5531 3590 5602 qui-
