  <div class='ocr_page' id='page_1' title='image "/cluster/home/n/w/nwhite01/storage/ocr_20150623/139/hvd.32044023361710/611.png"; bbox 0 0 4066 6208; ppageno 0'>
   <div class='ocr_carea' id='block_1_1' title="bbox 444 369 595 430">
    <p class='ocr_par' dir='ltr' id='par_1_1' title="bbox 444 369 595 430">
     <span class='ocr_line' id='line_1_1' title="bbox 444 369 595 430; baseline 0.007 -1"><span class='ocrx_word' id='word_1_1' title='bbox 444 369 595 430; x_wconf 77' lang='grc'><strong>1211</strong></span> 
     </span>
    </p>
   </div>
   <div class='ocr_carea' id='block_1_2' title="bbox 1761 355 2538 430">
    <p class='ocr_par' dir='ltr' id='par_1_2' title="bbox 1761 355 2538 430">
     <span class='ocr_line' id='line_1_2' title="bbox 1761 355 2538 430; baseline -0.019 -1"><span class='ocrx_word' id='word_1_2' title='bbox 1761 371 1818 430; x_wconf 88' lang='grc' dir='ltr'>Ν</span> <span class='ocrx_word' id='word_1_3' title='bbox 1831 363 2074 427; x_wconf 72' lang='grc' dir='ltr'>ΙΟΕΤΕ</span> <span class='ocrx_word' id='word_1_4' title='bbox 2115 355 2538 418; x_wconf 58' lang='grc' dir='ltr'>ΟΗΟΝΙΛΤΙΕ</span> 
     </span>
    </p>
   </div>
   <div class='ocr_carea' id='block_1_3' title="bbox 3697 363 3853 421">
    <p class='ocr_par' dir='ltr' id='par_1_3' title="bbox 3697 363 3853 421">
     <span class='ocr_line' id='line_1_3' title="bbox 3697 363 3853 421; baseline -0.006 -1"><span class='ocrx_word' id='word_1_5' title='bbox 3697 363 3853 421; x_wconf 74' lang='grc'><strong>1212</strong></span> 
     </span>
    </p>
   </div>
   <div class='ocr_carea' id='block_1_4' title="bbox 446 487 3856 577">
    <p class='ocr_par' dir='ltr' id='par_1_4' title="bbox 446 487 3856 577">
     <span class='ocr_line' id='line_1_4' title="bbox 446 487 3856 577; baseline -0.002 -22"><span class='ocrx_word' id='word_1_6' title='bbox 446 503 573 557; x_wconf 88' lang='lat' dir='ltr'>dem</span> <span class='ocrx_word' id='word_1_7' title='bbox 631 502 924 572; x_wconf 66' lang='lat' dir='ltr'>differunt,</span> <span class='ocrx_word' id='word_1_8' title='bbox 985 505 1188 560; x_wconf 83' lang='lat' dir='ltr'>eodem</span> <span class='ocrx_word' id='word_1_9' title='bbox 1248 511 1442 561; x_wconf 82' lang='lat' dir='ltr'>tamen</span> <span class='ocrx_word' id='word_1_10' title='bbox 1494 511 1778 577; x_wconf 79' lang='lat' dir='ltr'>tempore,</span> <span class='ocrx_word' id='word_1_11' title='bbox 1810 508 1865 558; x_wconf 89' lang='lat' dir='ltr'>et</span> <span class='ocrx_word' id='word_1_12' title='bbox 1915 494 2092 556; x_wconf 88' lang='lat' dir='ltr'>simul</span> <span class='ocrx_word' id='word_1_13' title='bbox 2123 496 2174 560; x_wconf 84' lang='grc' dir='ltr'><strong>Α</strong></span> <span class='ocrx_word' id='word_1_14' title='bbox 2208 490 2388 546; x_wconf 86' lang='lat' dir='ltr'>Maria</span> <span class='ocrx_word' id='word_1_15' title='bbox 2421 489 2645 544; x_wconf 89' lang='lat' dir='ltr'>nudum</span> <span class='ocrx_word' id='word_1_16' title='bbox 2677 491 2733 542; x_wconf 91' lang='lat' dir='ltr'>et</span> <span class='ocrx_word' id='word_1_17' title='bbox 2755 487 3086 559; x_wconf 82' lang='lat' dir='ltr'>simplicem</span> <span class='ocrx_word' id='word_1_18' title='bbox 3118 487 3417 544; x_wconf 84' lang='lat' dir='ltr'>hominem</span> <span class='ocrx_word' id='word_1_19' title='bbox 3460 494 3669 546; x_wconf 88' lang='lat' dir='ltr'>natum</span> <span class='ocrx_word' id='word_1_20' title='bbox 3711 509 3856 558; x_wconf 86' lang='lat' dir='ltr'>esse,</span> 
     </span>
    </p>
   </div>
   <div class='ocr_carea' id='block_1_5' title="bbox 449 591 2090 666">
    <p class='ocr_par' dir='ltr' id='par_1_5' title="bbox 449 591 2090 666">
     <span class='ocr_line' id='line_1_5' title="bbox 449 591 2090 666; baseline -0.002 -21"><span class='ocrx_word' id='word_1_21' title='bbox 449 591 858 657; x_wconf 87' lang='lat' dir='ltr'>substiterunt,</span> <span class='ocrx_word' id='word_1_22' title='bbox 920 594 1401 666; x_wconf 86' lang='lat' dir='ltr'>bomobypostata</span> <span class='ocrx_word' id='word_1_23' title='bbox 1459 604 1615 664; x_wconf 89' lang='lat' dir='ltr'>sunt,</span> <span class='ocrx_word' id='word_1_24' title='bbox 1684 599 1740 648; x_wconf 88' lang='lat' dir='ltr'>et</span> <span class='ocrx_word' id='word_1_25' title='bbox 1797 593 2090 646; x_wconf 89' lang='lat' dir='ltr'>dicuntur.</span> 
     </span>
    </p>
   </div>
   <div class='ocr_carea' id='block_1_6' title="bbox 450 681 2090 756">
    <p class='ocr_par' dir='ltr' id='par_1_6' title="bbox 450 681 2090 756">
     <span class='ocr_line' id='line_1_6' title="bbox 450 681 2090 756; baseline -0.001 -22"><span class='ocrx_word' id='word_1_26' title='bbox 450 681 646 751; x_wconf 75' lang='lat' dir='ltr'>Itaque</span> <span class='ocrx_word' id='word_1_27' title='bbox 677 683 846 738; x_wconf 87' lang='lat' dir='ltr'>Pater</span> <span class='ocrx_word' id='word_1_28' title='bbox 875 690 932 738; x_wconf 86' lang='lat' dir='ltr'>et</span> <span class='ocrx_word' id='word_1_29' title='bbox 963 683 1168 752; x_wconf 88' lang='lat' dir='ltr'>Filius,</span> <span class='ocrx_word' id='word_1_30' title='bbox 1218 691 1274 739; x_wconf 89' lang='lat' dir='ltr'>et</span> <span class='ocrx_word' id='word_1_31' title='bbox 1316 687 1568 756; x_wconf 77' lang='lat' dir='ltr'>Spiritus</span> <span class='ocrx_word' id='word_1_32' title='bbox 1618 688 1855 740; x_wconf 88' lang='lat' dir='ltr'>sanctus</span> <span class='ocrx_word' id='word_1_33' title='bbox 1886 682 2090 756; x_wconf 39' lang='lat' dir='ltr'>homo:</span> 
     </span>
    </p>
   </div>
   <div class='ocr_carea' id='block_1_7' title="bbox 449 753 2096 845">
    <p class='ocr_par' dir='ltr' id='par_1_7' title="bbox 449 753 2096 845">
     <span class='ocr_line' id='line_1_7' title="bbox 449 753 2096 845; baseline 0.001 -20"><span class='ocrx_word' id='word_1_34' title='bbox 449 771 758 840; x_wconf 80' lang='lat' dir='ltr'>hypostata</span> <span class='ocrx_word' id='word_1_35' title='bbox 819 788 932 827; x_wconf 90' lang='lat' dir='ltr'>non</span> <span class='ocrx_word' id='word_1_36' title='bbox 985 782 1142 842; x_wconf 89' lang='lat' dir='ltr'>sunt,</span> <span class='ocrx_word' id='word_1_37' title='bbox 1203 753 1469 845; x_wconf 80' lang='lat' dir='ltr'>quamvis</span> <span class='ocrx_word' id='word_1_38' title='bbox 1522 776 1642 830; x_wconf 83' lang='lat' dir='ltr'>illis</span> <span class='ocrx_word' id='word_1_39' title='bbox 1701 771 2006 844; x_wconf 79' lang='lat' dir='ltr'>antiquius</span> <span class='ocrx_word' id='word_1_40' title='bbox 2037 753 2096 826; x_wconf 56' lang='grc' dir='ltr'>οῖ</span> 
     </span>
    </p>
   </div>
   <div class='ocr_carea' id='block_1_8' title="bbox 448 861 2093 934">
    <p class='ocr_par' dir='ltr' id='par_1_8' title="bbox 448 861 2093 934">
     <span class='ocr_line' id='line_1_8' title="bbox 448 861 2093 934; baseline 0.001 -20"><span class='ocrx_word' id='word_1_41' title='bbox 448 861 740 916; x_wconf 72' lang='lat' dir='ltr'>recentius</span> <span class='ocrx_word' id='word_1_42' title='bbox 800 861 944 916; x_wconf 85' lang='lat' dir='ltr'>nihil</span> <span class='ocrx_word' id='word_1_43' title='bbox 992 863 1091 930; x_wconf 90' lang='lat' dir='ltr'>sit,</span> <span class='ocrx_word' id='word_1_44' title='bbox 1161 868 1296 934; x_wconf 87' lang='lat' dir='ltr'>quia</span> <span class='ocrx_word' id='word_1_45' title='bbox 1352 882 1484 920; x_wconf 89' lang='lat' dir='ltr'>vero</span> <span class='ocrx_word' id='word_1_46' title='bbox 1542 865 1797 921; x_wconf 76' lang='lat' dir='ltr'>essentia</span> <span class='ocrx_word' id='word_1_47' title='bbox 1855 862 2093 917; x_wconf 85' lang='lat' dir='ltr'>minime</span> 
     </span>
    </p>
   </div>
   <div class='ocr_carea' id='block_1_9' title="bbox 451 949 2091 1015">
    <p class='ocr_par' dir='ltr' id='par_1_9' title="bbox 451 949 2091 1015">
     <span class='ocr_line' id='line_1_9' title="bbox 451 949 2091 1015; baseline 0.001 -12"><span class='ocrx_word' id='word_1_48' title='bbox 451 949 745 1015; x_wconf 81' lang='lat' dir='ltr'>ditferunt,</span> <span class='ocrx_word' id='word_1_49' title='bbox 781 950 996 1006; x_wconf 86' lang='lat' dir='ltr'>idcirco</span> <span class='ocrx_word' id='word_1_50' title='bbox 1031 952 1207 1007; x_wconf 88' lang='lat' dir='ltr'>etiam</span> <span class='ocrx_word' id='word_1_51' title='bbox 1258 954 1604 1010; x_wconf 77' lang='lat' dir='ltr'>bomoousia</span> <span class='ocrx_word' id='word_1_52' title='bbox 1649 957 1706 1008; x_wconf 88' lang='lat' dir='ltr'>et</span> <span class='ocrx_word' id='word_1_53' title='bbox 1751 954 1891 1008; x_wconf 88' lang='lat' dir='ltr'>sunt</span> <span class='ocrx_word' id='word_1_54' title='bbox 1921 954 1977 1006; x_wconf 88' lang='lat' dir='ltr'>et</span> <span class='ocrx_word' id='word_1_55' title='bbox 2007 949 2091 1004; x_wconf 81' lang='lat' dir='ltr'>di-</span> 
     </span>
    </p>
   </div>
   <div class='ocr_carea' id='block_1_10' title="bbox 449 1043 683 1092">
    <p class='ocr_par' dir='ltr' id='par_1_10' title="bbox 449 1043 683 1092">
     <span class='ocr_line' id='line_1_10' title="bbox 449 1043 683 1092; baseline 0.004 -1"><span class='ocrx_word' id='word_1_56' title='bbox 449 1043 683 1092; x_wconf 88' lang='lat' dir='ltr'>cuntur.</span> 
     </span>
    </p>
   </div>
   <div class='ocr_carea' id='block_1_11' title="bbox 1114 1149 1431 1206">
    <p class='ocr_par' dir='ltr' id='par_1_11' title="bbox 1114 1149 1431 1206">
     <span class='ocr_line' id='line_1_11' title="bbox 1114 1149 1431 1206; baseline -0.003 -1"><span class='ocrx_word' id='word_1_57' title='bbox 1114 1149 1264 1205; x_wconf 89' lang='lat' dir='ltr'>CAP.</span> <span class='ocrx_word' id='word_1_58' title='bbox 1315 1149 1431 1206; x_wconf 82' lang='lat' dir='ltr'>VII.</span> 
     </span>
    </p>
   </div>
   <div class='ocr_carea' id='block_1_12' title="bbox 450 1254 2097 1330">
    <p class='ocr_par' dir='ltr' id='par_1_12' title="bbox 450 1254 2097 1330">
     <span class='ocr_line' id='line_1_12' title="bbox 450 1254 2097 1330; baseline -0.001 -22"><span class='ocrx_word' id='word_1_59' title='bbox 450 1256 522 1309; x_wconf 87' lang='lat' dir='ltr'>De</span> <span class='ocrx_word' id='word_1_60' title='bbox 569 1254 892 1330; x_wconf 81' lang='lat' dir='ltr'>Diﬂerentia</span> <span class='ocrx_word' id='word_1_61' title='bbox 921 1267 972 1330; x_wconf 70' lang='lat' dir='ltr'>et</span> <span class='ocrx_word' id='word_1_62' title='bbox 1019 1258 1423 1327; x_wconf 81' lang='lat' dir='ltr'>conjunctione,</span> <span class='ocrx_word' id='word_1_63' title='bbox 1456 1275 1622 1330; x_wconf 84' lang='lat' dir='ltr'>eaque</span> <span class='ocrx_word' id='word_1_64' title='bbox 1655 1258 1888 1329; x_wconf 83' lang='lat' dir='ltr'>triplici,</span> <span class='ocrx_word' id='word_1_65' title='bbox 1923 1271 2097 1310; x_wconf 81' lang='lat' dir='ltr'>essen-</span> 
     </span>
    </p>
   </div>
   <div class='ocr_carea' id='block_1_13' title="bbox 830 1329 1718 1398">
    <p class='ocr_par' dir='ltr' id='par_1_13' title="bbox 830 1329 1718 1398">
     <span class='ocr_line' id='line_1_13' title="bbox 830 1329 1718 1398; baseline 0.002 -16"><span class='ocrx_word' id='word_1_66' title='bbox 830 1329 976 1397; x_wconf 78' lang='lat' dir='ltr'>tiali,</span> <span class='ocrx_word' id='word_1_67' title='bbox 1009 1332 1312 1398; x_wconf 77' lang='lat' dir='ltr'>personati,</span> <span class='ocrx_word' id='word_1_68' title='bbox 1344 1336 1393 1386; x_wconf 87' lang='lat' dir='ltr'>et</span> <span class='ocrx_word' id='word_1_69' title='bbox 1426 1329 1718 1385; x_wconf 79' lang='lat' dir='ltr'>habitanti.</span> 
     </span>
    </p>
   </div>
   <div class='ocr_carea' id='block_1_14' title="bbox 521 1434 2101 1510">
    <p class='ocr_par' dir='ltr' id='par_1_14' title="bbox 521 1434 2101 1510">
     <span class='ocr_line' id='line_1_14' title="bbox 521 1434 2101 1510; baseline -0.001 -22"><span class='ocrx_word' id='word_1_70' title='bbox 521 1434 862 1490; x_wconf 86' lang='lat' dir='ltr'>Essentialis</span> <span class='ocrx_word' id='word_1_71' title='bbox 894 1437 1228 1504; x_wconf 85' lang='lat' dir='ltr'>conjunctio</span> <span class='ocrx_word' id='word_1_72' title='bbox 1261 1442 1368 1504; x_wconf 89' lang='lat' dir='ltr'>est,</span> <span class='ocrx_word' id='word_1_73' title='bbox 1399 1456 1524 1510; x_wconf 74' lang='lat' dir='ltr'>quas</span> <span class='ocrx_word' id='word_1_74' title='bbox 1573 1437 1782 1491; x_wconf 87' lang='lat' dir='ltr'>multas</span> <span class='ocrx_word' id='word_1_75' title='bbox 1828 1435 2101 1509; x_wconf 74' lang='lat' dir='ltr'>hyposta&#39;</span> 
     </span>
    </p>
   </div>
   <div class='ocr_carea' id='block_1_15' title="bbox 454 1524 2094 1598">
    <p class='ocr_par' dir='ltr' id='par_1_15' title="bbox 454 1524 2094 1598">
     <span class='ocr_line' id='line_1_15' title="bbox 454 1524 2094 1598; baseline 0.001 -22"><span class='ocrx_word' id='word_1_76' title='bbox 454 1538 547 1578; x_wconf 85' lang='lat' dir='ltr'>ses</span> <span class='ocrx_word' id='word_1_77' title='bbox 581 1524 649 1577; x_wconf 87' lang='lat' dir='ltr'>ad</span> <span class='ocrx_word' id='word_1_78' title='bbox 685 1541 860 1579; x_wconf 85' lang='lat' dir='ltr'>unam</span> <span class='ocrx_word' id='word_1_79' title='bbox 893 1529 1208 1580; x_wconf 80' lang='lat' dir='ltr'>essentiam</span> <span class='ocrx_word' id='word_1_80' title='bbox 1239 1536 1554 1598; x_wconf 77' lang='lat' dir='ltr'>congregat</span> <span class='ocrx_word' id='word_1_81' title='bbox 1587 1545 1601 1594; x_wconf 89' lang='lat'><strong>;</strong></span> <span class='ocrx_word' id='word_1_82' title='bbox 1653 1534 1715 1581; x_wconf 91' lang='lat' dir='ltr'>ut</span> <span class='ocrx_word' id='word_1_83' title='bbox 1746 1542 1948 1580; x_wconf 90' lang='lat' dir='ltr'>omnes</span> <span class='ocrx_word' id='word_1_84' title='bbox 1976 1525 2094 1578; x_wconf 79' lang='lat' dir='ltr'>sin-</span> 
     </span>
    </p>
   </div>
   <div class='ocr_carea' id='block_1_16' title="bbox 449 1611 2095 1687">
    <p class='ocr_par' dir='ltr' id='par_1_16' title="bbox 449 1611 2095 1687">
     <span class='ocr_line' id='line_1_16' title="bbox 449 1611 2095 1687; baseline 0.001 -21"><span class='ocrx_word' id='word_1_85' title='bbox 449 1613 571 1682; x_wconf 84' lang='lat' dir='ltr'>guli</span> <span class='ocrx_word' id='word_1_86' title='bbox 603 1613 871 1667; x_wconf 83' lang='lat' dir='ltr'>homines</span> <span class='ocrx_word' id='word_1_87' title='bbox 930 1614 1345 1685; x_wconf 82' lang='lat' dir='ltr'>bypostasibus</span> <span class='ocrx_word' id='word_1_88' title='bbox 1393 1616 1630 1687; x_wconf 87' lang='lat' dir='ltr'>quidem</span> <span class='ocrx_word' id='word_1_89' title='bbox 1683 1631 1784 1670; x_wconf 90' lang='lat' dir='ltr'>seu</span> <span class='ocrx_word' id='word_1_90' title='bbox 1830 1611 2095 1686; x_wconf 82' lang='lat' dir='ltr'>personis</span> 
     </span>
    </p>
   </div>
   <div class='ocr_carea' id='block_1_17' title="bbox 451 1701 2096 1773">
    <p class='ocr_par' dir='ltr' id='par_1_17' title="bbox 451 1701 2096 1773">
     <span class='ocr_line' id='line_1_17' title="bbox 451 1701 2096 1773; baseline 0.002 -19"><span class='ocrx_word' id='word_1_91' title='bbox 451 1701 811 1769; x_wconf 85' lang='lat' dir='ltr'>dividuntur,</span> <span class='ocrx_word' id='word_1_92' title='bbox 845 1703 1099 1758; x_wconf 79' lang='lat' dir='ltr'>essentia</span> <span class='ocrx_word' id='word_1_93' title='bbox 1131 1721 1285 1773; x_wconf 86' lang='lat' dir='ltr'>vero,</span> <span class='ocrx_word' id='word_1_94' title='bbox 1319 1722 1420 1759; x_wconf 90' lang='lat' dir='ltr'>seu</span> <span class='ocrx_word' id='word_1_95' title='bbox 1469 1705 1691 1759; x_wconf 81' lang='lat' dir='ltr'>ratione</span> <span class='ocrx_word' id='word_1_96' title='bbox 1718 1703 2096 1758; x_wconf 75' lang='lat' dir='ltr'>humanitatis</span> 
     </span>
    </p>
   </div>
   <div class='ocr_carea' id='block_1_18' title="bbox 449 1791 2092 1863">
    <p class='ocr_par' dir='ltr' id='par_1_18' title="bbox 449 1791 2092 1863">
     <span class='ocr_line' id='line_1_18' title="bbox 449 1791 2092 1863; baseline 0.001 -18"><span class='ocrx_word' id='word_1_97' title='bbox 449 1791 912 1862; x_wconf 86' lang='lat' dir='ltr'>conjunguntur.</span> <span class='ocrx_word' id='word_1_98' title='bbox 949 1792 1148 1862; x_wconf 83' lang='lat' dir='ltr'>Itaque</span> <span class='ocrx_word' id='word_1_99' title='bbox 1179 1793 1298 1847; x_wconf 74' lang='lat' dir='ltr'>haec</span> <span class='ocrx_word' id='word_1_100' title='bbox 1324 1810 1706 1863; x_wconf 87' lang='lat' dir='ltr'>personarum</span> <span class='ocrx_word' id='word_1_101' title='bbox 1736 1793 2092 1863; x_wconf 78' lang='lat' dir='ltr'>conjunctio,</span> 
     </span>
    </p>
   </div>
   <div class='ocr_carea' id='block_1_19' title="bbox 2208 577 3860 650">
    <p class='ocr_par' dir='ltr' id='par_1_19' title="bbox 2208 577 3860 650">
     <span class='ocr_line' id='line_1_19' title="bbox 2208 577 3860 650; baseline 0.002 -16"><span class='ocrx_word' id='word_1_102' title='bbox 2208 595 2347 650; x_wconf 83' lang='lat' dir='ltr'>erga</span> <span class='ocrx_word' id='word_1_103' title='bbox 2376 595 2549 649; x_wconf 87' lang='lat' dir='ltr'>quem</span> <span class='ocrx_word' id='word_1_104' title='bbox 2610 577 2764 633; x_wconf 87' lang='lat' dir='ltr'>Deus</span> <span class='ocrx_word' id='word_1_105' title='bbox 2819 578 3071 631; x_wconf 78' lang='lat' dir='ltr'>Verbum</span> <span class='ocrx_word' id='word_1_106' title='bbox 3127 579 3330 633; x_wconf 82' lang='lat' dir='ltr'>eadem</span> <span class='ocrx_word' id='word_1_107' title='bbox 3377 596 3446 635; x_wconf 80' lang='lat' dir='ltr'>ex</span> <span class='ocrx_word' id='word_1_108' title='bbox 3478 581 3860 650; x_wconf 84' lang='lat' dir='ltr'>generatione</span> 
     </span>
    </p>
   </div>
   <div class='ocr_carea' id='block_1_20' title="bbox 2211 666 3862 737">
    <p class='ocr_par' dir='ltr' id='par_1_20' title="bbox 2211 666 3862 737">
     <span class='ocr_line' id='line_1_20' title="bbox 2211 666 3862 737; baseline 0.002 -13"><span class='ocrx_word' id='word_1_109' title='bbox 2211 667 2546 724; x_wconf 76' lang='lat' dir='ltr'>benevolum</span> <span class='ocrx_word' id='word_1_110' title='bbox 2609 666 3054 737; x_wconf 86' lang='lat' dir='ltr'>dispositionem</span> <span class='ocrx_word' id='word_1_111' title='bbox 3104 668 3543 724; x_wconf 81' lang='lat' dir='ltr'>aii‘ectionemve</span> <span class='ocrx_word' id='word_1_112' title='bbox 3605 670 3862 728; x_wconf 78' lang='lat' dir='ltr'>haberet.</span> 
     </span>
    </p>
   </div>
   <div class='ocr_carea' id='block_1_21' title="bbox 2211 755 3862 828">
    <p class='ocr_par' dir='ltr' id='par_1_21' title="bbox 2211 755 3862 828">
     <span class='ocr_line' id='line_1_21' title="bbox 2211 755 3862 828; baseline 0.001 -15"><span class='ocrx_word' id='word_1_113' title='bbox 2211 759 2397 828; x_wconf 87' lang='lat' dir='ltr'>Atque</span> <span class='ocrx_word' id='word_1_114' title='bbox 2455 755 2921 826; x_wconf 87' lang='lat' dir='ltr'>conjunctionem</span> <span class='ocrx_word' id='word_1_115' title='bbox 2973 756 3210 826; x_wconf 86' lang='lat' dir='ltr'>quidem</span> <span class='ocrx_word' id='word_1_116' title='bbox 3274 759 3589 823; x_wconf 75' lang='lat' dir='ltr'>fatebatur,</span> <span class='ocrx_word' id='word_1_117' title='bbox 3625 777 3743 813; x_wconf 87' lang='lat' dir='ltr'>non</span> <span class='ocrx_word' id='word_1_118' title='bbox 3780 767 3862 814; x_wconf 83' lang='lat' dir='ltr'>ta-</span> 
     </span>
    </p>
   </div>
   <div class='ocr_carea' id='block_1_22' title="bbox 2214 845 3863 919">
    <p class='ocr_par' dir='ltr' id='par_1_22' title="bbox 2214 845 3863 919">
     <span class='ocr_line' id='line_1_22' title="bbox 2214 845 3863 919; baseline 0.001 -18"><span class='ocrx_word' id='word_1_119' title='bbox 2214 862 2342 901; x_wconf 88' lang='lat' dir='ltr'>men</span> <span class='ocrx_word' id='word_1_120' title='bbox 2374 845 2816 917; x_wconf 81' lang='lat' dir='ltr'>bypostaticam,</span> <span class='ocrx_word' id='word_1_121' title='bbox 2876 845 2976 899; x_wconf 91' lang='lat' dir='ltr'>sed</span> <span class='ocrx_word' id='word_1_122' title='bbox 3023 845 3362 900; x_wconf 87' lang='lat' dir='ltr'>scheticam.</span> <span class='ocrx_word' id='word_1_123' title='bbox 3397 847 3477 902; x_wconf 81' lang='lat' dir='ltr'>Ex</span> <span class='ocrx_word' id='word_1_124' title='bbox 3513 864 3635 919; x_wconf 91' lang='lat' dir='ltr'>quo</span> <span class='ocrx_word' id='word_1_125' title='bbox 3669 847 3863 918; x_wconf 74' lang='lat' dir='ltr'>fiebat,</span> 
     </span>
    </p>
   </div>
   <div class='ocr_carea' id='block_1_23' title="bbox 2214 933 3864 1006">
    <p class='ocr_par' dir='ltr' id='par_1_23' title="bbox 2214 933 3864 1006">
     <span class='ocr_line' id='line_1_23' title="bbox 2214 933 3864 1006; baseline 0.001 -16"><span class='ocrx_word' id='word_1_126' title='bbox 2214 939 2277 990; x_wconf 90' lang='lat' dir='ltr'>ut</span> <span class='ocrx_word' id='word_1_127' title='bbox 2309 951 2424 990; x_wconf 86' lang='lat' dir='ltr'>non</span> <span class='ocrx_word' id='word_1_128' title='bbox 2457 949 2636 989; x_wconf 88' lang='lat' dir='ltr'>unam</span> <span class='ocrx_word' id='word_1_129' title='bbox 2696 933 3035 1006; x_wconf 83' lang='lat' dir='ltr'>bypostasin</span> <span class='ocrx_word' id='word_1_130' title='bbox 3102 935 3279 989; x_wconf 82' lang='lat' dir='ltr'>miser</span> <span class='ocrx_word' id='word_1_131' title='bbox 3335 935 3431 992; x_wconf 90' lang='lat' dir='ltr'>ille</span> <span class='ocrx_word' id='word_1_132' title='bbox 3464 938 3864 1006; x_wconf 83' lang='lat' dir='ltr'>proﬁteretur,</span> 
     </span>
    </p>
   </div>
   <div class='ocr_carea' id='block_1_24' title="bbox 2212 1023 3864 1100">
    <p class='ocr_par' dir='ltr' id='par_1_24' title="bbox 2212 1023 3864 1100">
     <span class='ocr_line' id='line_1_24' title="bbox 2212 1023 3864 1100; baseline 0.003 -22"><span class='ocrx_word' id='word_1_133' title='bbox 2212 1023 2314 1078; x_wconf 87' lang='lat' dir='ltr'>sed</span> <span class='ocrx_word' id='word_1_134' title='bbox 2349 1025 2650 1095; x_wconf 76' lang='lat' dir='ltr'>duas,quaa</span> <span class='ocrx_word' id='word_1_135' title='bbox 2711 1023 2863 1078; x_wconf 88' lang='lat' dir='ltr'>inter</span> <span class='ocrx_word' id='word_1_136' title='bbox 2919 1040 2982 1078; x_wconf 90' lang='lat' dir='ltr'>se</span> <span class='ocrx_word' id='word_1_137' title='bbox 3026 1025 3266 1096; x_wconf 86' lang='lat' dir='ltr'>quidem</span> <span class='ocrx_word' id='word_1_138' title='bbox 3297 1029 3558 1082; x_wconf 84' lang='lat' dir='ltr'>essentia</span> <span class='ocrx_word' id='word_1_139' title='bbox 3589 1032 3652 1082; x_wconf 88' lang='lat' dir='ltr'>et</span> <span class='ocrx_word' id='word_1_140' title='bbox 3685 1028 3864 1100; x_wconf 74' lang='lat' dir='ltr'>hypo-</span> 
     </span>
    </p>
   </div>
   <div class='ocr_carea' id='block_1_25' title="bbox 2212 1113 3866 1186">
    <p class='ocr_par' dir='ltr' id='par_1_25' title="bbox 2212 1113 3866 1186">
     <span class='ocr_line' id='line_1_25' title="bbox 2212 1113 3866 1186; baseline 0.004 -19"><span class='ocrx_word' id='word_1_141' title='bbox 2212 1113 2356 1168; x_wconf 88' lang='lat' dir='ltr'>stasi</span> <span class='ocrx_word' id='word_1_142' title='bbox 2389 1114 2784 1169; x_wconf 83' lang='lat' dir='ltr'>dividerentur</span> <span class='ocrx_word' id='word_1_143' title='bbox 2813 1132 2832 1167; x_wconf 91' lang='lat'><em>:</em></span> <span class='ocrx_word' id='word_1_144' title='bbox 2863 1115 3121 1170; x_wconf 84' lang='lat' dir='ltr'>amicitia</span> <span class='ocrx_word' id='word_1_145' title='bbox 3150 1131 3282 1171; x_wconf 85' lang='lat' dir='ltr'>vero</span> <span class='ocrx_word' id='word_1_146' title='bbox 3313 1116 3866 1186; x_wconf 82' lang='lat' dir='ltr'>eademquevolun-</span> 
     </span>
    </p>
   </div>
   <div class='ocr_carea' id='block_1_26' title="bbox 2213 1202 3866 1278">
    <p class='ocr_par' dir='ltr' id='par_1_26' title="bbox 2213 1202 3866 1278">
     <span class='ocr_line' id='line_1_26' title="bbox 2213 1202 3866 1278; baseline 0.003 -20"><span class='ocrx_word' id='word_1_147' title='bbox 2213 1207 2348 1271; x_wconf 89' lang='lat' dir='ltr'>tate,</span> <span class='ocrx_word' id='word_1_148' title='bbox 2383 1202 2470 1258; x_wconf 88' lang='lat' dir='ltr'>vel</span> <span class='ocrx_word' id='word_1_149' title='bbox 2518 1204 2844 1259; x_wconf 87' lang='lat' dir='ltr'>voluntaria</span> <span class='ocrx_word' id='word_1_150' title='bbox 2898 1204 3276 1274; x_wconf 87' lang='lat' dir='ltr'>dispositione</span> <span class='ocrx_word' id='word_1_151' title='bbox 3331 1208 3866 1278; x_wconf 86' lang='lat' dir='ltr'>conjungerentur,</span> 
     </span>
    </p>
   </div>
   <div class='ocr_carea' id='block_1_27' title="bbox 2212 1292 3530 1364">
    <p class='ocr_par' dir='ltr' id='par_1_27' title="bbox 2212 1292 3530 1364">
     <span class='ocr_line' id='line_1_27' title="bbox 2212 1292 3530 1364; baseline 0.001 -15"><span class='ocrx_word' id='word_1_152' title='bbox 2212 1297 2532 1364; x_wconf 66' lang='lat' dir='ltr'>cmicraque</span> <span class='ocrx_word' id='word_1_153' title='bbox 2566 1293 2621 1348; x_wconf 90' lang='lat' dir='ltr'>id</span> <span class='ocrx_word' id='word_1_154' title='bbox 2650 1309 2836 1364; x_wconf 87' lang='lat' dir='ltr'>genus</span> <span class='ocrx_word' id='word_1_155' title='bbox 2869 1292 3070 1348; x_wconf 84' lang='lat' dir='ltr'>deliria</span> <span class='ocrx_word' id='word_1_156' title='bbox 3111 1294 3530 1350; x_wconf 85' lang='lat' dir='ltr'>dsblaterabat.</span> 
     </span>
    </p>
   </div>
   <div class='ocr_carea' id='block_1_28' title="bbox 2904 1400 3158 1456">
    <p class='ocr_par' dir='ltr' id='par_1_28' title="bbox 2904 1400 3158 1456">
     <span class='ocr_line' id='line_1_28' title="bbox 2904 1400 3158 1456; baseline 0 -2"><span class='ocrx_word' id='word_1_157' title='bbox 2904 1400 3054 1456; x_wconf 85' lang='lat' dir='ltr'>CAP.</span> <span class='ocrx_word' id='word_1_158' title='bbox 3096 1403 3158 1456; x_wconf 81' lang='grc' dir='ltr'>Χ.</span> 
     </span>
    </p>
   </div>
   <div class='ocr_carea' id='block_1_29' title="bbox 2212 1507 3869 1579">
    <p class='ocr_par' dir='ltr' id='par_1_29' title="bbox 2212 1507 3869 1579">
     <span class='ocr_line' id='line_1_29' title="bbox 2212 1507 3869 1579; baseline 0.002 -16"><span class='ocrx_word' id='word_1_159' title='bbox 2212 1510 2284 1564; x_wconf 76' lang='lat' dir='ltr'>De</span> <span class='ocrx_word' id='word_1_160' title='bbox 2338 1517 2523 1564; x_wconf 83' lang='lat' dir='ltr'>sancta</span> <span class='ocrx_word' id='word_1_161' title='bbox 2585 1507 2868 1563; x_wconf 77' lang='lat' dir='ltr'>Trinitale.</span> <span class='ocrx_word' id='word_1_162' title='bbox 2933 1508 3124 1569; x_wconf 79' lang='lat' dir='ltr'>Pater,</span> <span class='ocrx_word' id='word_1_163' title='bbox 3180 1509 3376 1573; x_wconf 71' lang='lat' dir='ltr'>Filius,</span> <span class='ocrx_word' id='word_1_164' title='bbox 3415 1511 3469 1564; x_wconf 81' lang='lat' dir='ltr'>et</span> <span class='ocrx_word' id='word_1_165' title='bbox 3505 1510 3764 1579; x_wconf 72' lang='lat' dir='ltr'>Spiritus</span> <span class='ocrx_word' id='word_1_166' title='bbox 3813 1517 3869 1567; x_wconf 73' lang='lat' dir='ltr'>in</span> 
     </span>
    </p>
   </div>
   <div class='ocr_carea' id='block_1_30' title="bbox 2511 1579 3538 1650">
    <p class='ocr_par' dir='ltr' id='par_1_30' title="bbox 2511 1579 3538 1650">
     <span class='ocr_line' id='line_1_30' title="bbox 2511 1579 3538 1650; baseline 0.003 -17"><span class='ocrx_word' id='word_1_167' title='bbox 2511 1595 2616 1650; x_wconf 84' lang='lat' dir='ltr'>quo</span> <span class='ocrx_word' id='word_1_168' title='bbox 2644 1579 2924 1650; x_wconf 80' lang='lat' dir='ltr'>diﬂerant,</span> <span class='ocrx_word' id='word_1_169' title='bbox 2958 1580 3017 1633; x_wconf 83' lang='lat' dir='ltr'>in</span> <span class='ocrx_word' id='word_1_170' title='bbox 3043 1595 3150 1650; x_wconf 87' lang='lat' dir='ltr'>quo</span> <span class='ocrx_word' id='word_1_171' title='bbox 3179 1579 3538 1636; x_wconf 79' lang='lat' dir='ltr'>conveniant.</span> 
     </span>
    </p>
   </div>
   <div class='ocr_carea' id='block_1_31' title="bbox 2279 1686 3866 1760">
    <p class='ocr_par' dir='ltr' id='par_1_31' title="bbox 2279 1686 3866 1760">
     <span class='ocr_line' id='line_1_31' title="bbox 2279 1686 3866 1760; baseline 0.002 -19"><span class='ocrx_word' id='word_1_172' title='bbox 2279 1689 2448 1741; x_wconf 82' lang='lat' dir='ltr'>Pater</span> <span class='ocrx_word' id='word_1_173' title='bbox 2505 1686 2742 1757; x_wconf 87' lang='lat' dir='ltr'>quidem</span> <span class='ocrx_word' id='word_1_174' title='bbox 2793 1699 2969 1740; x_wconf 84' lang='lat' dir='ltr'>causa</span> <span class='ocrx_word' id='word_1_175' title='bbox 3018 1693 3192 1752; x_wconf 84' lang='lat' dir='ltr'>caret,</span> <span class='ocrx_word' id='word_1_176' title='bbox 3239 1692 3444 1758; x_wconf 84' lang='lat' dir='ltr'>estque</span> <span class='ocrx_word' id='word_1_177' title='bbox 3491 1687 3805 1760; x_wconf 85' lang='lat' dir='ltr'>ingenitus</span> <span class='ocrx_word' id='word_1_178' title='bbox 3849 1707 3866 1745; x_wconf 89' lang='lat'><strong>:</strong></span> 
     </span>
    </p>
   </div>
   <div class='ocr_carea' id='block_1_32' title="bbox 2209 1773 3864 1848">
    <p class='ocr_par' dir='ltr' id='par_1_32' title="bbox 2209 1773 3864 1848">
     <span class='ocr_line' id='line_1_32' title="bbox 2209 1773 3864 1848; baseline 0.001 -16"><span class='ocrx_word' id='word_1_179' title='bbox 2209 1791 2313 1832; x_wconf 87' lang='lat' dir='ltr'>nec</span> <span class='ocrx_word' id='word_1_180' title='bbox 2343 1776 2498 1832; x_wconf 86' lang='lat' dir='ltr'>enim</span> <span class='ocrx_word' id='word_1_181' title='bbox 2557 1774 2628 1829; x_wconf 90' lang='lat' dir='ltr'>ab</span> <span class='ocrx_word' id='word_1_182' title='bbox 2687 1773 2825 1843; x_wconf 90' lang='lat' dir='ltr'>ullo,</span> <span class='ocrx_word' id='word_1_183' title='bbox 2884 1791 2955 1829; x_wconf 88' lang='lat' dir='ltr'>ne</span> <span class='ocrx_word' id='word_1_184' title='bbox 2989 1792 3020 1828; x_wconf 87' lang='lat' dir='ltr'>a</span> <span class='ocrx_word' id='word_1_185' title='bbox 3048 1776 3240 1847; x_wconf 89' lang='lat' dir='ltr'>seipso</span> <span class='ocrx_word' id='word_1_186' title='bbox 3268 1776 3503 1848; x_wconf 89' lang='lat' dir='ltr'>quidem</span> <span class='ocrx_word' id='word_1_187' title='bbox 3536 1779 3864 1833; x_wconf 84' lang='lat' dir='ltr'>essentiam</span> 
     </span>
    </p>
   </div>
   <div class='ocr_carea' id='block_1_33' title="bbox 452 1864 3867 1952">
    <p class='ocr_par' dir='ltr' id='par_1_33' title="bbox 452 1864 3867 1952">
     <span class='ocr_line' id='line_1_33' title="bbox 452 1864 3867 1952; baseline 0.001 -20"><span class='ocrx_word' id='word_1_188' title='bbox 452 1895 576 1949; x_wconf 70' lang='lat' dir='ltr'>quae</span> <span class='ocrx_word' id='word_1_189' title='bbox 610 1896 712 1950; x_wconf 91' lang='lat' dir='ltr'>per</span> <span class='ocrx_word' id='word_1_190' title='bbox 742 1897 917 1934; x_wconf 90' lang='lat' dir='ltr'>unam</span> <span class='ocrx_word' id='word_1_191' title='bbox 952 1881 1016 1934; x_wconf 86' lang='lat' dir='ltr'>ﬁt</span> <span class='ocrx_word' id='word_1_192' title='bbox 1042 1882 1376 1946; x_wconf 83' lang='lat' dir='ltr'>essentiam,</span> <span class='ocrx_word' id='word_1_193' title='bbox 1403 1881 1735 1952; x_wconf 88' lang='lat' dir='ltr'>conjunctio</span> <span class='ocrx_word' id='word_1_194' title='bbox 1761 1879 2093 1936; x_wconf 79' lang='lat' dir='ltr'>essentialis</span> <span class='ocrx_word' id='word_1_195' title='bbox 2124 1864 2169 1928; x_wconf 84' lang='grc' dir='ltr'><strong>Β</strong></span> <span class='ocrx_word' id='word_1_196' title='bbox 2203 1867 2395 1933; x_wconf 60' lang='lat' dir='ltr'>habet,</span> <span class='ocrx_word' id='word_1_197' title='bbox 2423 1864 2603 1920; x_wconf 63' lang='lat' dir='ltr'>Filius</span> <span class='ocrx_word' id='word_1_198' title='bbox 2635 1869 2830 1920; x_wconf 56' lang='lat' dir='ltr'>antem</span> <span class='ocrx_word' id='word_1_199' title='bbox 2865 1881 2897 1919; x_wconf 74' lang='grc'>⁸</span> <span class='ocrx_word' id='word_1_200' title='bbox 2945 1867 3117 1919; x_wconf 57' lang='lat' dir='ltr'>Patre</span> <span class='ocrx_word' id='word_1_201' title='bbox 3177 1866 3411 1936; x_wconf 70' lang='grc' dir='ltr'>εθηίιυε</span> <span class='ocrx_word' id='word_1_202' title='bbox 3451 1873 3561 1921; x_wconf 65' lang='grc' dir='ltr'>θεῖ·</span> <span class='ocrx_word' id='word_1_203' title='bbox 3600 1867 3867 1923; x_wconf 55' lang='lat' dir='ltr'>Sanctus</span> 
     </span>
    </p>
   </div>
   <div class='ocr_carea' id='block_1_34' title="bbox 451 1967 2094 2040">
    <p class='ocr_par' dir='ltr' id='par_1_34' title="bbox 451 1967 2094 2040">
     <span class='ocr_line' id='line_1_34' title="bbox 451 1967 2094 2040; baseline 0.002 -19"><span class='ocrx_word' id='word_1_204' title='bbox 451 1967 686 2022; x_wconf 89' lang='lat' dir='ltr'>dicitur.</span> <span class='ocrx_word' id='word_1_205' title='bbox 746 1969 1087 2024; x_wconf 85' lang='lat' dir='ltr'>Essentialis</span> <span class='ocrx_word' id='word_1_206' title='bbox 1147 1987 1279 2025; x_wconf 86' lang='lat' dir='ltr'>vero</span> <span class='ocrx_word' id='word_1_207' title='bbox 1335 1971 1665 2026; x_wconf 86' lang='lat' dir='ltr'>differentia</span> <span class='ocrx_word' id='word_1_208' title='bbox 1709 1979 1814 2037; x_wconf 91' lang='lat' dir='ltr'>est,</span> <span class='ocrx_word' id='word_1_209' title='bbox 1858 1970 2094 2040; x_wconf 85' lang='lat' dir='ltr'>quando</span> 
     </span>
    </p>
   </div>
   <div class='ocr_carea' id='block_1_35' title="bbox 450 2058 2096 2130">
    <p class='ocr_par' dir='ltr' id='par_1_35' title="bbox 450 2058 2096 2130">
     <span class='ocr_line' id='line_1_35' title="bbox 450 2058 2096 2130; baseline 0.003 -21"><span class='ocrx_word' id='word_1_210' title='bbox 450 2058 773 2126; x_wconf 70' lang='lat' dir='ltr'>conjunctis</span> <span class='ocrx_word' id='word_1_211' title='bbox 808 2074 984 2112; x_wconf 87' lang='lat' dir='ltr'>unam</span> <span class='ocrx_word' id='word_1_212' title='bbox 1048 2075 1101 2112; x_wconf 83' lang='lat' dir='ltr'>in</span> <span class='ocrx_word' id='word_1_213' title='bbox 1163 2058 1498 2130; x_wconf 68' lang='lat' dir='ltr'>hypostasin</span> <span class='ocrx_word' id='word_1_214' title='bbox 1543 2064 1784 2126; x_wconf 70' lang='lat' dir='ltr'>naturis,</span> <span class='ocrx_word' id='word_1_215' title='bbox 1818 2059 1944 2114; x_wconf 90' lang='lat' dir='ltr'>sine</span> <span class='ocrx_word' id='word_1_216' title='bbox 1977 2058 2096 2114; x_wconf 91' lang='lat' dir='ltr'>ulla</span> 
     </span>
    </p>
   </div>
   <div class='ocr_carea' id='block_1_36' title="bbox 450 2145 2093 2204">
    <p class='ocr_par' dir='ltr' id='par_1_36' title="bbox 450 2145 2093 2204">
     <span class='ocr_line' id='line_1_36' title="bbox 450 2145 2093 2204; baseline 0.001 -3"><span class='ocrx_word' id='word_1_217' title='bbox 450 2145 791 2201; x_wconf 83' lang='lat' dir='ltr'>confusione</span> <span class='ocrx_word' id='word_1_218' title='bbox 821 2154 874 2201; x_wconf 89' lang='lat' dir='ltr'>et</span> <span class='ocrx_word' id='word_1_219' title='bbox 903 2146 1315 2202; x_wconf 85' lang='lat' dir='ltr'>imminutione</span> <span class='ocrx_word' id='word_1_220' title='bbox 1351 2153 1617 2204; x_wconf 89' lang='lat' dir='ltr'>manent:</span> <span class='ocrx_word' id='word_1_221' title='bbox 1643 2154 1707 2204; x_wconf 88' lang='lat' dir='ltr'>ut</span> <span class='ocrx_word' id='word_1_222' title='bbox 1727 2148 1852 2204; x_wconf 74' lang='lat' dir='ltr'>duae</span> <span class='ocrx_word' id='word_1_223' title='bbox 1881 2147 2093 2203; x_wconf 67' lang='lat' dir='ltr'>Christi</span> 
     </span>
    </p>
   </div>
   <div class='ocr_carea' id='block_1_37' title="bbox 450 2235 2096 2306">
    <p class='ocr_par' dir='ltr' id='par_1_37' title="bbox 450 2235 2096 2306">
     <span class='ocr_line' id='line_1_37' title="bbox 450 2235 2096 2306; baseline 0.002 -17"><span class='ocrx_word' id='word_1_224' title='bbox 450 2239 691 2304; x_wconf 71' lang='lat' dir='ltr'>naturae,</span> <span class='ocrx_word' id='word_1_225' title='bbox 733 2235 853 2290; x_wconf 81' lang='lat' dir='ltr'>sive</span> <span class='ocrx_word' id='word_1_226' title='bbox 885 2235 1159 2291; x_wconf 84' lang='lat' dir='ltr'>divinitas</span> <span class='ocrx_word' id='word_1_227' title='bbox 1189 2237 1621 2306; x_wconf 89' lang='lat' dir='ltr'>etbumanitas,</span> <span class='ocrx_word' id='word_1_228' title='bbox 1658 2239 1716 2293; x_wconf 89' lang='lat' dir='ltr'>in</span> <span class='ocrx_word' id='word_1_229' title='bbox 1760 2255 1934 2293; x_wconf 86' lang='lat' dir='ltr'>unam</span> <span class='ocrx_word' id='word_1_230' title='bbox 1966 2255 2096 2293; x_wconf 90' lang='lat' dir='ltr'>con-</span> 
     </span>
    </p>
   </div>
   <div class='ocr_carea' id='block_1_38' title="bbox 450 2324 2092 2398">
    <p class='ocr_par' dir='ltr' id='par_1_38' title="bbox 450 2324 2092 2398">
     <span class='ocr_line' id='line_1_38' title="bbox 450 2324 2092 2398; baseline 0.002 -21"><span class='ocrx_word' id='word_1_231' title='bbox 450 2340 660 2392; x_wconf 76' lang='lat' dir='ltr'>gressae</span> <span class='ocrx_word' id='word_1_232' title='bbox 694 2324 1054 2395; x_wconf 87' lang='lat' dir='ltr'>hypostasin,</span> <span class='ocrx_word' id='word_1_233' title='bbox 1108 2325 1567 2398; x_wconf 89' lang='lat' dir='ltr'>haudquaquam</span> <span class='ocrx_word' id='word_1_234' title='bbox 1595 2327 1845 2382; x_wconf 67' lang='lat' dir='ltr'>confusas</span> <span class='ocrx_word' id='word_1_235' title='bbox 1879 2327 2092 2381; x_wconf 90' lang='lat' dir='ltr'>immu-</span> 
     </span>
    </p>
   </div>
   <div class='ocr_carea' id='block_1_39' title="bbox 451 2415 2090 2471">
    <p class='ocr_par' dir='ltr' id='par_1_39' title="bbox 451 2415 2090 2471">
     <span class='ocr_line' id='line_1_39' title="bbox 451 2415 2090 2471; baseline 0.003 -5"><span class='ocrx_word' id='word_1_236' title='bbox 451 2417 653 2467; x_wconf 70' lang='lat' dir='ltr'>tataeve</span> <span class='ocrx_word' id='word_1_237' title='bbox 685 2418 822 2466; x_wconf 91' lang='lat' dir='ltr'>sunt</span> <span class='ocrx_word' id='word_1_238' title='bbox 873 2430 884 2467; x_wconf 90' lang='lat'><strong>:</strong></span> <span class='ocrx_word' id='word_1_239' title='bbox 939 2415 1036 2468; x_wconf 80' lang='lat' dir='ltr'>sed</span> <span class='ocrx_word' id='word_1_240' title='bbox 1070 2415 1363 2469; x_wconf 89' lang='lat' dir='ltr'>essentiali</span> <span class='ocrx_word' id='word_1_241' title='bbox 1425 2416 1749 2471; x_wconf 73' lang='lat' dir='ltr'>diiierentia</span> <span class='ocrx_word' id='word_1_242' title='bbox 1792 2415 2090 2471; x_wconf 82' lang='lat' dir='ltr'>differunt.</span> 
     </span>
    </p>
   </div>
   <div class='ocr_carea' id='block_1_40' title="bbox 445 2502 2090 2560">
    <p class='ocr_par' dir='ltr' id='par_1_40' title="bbox 445 2502 2090 2560">
     <span class='ocr_line' id='line_1_40' title="bbox 445 2502 2090 2560; baseline 0.001 -4"><span class='ocrx_word' id='word_1_243' title='bbox 445 2507 705 2556; x_wconf 80' lang='lat' dir='ltr'>Duarum</span> <span class='ocrx_word' id='word_1_244' title='bbox 741 2502 896 2556; x_wconf 89' lang='lat' dir='ltr'>enim</span> <span class='ocrx_word' id='word_1_245' title='bbox 936 2508 1276 2558; x_wconf 82' lang='lat' dir='ltr'>naturarum</span> <span class='ocrx_word' id='word_1_246' title='bbox 1321 2509 1527 2560; x_wconf 88' lang='lat' dir='ltr'>neutra</span> <span class='ocrx_word' id='word_1_247' title='bbox 1557 2504 1921 2560; x_wconf 83' lang='lat' dir='ltr'>commisceri</span> <span class='ocrx_word' id='word_1_248' title='bbox 1955 2520 2090 2559; x_wconf 81' lang='lat' dir='ltr'>con-</span> 
     </span>
    </p>
   </div>
   <div class='ocr_carea' id='block_1_41' title="bbox 448 2591 2091 2662">
    <p class='ocr_par' dir='ltr' id='par_1_41' title="bbox 448 2591 2091 2662">
     <span class='ocr_line' id='line_1_41' title="bbox 448 2591 2091 2662; baseline 0.002 -18"><span class='ocrx_word' id='word_1_249' title='bbox 448 2591 749 2661; x_wconf 89' lang='lat' dir='ltr'>fundique,</span> <span class='ocrx_word' id='word_1_250' title='bbox 784 2592 1050 2645; x_wconf 71' lang='lat' dir='ltr'>essentia:</span> <span class='ocrx_word' id='word_1_251' title='bbox 1083 2592 1280 2647; x_wconf 87' lang='lat' dir='ltr'>habita</span> <span class='ocrx_word' id='word_1_252' title='bbox 1312 2593 1554 2660; x_wconf 88' lang='lat' dir='ltr'>ratione,</span> <span class='ocrx_word' id='word_1_253' title='bbox 1590 2597 1797 2662; x_wconf 85' lang='lat' dir='ltr'>potest,</span> <span class='ocrx_word' id='word_1_254' title='bbox 1833 2610 1937 2648; x_wconf 89' lang='lat' dir='ltr'>nec</span> <span class='ocrx_word' id='word_1_255' title='bbox 1959 2609 2091 2648; x_wconf 89' lang='lat' dir='ltr'>vero</span> 
     </span>
    </p>
   </div>
   <div class='ocr_carea' id='block_1_42' title="bbox 445 2679 2088 2753">
    <p class='ocr_par' dir='ltr' id='par_1_42' title="bbox 445 2679 2088 2753">
     <span class='ocr_line' id='line_1_42' title="bbox 445 2679 2088 2753; baseline 0.002 -19"><span class='ocrx_word' id='word_1_256' title='bbox 445 2679 595 2734; x_wconf 83' lang='lat' dir='ltr'>inter</span> <span class='ocrx_word' id='word_1_257' title='bbox 626 2696 687 2734; x_wconf 89' lang='lat' dir='ltr'>se</span> <span class='ocrx_word' id='word_1_258' title='bbox 716 2680 986 2734; x_wconf 78' lang='lat' dir='ltr'>diil‘erunt</span> <span class='ocrx_word' id='word_1_259' title='bbox 1014 2681 1313 2753; x_wconf 86' lang='lat' dir='ltr'>hypostasi</span> <span class='ocrx_word' id='word_1_260' title='bbox 1351 2700 1363 2736; x_wconf 89' lang='lat'><strong><em>:</em></strong></span> <span class='ocrx_word' id='word_1_261' title='bbox 1418 2700 1533 2737; x_wconf 83' lang='lat' dir='ltr'>una</span> <span class='ocrx_word' id='word_1_262' title='bbox 1584 2683 1738 2737; x_wconf 91' lang='lat' dir='ltr'>enim</span> <span class='ocrx_word' id='word_1_263' title='bbox 1781 2683 2088 2737; x_wconf 89' lang='lat' dir='ltr'>ambarum</span> 
     </span>
    </p>
   </div>
   <div class='ocr_carea' id='block_1_43' title="bbox 448 2769 1704 2840">
    <p class='ocr_par' dir='ltr' id='par_1_43' title="bbox 448 2769 1704 2840">
     <span class='ocr_line' id='line_1_43' title="bbox 448 2769 1704 2840; baseline 0.002 -17"><span class='ocrx_word' id='word_1_264' title='bbox 448 2769 780 2840; x_wconf 81' lang='lat' dir='ltr'>hypostasis</span> <span class='ocrx_word' id='word_1_265' title='bbox 812 2774 920 2834; x_wconf 89' lang='lat' dir='ltr'>est,</span> <span class='ocrx_word' id='word_1_266' title='bbox 953 2775 1009 2823; x_wconf 89' lang='lat' dir='ltr'>at</span> <span class='ocrx_word' id='word_1_267' title='bbox 1032 2772 1325 2826; x_wconf 81' lang='lat' dir='ltr'>essentiali</span> <span class='ocrx_word' id='word_1_268' title='bbox 1361 2771 1704 2827; x_wconf 72' lang='lat' dir='ltr'>diiierentin.</span> 
     </span>
    </p>
   </div>
   <div class='ocr_carea' id='block_1_44' title="bbox 1086 2875 1445 2931">
    <p class='ocr_par' dir='ltr' id='par_1_44' title="bbox 1086 2875 1445 2931">
     <span class='ocr_line' id='line_1_44' title="bbox 1086 2875 1445 2931; baseline 0 -1"><span class='ocrx_word' id='word_1_269' title='bbox 1086 2875 1240 2931; x_wconf 76' lang='lat' dir='ltr'>CAP.</span> <span class='ocrx_word' id='word_1_270' title='bbox 1297 2876 1445 2930; x_wconf 88' lang='lat' dir='ltr'>VIII.</span> 
     </span>
    </p>
   </div>
   <div class='ocr_carea' id='block_1_45' title="bbox 586 2985 1946 3059">
    <p class='ocr_par' dir='ltr' id='par_1_45' title="bbox 586 2985 1946 3059">
     <span class='ocr_line' id='line_1_45' title="bbox 586 2985 1946 3059; baseline 0.001 -19"><span class='ocrx_word' id='word_1_271' title='bbox 586 2986 659 3040; x_wconf 82' lang='lat' dir='ltr'>De</span> <span class='ocrx_word' id='word_1_272' title='bbox 687 2985 1026 3056; x_wconf 77' lang='lat' dir='ltr'>hypostatica</span> <span class='ocrx_word' id='word_1_273' title='bbox 1051 3002 1144 3040; x_wconf 77' lang='lat' dir='ltr'>seu</span> <span class='ocrx_word' id='word_1_274' title='bbox 1177 2987 1458 3059; x_wconf 77' lang='lat' dir='ltr'>personati</span> <span class='ocrx_word' id='word_1_275' title='bbox 1486 2986 1872 3059; x_wconf 76' lang='lat' dir='ltr'>conjunctione</span> <span class='ocrx_word' id='word_1_276' title='bbox 1897 2992 1946 3042; x_wconf 83' lang='lat' dir='ltr'>et</span> 
     </span>
    </p>
   </div>
   <div class='ocr_carea' id='block_1_46' title="bbox 1083 3058 1436 3129">
    <p class='ocr_par' dir='ltr' id='par_1_46' title="bbox 1083 3058 1436 3129">
     <span class='ocr_line' id='line_1_46' title="bbox 1083 3058 1436 3129; baseline 0.008 -18"><span class='ocrx_word' id='word_1_277' title='bbox 1083 3058 1436 3129; x_wconf 71' lang='lat' dir='ltr'>(li/ferentia.</span> 
     </span>
    </p>
   </div>
   <div class='ocr_carea' id='block_1_47' title="bbox 517 3167 2080 3239">
    <p class='ocr_par' dir='ltr' id='par_1_47' title="bbox 517 3167 2080 3239">
     <span class='ocr_line' id='line_1_47' title="bbox 517 3167 2080 3239; baseline 0.001 -17"><span class='ocrx_word' id='word_1_278' title='bbox 517 3167 907 3238; x_wconf 81' lang='lat' dir='ltr'>Hypostatica,</span> <span class='ocrx_word' id='word_1_279' title='bbox 969 3184 1068 3222; x_wconf 77' lang='lat' dir='ltr'>seu</span> <span class='ocrx_word' id='word_1_280' title='bbox 1131 3169 1456 3239; x_wconf 80' lang='lat' dir='ltr'>personalis</span> <span class='ocrx_word' id='word_1_281' title='bbox 1512 3170 1845 3237; x_wconf 85' lang='lat' dir='ltr'>conjunctio</span> <span class='ocrx_word' id='word_1_282' title='bbox 1876 3185 1942 3224; x_wconf 88' lang='lat' dir='ltr'>ea</span> <span class='ocrx_word' id='word_1_283' title='bbox 1972 3173 2080 3238; x_wconf 88' lang='lat' dir='ltr'>est,</span> 
     </span>
    </p>
   </div>
   <div class='ocr_carea' id='block_1_48' title="bbox 446 3256 2083 3327">
    <p class='ocr_par' dir='ltr' id='par_1_48' title="bbox 446 3256 2083 3327">
     <span class='ocr_line' id='line_1_48' title="bbox 446 3256 2083 3327; baseline 0.003 -19"><span class='ocrx_word' id='word_1_284' title='bbox 446 3273 571 3327; x_wconf 71' lang='lat' dir='ltr'>quin</span> <span class='ocrx_word' id='word_1_285' title='bbox 629 3256 888 3310; x_wconf 85' lang='lat' dir='ltr'>diversas</span> <span class='ocrx_word' id='word_1_286' title='bbox 937 3259 1223 3312; x_wconf 84' lang='lat' dir='ltr'>essentias</span> <span class='ocrx_word' id='word_1_287' title='bbox 1281 3260 1403 3314; x_wconf 82' lang='lat' dir='ltr'>sive</span> <span class='ocrx_word' id='word_1_288' title='bbox 1443 3264 1684 3313; x_wconf 86' lang='lat' dir='ltr'>naturas</span> <span class='ocrx_word' id='word_1_289' title='bbox 1718 3259 1774 3313; x_wconf 90' lang='lat' dir='ltr'>in</span> <span class='ocrx_word' id='word_1_290' title='bbox 1811 3275 1991 3313; x_wconf 89' lang='lat' dir='ltr'>unum</span> <span class='ocrx_word' id='word_1_291' title='bbox 2027 3263 2083 3313; x_wconf 85' lang='lat' dir='ltr'>et</span> 
     </span>
    </p>
   </div>
   <div class='ocr_carea' id='block_1_49' title="bbox 446 3346 2090 3420">
    <p class='ocr_par' dir='ltr' id='par_1_49' title="bbox 446 3346 2090 3420">
     <span class='ocr_line' id='line_1_49' title="bbox 446 3346 2090 3420; baseline 0.002 -22"><span class='ocrx_word' id='word_1_292' title='bbox 446 3361 622 3398; x_wconf 88' lang='lat' dir='ltr'>unam</span> <span class='ocrx_word' id='word_1_293' title='bbox 641 3347 1023 3416; x_wconf 83' lang='lat' dir='ltr'>eamdemque</span> <span class='ocrx_word' id='word_1_294' title='bbox 1043 3346 1399 3418; x_wconf 84' lang='lat' dir='ltr'>bypostasim</span> <span class='ocrx_word' id='word_1_295' title='bbox 1424 3347 1643 3419; x_wconf 87' lang='lat' dir='ltr'>colligit</span> <span class='ocrx_word' id='word_1_296' title='bbox 1663 3356 1720 3402; x_wconf 90' lang='lat' dir='ltr'>et</span> <span class='ocrx_word' id='word_1_297' title='bbox 1740 3348 1995 3420; x_wconf 81' lang='lat' dir='ltr'>colligat,</span> <span class='ocrx_word' id='word_1_298' title='bbox 2027 3353 2090 3403; x_wconf 90' lang='lat' dir='ltr'>ut</span> 
     </span>
    </p>
   </div>
   <div class='ocr_carea' id='block_1_50' title="bbox 447 3434 2089 3504">
    <p class='ocr_par' dir='ltr' id='par_1_50' title="bbox 447 3434 2089 3504">
     <span class='ocr_line' id='line_1_50' title="bbox 447 3434 2089 3504; baseline 0.003 -16"><span class='ocrx_word' id='word_1_299' title='bbox 447 3434 507 3488; x_wconf 89' lang='lat' dir='ltr'>in</span> <span class='ocrx_word' id='word_1_300' title='bbox 539 3434 976 3504; x_wconf 88' lang='lat' dir='ltr'>dispensatione</span> <span class='ocrx_word' id='word_1_301' title='bbox 1017 3435 1440 3491; x_wconf 87' lang='lat' dir='ltr'>incarnationis</span> <span class='ocrx_word' id='word_1_302' title='bbox 1474 3436 1701 3492; x_wconf 78' lang='lat' dir='ltr'>Domini</span> <span class='ocrx_word' id='word_1_303' title='bbox 1736 3437 1918 3492; x_wconf 86' lang='lat' dir='ltr'>nostri</span> <span class='ocrx_word' id='word_1_304' title='bbox 1949 3437 2089 3494; x_wconf 81' lang='lat' dir='ltr'>Jcsu</span> 
     </span>
    </p>
   </div>
   <div class='ocr_carea' id='block_1_51' title="bbox 447 3522 2090 3596">
    <p class='ocr_par' dir='ltr' id='par_1_51' title="bbox 447 3522 2090 3596">
     <span class='ocr_line' id='line_1_51' title="bbox 447 3522 2090 3596; baseline 0.003 -19"><span class='ocrx_word' id='word_1_305' title='bbox 447 3522 661 3577; x_wconf 80' lang='lat' dir='ltr'>Christi</span> <span class='ocrx_word' id='word_1_306' title='bbox 691 3522 1052 3593; x_wconf 87' lang='lat' dir='ltr'>hypostatica</span> <span class='ocrx_word' id='word_1_307' title='bbox 1082 3526 1412 3593; x_wconf 77' lang='lat' dir='ltr'>conjunctio</span> <span class='ocrx_word' id='word_1_308' title='bbox 1450 3526 1572 3580; x_wconf 88' lang='lat' dir='ltr'>fuit.</span> <span class='ocrx_word' id='word_1_309' title='bbox 1609 3525 1744 3579; x_wconf 63' lang='lat' dir='ltr'>Dure</span> <span class='ocrx_word' id='word_1_310' title='bbox 1775 3526 1930 3580; x_wconf 90' lang='lat' dir='ltr'>enim</span> <span class='ocrx_word' id='word_1_311' title='bbox 1964 3528 2090 3596; x_wconf 87' lang='lat' dir='ltr'>ejus</span> 
     </span>
    </p>
   </div>
   <div class='ocr_carea' id='block_1_52' title="bbox 447 3612 2092 3685">
    <p class='ocr_par' dir='ltr' id='par_1_52' title="bbox 447 3612 2092 3685">
     <span class='ocr_line' id='line_1_52' title="bbox 447 3612 2092 3685; baseline 0.003 -19"><span class='ocrx_word' id='word_1_312' title='bbox 447 3619 664 3666; x_wconf 65' lang='lat' dir='ltr'>natura</span> <span class='ocrx_word' id='word_1_313' title='bbox 697 3612 754 3666; x_wconf 91' lang='lat' dir='ltr'>in</span> <span class='ocrx_word' id='word_1_314' title='bbox 789 3629 965 3666; x_wconf 86' lang='lat' dir='ltr'>unam</span> <span class='ocrx_word' id='word_1_315' title='bbox 998 3613 1377 3684; x_wconf 88' lang='lat' dir='ltr'>eamdemque</span> <span class='ocrx_word' id='word_1_316' title='bbox 1409 3613 1745 3685; x_wconf 68' lang='lat' dir='ltr'>hypostasin</span> <span class='ocrx_word' id='word_1_317' title='bbox 1781 3616 1929 3669; x_wconf 87' lang='lat' dir='ltr'>circa</span> <span class='ocrx_word' id='word_1_318' title='bbox 1959 3631 2092 3671; x_wconf 86' lang='lat' dir='ltr'>con-</span> 
     </span>
    </p>
   </div>
   <div class='ocr_carea' id='block_1_53' title="bbox 446 3701 2091 3773">
    <p class='ocr_par' dir='ltr' id='par_1_53' title="bbox 446 3701 2091 3773">
     <span class='ocr_line' id='line_1_53' title="bbox 446 3701 2091 3773; baseline 0.003 -18"><span class='ocrx_word' id='word_1_319' title='bbox 446 3701 733 3756; x_wconf 84' lang='lat' dir='ltr'>fusionem</span> <span class='ocrx_word' id='word_1_320' title='bbox 769 3703 1094 3771; x_wconf 70' lang='lat' dir='ltr'>conjunctm</span> <span class='ocrx_word' id='word_1_321' title='bbox 1124 3708 1280 3756; x_wconf 86' lang='lat' dir='ltr'>sunt.</span> <span class='ocrx_word' id='word_1_322' title='bbox 1312 3703 1685 3773; x_wconf 75' lang='lat' dir='ltr'>Hypostatica</span> <span class='ocrx_word' id='word_1_323' title='bbox 1743 3721 1875 3758; x_wconf 91' lang='lat' dir='ltr'>vero</span> <span class='ocrx_word' id='word_1_324' title='bbox 1934 3705 2091 3760; x_wconf 80' lang='lat' dir='ltr'>diffe-</span> 
     </span>
    </p>
   </div>
   <div class='ocr_carea' id='block_1_54' title="bbox 444 3789 2090 3860">
    <p class='ocr_par' dir='ltr' id='par_1_54' title="bbox 444 3789 2090 3860">
     <span class='ocr_line' id='line_1_54' title="bbox 444 3789 2090 3860; baseline 0.002 -18"><span class='ocrx_word' id='word_1_325' title='bbox 444 3789 630 3843; x_wconf 80' lang='lat' dir='ltr'>rentia</span> <span class='ocrx_word' id='word_1_326' title='bbox 684 3794 792 3854; x_wconf 84' lang='lat' dir='ltr'>est,</span> <span class='ocrx_word' id='word_1_327' title='bbox 854 3791 1087 3858; x_wconf 89' lang='lat' dir='ltr'>quando</span> <span class='ocrx_word' id='word_1_328' title='bbox 1148 3790 1512 3860; x_wconf 82' lang='lat' dir='ltr'>bypostases,</span> <span class='ocrx_word' id='word_1_329' title='bbox 1569 3807 1694 3860; x_wconf 66' lang='lat' dir='ltr'>qua:</span> <span class='ocrx_word' id='word_1_330' title='bbox 1747 3792 1855 3846; x_wconf 90' lang='lat' dir='ltr'>sub</span> <span class='ocrx_word' id='word_1_331' title='bbox 1914 3807 2090 3845; x_wconf 89' lang='lat' dir='ltr'>unam</span> 
     </span>
    </p>
   </div>
   <div class='ocr_carea' id='block_1_55' title="bbox 441 3877 2088 3946">
    <p class='ocr_par' dir='ltr' id='par_1_55' title="bbox 441 3877 2088 3946">
     <span class='ocr_line' id='line_1_55' title="bbox 441 3877 2088 3946; baseline 0.002 -15"><span class='ocrx_word' id='word_1_332' title='bbox 441 3878 755 3933; x_wconf 83' lang='lat' dir='ltr'>essentiam</span> <span class='ocrx_word' id='word_1_333' title='bbox 788 3877 1027 3940; x_wconf 90' lang='lat' dir='ltr'>cadunt,</span> <span class='ocrx_word' id='word_1_334' title='bbox 1063 3878 1214 3932; x_wconf 87' lang='lat' dir='ltr'>inter</span> <span class='ocrx_word' id='word_1_335' title='bbox 1263 3896 1324 3933; x_wconf 89' lang='lat' dir='ltr'>se</span> <span class='ocrx_word' id='word_1_336' title='bbox 1367 3879 1768 3946; x_wconf 90' lang='lat' dir='ltr'>dividuuntur,</span> <span class='ocrx_word' id='word_1_337' title='bbox 1804 3884 1860 3934; x_wconf 93' lang='lat' dir='ltr'>et</span> <span class='ocrx_word' id='word_1_338' title='bbox 1892 3881 1949 3934; x_wconf 91' lang='lat' dir='ltr'>in</span> <span class='ocrx_word' id='word_1_339' title='bbox 1982 3896 2088 3935; x_wconf 90' lang='lat' dir='ltr'>nu-</span> 
     </span>
    </p>
   </div>
   <div class='ocr_carea' id='block_1_56' title="bbox 453 3967 2092 4041">
    <p class='ocr_par' dir='ltr' id='par_1_56' title="bbox 453 3967 2092 4041">
     <span class='ocr_line' id='line_1_56' title="bbox 453 3967 2092 4041; baseline 0.002 -21"><span class='ocrx_word' id='word_1_340' title='bbox 453 3983 672 4022; x_wconf 88' lang='lat' dir='ltr'>merum</span> <span class='ocrx_word' id='word_1_341' title='bbox 708 3967 1264 4039; x_wconf 81' lang='lat' dir='ltr'>multitudinemque</span> <span class='ocrx_word' id='word_1_342' title='bbox 1297 3969 1782 4025; x_wconf 84' lang='lat' dir='ltr'>characteristicis</span> <span class='ocrx_word' id='word_1_343' title='bbox 1804 3987 1901 4025; x_wconf 90' lang='lat' dir='ltr'>seu</span> <span class='ocrx_word' id='word_1_344' title='bbox 1940 3971 2092 4041; x_wconf 85' lang='lat' dir='ltr'>ﬁgu-</span> 
     </span>
    </p>
   </div>
   <div class='ocr_carea' id='block_1_57' title="bbox 451 4057 2092 4128">
    <p class='ocr_par' dir='ltr' id='par_1_57' title="bbox 451 4057 2092 4128">
     <span class='ocr_line' id='line_1_57' title="bbox 451 4057 2092 4128; baseline 0.001 -17"><span class='ocrx_word' id='word_1_345' title='bbox 451 4057 651 4111; x_wconf 65' lang='lat' dir='ltr'>filiiViS</span> <span class='ocrx_word' id='word_1_346' title='bbox 711 4057 1163 4128; x_wconf 84' lang='lat' dir='ltr'>preprietatibus</span> <span class='ocrx_word' id='word_1_347' title='bbox 1227 4060 1459 4113; x_wconf 80' lang='lat' dir='ltr'>cedunt.</span> <span class='ocrx_word' id='word_1_348' title='bbox 1514 4058 1623 4114; x_wconf 83' lang='lat' dir='ltr'>Alii</span> <span class='ocrx_word' id='word_1_349' title='bbox 1665 4060 1817 4113; x_wconf 88' lang='lat' dir='ltr'>enim</span> <span class='ocrx_word' id='word_1_350' title='bbox 1863 4059 1933 4114; x_wconf 91' lang='lat' dir='ltr'>ab</span> <span class='ocrx_word' id='word_1_351' title='bbox 1961 4059 2092 4113; x_wconf 90' lang='lat' dir='ltr'>aliis</span> 
     </span>
    </p>
   </div>
   <div class='ocr_carea' id='block_1_58' title="bbox 451 4146 2090 4220">
    <p class='ocr_par' dir='ltr' id='par_1_58' title="bbox 451 4146 2090 4220">
     <span class='ocr_line' id='line_1_58' title="bbox 451 4146 2090 4220; baseline 0.004 -22"><span class='ocrx_word' id='word_1_352' title='bbox 451 4146 835 4216; x_wconf 82' lang='lat' dir='ltr'>hypostaseon</span> <span class='ocrx_word' id='word_1_353' title='bbox 872 4152 1092 4201; x_wconf 85' lang='lat' dir='ltr'>ratione</span> <span class='ocrx_word' id='word_1_354' title='bbox 1123 4147 1468 4202; x_wconf 76' lang='lat' dir='ltr'>differimus.</span> <span class='ocrx_word' id='word_1_355' title='bbox 1507 4148 1676 4203; x_wconf 89' lang='lat' dir='ltr'>Verbi</span> <span class='ocrx_word' id='word_1_356' title='bbox 1737 4149 1939 4217; x_wconf 69' lang='lat' dir='ltr'>gratia,</span> <span class='ocrx_word' id='word_1_357' title='bbox 1985 4164 2090 4220; x_wconf 86' lang='lat' dir='ltr'>ego</span> 
     </span>
    </p>
   </div>
   <div class='ocr_carea' id='block_1_59' title="bbox 447 4236 2093 4306">
    <p class='ocr_par' dir='ltr' id='par_1_59' title="bbox 447 4236 2093 4306">
     <span class='ocr_line' id='line_1_59' title="bbox 447 4236 2093 4306; baseline 0.002 -18"><span class='ocrx_word' id='word_1_358' title='bbox 447 4236 680 4305; x_wconf 91' lang='lat' dir='ltr'>quidem</span> <span class='ocrx_word' id='word_1_359' title='bbox 743 4252 872 4290; x_wconf 87' lang='lat' dir='ltr'>sum</span> <span class='ocrx_word' id='word_1_360' title='bbox 941 4243 1203 4306; x_wconf 86' lang='lat' dir='ltr'>provecta</span> <span class='ocrx_word' id='word_1_361' title='bbox 1262 4243 1448 4306; x_wconf 65' lang='lat' dir='ltr'>astato,</span> <span class='ocrx_word' id='word_1_362' title='bbox 1529 4239 1690 4306; x_wconf 78' lang='lat' dir='ltr'>nigro</span> <span class='ocrx_word' id='word_1_363' title='bbox 1762 4239 1974 4302; x_wconf 85' lang='lat' dir='ltr'>colore,</span> <span class='ocrx_word' id='word_1_364' title='bbox 2035 4243 2093 4292; x_wconf 90' lang='lat' dir='ltr'>et</span> 
     </span>
    </p>
   </div>
   <div class='ocr_carea' id='block_1_60' title="bbox 445 4323 2089 4394">
    <p class='ocr_par' dir='ltr' id='par_1_60' title="bbox 445 4323 2089 4394">
     <span class='ocr_line' id='line_1_60' title="bbox 445 4323 2089 4394; baseline 0.002 -17"><span class='ocrx_word' id='word_1_365' title='bbox 445 4341 576 4378; x_wconf 88' lang='lat' dir='ltr'>sum</span> <span class='ocrx_word' id='word_1_366' title='bbox 611 4323 821 4378; x_wconf 87' lang='lat' dir='ltr'>balbus</span> <span class='ocrx_word' id='word_1_367' title='bbox 857 4342 868 4379; x_wconf 93' lang='lat'><strong>:</strong></span> <span class='ocrx_word' id='word_1_368' title='bbox 929 4329 989 4378; x_wconf 91' lang='lat' dir='ltr'>tu</span> <span class='ocrx_word' id='word_1_369' title='bbox 1051 4331 1243 4380; x_wconf 88' lang='lat' dir='ltr'>autem</span> <span class='ocrx_word' id='word_1_370' title='bbox 1293 4326 1480 4379; x_wconf 83' lang='lat' dir='ltr'>media</span> <span class='ocrx_word' id='word_1_371' title='bbox 1520 4332 1704 4391; x_wconf 63' lang='lat' dir='ltr'>aetate,</span> <span class='ocrx_word' id='word_1_372' title='bbox 1739 4326 1926 4394; x_wconf 89' lang='lat' dir='ltr'>albus,</span> <span class='ocrx_word' id='word_1_373' title='bbox 1960 4343 2089 4380; x_wconf 87' lang='lat' dir='ltr'>ver-</span> 
     </span>
    </p>
   </div>
   <div class='ocr_carea' id='block_1_61' title="bbox 445 4411 2087 4484">
    <p class='ocr_par' dir='ltr' id='par_1_61' title="bbox 445 4411 2087 4484">
     <span class='ocr_line' id='line_1_61' title="bbox 445 4411 2087 4484; baseline 0.001 -20"><span class='ocrx_word' id='word_1_374' title='bbox 445 4411 631 4482; x_wconf 84' lang='lat' dir='ltr'>baque</span> <span class='ocrx_word' id='word_1_375' title='bbox 662 4411 937 4465; x_wconf 83' lang='lat' dir='ltr'>distincte</span> <span class='ocrx_word' id='word_1_376' title='bbox 973 4412 1218 4481; x_wconf 81' lang='lat' dir='ltr'>profers.</span> <span class='ocrx_word' id='word_1_377' title='bbox 1255 4411 1465 4467; x_wconf 69' lang='lat' dir='ltr'>Eodem</span> <span class='ocrx_word' id='word_1_378' title='bbox 1505 4412 1676 4466; x_wconf 87' lang='lat' dir='ltr'>modo</span> <span class='ocrx_word' id='word_1_379' title='bbox 1719 4414 1908 4468; x_wconf 72' lang='lat' dir='ltr'>caeteri</span> <span class='ocrx_word' id='word_1_380' title='bbox 1943 4429 2087 4484; x_wconf 92' lang='lat' dir='ltr'>quo-</span> 
     </span>
    </p>
   </div>
   <div class='ocr_carea' id='block_1_62' title="bbox 447 4497 2090 4572">
    <p class='ocr_par' dir='ltr' id='par_1_62' title="bbox 447 4497 2090 4572">
     <span class='ocr_line' id='line_1_62' title="bbox 447 4497 2090 4572; baseline 0.002 -19"><span class='ocrx_word' id='word_1_381' title='bbox 447 4516 557 4570; x_wconf 90' lang='lat' dir='ltr'>que</span> <span class='ocrx_word' id='word_1_382' title='bbox 609 4498 824 4567; x_wconf 81' lang='lat' dir='ltr'>singuli</span> <span class='ocrx_word' id='word_1_383' title='bbox 885 4499 1155 4554; x_wconf 81' lang='lat' dir='ltr'>homines</span> <span class='ocrx_word' id='word_1_384' title='bbox 1233 4501 1573 4570; x_wconf 86' lang='lat' dir='ltr'>bujusmodi</span> <span class='ocrx_word' id='word_1_385' title='bbox 1634 4497 2090 4572; x_wconf 85' lang='lat' dir='ltr'>proprietatibus</span> 
     </span>
    </p>
   </div>
   <div class='ocr_carea' id='block_1_63' title="bbox 446 4585 1127 4659">
    <p class='ocr_par' dir='ltr' id='par_1_63' title="bbox 446 4585 1127 4659">
     <span class='ocr_line' id='line_1_63' title="bbox 446 4585 1127 4659; baseline -0.001 -17"><span class='ocrx_word' id='word_1_386' title='bbox 446 4589 807 4659; x_wconf 73' lang='lat' dir='ltr'>hypostatice</span> <span class='ocrx_word' id='word_1_387' title='bbox 835 4585 1127 4642; x_wconf 78' lang='lat' dir='ltr'>diﬂerunt.</span> 
     </span>
    </p>
   </div>
   <div class='ocr_carea' id='block_1_64' title="bbox 1122 4696 1405 4751">
    <p class='ocr_par' dir='ltr' id='par_1_64' title="bbox 1122 4696 1405 4751">
     <span class='ocr_line' id='line_1_64' title="bbox 1122 4696 1405 4751; baseline 0.004 -1"><span class='ocrx_word' id='word_1_388' title='bbox 1122 4696 1272 4751; x_wconf 88' lang='lat' dir='ltr'>CAP.</span> <span class='ocrx_word' id='word_1_389' title='bbox 1319 4696 1405 4751; x_wconf 86' lang='lat' dir='ltr'>IX.</span> 
     </span>
    </p>
   </div>
   <div class='ocr_carea' id='block_1_65' title="bbox 445 4800 2086 4876">
    <p class='ocr_par' dir='ltr' id='par_1_65' title="bbox 445 4800 2086 4876">
     <span class='ocr_line' id='line_1_65' title="bbox 445 4800 2086 4876; baseline 0.001 -20"><span class='ocrx_word' id='word_1_390' title='bbox 445 4803 520 4856; x_wconf 79' lang='lat' dir='ltr'>De</span> <span class='ocrx_word' id='word_1_391' title='bbox 540 4800 771 4858; x_wconf 83' lang='lat' dir='ltr'>schetica</span> <span class='ocrx_word' id='word_1_392' title='bbox 803 4818 899 4876; x_wconf 63' lang='lat' dir='ltr'>seu</span> <span class='ocrx_word' id='word_1_393' title='bbox 925 4801 1217 4876; x_wconf 63' lang='lat' dir='ltr'>habitanti</span> <span class='ocrx_word' id='word_1_394' title='bbox 1244 4805 1642 4876; x_wconf 78' lang='lat' dir='ltr'>conjunctione,</span> <span class='ocrx_word' id='word_1_395' title='bbox 1664 4810 1714 4859; x_wconf 81' lang='lat' dir='ltr'>et</span> <span class='ocrx_word' id='word_1_396' title='bbox 1744 4804 2086 4876; x_wconf 66' lang='lat' dir='ltr'>(li/ferentia,</span> 
     </span>
    </p>
   </div>
   <div class='ocr_carea' id='block_1_66' title="bbox 853 4873 1676 4946">
    <p class='ocr_par' dir='ltr' id='par_1_66' title="bbox 853 4873 1676 4946">
     <span class='ocr_line' id='line_1_66' title="bbox 853 4873 1676 4946; baseline 0.001 -18"><span class='ocrx_word' id='word_1_397' title='bbox 853 4873 918 4928; x_wconf 80' lang='lat' dir='ltr'>de</span> <span class='ocrx_word' id='word_1_398' title='bbox 949 4873 1264 4946; x_wconf 68' lang='lat' dir='ltr'>differentia</span> <span class='ocrx_word' id='word_1_399' title='bbox 1297 4873 1475 4930; x_wconf 82' lang='lat' dir='ltr'>tamen</span> <span class='ocrx_word' id='word_1_400' title='bbox 1512 4873 1676 4929; x_wconf 85' lang='lat' dir='ltr'>nihil.</span> 
     </span>
    </p>
   </div>
   <div class='ocr_carea' id='block_1_67' title="bbox 512 4980 2092 5050">
    <p class='ocr_par' dir='ltr' id='par_1_67' title="bbox 512 4980 2092 5050">
     <span class='ocr_line' id='line_1_67' title="bbox 512 4980 2092 5050; baseline 0.003 -15"><span class='ocrx_word' id='word_1_401' title='bbox 512 4980 799 5046; x_wconf 85' lang='lat' dir='ltr'>Schetica,</span> <span class='ocrx_word' id='word_1_402' title='bbox 863 4997 966 5035; x_wconf 80' lang='lat' dir='ltr'>seu</span> <span class='ocrx_word' id='word_1_403' title='bbox 1039 4980 1352 5035; x_wconf 84' lang='lat' dir='ltr'>habitualis</span> <span class='ocrx_word' id='word_1_404' title='bbox 1414 4982 1769 5050; x_wconf 88' lang='lat' dir='ltr'>conjunctio,</span> <span class='ocrx_word' id='word_1_405' title='bbox 1817 4985 2006 5039; x_wconf 89' lang='lat' dir='ltr'>amica</span> <span class='ocrx_word' id='word_1_406' title='bbox 2035 4991 2092 5042; x_wconf 89' lang='lat' dir='ltr'>et</span> 
     </span>
    </p>
   </div>
   <div class='ocr_carea' id='block_1_68' title="bbox 443 5069 2089 5140">
    <p class='ocr_par' dir='ltr' id='par_1_68' title="bbox 443 5069 2089 5140">
     <span class='ocr_line' id='line_1_68' title="bbox 443 5069 2089 5140; baseline 0.001 -12"><span class='ocrx_word' id='word_1_407' title='bbox 443 5071 720 5128; x_wconf 88' lang='lat' dir='ltr'>benevola</span> <span class='ocrx_word' id='word_1_408' title='bbox 778 5069 1079 5140; x_wconf 86' lang='lat' dir='ltr'>dispositio</span> <span class='ocrx_word' id='word_1_409' title='bbox 1146 5078 1252 5134; x_wconf 86' lang='lat' dir='ltr'>est,</span> <span class='ocrx_word' id='word_1_410' title='bbox 1315 5069 1400 5124; x_wconf 87' lang='lat' dir='ltr'>vel</span> <span class='ocrx_word' id='word_1_411' title='bbox 1451 5087 1691 5126; x_wconf 86' lang='lat' dir='ltr'>concors</span> <span class='ocrx_word' id='word_1_412' title='bbox 1727 5071 2089 5129; x_wconf 87' lang='lat' dir='ltr'>voluntatum</span> 
     </span>
    </p>
   </div>
   <div class='ocr_carea' id='block_1_69' title="bbox 445 5159 2090 5233">
    <p class='ocr_par' dir='ltr' id='par_1_69' title="bbox 445 5159 2090 5233">
     <span class='ocr_line' id='line_1_69' title="bbox 445 5159 2090 5233; baseline 0.001 -18"><span class='ocrx_word' id='word_1_413' title='bbox 445 5176 786 5216; x_wconf 88' lang='lat' dir='ltr'>consensus.</span> <span class='ocrx_word' id='word_1_414' title='bbox 820 5159 930 5223; x_wconf 87' lang='lat' dir='ltr'>Qui</span> <span class='ocrx_word' id='word_1_415' title='bbox 960 5175 1095 5229; x_wconf 85' lang='lat' dir='ltr'>ergo</span> <span class='ocrx_word' id='word_1_416' title='bbox 1135 5164 1340 5212; x_wconf 87' lang='lat' dir='ltr'>mutua</span> <span class='ocrx_word' id='word_1_417' title='bbox 1369 5175 1429 5213; x_wconf 89' lang='lat' dir='ltr'>se</span> <span class='ocrx_word' id='word_1_418' title='bbox 1461 5159 1862 5216; x_wconf 83' lang='lat' dir='ltr'>benevolentia</span> <span class='ocrx_word' id='word_1_419' title='bbox 1895 5179 2090 5233; x_wconf 82' lang='lat' dir='ltr'>prose-</span> 
     </span>
    </p>
   </div>
   <div class='ocr_carea' id='block_1_70' title="bbox 447 5248 2092 5318">
    <p class='ocr_par' dir='ltr' id='par_1_70' title="bbox 447 5248 2092 5318">
     <span class='ocr_line' id='line_1_70' title="bbox 447 5248 2092 5318; baseline 0.004 -19"><span class='ocrx_word' id='word_1_420' title='bbox 447 5248 1003 5316; x_wconf 70' lang='lat' dir='ltr'>quuntur,amicitiae</span> <span class='ocrx_word' id='word_1_421' title='bbox 1023 5253 1284 5317; x_wconf 71' lang='lat' dir='ltr'>respectu</span> <span class='ocrx_word' id='word_1_422' title='bbox 1301 5248 1552 5303; x_wconf 89' lang='lat' dir='ltr'>schetice</span> <span class='ocrx_word' id='word_1_423' title='bbox 1573 5249 1867 5318; x_wconf 80' lang='lat' dir='ltr'>conjuncti</span> <span class='ocrx_word' id='word_1_424' title='bbox 1886 5251 2092 5306; x_wconf 85' lang='lat' dir='ltr'>dicun-</span> 
     </span>
    </p>
   </div>
   <div class='ocr_carea' id='block_1_71' title="bbox 446 5337 2089 5408">
    <p class='ocr_par' dir='ltr' id='par_1_71' title="bbox 446 5337 2089 5408">
     <span class='ocr_line' id='line_1_71' title="bbox 446 5337 2089 5408; baseline 0.003 -18"><span class='ocrx_word' id='word_1_425' title='bbox 446 5338 1054 5392; x_wconf 66' lang='lat' dir='ltr'>tur.Haereticusenim</span> <span class='ocrx_word' id='word_1_426' title='bbox 1073 5337 1291 5408; x_wconf 88' lang='lat' dir='ltr'>impius</span> <span class='ocrx_word' id='word_1_427' title='bbox 1307 5337 1402 5392; x_wconf 90' lang='lat' dir='ltr'>ille</span> <span class='ocrx_word' id='word_1_428' title='bbox 1424 5338 1724 5392; x_wconf 84' lang='lat' dir='ltr'>Nestorius</span> <span class='ocrx_word' id='word_1_429' title='bbox 1741 5339 2060 5395; x_wconf 84' lang='lat' dir='ltr'>ecclesiasti</span> <span class='ocrx_word' id='word_1_430' title='bbox 2077 5371 2089 5379; x_wconf 90' lang='lat'><em>-</em></span> 
     </span>
    </p>
   </div>
   <div class='ocr_carea' id='block_1_72' title="bbox 446 5427 2092 5498">
    <p class='ocr_par' dir='ltr' id='par_1_72' title="bbox 446 5427 2092 5498">
     <span class='ocr_line' id='line_1_72' title="bbox 446 5427 2092 5498; baseline 0.004 -20"><span class='ocrx_word' id='word_1_431' title='bbox 446 5442 572 5479; x_wconf 88' lang='lat' dir='ltr'>cam</span> <span class='ocrx_word' id='word_1_432' title='bbox 606 5428 928 5482; x_wconf 87' lang='lat' dir='ltr'>doctrinam</span> <span class='ocrx_word' id='word_1_433' title='bbox 961 5444 1072 5481; x_wconf 87' lang='lat' dir='ltr'>non</span> <span class='ocrx_word' id='word_1_434' title='bbox 1105 5427 1714 5498; x_wconf 85' lang='lat' dir='ltr'>admittens,quaipse</span> <span class='ocrx_word' id='word_1_435' title='bbox 1749 5428 1898 5483; x_wconf 83' lang='lat' dir='ltr'>Deus</span> <span class='ocrx_word' id='word_1_436' title='bbox 1918 5429 2092 5484; x_wconf 90' lang='lat' dir='ltr'>homo</span> 
     </span>
    </p>
   </div>
   <div class='ocr_carea' id='block_1_73' title="bbox 443 5512 2090 5587">
    <p class='ocr_par' dir='ltr' id='par_1_73' title="bbox 443 5512 2090 5587">
     <span class='ocr_line' id='line_1_73' title="bbox 443 5512 2090 5587; baseline 0.004 -21"><span class='ocrx_word' id='word_1_437' title='bbox 443 5512 654 5578; x_wconf 83' lang='lat' dir='ltr'>factus,</span> <span class='ocrx_word' id='word_1_438' title='bbox 716 5521 1043 5586; x_wconf 54' lang='lat' dir='ltr'>nostrisque</span> <span class='ocrx_word' id='word_1_439' title='bbox 1101 5520 1323 5570; x_wconf 71' lang='lat' dir='ltr'>naturae</span> <span class='ocrx_word' id='word_1_440' title='bbox 1382 5517 1738 5584; x_wconf 84' lang='lat' dir='ltr'>conjunctus</span> <span class='ocrx_word' id='word_1_441' title='bbox 1786 5517 2090 5587; x_wconf 81' lang='lat' dir='ltr'>asseritur,</span> 
     </span>
    </p>
   </div>
   <div class='ocr_carea' id='block_1_74' title="bbox 446 5601 2089 5676">
    <p class='ocr_par' dir='ltr' id='par_1_74' title="bbox 446 5601 2089 5676">
     <span class='ocr_line' id='line_1_74' title="bbox 446 5601 2089 5676; baseline 0.004 -21"><span class='ocrx_word' id='word_1_442' title='bbox 446 5601 867 5672; x_wconf 82' lang='lat' dir='ltr'>bypostaticam</span> <span class='ocrx_word' id='word_1_443' title='bbox 921 5606 1156 5674; x_wconf 89' lang='lat' dir='ltr'>quidem</span> <span class='ocrx_word' id='word_1_444' title='bbox 1192 5621 1292 5658; x_wconf 89' lang='lat' dir='ltr'>seu</span> <span class='ocrx_word' id='word_1_445' title='bbox 1327 5605 1690 5675; x_wconf 87' lang='lat' dir='ltr'>personalem</span> <span class='ocrx_word' id='word_1_446' title='bbox 1725 5601 2089 5676; x_wconf 87' lang='lat' dir='ltr'>conjunctio-</span> 
     </span>
    </p>
   </div>
   <div class='ocr_carea' id='block_1_75' title="bbox 446 5692 2093 5762">
    <p class='ocr_par' dir='ltr' id='par_1_75' title="bbox 446 5692 2093 5762">
     <span class='ocr_line' id='line_1_75' title="bbox 446 5692 2093 5762; baseline 0.003 -16"><span class='ocrx_word' id='word_1_447' title='bbox 446 5709 576 5748; x_wconf 86' lang='lat' dir='ltr'>nsm</span> <span class='ocrx_word' id='word_1_448' title='bbox 643 5706 771 5746; x_wconf 87' lang='lat' dir='ltr'>esse</span> <span class='ocrx_word' id='word_1_449' title='bbox 836 5692 1130 5761; x_wconf 79' lang='lat' dir='ltr'>negabat:</span> <span class='ocrx_word' id='word_1_450' title='bbox 1187 5693 1518 5762; x_wconf 82' lang='lat' dir='ltr'>nugabatur</span> <span class='ocrx_word' id='word_1_451' title='bbox 1557 5699 1751 5749; x_wconf 90' lang='lat' dir='ltr'>autem</span> <span class='ocrx_word' id='word_1_452' title='bbox 1811 5713 1841 5750; x_wconf 76' lang='grc' dir='ltr'>θ</span> <span class='ocrx_word' id='word_1_453' title='bbox 1891 5705 2093 5751; x_wconf 88' lang='lat' dir='ltr'>sancta</span> 
     </span>
    </p>
   </div>
   <div class='ocr_carea' id='block_1_76' title="bbox 2200 1953 3863 2025">
    <p class='ocr_par' dir='ltr' id='par_1_76' title="bbox 2200 1953 3863 2025">
     <span class='ocr_line' id='line_1_76' title="bbox 2200 1953 3863 2025; baseline 0.002 -17"><span class='ocrx_word' id='word_1_454' title='bbox 2200 1955 2448 2025; x_wconf 89' lang='lat' dir='ltr'>denique</span> <span class='ocrx_word' id='word_1_455' title='bbox 2477 1953 2731 2024; x_wconf 85' lang='lat' dir='ltr'>Spiritus</span> <span class='ocrx_word' id='word_1_456' title='bbox 2762 1958 2820 2008; x_wconf 90' lang='lat' dir='ltr'>et</span> <span class='ocrx_word' id='word_1_457' title='bbox 2845 1953 2971 2024; x_wconf 88' lang='lat' dir='ltr'>ipse</span> <span class='ocrx_word' id='word_1_458' title='bbox 3002 1953 3240 2024; x_wconf 87' lang='lat' dir='ltr'>quidem</span> <span class='ocrx_word' id='word_1_459' title='bbox 3285 1971 3351 2009; x_wconf 83' lang='lat' dir='ltr'>ex</span> <span class='ocrx_word' id='word_1_460' title='bbox 3397 1955 3590 2018; x_wconf 86' lang='lat' dir='ltr'>Patre,</span> <span class='ocrx_word' id='word_1_461' title='bbox 3651 1963 3714 2011; x_wconf 83' lang='lat' dir='ltr'>at</span> <span class='ocrx_word' id='word_1_462' title='bbox 3749 1975 3863 2012; x_wconf 89' lang='lat' dir='ltr'>non</span> 
     </span>
    </p>
   </div>
   <div class='ocr_carea' id='block_1_77' title="bbox 2199 2043 3860 2112">
    <p class='ocr_par' dir='ltr' id='par_1_77' title="bbox 2199 2043 3860 2112">
     <span class='ocr_line' id='line_1_77' title="bbox 2199 2043 3860 2112; baseline 0.002 -14"><span class='ocrx_word' id='word_1_463' title='bbox 2199 2043 2612 2112; x_wconf 78' lang='lat' dir='ltr'>generationis,</span> <span class='ocrx_word' id='word_1_464' title='bbox 2679 2043 2778 2098; x_wconf 88' lang='lat' dir='ltr'>sed</span> <span class='ocrx_word' id='word_1_465' title='bbox 2842 2043 3232 2112; x_wconf 86' lang='lat' dir='ltr'>processionis</span> <span class='ocrx_word' id='word_1_466' title='bbox 3287 2046 3484 2100; x_wconf 90' lang='lat' dir='ltr'>modo.</span> <span class='ocrx_word' id='word_1_467' title='bbox 3546 2047 3617 2100; x_wconf 87' lang='lat' dir='ltr'>Et</span> <span class='ocrx_word' id='word_1_468' title='bbox 3674 2047 3860 2102; x_wconf 86' lang='lat' dir='ltr'>simul</span> 
     </span>
    </p>
   </div>
   <div class='ocr_carea' id='block_1_78' title="bbox 2199 2131 3862 2206">
    <p class='ocr_par' dir='ltr' id='par_1_78' title="bbox 2199 2131 3862 2206">
     <span class='ocr_line' id='line_1_78' title="bbox 2199 2131 3862 2206; baseline 0.002 -20"><span class='ocrx_word' id='word_1_469' title='bbox 2199 2137 2374 2204; x_wconf 88' lang='lat' dir='ltr'>atque</span> <span class='ocrx_word' id='word_1_470' title='bbox 2392 2133 2516 2187; x_wconf 86' lang='lat' dir='ltr'>Filii</span> <span class='ocrx_word' id='word_1_471' title='bbox 2543 2147 2609 2186; x_wconf 79' lang='lat' dir='ltr'>ex</span> <span class='ocrx_word' id='word_1_472' title='bbox 2635 2131 2800 2186; x_wconf 90' lang='lat' dir='ltr'>Patre</span> <span class='ocrx_word' id='word_1_473' title='bbox 2841 2132 3137 2201; x_wconf 86' lang='lat' dir='ltr'>generatio</span> <span class='ocrx_word' id='word_1_474' title='bbox 3182 2134 3308 2198; x_wconf 85' lang='lat' dir='ltr'>fuit,</span> <span class='ocrx_word' id='word_1_475' title='bbox 3364 2133 3477 2188; x_wconf 88' lang='lat' dir='ltr'>fuit</span> <span class='ocrx_word' id='word_1_476' title='bbox 3516 2138 3576 2189; x_wconf 88' lang='lat' dir='ltr'>et</span> <span class='ocrx_word' id='word_1_477' title='bbox 3603 2136 3862 2206; x_wconf 83' lang='lat' dir='ltr'>Spiritus</span> 
     </span>
    </p>
   </div>
   <div class='ocr_carea' id='block_1_79' title="bbox 2198 2220 3865 2292">
    <p class='ocr_par' dir='ltr' id='par_1_79' title="bbox 2198 2220 3865 2292">
     <span class='ocr_line' id='line_1_79' title="bbox 2198 2220 3865 2292; baseline 0.002 -16"><span class='ocrx_word' id='word_1_478' title='bbox 2198 2221 2387 2276; x_wconf 86' lang='lat' dir='ltr'>sancti</span> <span class='ocrx_word' id='word_1_479' title='bbox 2421 2220 2737 2291; x_wconf 88' lang='lat' dir='ltr'>processio.</span> <span class='ocrx_word' id='word_1_480' title='bbox 2773 2222 2893 2285; x_wconf 90' lang='lat' dir='ltr'>Quo</span> <span class='ocrx_word' id='word_1_481' title='bbox 2945 2225 3138 2275; x_wconf 87' lang='lat' dir='ltr'>autem</span> <span class='ocrx_word' id='word_1_482' title='bbox 3177 2222 3349 2276; x_wconf 89' lang='lat' dir='ltr'>modo</span> <span class='ocrx_word' id='word_1_483' title='bbox 3382 2227 3438 2276; x_wconf 87' lang='lat' dir='ltr'>et</span> <span class='ocrx_word' id='word_1_484' title='bbox 3469 2226 3773 2292; x_wconf 79' lang='lat' dir='ltr'>generatio</span> <span class='ocrx_word' id='word_1_485' title='bbox 3805 2229 3865 2279; x_wconf 86' lang='lat' dir='ltr'>et</span> 
     </span>
    </p>
   </div>
   <div class='ocr_carea' id='block_1_80' title="bbox 2201 2309 3861 2383">
    <p class='ocr_par' dir='ltr' id='par_1_80' title="bbox 2201 2309 3861 2383">
     <span class='ocr_line' id='line_1_80' title="bbox 2201 2309 3861 2383; baseline 0.002 -19"><span class='ocrx_word' id='word_1_486' title='bbox 2201 2311 2496 2381; x_wconf 87' lang='lat' dir='ltr'>processio</span> <span class='ocrx_word' id='word_1_487' title='bbox 2525 2309 2818 2378; x_wconf 81' lang='lat' dir='ltr'>differant,</span> <span class='ocrx_word' id='word_1_488' title='bbox 2853 2323 3024 2364; x_wconf 89' lang='lat' dir='ltr'>nemo</span> <span class='ocrx_word' id='word_1_489' title='bbox 3057 2310 3237 2364; x_wconf 89' lang='lat' dir='ltr'>novit.</span> <span class='ocrx_word' id='word_1_490' title='bbox 3276 2310 3477 2381; x_wconf 86' lang='lat' dir='ltr'>Itaque</span> <span class='ocrx_word' id='word_1_491' title='bbox 3511 2311 3861 2383; x_wconf 83' lang='lat' dir='ltr'>bypostases</span> 
     </span>
    </p>
   </div>
   <div class='ocr_carea' id='block_1_81' title="bbox 2198 2397 3860 2470">
    <p class='ocr_par' dir='ltr' id='par_1_81' title="bbox 2198 2397 3860 2470">
     <span class='ocr_line' id='line_1_81' title="bbox 2198 2397 3860 2470; baseline 0.002 -17"><span class='ocrx_word' id='word_1_492' title='bbox 2198 2398 2338 2453; x_wconf 91' lang='lat' dir='ltr'>solis</span> <span class='ocrx_word' id='word_1_493' title='bbox 2398 2397 2775 2470; x_wconf 87' lang='lat' dir='ltr'>bypostaticis</span> <span class='ocrx_word' id='word_1_494' title='bbox 2828 2399 3283 2469; x_wconf 85' lang='lat' dir='ltr'>prepristatibus</span> <span class='ocrx_word' id='word_1_495' title='bbox 3353 2400 3663 2465; x_wconf 70' lang='lat' dir='ltr'>differunt,</span> <span class='ocrx_word' id='word_1_496' title='bbox 3739 2404 3860 2458; x_wconf 77' lang='lat' dir='ltr'>sive</span> 
     </span>
    </p>
   </div>
   <div class='ocr_carea' id='block_1_82' title="bbox 2199 2487 3860 2560">
    <p class='ocr_par' dir='ltr' id='par_1_82' title="bbox 2199 2487 3860 2560">
     <span class='ocr_line' id='line_1_82' title="bbox 2199 2487 3860 2560; baseline 0.002 -18"><span class='ocrx_word' id='word_1_497' title='bbox 2199 2504 2314 2542; x_wconf 90' lang='lat' dir='ltr'>non</span> <span class='ocrx_word' id='word_1_498' title='bbox 2344 2487 2738 2557; x_wconf 79' lang='lat' dir='ltr'>generatione,</span> <span class='ocrx_word' id='word_1_499' title='bbox 2761 2487 3158 2556; x_wconf 81' lang='lat' dir='ltr'>generatione,</span> <span class='ocrx_word' id='word_1_500' title='bbox 3193 2492 3248 2542; x_wconf 90' lang='lat' dir='ltr'>et</span> <span class='ocrx_word' id='word_1_501' title='bbox 3283 2490 3659 2559; x_wconf 85' lang='lat' dir='ltr'>processione</span> <span class='ocrx_word' id='word_1_502' title='bbox 3696 2508 3860 2560; x_wconf 89' lang='lat' dir='ltr'>:qu</span> 
     </span>
    </p>
   </div>
   <div class='ocr_carea' id='block_1_83' title="bbox 2197 2575 3860 2650">
    <p class='ocr_par' dir='ltr' id='par_1_83' title="bbox 2197 2575 3860 2650">
     <span class='ocr_line' id='line_1_83' title="bbox 2197 2575 3860 2650; baseline 0.002 -18"><span class='ocrx_word' id='word_1_503' title='bbox 2197 2575 2494 2632; x_wconf 82' lang='lat' dir='ltr'>individuo</span> <span class='ocrx_word' id='word_1_504' title='bbox 2527 2591 2760 2648; x_wconf 91' lang='lat' dir='ltr'>quoque</span> <span class='ocrx_word' id='word_1_505' title='bbox 2802 2575 3160 2633; x_wconf 85' lang='lat' dir='ltr'>dividuntur.</span> <span class='ocrx_word' id='word_1_506' title='bbox 3195 2576 3390 2631; x_wconf 90' lang='lat' dir='ltr'>Trium</span> <span class='ocrx_word' id='word_1_507' title='bbox 3420 2586 3620 2633; x_wconf 89' lang='lat' dir='ltr'>autem</span> <span class='ocrx_word' id='word_1_508' title='bbox 3655 2596 3860 2650; x_wconf 83' lang='lat' dir='ltr'>perso-</span> 
     </span>
    </p>
   </div>
   <div class='ocr_carea' id='block_1_84' title="bbox 2199 2665 3862 2738">
    <p class='ocr_par' dir='ltr' id='par_1_84' title="bbox 2199 2665 3862 2738">
     <span class='ocr_line' id='line_1_84' title="bbox 2199 2665 3862 2738; baseline 0.004 -19"><span class='ocrx_word' id='word_1_509' title='bbox 2199 2683 2405 2719; x_wconf 87' lang='lat' dir='ltr'>narum</span> <span class='ocrx_word' id='word_1_510' title='bbox 2460 2681 2820 2736; x_wconf 75' lang='lat' dir='ltr'>uuaquaeque</span> <span class='ocrx_word' id='word_1_511' title='bbox 2866 2665 3118 2734; x_wconf 88' lang='lat' dir='ltr'>perfecta</span> <span class='ocrx_word' id='word_1_512' title='bbox 3172 2672 3402 2721; x_wconf 87' lang='lat' dir='ltr'>constat</span> <span class='ocrx_word' id='word_1_513' title='bbox 3430 2667 3768 2738; x_wconf 84' lang='lat' dir='ltr'>hypostasi.</span> <span class='ocrx_word' id='word_1_514' title='bbox 3804 2671 3862 2726; x_wconf 91' lang='lat' dir='ltr'>In</span> 
     </span>
    </p>
   </div>
   <div class='ocr_carea' id='block_1_85' title="bbox 2198 2754 3864 2830">
    <p class='ocr_par' dir='ltr' id='par_1_85' title="bbox 2198 2754 3864 2830">
     <span class='ocr_line' id='line_1_85' title="bbox 2198 2754 3864 2830; baseline 0.004 -21"><span class='ocrx_word' id='word_1_515' title='bbox 2198 2754 2388 2809; x_wconf 86' lang='lat' dir='ltr'>tribus</span> <span class='ocrx_word' id='word_1_516' title='bbox 2419 2755 2573 2809; x_wconf 91' lang='lat' dir='ltr'>enim</span> <span class='ocrx_word' id='word_1_517' title='bbox 2637 2754 2906 2826; x_wconf 89' lang='lat' dir='ltr'>perfectis</span> <span class='ocrx_word' id='word_1_518' title='bbox 2966 2754 3384 2827; x_wconf 85' lang='lat' dir='ltr'>hypostasibus</span> <span class='ocrx_word' id='word_1_519' title='bbox 3442 2772 3561 2812; x_wconf 86' lang='lat' dir='ltr'>una</span> <span class='ocrx_word' id='word_1_520' title='bbox 3606 2759 3864 2830; x_wconf 78' lang='lat' dir='ltr'>simplex</span> 
     </span>
    </p>
   </div>
   <div class='ocr_carea' id='block_1_86' title="bbox 2199 2842 3862 2917">
    <p class='ocr_par' dir='ltr' id='par_1_86' title="bbox 2199 2842 3862 2917">
     <span class='ocr_line' id='line_1_86' title="bbox 2199 2842 3862 2917; baseline 0.004 -19"><span class='ocrx_word' id='word_1_521' title='bbox 2199 2845 2348 2898; x_wconf 89' lang='lat' dir='ltr'>inest</span> <span class='ocrx_word' id='word_1_522' title='bbox 2391 2842 2666 2910; x_wconf 83' lang='lat' dir='ltr'>essentia,</span> <span class='ocrx_word' id='word_1_523' title='bbox 2711 2859 2840 2913; x_wconf 66' lang='lat' dir='ltr'>quae</span> <span class='ocrx_word' id='word_1_524' title='bbox 2872 2843 3180 2898; x_wconf 89' lang='lat' dir='ltr'>terminum</span> <span class='ocrx_word' id='word_1_525' title='bbox 3213 2861 3449 2900; x_wconf 83' lang='lat' dir='ltr'>omnem</span> <span class='ocrx_word' id='word_1_526' title='bbox 3488 2847 3776 2917; x_wconf 60' lang='lat' dir='ltr'>precedit</span> <span class='ocrx_word' id='word_1_527' title='bbox 3807 2854 3862 2904; x_wconf 87' lang='lat' dir='ltr'>et</span> 
     </span>
    </p>
   </div>
   <div class='ocr_carea' id='block_1_87' title="bbox 2195 2932 3866 3002">
    <p class='ocr_par' dir='ltr' id='par_1_87' title="bbox 2195 2932 3866 3002">
     <span class='ocr_line' id='line_1_87' title="bbox 2195 2932 3866 3002; baseline 0.004 -15"><span class='ocrx_word' id='word_1_528' title='bbox 2195 2935 2520 3002; x_wconf 81' lang='lat' dir='ltr'>exsuperat.</span> <span class='ocrx_word' id='word_1_529' title='bbox 2577 2932 2942 2988; x_wconf 88' lang='lat' dir='ltr'>Paracletum</span> <span class='ocrx_word' id='word_1_530' title='bbox 2999 2935 3194 2988; x_wconf 84' lang='lat' dir='ltr'>autem</span> <span class='ocrx_word' id='word_1_531' title='bbox 3254 2949 3316 2988; x_wconf 87' lang='lat' dir='ltr'>se</span> <span class='ocrx_word' id='word_1_532' title='bbox 3384 2935 3746 2991; x_wconf 85' lang='lat' dir='ltr'>advocatum</span> <span class='ocrx_word' id='word_1_533' title='bbox 3809 2944 3866 2993; x_wconf 90' lang='lat' dir='ltr'>et</span> 
     </span>
    </p>
   </div>
   <div class='ocr_carea' id='block_1_88' title="bbox 2193 3019 3860 3094">
    <p class='ocr_par' dir='ltr' id='par_1_88' title="bbox 2193 3019 3860 3094">
     <span class='ocr_line' id='line_1_88' title="bbox 2193 3019 3860 3094; baseline 0.003 -19"><span class='ocrx_word' id='word_1_534' title='bbox 2193 3021 2476 3092; x_wconf 86' lang='lat' dir='ltr'>Spiritum</span> <span class='ocrx_word' id='word_1_535' title='bbox 2513 3026 2568 3076; x_wconf 86' lang='lat' dir='ltr'>et</span> <span class='ocrx_word' id='word_1_536' title='bbox 2592 3019 2803 3075; x_wconf 88' lang='lat' dir='ltr'>Filium</span> <span class='ocrx_word' id='word_1_537' title='bbox 2862 3036 3161 3086; x_wconf 87' lang='lat' dir='ltr'>vocamus,</span> <span class='ocrx_word' id='word_1_538' title='bbox 3211 3027 3270 3075; x_wconf 93' lang='lat' dir='ltr'>ut</span> <span class='ocrx_word' id='word_1_539' title='bbox 3301 3022 3402 3094; x_wconf 89' lang='lat' dir='ltr'>qui</span> <span class='ocrx_word' id='word_1_540' title='bbox 3434 3025 3860 3081; x_wconf 87' lang='lat' dir='ltr'>universorum</span> 
     </span>
    </p>
   </div>
   <div class='ocr_carea' id='block_1_89' title="bbox 2193 3108 3859 3182">
    <p class='ocr_par' dir='ltr' id='par_1_89' title="bbox 2193 3108 3859 3182">
     <span class='ocr_line' id='line_1_89' title="bbox 2193 3108 3859 3182; baseline 0.003 -18"><span class='ocrx_word' id='word_1_541' title='bbox 2193 3109 2602 3165; x_wconf 86' lang='lat' dir='ltr'>advocationes</span> <span class='ocrx_word' id='word_1_542' title='bbox 2661 3114 2718 3164; x_wconf 88' lang='lat' dir='ltr'>et</span> <span class='ocrx_word' id='word_1_543' title='bbox 2777 3108 3093 3178; x_wconf 87' lang='lat' dir='ltr'>patrocinia</span> <span class='ocrx_word' id='word_1_544' title='bbox 3149 3111 3501 3181; x_wconf 83' lang='lat' dir='ltr'>suscipiant.</span> <span class='ocrx_word' id='word_1_545' title='bbox 3562 3114 3859 3182; x_wconf 83' lang='lat' dir='ltr'>Spiritum</span> 
     </span>
    </p>
   </div>
   <div class='ocr_carea' id='block_1_90' title="bbox 2116 3197 3859 3287">
    <p class='ocr_par' dir='ltr' id='par_1_90' title="bbox 2116 3197 3859 3287">
     <span class='ocr_line' id='line_1_90' title="bbox 2116 3197 3859 3287; baseline 0.004 -36"><span class='ocrx_word' id='word_1_546' title='bbox 2116 3222 2158 3287; x_wconf 65' lang='grc' dir='ltr'><strong>ρ</strong></span> <span class='ocrx_word' id='word_1_547' title='bbox 2195 3200 2428 3266; x_wconf 86' lang='lat' dir='ltr'>quidem</span> <span class='ocrx_word' id='word_1_548' title='bbox 2487 3203 2643 3253; x_wconf 87' lang='lat' dir='ltr'>certe</span> <span class='ocrx_word' id='word_1_549' title='bbox 2702 3214 2736 3252; x_wconf 87' lang='lat' dir='ltr'>a</span> <span class='ocrx_word' id='word_1_550' title='bbox 2793 3197 2986 3287; x_wconf 85' lang='lat' dir='ltr'>Patre</span> <span class='ocrx_word' id='word_1_551' title='bbox 3017 3197 3099 3287; x_wconf 77' lang='lat' dir='ltr'>[et</span> <span class='ocrx_word' id='word_1_552' title='bbox 3139 3199 3303 3269; x_wconf 68' lang='lat' dir='ltr'>Filio]</span> <span class='ocrx_word' id='word_1_553' title='bbox 3356 3202 3682 3269; x_wconf 86' lang='lat' dir='ltr'>procedere</span> <span class='ocrx_word' id='word_1_554' title='bbox 3717 3203 3859 3258; x_wconf 85' lang='lat' dir='ltr'>dici-</span> 
     </span>
    </p>
   </div>
   <div class='ocr_carea' id='block_1_91' title="bbox 2200 3285 3600 3359">
    <p class='ocr_par' dir='ltr' id='par_1_91' title="bbox 2200 3285 3600 3359">
     <span class='ocr_line' id='line_1_91' title="bbox 2200 3285 3600 3359; baseline 0.001 -19"><span class='ocrx_word' id='word_1_555' title='bbox 2200 3303 2349 3356; x_wconf 90' lang='lat' dir='ltr'>mus,</span> <span class='ocrx_word' id='word_1_556' title='bbox 2378 3287 2458 3342; x_wconf 89' lang='lat' dir='ltr'>ita</span> <span class='ocrx_word' id='word_1_557' title='bbox 2491 3292 2683 3342; x_wconf 88' lang='lat' dir='ltr'>tamen</span> <span class='ocrx_word' id='word_1_558' title='bbox 2727 3295 2784 3340; x_wconf 90' lang='lat' dir='ltr'>ut</span> <span class='ocrx_word' id='word_1_559' title='bbox 2822 3303 2922 3358; x_wconf 90' lang='lat' dir='ltr'>per</span> <span class='ocrx_word' id='word_1_560' title='bbox 2953 3285 3162 3342; x_wconf 84' lang='lat' dir='ltr'>Filium</span> <span class='ocrx_word' id='word_1_561' title='bbox 3196 3288 3600 3359; x_wconf 88' lang='lat' dir='ltr'>impertiatur.</span> 
     </span>
    </p>
   </div>
   <div class='ocr_carea' id='block_1_92' title="bbox 2871 3394 3163 3451">
    <p class='ocr_par' dir='ltr' id='par_1_92' title="bbox 2871 3394 3163 3451">
     <span class='ocr_line' id='line_1_92' title="bbox 2871 3394 3163 3451; baseline 0.003 -1"><span class='ocrx_word' id='word_1_562' title='bbox 2871 3395 3024 3451; x_wconf 85' lang='lat' dir='ltr'>CAP.</span> <span class='ocrx_word' id='word_1_563' title='bbox 3070 3394 3163 3451; x_wconf 81' lang='lat' dir='ltr'>XI.</span> 
     </span>
    </p>
   </div>
   <div class='ocr_carea' id='block_1_93' title="bbox 2659 3492 3376 3548">
    <p class='ocr_par' dir='ltr' id='par_1_93' title="bbox 2659 3492 3376 3548">
     <span class='ocr_line' id='line_1_93' title="bbox 2659 3492 3376 3548; baseline -0.003 0"><span class='ocrx_word' id='word_1_564' title='bbox 2659 3495 2730 3548; x_wconf 84' lang='lat' dir='ltr'>De</span> <span class='ocrx_word' id='word_1_565' title='bbox 2775 3493 2946 3546; x_wconf 76' lang='lat' dir='ltr'>Verbi</span> <span class='ocrx_word' id='word_1_566' title='bbox 2974 3492 3376 3547; x_wconf 80' lang='lat' dir='ltr'>incarnatione.</span> 
     </span>
    </p>
   </div>
   <div class='ocr_carea' id='block_1_94' title="bbox 2271 3599 3854 3667">
    <p class='ocr_par' dir='ltr' id='par_1_94' title="bbox 2271 3599 3854 3667">
     <span class='ocr_line' id='line_1_94' title="bbox 2271 3599 3854 3667; baseline 0.003 -13"><span class='ocrx_word' id='word_1_567' title='bbox 2271 3605 2470 3655; x_wconf 83' lang='lat' dir='ltr'>Errore</span> <span class='ocrx_word' id='word_1_568' title='bbox 2513 3617 2625 3653; x_wconf 89' lang='lat' dir='ltr'>non</span> <span class='ocrx_word' id='word_1_569' title='bbox 2674 3603 2852 3667; x_wconf 89' lang='lat' dir='ltr'>caret,</span> <span class='ocrx_word' id='word_1_570' title='bbox 2899 3599 2948 3654; x_wconf 88' lang='lat' dir='ltr'>si</span> <span class='ocrx_word' id='word_1_571' title='bbox 2979 3607 3250 3654; x_wconf 86' lang='lat' dir='ltr'>naturam</span> <span class='ocrx_word' id='word_1_572' title='bbox 3281 3600 3543 3655; x_wconf 89' lang='lat' dir='ltr'>divinam</span> <span class='ocrx_word' id='word_1_573' title='bbox 3584 3602 3854 3658; x_wconf 87' lang='lat' dir='ltr'>incarna-</span> 
     </span>
    </p>
   </div>
   <div class='ocr_carea' id='block_1_95' title="bbox 2197 3686 3857 3760">
    <p class='ocr_par' dir='ltr' id='par_1_95' title="bbox 2197 3686 3857 3760">
     <span class='ocr_line' id='line_1_95' title="bbox 2197 3686 3857 3760; baseline 0.001 -16"><span class='ocrx_word' id='word_1_574' title='bbox 2197 3697 2314 3744; x_wconf 89' lang='lat' dir='ltr'>tam</span> <span class='ocrx_word' id='word_1_575' title='bbox 2351 3691 2528 3744; x_wconf 87' lang='lat' dir='ltr'>fuisse</span> <span class='ocrx_word' id='word_1_576' title='bbox 2550 3691 2832 3754; x_wconf 74' lang='lat' dir='ltr'>dicamus,</span> <span class='ocrx_word' id='word_1_577' title='bbox 2868 3705 2997 3744; x_wconf 90' lang='lat' dir='ltr'>cum</span> <span class='ocrx_word' id='word_1_578' title='bbox 3030 3686 3200 3743; x_wconf 88' lang='lat' dir='ltr'>Verbi</span> <span class='ocrx_word' id='word_1_579' title='bbox 3238 3690 3575 3760; x_wconf 82' lang='lat' dir='ltr'>hypostasis</span> <span class='ocrx_word' id='word_1_580' title='bbox 3613 3692 3857 3748; x_wconf 85' lang='lat' dir='ltr'>dicenda</span> 
     </span>
    </p>
   </div>
   <div class='ocr_carea' id='block_1_96' title="bbox 2199 3778 3848 3852">
    <p class='ocr_par' dir='ltr' id='par_1_96' title="bbox 2199 3778 3848 3852">
     <span class='ocr_line' id='line_1_96' title="bbox 2199 3778 3848 3852; baseline 0.002 -19"><span class='ocrx_word' id='word_1_581' title='bbox 2199 3780 2292 3834; x_wconf 87' lang='lat' dir='ltr'>sit.</span> <span class='ocrx_word' id='word_1_582' title='bbox 2335 3779 2393 3833; x_wconf 90' lang='lat' dir='ltr'>Si</span> <span class='ocrx_word' id='word_1_583' title='bbox 2446 3778 2598 3833; x_wconf 86' lang='lat' dir='ltr'>enim</span> <span class='ocrx_word' id='word_1_584' title='bbox 2652 3793 2886 3834; x_wconf 90' lang='lat' dir='ltr'>carnem</span> <span class='ocrx_word' id='word_1_585' title='bbox 2938 3795 2972 3833; x_wconf 89' lang='lat' dir='ltr'>a</span> <span class='ocrx_word' id='word_1_586' title='bbox 3004 3783 3214 3832; x_wconf 84' lang='lat' dir='ltr'>natura.</span> <span class='ocrx_word' id='word_1_587' title='bbox 3243 3778 3440 3833; x_wconf 87' lang='lat' dir='ltr'>divina</span> <span class='ocrx_word' id='word_1_588' title='bbox 3475 3789 3848 3852; x_wconf 84' lang='lat' dir='ltr'>assumptam</span> 
     </span>
    </p>
   </div>
   <div class='ocr_carea' id='block_1_97' title="bbox 2201 3865 3850 3940">
    <p class='ocr_par' dir='ltr' id='par_1_97' title="bbox 2201 3865 3850 3940">
     <span class='ocr_line' id='line_1_97' title="bbox 2201 3865 3850 3940; baseline 0.002 -19"><span class='ocrx_word' id='word_1_589' title='bbox 2201 3867 2381 3923; x_wconf 89' lang='lat' dir='ltr'>fuisse</span> <span class='ocrx_word' id='word_1_590' title='bbox 2437 3867 2775 3934; x_wconf 85' lang='lat' dir='ltr'>dixerimus,</span> <span class='ocrx_word' id='word_1_591' title='bbox 2822 3865 3021 3937; x_wconf 90' lang='lat' dir='ltr'>utique</span> <span class='ocrx_word' id='word_1_592' title='bbox 3073 3884 3186 3920; x_wconf 88' lang='lat' dir='ltr'>una</span> <span class='ocrx_word' id='word_1_593' title='bbox 3217 3867 3444 3921; x_wconf 87' lang='lat' dir='ltr'>Patrem</span> <span class='ocrx_word' id='word_1_594' title='bbox 3482 3877 3537 3922; x_wconf 89' lang='lat' dir='ltr'>et</span> <span class='ocrx_word' id='word_1_595' title='bbox 3567 3869 3850 3940; x_wconf 88' lang='lat' dir='ltr'>Spiritum</span> 
     </span>
    </p>
   </div>
   <div class='ocr_carea' id='block_1_98' title="bbox 2197 3955 3852 4029">
    <p class='ocr_par' dir='ltr' id='par_1_98' title="bbox 2197 3955 3852 4029">
     <span class='ocr_line' id='line_1_98' title="bbox 2197 3955 3852 4029; baseline 0.002 -18"><span class='ocrx_word' id='word_1_596' title='bbox 2197 3955 2786 4029; x_wconf 80' lang='lat' dir='ltr'>comprehendamus,</span> <span class='ocrx_word' id='word_1_597' title='bbox 2836 3971 2969 4010; x_wconf 91' lang='lat' dir='ltr'>cum</span> <span class='ocrx_word' id='word_1_598' title='bbox 3003 3971 3119 4010; x_wconf 89' lang='lat' dir='ltr'>una</span> <span class='ocrx_word' id='word_1_599' title='bbox 3149 3959 3370 4010; x_wconf 67' lang='lat' dir='ltr'>Sanctae</span> <span class='ocrx_word' id='word_1_600' title='bbox 3403 3957 3720 4014; x_wconf 86' lang='lat' dir='ltr'>Trinitatis</span> <span class='ocrx_word' id='word_1_601' title='bbox 3757 3978 3852 4016; x_wconf 85' lang='lat' dir='ltr'>na-</span> 
     </span>
    </p>
   </div>
   <div class='ocr_carea' id='block_1_99' title="bbox 2198 4045 3854 4118">
    <p class='ocr_par' dir='ltr' id='par_1_99' title="bbox 2198 4045 3854 4118">
     <span class='ocr_line' id='line_1_99' title="bbox 2198 4045 3854 4118; baseline -0.005 -18"><span class='ocrx_word' id='word_1_602' title='bbox 2198 4052 2331 4102; x_wconf 89' lang='lat' dir='ltr'>tura</span> <span class='ocrx_word' id='word_1_603' title='bbox 2360 4047 2456 4101; x_wconf 91' lang='lat' dir='ltr'>sit.</span> <span class='ocrx_word' id='word_1_604' title='bbox 2490 4045 2863 4118; x_wconf 73' lang='lat' dir='ltr'>Synalmpha,</span> <span class='ocrx_word' id='word_1_605' title='bbox 2897 4062 2998 4100; x_wconf 86' lang='lat' dir='ltr'>seu</span> <span class='ocrx_word' id='word_1_606' title='bbox 3032 4045 3318 4110; x_wconf 87' lang='lat' dir='ltr'>counctio,</span> <span class='ocrx_word' id='word_1_607' title='bbox 3355 4047 3597 4116; x_wconf 83' lang='lat' dir='ltr'>preprie</span> <span class='ocrx_word' id='word_1_608' title='bbox 3638 4051 3854 4104; x_wconf 77' lang='lat' dir='ltr'>contu-</span> 
     </span>
    </p>
   </div>
   <div class='ocr_carea' id='block_1_100' title="bbox 2199 4131 3856 4210">
    <p class='ocr_par' dir='ltr' id='par_1_100' title="bbox 2199 4131 3856 4210">
     <span class='ocr_line' id='line_1_100' title="bbox 2199 4131 3856 4210; baseline 0.002 -21"><span class='ocrx_word' id='word_1_609' title='bbox 2199 4136 2284 4190; x_wconf 87' lang='lat' dir='ltr'>sio</span> <span class='ocrx_word' id='word_1_610' title='bbox 2313 4142 2419 4201; x_wconf 89' lang='lat' dir='ltr'>est,</span> <span class='ocrx_word' id='word_1_611' title='bbox 2474 4131 2666 4194; x_wconf 73' lang='grc' dir='ltr'>ἓνωσις</span> <span class='ocrx_word' id='word_1_612' title='bbox 2727 4138 2924 4189; x_wconf 87' lang='lat' dir='ltr'>autem</span> <span class='ocrx_word' id='word_1_613' title='bbox 2983 4151 3081 4188; x_wconf 91' lang='lat' dir='ltr'>seu</span> <span class='ocrx_word' id='word_1_614' title='bbox 3135 4134 3505 4204; x_wconf 88' lang='lat' dir='ltr'>conjunctio,</span> <span class='ocrx_word' id='word_1_615' title='bbox 3543 4153 3681 4192; x_wconf 74' lang='lat' dir='ltr'>cum</span> <span class='ocrx_word' id='word_1_616' title='bbox 3720 4142 3856 4210; x_wconf 88' lang='lat' dir='ltr'>quid</span> 
     </span>
    </p>
   </div>
   <div class='ocr_carea' id='block_1_101' title="bbox 2198 4219 3858 4292">
    <p class='ocr_par' dir='ltr' id='par_1_101' title="bbox 2198 4219 3858 4292">
     <span class='ocr_line' id='line_1_101' title="bbox 2198 4219 3858 4292; baseline 0.003 -14"><span class='ocrx_word' id='word_1_617' title='bbox 2198 4221 2341 4278; x_wconf 89' lang='lat' dir='ltr'>citra</span> <span class='ocrx_word' id='word_1_618' title='bbox 2373 4221 2700 4276; x_wconf 86' lang='lat' dir='ltr'>mistionem</span> <span class='ocrx_word' id='word_1_619' title='bbox 2740 4219 2838 4276; x_wconf 89' lang='lat' dir='ltr'>alii</span> <span class='ocrx_word' id='word_1_620' title='bbox 2893 4221 3143 4292; x_wconf 85' lang='lat' dir='ltr'>cuipiam</span> <span class='ocrx_word' id='word_1_621' title='bbox 3181 4220 3529 4292; x_wconf 87' lang='lat' dir='ltr'>applicatur,</span> <span class='ocrx_word' id='word_1_622' title='bbox 3565 4229 3631 4280; x_wconf 88' lang='lat' dir='ltr'>ut</span> <span class='ocrx_word' id='word_1_623' title='bbox 3663 4228 3858 4283; x_wconf 84' lang='lat' dir='ltr'>oleum</span> 
     </span>
    </p>
   </div>
   <div class='ocr_carea' id='block_1_102' title="bbox 2197 4309 3859 4382">
    <p class='ocr_par' dir='ltr' id='par_1_102' title="bbox 2197 4309 3859 4382">
     <span class='ocr_line' id='line_1_102' title="bbox 2197 4309 3859 4382; baseline 0.003 -16"><span class='ocrx_word' id='word_1_624' title='bbox 2197 4309 2718 4382; x_wconf 60' lang='lat' dir='ltr'>aquaebivinitatis</span> <span class='ocrx_word' id='word_1_625' title='bbox 2743 4315 3012 4364; x_wconf 88' lang='lat' dir='ltr'>naturam</span> <span class='ocrx_word' id='word_1_626' title='bbox 3051 4309 3438 4365; x_wconf 87' lang='lat' dir='ltr'>humanitatis</span> <span class='ocrx_word' id='word_1_627' title='bbox 3465 4317 3701 4368; x_wconf 58' lang='lat' dir='ltr'>natura!</span> <span class='ocrx_word' id='word_1_628' title='bbox 3727 4333 3859 4370; x_wconf 82' lang='lat' dir='ltr'>con-</span> 
     </span>
    </p>
   </div>
   <div class='ocr_carea' id='block_1_103' title="bbox 2197 4397 3855 4477">
    <p class='ocr_par' dir='ltr' id='par_1_103' title="bbox 2197 4397 3855 4477">
     <span class='ocr_line' id='line_1_103' title="bbox 2197 4397 3855 4477; baseline 0.002 -23"><span class='ocrx_word' id='word_1_629' title='bbox 2197 4403 2456 4471; x_wconf 74' lang='lat' dir='ltr'>iunctam</span> <span class='ocrx_word' id='word_1_630' title='bbox 2490 4399 2666 4453; x_wconf 89' lang='lat' dir='ltr'>fuisse</span> <span class='ocrx_word' id='word_1_631' title='bbox 2700 4415 2810 4453; x_wconf 86' lang='lat' dir='ltr'>non</span> <span class='ocrx_word' id='word_1_632' title='bbox 2847 4397 3118 4464; x_wconf 86' lang='lat' dir='ltr'>dicimus,</span> <span class='ocrx_word' id='word_1_633' title='bbox 3149 4399 3265 4453; x_wconf 88' lang='lat' dir='ltr'>imo</span> <span class='ocrx_word' id='word_1_634' title='bbox 3297 4401 3494 4468; x_wconf 87' lang='lat' dir='ltr'>potius</span> <span class='ocrx_word' id='word_1_635' title='bbox 3528 4405 3690 4456; x_wconf 80' lang='lat' dir='ltr'>verbi</span> <span class='ocrx_word' id='word_1_636' title='bbox 3751 4405 3855 4477; x_wconf 66' lang='lat' dir='ltr'>hy—</span> 
     </span>
    </p>
   </div>
   <div class='ocr_carea' id='block_1_104' title="bbox 2198 4486 3075 4562">
    <p class='ocr_par' dir='ltr' id='par_1_104' title="bbox 2198 4486 3075 4562">
     <span class='ocr_line' id='line_1_104' title="bbox 2198 4486 3075 4562; baseline -0.007 -16"><span class='ocrx_word' id='word_1_637' title='bbox 2198 4489 2458 4562; x_wconf 87' lang='lat' dir='ltr'>postasin</span> <span class='ocrx_word' id='word_1_638' title='bbox 2485 4489 2842 4546; x_wconf 76' lang='lat' dir='ltr'>incarnatam</span> <span class='ocrx_word' id='word_1_639' title='bbox 2870 4486 3075 4543; x_wconf 85' lang='lat' dir='ltr'>fuisse.</span> 
     </span>
    </p>
   </div>
   <div class='ocr_carea' id='block_1_105' title="bbox 2860 4593 3183 4650">
    <p class='ocr_par' dir='ltr' id='par_1_105' title="bbox 2860 4593 3183 4650">
     <span class='ocr_line' id='line_1_105' title="bbox 2860 4593 3183 4650; baseline -0.003 -2"><span class='ocrx_word' id='word_1_640' title='bbox 2860 4593 3014 4649; x_wconf 89' lang='lat' dir='ltr'>CAP.</span> <span class='ocrx_word' id='word_1_641' title='bbox 3057 4595 3183 4650; x_wconf 81' lang='lat' dir='ltr'>XII.</span> 
     </span>
    </p>
   </div>
   <div class='ocr_carea' id='block_1_106' title="bbox 2344 4693 3714 4770">
    <p class='ocr_par' dir='ltr' id='par_1_106' title="bbox 2344 4693 3714 4770">
     <span class='ocr_line' id='line_1_106' title="bbox 2344 4693 3714 4770; baseline 0.003 -20"><span class='ocrx_word' id='word_1_642' title='bbox 2344 4697 2416 4750; x_wconf 86' lang='lat' dir='ltr'>De</span> <span class='ocrx_word' id='word_1_643' title='bbox 2446 4693 2680 4750; x_wconf 78' lang='lat' dir='ltr'>essentia</span> <span class='ocrx_word' id='word_1_644' title='bbox 2713 4693 2968 4764; x_wconf 67' lang='lat' dir='ltr'>(nation,</span> <span class='ocrx_word' id='word_1_645' title='bbox 3013 4693 3312 4763; x_wconf 71' lang='lat' dir='ltr'>hyposlasi,</span> <span class='ocrx_word' id='word_1_646' title='bbox 3345 4701 3399 4749; x_wconf 77' lang='lat' dir='ltr'>et</span> <span class='ocrx_word' id='word_1_647' title='bbox 3425 4701 3714 4770; x_wconf 74' lang='lat' dir='ltr'>persona].</span> 
     </span>
    </p>
   </div>
   <div class='ocr_carea' id='block_1_107' title="bbox 2273 4799 3860 4871">
    <p class='ocr_par' dir='ltr' id='par_1_107' title="bbox 2273 4799 3860 4871">
     <span class='ocr_line' id='line_1_107' title="bbox 2273 4799 3860 4871; baseline 0.004 -13"><span class='ocrx_word' id='word_1_648' title='bbox 2273 4801 2537 4858; x_wconf 77' lang='lat' dir='ltr'>Essentia</span> <span class='ocrx_word' id='word_1_649' title='bbox 2589 4799 2820 4871; x_wconf 92' lang='lat' dir='ltr'>proprie</span> <span class='ocrx_word' id='word_1_650' title='bbox 2871 4799 3084 4854; x_wconf 89' lang='lat' dir='ltr'>dicitur</span> <span class='ocrx_word' id='word_1_651' title='bbox 3142 4801 3196 4854; x_wconf 93' lang='lat' dir='ltr'>id</span> <span class='ocrx_word' id='word_1_652' title='bbox 3251 4801 3403 4871; x_wconf 89' lang='lat' dir='ltr'>quod</span> <span class='ocrx_word' id='word_1_653' title='bbox 3451 4807 3562 4864; x_wconf 90' lang='lat' dir='ltr'>est.</span> <span class='ocrx_word' id='word_1_654' title='bbox 3604 4822 3712 4859; x_wconf 83' lang='lat' dir='ltr'>nec</span> <span class='ocrx_word' id='word_1_655' title='bbox 3747 4809 3860 4864; x_wconf 85' lang='lat' dir='ltr'>alio</span> 
     </span>
    </p>
   </div>
   <div class='ocr_carea' id='block_1_108' title="bbox 2201 4888 3856 4966">
    <p class='ocr_par' dir='ltr' id='par_1_108' title="bbox 2201 4888 3856 4966">
     <span class='ocr_line' id='line_1_108' title="bbox 2201 4888 3856 4966; baseline 0.003 -19"><span class='ocrx_word' id='word_1_656' title='bbox 2201 4902 2346 4964; x_wconf 87' lang='lat' dir='ltr'>eget,</span> <span class='ocrx_word' id='word_1_657' title='bbox 2386 4897 2449 4946; x_wconf 91' lang='lat' dir='ltr'>ut</span> <span class='ocrx_word' id='word_1_658' title='bbox 2481 4891 2788 4954; x_wconf 85' lang='lat' dir='ltr'>subsistat,</span> <span class='ocrx_word' id='word_1_659' title='bbox 2821 4888 3024 4944; x_wconf 90' lang='lat' dir='ltr'>multis</span> <span class='ocrx_word' id='word_1_660' title='bbox 3053 4894 3246 4944; x_wconf 89' lang='lat' dir='ltr'>autem</span> <span class='ocrx_word' id='word_1_661' title='bbox 3291 4891 3484 4945; x_wconf 88' lang='lat' dir='ltr'>modis</span> <span class='ocrx_word' id='word_1_662' title='bbox 3535 4895 3856 4966; x_wconf 78' lang='lat' dir='ltr'>accipitur,</span> 
     </span>
    </p>
   </div>
   <div class='ocr_carea' id='block_1_109' title="bbox 2203 4977 3859 5056">
    <p class='ocr_par' dir='ltr' id='par_1_109' title="bbox 2203 4977 3859 5056">
     <span class='ocr_line' id='line_1_109' title="bbox 2203 4977 3859 5056; baseline 0.004 -20"><span class='ocrx_word' id='word_1_663' title='bbox 2203 4987 2268 5036; x_wconf 89' lang='lat' dir='ltr'>ut</span> <span class='ocrx_word' id='word_1_664' title='bbox 2296 4980 2552 5036; x_wconf 83' lang='lat' dir='ltr'>essentia</span> <span class='ocrx_word' id='word_1_665' title='bbox 2573 4979 2695 5046; x_wconf 88' lang='lat' dir='ltr'>Dei,</span> <span class='ocrx_word' id='word_1_666' title='bbox 2725 4983 2976 5034; x_wconf 84' lang='lat' dir='ltr'>essentia</span> <span class='ocrx_word' id='word_1_667' title='bbox 3018 4977 3230 5043; x_wconf 66' lang='lat' dir='ltr'>angeli,</span> <span class='ocrx_word' id='word_1_668' title='bbox 3273 4980 3529 5033; x_wconf 88' lang='lat' dir='ltr'>essentia</span> <span class='ocrx_word' id='word_1_669' title='bbox 3565 4983 3859 5056; x_wconf 83' lang='lat' dir='ltr'>hominis,</span> 
     </span>
    </p>
   </div>
   <div class='ocr_carea' id='block_1_110' title="bbox 2205 5067 3861 5142">
    <p class='ocr_par' dir='ltr' id='par_1_110' title="bbox 2205 5067 3861 5142">
     <span class='ocr_line' id='line_1_110' title="bbox 2205 5067 3861 5142; baseline 0.005 -18"><span class='ocrx_word' id='word_1_670' title='bbox 2205 5071 2462 5142; x_wconf 88' lang='lat' dir='ltr'>itemque</span> <span class='ocrx_word' id='word_1_671' title='bbox 2493 5071 2692 5126; x_wconf 86' lang='lat' dir='ltr'>omnia</span> <span class='ocrx_word' id='word_1_672' title='bbox 2723 5069 2793 5124; x_wconf 84' lang='lat' dir='ltr'>ab</span> <span class='ocrx_word' id='word_1_673' title='bbox 2827 5069 2896 5123; x_wconf 79' lang='lat' dir='ltr'>iis</span> <span class='ocrx_word' id='word_1_674' title='bbox 2917 5067 3146 5123; x_wconf 84' lang='lat' dir='ltr'>diversa</span> <span class='ocrx_word' id='word_1_675' title='bbox 3176 5069 3444 5124; x_wconf 65' lang='lat' dir='ltr'>essentia</span> <span class='ocrx_word' id='word_1_676' title='bbox 3479 5076 3728 5130; x_wconf 87' lang='lat' dir='ltr'>nomine</span> <span class='ocrx_word' id='word_1_677' title='bbox 3762 5079 3861 5132; x_wconf 85' lang='lat' dir='ltr'>de-</span> 
     </span>
    </p>
   </div>
   <div class='ocr_carea' id='block_1_111' title="bbox 2205 5156 3860 5232">
    <p class='ocr_par' dir='ltr' id='par_1_111' title="bbox 2205 5156 3860 5232">
     <span class='ocr_line' id='line_1_111' title="bbox 2205 5156 3860 5232; baseline 0.003 -16"><span class='ocrx_word' id='word_1_678' title='bbox 2205 5161 2538 5232; x_wconf 86' lang='lat' dir='ltr'>signantur.</span> <span class='ocrx_word' id='word_1_679' title='bbox 2601 5159 2765 5224; x_wconf 88' lang='lat' dir='ltr'>Item,</span> <span class='ocrx_word' id='word_1_680' title='bbox 2822 5156 3075 5213; x_wconf 86' lang='lat' dir='ltr'>essentia</span> <span class='ocrx_word' id='word_1_681' title='bbox 3131 5161 3241 5223; x_wconf 84' lang='lat' dir='ltr'>est,</span> <span class='ocrx_word' id='word_1_682' title='bbox 3289 5161 3443 5228; x_wconf 89' lang='lat' dir='ltr'>quod</span> <span class='ocrx_word' id='word_1_683' title='bbox 3481 5177 3585 5230; x_wconf 86' lang='lat' dir='ltr'>per</span> <span class='ocrx_word' id='word_1_684' title='bbox 3611 5180 3676 5218; x_wconf 80' lang='lat' dir='ltr'>se</span> <span class='ocrx_word' id='word_1_685' title='bbox 3719 5183 3860 5222; x_wconf 77' lang='lat' dir='ltr'>sua~</span> 
     </span>
    </p>
   </div>
   <div class='ocr_carea' id='block_1_112' title="bbox 2205 5244 3861 5322">
    <p class='ocr_par' dir='ltr' id='par_1_112' title="bbox 2205 5244 3861 5322">
     <span class='ocr_line' id='line_1_112' title="bbox 2205 5244 3861 5322; baseline 0.003 -19"><span class='ocrx_word' id='word_1_686' title='bbox 2205 5265 2319 5322; x_wconf 91' lang='lat' dir='ltr'>que</span> <span class='ocrx_word' id='word_1_687' title='bbox 2370 5247 2423 5302; x_wconf 91' lang='lat' dir='ltr'>vi</span> <span class='ocrx_word' id='word_1_688' title='bbox 2478 5249 2728 5315; x_wconf 82' lang='lat' dir='ltr'>substet,</span> <span class='ocrx_word' id='word_1_689' title='bbox 2788 5262 2894 5301; x_wconf 89' lang='lat' dir='ltr'>nec</span> <span class='ocrx_word' id='word_1_690' title='bbox 2944 5246 3015 5300; x_wconf 87' lang='lat' dir='ltr'>ab</span> <span class='ocrx_word' id='word_1_691' title='bbox 3077 5244 3190 5300; x_wconf 87' lang='lat' dir='ltr'>alio</span> <span class='ocrx_word' id='word_1_692' title='bbox 3267 5249 3590 5304; x_wconf 88' lang='lat' dir='ltr'>essentiam</span> <span class='ocrx_word' id='word_1_693' title='bbox 3663 5252 3861 5316; x_wconf 83' lang='lat' dir='ltr'>habet.</span> 
     </span>
    </p>
   </div>
   <div class='ocr_carea' id='block_1_113' title="bbox 2206 5335 3862 5407">
    <p class='ocr_par' dir='ltr' id='par_1_113' title="bbox 2206 5335 3862 5407">
     <span class='ocr_line' id='line_1_113' title="bbox 2206 5335 3862 5407; baseline 0.004 -15"><span class='ocrx_word' id='word_1_694' title='bbox 2206 5354 2394 5407; x_wconf 87' lang='lat' dir='ltr'>neque</span> <span class='ocrx_word' id='word_1_695' title='bbox 2444 5336 2555 5392; x_wconf 90' lang='lat' dir='ltr'>alio</span> <span class='ocrx_word' id='word_1_696' title='bbox 2600 5351 2896 5406; x_wconf 87' lang='lat' dir='ltr'>quoquam</span> <span class='ocrx_word' id='word_1_697' title='bbox 2948 5336 3197 5389; x_wconf 81' lang='lat' dir='ltr'>extrario</span> <span class='ocrx_word' id='word_1_698' title='bbox 3241 5335 3489 5407; x_wconf 82' lang='lat' dir='ltr'>indiget,</span> <span class='ocrx_word' id='word_1_699' title='bbox 3533 5345 3602 5392; x_wconf 85' lang='lat' dir='ltr'>ut.</span> <span class='ocrx_word' id='word_1_700' title='bbox 3644 5344 3742 5396; x_wconf 88' lang='lat' dir='ltr'>sit.</span> <span class='ocrx_word' id='word_1_701' title='bbox 3778 5346 3862 5400; x_wconf 83' lang='lat' dir='ltr'>Si-</span> 
     </span>
    </p>
   </div>
   <div class='ocr_carea' id='block_1_114' title="bbox 2205 5422 3863 5497">
    <p class='ocr_par' dir='ltr' id='par_1_114' title="bbox 2205 5422 3863 5497">
     <span class='ocr_line' id='line_1_114' title="bbox 2205 5422 3863 5497; baseline 0.005 -17"><span class='ocrx_word' id='word_1_702' title='bbox 2205 5426 2439 5497; x_wconf 88' lang='lat' dir='ltr'>quidem</span> <span class='ocrx_word' id='word_1_703' title='bbox 2469 5424 2643 5479; x_wconf 91' lang='lat' dir='ltr'>colori</span> <span class='ocrx_word' id='word_1_704' title='bbox 2678 5423 2810 5478; x_wconf 90' lang='lat' dir='ltr'>albo</span> <span class='ocrx_word' id='word_1_705' title='bbox 2841 5430 2892 5477; x_wconf 88' lang='lat' dir='ltr'>et</span> <span class='ocrx_word' id='word_1_706' title='bbox 2926 5423 3092 5492; x_wconf 82' lang='lat' dir='ltr'>nigro</span> <span class='ocrx_word' id='word_1_707' title='bbox 3124 5427 3180 5476; x_wconf 89' lang='lat' dir='ltr'>et</span> <span class='ocrx_word' id='word_1_708' title='bbox 3210 5422 3263 5476; x_wconf 91' lang='lat' dir='ltr'>id</span> <span class='ocrx_word' id='word_1_709' title='bbox 3298 5439 3484 5494; x_wconf 87' lang='lat' dir='ltr'>genus</span> <span class='ocrx_word' id='word_1_710' title='bbox 3513 5430 3743 5484; x_wconf 67' lang='lat' dir='ltr'>caeteris</span> <span class='ocrx_word' id='word_1_711' title='bbox 3777 5449 3863 5488; x_wconf 84' lang='lat' dir='ltr'>es-</span> 
     </span>
    </p>
   </div>
   <div class='ocr_carea' id='block_1_115' title="bbox 2204 5511 3865 5590">
    <p class='ocr_par' dir='ltr' id='par_1_115' title="bbox 2204 5511 3865 5590">
     <span class='ocr_line' id='line_1_115' title="bbox 2204 5511 3865 5590; baseline 0.004 -21"><span class='ocrx_word' id='word_1_712' title='bbox 2204 5513 2404 5570; x_wconf 69' lang='lat' dir='ltr'>sentia</span> <span class='ocrx_word' id='word_1_713' title='bbox 2452 5529 2653 5568; x_wconf 87' lang='lat' dir='ltr'>nomen</span> <span class='ocrx_word' id='word_1_714' title='bbox 2706 5512 3159 5581; x_wconf 79' lang='lat' dir='ltr'>haudquaquam</span> <span class='ocrx_word' id='word_1_715' title='bbox 3206 5511 3548 5582; x_wconf 89' lang='lat' dir='ltr'>tribuimus,</span> <span class='ocrx_word' id='word_1_716' title='bbox 3584 5519 3731 5588; x_wconf 86' lang='lat' dir='ltr'>quia</span> <span class='ocrx_word' id='word_1_717' title='bbox 3764 5537 3865 5590; x_wconf 78' lang='lat' dir='ltr'>per</span> 
     </span>
    </p>
   </div>
   <div class='ocr_carea' id='block_1_116' title="bbox 2207 5599 3860 5675">
    <p class='ocr_par' dir='ltr' id='par_1_116' title="bbox 2207 5599 3860 5675">
     <span class='ocr_line' id='line_1_116' title="bbox 2207 5599 3860 5675; baseline 0.004 -15"><span class='ocrx_word' id='word_1_718' title='bbox 2207 5621 2267 5660; x_wconf 90' lang='lat' dir='ltr'>se</span> <span class='ocrx_word' id='word_1_719' title='bbox 2294 5603 2618 5658; x_wconf 86' lang='lat' dir='ltr'>subsistere</span> <span class='ocrx_word' id='word_1_720' title='bbox 2671 5619 2783 5656; x_wconf 90' lang='lat' dir='ltr'>non</span> <span class='ocrx_word' id='word_1_721' title='bbox 2829 5599 3055 5672; x_wconf 88' lang='lat' dir='ltr'>possint</span> <span class='ocrx_word' id='word_1_722' title='bbox 3087 5601 3310 5671; x_wconf 86' lang='lat' dir='ltr'>absque</span> <span class='ocrx_word' id='word_1_723' title='bbox 3349 5619 3594 5675; x_wconf 88' lang='lat' dir='ltr'>corpore</span> <span class='ocrx_word' id='word_1_724' title='bbox 3625 5608 3860 5666; x_wconf 86' lang='lat' dir='ltr'>illorum</span> 
     </span>
    </p>
   </div>
   <div class='ocr_carea' id='block_1_117' title="bbox 2204 5708 2434 5765">
    <p class='ocr_par' dir='ltr' id='par_1_117' title="bbox 2204 5708 2434 5765">
     <span class='ocr_line' id='line_1_117' title="bbox 2204 5708 2434 5765; baseline -0.013 -16"><span class='ocrx_word' id='word_1_725' title='bbox 2204 5708 2434 5765; x_wconf 89' lang='lat' dir='ltr'>capace.</span> 
     </span>
    </p>
   </div>
  </div>
