4044 6212
190 387 348 448 1213

1539 381 1949 445 THESAUBI
1996 384 2140 445 LIB.
2186 385 2288 447 IlI.

3447 386 3599 446 Hi4

259 523 478 578 Natura
500 534 634 576 vero
662 521 750 575 est
778 532 978 575 eorum
997 533 1125 589 qua
1148 520 1286 574 sunt
1308 522 1503 573 motus
1532 524 1586 572 et
1620 516 1833 587 quietis
1861 519 1916 586 Α
1947 526 2143 576 autem
2176 521 2428 578 essentia
2458 526 2547 578 est
2576 537 2784 594 genus.
2814 522 2871 577 Si
2903 536 3039 592 ergo
3071 519 3233 577 dicas
3259 536 3271 576 :
3314 518 3608 575 Divinitas

190 612 565 685 principium,
592 608 653 664 in
688 607 903 680 quibus
962 606 1217 677 primum
1262 605 1416 661 inest
1467 622 1569 677 per
1598 621 1680 674 se,
1723 621 1840 660 non

189 716 291 772 per
318 699 613 755 accidens.
638 695 810 752 Verbi
836 696 1026 767 gratia
1058 699 1324 750 naturam
1359 710 1637 750 vocamus
1669 694 1838 765 quie-

187 795 310 846 tem
340 793 398 845 et
431 792 653 844 motum
682 802 811 857 qua
833 784 1135 841 essentiali
1169 784 1392 841 ratione
1418 789 1583 839 terra
1617 785 1838 849 insunt,

188 895 298 937 nec
326 879 383 933 id
421 877 601 933 ullius
631 892 820 931 causa
851 874 1115 930 beneﬁcii
1164 875 1236 930 ad
1291 889 1529 946 germen
1570 878 1627 928 et
1658 873 1839 928 fetum

190 971 362 1025 rebus
406 965 780 1022 naturalibus
838 964 1226 1035 suggerenda.
1284 964 1602 1019 Deductum
1667 978 1839 1033 porro

189 1056 398 1136 φύσεως
431 1072 534 1111 seu
577 1058 798 1110 natura
830 1069 1039 1108 nomen
1095 1057 1204 1121 est,
1260 1049 1407 1125 παρὰ
1456 1050 1519 1106 τὸ
1549 1050 1839 1127 πεφυκέναι

184 1143 459 1201 τουτέστιν
517 1143 803 1217 ὑπάρχειν,
844 1142 954 1197 hoc
984 1149 1070 1198 est
1092 1141 1162 1197 ab
1192 1158 1260 1196 eo
1310 1142 1470 1213 quod
1510 1141 1609 1197 sit.
1641 1141 1842 1212 Itaque

189 1234 372 1297 οὺσίας
401 1232 492 1289 καὶ
526 1231 736 1311 φύσεως
764 1233 873 1288 hoc
901 1236 992 1288 est
1047 1232 1317 1287 essentia
1360 1236 1417 1288 et
1466 1236 1688 1287 natura
1735 1247 1831 1285 no-

192 1328 421 1382 minum
453 1327 654 1380 eadem
688 1322 1040 1396 signiﬁcatio
1070 1327 1183 1388 est,
1214 1339 1463 1395 quorum
1498 1322 1643 1378 illud
1694 1319 1840 1393 παρὰ

187 1416 251 1470 τὸ
290 1414 427 1469 εἶναι
460 1431 607 1484 esse,
646 1412 756 1469 hoc
806 1429 942 1468 vero
989 1412 1135 1486 παρὰ
1179 1411 1242 1465 τὸ
1289 1410 1579 1487 πεφυκέναι
1615 1412 1720 1466 hoc
1750 1414 1842 1467 est

193 1512 405 1560 natura
434 1506 512 1558 ita
542 1507 944 1572 comparatum
971 1517 1120 1569 esse,
1150 1502 1462 1557 dedicitur.
1498 1500 1839 1573 Hypostasis

192 1600 387 1650 autem
418 1610 511 1649 res
541 1597 632 1647 est
662 1591 992 1647 subsistens
1014 1596 1072 1646 et
1102 1588 1458 1656 essentialis,
1482 1590 1541 1644 in
1574 1606 1692 1660 qua
1715 1589 1841 1660 qui-

191 1684 325 1737 dem
375 1681 763 1738 accidentium
820 1678 1197 1745 coacervatio,
1256 1685 1535 1749 tanquam
1600 1694 1712 1732 uno
1779 1677 1838 1731 in

191 1772 453 1841 subjecto
480 1786 685 1841 reapse
719 1776 970 1839 actuque
998 1767 1294 1825 subsistit.
1346 1766 1644 1839 Πρόσωπον
1679 1782 1832 1835 vero,

192 1877 294 1916 seu
344 1876 613 1931 persona.
668 1858 725 1913 id
760 1862 871 1924 est,
916 1859 1071 1951 quod
1125 1857 1375 1928 propriis
1418 1856 1747 1912 actionibus
1777 1860 1834 1911 et
1863 1890 1906 1951 Β

190 1948 653 2022 preprietatibus
682 1954 901 2003 certam
940 1952 997 2002 et
1021 1946 1328 2002 deﬁnitam
1361 1961 1560 2002 eorum
1587 1963 1714 2017 qua
1746 1962 1835 2001 se-

194 2054 323 2094 cum
357 2038 622 2108 ejusdem
654 2041 798 2092 sunt
827 2036 1092 2091 essentia
1124 2034 1479 2090 evidentiam
1510 2034 1766 2090 exhibet.

762 2157 918 2214 CAP.
944 2154 1268 2212 XIII-XIV.

188 2286 566 2343 Ecclesiaslica
612 2287 832 2340 natura
863 2282 1131 2353 deﬁnitio.
1186 2280 1324 2349 Quid
1393 2280 1715 2337 Severianus
1778 2281 1837 2335 in

712 2371 953 2412 errorem
981 2354 1316 2426 propulerit.

260 2465 483 2520 Natura
509 2463 645 2518 item
674 2479 743 2518 ex
772 2461 1061 2518 sententia
1091 2460 1380 2527 Ecclesia,
1414 2475 1547 2516 vera
1580 2459 1659 2514 rei
1691 2459 1838 2514 sub-

189 2553 465 2610 sistentia
496 2556 606 2608 est.
632 2550 703 2607 Ut
731 2555 927 2607 autem
957 2549 1298 2607 Aristoteles
1346 2554 1403 2604 et
1424 2547 1611 2603 cateri
1654 2546 1835 2603 Graci

190 2646 466 2698 auctores
498 2645 656 2707 sunt,
694 2639 886 2694 multis
918 2640 1104 2695 modis
1138 2644 1347 2694 natura
1371 2637 1681 2705 delinitur;
1712 2635 1838 2707 qui-

197 2733 315 2787 bus
343 2729 578 2801 quidem
597 2729 1034 2784 deﬁnitionibus
1052 2728 1191 2783 dum
1207 2729 1535 2782 accuratius
1551 2726 1839 2781 inhaerent

193 2820 494 2877 Severiani
527 2818 584 2874 in
610 2834 860 2875 errorem
912 2816 1167 2888 prolapsi
1202 2823 1361 2873 sunt.
1396 2816 1697 2888 Siquidem
1733 2832 1835 2869 na-

192 2917 355 2977 tura,
388 2914 452 2964 ut
482 2909 545 2963 B.
588 2907 865 2980 Apostolo
890 2907 1095 2978 placet,
1126 2923 1321 2975 omne,
1354 2906 1410 2961 id
1443 2910 1551 2976 est,
1591 2906 1743 2975 quod
1778 2921 1837 2960 re

185 3015 329 3056 vera
349 3008 451 3056 est.
483 3000 757 3069 Apertius
786 2996 1063 3067 deinceps
1094 2996 1151 3050 id
1186 2995 1628 3067 explicabimus.
1663 2993 1840 3048 Natu-

186 3104 320 3145 ram
355 3098 516 3142 vocat
547 3085 803 3142 Ecclesia
829 3101 1031 3140 eorum
1065 3100 1188 3155 qua
1221 3089 1361 3139 sunt
1386 3082 1708 3147 veritatem,
1731 3098 1835 3137 seu

181 3177 252 3232 id
284 3176 436 3245 quod
485 3175 570 3231 eis
603 3175 775 3239 inest,
825 3172 981 3249 φύσις
1025 3178 1216 3228 autem
1269 3172 1425 3227 dicta
1462 3176 1569 3239 est,
1631 3165 1719 3224 διὰ
1774 3170 1835 3223 τὸ

182 3264 483 3343 πεφύκεναι
513 3265 600 3317 καὶ
641 3263 804 3333 εἶναι,
825 3264 978 3335 quod
1013 3262 1095 3319 ita
1133 3267 1471 3334 comparata
1522 3267 1631 3330 est,
1664 3266 1728 3316 ut
1758 3260 1836 3316 sit
1865 3250 1907 3317 C

187 3351 691 3426 quemadmodum
745 3348 900 3404 οὐσία
927 3350 963 3419 ἡ
996 3347 1151 3416 οὖσα,
1181 3349 1429 3406 essentia
1480 3366 1607 3421 qua
1639 3356 1744 3416 est,
1776 3348 1836 3403 in

187 3442 437 3499 veritate
461 3441 853 3514 cognoscitur.
894 3440 1115 3497 Natura
1173 3438 1448 3505 essentia,
1488 3438 1567 3506 id,
1627 3454 1838 3509 genus,

188 3539 246 3588 et
281 3530 467 3605 μορφὴ
502 3546 606 3585 seu
638 3531 847 3594 forma,
883 3545 988 3600 pro
1050 3545 1167 3583 una
1196 3529 1520 3598 eademque
1568 3543 1627 3582 re
1657 3527 1712 3581 in
1746 3543 1838 3582 ec-

190 3618 542 3676 clesiasticis
600 3618 893 3690 dogmatis
943 3617 1282 3688 capiuntur:
1339 3616 1838 3687 quemadmodum

190 3709 370 3782 panis
400 3714 457 3764 et
489 3706 771 3763 buccella.
806 3706 1087 3770 Quocirca
1140 3700 1378 3781 ἔμφυτον
1421 3703 1690 3772 ὶνούσιον,
1722 3707 1843 3761 sive

187 3797 255 3854 id
287 3798 445 3868 quod
479 3797 720 3853 insitum
754 3801 864 3858 est,
897 3800 951 3851 et
979 3795 1037 3850 id
1069 3795 1223 3866 quod
1258 3795 1406 3850 inest
1436 3794 1590 3852 idem
1615 3794 1841 3866 signiﬁ-

193 3893 354 3942 cant.
387 3887 646 3951 Quatuor
673 3892 869 3941 autem
890 3885 1077 3939 modis
1109 3889 1314 3940 natura
1363 3884 1599 3950 dicitur,
1634 3890 1699 3939 ut
1719 3887 1841 3955 jam

190 3974 422 4041 monui,
467 3975 556 4030 his
606 3975 885 4030 nimirum
943 3974 1220 4041 essentia,
1291 3977 1522 4044 natura,
1576 3980 1845 4045 genuset

189 4066 407 4122 forma.

872 4155 1021 4210 CAP.
1056 4152 1181 4209 XV.

267 4281 915 4355 Hypostasistpersona
945 4285 995 4334 et
1043 4278 1333 4355 character
1382 4279 1440 4333 in
1486 4279 1588 4334 Deo
1619 4277 1770 4348 quid.

624 4351 990 4424 Hypostatica
1035 4354 1414 4422 proprietates.

264 4459 611 4533 Hypostasis
658 4474 893 4530 quoque
928 4459 1191 4528 insuper,
1225 4473 1293 4511 ex
1335 4456 1733 4511 ecclesiastica
1791 4460 1848 4511 et

182 4546 1176 4623 apostolicatraditione,npéswnov
1201 4555 1286 4601 est
1307 4562 1407 4600 seu
1435 4560 1703 4616 persona,
1728 4544 1847 4601 sive

186 4613 525 4703 character,"
551 4613 1051 4709 quemadmodum
1088 4634 1296 4690 Paulus
1327 4613 1538 4690 Filium
1575 4633 1847 4705 splendo-
1880 4613 1922 4677 ἶ)

186 4744 322 4785 rem
366 4728 562 4799 gloria
598 4724 800 4788 Patris,
829 4726 968 4779 item
1003 4728 1058 4779 et
1106 4724 1486 4797 hypostaseos
1537 4722 1658 4793 ejus
1706 4724 1843 4778 cha-

185 4821 480 4874 racterem
533 4832 633 4870 seu
687 4815 932 4885 ﬁguram
986 4818 1173 4877 vocat,
1224 4813 1334 4868 hoc
1390 4816 1479 4869 est
1535 4828 1842 4884 personam

182 4906 457 4977 ejusdem
491 4904 753 4960 essentia
786 4919 921 4958 cum
955 4902 1286 4957 charactere
1324 4907 1380 4957 et
1412 4901 1709 4973 hypostasi
1742 4902 1845 4956 Pa-

182 4996 326 5052 tris.
359 4999 641 5049 Personas
676 4997 869 5048 autem
901 4994 957 5046 et
998 4991 1360 5047 characteres
1407 4990 1464 5044 in
1498 4988 1613 5046 Deo
1653 4990 1846 5045 incor-

181 5100 370 5157 porea
399 5083 525 5152 ipsa
554 5082 831 5146 dicimus,
863 5084 922 5135 et
955 5097 1023 5134 ea
1061 5096 1181 5150 qua
1213 5079 1616 5135 circumscribi
1649 5079 1843 5151 expri-

185 5172 396 5241 mique
429 5188 541 5225 non
575 5172 841 5240 possunt.
887 5170 1140 5223 Persona
1173 5184 1305 5223 vero
1340 5184 1442 5223 seu
1498 5168 1841 5240 hypostasis,

180 5266 250 5318 et
281 5265 614 5316 sanctorum
630 5259 865 5312 Patrum
891 5257 1205 5322 sententia,
1241 5255 1540 5326 proprium
1573 5260 1662 5310 est
1694 5272 1842 5328 pra-

183 5355 283 5405 ter
320 5361 673 5402 commune:
728 5343 1121 5400 communitas
1188 5342 1342 5398 enim
1403 5351 1510 5408 est,
1564 5344 1846 5398 uniuscu-

182 5443 405 5515 jusque
438 5434 514 5490 rei
548 5441 756 5489 natura
785 5449 797 5488 :
833 5434 1081 5504 propria
1130 5448 1283 5500 vero,
1336 5432 1671 5503 hypostases
1702 5431 1842 5502 ipsa

181 5530 332 5583 sunt
384 5524 556 5579 Verbi
601 5522 788 5594 gratia
832 5527 1041 5578 natura
1107 5523 1227 5577 sive
1282 5520 1537 5576 essentia
1569 5526 1676 5587 est,
1729 5537 1845 5576 una

184 5615 400 5684 deitas,
430 5614 795 5685 bypostases,
829 5628 963 5668 vero
994 5617 1132 5678 tres,
1167 5611 1338 5665 Pater
1391 5609 1597 5675 Filius,
1629 5613 1685 5665 et
1710 5608 1843 5681 Spi-

183 5710 342 5767 ritus
372 5710 611 5761 sanctus
640 5721 652 5758 :
687 5709 806 5777 tres
838 5718 1119 5775 persona,
1155 5717 1255 5754 seu
1308 5698 1695 5766 characteres,
1731 5716 1844 5756 una

1951 612 2220 664 nostrum
2274 612 2540 667 omnium
2599 617 2797 667 custos
2858 622 2965 673 est,
3020 614 3198 664 totam
3258 603 3650 664 Trinitatem.

1952 705 2213 752 sanctam
2247 699 2597 771 signiﬁcasti
2627 717 2639 754 :
2675 700 2723 753 si
2768 716 2902 754 vero
2934 699 3131 753 dicas:
3172 697 3481 754 Vobiscum
3520 698 3608 753 Fi-

1950 785 2066 840 lius
2093 786 2213 856 Dei,
2239 803 2308 842 ex
2331 788 2518 844 tribus
2549 788 2969 861 hypostasibus
2997 803 3171 842 unam
3197 792 3496 857 totamque
3518 787 3602 840 di-

1950 874 2250 931 vinitatem
2285 876 2697 945 pronuntiasti.
2752 880 2882 931 Bac
2941 884 3214 947 praterea
3269 878 3337 929 de
3384 874 3594 930 iisdem

1949 963 2168 1020 audito.
2196 964 2497 1033 Divinitas,
2517 981 2647 1021 ecce
2671 966 3171 1035 communitatem,
3192 968 3250 1019 et
3266 963 3595 1020 absolutam

1949 1053 2361 1124 perfectionem
2423 1056 2713 1109 essentia.
2791 1054 3139 1119 Paternitas,
3201 1069 3332 1108 ecce
3391 1069 3598 1124 perso-

1950 1157 2084 1196 nam
2118 1158 2218 1197 seu
2251 1141 2617 1214 hypostasim
2659 1160 2855 1198 unam.
2906 1140 3212 1211 Filialitas,
3246 1157 3378 1196 ecce
3418 1140 3591 1196 aliam

1953 1230 2317 1302 bypostasin.
2369 1231 2623 1300 Spiritus
2672 1237 2934 1299 sanctus,
2990 1247 3119 1287 ecce
3173 1232 3369 1286 aliam.
3417 1231 3597 1285 Cate-

1949 1336 2077 1374 rum
2113 1324 2229 1375 tres
2262 1320 2634 1392 bypostatica
2676 1321 3057 1392 proprietates
3106 1326 3247 1374 sunt
3286 1320 3344 1373 in
3380 1318 3596 1373 divini-

1947 1411 2098 1463 tate:
2144 1408 2474 1480 ingenitum
2530 1410 2739 1479 Patris,
2798 1409 3061 1480 genitum
3117 1408 3262 1472 Filii,
3298 1408 3591 1478 processio

1948 1496 2205 1568 Spiritus
2236 1497 2442 1552 sancti.
2479 1497 2591 1554 Nec
2638 1499 2795 1552 enim
2851 1499 3083 1568 genitus
3113 1504 3204 1552 est
3244 1499 3434 1563 Pater,
3488 1514 3593 1552 nec

1948 1587 2264 1657 procedens
2293 1586 2497 1656 Filius,
2533 1602 2635 1641 nec
2667 1587 2899 1657 genitus
2943 1587 3194 1657 Spiritus
3226 1591 3483 1641 sanctus.

2614 1696 2767 1747 CAP.
2800 1691 2950 1747 XVI.

1947 1801 2227 1874 Synopsts,
2279 1820 2377 1858 seu
2448 1801 2854 1871 compendium,
2910 1802 2979 1874 de
3032 1801 3186 1857 modo
3222 1797 3599 1874 ἀντιδόσεως,

2015 1890 2109 1928 seu
2139 1879 2342 1929 mutua
2391 1879 2727 1929 naturarum
2758 1873 3144 1929 retributionis
3176 1873 3387 1945 [dequo
3419 1890 3585 1944 aper-

2017 1948 2128 2000 tius
2159 1955 2210 2001 et
2237 1947 2462 2017 planius
2496 1948 2696 2017 infra].

2022 2050 2386 2105 Divinitatem
2422 2051 2659 2120 quidem
2693 2054 2751 2104 et
2792 2048 3223 2105 humanitatem
3257 2065 3389 2104 cum
3438 2050 3591 2104 dici-

1947 2144 2316 2215 mus,'totam
2352 2138 2676 2194 divinitatis
2702 2144 2992 2206 naturam,
3025 2144 3081 2193 et
3111 2141 3291 2193 totum
3322 2137 3595 2193 humani-

1945 2228 2084 2283 tatis
2125 2233 2395 2283 naturam
2427 2227 2802 2294 iudicamus;
2838 2243 2969 2281 cum
3014 2242 3146 2281 vero
3188 2225 3370 2281 Deum
3413 2230 3466 2280 et
3497 2225 3599 2281 ho-

1946 2316 2165 2373 minem
2198 2316 2476 2383 dicimus;
2501 2333 2614 2371 non
2642 2331 2882 2387 prorsus
2912 2320 3257 2370 naturarum
3278 2315 3597 2370 totalitates

1946 2406 2450 2470 demonstremus,
2483 2406 2582 2462 sed
2601 2406 2914 2476 aliquando
2947 2409 3003 2459 et
3037 2420 3314 2475 personas
3345 2410 3401 2459 et
3422 2405 3599 2476 hypo-

1945 2499 2155 2552 stases.
2192 2494 2331 2550 Cum
2366 2510 2503 2565 ergo
2536 2510 2641 2549 nos
2664 2494 2722 2548 in
2758 2495 2935 2548 Deum
2971 2494 3224 2560 credere,
3254 2492 3477 2564 absque
3502 2493 3599 2548 ad-

1938 2591 2142 2660 juncto
2188 2587 2462 2657 dicimus,
2513 2591 2693 2643 totam
2753 2587 3113 2643 divinitatem
3168 2587 3595 2659 signiﬁcamus.

1945 2678 2087 2735 Cum
2120 2693 2253 2733 vero
2298 2680 2476 2733 Deum
2540 2678 2836 2732 hominem
2890 2678 3104 2732 factum
3166 2693 3291 2731 esse
3322 2678 3597 2743 dicimus,

1936 2769 2063 2839 jam
2099 2783 2211 2821 non
2260 2766 2622 2821 divinitatem
2675 2767 3045 2832 denotamus,
3096 2766 3199 2820 sed
3248 2765 3431 2820 solum
3468 2765 3597 2820 Filii

1947 2873 2159 2911 nomen
2192 2855 2603 2924 exprimimus.
2651 2855 2883 2922 Adhac,
2937 2853 3229 2926 siquidem
3276 2853 3368 2908 bis
3401 2853 3595 2909 verbis

1946 2949 2076 3000 utar
2104 2962 2117 3001 :
2142 2944 2299 3000 Deus
2327 2947 2562 3016 propter
2582 2942 2881 2998 hominem
2914 2943 3253 2997 incarnatus
3271 2946 3381 3007 est,
3409 2946 3589 2997 totam

1944 3033 2369 3089 humanitatem
2405 3032 2645 3102 designo
2672 3048 2684 3086 :
2720 3032 2767 3086 si
2794 3048 2920 3087 vero
2946 3031 3035 3087 his
3058 3049 3071 3087 :
3098 3032 3344 3095 Quidam
3376 3030 3548 3086 homo
3573 3048 3592 3085 :

1942 3122 2108 3178 illum
2144 3121 2339 3178 solum
2372 3121 2586 3176 indico.
2622 3121 2821 3194 Itaque
2851 3120 2909 3175 in
2937 3120 3177 3176 Domino
3210 3126 3407 3175 nostro
3453 3119 3594 3175 Jesu

1947 3211 2180 3268 Christo
2208 3210 2354 3266 duas
2376 3210 2609 3281 quidem
2634 3215 2893 3279 naturas,
2916 3208 3303 3275 divinitatem,
3330 3209 3598 3281 inquam,

1947 3306 2001 3356 et
2044 3301 2492 3367 humanitatem,
2537 3301 2596 3353 at
2633 3314 2809 3353 unam
2861 3298 3200 3371 hypostasin
3230 3300 3307 3355 fex
3350 3302 3597 3368 utraque

1946 3388 2331 3462 compositam
2355 3390 2716 3444 conﬁtemur.
2744 3389 2807 3443 Et
2838 3404 2971 3442 cum
3008 3387 3192 3459 ipsius
3225 3388 3457 3459 quidem
3491 3403 3596 3441 na-

1951 3483 2112 3535 turas
2133 3477 2963 3547 consideramus,divinitatem
2986 3481 3043 3533 et
3067 3476 3491 3532 humanit:.tem
3518 3476 3600 3531 di-

1950 3570 2175 3626 cimus:
2203 3585 2337 3624 cum
2363 3584 2498 3625 vero
2524 3567 2880 3640 bypostasim
2912 3566 3094 3628 illam,
3128 3583 3259 3637 qua
3282 3566 3509 3621 duabus
3532 3582 3600 3622 ex

1952 3658 2178 3714 naturis
2223 3658 2537 3728 conjuncta
2569 3660 2681 3723 est,
2727 3672 2883 3711 nunc
2914 3655 3150 3727 quidem
3186 3654 3507 3720 Christum,
3545 3659 3603 3708 et

1954 3749 2251 3804 hominem
2288 3748 2686 3815 nominamus,
2738 3761 2893 3801 nunc
2926 3761 3057 3799 vero
3088 3746 3269 3798 Deum
3297 3742 3507 3807 solum,
3545 3747 3602 3798 et

1953 3837 2249 3893 hominem
2288 3835 2503 3891 solum.
2544 3835 2659 3890 Nec
2691 3851 2825 3889 cum
2876 3834 3057 3888 Deum
3093 3831 3283 3886 solum
3318 3830 3595 3898 dicimus,

1955 3927 2148 3998 ipsum
2183 3924 2255 3980 ab
2289 3924 2529 3979 homine
2578 3937 2955 3994 separamus:
3001 3938 3104 3975 nec
3136 3936 3267 3975 cum
3300 3919 3599 3975 hominem

1952 4013 2143 4068 solum
2172 4012 2570 4075 nominamus,
2602 4012 2798 4081 ipsum
2834 4025 2867 4063 a
2916 4009 3031 4063 Deo
3063 4008 3451 4080 sejungimus.
3500 4008 3595 4062 lti-

1955 4101 2084 4156 dem
2117 4114 2249 4155 cum
2281 4100 2643 4154 divmitatem
2667 4097 2944 4165 dicimus,
2979 4114 3095 4153 una
3128 4114 3261 4152 cum
3297 4114 3365 4152 ea
3387 4097 3597 4152 huma-

1953 4189 2155 4245 nitatis
2188 4187 2567 4259 proprietates
2598 4202 2714 4241 non
2752 4184 3306 4255 comprehendimus
3336 4202 3349 4241 :
3395 4201 3425 4240 e
3464 4201 3602 4240 con-

1953 4295 2120 4334 verso
2153 4294 2288 4334 cum
2333 4278 2754 4332 humanitatem
2804 4279 3203 4345 enuntiemus,
3257 4277 3315 4332 in
3359 4294 3425 4332 ea
3458 4278 3605 4332 divi-

1956 4366 2158 4422 nitatis
2201 4367 2582 4437 proprietates
2636 4381 2750 4419 non
2800 4363 3224 4435 intelligimus:
3294 4382 3399 4420 nrc
3446 4366 3600 4420 enim

1955 4455 2341 4527 impatibilem
2386 4462 2442 4510 et
2474 4456 2786 4509 increatam
2837 4454 3268 4510 humanitatem
3300 4455 3551 4511 dicimus
3587 4472 3599 4509 :

1959 4551 2017 4601 at
2046 4546 2104 4600 in
2140 4561 2252 4600 una
2307 4544 2607 4618 hypostasi
2651 4561 2764 4601 non
2798 4544 2882 4600 ita
2931 4545 3125 4601 dicere
3174 4543 3457 4613 solemus,
3502 4545 3602 4599 sed

1956 4638 2235 4693 audacter
2264 4643 2321 4692 et
2352 4637 2543 4693 solum
2576 4637 2782 4705 Deum,
2846 4643 2903 4693 et
2934 4636 3124 4694 solum
3159 4636 3484 4704 hominem,
3516 4641 3605 4691 at-

1957 4742 2070 4798 que
2102 4725 2425 4796 Christum,
2460 4725 2557 4797 qui
2593 4730 2911 4798 utrumque
2944 4726 3607 4799 comprehendit,conﬁ-

1955 4820 2181 4871 temur:
2216 4817 2606 4886 eamdemque
2639 4815 2819 4871 Deum
2853 4816 3155 4887 patibilem
3188 4817 3461 4881 dicimus,
3494 4815 3609 4870 hu-

1957 4904 2260 4960 manitatis
2291 4904 2532 4968 ratione,
2568 4910 2623 4959 et
2679 4921 2885 4975 purum
2917 4905 3018 4977 qui
3061 4906 3171 4961 fuit
3205 4911 3337 4960 ante
3370 4904 3607 4970 saecula,

1955 4993 2180 5048 ratione
2218 4990 2560 5049 divinitatis.
2613 4999 2804 5064 Atque
2848 4994 2943 5049 hic
2973 4989 3293 5054 ἀντιδόσεως
3338 5008 3437 5048 seu
3473 5009 3601 5046 mu-

1954 5086 2066 5136 tuae
2101 5086 2442 5135 naturarum
2482 5081 2907 5151 retributionis,
2952 5082 3162 5136 modus
3204 5090 3309 5150 est,
3366 5096 3483 5151 qua
3515 5080 3607 5147 ﬁt,

1955 5175 2021 5225 ut
2050 5175 2291 5239 utraque
2325 5173 2557 5237 natura,
2580 5186 2707 5240 qua
2731 5169 2966 5241 propria
2987 5170 3097 5225 sibi
3129 5172 3267 5225 sunt
3296 5167 3602 5233 retribuat,

1955 5258 2188 5314 ratione
2221 5258 2605 5330 hypostaseos
2653 5258 2943 5329 ejusdem,
2976 5263 3032 5313 et
3094 5264 3307 5313 mutua
3368 5255 3600 5311 illarum

1955 5345 2282 5402 afﬁnitatis.
2315 5345 2721 5401 Conﬁtendum
2756 5362 2927 5417 porro
2956 5350 3073 5415 est,
3114 5345 3288 5401 Verbi
3331 5350 3601 5400 naturam

1951 5436 2339 5500 incarnatam,
2399 5436 2518 5490 sive
2567 5436 2725 5490 carni
2780 5436 3160 5503 coniunctam
3226 5434 3431 5503 fuisse,
3485 5452 3599 5491 non

1953 5526 2092 5597 quia
2125 5530 2332 5579 natura
2369 5525 2425 5578 in
2456 5540 2631 5579 carne
2663 5540 2836 5595 passa
2888 5523 2984 5579 sit.
3045 5523 3208 5589 Quod
3258 5524 3414 5579 enim
3452 5525 3600 5579 Deus

1953 5614 2148 5680 homo,
2194 5627 2477 5683 versaque
2508 5613 2632 5668 vice
2684 5613 2860 5669 homo
2914 5613 3067 5670 Deus
3118 5613 3311 5680 fuerit,
3358 5612 3416 5669 id
3467 5630 3597 5669 vero

1954 5702 2100 5757 illud
2133 5702 2331 5774 ipsum
2361 5706 2471 5771 est,
2528 5703 2683 5774 quod
2733 5700 3114 5759 conﬁtemur:
3186 5703 3343 5774 quod
3402 5708 3598 5758 autem
