4066 6208
460 371 613 432 1215

455 600 695 654 nitatem
747 595 973 660 induta,
1021 590 1209 656 nullo,
1245 607 1492 661 usquam
1532 589 1703 644 modo
1745 587 2098 643 audivimus.

1098 735 1254 789 CAP.
1288 733 1466 790 XVII.

455 871 608 932 Item,
640 866 704 921 de
735 869 941 919 natura
989 867 1043 916 et
1074 862 1373 932 hypostasi.
1426 860 1628 932 [Variis
1668 855 1937 932 exemplis
1994 868 2103 932 non
2167 909 2174 916 _

529 924 740 993 tantum
779 935 844 990 ab
891 924 1378 997 intellectualibus,
1427 924 1839 988 rationalibus,
1874 931 1925 979 et
1973 924 2100 978 ani-

526 1013 710 1072 matis,
761 1010 862 1062 sed
919 1016 1088 1063 etlam
1145 1007 1212 1059 ab
1270 1005 1536 1058 inanimis
1611 999 2006 1060 immobilibus,
2053 999 2101 1050 at

530 1080 966 1146 insensibilibus,
1008 1079 1236 1133 ostendit
1289 1075 1493 1129 Christi
1553 1087 1775 1126 caran
1822 1087 1946 1146 non,
1975 1084 2096 1136 per-

525 1170 738 1222 sonam,
789 1154 882 1208 sed
913 1145 1207 1205 eSsentiam
1252 1163 1383 1200 esse.
1423 1146 1804 1222 (lg/postascos,
1857 1145 2097 1210 enhypo-

527 1225 683 1294 stati,
709 1216 817 1280 etc.
857 1223 1220 1292 Deﬁnitionis
1251 1223 1298 1272 et
1330 1216 1626 1286 exempla]

527 1376 741 1424 Natura
771 1369 984 1424 dicitur
1017 1368 1143 1437 ipsa
1184 1364 1494 1435 angolitas,
1528 1361 1869 1433 hypostases
1903 1361 2094 1410 autem

454 1459 822 1528 singularum
855 1456 1250 1527 angelicarum
1280 1465 1658 1522 personarum
1696 1446 2098 1518 proprietates,

458 1548 712 1616 Gabriel,
741 1543 1024 1612 {MichaeL
1071 1546 1235 1608 Item,
1273 1546 1480 1594 natura
1511 1555 1624 1593 una
1663 1544 1719 1591 et
1767 1533 2100 1590 communis

461 1645 549 1692 est
580 1638 930 1703 humanitas,
965 1632 1294 1704 hypostasis
1315 1647 1450 1686 vero
1485 1629 1685 1682 Petrus
1714 1633 1770 1681 et
1801 1624 2014 1680 Paulus
2045 1627 2100 1678 et

458 1733 673 1780 eceterae
707 1740 988 1794 persona},
1023 1728 1079 1776 et
1110 1721 1496 1774 characteres.
1531 1717 1754 1771 Natura
1778 1715 1974 1784 itaque
1997 1714 2096 1767 do-

462 1816 614 1870 mina
646 1821 753 1881 est,
788 1819 842 1867 et
892 1828 1085 1873 causa,
1118 1815 1174 1864 et
1211 1808 1455 1880 genitrix
1509 1806 1918 1877 hypostaseon,
1970 1819 2097 1873 quas

459 1906 520 1959 in
563 1923 628 1960 ea
670 1905 892 1970 insunt,
928 1909 1102 1973 atque
1141 1900 1354 1954 idcirco
1403 1898 1747 1968 hypostases
1801 1895 2095 1958 dicuntur,

461 1994 597 2065 quia
631 2000 852 2047 natura:
883 2001 1156 2062 tanquam
1208 1989 1350 2042 fonti
1401 1985 1817 2056 subjiciuntur.
1879 1983 1937 2038 Si
1969 2000 2102 2054 ergo

465 2088 624 2142 dicas
653 2105 664 2141 :
700 2087 857 2140 Bona
891 2092 1095 2139 natura
1126 2087 1215 2136 est
1267 2079 1534 2150 angelus,
1567 2083 1745 2132 totam
1778 2093 1976 2131 eorum
2010 2093 2099 2131 es-

460 2177 711 2233 sentiam
749 2174 1068 2243 signiﬁcas.
1100 2174 1158 2228 Si
1196 2187 1328 2226 vero
1360 2171 1552 2224 dicas:
1598 2169 1845 2239 Magnus
1876 2173 1962 2221 est
1993 2166 2101 2221 Ga-

454 2266 624 2333 llriel,
681 2283 856 2321 unam
897 2281 962 2320 ex
1006 2263 1278 2318 omnibus
1328 2259 1663 2332 hypostasin
1720 2262 1980 2314 denotas.
2043 2256 2103 2312 Si

455 2374 610 2422 vero,
667 2353 1025 2419 humanitas,
1076 2368 1207 2406 ecce
1268 2355 1445 2406 totam
1504 2349 1844 2405 essentiam.
1903 2350 2101 2402 Conon

458 2453 653 2502 autem
679 2449 735 2499 et
765 2444 967 2499 Simon
994 2442 1336 2514 bypostases
1369 2443 1528 2495 sunt.
1562 2438 1814 2492 Rursum
1845 2437 1892 2491 si
1918 2437 2100 2503 dicas,

457 2533 711 2588 volucris
747 2538 1016 2586 naturam
1053 2546 1180 2584 esse
1213 2529 1416 2597 levem,
1469 2543 1599 2582 ecce
1651 2525 1982 2580 universam
2019 2540 2104 2578 es-

459 2621 704 2678 sentiam
740 2621 986 2686 indicas,
1039 2621 1089 2674 si
1121 2635 1251 2672 vero
1299 2617 1592 2684 columba,
1645 2615 1730 2670 vel
1775 2622 1984 2680 turtur,
2015 2615 2102 2668 vel

460 2710 709 2766 luscinia
745 2711 842 2776 sit,
877 2725 1007 2763 ecce
1037 2707 1121 2762 ha:
1154 2716 1286 2761 sunt
1319 2706 1682 2776 hypostases.
1728 2705 1841 2761 Nec
1874 2710 2100 2758 tantum

464 2801 518 2853 in
554 2802 774 2854 ratione
799 2798 1093 2853 intellectu
1125 2799 1439 2867 animaque
1463 2795 1717 2866 praeditis
1747 2794 1948 2849 eadem
1983 2793 2104 2849 haec

462 2886 666 2959 regula
697 2886 886 2942 locum
933 2887 1127 2954 habet,
1162 2886 1261 2938 sed
1309 2885 1368 2937 in
1419 2883 1577 2938 omni
1631 2898 1864 2954 quoque
1897 2886 2104 2936 natura

461 2978 672 3032 animas
712 2985 908 3030 motus
952 2982 1007 3030 et
1051 2991 1262 3031 sensus
1301 2985 1549 3044 experte.
1599 2972 1770 3027 Verbi
1810 2971 2015 3042 gratia,
2053 2969 2103 3024 si

457 3066 760 3120 dicamus:
795 3066 952 3120 Fecit
976 3070 1123 3120 Deus
1171 3063 1392 3129 lumen,
1433 3062 1761 3116 universam
1803 3059 2102 3114 stellarum

459 3155 773 3208 essentiam
805 3153 1247 3223 signiﬁcamus:
1295 3153 1344 3206 si
1397 3167 1526 3205 vero
1561 3149 1748 3205 solare
1787 3149 1964 3220 jubar
2009 3148 2099 3202 di-

459 3259 684 3304 camus,
731 3245 1050 3314 ipsummet
1093 3240 1274 3296 solem
1320 3241 1662 3295 innuimus:
1710 3239 2089 3310 quemadmo-

463 3335 599 3388 dum
652 3338 708 3386 et
767 3331 993 3401 lunare,
1053 3339 1106 3387 et
1149 3335 1464 3385 astrorum.
1531 3329 1688 3383 Idem
1757 3343 1987 3398 quoque
2031 3327 2103 3382 de

463 3421 677 3487 ventis,
708 3426 764 3475 et
790 3421 860 3475 de
901 3418 1341 3492 ignis;essentia
1382 3419 1571 3472 dicere
1625 3433 1963 3488 possumus,
2015 3431 2104 3470 se-

465 3516 674 3565 cantur
703 3511 860 3565 enim
916 3509 971 3562 in
1034 3509 1307 3575 essentia,
1363 3507 1483 3562 sive
1537 3507 1592 3560 in
1655 3505 2013 3576 aquilonem,
2048 3505 2104 3559 in

470 3604 760 3668 austrum,
795 3599 852 3652 in
883 3597 1124 3670 lychnos
1154 3603 1212 3653 et
1240 3595 1566 3666 lampadas.
1611 3594 1811 3665 Itaque
1842 3598 2106 3650 sanctam

467 3688 684 3745 Christi
717 3703 946 3742 carnem
983 3687 1316 3758 hypostasin
1352 3701 1454 3740 seu
1513 3700 1820 3754 personam
1872 3699 1984 3738 non
2020 3683 2107 3737 di-

469 3780 680 3845 cimus,
709 3777 806 3831 sed
839 3779 1176 3844 essentiam,
1220 3779 1284 3829 ut
1311 3781 1494 3830 totam
1551 3779 1819 3828 naturam
1856 3776 2108 3827 nostram

471 3863 662 3918 abillo
694 3868 1056 3934 assumptam
1089 3869 1144 3917 et
1167 3867 1452 3917 servatam
1474 3861 1656 3915 fuisse
1687 3859 2106 3931 significemus.

469 3955 524 4008 Si
547 3954 701 4009 enim
756 3955 942 4024 ipsam
976 3952 1315 4025 hypostasin
1375 3953 1715 4017 dixerimus,
1776 3966 1956 4003 unum
2004 3947 2108 4003 ali-

471 4059 639 4114 quem
673 4043 958 4100 hominem
989 4045 1179 4097 dicere
1200 4041 1725 4112 deprehendemur,
1760 4037 1914 4108 quod
1937 4039 2112 4092 nimi-

470 4149 599 4188 rum
631 4133 902 4188 Christus
933 4132 1318 4202 assumpserit
1347 4136 1402 4186 et
1452 4129 1786 4185 servaverit.
1829 4128 2108 4182 Caeterum

470 4237 542 4276 ne
575 4223 901 4292 hypostasis
930 4221 1165 4289 quidem
1194 4219 1307 4274 dici
1358 4223 1569 4290 potest,
1605 4222 1896 4289 quatenus
1916 4232 2049 4271 caro
2080 4233 2112 4269 a

468 4311 662 4366 divino
722 4311 903 4367 Verbo
949 4313 1206 4381 separari
1283 4309 1522 4380 nequit:
1567 4305 1900 4380 hypostasis
1957 4307 2111 4360 enim

470 4418 717 4472 persona
761 4407 1026 4470 separata
1052 4399 1286 4455 dicitur.
1320 4399 1440 4460 Quo
1465 4397 1559 4465 sit,
1595 4404 1658 4451 ut
1691 4397 2112 4466 enhypostaton

471 4491 681 4561 ipsam,
719 4491 774 4544 id
798 4499 905 4554 est,
936 4505 1035 4559 per
1067 4505 1128 4542 se
1153 4503 1374 4557 suaque
1405 4487 1456 4539 vi
1503 4485 1945 4549 subsistentem,
1999 4500 2112 4538 non

1776 353 2082 419 NICE'LI
2123 351 2540 416 CHONIATE

457 507 732 562 divinitas
766 505 938 559 homo
973 504 1123 556 facta
1151 500 1251 565 sit,
1284 499 1371 554 vel
1422 500 1745 564 incuruata,
1776 497 1865 550 vel
1895 495 2106 550 huma-
2137 501 2190 563 Α

3713 333 3872 393 1216

2845 481 2999 537 CAP.
3033 480 3235 537 XVIII.

2886 573 2955 628 De
2985 570 3198 626 habitu.

2281 668 2524 723 Habitus
2556 670 2645 722 est
2677 664 2946 720 universa
3007 666 3225 715 naturae
3275 656 3522 712 facultas
3576 655 3650 709 ad
3686 652 3883 722 quali-

2208 762 2386 812 tatem
2419 755 2614 820 relata,
2649 771 2765 824 qua
2783 751 3017 824 quidem
3046 747 3323 804 facultate
3357 745 3549 816 ipsam
3588 762 3623 798 a
3646 745 3880 798 caeteris

2209 846 2490 900 discernit
2543 849 2598 898 et
2628 845 2918 912 segregat,
2950 836 3448 909 quemadmodum
3483 832 3701 887 beatus
3736 829 3878 884 Dio-

2209 935 2413 1006 nysius
2447 932 2524 987 ait
2559 932 2648 986 his
2679 930 2872 985 verbis
2899 945 2912 983 :
2938 925 3243 997 Corruptio
3276 923 3432 979 enim
3459 938 3561 977 seu
3600 921 3881 974 interitus

2209 1032 2446 1085 naturas,
2492 1020 2805 1076 inﬁrmitas
2897 1023 2986 1071 est
3041 1021 3100 1069 et
3169 1013 3432 1067 defectus
3505 1006 3882 1063 naturalium

2206 1111 2539 1178 habituum,
2573 1107 2868 1163 actionum
2901 1114 2954 1160 et
2985 1103 3356 1158 facultatum.

2862 1193 3020 1251 CAP.
3051 1193 3200 1247 XIX.

2289 1290 2376 1351 De
2419 1289 2742 1351 voluntate.
2789 1285 2946 1361 Ouid
2970 1283 3049 1343 sit
3084 1281 3375 1355 voluntas,
3403 1279 3474 1339 de
3495 1296 3797 1357 quonam,

2646 1381 2702 1428 et
2733 1378 2876 1448 quot
2918 1363 3109 1424 modis
3158 1363 3415 1421 dicatur.

2282 1467 2562 1523 Voluntas
2603 1466 2842 1537 quidem
2878 1469 2968 1518 est
3015 1459 3287 1516 essentia
3342 1454 3778 1512 intellectualis
3826 1462 3877 1509 et

2205 1556 2506 1612 rationalis
2537 1554 2895 1610 desiderium
2916 1554 2983 1607 ad
3013 1566 3135 1605 rem
3177 1548 3574 1618 concupitam.
3637 1545 3880 1600 Constat

2205 1644 2360 1698 enim
2412 1641 2699 1714 quidquid
2757 1639 3153 1709 intelligentia
3202 1635 3508 1707 praeditum
3570 1637 3664 1688 est
3722 1632 3883 1686 idem

2207 1751 2442 1806 quoque
2481 1734 2627 1789 velle
2659 1749 2850 1804 posse.
2922 1726 3156 1801 Θέλῃσις
3203 1729 3358 1781 enim
3403 1741 3505 1781 seu
3536 1725 3747 1779 volitio
3795 1727 3886 1778 est

2205 1824 2373 1896 quasi
2402 1824 2642 1894 quidam
2673 1822 2802 1875 fons
2829 1830 2882 1875 et
2916 1821 3064 1883 vita,
3099 1834 3224 1888 quae
3263 1816 3421 1870 omni
3464 1812 3736 1868 rationali
3779 1830 3879 1866 na-

2205 1919 2348 1968 tura:
2371 1912 2763 1968 essentialiter
2792 1909 2962 1964 inest.
3002 1908 3231 1962 Dicitur
3284 1911 3480 1959 autem
3513 1900 3744 1972 θέλημα
3777 1918 3876 1956 seu

2206 2003 2499 2071 voluntas,
2549 1997 2685 2053 κατὰ
2736 1998 2796 2052 νὸ
2856 1995 2990 2059 θέειν
3042 1992 3168 2048 λίαν
3221 1994 3336 2064 ἅμα
3391 1996 3461 2065 τῇ
3522 1992 3682 2067 φύσει
3737 1991 3878 2063 πρὸς

2208 2088 2381 2158 αὺτήν
2417 2089 2614 2164 λῆγον,
2647 2089 2754 2142 hoc
2786 2093 2875 2144 est
2922 2085 3062 2156 quia
3107 2088 3329 2138 naturae
3362 2083 3684 2136 admodum
3736 2097 3876 2135 con-

2207 2190 2424 2245 currat,
2454 2185 2510 2233 et
2541 2179 2599 2233 in
2623 2179 2751 2248 ipsa
2782 2178 3011 2231 tandem
3044 2173 3298 2229 desinat.
3329 2171 3625 2226 Craterum
3659 2172 3874 2240 triplex

2204 2269 2610 2325 consideratur
2666 2265 2953 2328 voluntas,
3004 2262 3224 2326 divina,
3285 2261 3575 2332 angelica,
3648 2268 3705 2312 et
3753 2259 3876 2314 ani-

2206 2357 2398 2413 malis.
2430 2355 2724 2426 Siquidem
2759 2360 2876 2407 tres
2912 2353 2996 2406 hae
3031 2356 3253 2406 natura
3287 2354 3345 2404 et
3381 2349 3519 2403 sola:
3565 2347 3875 2402 voluntate

2207 2447 2459 2518 praeditas
2511 2449 2668 2498 sunt.
2727 2443 3040 2513 Triplicem
3093 2439 3231 2494 item
3265 2438 3462 2492 divina
3518 2453 3764 2508 quoque
3811 2437 3874 2490 in

2208 2536 2504 2605 Scriptura
2551 2534 2903 2588 voluntatem
2967 2529 3176 2584 dictam
3228 2527 3753 2596 deprehendimus,
3787 2526 3876 2580 di-

2207 2627 2422 2689 vinam,
2478 2621 2792 2677 naturalem
2854 2635 2950 2674 seu
2986 2617 3252 2685 mediam,
3313 2627 3366 2671 et
3415 2614 3715 2672 carnalem
3767 2624 3877 2670 ter-

2209 2716 2368 2777 tiam,
2399 2729 2509 2784 qua
2550 2713 2774 2782 quidem
2810 2709 3091 2765 diabolica
3140 2707 3518 2778 significatur.
3581 2705 3878 2761 Naturalis

2207 2811 2391 2858 autem
2429 2801 2690 2857 voluntas
2723 2817 2753 2853 a
2786 2799 2899 2853 Deo
2932 2805 3116 2854 creata
3149 2797 3400 2851 hominis
3427 2802 3540 2861 est,
3589 2795 3874 2848 nimirum

2208 2894 2429 2961 copidse
2462 2891 2630 2959 partis
2661 2890 2867 2943 animae
2898 2898 3083 2942 motus
3142 2885 3524 2954 intelligentia
3573 2895 3879 2948 constans,

2210 2982 2306 3052 qui
2334 2980 2623 3035 hominem
2663 2985 2866 3032 natura
2907 2977 2977 3030 ad
3013 2991 3128 3030 rem
3188 2973 3554 3043 concupitam
3594 2973 3876 3043 impellit.

2215 3070 2412 3124 Divina
2445 3083 2573 3124 vero
2617 3066 2875 3122 voluntas
2927 3065 3075 3136 apud
3131 3063 3392 3118 homines
3445 3069 3552 3128 est,
3590 3077 3730 3117 cum
3789 3063 3879 3117 in-

2209 3168 2376 3214 natus
2425 3153 2828 3212 intellectualis
2871 3153 3153 3224 appetitus
3207 3153 3275 3206 ad
3329 3167 3412 3219 ea,
3465 3167 3592 3221 que
3660 3161 3880 3207 natura:

2213 3246 2558 3304 conveniunt
2585 3262 2599 3311 ;
2632 3244 2700 3299 ah
2731 3243 2859 3298 aliis
2888 3258 3012 3313 quae
3045 3251 3256 3297 naturae
3307 3249 3636 3310 repugnant
3671 3258 3875 3312 prope-

2215 3343 2316 3391 rat.
2358 3334 2609 3388 Carnalis
2651 3332 2902 3402 denique
2952 3330 3210 3403 pathice,
3259 3346 3356 3384 sou
3421 3331 3872 3398 perturbationi-

2218 3425 2321 3480 bus
2377 3423 2761 3479 succumbens
2805 3420 3009 3474 animea
3071 3419 3456 3489 praevaricatio
3515 3427 3605 3474 est
3666 3421 3739 3473 ab
3801 3436 3866 3476 eo

2217 3512 2360 3584 quod
2405 3520 2616 3566 natura:
2647 3511 2938 3575 convenit,
2987 3510 3056 3564 ad
3111 3509 3166 3564 id
3216 3509 3362 3578 quod
3423 3515 3651 3563 natura:
3706 3525 3867 3578 repa-

2218 3608 2370 3671 gnat.

2293 3688 2566 3746 Voluntas
2637 3687 2954 3743 essentialis
3010 3705 3075 3742 ea
3141 3696 3245 3754 est,
3305 3701 3427 3756 quae
3486 3690 3879 3742 communiter

2219 3780 2276 3833 in
2314 3785 2515 3832 natura
2545 3777 2831 3833 consimili
2885 3778 3051 3831 modo
3106 3777 3345 3842 videtur,
3407 3775 3567 3844 quali
3603 3778 3872 3831 essentia-

2221 3867 2347 3921 liter
2400 3865 2621 3920 Domini
2665 3881 2798 3919 caro
2858 3865 3090 3933 praedita
3138 3873 3258 3919 erat
3312 3879 3440 3918 cum
3480 3868 3628 3918 mori
3678 3864 3875 3930 nollet,

2225 3962 2279 4009 ut
2312 3955 2492 4009 sancti
2529 3954 2714 4009 Patres
2747 3955 2963 4008 dicunt.
3013 3954 3072 4009 Si
3127 3954 3250 4009 talis
3301 3954 3564 4008 voluntas
3593 3961 3657 4009 in
3717 3959 3876 4009 Patre

2221 4057 2272 4099 et
2316 4043 2523 4112 Spiritu
2586 4050 2780 4098 sancto
2834 4043 3179 4109 inveniatur,
3241 4059 3352 4096 una
3421 4059 3659 4113 prorsus
3687 4045 3879 4098 carnis

2221 4131 2618 4186 etdivinitatis
2649 4131 2844 4185 volitio
2897 4131 3086 4186 fuerit.
3122 4131 3401 4186 Naturalis
3459 4132 3731 4187 voluntas
3775 4134 3876 4188 ho-

2225 4219 2414 4284 minis,
2446 4228 2501 4274 ut
2533 4221 2710 4275 sancti
2746 4219 2984 4275 Basilius
3018 4229 3068 4274 et
3118 4220 3362 4289 Cyrillus
3413 4229 3682 4276 auctores
3722 4232 3875 4285 sunt,

2224 4318 2305 4363 est
2338 4311 2456 4378 ipse
2504 4309 2627 4363 vita:
2677 4326 2858 4364 amor.
2923 4309 3093 4363 Otnui
3153 4311 3304 4364 enim
3367 4309 3592 4364 homini
3658 4311 3768 4364 vita
3830 4323 3880 4366 et

2227 4398 2369 4452 lucis
2402 4397 2590 4452 l'ruitio
2622 4397 2795 4452 chara
2820 4408 2925 4464 est,
2959 4414 3089 4453 ecce
3141 4399 3258 4453 haec
3308 4408 3389 4453 est
3417 4400 3762 4455 communis
3792 4417 3878 4454 vo.

2225 4486 2433 4541 lunias.
2489 4485 2776 4541 Gnomicm
2837 4503 3021 4554 porro,
3090 4503 3186 4541 seu
3236 4489 3480 4541 scientes
3553 4489 3878 4544 voluntates

471 4586 656 4634 autem
721 4578 1058 4650 hypostasin
1129 4578 1417 4631 dicamus.
1495 4573 1890 4633 Ἐνυπὸστατον
1953 4573 2103 4628 enim

2220 4575 2276 4630 in
2330 4583 2517 4630 neslra
2575 4583 2773 4629 natura
2834 4576 3022 4629 multa;
3082 4580 3236 4641 sunt,
3284 4575 3432 4630 alius
3485 4581 3643 4631 enim
3711 4581 3875 4632 homo

471 4669 533 4720 τὸ
572 4665 818 4738 ὑπάρχον
846 4665 1078 4732 dicitur,
1112 4666 1230 4719 sive
1260 4665 1340 4727 id,
1389 4665 1540 4733 quod
1571 4664 1868 4717 subsistit:
1909 4678 2111 4732 quem-

474 4757 788 4812 admodum
861 4759 1061 4808 contra
1119 4751 1481 4805 ἀνυπόστατον
1561 4750 1620 4804 id
1703 4751 1858 4820 quod
1915 4751 2109 4804 subsi-

474 4846 686 4902 stentia
739 4845 858 4898 sive
933 4843 1191 4897 essentia
1251 4845 1425 4905 caret,
1488 4846 1550 4893 ut
1623 4839 1977 4893 insomnium
2057 4843 2113 4893 et

471 4934 724 4992 essentia
744 4939 801 4989 et
831 4932 1210 4989 subsistentia
1239 4935 1394 4984 caret
1421 4945 1435 4982 :
1483 4927 1698 5000 quippe
1736 4927 1891 4998 quod
1924 4943 1956 4981 a
1989 4925 2113 4982 sola

471 5025 784 5099 phantasia
813 5021 1159 5093 dependeat.
1212 5017 1604 5074 Ἀνυπόστατον
1635 5025 1692 5072 et
1749 5014 2109 5087 ἀνυπάρκτον,

468 5125 522 5172 et
578 5114 824 5169 ἀνούσιον
873 5114 928 5168 id
981 5112 1175 5182 ipsum
1209 5115 1317 5176 est,
1362 5109 1515 5179 quod
1573 5107 1812 5161 verbum
1873 5106 2109 5177 quidem

468 5224 616 5277 saepe
650 5206 960 5277 profertur,
996 5200 1154 5256 nulla
1188 5206 1379 5255 tamen
1418 5199 1470 5251 in
1505 5195 1760 5251 essentia
1809 5198 1891 5250 vel
1927 5197 2110 5267 hypo-

467 5296 608 5352 stasi
688 5294 1072 5366 dignoscitur,
1145 5298 1205 5344 ut
1263 5304 1445 5356 mors,
1493 5287 1778 5341 infernus.
1831 5281 2106 5339 Ἐνούσιον

466 5392 666 5439 contra
713 5383 965 5438 dicimus
1009 5380 1094 5435 vel
1130 5379 1184 5433 id
1240 5378 1435 5449 ipsum
1471 5374 1630 5446 quod
1689 5381 1795 5443 est,
1857 5374 1942 5430 vel
1977 5391 2106 5444 pro-

471 5473 794 5543 prietatem,
824 5490 948 5544 quae
995 5471 1052 5525 in
1097 5468 1353 5524 essentia
1397 5465 1728 5530 innotescit,
1782 5471 1845 5517 ut
1886 5463 2106 5534 ingeni-

469 5565 596 5614 tum
627 5560 685 5614 in
719 5561 831 5615 Deo
873 5562 1057 5626 Patre,
1100 5559 1362 5630 genitum
1414 5553 1470 5610 in
1505 5554 1671 5620 Filio,
1728 5553 2016 5624 processio
2049 5553 2105 5605 in

471 5646 692 5720 Spiritu
725 5654 949 5716 sancto,
984 5651 1046 5702 ut
1075 5662 1255 5716 supra
1275 5644 1497 5699 dictum
1529 5647 1638 5698 est.

2224 4665 2482 4733 privatim
2532 4679 2724 4718 secum
2779 4679 2946 4734 agere
3004 4665 3137 4732 vult,
3187 4664 3334 4720 alius
3386 4666 3681 4730 adificare,
3732 4667 3876 4720 alios

2221 4769 2399 4822 arare,
2433 4753 2577 4808 alius
2611 4753 2896 4823 navigare,
2931 4761 2982 4807 et
3040 4755 3222 4808 caeteri
3271 4755 3652 4809 consimiliter
3686 4758 3876 4811 multis

2222 4841 2504 4910 guomicis
2550 4840 2930 4896 voluntatibus
3002 4857 3096 4896 seu
3151 4842 3452 4911 spontinis,
3516 4857 3631 4897 una
3690 4855 3874 4899 autem

2222 4930 2486 4997 naturali,
2533 4930 2638 4984 hoc
2693 4938 2777 4984 est
2833 4930 3058 4985 vivendi
3116 4931 3445 5000 cupiditate,
3505 4933 3733 5002 praediti
3785 4950 3873 4986 sa-

2223 5035 2366 5074 mus.
2405 5019 2518 5075 Nec
2550 5036 2679 5074 vero
2713 5018 2918 5073 frustra
2967 5029 3071 5084 est,
3125 5021 3270 5090 quod
3307 5021 3525 5074 homini
3557 5022 3734 5077 chara
3769 5025 3875 5076 vita

2220 5117 2322 5174 est,
2357 5109 2470 5163 imo
2516 5117 2715 5164 natura
2775 5123 2950 5164 unum
2999 5109 3137 5163 illud
3190 5109 3544 5179 signiﬁcans,
3607 5113 3760 5180 quod
3805 5115 3869 5166 ab

2220 5195 2380 5253 initio
2412 5197 2652 5252 habebat
2685 5197 2836 5268 (nata
2884 5199 3036 5252 enim
3087 5206 3170 5253 est
3207 5199 3278 5251 ad
3339 5199 3870 5272 immortalitatem),

2220 5288 2405 5357 ipsum
2448 5287 2649 5356 diligit,
2705 5293 2761 5342 et
2790 5295 2961 5342 amat.
3023 5287 3226 5342 Divina
3276 5285 3556 5353 voluntas,
3613 5294 3876 5345 mandata

2219 5375 2317 5431 Dei
2358 5383 2508 5431 sunt.
2546 5376 2827 5430 Naturalis
2883 5377 3142 5431 voluntas
3197 5384 3408 5430 natura:
3466 5378 3689 5433 ratione
3736 5397 3870 5447 prte-

2219 5465 2333 5518 dita
2367 5465 2508 5518 nihil
2557 5464 2711 5518 aliud
2767 5471 2871 5534 est,
2906 5481 3074 5536 quam
3137 5467 3341 5519 divina;
3375 5465 3518 5534 legis
3563 5475 3872 5524 exsecutio.

2218 5553 2494 5608 Voluntas
2545 5554 2789 5608 carnalis
2841 5553 2983 5609 nihil
3013 5553 3189 5618 aliud,
3253 5568 3419 5623 quam
3471 5555 3680 5610 divinas
3734 5559 3872 5629 legis

2217 5646 2602 5711 contemptus.
