4044 6212
175 350 330 411 1217

841 479 994 536 CAP.
1027 479 1149 536 XX.

180 589 331 661 Quid
352 587 780 661 ρνορνίριαδιάο
813 603 1051 658 quonam
1095 586 1353 661 dicatur.
1387 596 1440 661 et
1471 590 1602 661 quot
1631 578 1832 637 modis:

470 659 488 731 [
524 660 668 727 Quid
692 655 1024 732 hyposlusis;
1082 658 1213 729 quid
1240 655 1544 726 accidens.]

262 763 522 838 Ἰδίωμα,
584 783 687 822 seu
740 767 1063 838 proprietas
1122 765 1352 829 dicitur,
1407 762 1544 817 κατὰ
1597 761 1660 815 τὸ
1721 757 1831 814 ἰδία

183 857 327 911 εἶναι
359 850 476 928 ἅμα
503 861 571 923 τῆ
608 851 721 925 ἰδίᾳ
751 855 928 931 φύσει,
963 855 1158 928 ἀμιγὲς
1197 857 1304 908 τῶν
1368 849 1577 907 λοιπῶν
1631 850 1831 904 οὐσιῶν

183 945 454 1020 ὕπαρχον,
487 946 595 1001 hoc
623 950 714 1000 est.
746 945 879 1014 quia
909 947 1178 1017 privatim
1205 943 1450 1016 proprias
1481 947 1699 998 naturae
1751 942 1833 995 ita

180 1035 346 1101 insit,
371 1041 435 1090 ut
457 1049 583 1089 cum
617 1032 840 1090 caeteris
869 1035 1140 1089 essentiis
1172 1033 1405 1088 misceri
1456 1049 1567 1085 non
1625 1029 1830 1100 possit.

181 1127 199 1197 (
232 1125 621 1196 Proprietates
650 1125 804 1179 enim
837 1141 869 1178 a
897 1126 1123 1178 naturis
1174 1130 1222 1176 et
1283 1120 1699 1194 hypostasibus
1748 1138 1836 1175 sc-

183 1214 377 1285 parari
413 1229 529 1268 non
592 1214 858 1283 possunt)
917 1212 1037 1267 sive
1097 1210 1419 1282 proprietas
1481 1211 1537 1264 id
1601 1209 1836 1280 proprie

184 1309 291 1366 est,
335 1303 490 1373 quod
524 1302 714 1373 aliqua
766 1301 823 1356 in
877 1305 1081 1355 natura
1108 1299 1376 1369 privatim
1435 1299 1832 1370 cognoscitur,

183 1393 241 1448 in
295 1391 410 1447 alia
461 1406 593 1446 vero
642 1407 758 1444 non
829 1389 1254 1445 invenitur:ut
1303 1388 1462 1444 verbi
1513 1388 1718 1460 gratia,
1778 1389 1832 1441 in

191 1487 399 1537 natura
429 1481 626 1535 divina
659 1480 720 1536 id
742 1480 895 1550 quod
931 1484 1067 1534 ante
1115 1480 1350 1544 saecula,
1408 1477 1748 1540 increatum,
1783 1481 1836 1532 et

183 1569 803 1640 incircumscriptibile
838 1575 1086 1639 est,que
1110 1567 1346 1639 quidem
1384 1567 1481 1622 alii
1508 1565 1839 1637 cuicunque

182 1659 448 1714 essentia
481 1673 596 1713 non
631 1659 850 1723 insunt,
885 1674 956 1712 ne
983 1657 1094 1727 ipsi
1155 1656 1388 1727 quidem
1466 1655 1839 1711 sanctissimo

188 1747 401 1803 Christi
434 1747 680 1819 corpori,
712 1764 814 1802 nec
841 1747 996 1802 enim
1034 1753 1166 1802 ante
1213 1744 1426 1801 saecula
1471 1749 1581 1810 est,
1650 1760 1839 1816 neque

187 1836 537 1902 increatum,
590 1852 779 1908 neque
875 1833 1505 1905 incircumscriptibile.
1557 1832 1915 1906 Angelicaaﬁ

197 1931 421 1983 natura;
472 1925 792 1996 proprietas
851 1927 1104 1981 essentia
1159 1930 1249 1980 est
1298 1923 1667 1994 impasibilis,
1710 1939 1838 1993 qua:

194 2016 309 2072 sibi
340 2033 374 2072 a
401 2015 676 2072 laudibus
701 2021 818 2071 Deo
875 2015 1155 2070 canendis
1195 2013 1493 2069 silentium
1552 2012 1839 2083 imperare

189 2122 307 2161 non
339 2109 550 2177 potest.
578 2105 909 2176 Impatibile
942 2120 1112 2176 porro
1135 2103 1192 2158 in
1254 2102 1325 2157 iis
1381 2102 1434 2156 id
1487 2101 1630 2169 dixi,
1683 2102 1836 2172 quod

181 2195 522 2249 immortale
539 2201 646 2250 est.
681 2195 992 2265 Proprium
1028 2192 1283 2248 hominis
1316 2192 1373 2246 id
1433 2191 1667 2262 proprie
1725 2195 1833 2255 est,

185 2286 340 2356 quod
375 2300 441 2338 ex
478 2283 708 2339 mortali
746 2290 802 2340 et
833 2283 1150 2339 immortali
1184 2286 1389 2337 natura
1414 2285 1662 2346 constat,
1734 2295 1837 2333 nec

186 2373 248 2427 in
279 2372 393 2427 alia
437 2371 558 2427 ulla
607 2371 860 2428 essentia
917 2371 1314 2442 cognoscitur,
1347 2368 1654 2425 Naturales
1705 2386 1840 2439 pro-

191 2460 473 2532 prietates
504 2476 582 2516 ea
620 2471 775 2525 sunt,
831 2476 978 2530 quas
1042 2460 1169 2529 jam
1221 2458 1379 2514 dixi:
1441 2470 1580 2512 sunt
1625 2473 1758 2511 vero
1783 2461 1840 2510 et

187 2549 590 2622 bypostaticaa,
615 2553 676 2602 ut
696 2548 927 2615 albedo,
955 2547 1206 2615 simitas,
1264 2546 1592 2617 longitudo,
1629 2547 1836 2601 decur-

189 2638 362 2702 tatio,
393 2636 679 2706 viriditas,
725 2635 1098 2702 truculentia,
1145 2642 1202 2689 et
1256 2642 1459 2691 caetera
1513 2638 1567 2690 id
1628 2652 1837 2706 genus,

195 2744 323 2796 qua;
344 2727 620 2782 omnibus
652 2727 710 2780 in
734 2726 1077 2782 hominibus
1111 2726 1265 2782 haud
1316 2727 1491 2781 simili
1533 2727 1704 2782 modo
1750 2742 1840 2781 re-

192 2816 525 2887 periuntur,
574 2831 678 2870 nec
717 2815 874 2870 enim
951 2831 1151 2870 omnes
1209 2821 1346 2869 sunt
1429 2814 1688 2870 similes:
1726 2831 1839 2870 non

190 2919 401 2960 omnes
432 2908 572 2958 sunt
595 2904 927 2972 truculenti,
971 2921 1086 2960 non
1129 2921 1332 2960 omnes
1381 2905 1532 2960 ﬂavi.
1588 2905 1747 2962 Unde
1779 2906 1840 2959 ﬁt

192 2991 485 3057 etiam,ut
541 2993 881 3065 hypostasin
928 2993 1192 3049 nonnulli
1236 2993 1522 3065 privatum
1569 2999 1623 3049 et
1670 3010 1839 3066 pecu-

194 3080 398 3136 liarem
434 3081 1042 3139 characteristicarum
1086 3099 1185 3138 seu
1239 3084 1680 3156 ﬁgurativarum
1711 3101 1842 3155 pro-

189 3172 532 3242 prietatum,
601 3191 749 3244 quas
801 3175 1057 3245 praedixi,
1125 3191 1475 3231 concursum
1526 3166 1906 3256 deﬁniantq

186 3259 498 3316 Naturales
529 3270 721 3316 autem
785 3264 1169 3334 prOprietcttes
1215 3281 1280 3318 ex
1330 3281 1496 3336 irque
1560 3265 1616 3318 in
1674 3265 1831 3318 omni

186 3365 397 3416 genere
428 3350 814 3406 consimiliter
853 3353 1254 3418 inveniuntur,
1279 3359 1338 3408 ut
1374 3369 1580 3409 omnes
1632 3353 1834 3409 homi-

187 3456 292 3494 nes
326 3443 624 3508 mortales,
649 3442 947 3497 consimili
985 3445 1154 3497 modo
1215 3447 1420 3499 mortis
1451 3443 1706 3509 obnoxii,
1747 3461 1832 3498 ra-

179 3529 386 3598 tionis,
422 3531 847 3600 respirationis,
882 3532 1072 3588 somni
1105 3537 1160 3588 et
1181 3532 1592 3588 ambulationis
1613 3533 1838 3604 partici-

185 3635 291 3691 pes
355 3626 508 3686 sunt,
564 3637 771 3678 omnes
831 3622 963 3678 latis
1025 3623 1324 3694 unguibus
1354 3623 1604 3695 praediti,
1633 3640 1837 3679 omnes

195 3706 446 3778 denique
523 3708 914 3780 agricultura,
985 3709 1280 3765 artibusve
1373 3710 1596 3764 caeteris
1657 3710 1836 3764 dediti

192 3801 358 3852 sunt

839 3888 999 3946 CAP.
1056 3889 1197 3946 XXI.

724 3976 861 4044 Quid
918 3978 989 4034 sit
1037 3979 1316 4035 accidens.

265 4083 547 4140 Accidens
583 4085 820 4154 dicitur,
881 4087 935 4142 id
992 4089 1146 4159 quod
1204 4089 1369 4143 adest
1419 4087 1510 4142 vel
1561 4089 1750 4154 abest,
1780 4091 1842 4142 ut

191 4173 441 4229 infantia
482 4177 538 4230 et
585 4175 753 4231 adest
819 4180 875 4231 et
926 4177 1092 4232 abest
1156 4176 1525 4248 perfectionis
1597 4175 1838 4230 ratione.

187 4261 497 4317 Consimili
518 4263 682 4319 modo
730 4265 953 4320 sanitas
1004 4280 1236 4337 quoque
1271 4268 1535 4320 mutatur
1585 4269 1642 4318 et
1698 4279 1844 4318 mor-

191 4352 327 4419 bus,
358 4357 414 4406 et
442 4350 620 4420 calor,
644 4357 701 4407 et
731 4355 983 4421 siccitas,
1019 4359 1195 4426 atque
1246 4361 1304 4408 ut
1345 4370 1458 4408 uno
1517 4353 1688 4408 verbo
1739 4353 1841 4408 abo

190 4440 416 4498 solvam
443 4441 736 4513 quidquid
769 4443 1112 4498 commutari
1170 4446 1382 4515 potest,
1428 4443 1484 4498 id
1529 4443 1842 4499 accidentis

192 4531 498 4589 nominine
530 4532 914 4605 signiﬁcatur.

835 4641 983 4696 CAP.
1019 4640 1192 4697 XXII.

625 4730 700 4784 De
755 4732 1000 4802 επεν-σία,
1045 4746 1137 4787 seu
1168 4729 1404 4787 actione.

269 4835 517 4907 Energia
561 4836 780 4907 itaque,
827 4851 928 4893 seu
989 4839 1156 4905 actio,
1210 4842 1273 4892 ut
1324 4842 1562 4893 sanctus
1631 4841 1838 4910 Grego-

191 4922 319 4978 rius
352 4923 652 4993 Nyssenus
707 4926 920 4999 inquit,
982 4927 1267 4984 naturalis
1338 4933 1426 4983 est
1470 4927 1834 4998 singularum

189 5012 584 5069 essentiarum
635 5015 881 5071 facultas
941 5021 996 5071 et
1053 5025 1263 5085 motus,
1313 5018 1483 5088 cujus
1548 5034 1731 5074 unum
1777 5017 1834 5073 id

185 5117 395 5172 expers
418 5111 532 5170 est,
563 5104 718 5175 quod
747 5103 802 5159 in
847 5121 1044 5161 rerum
1090 5112 1299 5162 natura
1349 5124 1464 5162 non
1507 5114 1616 5163 est.
1672 5110 1833 5174 Quod

187 5189 346 5245 enim
369 5195 637 5246 essentia:
671 5191 923 5263 alicujus
949 5195 1239 5266 particeps
1267 5197 1630 5259 est,omnino
1661 5198 1837 5254 actio-

189 5277 283 5333 nis
342 5280 516 5334 etiam
570 5279 726 5335 illam
761 5282 1125 5353 designanlis
1200 5284 1488 5356 particeps
1519 5286 1646 5340 erit.
1692 5287 1837 5342 Vera

191 5367 480 5438 siquidem
511 5369 734 5425 ratione
758 5372 1126 5434 instruimur,
1169 5375 1553 5428 essentiurum
1607 5375 1749 5430 ﬁnes
1777 5375 1836 5430 in

188 5457 339 5513 veris
371 5473 576 5512 earum
622 5460 952 5518 actionibus
1001 5464 1337 5529 consistere,
1387 5462 1835 5534 intelligentiam

193 5551 390 5602 autem
425 5563 629 5604 eorum
670 5565 794 5620 qua
835 5551 1129 5608 intellectu
1161 5553 1435 5623 Ipmdita
1482 5558 1622 5607 sunt
1655 5553 1840 5608 actio-

194 5651 328 5691 nem
360 5651 511 5704 esse,
537 5643 600 5693 ut
626 5654 866 5695 sensum
897 5657 1096 5698 eorum
1152 5658 1278 5712 quis
1333 5641 1651 5707 sensibilis,
1719 5660 1839 5700 mo-

1525 343 1629 402 ΤΗ
1640 337 1934 401 ESAURI
1977 337 2134 398 LIB.
2182 337 2290 398 III.

1861 475 1910 540 Α
1946 472 2072 524 tum
2099 487 2301 526 eorum
2361 488 2489 542 quas
2577 472 2836 536 mobilia,
2891 472 3148 527 volatum
3211 489 3413 528 eorum
3466 491 3594 545 quas

3435 342 3591 402 ms
3641 425 3648 435 .

1936 557 2214 628 volatilia,
2276 561 2630 616 natationem
2710 577 2909 616 eorum
2991 579 3105 632 qua
3159 562 3443 629 natatilia,
3505 579 3597 617 re-

1938 648 2201 718 ptionem
2236 665 2434 706 eorum
2471 667 2591 719 quas
2616 649 3363 721 reptilia,illuminationem
3391 669 3593 706 eorum

1937 752 2068 807 quae
2102 737 2426 794 illuminari
2469 744 2742 810 possunt,
2780 741 3032 794 calorem
3081 755 3281 794 eorum
3331 739 3591 811 quaazca-

1940 825 2080 893 lida,
2106 826 2328 882 ﬂuxum
2357 845 2557 882 eorum
2584 846 2711 900 qua:
2774 829 2948 895 ﬂuxa,
3034 828 3587 899 contemplationem

1940 931 2326 986 eorum,quaa
2385 917 2866 988 contemplationi
2941 921 3160 986 patent,
3255 918 3586 987 generatio-

1940 1019 2070 1059 nem
2106 1020 2305 1060 eorum
2351 1021 2480 1077 quae
2528 1007 2888 1078 generationi
2941 1005 3191 1060 obnoxia
3242 1011 3402 1069 sunt,
3465 1023 3594 1062 esse

1940 1094 2212 1162 dicimus,
2245 1102 2439 1166 atque,
2476 1101 2539 1150 ut
2593 1096 2650 1150 in
2705 1095 3038 1150 universum
3089 1095 3300 1163 dicam,
3357 1096 3592 1167 ,nullius

1943 1197 2057 1236 non
2085 1187 2304 1236 naturae
2327 1183 2680 1255 significatio
2711 1190 2766 1239 et
2817 1185 3228 1238 determinatio
3261 1203 3292 1238 α
3335 1185 3592 1239 naturali

1937 1271 2067 1340 ejus
2097 1272 2730 1342 actioneconstituitur,
2763 1289 2879 1342 qua
2901 1272 3400 1341 sublata,prorsus
3463 1273 3588 1341 ipsa

1941 1375 2172 1430 quoque
2205 1367 2408 1416 natura
2436 1362 2776 1432 deperditur
2824 1369 2880 1416 et
2932 1363 3148 1416 interit.
3210 1361 3450 1416 Sublato
3484 1379 3588 1414 ca-

1941 1449 2083 1517 lore,
2115 1451 2264 1513 ignis
2287 1453 2692 1523 exstinguitur,
2728 1451 2956 1507 sublato
2992 1453 3314 1517 intellectu,
3346 1469 3424 1506 ea
3453 1469 3592 1522 quo-

1944 1553 2059 1608 que
2088 1544 2284 1608 partes
2306 1542 2510 1593 animm
2544 1539 2853 1603 tolluntur,
2889 1557 3018 1609 qua:
3049 1541 3353 1595 intellectu
3413 1546 3471 1596 et
3503 1559 3592 1594 ra-

1945 1625 2098 1680 tione
2117 1628 2368 1698 prazditas
2399 1633 2559 1695 sunt,
2605 1633 2766 1683 motu
2831 1629 2970 1682 item
3025 1628 3295 1682 animalis
3328 1629 3593 1699 sublato,

1945 1714 2286 1785 deperditur
2307 1717 2544 1772 animal.
2579 1717 2772 1787 anue
2804 1718 2875 1771 de
2899 1735 3078 1772 causa
3097 1721 3244 1773 duas
3279 1721 3333 1774 in
3364 1719 3594 1775 Christo

1948 1803 2276 1859 voluntates
2321 1809 2378 1859 et
2432 1806 2692 1860 actiones
2733 1807 3009 1870 dicimus,
3070 1823 3138 1860 ne
3197 1807 3591 1863 inanimatam

1946 1909 2180 1963 corpus,
2215 1895 2589 1966 animamque
2623 1897 2868 1950 rationis
2899 1901 3192 1966 expertem
3223 1897 3278 1951 in
3309 1897 3431 1966 ipso
3465 1914 3592 1952 con-

1941 1982 2235 2037 fiteamur.
2280 1983 2540 2038 Animati
2597 1983 2752 2037 enim
2803 1985 3032 2055 corpori
3067 1986 3217 2040 actio
3249 1987 3589 2041 deambula-

1941 2072 2098 2126 tione
2119 2075 2176 2126 et
2197 2071 2533 2142 operatione
2562 2089 2574 2126 :
2603 2071 2906 2127 rationalis
2936 2076 3130 2128 autem
3189 2075 3399 2128 animae
3439 2075 3588 2129 actio

1943 2159 2293 2230 cogitatione
2324 2159 2454 2229 ipsa
2485 2159 2784 2228 definitur,
2827 2177 2942 2230 qua
2971 2160 3264 2226 volumus,
3290 2161 3596 2217 ratiocina-

1949 2265 2092 2315 mur,
2113 2253 2169 2302 et
2191 2248 2620 2304 consultamus.

2017 2337 2129 2393 Nec
2154 2336 2210 2391 in
2253 2338 2530 2392 animatis
2553 2348 2602 2392 et
2638 2337 2954 2394 mobilibus
3013 2343 3262 2410 tantum,
3290 2341 3388 2396 sed
3437 2340 3490 2394 in
3529 2341 3597 2396 iis

1943 2426 2135 2494 etiam,
2189 2444 2317 2498 quae
2381 2428 2577 2482 anima
2648 2437 2922 2498 motuque
3017 2434 3234 2496 carent,
3301 2430 3596 2484 naturales

1944 2515 2202 2570 actiones
2235 2515 2594 2587 deprehendi
2617 2521 2884 2588 possunt,
2929 2519 3070 2571 utin
3114 2519 3591 2590 scammoniapa-

1945 2609 2045 2670 tet,
2075 2610 2128 2659 et
2161 2606 2383 2660 caeteris
2415 2607 2876 2678 expurgantibus
2903 2607 3401 2678 pharmacis,quae
3441 2625 3591 2681 qua:-

1946 2695 2078 2747 dem
2100 2694 2422 2748 evacuandi
2453 2694 2793 2749 facultatem
2829 2695 3077 2750 habent:
3119 2697 3255 2751 item
3285 2703 3590 2768 argentum

1947 2780 2135 2833 vivum
2162 2778 2357 2834 lethali
2397 2780 2622 2835 actione
2656 2781 2990 2851 praeditum:
3061 2786 3118 2836 et.
3175 2781 3366 2837 cicuta
3403 2782 3597 2836 consi-

1947 2868 2568 2941 militer,quanullum
2597 2871 2667 2925 ad
2719 2876 2963 2926 mortem
3027 2871 3392 2926 inferendam
3458 2889 3597 2943 prae-

1948 2957 2172 3014 sentius
2205 2975 2497 3014 venenum
2518 2964 2628 3013 est.

2019 3047 2190 3102 Nulla
2221 3065 2353 3102 vero
2387 3065 2500 3102 non
2535 3047 2920 3104 admiratione
2981 3048 3226 3119 dignum
3267 3054 3379 3113 est,
3435 3052 3588 3121 quod

1950 3136 2190 3191 diversa
2226 3137 2493 3208 quaedam
2555 3146 2770 3192 naturae
2816 3137 3156 3208 plerumque
3221 3139 3587 3194 naturalibus

1945 3227 2278 3282 actionibus
2332 3226 2591 3298 privatas,
2627 3227 2772 3280 alias
2831 3228 3087 3281 actiones
3141 3229 3389 3298 pariant,
3424 3229 3593 3284 utla-

1944 3314 2032 3388 pis
2058 3313 2268 3369 ardens
2292 3316 2518 3369 actione
2550 3315 2787 3384 triginta
2812 3316 3088 3385 privatur,
3124 3318 3249 3370 calx
3279 3316 3434 3371 enim
3466 3317 3593 3371 viva

1945 3404 2225 3458 factavim
2254 3419 2562 3472 corporum
2599 3404 2926 3459 adustivam
2949 3403 3058 3458 sibi
3084 3411 3592 3477 comparat,quem

1946 3492 2262 3548 admodum
2289 3493 2498 3546 cedrus
2529 3508 2765 3562 quoque
2801 3495 3014 3548 ardens
3054 3495 3281 3547 actione
3329 3497 3589 3564 quidem-

1946 3581 2196 3637 naturali
2234 3588 2290 3636 et
2341 3581 2685 3652 vegetativa,
2734 3585 2793 3636 et
2859 3582 3246 3653 germinativa
3306 3583 3588 3653 privatur,

1946 3671 2233 3727 actionem
2265 3687 2400 3725 vero
2438 3685 2538 3725 seu
2559 3670 2894 3725 facultatem
2917 3672 3262 3735 sanativam,
3299 3675 3354 3724 et
3374 3670 3588 3724 vermi-

1946 3760 2058 3815 bus
2083 3757 2376 3815 exitialem
2407 3757 2626 3814 emittit
2652 3775 2779 3827 quaa
2807 3759 3031 3812 cedrtsa
3055 3757 3287 3812 dicitur.

2549 3863 2704 3919 CAP.
2775 3863 2974 3918 XXIII.

2055 3953 2376 4024 Conjunctio
2404 3951 2533 4022 quid
2588 3956 2684 4024 est,
2744 3967 2991 4024 quanam
3029 3952 3094 4006 de
3140 3967 3217 4018 re,
3251 3956 3485 4022 quotque

2533 4021 2708 4076 modis
2748 4023 2989 4078 dicatur.

2019 4111 2362 4184 Conjunctio
2395 4109 2540 4167 nihil
2583 4109 2739 4165 aliud
2781 4115 2892 4176 est,
2939 4127 3116 4181 quam
3171 4111 3472 4168 familiaris
3500 4114 3589 4167 di-

1949 4203 2230 4259 stantium
2282 4215 2477 4254 rerum
2549 4215 2888 4254 concursus.
2972 4205 3020 4253 Α
3089 4201 3299 4255 Graecis
3397 4213 3590 4257 autem

1949 4292 2178 4361 dicitur,
2207 4285 2296 4342 διά
2323 4287 2385 4342 τὸ
2417 4287 2493 4348 εἰς
2547 4305 2558 4342 :
2589 4286 2643 4341 ἓν
2676 4288 2835 4356 ὦσαι,
2879 4289 3127 4344 τουτέστι
3186 4298 3492 4360 συνωτῆσαι
3525 4293 3591 4346 τὰ

1948 4382 2264 4456 πράγματα,
2298 4379 2406 4434 hoc
2436 4382 2524 4433 est
2541 4377 2680 4449 quia
2701 4379 2758 4433 in
2795 4395 2972 4434 unum
2998 4397 3089 4436 res
3107 4385 3276 4452 cogat
3332 4387 3387 4436 et
3430 4398 3593 4436 com-

1951 4471 2146 4544 pellat.
2167 4471 2450 4526 Caeterum
2473 4468 2808 4538 conjunctio
2843 4469 3190 4542 quintuplex
3237 4477 3346 4539 est,
3398 4473 3595 4525 confu-

1949 4561 2094 4628 siva,
2127 4557 2336 4615 utvini
2362 4561 2420 4612 et
2467 4571 2630 4628 aquis
2695 4573 2708 4612 :
2769 4556 3033 4627 divisiva,
3102 4563 3164 4613 ut
3211 4558 3467 4614 hominis
3525 4559 3598 4614 ad

1947 4650 2278 4707 hominem:
2326 4645 2766 4715 habitualis,ut
2824 4663 3055 4704 aurum.
3127 4647 3338 4704 Christi
3397 4653 3594 4704 autem

1947 4738 2281 4810 conjunctio
2305 4751 2481 4809 super
2504 4736 2606 4792 has
2649 4751 2853 4793 omnes
2907 4736 3267 4809 hypostatica
3317 4754 3420 4792 seu
3467 4755 3596 4807 pcr-

1946 4828 2168 4887 sonalis
2188 4827 2422 4883 dicitur.

2017 4917 2391 4992 Hypostatica
2424 4931 2594 4987 porro
2621 4916 3408 4986 conjunctioconcursusille
3451 4915 3593 4969 dua-

1948 5025 2077 5064 rum
2113 5017 2450 5064 naturarum
2482 5005 2608 5072 fuit,
2643 5004 2742 5076 qui
2777 5020 2880 5076 per
2935 5021 2995 5060 se
3035 5021 3254 5075 suaque
3285 5005 3342 5056 vi
3387 5004 3445 5056 in
3491 5001 3592 5056 Dei

1950 5097 2279 5155 Genetricis
2312 5098 2478 5149 utero
2513 5093 2640 5148 fuit.

2019 5189 2218 5258 Neque
2247 5184 2400 5239 enim
2426 5199 2638 5253 corpus
2683 5192 2812 5237 ante
2876 5185 2970 5238 Dei
3024 5183 3260 5236 verbum
3311 5182 3599 5248 substitit,

1954 5293 2136 5347 neque
2169 5274 2387 5338 anima,
2420 5273 2519 5325 sed
2557 5271 2732 5325 simul
2759 5278 2930 5341 atque
2957 5273 3105 5325 facta
3135 5277 3222 5326 est
3256 5286 3409 5338 caro,
3449 5275 3597 5324 Deus

1951 5381 2185 5441 quoque
2212 5362 2491 5430 Verbum,
2527 5369 2698 5431 atque
2738 5361 2994 5415 animata
3058 5378 3189 5415 caro
3236 5361 3600 5432 rationisque

1954 5458 2262 5531 particeps.
2310 5454 2372 5507 In
2426 5452 2549 5521 ipso
2605 5450 2758 5505 enim
2809 5451 3096 5519 subsistit,
3164 5455 3224 5505 ut
3290 5449 3433 5505 mihi
3466 5450 3597 5522 qui—

1951 5549 2083 5603 dem
2111 5543 2363 5608 videtur,
2394 5539 2901 5610 quemadmodum
2928 5543 3126 5595 nostra
3184 5556 3418 5612 quoque
3464 5555 3600 5596 con—

1951 5634 2168 5707 captio.
