4066 6208
462 369 621 430 1210

1782 369 1824 424 Ν
1839 363 2089 425 ΙΟΕΤᾸΞ
2131 361 2551 426 ΟΗΟΝΙΑΤΕ

3719 362 3884 424 1120

529 503 748 558 Anima
796 502 952 556 enim
1003 515 1106 570 per
1161 516 1221 555 se
1263 499 1437 569 vique
1486 515 1594 554 sua
1639 503 1927 553 exsistens
1975 511 2107 550 cum
2141 496 2192 560 Α
2222 503 2370 551 terra
2389 504 2654 566 corrupta
2682 499 3051 565 eratpecoalo
3077 491 3144 550 ⁶⁹.
3209 497 3352 548 Item
3411 495 3484 549 de
3535 494 3878 550 hominibus

460 607 701 663 corpore
733 590 1046 645 concurrit.
1110 588 1226 643 Nec
1258 589 1411 643 enim
1469 603 1681 658 corpus
1709 602 1808 656 per
1846 584 2108 655 seipsum

462 680 862 747 constituitur,
897 696 1001 733 nec
1035 679 1230 732 anima
1273 677 1500 748 corpori
1555 675 1921 747 prmexsistit,
1985 689 2110 744 quis

459 770 691 839 quidem
729 767 1207 837 coujunctioncm
1285 765 1502 820 Christi
1539 764 1692 820 velut
1757 764 2107 835 praefigurat.

1103 899 1252 955 CAP.
1281 898 1470 954 XXIV.

459 1028 819 1082 Homoousion
869 1041 966 1080 seu
1021 1023 1471 1080 consubtantiale
1527 1022 1680 1094 quid,
1751 1037 1991 1093 quanam
2047 1019 2112 1074 de

850 1114 930 1165 re,
960 1107 1199 1168 quotque
1244 1096 1421 1150 modis
1469 1095 1712 1150 dicatur.

529 1221 884 1278 Homousion
908 1222 968 1278 id
991 1223 1226 1294 quidem
1261 1225 1372 1286 est,
1427 1221 1578 1293 quod
1642 1219 1906 1291 ejusdem
1969 1220 2104 1273 sub-

455 1313 684 1368 stantia
715 1318 770 1366 et
811 1311 1058 1366 actionis
1081 1311 1224 1366 citra
1255 1311 1773 1365 commutationem
1817 1308 2106 1379 particeps

454 1408 562 1471 est,
599 1407 661 1456 ut
694 1405 866 1457 homo
885 1401 1132 1469 homini,
1166 1401 1407 1471 angelus
1441 1400 1672 1472 angelo,
1716 1397 1932 1454 animal
1975 1399 2103 1452 ani-

455 1489 616 1556 mali,
653 1491 891 1544 liamma
924 1489 1169 1544 ﬂammae
1199 1507 1210 1544 :
1239 1488 1761 1544 consubstantialia
1804 1492 2101 1554 sunt,cum

455 1579 704 1634 diversis
739 1583 795 1633 in
830 1577 1245 1650 hypostasibus
1282 1577 1543 1632 eamdem
1590 1578 1845 1631 habeant
1903 1592 2103 1630 essen-

450 1667 615 1721 tiam.
658 1666 884 1721 Dicitur
915 1670 1110 1722 autem
1155 1663 1470 1737 ὁμοοῦσιον,
1503 1667 1642 1736 quia
1667 1667 1931 1720 eamdem
1992 1662 2102 1718 sibi

454 1755 775 1809 essentiam
810 1755 1044 1825 vimque
1064 1757 1441 1826 comparavit.
1479 1754 1738 1816 Quatuor
1777 1770 1948 1825 porro
1979 1768 2104 1806 mo-

2217 585 2375 641 huno
2432 589 2487 640 in
2545 586 2788 642 modum
2832 586 3008 639 verba
3054 585 3214 641 facit.
3277 582 3542 653 Cor-rupti
3610 587 3766 651 sunt,
3823 591 3878 640 et

2216 681 2616 736 abominabiles
2641 681 2781 750 farti
2808 683 2938 734 sunt
2993 679 3053 732 in
3109 678 3603 733 adinventionibus
3655 681 3776 732 suis
3807 678 3873 733 τ’.

2215 773 2487 836 Superest
2523 785 2682 841 ergo,
2736 775 2802 824 ut
2849 785 2978 823 cum
3029 769 3202 822 audis
3249 769 3542 822 doctorem
3606 765 3877 822 incorru-

2217 856 2418 928 ptibile
2449 857 2912 928 Dominicorpus
2961 857 3251 912 dicentem
3313 860 3628 925 antequam
3691 858 3882 910 cruci-

2217 947 2513 1017 ﬁgeretur,
2570 955 2629 1000 ut
2715 945 2927 1014 peccati
3001 945 3438 1014 corruptionem
3545 942 3875 1016 intelligas.

2219 1037 2360 1093 Dicit
2377 1042 2570 1092 autem
2587 1033 2857 1110 ἄφθαρτον
2870 1033 3193 1104 incorrupti
3205 1031 3467 1100 bile,sive
3479 1031 3871 1100 Αὖτεξοῦσιὺν,

2213 1126 2321 1181 hoc
2353 1132 2442 1181 est
2470 1125 2882 1197 impollutum:
2918 1141 3024 1179 non
3079 1127 3275 1178 autem
3333 1126 3476 1192 quia
3533 1123 3870 1177 subtilitate

2213 1215 2408 1286 aliqua
2439 1219 2540 1269 aut
2569 1232 2602 1269 a
2630 1215 2844 1270 nostris
2874 1213 3217 1284 corporibus
3275 1212 3615 1267 diversitate
3666 1212 3875 1281 pradi-

2211 1310 2335 1360 tum
2371 1305 2568 1371 fuerit,
2627 1305 2771 1360 Nam
2824 1302 3268 1374 incorruptibila
3342 1303 3580 1374 proprie
3621 1303 3677 1356 id
3753 1310 3870 1366 est,

2212 1398 2365 1468 quod
2391 1397 2463 1452 ab
2494 1398 2652 1452 omni
2716 1397 3009 1467 passione,
3068 1394 3328 1460 materia,
3380 1401 3436 1449 et
3497 1399 3662 1449 tactu
3720 1393 3868 1448 libe-

2211 1502 2340 1541 rum
2399 1495 2505 1542 est.
2569 1485 3010 1553 lncorruptibile
3080 1485 3137 1538 id
3219 1484 3393 1540 etiam
3461 1489 3573 1550 est,
3604 1485 3766 1552 quod
3803 1486 3874 1540 ab

2211 1575 2323 1631 alia
2371 1574 2627 1630 essentia
2677 1573 2804 1629 laedi
2848 1590 2960 1629 non
3025 1577 3234 1642 potest.
3316 1573 3785 1644 lncorruptibile
3815 1574 3875 1627 id

2211 1680 2462 1734 quoque,
2489 1663 2642 1734 quod
2673 1662 3149 1718 modisomnibus
3203 1678 3236 1716 a
3286 1665 3466 1725 ﬂuxu,
3514 1661 3784 1728 defectu,
3821 1669 3880 1717 et

2210 1753 2445 1808 lmsione
2477 1752 2722 1807 liberum
2751 1758 2857 1806 est.
2905 1751 3083 1820 Atqui
3143 1750 3587 1805 sanctissimum
3646 1749 3876 1805 Christi

451 1842 539 1896 dis
573 1843 790 1896 dicitur
812 1842 1132 1913 ὁμοούσιον,
1186 1843 1305 1897 sive
1356 1845 1409 1897 id
1473 1842 1629 1913 quod
1689 1842 1951 1913 ejusdem
2011 1843 2100 1895 est
2127 1863 2176 1927 Β
2212 1857 2423 1911 corpus
2449 1857 2685 1911 passum
2719 1845 2807 1895 est
2823 1840 3002 1894 clavis
3037 1839 3380 1894 confossum
3405 1844 3463 1893 et
3498 1839 3570 1894 de
3634 1839 3870 1905 lancea,

451 1932 816 1998 substantiis,
853 1933 1158 2000 nimirum,
1193 1932 1472 2007 δμογενὶς,
1529 1933 1792 2003 ejusdem
1853 1931 2097 2002 generis,

454 2018 728 2092 συγγενὲς,
759 2026 1091 2091 cognatum,
1119 2021 1438 2094 ὁμοιογενὶς
1479 2020 1692 2076 similis
1742 2019 1996 2090 generis,
2043 2022 2099 2073 et

449 2107 733 2184 ὁμόφυλσν
779 2111 1041 2179 ejusdem
1079 2112 1288 2166 tribus.
1354 2109 1712 2165 Homousion
1765 2114 1874 2178 est,
1939 2107 2096 2178 quod

447 2199 709 2270 potentia
745 2199 942 2254 minus
976 2200 1101 2269 ipsa
1131 2201 1221 2255 sui
1255 2201 1512 2255 essentia
1546 2204 1654 2267 est,
1715 2206 1776 2252 ut
1824 2196 1974 2269 lapis
2004 2213 2100 2252 ca-

443 2287 636 2342 riosus
669 2292 724 2341 et
753 2288 902 2359 lapis
937 2289 1144 2351 durus,
1197 2289 1280 2344 ita
1342 2293 1399 2343 et
1458 2287 1682 2360 lignum
1745 2286 1971 2359 palmae,
2025 2285 2096 2340 li-

447 2392 624 2444 gnum
660 2377 996 2442 ebeninum,
1031 2377 1172 2432 item
1215 2395 1346 2432 caro
1385 2379 1561 2450 piscis
1595 2382 1650 2431 et
1707 2393 1836 2431 caro
1869 2374 2093 2430 cameli.

445 2463 848 2533 Heterousion,
883 2483 984 2520 seu
1032 2465 1664 2531 diversisulnstantiale,
1712 2465 1767 2519 id
1802 2471 1889 2520 est
1939 2465 2090 2535 quod

459 2554 648 2608 modis
672 2555 946 2609 omnibus
977 2554 1075 2609 alii
1135 2556 1427 2611 dissimile
1484 2561 1571 2611 est
1624 2563 1688 2609 ut
1735 2555 1912 2626 ignis,
1944 2570 2096 2623 aqua

458 2647 514 2696 et
541 2642 734 2708 homo,
771 2644 920 2698 Deus
951 2652 1003 2698 et
1053 2644 1318 2715 angelus,
1381 2645 1567 2700 lutum
1618 2649 1674 2700 et
1721 2643 1803 2699 sol
1847 2644 1916 2697 ad
1972 2659 2098 2714 gra-

451 2751 582 2789 mcn
617 2735 1053 2806 proferendum.
1090 2736 1450 2802 Hemiusion,
1503 2735 1612 2790 hoc
1668 2739 1757 2791 est
1803 2735 2090 2790 semisub~

446 2823 739 2891 stautiale,
767 2845 796 2879 a
828 2825 1184 2896 quibusdam
1221 2827 1464 2881 cadaver
1495 2826 1720 2880 dictum
1771 2830 1919 2889 est,a
1978 2841 2091 2895 quo

445 2919 562 2971 vita
592 2914 898 2968 abscessit.
965 2913 1304 2991 Έτεροφυὶς,
1366 2921 1424 2970 et
1473 2911 1768 2990 ἀλλογενές
1798 2919 1854 2969 et
1907 2911 2092 2984 ἕτερο-

440 3002 608 3076 γενὲς,
643 3008 700 3057 et
726 3002 836 3058 hoc
867 3008 956 3059 est
995 3005 1234 3060 diversa:
1299 3010 1542 3067 naturae,
1605 3003 1851 3058 alterius
1906 3003 2090 3057 diver-

442 3093 610 3161 sique
642 3091 871 3162 generis
930 3097 1246 3166 utrumqus
1297 3095 1526 3150 diversa
1583 3092 1835 3148 essentia
1881 3092 2091 3163 praedi-

440 3185 567 3235 tum
602 3181 835 3249 dicitur,
872 3183 1145 3240 nimirum
1167 3184 1272 3240 hoc
1302 3189 1359 3239 et
1406 3184 1572 3254 illud,
1605 3185 1722 3239 sive
1753 3183 1944 3238 ambo.

1093 3307 1248 3364 CAP.
1310 3307 1484 3364 XXV.

444 3434 722 3490 Innovatio
779 3433 912 3508 quid
965 3448 1235 3504 quamque
1290 3433 1606 3486 necessaria
1657 3434 1778 3492 eius
1825 3434 2080 3500 cognitio.

515 3576 817 3633 lnnovatio
869 3576 1088 3630 dicitur
1144 3575 1430 3646 quidquid
1485 3574 1673 3630 modis
1729 3575 2004 3632 omnibus
2056 3593 2088 3631 a

439 3667 766 3722 communis
802 3665 1170 3733 naturalege
1229 3665 1605 3718 immutatum
1641 3673 1748 3727 est,
1809 3681 1910 3720 nec
1971 3663 2091 3720 ulla

437 3757 495 3810 in
531 3772 590 3810 re
612 3756 878 3811 assimile
908 3758 996 3810 est
1019 3754 1093 3822 ei,
1151 3755 1305 3826 quod
1359 3754 1512 3810 inter
1568 3754 1838 3809 homines
1893 3772 2000 3810 usu
2032 3759 2090 3810 et

437 3845 864 3900 consuetudine
946 3843 1197 3899 invaluit
1285 3851 1335 3897 et
1381 3842 1635 3898 inolevit.
1731 3845 1830 3898 Hic
1888 3849 2082 3899 autem

443 3935 653 3988 modus
701 3933 1028 3990 necessario
1089 3932 1456 4000 ediscendus,
1543 3938 1650 4002 est,
1713 3939 1946 4004 propter
1983 3949 2084 3988 eos

440 4025 538 4094 qui
587 4023 737 4078 male
801 4022 1230 4078 innovationem
1293 4023 1350 4075 in
1429 4021 1656 4077 Christo
1725 4021 2080 4093 intelligunt.

442 4113 562 4166 Etsi
592 4113 743 4167 enim
772 4116 979 4166 natura
1009 4112 1326 4175 innovavit,
1380 4127 1510 4165 cum
1547 4110 1672 4166 sine
1725 4111 1946 4167 semine
1986 4129 2083 4166 na-

439 4207 534 4255 tus
563 4210 669 4265 est,
704 4219 736 4255 a
768 4206 934 4272 partu
969 4209 1161 4255 tamen
1196 4201 1382 4256 astatis
1422 4201 1868 4268 incrementum,
1931 4200 2081 4256 mul-

434 4293 612 4360 taque
670 4290 1013 4360 corporibus
1064 4290 1342 4344 humanis
1419 4289 1760 4355 accidentia,
1822 4290 2083 4345 ciborum

430 4379 794 4450 ingestiones
826 4383 884 4433 et
911 4378 1267 4448 egestiones,
1328 4379 1856 4445 circumcisionem,
1896 4384 2085 4434 trans-

431 4467 856 4538 migrationem,
894 4468 1163 4531 formam,
1195 4467 1476 4534 membra,
1532 4466 1898 4537 capillorum,
1939 4469 2081 4524 den-

2212 1931 2554 2001 sanguinem
2588 1934 2645 1983 et
2668 1945 2882 1999 aquam
2915 1927 3131 1995 emisit,
3165 1931 3221 1980 et
3251 1927 3377 1981 vivo
3412 1925 3672 1997 denique
3705 1944 3870 1982 mor-

2210 2026 2379 2076 tuum
2426 2021 2629 2076 evasit.
2692 2019 3084 2090 Corruplibile
3151 2022 3260 2081 est,
3334 2019 3626 2088 quidquid
3694 2021 3873 2074 morti

2208 2111 2520 2167 obnoxium
2557 2128 2590 2165 a
2620 2111 2736 2165 vita
2767 2109 3024 2181 separari
3065 2114 3277 2178 potest.
3319 2109 3631 2178 Corruptio
3663 2115 3866 2164 autem

2208 2205 2528 2266 natm-aut
2576 2205 2821 2255 sanctus
2880 2199 3193 2270 Dionysius
3251 2197 3511 2262 ait,nibil
3547 2196 3712 2252 aliud
3744 2203 3859 2264 est,

2207 2308 2384 2363 quam
2418 2291 2792 2346 imbecillitas
2841 2295 2899 2346 et
2941 2291 3204 2345 defectus
3259 2288 3629 2344 naturalium
3696 2289 3865 2342 habi-

2205 2387 2396 2448 tuum,
2421 2382 2717 2436 actionum
2745 2387 2802 2435 ot
2843 2379 3207 2435 facultatum.
3239 2377 3307 2433 Ut
3364 2385 3562 2433 autem
3622 2378 3870 2450 quibus-

2206 2471 2334 2525 dam
2372 2469 2608 2542 placuit,
2669 2467 3122 2524 sanctissimum
3167 2467 3381 2521 Christi
3432 2483 3654 2536 corpus
3717 2474 3873 2537 pote-

2205 2564 2354 2614 state
2385 2559 2620 2630 quidem
2651 2557 2966 2630 corruptile
2997 2561 3140 2626 erat,
3176 2557 3286 2611 hoc
3308 2561 3399 2610 est
3460 2557 3870 2628 corruptionis

2205 2664 2421 2717 capax:
2482 2653 2611 2703 actu
2673 2663 2804 2702 vero
2865 2645 3310 2717 incorruptibils
3348 2645 3405 2698 in
3467 2650 3866 2702 monumento

2206 2754 2239 2793 a
2270 2738 2430 2794 Verbi
2466 2736 2769 2791 divinitate
2800 2741 3206 2790 conservatum
3239 2742 3348 2791 est.

2820 2917 2973 2971 CAP.
3018 2913 3242 2972 XXVII-

2738 3081 2810 3134 De
2863 3078 3003 3133 libro
3054 3078 3308 3134 arbitrio.

2273 3237 2650 3308 Αὒτεξούσιον,
2719 3255 2820 3294 seu
2891 3237 3139 3293 liberum
3218 3236 3551 3300 arbitrium,
3650 3243 3746 3291 est
3794 3236 3851 3290 τό

2187 3327 2585 3392 αὐτοδέσποτον
2615 3327 2724 3384 hoc
2774 3332 2864 3382 est
2920 3327 3074 3396 quod
3130 3325 3190 3380 in
3239 3325 3530 3397 cujusque
3572 3332 3857 3394 potestate

2189 3420 2366 3476 eitum
2400 3423 2507 3475 est.
2544 3417 2706 3485 Quod
2739 3417 2897 3473 enim
2926 3415 3520 3485 Dominosubjectum
3556 3419 3678 3485 est,
3707 3415 3848 3471 liber

2187 3509 2418 3566 arbitrii
2439 3526 2554 3566 non
2583 3516 2690 3564 est.

2257 3633 2686 3705 Αὗτιξουσιότης
2743 3647 2903 3702 ergo,
2965 3646 3068 3686 seu
3120 3628 3350 3684 arbitrii
3394 3629 3668 3696 libertas,
3710 3646 3849 3701 pro-

2189 3727 2309 3798 prie
2339 3729 2445 3791 est,
2481 3723 2660 3778 libera
2693 3738 2795 3776 nec
2812 3719 2989 3776 ullius
3021 3717 3407 3775 dominationi
3465 3719 3712 3774 subdita
3774 3721 3845 3772 ad

2188 3830 2306 3869 rem
2339 3811 2710 3882 concupitum
2742 3807 3088 3863 dominatio.

2259 3931 3188 3994 Arbitriilibertasintellectualis
3220 3933 3451 3996 animae,
3512 3935 3602 3986 est
3660 3931 3849 3987 libera

2187 4028 2412 4099 cupidae
2441 4025 2623 4097 partis
2656 4023 2862 4078 anima:
2895 4021 2968 4078 ad
2998 4022 3273 4076 virtutem
3307 4019 3392 4075 vel
3419 4021 3629 4074 vitium
3669 4021 3845 4075 incli-

2189 4117 2344 4174 natio
2377 4121 2432 4172 et
2465 4121 2675 4170 motus.
2713 4113 2818 4169 Ubi
2850 4118 3046 4167 autem
3085 4111 3249 4166 nulla
3303 4111 3538 4165 virtutis
3595 4116 3653 4165 et
3721 4111 3846 4166 vitii

2189 4223 2387 4280 pugna
2413 4204 2614 4272 est,ibi
2642 4219 2828 4275 neque
2861 4200 3085 4256 arbitrii
3121 4201 3332 4255 animle
3389 4199 3636 4255 libertas
3669 4199 3846 4255 inno-

2187 4303 2404 4352 tescere
2438 4298 2642 4364 potest.
2674 4291 2780 4356 Qui
2807 4290 2962 4346 enim
2998 4289 3120 4344 ﬁeri
3153 4293 3364 4360 potest,
3399 4293 3462 4342 ut
3515 4287 3598 4341 ibi
3660 4288 3849 4344 libera

2187 4385 2502 4441 voluntatis
2535 4381 2738 4438 electio
2759 4383 3051 4453 appareat,
3100 4379 3198 4434 ubi
3259 4377 3687 4434 confratoriom
3716 4395 3845 4434 cer-

2186 4473 2393 4530 tamini
2424 4472 2583 4528 locus
2608 4471 2808 4526 nullus
2831 4478 2921 4525 est
2949 4469 3112 4524 1801a
3165 4468 3363 4539 itaque
3395 4467 3613 4522 Christi
3650 4483 3845 4535 mens,

433 4555 582 4611 tium
616 4562 672 4610 et
705 4557 990 4625 unguium
1026 4556 1513 4621 excrescentibus,
1535 4556 2074 4627 balbutiem,pueri-
2115 4585 2155 4648 Β
2188 4569 2244 4619 et
2275 4562 2654 4617 sanctissima
2674 4562 2804 4630 ejus
2826 4560 3044 4628 anima,
3098 4558 3171 4612 ab
3202 4556 3362 4611 omni
3433 4555 3576 4610 mali
3617 4572 3840 4627 suggeo

437 4643 639 4711 lesque
669 4644 1213 4697 deainbulationes:
1250 4643 1388 4708 hinc,
1435 4645 1699 4715 inquam,
1751 4645 1947 4700 omnia
1980 4661 2079 4715 per

440 4731 867 4786 innovationem
905 4750 1017 4785 non
1052 4732 1275 4797 hubuit,
1299 4734 1398 4786 sed
1456 4734 1527 4788 ad
1578 4735 1756 4788 nostri
1801 4733 2080 4788 similitu-

433 4821 630 4876 dinem
669 4822 907 4892 dempto
967 4825 1222 4892 peccato,
1295 4823 1792 4891 quemadmodum
1864 4821 2078 4878 Paulus

429 4909 736 4968 exclamat.

1078 5017 1234 5072 CAP.
1266 5019 1472 5074 XXVI.

609 5143 982 5208 Corruplibite
1035 5144 1191 5269 quiat,
1240 5144 1410 5268 ainde,
1443 5152 1672 5216 quotque
1700 5143 1894 5199 modis.

1173 5230 1256 5269 ica
1285 5231 1372 5269 ur.

1173 5230 1372 5272 icatur.

503 5343 807 5414 Corruptio
866 5341 1095 5398 duobus
1149 5341 1338 5396 modis
1403 5356 1570 5397 sacra
1661 5341 1718 5396 in
1779 5342 2077 5415 Scriptura

431 5429 668 5495 dicitur,
736 5431 1011 5485 nimirum
1074 5429 1334 5502 corporis
1413 5434 1470 5486 et
1526 5431 1759 5500 animae,
1832 5438 1896 5488 ut
1943 5451 2075 5490 cum

430 5516 572 5571 dicit
607 5534 618 5570 :
652 5519 789 5574 Vidit
819 5533 1006 5576 autem
1049 5520 1309 5576 Dominus
1335 5522 1498 5587 Deus,
1525 5525 1577 5576 et
1633 5537 1755 5578 ecce
1822 5527 2080 5580 universa

501 5647 548 5682 ⁸⁸
571 5646 713 5703 Gen.
776 5665 850 5720 v1,
912 5653 996 5704 12.
1051 5652 1096 5685 το
1141 5653 1294 5708 Psal.
1342 5671 1459 5724 xm,
1511 5654 1562 5709 4.
1597 5654 1640 5688 τί
1693 5656 1850 5714 Joan.
1892 5674 1943 5714 v.
1991 5659 2075 5731 19,

2188 4653 2376 4709 stione
2404 4648 2684 4704 immunis
2716 4653 2774 4702 et
2807 4648 2990 4702 libera
3049 4647 3176 4700 fuit.
3231 4645 3389 4700 Servi
3439 4645 3598 4699 enim
3648 4645 3843 4700 forma

2188 4746 2332 4807 erat,
2367 4757 2493 4810 quis
2526 4744 2806 4809 tanquam
2833 4737 3081 4791 habenis
3131 4741 3188 4791 et
3244 4735 3486 4804 imperio
3532 4733 3636 4788 Dei
3677 4736 3842 4789 verbi

2188 4830 2519 4901 regebatur,
2551 4826 2651 4898 qui
2695 4826 2927 4897 quidem
2983 4827 3036 4880 ei
3093 4824 3446 4895 conjunctus
3482 4827 3629 4877 erat.
3684 4825 3842 4891 Quo-

2186 4920 2339 4974 circa
2368 4917 2543 4974 homo
2586 4915 2684 4971 ille
2727 4915 2980 4981 dicebat,
3022 4915 3123 4985 qui
3167 4915 3239 4970 de
3294 4914 3597 4968 Servatore
3659 4914 3840 4969 intel-

2184 5007 2404 5079 ligitur:
2431 5007 2543 5063 Non
2564 5021 2781 5078 possum
2807 5020 2902 5075 ego
2935 5003 2993 5058 in
3013 5001 3742 5073 meipsaiacerequidquam
3773 5003 3840 5056 τί.

2186 5100 2331 5151 Cum
2358 5096 2512 5151 enim
2544 5111 2724 5166 supra
2749 5101 2968 5148 natura:
3001 5095 3211 5147 nostris
3249 5091 3533 5146 terminos
3573 5094 3634 5146 et
3676 5090 3841 5163 leges

2186 5183 2312 5238 sine
2356 5183 2580 5238 semine
2631 5179 2968 5248 subsistere,
3014 5184 3081 5234 ut
3153 5179 3254 5249 qui
3324 5177 3424 5233 Dei
3503 5194 3728 5250 corpus
3787 5182 3844 5233 et

2186 5273 2382 5328 anima
2405 5274 2560 5327 esset
2580 5269 2812 5326 Domini
2845 5268 3015 5323 nutui
3036 5266 3345 5323 confestim
3389 5266 3696 5336 subjectus
3729 5274 3840 5335 est,

2188 5367 2466 5431 tanquam
2507 5361 2599 5415 Dei
2625 5360 2806 5414 forma
2831 5357 3126 5427 praeditus.

2262 5468 2582 5539 Sequuntur
2609 5465 2951 5521 diversorum
2982 5465 3214 5519 Patrum
3282 5463 3348 5518 ds
3417 5462 3842 5518 incarnationis

2187 5558 2650 5630 dispensationem
2682 5555 3029 5610 assertionss.
