4066 6208
240 379 390 442 1221

844 503 1000 559 CAP.
1034 501 1297 557 XXVIII.

243 621 307 674 Β.
347 613 600 685 Dionysii
645 611 984 685 Areopagitae
1010 609 1143 685 :_De
1173 607 1363 685 divine
1421 607 1810 685 inquietatione
1831 620 1904 660 ca:

548 701 669 755 cap.
706 685 725 736 1
767 677 1076 737 ὓθίάίυὶηἱε
1111 677 1434 735 nominibus
1467 679 1597 746 t28).

319 799 364 850 l.
393 791 718 849 Thearchia
739 789 862 857 illa,
886 805 989 843 seu
1015 803 1249 842 summa
1271 786 1898 851 divinitas,humanum

245 901 429 957 genus
463 879 747 953 singulari
777 878 1028 948 quodam
1066 894 1262 932 amore
1305 875 1682 947 prosequitur
1715 891 1727 927 :
1763 879 1900 944 puta

248 989 376 1044 quae
409 988 476 1026 ea
507 970 768 1035 omnino,
804 967 1021 1038 quibus
1066 964 1303 1020 obnoxii
1364 981 1594 1029 sumus,
1629 964 1686 1017 in
1720 963 1896 1034 hypo-

249 1067 478 1115 staseon
523 1073 761 1114 suarum
797 1072 911 1110 una
936 1052 1203 1120 subierit,
1238 1053 1559 1108 humanam
1617 1050 1897 1104 vilitatem

248 1167 348 1205 seu
376 1149 761 1220 abjcctionem
797 1147 864 1199 ad
893 1145 1147 1216 seipsam
1173 1159 1448 1198 revocans
1479 1150 1530 1197 et
1584 1142 1896 1205 asciscens,

247 1257 315 1294 ex
347 1255 462 1309 qua
491 1234 773 1291 ineffabili
797 1233 1018 1288 ratione
1047 1233 1146 1303 qui
1178 1231 1422 1302 simplex
1447 1234 1534 1285 est
1558 1229 1729 1285 Jesus
1750 1246 1901 1284 com-

251 1329 481 1398 positus
509 1329 616 1390 est,
649 1330 704 1377 et
726 1322 826 1394 qui
858 1326 1108 1376 aeternus
1141 1326 1248 1386 est,
1284 1319 1564 1391 temporis
1610 1319 1900 1373 extensio-

251 1432 388 1470 nem
437 1414 678 1470 ascivit:
741 1418 952 1466 nostra:
1010 1409 1262 1480 denique
1314 1415 1531 1463 natura;
1583 1407 1798 1462 ﬁnibus
1853 1408 1900 1462 is

251 1509 570 1560 contentus
595 1505 704 1566 est,
737 1501 838 1573 qui
885 1496 1362 1570 superessentiali
1411 1498 1632 1551 ratione
1667 1515 1898 1552 omnem

257 1593 546 1648 universae
568 1597 786 1644 natura:
810 1589 1075 1642 ordinem
1099 1586 1360 1642 excedit:
1388 1602 1503 1640 una
1526 1602 1658 1641 cum
1691 1586 1899 1640 immu-

251 1682 421 1737 tabili
467 1681 826 1751 minimeque
878 1679 1121 1734 confusa
1178 1677 1603 1748 proprietatum
1661 1692 1897 1731 suarum

251 1769 717 1828 conservatione.

325 1860 662 1930 2.Ejusdem
699 1858 827 1927 (29),
862 1873 930 1912 ex
960 1855 1208 1946 epistola
1239 1856 1308 1946 ad
1343 1857 1541 1946 Caium
1573 1854 1897 1946 ’l‘berapeu-
1935 1883 1979 1946 Β

253 1956 350 2006 ten
385 1951 536 2022 (30):
570 1947 677 2014 Qui
709 1947 831 2001 ﬁeri
860 1951 1070 2018 potest,
1105 1945 1297 2015 inquit
1328 1944 1445 2008 ille,
1479 1950 1543 1998 ut
1571 1944 1763 2008 Jesus,
1797 1944 1896 2014 qui

253 2040 435 2094 rebus
487 2035 764 2092 omnibus
830 2033 1146 2100 antecellit,
1195 2049 1328 2087 cum
1392 2033 1564 2087 rebus
1615 2032 1900 2087 universis

255 2126 646 2183 essentialiter
724 2122 1166 2179 constituatur?
1223 2138 1324 2176 nec
1400 2121 1554 2176 enim
1616 2127 1901 2192 quatenus

255 2220 564 2276 hominum
601 2225 797 2272 auctor
830 2222 940 2281 est,
978 2217 1148 2270 homo
1188 2215 1423 2280 dicitur,
1479 2214 1578 2269 sed
1613 2222 1902 2286 quatenus

257 2314 380 2364 tota
411 2309 536 2378 ipsa
579 2305 832 2361 essentia
863 2319 994 2360 vere
1044 2303 1217 2360 homo
1266 2308 1376 2358 est.
1425 2305 1497 2357 At
1544 2319 1650 2358 nos
1701 2303 1901 2358 Jesum

256 2397 415 2452 haud
465 2396 725 2450 humano
781 2409 936 2448 more
999 2392 1334 2448 deﬁnimus.
1381 2391 1495 2449 Nec
1533 2391 1690 2446 enim
1750 2391 1904 2446 Deus

257 2494 490 2545 tantum
514 2491 625 2553 est,
657 2486 754 2541 sed
786 2485 961 2540 etiam
994 2499 1122 2539 vere
1154 2482 1327 2536 homo
1359 2487 1466 2548 est,
1487 2481 1587 2552 qui
1619 2480 1903 2552 singulari

257 2579 516 2651 quodam
550 2592 747 2632 amore
787 2590 970 2645 genus
1032 2573 1354 2628 humanum
1417 2571 1818 2642 prosequitur:
1850 2573 1905 2625 et

256 2668 382 2740 qui,
417 2683 548 2722 cum
605 2664 868 2720 homines
919 2661 1311 2728 antecelleret,
1362 2660 1702 2716 hominibus
1752 2660 1904 2715 adsa-

255 2762 473 2828 quatus
503 2759 616 2820 est,
648 2771 714 2810 ex
747 2753 1053 2808 hominum
1087 2751 1337 2806 essentia
1371 2749 1760 2805 substantiam
1795 2748 1905 2803 sibi

255 2861 626 2918 comparans,
661 2844 760 2915 qui
805 2859 983 2913 supra
1034 2857 1266 2897 omnem
1311 2841 1630 2895 essentiam
1687 2839 1904 2895 consti-

254 2941 420 2992 tutus
453 2939 592 2989 erat.
644 2932 757 2987 Nec
810 2931 1003 2986 minus
1057 2935 1253 2987 tamen
1311 2927 1908 3000 superessentialitate

260 3043 436 3098 quam
471 3023 848 3097 plenissimus
880 3029 986 3089 est,
1020 3021 1117 3092 qui
1175 3037 1471 3091 nunquam
1523 3034 1908 3091 superessen-

262 3116 414 3172 tialis
446 3131 574 3170 esse
605 3113 780 3168 desiit
809 3128 822 3166 :
857 3113 1028 3182 cujus
1079 3110 1357 3166 nimirum
1417 3107 1774 3166 abundantia
1823 3109 1906 3162 fa-

257 3215 415 3262 ctum
440 3210 547 3272 est,
583 3208 647 3257 ut
677 3218 808 3256 cum
834 3201 892 3255 in
927 3200 1180 3254 hominis
1212 3199 1523 3255 essentiam
1557 3215 1688 3253 vere
1719 3203 1907 3253 trans-

255 3295 442 3361 iisset,
479 3288 960 3362 superessentiali
993 3288 1219 3344 ratione
1271 3287 1527 3344 hominis
1583 3286 1901 3342 essentiam

253 3382 602 3454 assumpsit,
642 3383 820 3452 atque
873 3379 1015 3434 adeo
1064 3394 1245 3450 supra
1297 3377 1592 3433 hominem
1664 3393 1730 3433 ea
1778 3393 1906 3432 suc-

252 3475 579 3538 cesserunt,
631 3485 763 3541 quas
807 3471 948 3524 sunt
1009 3465 1286 3524 hominis.
1350 3466 1541 3522 Testis
1593 3470 1680 3522 est
1727 3465 1905 3537 Virgo

254 3560 684 3634 supernaturali
721 3559 946 3614 ratione
994 3557 1350 3628 concipiens,
1398 3561 1570 3627 atque
1613 3572 1762 3627 aqua
1793 3555 1907 3612 im-

255 3652 490 3710 mobilis
525 3650 920 3708 materialium
971 3655 1457 3719 terrenorumque
1507 3648 1720 3719 pedum
1756 3664 1901 3718 pon-

254 3745 366 3799 dus
395 3743 718 3810 sustinens,
756 3756 859 3795 nec
908 3738 1143 3794 illorum
1195 3737 1463 3808 gravitati
1496 3736 1904 3804 succumbens,

250 3834 356 3890 sed
387 3829 818 3903 supernaturali
848 3827 1120 3886 tacultate
1151 3827 1233 3884 ita
1291 3827 1634 3891 constituta,
1664 3830 1727 3881 ut
1758 3843 1870 3880 neu

256 3929 410 3979 trem
446 3922 500 3976 in
539 3927 758 3992 partem
791 3917 1101 3973 difﬂueret.
1136 3916 1284 3981 Quid
1322 3933 1491 3987 porro
1522 3931 1668 3986 opus
1700 3921 1809 3981 est,
1846 3921 1908 3970 ut

252 4029 322 4069 ea
353 4011 485 4083 quis
518 4007 864 4080 percurrat?
924 4006 1106 4061 multa
1133 4004 1251 4072 illa,
1299 4005 1562 4075 inquam,
1615 4009 1673 4058 et
1726 4019 1903 4074 quam

251 4101 511 4172 plurima
565 4098 780 4169 quibus
838 4095 938 4168 qui
1015 4094 1212 4150 divina
1282 4091 1661 4164 contemplari
1725 4093 1904 4158 novit,

246 4205 434 4260 supra
475 4185 684 4242 mentis
742 4191 976 4256 captum
1027 4185 1200 4239 etiam
1260 4182 1351 4248 iis,
1402 4197 1530 4252 qum
1570 4183 1641 4234 de
1700 4180 1907 4236 hama.-

254 4280 441 4334 nitate
468 4277 603 4332 Jesu
636 4275 1024 4339 afﬁrmantur,
1049 4270 1549 4328 excellentissima
1582 4268 1906 4340 negationis

253 4368 376 4423 vim
410 4367 598 4421 inesse
628 4366 957 4435 cognoscet.
990 4365 1160 4426 Nam,
1193 4363 1256 4415 ut
1287 4375 1411 4415 rem
1443 4359 1500 4413 in
1560 4374 1745 4429 pauca
1775 4374 1910 4414 con-

255 4456 593 4519 trahemus,
627 4470 697 4507 ne
729 4453 904 4508 homo
935 4450 1171 4522 quidem
1209 4453 1352 4512 erat,
1399 4464 1514 4502 non
1545 4447 1700 4518 quod
1737 4447 1907 4502 homo

261 4563 379 4601 non
407 4549 580 4610 esset,
626 4543 723 4597 sed
778 4541 930 4612 quod
983 4556 1050 4594 ex
1098 4538 1457 4605 hominibus,
1492 4553 1672 4607 supra
1729 4553 1906 4608 quam

1576 366 1981 428 THESAURI
2027 365 2172 427 LIB.
2221 366 2332 428 III.

1930 499 2086 575 Asit
2145 499 2433 570 propitius
2490 500 2560 567 is,
2621 513 2793 569 quem
2855 512 3054 553 eorum
3118 496 3352 551 nomine
3398 496 3655 552 celebra-

3499 364 3654 424 1222

2017 605 2167 655 mus,
2226 605 2354 660 quae
2413 604 2601 658 neque
2660 587 2803 641 ratio
2863 594 3060 641 nostro
3110 588 3410 658 consequi,
3469 601 3659 658 neque

2013 679 2199 733 oratio
2231 677 2551 748 exprimere
2601 681 2793 746 queat,
2849 678 3114 746 quamvis
3161 675 3216 728 in
3279 676 3370 730 his
3424 692 3658 746 quoque

2012 767 2520 836 superessentialis
2575 765 2837 831 exsistat,
2901 781 3014 820 non
3090 763 3278 820 solum
3332 766 3466 836 quia
3516 767 3660 820 citra

2012 855 2394 912 mutationem
2427 857 2485 911 et
2533 855 2937 910 confusionem
2988 859 3207 907 natura;
3245 860 3452 908 nostra:
3483 854 3656 924 parti-

2011 959 2169 1015 ceps,
2204 944 2352 999 nihil
2386 961 2594 1015 passus
2625 948 2710 998 est
2760 944 2832 997 ab
2883 943 3166 998 ineffabili
3227 944 3656 1013 coniunctione,

2012 1035 2165 1104 quod
2196 1033 2538 1089 exuberanti
2590 1033 2942 1104 plenitudini
2995 1048 3108 1088 suae
3154 1040 3529 1103 repugnaret,
3561 1035 3656 1087 sed

2009 1124 2146 1193 quia
2177 1123 2352 1178 etiam
2388 1124 2566 1194 (quod
2600 1122 2839 1194 quidem
2865 1139 3008 1176 nova
3040 1122 3238 1176 omnia
3269 1122 3517 1176 novitate
3550 1139 3658 1176 sua

2009 1211 2267 1267 inaudita
2294 1214 2551 1284 superat)
2602 1213 2661 1267 in
2693 1213 2765 1266 iis
2805 1228 2931 1281 quas
2979 1211 3144 1266 nobis
3195 1211 3486 1266 naturalia
3518 1218 3658 1268 sunt

2009 1302 2368 1373 superiorem
2402 1307 2632 1367 natura,
2670 1308 2726 1356 et
2756 1302 2812 1355 in
2870 1301 2942 1356 iis
2973 1318 3100 1372 quae
3133 1301 3292 1356 nobis
3321 1301 3656 1357 essentialia

2011 1396 2168 1460 sunt,
2232 1393 2486 1446 essentia
2544 1392 2819 1460 majorem
2878 1407 2959 1445 'se
3021 1391 3324 1459 praestitit:
3403 1392 3655 1462 denique

2010 1482 2207 1535 omnia
2237 1497 2364 1552 quis
2399 1481 2565 1535 nobis
2597 1482 2818 1549 insunt,
2867 1479 3117 1552 quadam
3170 1480 3390 1535 ratione
3450 1482 3654 1536 modo-

2011 1584 2122 1639 que
2155 1568 2323 1624 nobis
2352 1568 2634 1623 inusitato
2667 1566 2946 1638 possedit.

2631 1672 2787 1728 CAP.
2819 1675 3026 1728 XXIX.

2116 1779 2303 1850 Magni
2347 1779 2620 1852 Gregorii,
2654 1795 2723 1834 ex
2750 1777 3001 1852 oratione
3043 1777 3101 1833 in
3134 1779 3279 1835 diem
3309 1782 3547 1836 natalem

2635 1853 2859 1906 Domini
2893 1849 3028 1922 (31).

2087 1961 2527 2028 LPosteaquam
2559 1975 2689 2012 vero
2718 1957 2932 2012 diaboli
2955 1957 3254 2024 invidia,et
3287 1960 3657 2016 fraudulenta

2011 2047 2171 2103 illius
2197 2048 2272 2116 vi,
2317 2065 2494 2119 quam
2534 2046 2760 2114 mulier,
2796 2051 2856 2100 ut
2897 2051 2952 2101 et
3003 2045 3350 2102 imbecillior
3381 2065 3656 2120 perpessa

2011 2146 2116 2203 est,
2152 2141 2210 2190 et
2256 2138 2323 2190 ad
2376 2135 2847 2206 persuadendum
2900 2134 3089 2206 aptior
3147 2135 3398 2191 obtrusit
3442 2139 3565 2193 viro
3599 2139 3652 2207 (0

2011 2226 2420 2282 infirmitatem
2455 2243 2665 2295 meam,
2703 2242 2834 2280 mea
2863 2225 3015 2280 enim
3077 2236 3161 2280 est
3195 2227 3366 2297 primi
3402 2231 3658 2299 parentis

2013 2315 2344 2386 inﬁrmitas)
2382 2312 2663 2381 mandati,
2716 2315 2871 2385 quod
2933 2319 3239 2385 acceperat
3287 2317 3411 2386 ipse
3442 2319 3660 2372 oblitus

2013 2410 2122 2472 est,
2163 2409 2219 2458 et
2276 2420 2472 2459 amore
2522 2404 2677 2475 pomi
2729 2410 3041 2475 superatus
3104 2404 3280 2458 simul
3328 2411 3384 2460 et
3426 2425 3456 2460 ει
3501 2407 3660 2479 ligno

2012 2496 2164 2562 vitae,
2199 2500 2256 2550 et
2288 2512 2319 2550 a
2350 2494 2644 2566 paradiso,
2669 2497 2727 2548 et
2756 2512 2788 2549 a
2821 2498 2952 2560 Deo,
3005 2497 3288 2566 tanquam
3347 2495 3509 2553 exsul
3565 2515 3659 2552 ex~

2015 2584 2292 2652 truditur,
2343 2590 2399 2639 et
2445 2582 2700 2653 pelliceis
2745 2582 3010 2637 induitur
3069 2583 3454 2650 vestimentis,
3501 2603 3662 2641 cras-

2015 2673 2168 2728 siore
2200 2672 2479 2728 nimirum
2511 2688 2708 2740 carne,
2737 2688 2865 2742 quas
2898 2677 3144 2727 mortem
3177 2673 3417 2742 subiret,
3452 2680 3507 2729 et
3537 2677 3663 2746 spi—

2014 2762 2154 2817 ritui
2213 2766 2580 2832 repugnaret.
2647 2767 2728 2814 Ac
2787 2759 3041 2832 primum
3103 2763 3338 2832 quidem
3399 2765 3667 2835 agnoscit

2015 2852 2446 2924 turpitudinem
2482 2867 2672 2918 suam,
2708 2856 2884 2922 atque
2914 2851 3044 2906 ideo
3075 2869 3136 2907 se
3158 2853 3253 2906 Dei
3287 2859 3662 2922 conspectum

2017 2941 2247 3012 fugiens
2305 2941 2631 2996 abscondit.
2695 2941 2796 2995 Hic
2856 2944 3053 2996 tamen
3106 2942 3364 2998 lucretur
3397 2949 3665 3011 mortem,

2018 3046 2324 3102 perquam
2384 3035 2686 3101 peccatum
2745 3029 3131 3100 abscinditur,
3183 3047 3254 3086 ne
3306 3033 3542 3088 miseria
3592 3034 3670 3088 sit

2016 3119 2392 3183 immortalis,
2425 3124 2483 3174 et
2532 3136 2666 3174 cum
2693 3118 2982 3188 supplicio
3021 3119 3365 3175 beneficium
3419 3123 3663 3192 conjun-

2019 3213 2180 3264 ctum
2204 3207 2616 3264 cernatur.Hac
2640 3208 2790 3262 enim
2817 3208 3041 3262 ratione
3061 3207 3240 3279 Deus,
3272 3214 3335 3264 ut
3368 3211 3510 3265 mihi
3542 3211 3669 3281 qui-

2019 3299 2150 3353 dem
2179 3297 2520 3368 persuadeo,
2555 3296 2743 3366 punit.
2777 3301 3053 3352 Casterum
3102 3314 3232 3352 cum
3264 3299 3441 3354 variis
3498 3317 3664 3355 occa-

2017 3386 2305 3451 sionibus,
2337 3391 2514 3458 atque
2543 3386 2905 3457 temporibus
2937 3386 3265 3442 humanum
3301 3405 3485 3460 genus
3519 3389 3669 3444 mul-

2018 3484 2208 3532 torum
2246 3481 2638 3548 peccatorum,
2673 3492 2804 3546 quae
2848 3475 2942 3529 illa
2977 3476 3212 3532 malitia:
3260 3478 3423 3532 radix
3476 3484 3673 3549 protu-

2019 3568 2184 3637 lerat,
2216 3565 2417 3622 multis
2450 3564 2665 3634 modis,
2700 3581 2907 3636 nempe
2930 3566 3211 3632 oratione,
3242 3569 3384 3638 lege,
3419 3568 3672 3639 prophe-

2019 3658 2115 3726 tis,
2149 3654 2467 3722 beneﬁciis,
2504 3654 2703 3718 minis,
2751 3653 2951 3725 plagis,
3010 3655 3402 3722 eluvionibus,
3461 3655 3668 3710 incen-

2018 3746 2152 3810 diis,
2186 3745 2376 3812 bellis,
2408 3743 2687 3806 victoriis,
2740 3742 3026 3809 cladibus,
3071 3744 3350 3816 prodigiis
3401 3761 3469 3798 ex
3500 3743 3665 3811 caelo,

2016 3852 2084 3891 ex
2111 3852 2260 3899 aere,
2297 3851 2363 3888 ex
2423 3838 2598 3900 terra,
2631 3848 2700 3886 ex
2731 3833 2901 3894 mari,
2963 3832 3276 3902 insperatis
3336 3832 3665 3900 hominum,

2018 3924 2342 3989 civitatum,
2368 3921 2630 3990 gentium
2658 3919 3059 3974 eversionibus
3078 3919 3318 3991 (quibus
3342 3921 3672 3975 rationibus

2021 4012 2168 4068 nihil
2198 4011 2355 4065 aliud
2390 4009 2690 4080 agebatur,
2725 4007 2836 4061 nisi
2889 4012 2952 4061 ut
3009 4007 3236 4064 malitia
3266 4009 3670 4080 everteretur,)

2018 4103 2236 4156 frustra
2280 4099 2443 4170 prius
2491 4101 2644 4151 esset
2695 4096 3058 4150 admonitum
3113 4102 3168 4150 et
3226 4097 3668 4166 reprehensum,

2020 4195 2075 4244 et
2109 4188 2430 4258 majoribus
2465 4186 2741 4257 peccati,
2779 4190 2839 4239 ut
2865 4185 3086 4239 mutuis
3120 4185 3475 4256 homicidiis,
3510 4188 3673 4243 adul-

2020 4277 2206 4340 teriis,
2242 4276 2537 4348 perjuriis,
2597 4273 2824 4329 insanis
2884 4273 3191 4328 hominum
3241 4277 3564 4347 amoribus,
3617 4283 3674 4332 et

2016 4365 2196 4439 (quod
2226 4364 2490 4420 omnium
2527 4361 2813 4417 malorum
2863 4362 3278 4432 gravissimum
3311 4365 3452 4434 erat)
3484 4365 3671 4421 simu-

2018 4456 2309 4511 lacrorum
2343 4451 2525 4518 cultu,
2554 4467 2670 4521 quo
2687 4450 2959 4506 homines
2979 4453 3240 4522 neglecto
3276 4456 3670 4523 Procreatore,

2020 4543 2095 4601 ad
2113 4559 2204 4598 res
2239 4546 2567 4614 procreatas
2599 4539 2872 4595 colendas
2902 4544 2960 4594 et
2989 4540 3316 4596 adorandae
3346 4558 3408 4597 se
3429 4559 3667 4598 conver-

254 4634 528 4690 homines
561 4632 811 4698 soleant,
845 4634 1024 4701 atque
1055 4645 1235 4699 supra
1267 4626 1560 4683 hominem
1586 4643 1717 4681 vere
1742 4633 1912 4681 natus
1946 4619 1991 4683 D
2025 4633 2246 4696 tebaut,
2279 4630 2783 4701 obstringeretur:
2817 4629 3197 4701 gravioraque
3221 4636 3346 4700 jam
3379 4633 3668 4701 ejusmodi

251 4725 434 4779 homo
467 4724 558 4777 sit:
599 4726 722 4776 tum
760 4725 1034 4789 praeterea
1088 4732 1275 4788 neque
1324 4715 1516 4770 divina
1565 4715 1777 4782 divine,
1813 4731 1910 4770 ne-

255 4828 372 4885 que
429 4812 688 4867 humana
746 4811 1000 4864 humane
1062 4812 1379 4878 operatus:
1449 4806 1549 4861 sed
1611 4805 1912 4861 incarnato

250 4910 376 4960 Deo
407 4916 614 4956 novam
648 4899 964 4971 quamdam
1007 4896 1434 4962 theandricam,
1471 4895 1576 4950 hoc
1609 4899 1698 4950 est
1729 4893 1828 4950 Dei
1859 4899 1915 4949 et

255 4990 545 5056 hominis,
582 4989 870 5044 actionem
905 4985 1075 5041 nobis
1104 4985 1450 5041 exhibuerit.

330 5081 384 5135 3.
415 5079 717 5150 Ejusdem,
741 5093 809 5132 ex
824 5073 1166 5146 theologicis
1189 5073 1496 5130 elementis
1508 5076 1689 5130 sancti
1712 5075 1910 5130 Hiero-

252 5171 381 5229 thei
414 5187 427 5225 :
463 5169 610 5232 Quia
638 5183 774 5222 vero
835 5181 949 5236 pris
1000 5180 1105 5219 suo
1157 5179 1292 5236 erga
1341 5179 1528 5234 genus
1587 5165 1908 5220 humanum

255 5276 458 5318 amere
489 5259 561 5315 ad
593 5264 851 5313 nostram
887 5272 1072 5327 usque
1105 5259 1375 5310 naturam
1407 5256 1588 5325 venit,
1634 5264 1788 5312 certe
1819 5275 1912 5314 es—

256 5350 513 5408 sentiam
537 5363 770 5421 quoque
804 5355 1054 5401 nostram
1087 5361 1217 5401 vere
1268 5344 1472 5413 subiit,
1523 5361 1915 5417 summusque

253 5442 407 5497 adeo
431 5439 584 5493 Deus
605 5437 780 5492 homo
803 5442 856 5490 et
881 5435 1067 5490 factus
1089 5438 1148 5490 et
1167 5433 1361 5489 dictus
1384 5435 1490 5488 est.
1520 5431 1698 5488 Nobis
1719 5439 1911 5490 autem

356 5567 445 5635 28)
479 5565 813 5635 Patrologz'nz
847 5566 982 5616 tom.
1012 5563 1103 5629 III,
1136 5559 1242 5616 col.
1271 5559 1397 5615 647.

355 5634 445 5708 29)
477 5638 618 5692 Ibid.
655 5634 769 5708 col._
795 5635 947 5689 1071.

350 5702 445 5779 30)
479 5709 600 5767 Non
626 5705 918 5774 medicum,
947 5709 1011 5760 ut
1070 5704 1268 5772 Zinus,
1301 5702 1401 5758 sed
1435 5702 1787 5759 monachum.
1820 5705 1915 5761 Sic

2025 4722 2198 4776 morti
2229 4718 2488 4775 remedia
2516 4718 3061 4791 medicamentaque
3092 4720 3670 4792 requirerent,maio-

2023 4829 2106 4880 ra,
2156 4810 2535 4880 gravioraque
2592 4813 2730 4863 sunt
2785 4809 3069 4866 adhibita.
3120 4811 3322 4882 Ipsum
3372 4812 3526 4866 enim
3570 4808 3670 4866 Dei

2028 4899 2302 4968 Verbum,
2336 4899 2488 4970 quod
2524 4901 2614 4953 est
2644 4903 2778 4952 ante
2810 4899 3041 4964 saecula,
3076 4901 3229 4970 quod
3253 4899 3668 4971 comprehendi

2025 5007 2137 5044 non
2172 4993 2382 5061 potest,
2416 4987 2572 5058 quod
2624 5003 2834 5058 corpus
2891 5005 3004 5042 non
3064 4987 3242 5042 habet
3280 4989 3357 5056 (et
3413 5004 3539 5058 quas
3567 5002 3668 5042 se-

2024 5079 2303 5149 quuntur)
2337 5076 2461 5147 ipsa
2504 5074 2602 5129 Dei
2655 5074 2849 5146 imago
2907 5075 3431 5142 incommutabilis,
3482 5075 3670 5130 Patris

2024 5165 2285 5221 deﬁnitio
2316 5168 2372 5218 et
2401 5162 2566 5230 ratio,
2595 5161 2910 5233 imaginem
2945 5180 3118 5232 quam
3168 5162 3390 5218 homini
3421 5163 3671 5235 impres-

2025 5260 2180 5312 serat
2229 5255 2351 5325 ipse
2409 5253 2657 5322 suscipit
2729 5256 2786 5306 et
2841 5257 3074 5323 propter
3132 5268 3387 5321 carnem,
3444 5270 3666 5309 carnem

2023 5343 2192 5414 gerit,
2221 5347 2278 5398 et
2307 5341 2504 5396 animo
2561 5342 2786 5394 ratione
2825 5340 3066 5411 praedito
3125 5357 3226 5410 pro
3271 5341 3460 5397 salute
3492 5343 3667 5399 animi

2023 5437 2457 5500 commiscetur,
2487 5437 2550 5488 ut
2572 5432 2748 5488 simili
2778 5433 3032 5488 similem
3060 5440 3288 5506 purget,
3312 5435 3368 5488 in
3395 5437 3667 5492 omnibus

2023 5561 2177 5616 enim
2215 5558 2477 5615 monachi
2515 5557 2824 5628 primitivae
2868 5559 3135 5614 Ecclesiae
3185 5561 3565 5620 dicebantur:
3602 5581 3670 5620 ex

2023 5633 2286 5695 Philone,
2320 5630 2577 5697 Justino,
2620 5632 2836 5685 Euseb.
2870 5630 2959 5696 40,
2993 5636 3100 5688 etc.

2096 5703 2211 5775 (31)
2246 5702 2408 5760 Videt
2437 5706 2581 5758 tom.
2615 5701 2870 5770 XXXVl,
2903 5701 3012 5762 col.
3045 5703 3170 5760 323.
