4066 6208
449 329 600 391 1223

450 556 604 630 gine,
637 553 807 625 cujus
837 550 1098 606 animum
1134 551 1190 602 et
1214 560 1447 601 carnem
1511 541 1763 613 Spiritus
1794 541 1925 594 ante
1957 553 2094 606 pur-

449 626 707 718 gaverat,
745 641 1025 696 nascitur.
1062 636 1310 694 Decebat
1367 632 1546 700 enim,
1596 637 1655 684 ut
1686 632 1742 683 et
1782 626 2097 681 liberorum

452 715 748 805 susceptio
806 730 1214 793 bonoraretur,
1275 728 1333 778 at
1365 722 1448 776 illi
1506 724 1700 775 tamen
1763 717 1818 771 in
1879 715 2098 770 honore

446 824 756 897 virginitas
798 819 1204 883 anteferretur,
1265 820 1438 885 atque
1471 811 1551 865 ita
1603 809 1862 863 humana
1913 807 2098 860 forma

447 893 752 982 assumpta
810 910 881 964 ad
941 924 1047 963 nos
1107 905 1468 976 pregreditur
1535 913 1716 952 unum
1770 913 1837 950 ex
1867 893 2096 949 duobus

447 1001 779 1070 contrariis,
811 1014 984 1055 carne
1015 1001 1069 1052 et
1107 995 1315 1066 spiritu
1378 993 1672 1046 constans:
1723 1000 1972 1056 quorum
2007 982 2095 1038 hic

447 1092 812 1149 divinitatem
838 1087 1158 1151 tribuebat,
1183 1083 1284 1138 illa
1306 1080 1608 1137 divinitate
1647 1076 2011 1132 afﬁciebatur
2039 1076 2094 1138 (ο

449 1198 657 1237 novam
687 1178 1020 1234 mistionem
1046 1173 1057 1229 l
1079 1192 1110 1230 o
1134 1171 1596 1242 conjunctionem
1622 1161 2094 1232 admirabileml),

450 1272 547 1327 ille
579 1270 680 1341 qui
706 1269 941 1324 effector
971 1272 1073 1331 est,
1109 1263 1378 1318 etticitur:
1411 1259 1508 1330 qui
1544 1261 1763 1310 creator
1795 1259 1903 1321 cst,
1935 1267 2092 1306 crea-

447 1365 564 1415 tur:
595 1338 693 1428 qui
725 1351 1142 1425 comprehendi
1176 1367 1286 1406 non
1318 1351 1528 1420 potest,
1588 1341 1820 1399 vinculo
1852 1338 2093 1395 humani

446 1447 626 1504 animi
649 1444 1012 1500 divinitatem
1031 1445 1088 1496 et
1107 1440 1300 1494 carnis
1322 1433 1772 1492 crassitudinem
1790 1428 2097 1501 ecpulante

450 1533 989 1606 comprehenditur.
1016 1529 1120 1593 Qui
1150 1529 1299 1583 ditat
1351 1525 1518 1590 alios,
1569 1538 1786 1593 pauper
1830 1520 1912 1573 ﬁt.
1947 1524 2096 1573 Pau-

449 1627 686 1697 pertatis
727 1623 881 1677 enirn
938 1636 1074 1674 mea:
1137 1620 1540 1690 paupertatem
1603 1607 1998 1680 amplectitur,
2035 1611 2098 1660 ut

445 1732 544 1787 ego
604 1712 931 1768 divinitatis
990 1711 1117 1780 ejus
1150 1706 1382 1762 divitias
1442 1717 1739 1772 assequar.
1805 1698 1909 1764 Qui
1967 1696 2095 1767 plus

446 1813 532 1861 est
563 1803 896 1859 exinanitur
923 1817 935 1855 :
963 1814 1268 1872 parumper
1299 1795 1454 1851 enim
1479 1792 1720 1865 gloriam
1756 1805 1922 1843 suam
1956 1787 2096 1841 sinit

445 1895 762 1962 exhauriri,
799 1902 858 1948 ut
917 1907 1020 1960 ego
1054 1885 1438 1961 plenitudinis
1498 1883 1628 1952 ejus
1675 1881 1964 1950 particeps
1995 1877 2092 1930 eti-

446 1987 866 2050 ciar.Quaenam
902 1984 1043 2036 sunt
1075 1979 1162 2033 hae
1194 1975 1471 2032 bonitatis
1511 1969 1752 2027 divitiae?
1782 1968 2092 2032 Quodnam

447 2076 601 2132 circa
628 2090 719 2129 me
745 2071 1084 2145 mysterium
1119 2064 1399 2140 apparet?
1425 2063 1536 2136 Ego
1562 2059 1892 2130 imaginem,
1927 2057 2097 2126 cujus

447 2164 736 2236 particeps
767 2177 921 2216 eram
979 2160 1186 2224 factus,
1243 2174 1354 2210 non
1389 2150 1658 2208 servavi:
1711 2147 1807 2202 ille
1859 2161 2094 2200 carnem

447 2269 634 2309 meam
668 2251 932 2322 suscipit,
969 2253 1033 2302 ut
1064 2251 1118 2301 et
1148 2245 1467 2316 imaginem
1513 2243 1718 2304 servet,
1755 2241 1809 2291 et
1863 2249 2096 2290 carnem

444 2343 644 2398 reddat
672 2337 1083 2396 immortalem.
1122 2337 1370 2390 Alteram
1396 2331 1505 2387 init
1544 2328 1876 2384 societatem
1904 2324 2092 2394 priore

441 2431 739 2496 societate,
774 2445 838 2484 eo
870 2426 1105 2498 quidem
1141 2426 1309 2493 longe
1343 2416 1870 2482 admirabiliorem,
1933 2410 2090 2482 quod

445 2521 504 2575 in
539 2520 727 2591 priore
761 2517 1133 2589 praestantius
1165 2513 1318 2585 quod
1352 2514 1472 2566 erat
1501 2504 1784 2573 attribuit,
1818 2503 1874 2557 in
1901 2508 2095 2572 postc-

444 2612 592 2664 riore
626 2607 781 2678 quod
815 2605 1070 2661 deterius
1102 2608 1225 2658 erat
1257 2599 1498 2670 accepit.

512 2735 566 2787 2.
595 2732 895 2803 Ejusdem,
923 2747 991 2785 ex
1041 2728 1302 2784 oratione
1332 2725 1390 2778 in
1432 2721 1681 2779 Lumina
1732 2717 1868 2789 (32).
1905 2720 2093 2786 Atque

445 2823 543 2878 Dei
578 2822 778 2890 Filius,
813 2818 1071 2874 hominis
1116 2815 1296 2870 Filius
1327 2824 1379 2868 et
1411 2813 1476 2866 fit
1505 2815 1560 2865 et
1590 2815 1866 2863 vocatur:
1905 2804 2090 2859 haud-

445 2927 740 2983 quaquam
773 2909 829 2963 id
885 2909 1211 2961 immutans
1263 2901 1421 2974 quod
1453 2903 1616 2954 erat:
1676 2895 1889 2950 mutari
1939 2893 2090 2948 enim

447 3017 561 3056 non
598 3003 826 3070 potest:
861 2996 962 3050 sed
1015 2995 1070 3048 id
1109 3007 1420 3047 assumens
1455 2988 1611 3061 quod
1647 3003 1762 3042 non
1793 2987 1936 3046 erat,
1969 2997 2092 3052 qum

445 3069 612 3142 illius
636 3103 770 3156 erga
807 3101 910 3140 nos
943 3081 1285 3137 humanitas
1316 3084 1440 3134 est:
1476 3083 1538 3132 ut
1595 3077 1962 3145 separaretur
1993 3069 2090 3140 qui

1766 311 2084 374 NICETE
2125 307 2542 370 CHONIATIE

451 467 726 537 denique,
763 465 1000 534 peccato
1031 464 1225 513 tamen
1259 457 1514 526 excepto,
1547 452 1613 506 ﬁt
1643 450 1837 506 homo.
1872 447 1948 502 Ex
1981 446 2116 535 Vir:
2131 449 2182 515 Α

3695 296 3852 355 1224

2842 446 2994 497 CAP.
3037 441 3219 494 XXX.

2207 588 2458 660 Nysseni,
2482 587 2547 641 de
2574 585 2766 660 dicina
2795 581 3204 660 incarnatione,
3226 579 3569 660 exoratione
3603 576 3862 660 Catache.

2279 662 2408 714 lica.
2446 649 2793 712 'Divinilatis
2831 664 2882 710 et
2912 652 3273 708 humanitatis
3301 667 3426 706 cum
3451 665 3579 717 tgna
3609 661 3659 700 et
3682 649 3860 717 dych-

2278 733 2394 798 nio,
2430 731 2663 800 itemque
2690 745 2818 784 cum
2857 744 3023 782 carne
3051 729 3102 780 et
3131 725 3316 779 animo
3343 723 3574 777 (ollatzo
3609 721 3747 789 (34).

2279 870 2783 938 Quemadmodum
2817 870 2974 924 enim
3009 868 3063 921 in
3116 866 3353 920 lucerna
3398 862 3713 917 materiam
3750 863 3862 915 cir—

2206 961 2574 1032 cumplexum
2610 959 2805 1030 ignem
2836 956 3174 1028 aspicimus,
3235 969 3489 1023 eumque
3522 969 3554 1006 a
3591 951 3864 1016 materia,

2207 1067 2331 1121 qua:
2395 1049 2584 1119 ipsum
2646 1046 2903 1117 attingit,
2967 1045 3191 1099 ratione
3249 1041 3705 1112 distinguimus,
3743 1057 3864 1107 qua

2206 1142 2399 1193 tamen
2435 1137 2625 1205 reipsa
2667 1133 2945 1204 distingui
3008 1149 3120 1186 non
3183 1137 3455 1201 possunt,
3501 1134 3566 1180 ut
3627 1129 3866 1180 ﬂamma

2207 1243 2308 1297 per
2338 1243 2398 1280 se
2431 1242 2463 1280 a
2495 1225 2734 1280 materia
2767 1225 3036 1293 sejuncta
3079 1220 3442 1281 ostendatur,
3479 1218 3580 1271 sed
3623 1221 3868 1286 utraque

2210 1332 2388 1370 unum
2450 1320 2538 1369 est
2589 1313 2810 1384 (nullus
2869 1317 3059 1365 autem
3120 1312 3172 1363 id
3236 1308 3379 1362 mibi
3429 1307 3728 1361 sumatin
3764 1305 3869 1358 hoc

2206 1404 2483 1476 exemplo,
2517 1404 2671 1475 quod
2734 1401 2888 1472 ignis
2946 1404 3376 1468 corrumpatur,
3431 1397 3530 1451 sed
3572 1396 3627 1448 id
3679 1396 3868 1448 solum

2207 1495 2520 1564 accipiens,
2559 1492 2711 1565 quod
2764 1489 3139 1547 similitudini
3189 1487 3478 1551 convenit,
3530 1501 3665 1556 qua
3697 1485 3771 1538 ab
3804 1499 3867 1537 ea

2208 1586 2344 1637 sunt
2376 1582 2561 1636 aliena
2604 1581 2889 1650 repudiet)
2917 1578 3051 1644 quid
3116 1576 3406 1647 prohibet,
3467 1575 3613 1644 quin
3654 1575 3865 1627 eodem

2208 1669 2401 1731 modo,
2437 1683 2547 1738 quo
2578 1669 2874 1721 cernimus
2908 1665 3203 1718 ﬂammam
3231 1663 3519 1734 attingere
3548 1661 3868 1714 materiam

2207 1757 2553 1826 subjectum,
2589 1773 2690 1810 nec
2723 1755 2778 1808 in
2814 1771 2880 1808 ea
2913 1759 3104 1807 tamen
3157 1751 3401 1815 includi,
3465 1751 3579 1804 Deo
3614 1751 3868 1818 dignam

2129 1817 2172 1878 Β
2205 1848 2614 1919 cogitationem
2649 1843 3080 1916 suscipiamus:
3115 1844 3546 1910 credamusque
3582 1845 3866 1893 naturam

2199 1937 2456 1990 divinam
2491 1936 2568 1991 ita
2591 1933 2890 2004 conjungi,
2922 1941 3092 2001 atque
3124 1947 3304 1985 unum
3332 1929 3457 1984 fieri
3480 1945 3619 1984 cum
3646 1935 3870 1982 natura

2199 2025 2478 2091 humana,
2514 2031 2577 2078 ut
2639 2023 2699 2077 in
2735 2024 2860 2094 ipsa
2918 2021 3330 2091 conjunctione
3390 2024 3569 2088 atque
3613 2018 3866 2086 unitate,

2200 2113 2470 2186 quamvis
2502 2112 2556 2165 in
2595 2111 2828 2167 homine
2860 2110 3012 2164 Deus
3044 2108 3139 2175 sit,
3188 2107 3352 2162 nulla
3379 2115 3576 2173 tamen
3611 2105 3862 2159 circum-

2199 2203 2516 2274 scriptione
2547 2198 2962 2256 cuncludatur?
2991 2198 3152 2261 Quod
3189 2197 3233 2251 si
3269 2197 3506 2266 quaeris,
3559 2195 3860 2265 quomodo

2201 2298 2348 2346 Deus
2380 2307 2511 2345 cum
2546 2289 2783 2344 homine
2814 2289 3161 2342 commistus
3191 2285 3289 2355 sit,
3325 2285 3487 2355 prius
3543 2284 3856 2338 considera

2199 2380 2670 2450 conjunctionem
2706 2377 2884 2433 animi
2917 2393 3049 2430 cum
3109 2391 3281 2429 carne
3314 2382 3436 2438 tua,
3473 2373 3577 2444 qui
3610 2373 3853 2444 quidem

2198 2471 2454 2534 animus,
2513 2468 2562 2522 si
2627 2466 2947 2537 intelligere
3009 2482 3123 2520 non
3199 2471 3362 2536 potes
3430 2481 3550 2534 qua
3629 2462 3860 2516 ratione

2197 2576 2330 2614 cum
2365 2574 2600 2627 corpore
2633 2557 2954 2627 copuletur,
3017 2554 3202 2608 multo
3236 2554 3430 2607 minus
3492 2553 3776 2605 existima
3803 2556 3858 2604 te

2199 2665 2369 2718 posse
2401 2645 2650 2716 assequi,
2703 2661 2815 2715 quo
2858 2649 3024 2715 pacto
3066 2643 3216 2697 Deus
3247 2658 3378 2696 cum
3415 2641 3658 2695 homine
3718 2656 3861 2694 con-

2191 2739 2495 2808 jungatur.
2530 2734 2744 2789 Verum
2773 2732 3269 2804 quemadmodum
3297 2732 3355 2785 in
3388 2736 3442 2785 te
3464 2730 3663 2786 credis
3698 2728 3858 2783 aliud

2200 2826 2478 2900 quiddam
2503 2841 2631 2880 esse
2653 2824 2941 2888 animum,
2968 2839 3140 2893 quam
3166 2837 3400 2891 corpus,
3427 2827 3530 2873 aut
3573 2821 3858 2889 quoniam

2200 2935 2412 2990 corpus
2443 2917 2515 2971 ab
2548 2916 2743 2970 animo
2784 2915 3080 2969 desertum
3137 2913 3380 2966 cadaver
3426 2911 3648 2972 evadit,
3687 2917 3865 2980 atque

2199 3008 2354 3062 iners
2387 3007 2483 3070 sit,
2513 3009 2567 3059 et
2621 3005 2690 3058 ad
2733 3004 3024 3074 agendum
3061 3001 3284 3067 inutile,
3319 3001 3452 3056 licet
3482 3002 3862 3070 conjunctio-

2202 3098 2289 3150 nis
2324 3095 2606 3149 rationem
2643 3095 2876 3164 ignores
2910 3109 2923 3146 :
2954 3092 3037 3145 sic
3095 3091 3269 3145 etiam
3304 3090 3400 3145 Dei
3436 3105 3574 3143 cum
3613 3088 3859 3142 homine

445 3191 708 3245 separa“
742 3179 963 3243 nequ”,
1014 3169 1362 3224 inmunem“
1411 3183 1584 3256 “me
1641 3170 1920 3256 tanquj‘m
1961 3160 2095 3256 Ῐθξο
2127 3163 2168 3228 C
2204 3183 2618 3256 conjunctione
2649 3160 2994 3236 cbnfitemur
3024 3179 3278 3234 divinam
3311 3187 3581 3233 naturam
3620 3179 3859 3232 caduca

446 3263 752 3318 nobiscum
784 3275 1048 3324 versans,
1082 3255 1557 3329 quandoquidem
1601 3269 1755 3324 pura:
1789 3253 1915 3320 ejus
1943 3248 2087 3303 divi-

450 3351 622 3406 nitati
683 3350 928 3406 terenda:
989 3354 1200 3402 natura
1256 3343 1407 3400 ortui
1441 3347 1497 3398 et
1525 3341 1787 3397 interitui
1845 3337 2095 3394 obnoxia

448 3457 565 3496 non
598 3440 743 3496 satis
777 3437 990 3494 idonea
1020 3443 1128 3492 est.

518 3567 570 3621 3.
610 3565 907 3638 Ejusdem,
939 3580 1006 3618 ex
1040 3561 1303 3618 oratione
1331 3558 1584 3614 secunda
1626 3555 1696 3610 ad
1729 3551 2094 3617 Cledonium,

445 3657 703 3728 Utraque
735 3653 891 3710 enim
927 3670 1111 3708 unum
1145 3649 1554 3706 commistione
1599 3646 1928 3709 evaserunt,
1963 3656 2093 3696 cum

444 3746 600 3802 Deus
622 3746 977 3807 incarnetur,
1011 3744 1184 3796 homo
1216 3744 1412 3793 autem
1443 3735 1764 3790 deiﬁcetur.

516 3837 568 3892 4.
603 3835 903 3905 Ejusdem,
937 3847 1004 3886 ex
1058 3828 1315 3886 secunda
1342 3825 1599 3882 oratione
1659 3823 1728 3876 de
1759 3819 1900 3875 Filio
1960 3818 2094 3890 (33).

445 3924 558 3980 Etsi
591 3923 747 3978 enim
782 3939 850 3978 ex
883 3925 1132 3990 utroque
1166 3933 1349 3973 unum
1384 3916 1600 3970 factum
1634 3911 1730 3980 sit,
1761 3926 1876 3964 non
1900 3913 2094 3964 tamen

440 4014 498 4069 id
533 4023 758 4075 natura,
800 4011 904 4066 sed
937 4025 1254 4066 concursu.

509 4142 563 4195 5.
601 4140 901 4210 Ejusdem,
935 4153 1004 4193 ex
1061 4135 1322 4191 oratione
1374 4132 1432 4186 in
1469 4128 1702 4185 Lumina
1733 4145 1746 4183 :
1808 4127 2094 4181 Honorem

454 4230 610 4284 enim
644 4227 870 4299 corpori
905 4227 1089 4282 defert
1125 4266 1137 4291 ,
1171 4219 1648 4294 quandoquidem
1708 4216 1816 4271 hoc
1866 4230 2098 4286 quoque

450 4318 814 4374 deiﬁcatione
843 4323 996 4373 Deus
1027 4320 1135 4370 est.

515 4445 570 4498 6.
607 4442 1000 4513 Ejusdem,ex
1058 4438 1319 4494 oratione
1350 4434 1608 4490 secunda
1665 4433 1735 4487 de
1793 4428 2098 4485 Paschate.

2204 3272 2551 3344 mortalique
2583 3271 2768 3326 modis
2800 3269 3074 3325 omnibus
3105 3267 3385 3340 dignitate
3413 3272 3724 3338 praestare,
3748 3284 3860 3338 qua

2205 3363 2426 3418 ratione
2455 3366 2646 3416 autem
2680 3359 2969 3414 efﬁciatur
3029 3357 3156 3430 ipsa
3209 3357 3543 3428 conjunctio
3586 3373 3702 3411 non
3734 3372 3855 3428 pes-

2205 3467 2410 3506 sumus
2439 3448 2779 3520 intelligere.
2837 3447 2998 3513 Quod
3044 3447 3196 3502 Deus
3252 3447 3311 3499 in
3345 3445 3617 3500 hominis
3648 3451 3856 3498 natura

2205 3541 2437 3613 genitus
2465 3538 2564 3603 sit,
2598 3554 2666 3592 ex
2699 3537 2870 3592 rebus
2914 3536 3295 3600 admirandis,
3349 3551 3478 3606 quae
3513 3535 3657 3589 vise
3716 3535 3861 3588 scri-

2206 3636 2431 3702 ptaeque
2462 3632 2621 3698 sunt,
2662 3644 2775 3681 non
2811 3625 3186 3695 ambigimus,
3233 3625 3521 3678 rationem
3561 3630 3764 3678 autem
3798 3639 3861 3676 ac

2208 3721 2468 3786 modum,
2501 3723 2565 3772 ut
2594 3717 2873 3788 majorem
2901 3731 3080 3786 quam
3107 3715 3263 3786 quia
3294 3714 3464 3769 nobis
3488 3713 3713 3784 percipi
3741 3729 3865 3784 pos-

2207 3811 2302 3876 sit,
2363 3806 2690 3864 omittimus
2736 3805 3033 3874 indagare.
3095 3803 3293 3874 Neque
3348 3801 3508 3858 enim
3570 3817 3713 3857 cum
3771 3817 3860 3856 res

2207 3913 2408 3954 omnes
2440 3896 2830 3966 incorporeas,
2863 3901 2914 3948 et
2947 3909 3072 3964 quae
3099 3897 3290 3948 mente
3313 3891 3504 3946 solum
3529 3891 3865 3963 percipiun-

2210 3993 2324 4050 tur,
2355 4003 2383 4039 a
2417 3990 2626 4040 natura
2684 3983 3026 4053 incorporea
3075 3985 3132 4035 et
3164 3997 3289 4052 quas
3322 3983 3520 4034 creata
3572 3996 3690 4033 non
3753 3984 3861 4045 est,

2211 4083 2542 4149 procreatas
2589 4090 2716 4130 esse
2787 4072 3105 4135 credimus,
3185 4071 3339 4125 unde
3394 4074 3498 4124 aut
3564 4068 3861 4140 quomodo

2213 4169 2371 4222 facta:
2403 4167 2540 4228 sint.
2565 4162 3002 4233 investigamus.
3069 4159 3178 4214 Sed
3211 4175 3344 4214 cum
3390 4157 3685 4212 mundum
3723 4174 3867 4212 con-

2209 4257 2396 4310 ditum
2435 4252 2611 4309 fuisse
2643 4249 3060 4322 acceperimus,
3113 4250 3397 4303 rationem
3431 4263 3551 4317 qua
3583 4248 3864 4301 conditus

2212 4345 2404 4408 fuerit,
2437 4343 2663 4398 curiose
2697 4356 2810 4394 non
2842 4337 3228 4409 exquirimus,
3261 4335 3480 4407 quippe
3530 4335 3635 4406 qui
3693 4335 3866 4406 plane

2211 4435 2490 4500 sciamus,
2555 4447 2682 4486 eam
2758 4427 2918 4483 nullo
2991 4427 3157 4482 modo
3229 4442 3396 4497 posse
3474 4425 3702 4496 percipi
3775 4429 3873 4479 aut

455 4535 523 4586 Et
553 4548 653 4603 per
683 4531 1174 4599 assumptionem,
1209 4541 1382 4595 quam
1419 4523 1696 4577 divinitas
1733 4519 1917 4586 unxit,
1951 4533 2109 4587 quae-
2147 4534 2190 4598 Β
2221 4525 2515 4597 explicari,

447 4636 561 4690 que
593 4620 793 4674 eadem
843 4633 976 4672 cum
1041 4619 1315 4686 ungente,
1349 4617 1526 4681 atque
1585 4611 1797 4681 (ausim
1831 4608 1985 4663 enim
2019 4605 2100 4660 di-

447 4708 600 4778 cere)
636 4707 752 4761 Deo
785 4704 1026 4775 aequalis
1057 4702 1268 4758 evadit.

518 4835 573 4888 7.
607 4833 912 4904 Ejusdem,
941 4847 1010 4885 ex
1056 4828 1318 4884 oratione
1370 4825 1441 4880 ab
1495 4821 1857 4893 baptismum
1903 4820 2105 4876 exhor-

445 4924 677 4982 tatoria.
759 4919 1040 4976 Eumdem
1118 4920 1307 4972 totum
1380 4913 1706 4977 hominem,
1783 4915 1840 4965 et
1917 4915 2104 4964 totum

449 5017 653 5081 Deum,
709 5028 812 5083 pro
871 5013 991 5065 toto
1022 5025 1110 5077 eo,
1160 5005 1260 5077 qui
1315 5020 1528 5075 passus
1559 5005 1667 5064 est,
1705 5004 1770 5055 ut
1832 4999 1941 5054 toti
2001 4998 2104 5053 tibi

452 5103 701 5160 salutem
729 5100 1031 5172 largiatur,
1056 5097 1263 5169 [totam
1296 5093 1519 5167 peccati
1568 5090 1798 5146 solvens
1830 5089 2106 5144 condem-

459 5190 806 5262 nationem]

519 5301 572 5354 8.
607 5298 895 5369 Ejusdem,
923 5312 992 5352 ex
1048 5294 1250 5351 eadem
1302 5290 1580 5346 oratione.
1641 5288 1895 5343 Tantum
1935 5285 2111 5340 homo

451 5393 696 5458 prepter
726 5389 804 5456 te,
840 5401 1013 5457 quam
1050 5388 1113 5438 tu
1149 5385 1384 5452 propter
1416 5376 1582 5433 illum
1615 5377 1792 5432 Deus.

527 5565 634 5632 (32)
665 5565 814 5620 Vide
851 5564 993 5632 ibid,
1023 5563 1132 5618 col.
1167 5563 1294 5618 333.

521 5635 631 5706 (33)
665 5636 808 5690 lbid.
843 5633 950 5690 col.
987 5634 1106 5688 t03.

2281 4668 2440 4734 Quod
2477 4668 2672 4720 autem
2705 4663 2852 4717 Deus
2910 4662 2967 4716 in
3002 4677 3176 4715 carne
3215 4659 3385 4716 nobis
3418 4657 3792 4730 apparuerit,
3826 4656 3873 4712 si

2215 4759 2348 4829 quis
2407 4750 2936 4809 demonstrationes
2993 4749 3205 4820 inquit,
3259 4748 3310 4804 is
3340 4749 3470 4818 ejus
3521 4763 3703 4817 opera
3734 4762 3871 4800 con-

2213 4844 2442 4918 spiciat.
2475 4842 2620 4897 Nam
2656 4843 2712 4894 et
2738 4839 2893 4910 quod
2933 4840 3080 4893 Deus
3125 4837 3249 4908 ipse
3281 4837 3378 4903 sit,
3414 4835 3575 4890 nullo
3609 4835 3727 4889 alio
3762 4832 3872 4888 nisi

2216 4949 2457 5007 operum
2493 4930 2678 5000 ipsius
2723 4928 3057 4984 testimonio
3116 4925 3552 4998 comprobatur.
3587 4923 3664 4979 Ut
3693 4925 3877 4994 igitur

2218 5041 2407 5083 rerum
2443 5020 2876 5078 universitatem
2928 5018 3246 5083 intuentes,
3310 5030 3638 5086 earumque
3671 5013 3877 5068 mode-

2218 5115 2500 5172 rationem
2537 5116 2591 5165 et
2648 5108 2927 5175 ordinem,
2990 5107 3239 5178 vitisque
3298 5109 3508 5160 nostris
3563 5103 3879 5158 commoda

2219 5203 2501 5260 divinitus
2534 5200 2668 5255 data
2701 5196 3160 5265 considerantes,
3184 5195 3639 5266 vimquamdam
3669 5191 3876 5246 mundi

2221 5292 2592 5356 effectricem,
2626 5285 3232 5356 conservatricemque
3262 5281 3790 5355 cognoscimus,sic
3823 5281 3881 5335 in

2224 5385 2338 5440 Deo
2368 5381 2535 5437 nobis
2570 5395 2668 5450 per
2710 5391 2946 5434 carnem
3001 5376 3289 5446 patefacto
3338 5372 3690 5429 admiranda
3723 5370 3882 5425 illius

2299 5543 2410 5615 (54)
2433 5541 2600 5595 Τοω.
2631 5536 2784 5597 XLV,
2818 5533 2927 5590 col.
2961 5535 3045 5588 tO.
