4066 6208
261 416 288 472 1
301 415 419 474 225

1584 411 1984 471 THESAURI
2031 413 2177 471 LIB.
2230 413 2338 472 ΙΙΙ.

3525 422 3675 480 1226

259 563 440 621 Opera
469 542 687 598 similia
710 543 783 596 iis
816 558 943 614 qua:
972 541 1187 611 scripta
1209 541 1588 612 sunt,quibus
1621 547 1903 613 tanquam
1936 550 1988 613 Α
2017 559 2146 598 esse
2179 543 2474 611 concedis,
2509 561 2575 600 ex
2635 544 2855 599 eisdem
2890 545 3057 599 dabis
3088 545 3350 612 omnino,
3392 555 3445 602 et
3476 555 3671 606 ortum

262 641 439 705 notis,
491 641 699 692 natura
757 634 954 688 divina
1032 633 1378 696 declaratur,
1426 632 1686 703 locuples
1747 632 1914 686 nobis

259 727 588 783 divinitatis
615 725 744 794 ejus
782 723 1179 778 testimonium
1217 723 1486 778 afferunt.
1524 721 1626 776 Dei
1659 736 1909 792 namque

259 834 388 872 esse
419 814 852 887 cognoscimus,
885 811 1222 867 hominibus
1261 813 1437 865 vitam
1477 811 1750 864 tribuere.
1786 809 1906 873 Dei,

255 923 325 962 ea
360 922 489 976 quae
523 909 660 959 sunt
692 901 1055 974 providentia
1082 900 1254 970 tueri,
1296 917 1360 954 ac
1387 916 1749 956 conservare.
1785 898 1906 965 Dei,

255 997 452 1050 cibum
504 1002 558 1050 et
607 998 806 1064 potum
839 991 910 1046 iis
945 1008 1070 1063 quae
1121 990 1180 1044 in
1216 1006 1390 1046 carne
1449 990 1628 1044 vitam
1663 991 1904 1061 degunt,

254 1084 511 1155 elargiri.
564 1084 686 1148 Dei,
721 1083 791 1137 de
818 1081 1178 1152 pauperibus
1231 1085 1287 1134 et
1325 1079 1726 1150 indigentibus
1759 1078 1907 1132 bene

255 1174 484 1229 mereri.
507 1172 630 1240 Dei,
660 1177 928 1226 naturam
965 1186 1095 1239 quae
1126 1168 1464 1225 inﬁrmitate
1495 1185 1602 1224 sua
1633 1168 1702 1222 de
1753 1171 1908 1222 recta

251 1264 345 1318 via
394 1263 729 1328 deflexerat,
782 1260 1053 1313 reducere
1106 1258 1175 1312 ad
1229 1258 1554 1325 sanitatem,
1598 1263 1652 1310 et
1701 1256 1756 1310 in
1788 1255 1903 1325 pri-

252 1354 477 1407 stinum
510 1355 730 1405 statum
764 1364 1033 1404 revocare
1065 1364 1080 1413 ;
1113 1346 1236 1410 Dei,
1269 1345 1496 1401 cunctis
1535 1361 1698 1416 aeque
1731 1344 1904 1399 rebus

254 1442 578 1511 procreatis
608 1439 922 1509 imperare,
967 1440 1154 1500 terrae,
1191 1435 1361 1503 mari,
1395 1434 1534 1503 aeri,
1590 1439 1646 1488 et
1676 1432 1747 1487 iis
1776 1449 1902 1503 quae

250 1548 434 1599 supra
465 1545 654 1584 aerem
707 1529 820 1581 sita
861 1530 1024 1580 sunt.
1059 1525 1178 1592 Dei,
1228 1529 1564 1595 perpetuam
1613 1522 1672 1577 in
1704 1523 1903 1577 omnia

248 1623 598 1690 potestatem
667 1617 901 1683 habere,
962 1613 1370 1684 imprimisque
1417 1628 1546 1668 esse
1615 1615 1798 1666 morte
1848 1617 1903 1665 et

245 1707 618 1778 corruptione
652 1702 1254 1775 superioremllorum
1296 1702 1342 1756 si
1368 1701 1506 1772 quid
1541 1700 1598 1754 in
1631 1699 1896 1769 historia,

246 1815 368 1867 qua
413 1796 530 1850 vita
563 1794 752 1866 ipsius
785 1791 1156 1860 describitur,
1192 1790 1576 1857 desideratur,
1614 1788 1700 1842 illi
1732 1788 1831 1858 qui
1865 1805 1898 1842 a

2021 636 2077 686 et
2110 637 2352 687 mortem
2389 636 2512 703 ejus
2544 651 2577 688 a
2611 634 2980 704 corruptione
3014 635 3209 704 procul
3243 637 3671 702 abl'uissc.Quaa

2021 719 2068 773 si
2109 725 2374 775 naturam
2409 727 2707 792 superant,
2742 722 2789 775 is
2823 722 2973 777 intra
3021 734 3287 777 naturam
3332 743 3444 780 non
3476 729 3667 783 conti-

2020 813 2213 874 netur,
2261 810 2357 880 qui
2426 816 2658 882 propter
2719 811 2836 866 haec
2895 816 3100 867 natura
3167 817 3433 885 superior
3486 817 3666 874 fuisse

2018 897 2500 969 demonstratur.)

2648 1007 2802 1062 CAP.
2838 1008 3034 1062 XXXI.

2013 1111 2274 1186 Maximi,
2306 1112 2374 1186 de
2403 1112 2593 1186 divina
2645 1113 3052 1182 incarnatione,
3095 1130 3163 1168 ea:
3203 1115 3660 1186 interpretatione

2087 1185 2353 1237 orationis
2428 1183 2494 1238 «le
2568 1192 2715 1240 recta
2786 1188 3142 1254 confessione.
3225 1183 3658 1254 [Incarnatio/ais

2088 1256 2352 1328 mysteria
2388 1254 2597 1309 nullius
2613 1256 2884 1324 facundia
2915 1255 3156 1328 exprimi
3175 1261 3514 1326 possunl,sed
3545 1264 3661 1317 .sola

2086 1325 2189 1391 [ide
2237 1330 2553 1381 creduntur.

2087 1432 2136 1484 1.
2173 1433 2382 1502 Ecquis
2442 1437 2660 1488 tantum
2695 1433 2921 1488 excellit
2981 1435 3206 1489 dicendi
3250 1437 3546 1506 facultate,
3592 1445 3657 1494 ut

2009 1519 2347 1587 audeat,aut
2379 1522 2563 1592 possit
2587 1521 2890 1592 explicare,
2923 1525 3216 1593 quomodo
3267 1527 3652 1597 comprehen-

2011 1624 2112 1662 sus
2145 1608 2221 1662 sit
2253 1614 2402 1664 Deus
2436 1611 2463 1663 τ

2078 1699 2131 1751 2.
2161 1698 2458 1761 Quomodo
2490 1714 2622 1752 caro
2650 1697 2776 1754 sine
2803 1700 3024 1754 semine
3048 1705 3319 1770 generata
3351 1703 3426 1756 sit
3456 1704 3483 1756 ?

2076 1786 2129 1842 3.
2183 1787 2480 1850 Quomodo
2528 1789 2650 1841 sine
2700 1791 3068 1860 corrUptione
3125 1789 3389 1845 mulieris
3448 1799 3649 1861 partus

245 1886 526 1956 religione
575 1889 712 1939 sunt
761 1882 958 1951 alieni,
993 1880 1202 1936 merito
1252 1880 1591 1950 mysterium
1627 1882 1893 1932 nostrum
1923 1910 1972 1974 Β
2005 1875 2286 1930 exstiterit
2317 1876 2345 1930 ‘I

241 1975 638 2046 repudiarent.
674 1973 772 2028 Sin
807 1971 1004 2026 omnia
1046 1970 1262 2040 quibus
1302 1969 1454 2023 Deus
1503 1967 1888 2038 cognoscitur,

241 2064 305 2120 in
338 2080 401 2117 ea
435 2058 1048 2132 conspiciuntur,quid
1075 2057 1342 2128 prohibet
1366 2057 1684 2128 quominus
1714 2055 1886 2108 ﬁdem

244 2152 701 2222 religionemque
762 2148 1051 2218 suscipias
1081 2147 1108 2202 ?
1135 2153 1199 2200 At
1230 2146 1409 2213 enim,
1439 2145 1693 2216 inquies,
1729 2142 1889 2199 nasci

245 2247 301 2296 et
358 2242 518 2297 obire
569 2239 803 2310 propria
843 2243 981 2294 sunt
1039 2237 1283 2307 hujusce
1330 2237 1542 2290 carnis.
1576 2233 1886 2303 Concedo:

242 2349 447 2388 verum
503 2346 569 2385 ea
601 2346 729 2399 quae
764 2331 960 2383 ortum
987 2327 1116 2396 ejus
1175 2329 1615 2397 praecesserunt,
1649 2338 1892 2394 quaeque

248 2429 492 2476 mortem
529 2424 669 2473 sunt
698 2418 1406 2482 subsecuta,communem
1431 2419 1648 2467 naturae
1682 2419 1890 2466 nostra

243 2509 640 2565 conditionem
666 2510 948 2578 superant
981 2522 993 2559 :
1023 2520 1152 2559 nam
1177 2503 1226 2557 si
1245 2508 1558 2572 utrumque
1577 2501 1890 2555 terminum

241 2600 512 2654 humana
544 2597 672 2651 vitas
704 2596 1058 2660 consideres,
1092 2593 1316 2647 videbis
1349 2592 1502 2645 unde
1543 2590 1894 2660 incipiamus

243 2694 301 2744 et
335 2705 450 2759 quo
480 2687 862 2742 deducamur.
882 2686 926 2738 A
955 2681 1328 2753 corruptione
1357 2680 1512 2736 enim
1539 2679 1892 2750 principium

244 2777 536 2845 ducimus,
569 2780 626 2830 et
663 2775 724 2830 in
759 2773 1199 2844 corruptionem
1232 2769 1560 2826 desinimus
1591 2784 1604 2823 :
1639 2768 1767 2838 ejus
1797 2783 1893 2822 au-

243 2872 365 2921 tem
428 2882 532 2920 nec
608 2869 800 2919 ortum
853 2877 958 2917 nec
1006 2865 1250 2916 mortem
1301 2858 1524 2929 excepit
1577 2855 1892 2925 corruptio.

247 2955 364 3010 Hoc
401 2954 502 3008 tibi
532 2952 941 3008 admirandum
975 2950 1205 3004 videtur
1234 2952 1292 3003 et
1325 2945 1662 3002 incredibile
1694 2945 1721 2998 ‘I
1751 2946 1896 2999 Gau-

250 3044 380 3099 deo.
411 3046 548 3109 Quae
577 3042 730 3097 enim
766 3056 944 3111 supra
977 3054 1151 3109 quam
1179 3037 1333 3091 credi
1366 3035 1612 3106 poss’nt,
1648 3033 1896 3089 admira-

252 3133 398 3188 bilia
448 3136 640 3202 putas,
700 3145 768 3183 ea
826 3143 1006 3197 supra
1066 3129 1336 3180 naturam
1389 3139 1518 3178 esse
1576 3120 1892 3177 conﬁteris.

254 3223 622 3292 Quapropter
681 3217 788 3272 hoc
825 3215 926 3270 tibi
962 3212 1282 3268 divinitatis
1331 3211 1461 3280 ejus
1502 3210 1894 3266 certissimum
1926 3253 1968 3319 Ο

252 3313 330 3364 sit
387 3311 818 3379 argumentum,
851 3304 1001 3375 quod
1057 3318 1182 3370 qua:
1215 3303 1283 3356 de
1332 3300 1430 3355 illo
1487 3299 1895 3371 przedicantur,

254 3416 373 3454 non
407 3393 980 3467 sequunturomnino
997 3391 1257 3448 ordinem
1280 3390 1604 3444 naturalem
1645 3405 1655 3443 :
1687 3389 1900 3443 etenim

255 3492 305 3545 si
340 3505 408 3543 ea
457 3503 584 3557 quae
616 3486 686 3539 de
717 3484 945 3538 Christo
996 3481 1289 3535 memorias
1347 3478 1576 3550 prodita
1606 3483 1765 3543 sunt,
1801 3494 1898 3531 na-

254 3583 408 3633 turae
440 3575 706 3630 terminis
738 3573 936 3628 omnia
967 3567 1532 3632 continerentur,ubi
1564 3567 1722 3621 illius
1749 3570 1902 3622 esset

255 3665 538 3724 divinitas
569 3666 596 3718 ‘?
617 3664 758 3718 Cum
803 3678 930 3715 vero
967 3659 1308 3724 multorum,
1341 3657 1554 3727 quibus
1584 3656 1751 3710 ﬁdem
1789 3672 1900 3710 non

253 3757 462 3821 habes,
496 3753 640 3807 ratio
673 3757 938 3806 naturam
969 3750 1224 3819 superet,
1259 3747 1378 3800 haec
1416 3745 1546 3816 ipsa
1577 3744 1903 3799 testimonio

253 3849 421 3910 sunt,
456 3841 624 3896 illum
658 3855 832 3912 quem
894 3837 1285 3908 pradioamus
1336 3835 1518 3888 Deum
1552 3833 1723 3888 etiam
1755 3847 1900 3887 esse.

253 3933 538 3988 Homines
598 3930 754 3982 enim
805 3929 1157 3998 generantur
1199 3940 1268 3977 ex
1300 3928 1604 3994 parentum
1657 3922 1903 3990 conjun-

253 4023 475 4085 ctione,
510 4022 564 4074 et
593 4021 723 4089 post
754 4021 1000 4070 mortem
1034 4015 1220 4085 ipsam
1263 4020 1736 4081 corrumpuntur.
1771 4009 1902 4072 Quae

254 4113 308 4168 si
363 4111 433 4163 de
468 4111 590 4178 ipso
622 4107 976 4170 dicerentur,
1011 4107 1190 4157 Deum
1225 4117 1352 4155 esse
1403 4116 1516 4154 non
1558 4115 1760 4169 posses
1786 4098 1904 4151 exi-

256 4200 526 4263 stimare,
563 4211 732 4266 quem
763 4193 1027 4248 eamdem
1061 4207 1236 4260 quam
1274 4205 1399 4257 nos,
1442 4187 1654 4241 habere
1688 4193 1907 4240 natura:

259 4287 664 4345 conditionem
717 4282 1092 4352 intelligeres.
1149 4284 1215 4334 At
1273 4293 1407 4333 cum
1468 4276 1636 4330 illum
1670 4275 1905 4345 quidem

257 4383 473 4434 natum
521 4391 648 4430 esse
680 4373 866 4437 audis,
909 4372 1006 4425 sed
1039 4367 1318 4424 nascendi
1373 4366 1596 4421 ratione
1643 4381 1907 4420 commu-

258 4483 401 4524 nem
437 4469 657 4519 naturae
709 4465 917 4516 nostrae
960 4458 1220 4514 ordinem
1254 4471 1581 4526 superasse,
1615 4453 1912 4509 eumdem-

257 4572 385 4627 que
417 4558 712 4608 mortuum
747 4551 1005 4620 quidem,
1040 4549 1136 4603 sed
1169 4546 1595 4615 corruptionem
1630 4560 1744 4597 non
1777 4543 1911 4597 atti-

257 4646 427 4717 gisse
461 4660 475 4696 :
522 4654 888 4710 consequens
915 4638 1080 4703 foret,
1115 4640 1180 4690 ut
1211 4635 1258 4689 si
1292 4636 1640 4688 alterutrum
1668 4631 1768 4687 tibi
1803 4649 1916 4687 cre-

259 4732 528 4789 dendum
566 4747 678 4786 non
711 4733 884 4795 esset,
912 4726 1206 4782 hominem
1241 4723 1436 4795 potius
1477 4739 1609 4776 eum
1644 4738 1770 4776 esse
1805 4738 1918 4776 non

263 4822 561 4887 crederes,
585 4835 768 4875 unum
803 4834 871 4872 ex
894 4817 965 4871 iis
997 4816 1095 4885 qui
1121 4813 1180 4868 in
1216 4821 1418 4867 natura
1449 4811 1918 4882 conspiciuntur,

261 4917 334 4968 et.
363 4925 535 4979 quem
583 4925 698 4964 non
727 4923 856 4962 esse
887 4906 1181 4961 hominem
1222 4903 1504 4969 crederes,
1541 4916 1675 4954 eum
1711 4915 1919 4954 neces-

267 5001 431 5059 sario
467 5002 648 5054 Deum
681 5013 811 5052 esse
843 4993 1226 5050 arbitrareris.
1247 4992 1354 5059 Qui
1385 4991 1541 5048 enim
1573 5007 1706 5045 eum
1732 4995 1922 5045 ortum

271 5107 409 5147 esse
442 5085 731 5143 memoriae
785 5083 1043 5152 tradidit,
1096 5083 1246 5137 idem
1307 5099 1375 5137 ex
1437 5080 1666 5151 Virgine
1721 5084 1923 5136 natum

275 5183 532 5236 testatus
587 5180 698 5231 est.
757 5174 1147 5238 Quamobrem
1199 5171 1247 5226 si
1297 5169 1600 5240 scriptoris
1658 5170 1831 5225 verba
1877 5179 1927 5225 te

273 5269 604 5333 adducunt,
632 5269 696 5320 ut
714 5269 914 5318 natum
959 5262 1182 5326 credas,
1214 5261 1415 5314 eadem
1433 5258 1734 5328 suriptoris
1756 5261 1930 5314 verba

274 5359 388 5414 tibi
421 5355 589 5410 illum
639 5355 721 5408 ita
751 5358 952 5408 natum
995 5367 1124 5406 esse
1177 5347 1562 5420 persuadeant
1595 5364 1608 5400 :
1646 5347 1744 5416 qui
1773 5347 1927 5402 enim

274 5454 473 5504 ortum
524 5443 715 5515 ipsius
748 5440 1063 5505 enarravit,
1096 5439 1252 5493 idem
1283 5452 1414 5491 eum
1464 5450 1528 5488 ex
1563 5435 1797 5501 Virgine
1827 5437 1931 5490 ad—

266 5540 290 5606 j
306 5533 473 5590 unxit
498 5531 792 5587 exstitisse
827 5547 840 5584 :
869 5535 926 5584 et
956 5528 1055 5599 qui
1077 5528 1146 5582 de
1181 5530 1364 5580 morte
1386 5523 1738 5576 mentionem
1774 5523 1928 5592 fecit,

276 5621 763 5680 resurrectionem
815 5618 990 5674 etiam
1026 5621 1156 5688 post
1188 5617 1430 5669 mortem
1484 5620 1570 5666 est
1600 5616 1930 5668 attestatus.

276 5713 447 5778 Quod
481 5711 530 5766 si
562 5727 630 5765 ex
657 5710 729 5765 iis
782 5724 912 5781 quae
946 5706 1134 5772 audis,
1170 5710 1226 5758 et
1257 5705 1550 5758 mortuum
1581 5706 1635 5756 et
1665 5701 1929 5774 genitum

532 5830 796 5891 PATHOL.
845 5830 951 5889 Gn.
1000 5825 1311 5887 CXXXIX.

2074 1967 2124 2019 4.
2177 1965 2476 2028 Quomodo
2533 1965 2694 2036 virgo
2754 1967 2914 2021 nullo
2975 1967 3359 2023 intercedente
3407 1969 3642 2024 homine

2000 2060 2187 2110 mater
2217 2055 2466 2109 evaserit
2495 2055 2522 2109 τ

2067 2154 2121 2207 5.
2162 2152 2462 2215 Quomodo
2496 2159 2700 2221 mater,
2735 2158 2898 2224 partu
2935 2154 3323 2224 virginitatem
3381 2171 3494 2208 non
3530 2154 3652 2210 sol-

1999 2247 2189 2309 vente,
2221 2241 2383 2314 virgo
2417 2242 2795 2312 permanserit
2824 2244 2851 2297 '?

2071 2333 2126 2384 6.
2162 2331 2228 2385 Et
2257 2331 2345 2401 (ut
2373 2336 2628 2386 extremo
2681 2331 2802 2386 loco
2833 2333 2983 2402 quod
3021 2332 3273 2403 primum
3308 2336 3395 2386 est
3428 2331 3643 2402 dicam)

2003 2421 2292 2492 quomodo
2328 2425 2476 2474 Deus
2517 2422 2705 2475 factus
2737 2421 2813 2474 sit
2843 2421 3012 2474 homo
3042 2422 3069 2474 ?

2070 2511 2127 2564 7.
2162 2513 2232 2563 Et
2260 2509 2437 2579 (quod
2464 2510 2656 2578 majus
2684 2509 3021 2580 mysterium
3052 2509 3332 2577 continet)
3355 2511 3646 2580 quomodo

2002 2613 2105 2669 per
2118 2599 2430 2652 essentiam
2448 2598 2661 2653 secund
2676 2614 2769 2651 um
2788 2613 3092 2668 personam
3114 2598 3168 2651 in
3185 2614 3356 2652 carne
3373 2597 3648 2662 existens,

2005 2704 2106 2758 per
2137 2688 2446 2741 essentiam
2475 2687 2796 2742 secundum
2822 2702 3128 2758 personam
3157 2691 3314 2742 totus
3345 2687 3649 2760 semperin

2004 2775 2169 2832 Patre
2196 2776 2368 2831 fuerit
2397 2776 2424 2830 ?

2073 2866 2126 2918 8.
2180 2865 2478 2929 Quomodo
2526 2871 2580 2919 et
2625 2867 2783 2919 totus
2817 2864 2892 2918 sit
2940 2870 3149 2919 natura
3202 2864 3376 2930 Deus,
3409 2871 3463 2918 et
3491 2867 3650 2918 totus

2006 2959 2214 3009 natura
2256 2954 2338 3008 ita
2395 2954 2583 3008 factus
2614 2953 2691 3007 sit
2722 2953 2918 3017 homo,
2957 2959 3018 3007 ut
3076 2970 3180 3007 nec
3238 2952 3512 3018 divinam,
3547 2969 3651 3007 nec

2005 3043 2325 3098 humanam
2378 3042 2675 3112 abjiceret,
2731 3044 2830 3098 sed
2879 3044 3082 3098 ambas
3143 3045 3269 3098 sine
3308 3043 3652 3098 confusione

2008 3135 2352 3203 conjunctas
2381 3137 2752 3187 conservaret
2779 3132 2807 3186 ‘I

2079 3225 2128 3278 1.
2163 3223 2290 3278 Ηωο
2323 3223 2464 3278 ﬁdes
2501 3221 2623 3277 sola
2653 3223 3257 3294 comprehendit,cum
3291 3238 3493 3277 eorum
3523 3239 3650 3293 quaa

2010 3316 2262 3368 mentem
2295 3315 2351 3366 et
2380 3311 2792 3382 cogitationem
2810 3316 3086 3381 superant
3117 3310 3533 3365 demonstratio
3549 3311 3650 3379 sit,

2006 3405 2182 3471 atque
2212 3400 2384 3455 etiam
2419 3399 2670 3469 cognitio
2701 3405 2756 3454 et
2785 3399 3049 3464 scientia,
3085 3416 3212 3470 quas
3247 3398 3424 3452 nullis
3460 3397 3648 3452 verbis

2008 3490 2395 3545 demonstrari
2430 3489 2631 3559 possit.

2075 3583 2125 3634 2.
2179 3579 2480 3648 Ejusdem,
2538 3579 2856 3633 Adamusa
2900 3578 3096 3634 divino
3159 3577 3435 3632 mandato
3494 3591 3649 3629 rece-

2008 3669 2151 3723 dens
2183 3669 2240 3723 in
2276 3685 2454 3723 causa
2486 3667 2612 3735 fuit,
2647 3671 2711 3722 ut
2733 3667 2991 3723 hominis
3023 3666 3372 3736 principium
3408 3664 3648 3717 sitcum

2008 3759 2323 3828 voluptate,
2376 3757 2510 3812 ﬁnis
2541 3774 2673 3811 cum
2727 3757 2942 3812 dolore.
2994 3755 3136 3809 Nam
3192 3771 3323 3808 cum
3357 3752 3648 3820 voluptate

2008 3847 2288 3917 gignitur,
2321 3861 2453 3898 cum
2488 3845 2684 3899 dolore
2714 3845 2982 3898 moritur.
3015 3841 3282 3895 Christus
3331 3845 3523 3894 autem
3561 3840 3647 3892 fa-

2009 3941 2138 3989 ctus
2183 3934 2459 3989 obediens
2493 3931 2672 3988 alium
2705 3949 2773 3986 ex
2823 3933 3037 4003 Spiritu
3091 3937 3281 3983 ortum
3318 3927 3649 3983 hominibus

2009 4023 2254 4093 largitus
2285 4028 2396 4087 est,
2429 4022 2596 4090 cujus
2628 4020 2860 4075 initium
2913 4037 2944 4074 a
2975 4018 3172 4072 dolore
3214 4017 3448 4088 quidem
3483 4033 3654 4072 exco-

2007 4110 2193 4164 lendae
2250 4109 2500 4177 virtutis,
2541 4115 2598 4163 et
2646 4108 2941 4163 laboribus
2999 4107 3303 4162 nascitur:
3352 4105 3485 4160 ﬁnis
3515 4122 3650 4161 vero

2011 4198 2367 4267 voluptatem
2430 4203 2488 4252 et
2519 4197 2771 4268 quietem
2829 4196 3224 4266 consequitur.
3261 4195 3647 4258 Quamobrem

2012 4296 2060 4342 et
2097 4288 2223 4357 ipse
2252 4304 2382 4341 cum
2417 4286 2586 4342 vellet
2623 4287 2796 4342 homo
2831 4288 2972 4355 ﬁeri,
3005 4287 3274 4357 quamvis
3307 4285 3528 4340 semine
3560 4302 3660 4339 no-

2011 4376 2188 4432 luerit
2242 4377 2524 4448 generari,
2588 4380 2834 4431 mortem
2886 4381 3082 4431 tamen
3143 4375 3396 4446 perferre
3453 4372 3659 4438 voluit,

2017 4482 2130 4520 non
2165 4470 2228 4520 ut
2283 4465 2614 4536 voluptatis,
2647 4482 2774 4535 quae
2811 4465 2971 4519 nulla
3029 4465 3233 4532 fuerat,
3258 4467 3412 4518 esset
3471 4477 3662 4532 pcena,

2019 4556 2118 4610 sed
2181 4558 2246 4610 ut
2298 4571 2405 4609 nos
2461 4555 2766 4608 damnatos
2827 4553 3171 4619 absolveret,
3220 4557 3284 4607 ut
3338 4555 3522 4606 morte
3553 4567 3661 4604 sua

1962 4638 1993 4690 ἓξ
2031 4648 2274 4698 mortem
2326 4647 2585 4697 nostram
2619 4643 2996 4713 interimeret,
3045 4648 3101 4698 et
3130 4640 3466 4697 conciliaret
3497 4638 3665 4693 nobis

2030 4731 2548 4787 immortalitatem.

2103 4821 2156 4874 3.
2212 4821 2507 4890 Ejusdem.
2541 4821 2784 4892 [Equum
2821 4822 2948 4890 fuit,
2987 4826 3050 4875 ut
3081 4821 3254 4887 Deus,
3307 4819 3404 4888 qui
3462 4823 3674 4872 natura

2035 4912 2091 4962 et
2120 4909 2334 4974 bonus,
2369 4913 2423 4963 et
2451 4911 2705 4979 sapiens,
2738 4909 3099 4980 etjustus,el
3135 4912 3338 4978 potens
3369 4911 3675 4972 est,neque

2039 4998 2119 5054 uti
2170 5000 2360 5052 bonus
2392 4996 2646 5052 hominis
2675 5017 2705 5051 a
2737 5014 2798 5052 se
2830 4996 3110 5067 procreati
3139 4995 3462 5064 despiceret
3520 4992 3678 5044 inﬁr«

2040 5087 2302 5142 mitatem
2335 5101 2347 5139 :
2382 5090 2438 5142 et
2469 5086 2551 5139 uti
2613 5086 2847 5156 sapiens
2897 5087 3024 5155 ejus
3064 5083 3333 5139 curanda:
3395 5080 3676 5135 rationem

2039 5177 2328 5247 cognitam
2365 5174 2601 5228 haberet
2636 5191 2648 5226 :
2681 5179 2736 5227 et
2768 5174 2848 5228 uti
2885 5175 3085 5242 justus
3135 5189 3234 5226 eos
3293 5169 3390 5240 qui
3425 5168 3683 5222 volentes

2041 5263 2305 5319 servituti
2333 5278 2460 5316 sesc
2492 5261 2880 5330 subjecerant,
2919 5260 3076 5313 nulla
3109 5259 3382 5314 violentia
3417 5259 3474 5312 in
3508 5256 3684 5314 libero

2044 5357 2214 5406 tatem
2248 5349 2670 5404 vindicaret:et
2705 5354 2766 5402 ut
2799 5353 2999 5416 potens
3023 5350 3091 5402 ad
3127 5348 3236 5402 hoc
3268 5346 3686 5418 perﬁciendum

2041 5443 2191 5497 vires
2220 5447 2276 5497 et
2305 5440 2636 5494 facultatem
2666 5441 2974 5494 obtineret.

2119 5531 2170 5586 4.
2206 5529 2308 5585 Dei
2339 5529 2584 5585 Verbum
2641 5544 2812 5583 carne
2843 5527 3019 5582 semel
3075 5531 3416 5600 generatum
3476 5525 3692 5595 Spiritu

2046 5618 2378 5675 volentibus
2434 5634 2664 5689 semper
2719 5622 3050 5689 generatur.
3113 5618 3297 5673 Mores
3337 5616 3699 5684 virtutesque

2051 5709 2221 5781 quasi
2252 5725 2464 5779 corpus
2494 5709 2622 5779 ejus
2653 5709 3356 5777 constituunt,sermones
3386 5707 3444 5761 in
3467 5704 3689 5776 Spiritu

3389 5827 3463 5884 39
