4044 6212
418 410 575 470 1227

1736 402 2044 464 NICETIS
2086 404 2503 467 ΟΗΟΝΙΑἸἙ

3691 408 3842 471 12ὶὸ

418 542 603 601 habiti
636 542 917 611 animam,
956 542 1211 595 mentem
1240 552 1373 596 vero
1420 539 1749 610 theologica
1809 544 2065 595 contem-
2106 544 2144 608 Α
2185 539 2554 611 phantasiam
2589 558 2692 599 seu
2724 540 3155 599 simulationem
3199 542 3544 615 disponens,
3584 547 3684 601 sed
3719 563 3848 602 car-

421 633 870 793 plgfigiusdem.
906 721 1010 789 Qui
1069 719 1196 775 sine
1230 722 1466 791 peccato
1511 718 1695 775 factus
1727 723 1816 775 est
1868 719 2070 786 homo,

428 812 667 868 omnino
699 811 825 865 sine
856 809 1181 865 mutatione
1218 808 1539 863 divinitatis
1581 808 1874 864 hominem
1920 809 2067 863 divi-

426 922 568 962 num
601 905 834 969 et'ticiet,
856 920 1110 975 eumque
1142 919 1243 972 per
1273 919 1335 957 se
1367 907 1598 957 tantum
1631 901 2072 971 extollet,quan-

428 1002 552 1051 tum
588 1012 689 1066 per
719 993 887 1048 illum
920 1009 1047 1049 sese
1078 992 1374 1049 submisit.
1410 990 1470 1046 In
1502 991 1731 1047 saeculis
1773 992 1926 1046 enim
1980 992 2068 1046 fu-

426 1088 593 1155 turis,
677 1090 738 1141 ut
795 1086 875 1141 ait
956 1084 1294 1156 Apostolus,
1372 1084 1649 1155 pateﬁent
1723 1083 2069 1139 excellentes

428 1179 640 1235 divitiis
665 1178 942 1232 bonitatis
973 1191 1103 1248 erga
1140 1192 1246 1231 nos
1272 1176 1388 1230 Dei.

496 1268 551 1321 6.
601 1265 1107 1333 Quemadmodum
1166 1262 1223 1319 in
1277 1263 1413 1319 lana
1460 1263 1728 1331 candida,
1788 1260 1836 1319 si
1880 1260 2072 1318 colore

426 1373 699 1428 purpurae
732 1356 1050 1423 imbuatur,
1088 1370 1201 1409 non
1234 1354 1349 1409 duo
1382 1358 1538 1421 sunt,
1567 1353 1663 1408 sed
1698 1369 1851 1407 unus
1881 1350 2065 1406 color:

424 1448 591 1504 sicin
623 1452 817 1503 mente
854 1448 1118 1502 humana
1146 1464 1178 1501 a
1229 1451 1339 1501 Deo
1383 1449 1707 1518 assumpta,
1761 1444 2071 1515 divinaque

424 1537 673 1601 reddita,
705 1554 819 1591 non
853 1538 969 1591 duo
1002 1544 1138 1591 sunt
1162 1535 1455 1606 principes
1488 1536 1642 1591 Deus
1664 1539 1721 1589 et
1750 1550 1936 1601 mens,
1971 1528 2069 1587 sed

429 1643 584 1682 unus
609 1626 710 1698 qui
743 1631 1000 1681 mentem
1032 1625 1287 1679 divinam
1322 1624 1578 1679 reddidit
1610 1628 1785 1679 Deus.

1038 1732 1192 1787 CAP.
1233 1731 1443 1786 XXXII.

862 1840 1097 1896 Joannis
1128 1838 1459 1894 Damasceni
1490 1839 1621 1909 (35).

495 1946 759 2015 Angelus
789 1946 1021 2001 Domini
1058 1946 1276 2001 missus
1324 1946 1397 2001 ad
1433 1949 1693 2001 sanctam
1745 1943 2063 2013 Virginem,

437 2054 565 2108 qua:
610 2052 791 2106 genus
839 2052 907 2090 ex
954 2035 1228 2091 Davidica
1276 2036 1431 2090 tribu
1489 2036 1755 2099 ducebat,
1817 2035 2070 2105 (constat

433 2125 588 2181 enim
620 2123 931 2180 Dominum
966 2140 1034 2179 ex
1082 2124 1235 2179 Juda
1264 2128 1456 2178 ortum
1498 2123 1790 2195 traxisse),
1840 2140 1955 2194 qua
2001 2140 2068 2178 ex

429 2212 583 2268 tribu
610 2211 811 2267 nullus
842 2212 1104 2267 animum
1136 2212 1206 2267 ad
1239 2212 1626 2268 sacerdotium
1660 2210 1906 2283 appulit.

428 2342 444 2357 ο
526 2343 538 2357 0
624 2343 637 2357 Ι
710 2341 723 2356 ο
806 2346 819 2357 ο
899 2343 914 2358 ο
994 2342 1008 2357 ο
1084 2342 1097 2355 ο
1187 2340 1200 2356 ο
1285 2341 1298 2355 ⁸
1388 2338 1400 2354 ο
1484 2339 1498 2355 ο
1579 2341 1593 2355 ο
1674 2342 1687 2355 ι
1768 2339 1784 2354 ο
1866 2342 1881 2357 ο
1962 2340 1976 2354 Ο
2050 2341 2062 2353 ο

427 2398 491 2443 ut
541 2390 750 2444 beatus
779 2388 1090 2460 Apostolus
1122 2387 1220 2463 ait,
1276 2388 1346 2442 de
1386 2404 1498 2458 quo
1552 2391 1751 2458 postea
1807 2386 2069 2442 dicemus

428 2478 713 2550 apertius)
742 2478 828 2533 sic
857 2476 1263 2547 evangelizaus
1306 2476 1489 2532 dixit:
1524 2482 1631 2533 Ave
1664 2478 1849 2547 gratia
1878 2475 2067 2545 plena,

431 2567 698 2621 Dominus
726 2569 923 2622 tecum.
956 2567 1092 2630 Quae
1124 2582 1253 2622 cum
1309 2567 1545 2621 turbata
1601 2569 1755 2621 esset
1811 2564 1922 2619 hoc
1946 2580 2066 2620 sero

437 2672 630 2724 mone,
664 2655 917 2727 subjecit
948 2657 1193 2727 angelus
1221 2672 1234 2710 :
1266 2656 1346 2709 Ne
1376 2654 1790 2721 timeas,Maria,
1809 2656 2072 2711 invenisti

437 2751 587 2800 enim
633 2747 875 2815 gratiam
905 2745 1050 2816 apud
1081 2745 1396 2812 Dominum,
1432 2750 1488 2799 et
1515 2746 1703 2816 paries
1753 2742 1990 2809 Filium,
2021 2746 2071 2799 et

429 2836 642 2891 vocabis
669 2851 868 2892 nomen
896 2836 1012 2904 ejus
1040 2837 1247 2891 Iesum.
1282 2836 1401 2905 ipse
1428 2836 1575 2889 enim
1621 2834 1862 2890 servabit
1891 2848 2068 2905 popu-

433 2925 548 2980 lum
577 2941 739 2979 suu-m
770 2941 804 2979 α
841 2923 1074 2994 peccatis
1096 2939 1286 2979 eorum
1309 2944 1327 2978 :
1348 2925 1501 2979 unde
1521 2927 1694 2978 Jesus
1716 2927 2069 2980 servatorem

431 3013 883 3084 signiﬁcatﬂum
915 3029 981 3068 cu
995 3031 1048 3067 m
1072 3013 1348 3068 haesitans
1364 3012 1780 3084 respondisset:
1799 3011 2073 3079 Quomodo

427 3104 522 3172 ﬁet
554 3102 697 3157 istud
719 3100 873 3171 ,quin
900 3102 1082 3156 virum
1111 3118 1222 3155 non
1249 3116 1507 3170 cognosco
1535 3102 1562 3156 ‘i
1588 3102 1797 3170 adjecit
1829 3099 2071 3171 angelus

425 3192 673 3261 Spiritus
702 3200 920 3245 sanctus
948 3194 1298 3261 superveniet
1330 3193 1388 3248 in
1416 3196 1490 3259 te,
1521 3199 1571 3247 et
1601 3190 1772 3247 virtus
1800 3188 2073 3246 Altissimi

2098 1900 2148 1968 B

2177 642 2311 686 nem
2356 633 2554 688 anima
2603 634 2848 689 rationis
2882 637 2939 688 ct
2983 633 3316 690 intellectus
3374 636 3663 708 participe
3719 638 3851 693 sui-

2181 725 2391 775 mutam
2425 738 2494 777 ex
2528 728 2727 778 sancta
2759 722 2997 795 Virgine
3020 738 3609 797 assumens,qua2que
3632 726 3691 780 in
3719 728 3849 797 ipso

2177 810 2492 865 essentiam
2553 809 2817 875 haberet,
2891 811 3255 884 hypostatice
3303 815 3659 883 conjunctae
3720 818 3836 885 est,

2177 896 2337 953 nulla
2367 900 2733 965 confusione,
2770 900 2934 955 nulla
2973 904 3319 970 mutatione,
3358 903 3518 958 nulla
3554 904 3851 960 divisione

2175 987 2349 1055 facta,
2381 984 2710 1045 divinitatis
2745 1006 2865 1045 suae
2921 995 3135 1046 natura
3168 993 3224 1047 in
3260 993 3454 1047 carnis
3514 995 3847 1049 essentiam

2177 1075 2419 1133 minime
2452 1084 2698 1146 mutata,
2726 1096 2913 1151 neque
2947 1084 3168 1147 contra,
3202 1081 3398 1137 carnis
3422 1096 3539 1137 suae
3573 1084 3835 1139 essentia

2175 1164 2232 1219 in
2267 1180 2390 1222 sum
2441 1167 2767 1223 divinitatis
2811 1172 3082 1225 naturam
3136 1186 3417 1226 conversa
3450 1189 3464 1226 :
3492 1186 3689 1243 neque
3728 1189 3847 1227 una

2175 1255 2496 1327 eademque
2542 1261 3109 1331 natura,composita
3138 1276 3205 1315 ex
3229 1258 3424 1315 divina
3458 1278 3569 1316 sua
3603 1268 3849 1330 natura,

2176 1349 2232 1398 et
2262 1344 2520 1402 humana
2549 1362 2723 1418 quam
2761 1350 3185 1420 assumpserat.

2772 1473 2930 1530 CAP.
2974 1474 3233 1533 XXXIII.

2174 1577 2466 1648 Ejusdem,
2503 1580 2575 1635 De
2602 1580 2757 1636 modo
2790 1577 3139 1656 ἀντιδόσεως,
3196 1598 3294 1656 seu
3340 1591 3551 1640 mutuae
3577 1587 3851 1656 proprie-

2706 1661 2879 1708 tatum
2911 1653 3314 1710 retributionis.

2250 1761 2432 1814 Voces
2465 1758 2556 1815 has
2608 1760 2961 1817 divinitatis
2986 1767 3041 1817 et
3071 1761 3476 1830 humanitatis,
3510 1764 3849 1820 essentiam

2178 1846 2299 1903 sive
2332 1852 2603 1905 naturam
2638 1850 2989 1922 signiﬁcant.
3026 1850 3143 1906 Illas
3174 1867 3335 1919 vero,
3364 1852 3522 1908 Deus
3552 1858 3612 1907 et
3639 1854 3845 1919 homo,

2181 1938 2355 1994 modo
2396 1939 2712 1996 essentiam
2742 1941 3025 2008 indicant,
3065 1945 3128 1996 ut
3176 1958 3306 1998 cum
3340 1943 3595 1998 dicimus
3639 1960 3655 1997 :
3694 1946 3849 2000 Deus

2180 2028 2434 2084 essentia
2479 2034 2569 2085 est
2611 2046 2736 2100 qua
2767 2031 3187 2104 comprehendi
3229 2048 3342 2087 non
3377 2036 3594 2103 potest,
3659 2034 3847 2089 item:

2180 2114 2338 2171 Deus
2361 2122 2450 2174 est
2481 2133 2667 2174 unus:
2705 2120 2875 2176 modo
2897 2134 3174 2190 personas
3193 2119 3513 2187 declarant,
3531 2122 3602 2175 de
3622 2123 3849 2192 quibus

2179 2201 2264 2258 ita
2319 2204 2530 2261 dicitur
2575 2210 2640 2264 ut
2678 2206 2905 2277 species
2951 2208 3022 2263 de
3054 2208 3180 2265 suis
3212 2208 3557 2273 individuis,
3591 2220 3655 2264 ut
3684 2211 3742 2264 in
3772 2227 3843 2265 eo

2181 2291 2492 2363 Scriptura:
2550 2294 2729 2351 loco:
2785 2300 3083 2367 PrOpterea
3138 2299 3304 2353 unxit
3364 2305 3412 2352 te
3473 2298 3638 2363 Deus,
3698 2299 3844 2353 Deus

2181 2383 2307 2436 tuus
2324 2382 2413 2449 7";
2430 2398 2561 2441 ecce
2582 2385 2731 2441 enim
2762 2384 2859 2442 hic
2881 2389 3110 2441 Patrem
3129 2390 3187 2441 et
3207 2385 3417 2441 Filium
3454 2384 3845 2456 signiﬁcavit.

2181 2469 2422 2527 Etcum
2474 2471 2621 2544 legis
2653 2472 2709 2528 in
2742 2473 2855 2530 alio
2888 2475 3013 2530 loco
3060 2474 3272 2532 :Homo
3327 2473 3566 2547 quidam
3612 2484 3735 2530 erat
3786 2478 3851 2529 in

2180 2560 2405 2627 regione
2452 2560 2704 2618 Ausitide
2732 2562 2824 2631 υς
2874 2562 3055 2619 Jobus
3094 2562 3250 2619 enim
3308 2565 3473 2620 solue
3525 2563 3849 2621 indicatur.

2181 2646 2465 2710 Quoniam
2499 2650 2681 2722 igitur
2707 2651 2767 2707 in
2791 2650 3035 2708 Domino
3052 2656 3248 2708 nostro
3263 2652 3408 2707 Jesu
3430 2651 3669 2708 Christo
3702 2653 3853 2709 duas

2183 2746 2419 2794 naturas
2473 2741 2867 2811 agnoscimus,
2900 2745 2960 2797 et.
3007 2757 3188 2797 unam
3239 2746 3469 2797 tantum
3523 2758 3850 2812 personam

2182 2843 2310 2896 quis
2342 2842 2410 2882 ea
2443 2833 2689 2900 utraque
2733 2834 2964 2887 constat
2996 2835 3230 2897 natura,
3290 2830 3536 2902 proinde
3568 2847 3708 2887 cum
3743 2849 3854 2887 na-

2184 2922 2348 2973 turas
2379 2919 2868 2992 contemplemur,
2906 2920 3271 2977 divinitatem
3323 2924 3382 2975 et
3413 2920 3852 2978 humanitatem

2183 3006 2708 3072 dicimus.Quando
2739 3015 2936 3066 autem
2971 3025 3040 3066 ex
3072 3015 3281 3064 natura
3309 3014 3689 3065 constantem
3722 3028 3853 3079 per-

2182 3098 2467 3163 sonam,si
2497 3115 2566 3153 ex
2596 3103 2847 3171 utraque
2874 3103 3083 3154 natura
3114 3102 3380 3153 constare
3409 3099 3850 3168 consideretur,

2186 3201 2313 3241 eam
2348 3193 2472 3243 tum
2499 3188 2821 3255 Christum,
2852 3192 2979 3244 tum
3010 3189 3191 3244 Deum
3225 3192 3280 3242 et
3303 3188 3604 3244 hominem
3642 3189 3846 3259 simul,

428 3279 777 3334 obumbrabit
809 3279 1162 3349 tibi,ideoque
1189 3280 1331 3350 quod
1350 3290 1609 3337 nascetur
1641 3295 1707 3335 ea:
1737 3285 1787 3335 te
1811 3279 2074 3335 Sanctum
2107 3275 2148 3340 C
2187 3283 2313 3335 tum
2347 3278 2531 3333 Deum
2562 3278 2928 3335 incarnatum
2955 3294 3230 3335 vocamus
3265 3294 3281 3333 :
3314 3278 3408 3334 sin
3439 3295 3513 3334 ex
3536 3296 3685 3345 una,
3719 3286 3844 3335 tum

427 3368 714 3423 vocabitur
738 3366 918 3424 Filius
950 3367 1183 3424 Dei.llle
1209 3383 1341 3425 vero
1377 3385 1391 3422 :
1425 3371 1574 3433 Ecce,
1623 3369 1834 3438 inquit,
1865 3368 2080 3424 ancilla

437 3456 682 3523 Domini,
732 3456 836 3525 ﬁat
869 3456 1012 3510 mihi
1053 3458 1352 3511 secundum
1398 3457 1622 3512 verbum
1648 3462 1807 3513 tuum
1844 3458 1906 3511 ⁷³.

509 3545 712 3616 Itaque
744 3544 844 3600 ubi
875 3545 1132 3616 primum
1165 3550 1371 3601 sancta
1401 3545 1698 3602 consensit
1720 3545 1915 3618 Virgo,
1948 3547 2082 3618 Spi-

441 3633 592 3690 ritus
617 3637 857 3690 sanctus
886 3633 943 3689 in
979 3649 1106 3689 eam
1139 3633 1458 3701 descendit,
1477 3637 1647 3705 prout
1668 3635 1951 3691 Dominus
1981 3650 2082 3706 per

440 3725 716 3795 angelum
748 3724 989 3790 dixerat,
1026 3728 1089 3778 ut
1116 3739 1241 3779 eam
1276 3729 1566 3796 purgaret,
1600 3724 1838 3796 vimque
1866 3724 2081 3781 divini-

441 3814 579 3869 tatis
611 3819 668 3868 et
717 3812 1111 3884 generationis
1157 3812 1331 3869 Verbi
1388 3829 1662 3884 capacem
1721 3820 2076 3886 suggereret.

441 3901 722 3973 Tuncque
754 3918 859 3973 per
885 3917 946 3960 se
993 3902 1325 3959 subsistens
1354 3902 1622 3959 altissimi
1659 3903 1759 3958 Dei
1790 3903 2081 3975 sapientia

436 3996 494 4047 et
524 3992 731 4060 virtus,
763 3991 1042 4048 nimirum
1082 3992 1176 4050 Dei
1203 3992 1381 4047 Filius
1408 3991 1562 4048 Patri
1606 3993 2077 4050 consubstantia-

432 4078 529 4147 lis,
561 4081 718 4136 haud
752 4096 917 4137 secus
957 4085 1133 4152 atque
1163 4081 1427 4137 divinum
1477 4098 1675 4137 semen
1709 4098 1834 4137 eam
1867 4082 2078 4139 obum-

430 4163 875 4237 bravit,sibique
900 4166 1011 4237 ipsi
1043 4182 1110 4222 ex
1140 4168 1317 4221 castis
1347 4167 1476 4236 ejus
1495 4172 1551 4222 et
1584 4166 1917 4237 purissimis
1939 4185 2075 4223 san-

426 4252 702 4325 guinibus
733 4270 964 4311 carnem
996 4256 1196 4309 anima
1227 4253 1469 4310 rationis
1499 4260 1556 4310 et
1583 4254 1913 4311 intellectus
1945 4273 2072 4327 per-

427 4342 602 4413 ticipe
634 4342 951 4399 animatum
977 4343 1511 4413 compegit,nostras
1532 4360 1739 4400 massas
1770 4345 2068 4414 primitia:

423 4447 534 4488 nec
563 4432 621 4487 id
655 4448 722 4487 ex
755 4432 1106 4498 semine,sed
1126 4433 1324 4488 divino
1353 4432 1622 4501 artificio,
1647 4449 1748 4504 per
1785 4433 2068 4505 Spiritum

421 4525 688 4576 sanctum
755 4537 768 4574 :
840 4536 944 4576 nec
1012 4522 1201 4591 ﬁgura
1274 4520 1559 4591 paulatim
1635 4522 2069 4579 accessionibus

2190 3369 2372 3424 Deum
2405 3369 2684 3423 duntaxat
2710 3372 2767 3423 et
2794 3367 3005 3423 Filium
3032 3367 3288 3432 Dei,tum
3320 3366 3629 3423 hominem
3653 3369 3843 3424 solum

2188 3457 2647 3530 appellamus.Et
2681 3457 2996 3528 aliquando
3017 3457 3254 3529 quidem
3286 3472 3357 3513 ex
3386 3455 3842 3513 sublimioribus

2190 3546 2536 3615 rationibus,
2568 3546 2885 3618 aliquando
2916 3553 3107 3601 autem
3139 3562 3208 3601 ex
3247 3544 3677 3601 humilioribus
3703 3562 3841 3603 con.

2189 3635 2482 3692 Iideratur
2510 3653 2523 3691 :
2560 3652 2712 3691 unus
2743 3635 2901 3691 enim
2934 3640 3044 3701 est,
3073 3634 3193 3690 sive
3210 3634 3340 3703 hoc,
3378 3633 3506 3689 sive
3533 3634 3641 3690 illo
3672 3635 3842 3692 modo

2188 3725 2579 3783 exsistat..lam
2605 3740 2738 3781 cum
2772 3724 3138 3781 divinitatem
3172 3723 3594 3792 dicimus,eam
3628 3724 3843 3779 huma-

2191 3815 2391 3870 nitatis
2439 3815 2890 3886 prOprietatibus
2940 3830 3055 3869 non
3110 3812 3572 3869 denomiuamus
3602 3829 3618 3866 :
3653 3828 3839 3885 neque

2187 3905 2342 3960 enim
2392 3905 2645 3960 dicimus
2672 3904 3034 3963 divinitatem
3072 3904 3212 3975 pati,
3258 3907 3363 3958 aut
3392 3907 3655 3959 creatam
3686 3920 3836 3960 esse.

2185 3992 2300 4048 Nec
2346 4009 2580 4049 rursum
2623 3995 2694 4048 de
2720 4009 2918 4061 carne,
2951 3996 3054 4048 aut
3082 3991 3455 4047 humanitate
3507 3992 3841 4049 divinitatis

2185 4083 2564 4154 proprietates
2601 4081 2999 4137 enuntiemus.
3032 4080 3520 4151 Quandoquidem
3564 4097 3675 4137 nec
3705 4098 3837 4136 car-

2185 4187 2318 4227 nem
2351 4188 2455 4228 nec
2487 4172 2910 4227 humanitatem
2971 4171 3292 4225 increatam
3337 4168 3738 4240 appellamus.
3776 4173 3841 4225 At

2182 4276 2462 4332 personas,
2491 4262 2615 4316 sive
2639 4276 2708 4316 ex
2738 4275 2875 4328 una,
2907 4259 3027 4315 sive
3056 4274 3125 4313 ex
3153 4266 3401 4328 utraque
3445 4264 3615 4329 parte
3643 4259 3839 4314 nomi-

2182 4351 2730 4421 nemus,utriusque
2758 4353 2980 4404 natura:
3013 4348 3402 4420 proprietates
3432 4348 3835 4404 attribuiums.

2181 4440 2406 4495 Etenim
2460 4439 2745 4505 Christus,
2807 4437 3306 4510 quemadmodum
3351 4444 3676 4508 utrumque
3722 4443 3831 4506 est,

2177 4528 2262 4585 sic
2290 4530 2466 4585 etiam
2498 4530 2729 4596 dicitur,
2767 4533 2892 4584 tum
2924 4527 3076 4583 Deus
3110 4532 3167 4582 et
3207 4526 3406 4594 homo,
3436 4531 3561 4580 tum
3595 4533 3834 4583 creatus

417 4609 745 4708 eﬂ‘ormata,
798 4609 1044 4711 sed-uno
1093 4609 1409 4711 eodemque
1470 4616 1765 4666 momento
1808 4612 2061 4683 perfecta
2091 4647 2136 4711 ο
2175 4623 2233 4674 et
2263 4619 2575 4684 increatus,
2626 4624 2750 4673 tum
2784 4618 2903 4690 pati
2952 4622 3009 4672 et
3058 4632 3171 4672 non
3232 4615 3395 4687 pati:
3459 4616 3605 4686 quin
3650 4617 3831 4672 etiam

414 4697 613 4768 ipsum
649 4698 744 4752 Dei
800 4698 1046 4752 Verbum
1080 4697 1274 4752 carnis
1325 4698 1660 4770 hypostasin
1713 4702 2054 4771 assumpsit.

414 4785 621 4857 Itaque
669 4802 797 4840 cum
846 4785 1101 4857 primum
1135 4803 1265 4842 caro
1299 4787 1431 4856 fuit,
1489 4789 1590 4843 Dei
1622 4805 1852 4860 quoque
1883 4790 2053 4845 Verbi

409 4891 543 4934 caro
576 4876 686 4931 fuit
712 4892 724 4929 :
749 4880 807 4931 et
846 4891 975 4932 cum
1014 4876 1267 4947 primum
1298 4876 1556 4931 animata
1586 4894 1743 4943 caro,
1778 4877 2054 4934 rationis-

2168 4723 2295 4763 cum
2332 4724 2400 4762 ex
2432 4724 2546 4763 una
2587 4711 2814 4763 tantum
2841 4711 3029 4777 parte,
3058 4703 3147 4760 vel
3194 4706 3343 4761 Deus
3372 4708 3478 4759 aut
3509 4704 3699 4760 Filius
3729 4704 3830 4760 Dei

2166 4794 2868 4864 nominatur,conjunctie
2899 4792 3008 4847 sibi
3035 4796 3255 4847 natura
3282 4806 3384 4847 seu
3436 4791 3632 4847 carnis
3699 4807 3830 4845 sus-

2163 4882 2303 4955 cipit
2335 4883 2742 4955 proprietates.
2770 4883 3048 4952 ldemque
3082 4881 3232 4936 Deus
3265 4895 3500 4949 passus,
3533 4885 3593 4934 et
3624 4880 3830 4935 Domi-

406 4982 521 5038 que
549 4970 608 5022 et
638 4964 968 5022 intellectus
1001 4966 1290 5038 particeps
1323 4966 1451 5031 fuit,
1486 4966 1581 5021 Dei
1615 4983 1847 5038 quoque
1881 4968 2051 5022 Verbi
2162 4987 2275 5027 nus
2305 4972 2499 5044 gloria;
2551 4973 2762 5027 afﬁxus
2797 4971 2980 5036 cruci,
3014 4986 3130 5025 non
3182 4972 3476 5039 quatenus
3503 4973 3689 5035 Deus,
3722 4969 3823 5023 sed

404 5056 664 5113 animata
695 5073 855 5124 caro,
886 5054 1246 5128 rationisque
1275 5059 1331 5110 et
1379 5053 1712 5111 intellectus
1763 5056 2048 5129 particeps
2158 5065 2449 5133 quatenus
2510 5063 2680 5119 homo
2712 5060 2927 5117 dicitur
2955 5076 2969 5115 ε
3003 5059 3093 5116 vel
3125 5058 3320 5123 homo,
3369 5056 3685 5113 autFilius
3718 5057 3824 5112 ho-

400 5146 529 5205 fuit.
563 5146 845 5212 Quocirca
876 5161 988 5200 non
1021 5144 1319 5201 hominem
1366 5143 1722 5212 deiﬁcatum,
1773 5147 1876 5203 sed
1907 5146 2048 5205 Ver-
2157 5151 2334 5206 minis
2391 5155 2651 5218 vocatur,
2704 5149 2979 5207 essentia:
3049 5146 3255 5204 divinat
3316 5147 3707 5217 preprietates
3766 5150 3826 5203 et

404 5234 540 5293 bum
574 5236 941 5293 incarnatum
973 5234 1245 5292 dicimus.
1279 5234 1423 5289 Nam
1457 5249 1588 5290 cum
1622 5235 1912 5307 perfectus
1942 5255 2044 5293 na-

395 5328 530 5383 tura
599 5326 751 5383 Deus
838 5333 1013 5394 esset,
1083 5324 1236 5381 idem
1301 5323 1476 5380 homo
1556 5341 1788 5397 quoque
1854 5328 2039 5398 perfe-

398 5417 528 5469 ctus
592 5420 682 5470 est
735 5433 748 5471 :

461 5554 506 5588 "
534 5554 667 5609 Luc.
693 5571 732 5625 ι,
764 5560 833 5612 28
856 5574 1021 5629 seqq.

457 5675 577 5749 (35)
607 5679 768 5735 Tom.
803 5680 996 5751 xeiv,
1026 5681 1149 5738 983.

2155 5240 2466 5311 dignitates
2487 5239 3131 5308 admittit,vocaturque
3154 5233 3439 5307 puerulus
3469 5239 3609 5291 ante
3641 5250 3821 5290 saecu-

2152 5329 2296 5399 la,et
2326 5329 2500 5386 homo
2533 5328 2665 5385 sine
2698 5326 2986 5400 principio
3018 5343 3032 5380 :
3069 5341 3184 5381 non
3220 5328 3515 5395 quatenus
3547 5328 3641 5379 est
3674 5338 3823 5395 pue-

812 5430 1002 5486 neque
1056 5419 1327 5471 naturam
1386 5418 1646 5484 mutans,
1700 5432 1885 5488 neque
1941 5434 2043 5489 per
2150 5419 2323 5474 rulus
2380 5424 2482 5476 aut
2534 5418 2730 5487 homo,
2789 5417 2892 5472 sed
2976 5418 3265 5486 quatenus
3301 5412 3459 5469 Deus
3516 5413 3816 5469 exsistens

1098 5556 1169 5592 ⁷³⁸
1196 5556 1342 5613 Psal.
1376 5576 1524 5627 κων,
1556 5560 1610 5617 8.
1688 5558 1735 5595 ⁷³
1764 5560 1895 5618 Job.
1930 5579 1969 5629 ι,
2002 5562 2053 5618 i.
2159 5632 2168 5640 .
