4044 6212
212 416 369 477 1229

200 1180 255 1230 et
313 1193 447 1231 cum
506 1178 844 1237 hominibus
900 1192 1184 1243 versatus.
1248 1191 1441 1245 Item:

195 1352 722 1412 circumscribitur.

789 1477 944 1535 CAP.
988 1479 1244 1536 XXXIV.

188 1578 469 1642 Eiusdem.
502 1581 688 1636 Totam
720 1582 976 1640 divinam
1016 1597 1272 1644 naturam
1330 1594 1389 1646 in
1446 1606 1559 1648 una
1612 1611 1843 1651 suarum

256 1665 622 1718 personarum
651 1654 755 1708 toti
765 1657 1047 1734 humana
1067 1669 1292 1734 patara
1334 1664 1678 1733 conjunctam
1706 1683 1836 1734 esse,

259 1736 369 1775 non
414 1728 594 1805 autem
647 1730 861 1805 partem
924 1729 1113 1805 parti:
1178 1732 1325 1805 [qua
1381 1728 1600 1805 qnidem
1656 1728 1837 1794 oratio

260 1798 571 1877 necessaria
602 1803 681 1851 est
715 1797 902 1877 etiam
914 1797 1351 1877 adversus—illos,
1378 1797 1474 1877 cui
1493 1810 1554 1861 in
1572 1820 1759 1865 sancta
1784 1821 1836 1865 et

258 1863 495 1937 ejusdem
559 1870 803 1922 essentia?
876 1871 1138 1929 Trinitate
1214 1863 1350 1930 τπδ’
1384 1863 1648 1934 asserunt
1721 1897 1835 1937 esse

254 1934 561 2006 singulares
598 1941 897 2012 essentias.]

257 2051 390 2113 Qua
423 2069 732 2110 commune
781 2062 836 2111 et
886 2057 1245 2132 universum,
1297 2080 1360 2119 ac
1409 2063 1583 2119 veluti
1636 2071 1820 2122 totum

179 2141 458 2212 quiddam
494 2146 883 2216 constituunt,
916 2166 983 2205 ea
1014 2151 1083 2206 de
1112 2154 1395 2223 subjectis
1417 2156 1524 2211 sibi
1552 2157 1821 2228 partibus

178 2231 469 2289 dicuntur.
505 2234 699 2304 Itaque
730 2253 862 2291 cum
896 2240 1147 2296 essentia
1172 2259 1482 2300 commune
1506 2252 1561 2301 et
1595 2248 1818 2303 univer-

174 2333 308 2373 sum
366 2319 646 2393 quiddam
705 2325 797 2389 sit,
857 2342 923 2381 ac
974 2328 1151 2383 totius
1212 2331 1494 2387 rationem
1562 2336 1819 2391 obtineat

172 2424 417 2475 persona
441 2416 636 2466 autem
671 2429 828 2482 pars,
863 2414 1044 2486 (pars,
1078 2417 1344 2489 inquam,
1378 2438 1493 2475 non
1527 2424 1679 2492 quod
1714 2442 1812 2480 na-

166 2501 312 2551 tura
375 2508 596 2567 partem
654 2500 886 2569 habeat,
950 2510 1172 2572 partem
1236 2524 1349 2562 non
1420 2509 1653 2580 habeat,
1711 2514 1813 2568 sed

165 2600 412 2641 numero
447 2603 600 2656 pars,
631 2595 694 2642 ut
721 2589 1135 2661 individuum;
1178 2612 1420 2652 numero
1469 2597 1649 2668 enim,
1697 2617 1811 2656 non

167 2678 375 2728 natura
408 2674 687 2731 ditl‘erunt
718 2681 1000 2753 persona)
1034 2682 1288 2738 essentia
1320 2685 1535 2742 dicitur
1564 2688 1634 2744 de
1683 2707 1810 2761 per-

164 2776 330 2815 sona.
364 2761 647 2826 Quoniam
678 2765 738 2822 in
772 2785 1117 2841 unaquaque
1151 2773 1415 2843 ejusdem
1440 2778 1648 2848 speciei
1683 2796 1812 2851 per-

163 2865 443 2906 sonarum
474 2857 563 2908 est
593 2857 848 2911 essentia
877 2859 1150 2929 perfecta.

234 2938 621 3001 Quamobrem
690 2960 949 3014 persona
1004 2950 1254 3005 essentia
1335 2970 1449 3008 non
1529 2956 1810 3013 differunt

154 3026 314 3081 inter
340 3044 421 3097 se,
455 3031 555 3084 sed
592 3032 1008 3092 accidentibus.
1045 3039 1378 3097 Accidentia
1417 3059 1554 3100 voco
1604 3046 1806 3102 chara.

141 3292 459 3362 deﬁniunt,
497 3301 556 3351 ut
587 3296 664 3352 sit
696 3300 952 3355 essentia
976 3320 1107 3359 cum
1133 3305 1534 3365 accidentibus
1558 3312 1799 3384 conjun-

138 3383 258 3435 cta.
299 3383 484 3446 Quare
517 3400 768 3455 persona
800 3387 974 3444 habet
1017 3392 1101 3459 id,
1148 3395 1300 3466 quod
1351 3400 1440 3452 est
1492 3383 1802 3457 commune

135 3486 278 3525 cum
312 3472 546 3543 propria
580 3481 716 3531 nota
768 3476 1128 3549 copulatum.
1185 3483 1450 3541 Essentia
1501 3504 1633 3544 vero
1683 3508 1797 3546 non

134 3576 247 3630 per
288 3577 348 3615 se
409 3563 702 3635 subsistit,
761 3568 861 3622 sed
922 3569 978 3624 in
1041 3573 1307 3642 personis
1366 3577 1793 3635 consideratur.

137 3650 349 3719 Itaque
380 3668 514 3706 cum
550 3670 668 3709 una
699 3654 916 3727 patitur
936 3676 1340 3733 personarum,
1366 3668 1558 3723 omnis
1590 3685 1791 3725 essen-

143 3736 251 3806 tia,
286 3754 387 3809 per
417 3757 590 3811 quam
625 3748 713 3797 est
745 3762 1011 3817 persona,
1044 3750 1100 3804 in
1137 3768 1253 3807 una
1301 3771 1542 3812 suarum
1596 3776 1787 3830 perso-

140 3841 354 3881 narum
383 3826 595 3886 dicitur
625 3848 813 3902 passa.
845 3834 959 3891 Nec
991 3840 1185 3894 tamen
1220 3843 1488 3913 sequitur
1520 3862 1785 3904 necessa—

126 3914 243 3983 rio,
280 3921 340 3969 ut
369 3933 571 3973 omnes
602 3920 866 3990 ejusdem
901 3926 1109 3995 speciei
1145 3946 1404 4000 persona
1439 3934 1614 3989 simul
1640 3953 1772 3992 cum

122 4001 233 4057 illa
266 4019 390 4075 qua
424 4023 591 4075 passa
623 4014 729 4078 est,
784 4012 918 4083 ipsa
967 4031 1198 4087 quoque
1250 4036 1431 4089 passa
1490 4022 1778 4079 dicantur.

110 4092 214 4146 Sic
242 4108 378 4165 ergo
412 4096 755 4154 conﬁtemur
798 4104 978 4156 totam
1033 4103 1354 4162 divinitatis
1401 4114 1665 4166 naturam
1724 4114 1783 4168 in

122 4180 383 4252 singulis
440 4187 709 4255 personis
754 4190 878 4245 suis
930 4207 1058 4246 esse
1103 4195 1439 4263 perfectam,
1494 4205 1669 4254 totam
1720 4203 1779 4256 in

110 4269 313 4337 Patre,
346 4276 524 4329 totam
579 4274 639 4329 in
697 4278 866 4348 Filio,
925 4284 1104 4336 totam
1164 4282 1220 4336 in
1276 4283 1493 4353 Spiritu
1554 4295 1773 4346 sancto.

114 4360 406 4423 Quocirca
436 4371 484 4417 et
522 4365 809 4435 perfectus
844 4372 993 4423 Deus
1025 4374 1114 4425 est
1151 4371 1335 4439 Pater,
1386 4385 1439 4428 et
1490 4378 1778 4446 perfectus

118 4455 287 4505 Deus
318 4456 406 4505 est
460 4451 663 4519 Filius,
726 4464 779 4511 et
827 4458 1116 4528 perfectus
1176 4459 1328 4515 Deus
1387 4466 1475 4517 est
1530 4465 1777 4536 Spiritus

115 4542 390 4596 sanctus.
422 4541 478 4595 Si
515 4542 652 4598 item
685 4544 746 4600 in
778 4544 1141 4603 humanitate
1184 4556 1488 4624 assumpta
1536 4553 1607 4609 ab
1658 4572 1773 4611 uno

111 4633 342 4684 sancta
365 4630 667 4688 Trinitatis
700 4638 812 4690 Deo
872 4636 1052 4693 Verbo
1104 4642 1283 4692 totam
1344 4645 1401 4694 et
1456 4643 1769 4713 perfectam
1798 4662 1849 4728 Β

113 4714 449 4773 divinitatis
482 4727 772 4791 naturam,
824 4723 881 4778 in
930 4741 1037 4780 una
1086 4742 1325 4781 suarum
1386 4745 1768 4801 personarum

111 4800 231 4862 toti
285 4805 557 4864 humana
616 4816 861 4880 natura,
919 4831 1030 4869 non
1078 4821 1272 4872 autem
1326 4800 1549 4889 partem
1627 4825 1775 4894 parti

114 4894 308 4950 fuisse
330 4897 706 4969 conjunctam
744 4901 1018 4959 dicimus.
1059 4904 1202 4961 Nam
1239 4908 1301 4961 ut
1334 4908 1540 4966 beatus
1584 4911 1778 4984 inquit

109 4987 456 5056 Apostolus,
490 4991 549 5045 in
580 4989 702 5063 ipso
737 4992 1013 5049 inhabitat
1034 4997 1211 5051 omni:
1240 4998 1532 5068 plenitudo
1565 5002 1775 5058 divini-

108 5073 251 5129 tatis
278 5080 649 5147 corporaliter
679 5080 744 5149 π,
782 5082 838 5137 id
875 5087 982 5153 est,
1017 5082 1077 5138 in
1107 5100 1275 5141 carne
1304 5087 1442 5159 ejus.
1495 5089 1561 5145 Et
1614 5092 1771 5147 Pauli

108 5162 447 5235 discipulus
478 5168 537 5224 in
572 5170 749 5227 rebus
800 5171 1015 5228 divinis
1061 5174 1427 5245 explicandis
1488 5181 1770 5238 excellen-

109 5249 386 5309 tissimus
413 5254 726 5328 Dionysius
743 5277 755 5315 :
775 5265 843 5316 Se
860 5265 1061 5329 totam,
1081 5260 1293 5333 inquit,
1310 5262 1370 5318 in
1392 5282 1510 5321 una
1530 5284 1769 5327 suarum

107 5357 503 5413 personarum
556 5350 1029 5406 communicavit.
1082 5350 1197 5406 Nec
1248 5356 1442 5408 tamen
1495 5372 1772 5428 cogemur

110 5428 310 5487 dicere
346 5448 571 5505 omnes,
607 5453 710 5493 seu
740 5440 861 5493 tres
885 5442 1100 5495 sancta
1130 5437 1454 5496 divinitatis
1488 5459 1769 5514 personas

187 5583 234 5618 τι
261 5584 387 5641 Col.
422 5602 483 5652 ιι,
516 5587 568 5643 9.
650 5587 697 5624 ⁷⁸
725 5589 843 5646 Col.
872 5606 935 5646 ιιι
967 5592 1017 5647 1.

1535 437 1927 504 THESAURI
1971 447 2116 507 LIB.
2157 450 2268 511 III.

203 554 343 604 ante
376 551 611 619 sacula,
644 553 701 609 in
727 555 1062 614 novissimis
1090 565 1261 618 natus
1284 568 1371 620 est
1393 568 1644 625 saeculis.
1672 575 1856 644 Atque

201 638 319 693 hac
344 639 582 709 quidem
616 646 703 697 est
732 646 876 699 ratio
911 652 1121 703 mutua
1151 649 1501 726 alternaque
1533 638 1864 716 attributio-

201 732 294 785 nis
328 733 634 803 utriusque
670 741 889 791 natura
921 754 1047 810 qua
1072 757 1211 798 suas
1242 749 1494 817 utraque
1527 750 1857 819 proprieta-

202 824 289 875 tes
323 821 489 877 alteri
520 822 786 879 vicissim
821 830 1057 897 prabet,
1114 837 1417 903 propterea
1465 837 1620 906 quod
1678 855 1855 895 unam

203 913 259 964 et
301 912 568 967 eamdem
620 928 929 984 personam
980 919 1365 986 constituunt,
1417 940 1597 995 seque
1654 934 1855 983 mutuo

203 999 727 1068 comprehendunt.
765 1007 837 1057 Ex
870 1020 983 1075 quo
1019 1007 1100 1071 fit,
1147 1014 1209 1063 ut
1259 1010 1327 1065 de
1384 1012 1614 1069 Christo
1662 1018 1852 1085 possi-

201 1103 328 1143 mus
351 1088 542 1143 dicere
572 1106 586 1143 :
618 1090 721 1147 Hic
753 1092 904 1148 Deus
949 1101 1164 1162 noster,
1222 1099 1276 1152 in
1332 1105 1482 1155 terra
1530 1103 1690 1159 visus
1739 1111 1851 1173 est,

1510 1193 1617 1247 Hic
1677 1193 1848 1250 homo

197 1279 304 1319 nec
342 1269 576 1321 creatus
634 1273 745 1335 est,
809 1286 913 1325 nec
968 1272 1208 1344 patitur,
1271 1292 1375 1331 nec
1435 1278 1551 1334 ullo
1602 1280 1848 1338 termino

1887 579 1940 643 Α
1971 581 2247 640 omnibus
2282 586 2663 649 humanitatis
2697 599 2962 666 personis
2993 606 3318 663 secundum
3346 626 3629 679 personas

1973 685 2102 727 esse
2132 676 2500 743 conjunctae.
2536 682 2709 740 Nulla
2736 689 2889 742 enim
2927 692 3056 759 alia,
3094 693 3206 748 nisi
3254 676 3625 768 approbatio-

1974 758 2064 812 nis
2096 764 2153 813 et
2184 763 2507 824 voluntatis
2537 773 2761 829 ratione
2792 780 2960 834 Pater
2983 758 3620 862 etASpiritussanctus,

1970 855 2286 920 assumpta
2309 871 2342 908 a
2360 861 2477 912 Deo
2502 857 2687 916 Verbo
2709 862 3061 924 humanitati
3087 855 3618 937 communicarunt.

1969 932 2172 992 Totam
2234 957 2364 998 vero
2424 945 2743 1006 divinitatis
2809 958 3123 1014 essentiam
3185 964 3286 1017 toti
3347 964 3624 1027 humana

1968 1029 2189 1081 natura
2220 1033 2592 1101 coujunctam
2627 1043 2969 1099 asserimus.
3004 1048 3149 1111 Quia
3189 1052 3332 1108 nihil
3391 1072 3615 1129 eorum,

1965 1127 2095 1180 qua
2125 1123 2348 1177 natura
2392 1130 2600 1181 nostra
2653 1128 2807 1187 Deus
2856 1133 3111 1192 Verbum
3162 1138 3427 1212 inseruit,
3483 1163 3615 1203 cum

1962 1200 2129 1259 initio
2163 1223 2268 1262 nos
2302 1224 2646 1285 procrearet,
2679 1219 2923 1289 dimisit,
2958 1226 3061 1280 sed
3094 1233 3289 1286 omnia
3339 1238 3613 1306 suscepit,

1961 1305 2169 1364 nempe
2201 1312 2436 1372 corpus,
2470 1305 2723 1362 animam
2769 1319 2957 1367 mente
3004 1316 3344 1390 rationeque
3399 1305 3612 1393 pradi-

1958 1382 2103 1451 tam,
2163 1393 2215 1439 et
2263 1403 2464 1447 eorum
2514 1396 2896 1466 preprietates
2954 1402 3192 1469 (animal
3246 1382 3414 1465 enim.
3453 1415 3605 1483 quod

1958 1466 2166 1525 harum
2199 1473 2395 1546 aliqua
2428 1486 2588 1551 parte
2621 1489 2799 1553 caret,
2836 1466 3073 1545 nonest
3124 1493 3343 1568 homo).
3396 1466 3605 1559 Toltum

1952 1557 2108 1611 enim
2142 1565 2297 1619 totus
2328 1571 2673 1641 assumpsit,
2708 1579 2764 1630 et
2794 1580 2955 1632 totus
2984 1580 3085 1634 toti
3118 1557 3471 1653 conjunctus
3494 1557 3602 1657 est,

1952 1648 2012 1698 ut
2044 1647 2146 1701 toti
2181 1650 2430 1709 salutem
2475 1654 2806 1729 largiretur.
2864 1668 3028 1730 Quod
3081 1647 3246 1726 enini
3283 1690 3397 1730 non
3449 1647 3604 1735 esset

1949 1742 2338 1806 assumptum,
2391 1743 2537 1799 foret
2585 1746 2928 1810 incurabile.
2982 1756 3369 1829 Conjunctum
3420 1764 3603 1835 igitur

1944 1827 2034 1877 est
2063 1827 2221 1881 carni
2254 1828 2507 1888 Verbum
2540 1838 2663 1905 Dei,
2698 1846 2753 1894 et
2785 1840 2937 1897 Deus
2996 1827 3115 1915 per“
3145 1859 3398 1908 mentem
3442 1827 3599 1913 inter

1870 1941 1912 2005 Β
1946 1912 2041 1964 Dci
2075 1916 2389 1984 puritatem
2422 1926 2479 1976 et
2511 1926 2704 1980 carnis
2737 1932 3185 1991 crassitudinem
3228 1937 3595 1999 interceden-

1946 2004 2078 2055 tem.
2119 2002 2259 2059 Nam
2296 2007 2508 2065 anima
2539 2015 2778 2084 quidem
2813 2019 3125 2093 carnisque
3170 2028 3439 2100 princeps
3507 2038 3596 2088 est

1933 2106 2120 2157 mens,
2155 2098 2349 2165 utpote
2407 2102 2730 2170 purissima
2775 2107 2958 2177 ipsius
3012 2113 3223 2169 animae
3254 2134 3411 2187 pars,
3442 2121 3594 2178 Deus

1928 2185 2124 2234 autem
2160 2181 2345 2253 ipsius
2379 2191 2615 2258 tuentis,
2646 2210 2778 2263 qua
2807 2212 2939 2253 cum
2972 2201 3128 2256 cedit
3168 2209 3586 2279 prastantiori,

1926 2268 2324 2341 principatum
2361 2279 2616 2334 ostendit
2648 2298 2847 2341 suum.
2882 2286 2976 2342 Sic
3008 2268 3204 2347 autem
3248 2310 3383 2351 cum
3438 2315 3586 2369 pra-

1923 2359 2189 2415 stanticri
2212 2365 2606 2437 conjungitur,
2630 2376 2803 2443 atque
2831 2373 2914 2429 illi
2934 2375 3295 2451 obsequitur,
3323 2390 3386 2439 ut
3406 2359 3585 2445 faciat

1924 2461 2306 2521 quacumque
2338 2454 2607 2512 voluntas
2638 2460 2831 2516 divina
2878 2468 3221 2534 praescribit.
3276 2472 3436 2530 Mens
3486 2485 3586 2534 est

1921 2532 2242 2594 divinitatis
2302 2542 2412 2597 sibi
2471 2561 2572 2616 per
2642 2565 2949 2620 personam
3009 2558 3332 2627 conjuncta
3389 2562 3577 2635 locus,

1923 2627 2424 2692 quemadmodum
2459 2639 2515 2688 et
2543 2652 2697 2703 caro,
2732 2656 2845 2695 non
2879 2650 3073 2699 autem
3116 2647 3296 2704 simul
3338 2651 3573 2711 inhabi-

1924 2715 2024 2775 tat,
2054 2718 2117 2766 ut
2146 2716 2437 2785 opinionis
2470 2737 2663 2779 errore
2695 2727 3068 2800 decipiuntur
3096 2734 3374 2807 haretici,
3425 2744 3525 2813 qui
3561 2760 3573 2799 :

1921 2798 2244 2874 Quomodo,
2278 2807 2576 2879 inquiunt,
2609 2818 2761 2884 quod
2798 2798 2979 2877 uinum
3018 2826 3250 2881 tantum
3306 2798 3569 2888 modium

1919 2890 2094 2989 capit,
2128 2894 2270 2949 duos
2307 2899 2509 2955 modos
2540 2904 2863 2962 continebit
2880 2909 2990 2980 (36)
3016 2909 3038 2964 ?
3060 2913 3265 2970 Errant
3288 2916 3565 2993 imperiti,

1916 2977 2054 3049 quia
2085 2982 2307 3039 ratione
2337 3001 2611 3060 corporea
2642 2977 2967 3064 diiudicant
2998 3016 3087 3068 ea,
3117 3019 3243 3073 qua
3294 3023 3328 3062 a
3372 2977 3562 3065 iuste:

1915 3067 2002 3121 ria
2059 3074 2198 3125 sunt
2255 3077 2670 3136 remotissima.
2730 3084 3029 3147 Quomodo
3079 3092 3235 3147 enim
3296 3095 3565 3154 Christus

1916 3155 2141 3212 dicetur
2172 3162 2461 3229 perfectus
2491 3170 2666 3239 Deus,
2700 3176 2758 3227 et
2787 3176 3075 3244 perfectus
3100 3179 3295 3250 homo,
3326 3190 3380 3237 et
3409 3186 3566 3257 ejus-

1914 3242 2045 3299 dem
2079 3262 2212 3302 cum
2246 3248 2413 3308 Patre
2444 3259 2501 3310 et
2532 3242 2834 3317 nobiscum
2884 3270 3172 3339 essentia,
3233 3272 3283 3327 si
3334 3280 3559 3343 partem

1912 3331 2117 3389 divina
2153 3342 2374 3397 naturae
2397 3358 2530 3400 cum
2564 3352 2729 3417 parte
2752 3356 2971 3409 natura
2996 3355 3269 3414 humana
3292 3360 3350 3416 in
3370 3364 3559 3435 seipso

1910 3425 2279 3499 coniungat?
2334 3431 2507 3489 Porro
2557 3438 2811 3497 dicimus
2867 3450 3136 3502 naturam
3208 3457 3472 3509 nostram
3524 3472 3557 3510 a

1909 3516 2152 3571 mortuis
2185 3523 2521 3589 surrexisse,
2557 3532 2612 3581 et
2645 3528 2700 3583 in
2735 3531 2943 3588 calum
2976 3538 3331 3603 ascendisse,
3367 3547 3423 3597 et
3462 3560 3555 3599 se-

1906 3601 2062 3658 disse
2094 3606 2164 3660 ad
2200 3608 2455 3666 dextram
2494 3614 2695 3684 Patris,
2732 3636 2843 3676 non
2879 3626 3031 3694 quod
3055 3642 3260 3683 omnes
3281 3630 3546 3686 omnium

1903 3690 2208 3751 hominum
2272 3716 2530 3770 persona
2578 3711 2956 3777 surrexerint,
3012 3719 3069 3769 et
3133 3716 3201 3771 ad
3274 3718 3549 3774 dextram

1902 3784 2091 3838 Patris
2122 3790 2514 3859 consederint,
2547 3795 2646 3850 sed
2682 3812 2797 3867 quo
2846 3800 3037 3855 omnis
3086 3810 3293 3859 natura
3340 3811 3543 3862 nostra

1901 3868 2021 3924 hac
2054 3872 2111 3926 in
2145 3873 2357 3931 Christi
2390 3895 2636 3947 persona
2666 3884 2743 3937 sit
2774 3892 3088 3943 consecuta
3117 3905 3129 3943 :
3172 3890 3299 3959 Nos,
3350 3893 3535 3965 inquit

1898 3957 2112 4015 beatus
2144 3964 2479 4033 Apostolus,
2513 3983 2839 4041 consurgere
2865 3983 2916 4028 el
2958 3976 3242 4033 considere
3286 3957 3445 4050 fecit-
3484 3985 3547 4041 in

1897 4042 2115 4099 Christo
2131 4045 2194 4102 ⁷⁵.
2222 4053 2500 4107 Praeterea
2524 4055 2778 4112 dicimus
2801 4061 3269 4130 conjunctionem
3293 4042 3450 4125 hanc
3472 4086 3543 4129 ex

1893 4135 2307 4191 communibus
2359 4143 2627 4196 essentiis
2690 4147 3032 4206 coniectam.
3122 4158 3266 4210 Nam
3347 4161 3542 4218 omnis

1892 4221 2169 4284 essentia,
2204 4229 2267 4276 ut
2305 4241 2616 4285 commune
2647 4235 2820 4303 atque
2852 4236 3185 4296 universum
3233 4243 3537 4318 quiddam,

1890 4322 2095 4361 omnes
2128 4309 2239 4364 sibi
2270 4313 2563 4384 subjectae
2611 4335 2894 4389 personas
2941 4309 3369 4398 complecti-tur.
3424 4309 3538 4391 Nec

1888 4394 2021 4450 licet
2070 4403 2339 4457 naturam
2398 4404 2519 4459 sive
2571 4410 2883 4468 essentiam
2942 4413 3118 4471 ullam
3174 4420 3537 4492 singularem

1889 4486 2293 4561 privatamque
2316 4492 2605 4564 reperire;
2644 4498 2726 4554 sic
2757 4501 2914 4557 enim
2941 4510 3093 4560 esset
3113 4512 3536 4582 necessarium,

1886 4586 2166 4639 personas
2203 4575 2360 4645 ipsas
2391 4581 2658 4637 essentia
2681 4588 2735 4639 et
2758 4587 3019 4655 ejusdem
3046 4608 3175 4648 esse
3199 4601 3255 4650 et
3277 4596 3539 4665 diversa,

1878 4663 1934 4713 et
1964 4667 2229 4718 sanctam
2264 4664 2611 4726 Trinitatem
2657 4674 2923 4743 ejusdem
2974 4694 3126 4751 esse,
3182 4684 3541 4759 diversaque

1883 4750 2173 4816 essentia,
2206 4763 2491 4824 quantum
2521 4760 2778 4829 pertinet
2809 4765 2877 4819 ad
2905 4766 3292 4827 divinitatem.
3318 4750 3532 4831 Eadem

1888 4835 2067 4908 igitur
2125 4846 2332 4898 natura
2381 4844 2629 4913 singulis
2683 4854 2947 4922 personis
2993 4858 3417 4918 consideratur.
3471 4865 3543 4919 Et

1888 4928 2123 4997 quando
2156 4929 2425 4998 dicimus,
2444 4933 2615 4991 Verbi
2642 4949 2907 4996 naturain
2935 4960 3165 5001 carnem
3190 4952 3540 5021 assumpsis-

1886 5029 1948 5068 se
1988 5016 2380 5087 divinitatem,
2411 5039 2478 5076 ex
2512 5023 2809 5085 beatorum
2865 5031 3168 5088 Athanasii
3222 5016 3536 5109 Cyrillique

1888 5105 2194 5173 sententia,
2211 5109 2370 5163 carni
2396 5128 2523 5168 esse
2544 5118 2918 5186 conjunctam
2939 5121 3321 5179 afiirmamus.
3341 5128 3548 5194 Quam-

1884 5191 2083 5248 obrem
2118 5211 2232 5250 non
2265 5215 2580 5268 possumus
2625 5204 2836 5273 dicere,
2872 5208 3040 5264 Verbi
3091 5215 3363 5270 naturam
3414 5233 3544 5274 esse

1883 5297 2133 5351 passam,
2170 5301 2357 5357 neque
2390 5290 2546 5344 enim
2594 5291 2871 5350 divinitas
2921 5297 2976 5351 in
3027 5297 3155 5369 ipso
3204 5319 3372 5372 passa
3424 5310 3533 5364 est.

1883 5370 2155 5426 Dicentes
2187 5379 2378 5431 autem
2412 5386 2680 5435 naturam
2712 5381 3029 5441 humanam
3062 5387 3250 5445 fuisse
3300 5410 3536 5463 passam

1881 5456 1939 5511 in
1976 5458 2226 5526 Christo,
2257 5479 2371 5518 non
2400 5481 2605 5523 omnes
2638 5467 2944 5529 hominum
2980 5492 3257 5546 personas
3308 5480 3534 5547 signiti-

183 5709 296 5782 (30)
330 5710 449 5768 Hoc
479 5713 784 5773 Philonius
815 5716 1064 5782 dicebat,
1099 5721 1163 5775 ut
1194 5717 1549 5781 Scutariotes
1580 5725 1675 5787 hic
1707 5733 1966 5792 adnotat.
