4044 6212
462 421 610 479 1231

1765 417 2076 478 ΝΙΟΕΤιΕ
2118 417 2549 476 CHONIATAE

3723 423 3880 484 19.39.

459 568 685 617 camus,
747 551 848 607 sed
917 550 970 603 in
1030 553 1242 604 natura
1299 549 1558 606 humana
1615 549 1912 604 Christum
1981 565 2112 604 esse
2149 550 2448 620 Aquanto
2481 551 2672 624 magis
2731 551 2785 608 id
2846 550 2990 606 solis
3046 557 3247 607 auctor
3305 557 3363 606 et
3409 551 3700 610 Dominus
3759 555 3890 627 ipse

461 657 703 712 passum
745 640 1114 694 conﬁtemur.
1175 640 1363 702 Quare
1411 655 1544 694 cum
1607 639 1772 694 Verbi
1835 642 2105 693 naturam

461 731 732 795 dicimus,
770 729 962 799 ipsum
990 727 1244 782 Verbum
1289 727 1638 783 indicamus.
1693 727 1947 783 Verbum
2000 744 2110 782 au-

461 823 577 874 tem
611 822 668 872 et
695 817 958 872 essentia:
989 816 1469 872 communitatem
1521 816 1764 880 obtinet,
1811 825 1863 871 et
1910 831 2112 887 perso-

463 923 548 961 nae
580 905 987 976 proprietatem
1000 947 1013 959 .

1085 1048 1235 1103 CAP.
1269 1047 1490 1103 XXXV.

467 1191 740 1264 Ejusdem.
801 1191 875 1245 De
932 1205 1044 1243 una
1105 1189 1213 1313 ι)εὲ
1268 1187 1428 1311 Ver7bi
1490 1189 1788 1258 composita
1851 1203 2106 1258 persona.

1214 1277 1304 1313 an.
1397 1301 1409 1313 .

1214 1277 1304 1330 ap.
1364 1277 1409 1314 ι.

537 1386 820 1441 Eumdem
862 1384 1044 1456 igitur
1099 1383 1277 1438 etiam
1329 1387 1461 1454 post
1509 1381 1830 1437 humanam
1881 1399 2115 1438 carnem

469 1480 834 1546 assumptum
869 1489 1050 1528 unum
1084 1471 1295 1526 Filium
1327 1471 1426 1527 Dei
1460 1476 1515 1525 et
1567 1471 1775 1525 Filium
1837 1471 2116 1542 hominis,

469 1583 653 1622 unum
687 1564 1004 1632 Christum,
1047 1579 1230 1616 unum
1271 1562 1606 1628 Dominum,
1645 1561 2009 1631 unigenitum
2037 1562 2121 1619 Fi-

469 1655 637 1718 lium,
667 1662 723 1708 et
757 1651 1007 1707 Verbum
1051 1651 1148 1705 Dei
1207 1651 1411 1705 Jesum
1472 1649 1784 1704 Dominum
1849 1655 2114 1705 nostrum

474 1742 844 1796 conﬁtemur.
878 1739 1034 1795 Duos
1073 1736 1260 1809 ipsius
1309 1747 1470 1792 ortus
1521 1743 1882 1802 venerantes,
1937 1753 2117 1792 unum

468 1830 706 1900 quidem
737 1844 802 1883 ex
837 1827 1003 1883 Patre
1035 1834 1170 1882 ante
1203 1827 1440 1891 saecula,
1475 1827 1630 1881 omni
1667 1845 1846 1882 causa
1875 1833 1932 1881 et
1954 1829 2118 1883 ratio-

2221 641 2520 711 praastabit
2548 641 2577 695 ‘I

2820 748 2973 805 CAP.
3012 749 3262 805 XXXVI.

2219 847 2496 914 Eiusdem.
2534 852 2609 903 De
2654 854 2858 903 natura
2909 847 2968 902 in
3025 849 3201 918 specie
3253 852 3303 902 et
3353 847 3644 902 individuo
3691 853 3887 904 tonsi-

2292 919 2506 985 derata,
2545 935 2756 975 necnon
2793 921 2858 974 de
2902 920 3303 991 coniunctionis
3350 923 3404 974 et
3453 923 3878 976 incarnationis

2293 991 2634 1062 differentia.

2295 1100 2515 1156 Natura
2544 1100 2629 1155 vel
2664 1099 3013 1171 cogitatione
3053 1099 3180 1155 sola
3236 1100 3394 1155 nuda
3443 1099 3882 1167 consideratur,

2225 1206 2328 1261 per
2353 1207 2415 1246 se
2444 1191 2597 1246 enim
2640 1207 2757 1246 non
2792 1191 3065 1246 subsistit
3091 1208 3102 1245 :
3126 1190 3214 1245 vel
3247 1190 3648 1246 communiter
3678 1189 3737 1245 in
3769 1207 3889 1246 om-

2225 1283 2403 1338 nibus
2436 1283 2704 1353 ejusdem
2738 1284 2949 1354 speciei
2985 1285 3274 1353 personis,
3306 1300 3406 1338 eas
3453 1283 3585 1352 ipsa
3639 1285 3889 1353 conjun-

2223 1388 2372 1445 gens
2402 1372 2696 1428 Etdicitur
2711 1373 2768 1428 in
2789 1372 2980 1444 specie
2998 1380 3094 1428 aut
3109 1373 3500 1428 communiter
3518 1373 3892 1428 considerata

2227 1467 2436 1518 natura
2465 1463 2693 1529 eadem,
2724 1479 2853 1535 qua
2886 1464 3206 1534 assumptis
3237 1463 3644 1519 accidentibus
3679 1465 3736 1518 in
3775 1481 3892 1518 una

2227 1569 2494 1624 persona.
2531 1551 2598 1606 Et
2623 1552 2842 1608 dicitur
2908 1552 2966 1606 in
3031 1552 3264 1607 inviduo
3323 1553 3695 1608 considerata
3763 1569 3894 1624 per-

2227 1657 2372 1696 sona
2428 1642 2631 1696 eadem
2681 1657 2831 1708 esse,
2890 1657 3018 1712 quas
3076 1642 3132 1695 in
3216 1642 3410 1712 specie
3477 1642 3896 1696 consideratur

2228 1733 2378 1784 Deus
2439 1727 2619 1799 igitur
2675 1728 2932 1784 Verbum
3003 1745 3236 1783 carnem
3298 1744 3636 1799 assumens,
3701 1745 3896 1800 neque

2229 1818 2386 1874 nuda
2428 1823 2484 1874 et
2539 1818 2665 1875 sola
2723 1818 3072 1890 cogitatione
3131 1818 3552 1888 comprehensa
3610 1823 3891 1874 naturam

469 1934 540 1974 ne
574 1923 697 1973 tum
733 1916 1019 1988 temporis
1057 1921 1181 1970 tum
1205 1921 1429 1970 natura:
1455 1917 1813 1986 superiorem
1843 1933 1855 1970 :
1881 1919 2122 1972 alterum
2158 1926 2202 1990 Β
2235 1909 2460 1980 accepit
2491 1913 2704 1980 (neque
2734 1909 2890 1964 enim
2912 1909 2968 1964 id
2990 1915 3146 1965 esset
3167 1925 3403 1964 carnem
3435 1925 3772 1973 assumere,
3795 1911 3892 1966 sed

471 2012 662 2063 autem
699 2006 1038 2063 novissimis
1071 2005 1434 2076 temporibus
1485 2012 1721 2077 prepter
1773 2024 1902 2073 nos,
1952 2012 2006 2062 et
2055 2024 2123 2062 ex

479 2097 670 2166 nobis,
704 2101 761 2150 et
807 2111 984 2165 supra
1031 2110 1180 2150 nos:
1239 2099 1476 2165 propter
1523 2111 1647 2158 nos,
1702 2095 1841 2166 quia
1889 2101 2126 2168 propter

474 2173 726 2242 salutem
761 2188 1019 2241 nostram
1047 2199 1060 2240 ε
1095 2199 1161 2238 ex
1196 2184 1386 2251 nobis,
1415 2183 1552 2254 quia
1579 2200 1647 2238 ex
1681 2184 1924 2240 muliere
1957 2194 2124 2240 natus

467 2281 558 2332 est
589 2275 764 2331 homo
792 2274 1052 2346 legitimo
1077 2278 1281 2344 partus
1303 2279 1560 2344 tempore
1587 2291 1599 2329 :
1625 2290 1805 2345 supra
1834 2291 1962 2342 nos,
1987 2275 2126 2345 quia

470 2365 598 2421 sine
629 2363 855 2420 semine
886 2379 954 2419 ex
985 2361 1205 2433 Spiritu
1239 2366 1464 2427 sancto,
1509 2366 1566 2417 et
1618 2369 1820 2418 sancta
1866 2362 2122 2433 Virgine,

471 2470 650 2522 supra
688 2452 953 2524 pariendi
1005 2451 1211 2522 legem.
1277 2451 1389 2506 Nec
1443 2450 1626 2506 Deum
1689 2451 1880 2507 solum
1930 2453 2123 2523 ipsum

472 2541 862 2614 praedicamus
893 2557 925 2596 a
955 2545 1155 2596 nostra
1200 2540 1526 2609 sejunctum
1583 2539 1968 2607 humanitate,
2019 2557 2125 2596 nec

475 2630 666 2685 solum
701 2628 996 2685 hominem
1032 2634 1320 2682 remotum
1348 2645 1382 2682 a
1411 2629 1736 2697 divinitate,
1789 2646 1894 2684 nec
1943 2629 2120 2686 alium

473 2725 648 2792 atque
681 2718 887 2786 alium,
920 2719 1020 2774 sed
1057 2733 1239 2773 unum
1274 2721 1330 2772 et
1371 2718 1662 2786 eumdem,
1718 2719 1888 2774 simul
1940 2719 2123 2776 Deum

475 2814 652 2880 atque
689 2807 1026 2864 hominem:
1077 2811 1253 2861 Deum
1311 2808 1653 2878 perfectum,
1699 2813 1756 2862 et
1803 2809 2124 2878 perfectum

473 2897 798 2962 nominem,
831 2899 1016 2950 totum
1048 2895 1230 2950 Deum
1265 2900 1322 2949 et
1360 2899 1543 2950 tolutn
1591 2895 1912 2963 hominem,
1959 2912 2123 2951 eum-

475 2987 606 3042 dem
644 2991 827 3040 totum
865 2986 1040 3039 Deum
1075 2983 1247 3038 etiam
1285 2999 1416 3038 cum
1460 3001 1631 3039 carne
1682 3001 1785 3040 sua
1831 2992 1888 3040 et
1937 2990 2125 3041 totum

474 3075 775 3129 hominem
806 3073 982 3128 etiam
1015 3088 1148 3127 cum
1182 3088 1418 3127 summa
1447 3072 1741 3129 divinate:
1777 3081 1839 3129 ut
1868 3075 2126 3130 dicentes

471 3163 792 3234 perfectum
817 3163 997 3216 Deum
1031 3166 1084 3216 et
1106 3162 1422 3232 perfectum
1449 3161 1767 3229 hominem,
1797 3162 2122 3218 absolutam

472 3256 528 3305 et
568 3249 726 3305 nulla
767 3266 826 3304 re
883 3250 1246 3306 deﬁcientem
1304 3255 1645 3305 naturarum
1699 3251 2118 3322 plenitudinem

477 3338 878 3404 ostendamus,
909 3339 1170 3394 dicentes
1201 3344 1394 3394 autem
1427 3343 1612 3394 totum
1639 3339 1824 3396 Deum
1848 3345 1904 3396 et
1934 3347 2118 3396 totum

477 3428 799 3492 hominem,
833 3427 1062 3482 unicam
1095 3432 1152 3483 et
1181 3426 1538 3497 singularem
1574 3445 1878 3500 personam
1927 3429 2118 3485 decla-

476 3533 697 3573 remus.
733 3515 918 3572 Unam
974 3514 1114 3571 item
1179 3516 1270 3571 Dei
1329 3515 1500 3572 Verbi
1563 3523 1827 3574 naturam
1882 3535 2115 3574 carnem

469 3605 862 3677 assumpsisse
891 3605 1260 3671 conﬁtemur,
1294 3605 1349 3659 id
1385 3611 1494 3675 est,
1537 3608 1729 3661 carnis
1775 3608 2114 3678 essentiam,

467 3701 532 3752 ut
562 3695 768 3752 beatus
800 3694 1053 3768 Cyrillus
1101 3693 1394 3766 intelligit.
1447 3696 1691 3749 Carnem
1748 3695 1929 3765 igitur
1974 3696 2113 3752 Ver-

461 3786 602 3842 bum
635 3785 977 3856 assumpsit,
1013 3800 1117 3838 nec
1149 3788 1344 3838 tamen
1379 3801 1410 3838 a
1455 3789 1665 3838 natura
1717 3800 1825 3839 sua
1877 3785 2119 3842 recessit

464 3876 721 3931 materie
753 3887 1007 3945 experte,
1041 3878 1095 3928 et
1125 3889 1262 3928 cum
1298 3877 1478 3927 totam
1515 3890 1746 3927 carnem
1783 3891 2116 3945 assumpse-

464 3963 561 4034 rlt,
593 3969 782 4020 totum
832 3973 1022 4018 tamen
1074 3961 1234 4016 nullo
1289 3961 1532 4017 termino
1585 3963 2110 4022 circumscribitur.

466 4057 716 4125 Corpore
750 4052 1058 4118 minuitur,
1092 4056 1268 4121 atque
1301 4050 1684 4120 contrahitur,
1717 4059 1773 4107 al
1818 4052 2114 4110 divinitate

469 4157 583 4196 non
617 4139 1142 4202 circumscribitur,
1175 4153 1302 4192 cum
1336 4137 1462 4206 ejus
1503 4153 1634 4192 caro
1686 4156 1863 4210 super
1910 4141 2112 4196 divini-

462 4234 605 4296 tate,
637 4247 763 4302 quae
805 4226 1208 4285 circumscribi
1233 4241 1346 4280 non
1373 4232 1584 4298 potest,
1608 4244 1722 4282 non
1747 4231 2109 4285 extendatur.

459 4319 639 4375 Totus
669 4334 808 4390 ergo
844 4315 1131 4389 perfectus
1165 4323 1248 4370 est
1283 4313 1460 4384 Deus,
1505 4331 1617 4369 non
1670 4320 1854 4371 totum
1912 4325 2108 4374 autem

458 4405 634 4475 Deus,
668 4421 856 4476 neque
887 4405 1042 4461 enim
1072 4403 1261 4460 solum
1305 4402 1482 4470 Deus,
1535 4405 1635 4458 sed
1687 4405 1859 4459 etiam
1911 4405 2108 4464 homo.

453 4498 528 4550 Et
557 4498 719 4549 totus
752 4493 1064 4564 perfectus,
1099 4508 1211 4546 non
1257 4496 1447 4547 autem
1500 4496 1685 4546 totum
1753 4492 1948 4562 homo,
2001 4512 2107 4552 ne-

457 4598 570 4652 que
595 4583 753 4636 enim
786 4579 975 4636 solum
1013 4581 1209 4645 homo,
1242 4581 1340 4635 sed
1373 4580 1546 4635 etiam
1582 4580 1758 4649 Deus,
1802 4587 1864 4637 ut
1920 4588 2106 4638 totum

2233 2000 2520 2070 decipere,
2547 2005 2602 2054 et
2625 1998 2818 2054 carnis
2849 1999 3313 2069 assumptionem
3366 1998 3734 2070 contingere)
3794 2016 3896 2054 ne-

2234 2105 2345 2160 que
2377 2094 2649 2143 naturam
2685 2088 2867 2154 illam,
2909 2105 3035 2159 quae
3085 2088 3145 2142 in
3191 2088 3384 2164 specie
3433 2089 3896 2144 consideratur:

2233 2180 2414 2247 deque
2447 2177 2602 2234 enim
2637 2194 2913 2250 personas
2942 2194 3147 2234 omnes
3178 2177 3424 2250 accepit,
3457 2178 3562 2232 sed
3619 2184 3894 2234 naturam

2232 2266 2292 2322 in
2322 2268 2644 2337 individuo,
2677 2284 2804 2340 qua:
2835 2267 3038 2322 eadem
3068 2272 3158 2322 est
3188 2283 3321 2322 cum
3352 2267 3475 2334 illa,
3505 2284 3640 2338 quas
3688 2272 3778 2322 est
3830 2267 3891 2322 in

2234 2358 2426 2428 specie
2455 2357 2768 2428 (primitias
2798 2357 2954 2412 enim
2987 2357 3210 2429 accepit
3239 2365 3452 2412 nostra:
3487 2357 3715 2427 massae)
3769 2374 3890 2412 ncn

2235 2463 2338 2518 per
2368 2463 2429 2502 se
2461 2447 2908 2516 subsistentem,
2939 2452 2996 2502 et
3027 2465 3154 2517 quae
3186 2449 3350 2518 prius
3390 2446 3793 2514 individuum,
3826 2454 3890 2502 ut

2234 2535 2316 2590 sic
2347 2535 2419 2590 ab
2451 2534 2574 2604 ipso
2619 2539 3040 2602 assumeretur,
3089 2537 3190 2590 sed
3242 2552 3373 2606 quae
3423 2535 3484 2590 in
3535 2552 3653 2590 sua
3700 2536 3888 2605 ipsius

2233 2623 2539 2680 exsisteret
2569 2640 2834 2695 persona.
2865 2623 3010 2678 Nam
3046 2624 3174 2696 ipsa
3201 2623 3301 2678 Dei
3325 2623 3494 2679 Verbi
3527 2625 3888 2694 hypostasis,

2235 2712 2354 2766 sive
2375 2728 2644 2782 persona,
2667 2711 2860 2768 carnis
2882 2711 3212 2784 hypostasis
3231 2713 3353 2767 sive
3373 2728 3633 2784 persona
3646 2713 3892 2768 exstitit.

2235 2805 2428 2873 Atque
2458 2800 2541 2856 ita
2570 2800 2822 2857 Verbum
2855 2818 2988 2857 caro
3013 2801 3228 2857 factum
3259 2807 3368 2870 est,
3395 2802 3526 2858 sine
3547 2803 3897 2859 incitatione

2234 2895 2454 2957 tamen,
2495 2896 2554 2948 et
2601 2907 2734 2947 caro
2780 2891 3056 2954 Verbum,
3109 2891 3235 2946 sine
3287 2895 3786 2948 commutatione.
3836 2895 3898 2949 Et

2235 2987 2388 3035 Deus
2421 2980 2618 3048 homo,
2645 2985 2702 3036 et
2733 2980 2909 3036 homo
2951 2980 3125 3048 Deus,
3176 2981 3248 3036 ob
3306 2981 3460 3036 hanc
3515 2983 3892 3052 personatam

2235 3069 2734 3139 eonjunctionem.
2769 3071 3133 3141 QuaprOpter
3162 3069 3314 3124 idem
3347 3075 3436 3124 est.
3468 3070 3692 3142 dicere,
3727 3077 3895 3127 natu-

2233 3177 2357 3215 ram
2393 3160 2586 3226 Verbi,
2617 3166 2675 3215 et
2707 3165 2971 3216 naturam
3005 3160 3063 3215 in
3109 3160 3430 3217 individuo.
3481 3161 3692 3233 Neque
3739 3164 3890 3218 enim

2233 3249 2292 3304 id
2327 3248 2716 3320 individuum,
2747 3265 2846 3305 seu
2881 3265 3187 3322 personam
3217 3250 3447 3321 prOprie
3479 3255 3537 3304 et
3572 3252 3887 3322 singulari-

2235 3344 2319 3394 ter
2355 3337 2632 3407 declarat,
2694 3354 2878 3408 neque
2925 3354 3308 3410 personarum
3361 3341 3878 3406 communitatem,

2225 3430 2325 3484 sed
2353 3444 2726 3484 communem
2759 3433 3053 3497 naturam,
3084 3445 3213 3499 quia
3245 3427 3302 3482 in
3337 3445 3454 3483 una
3486 3446 3870 3500 personarum

2225 3517 2628 3573 consideratur
2656 3525 2711 3573 et
2736 3518 3099 3589 expenditur.
3140 3516 3311 3572 Aliud
3360 3515 3546 3589 igitur
3599 3525 3693 3572 est
3743 3535 3872 3573 con-

2215 3606 2465 3676 junctio,
2501 3605 2658 3661 aliud
2689 3605 2883 3662 carnis
2927 3607 3273 3677 assumptio.
3317 3605 3668 3676 Conjunctio
3721 3607 3872 3662 enim

2221 3695 2407 3751 solam
2467 3696 2686 3751 indicat
2742 3693 3193 3765 capulationem,
3272 3711 3408 3749 cum
3469 3712 3585 3764 quo
3683 3701 3874 3750 autern

2221 3787 2326 3841 ﬁat
2354 3784 2481 3855 ipsa
2508 3785 2801 3857 copulatio
2839 3802 2952 3840 non
3012 3784 3311 3851 declarat;
3375 3784 3446 3838 ad
3500 3785 3732 3852 carnis,
3783 3801 3878 3839 seu

2217 3876 2395 3948 (quod
2456 3877 2610 3930 idem
2678 3875 2786 3947 est)
2863 3874 3248 3930 humanitatis
3330 3873 3661 3945 assumptio
3745 3891 3877 3928 cum

2219 3981 2412 4029 carne,
2500 3965 2621 4020 sive
2713 3981 2839 4020 cum
2914 3963 3152 4019 homine
3223 3963 3710 4034 conjunctionem
3781 3963 3879 4017 de-

2221 4057 2530 4120 monstrat,
2617 4053 3116 4125 quemadmodum
3203 4056 3261 4108 et
3347 4051 3556 4122 ignilio
3645 4053 3738 4120 (ut
3801 4053 3880 4107 ita

2218 4143 2428 4212 dicam)
2489 4141 2623 4197 ferri
2670 4157 2805 4197 cum
2892 4141 3024 4214 igne
3105 4140 3578 4211 conjunctionem
3680 4145 3878 4197 osten-

2217 4233 2322 4287 dit.

2801 4319 2956 4375 CAP.
2985 4318 3265 4375 XXXVII.

2218 4429 2496 4500 Ejusdem.
2531 4429 2602 4483 De
2631 4427 3010 4493 naturalibus,
3052 4433 3119 4500 et,
3150 4427 3299 4481 nulli
3343 4426 3576 4480 crimini
3621 4428 3874 4483 obnoxiis

2288 4499 2694 4572 aﬂectionibus.
2760 4500 3008 4565 Verbum,
3085 4497 3302 4572 dentpto
3373 4507 3624 4572 peccato,
3704 4504 3876 4553 totus:

2287 4569 2589 4639 hominem,
2619 4577 2670 4626 et
2699 4575 2895 4626 cuncta
2925 4585 3051 4642 qum
3077 4573 3203 4624 sunt
3244 4569 3510 4636 hominis,
3545 4573 3872 4640 assumpsit.

461 4669 697 4740 quidem
732 4674 1003 4724 naturam
1053 4669 1390 4734 constituat,
1446 4673 1605 4724 totus
1656 4674 1846 4725 autem
1910 4689 2104 4742 perso-
2139 4661 2186 4725 D
2289 4675 2498 4730 Adhaec
2558 4676 2925 4744 conﬁtemur,
2981 4691 3114 4729 eum
3175 4691 3380 4730 omnes
3456 4675 3764 4730 naturales
3823 4683 3873 4731 et

459 4775 617 4826 nam,
644 4759 904 4830 itemque
921 4762 1138 4812 natura:
1163 4757 1240 4813 sit
1261 4757 1442 4822 aliud,
1460 4756 1610 4812 alius
1635 4765 1827 4814 autem
1854 4777 2110 4830 personae

455 4850 521 4904 In
552 4849 830 4905 omnibus
857 4855 1001 4913 erat,
1032 4851 1089 4902 et
1128 4864 1304 4919 super
1332 4846 1550 4913 omnia,
1607 4846 1778 4901 etiam
1837 4849 1894 4903 in
1947 4856 2111 4907 utero

452 4938 660 4994 divinae
695 4937 1050 4994 Genitricis:
1087 4937 1144 4990 in
1194 4935 1302 4991 hoc
1357 4938 1552 4990 tamen
1611 4951 1679 4990 ea
1736 4937 2108 5007 potissimum

447 5029 698 5093 actione,
733 5044 851 5098 qua
881 5042 1115 5081 carnem
1160 5024 1460 5078 induebat.

518 5117 670 5174 Illud
712 5115 1021 5174 sciendum
1080 5121 1186 5179 est,
1242 5112 1512 5184 quamvis
1563 5111 1827 5168 dicamus
1880 5117 2107 5174 Domini

445 5213 688 5264 naturas
750 5208 900 5262 inter
951 5219 1014 5260 se
1074 5211 1269 5259 mutuo
1315 5216 1663 5269 commeare,
1717 5203 1776 5258 id
1827 5209 2022 5261 tamen
2074 5225 2105 5263 a

447 5302 657 5353 natura
688 5298 888 5353 divina
926 5293 1233 5368 proﬁcisci.
1289 5294 1420 5364 Ipsa
1473 5291 1652 5362 enim,
1705 5298 1766 5348 ut
1811 5293 1952 5364 vult,
2005 5313 2106 5368 per

451 5387 649 5442 omnia
679 5389 992 5452 commeat,
1035 5382 1264 5448 transit,
1317 5397 1383 5438 ac
1433 5385 1716 5452 penetrat,
1767 5399 1866 5454 per
1914 5384 2099 5454 ipsam

450 5485 584 5527 vero
619 5474 786 5529 nihil.
823 5477 1008 5544 Atque
1031 5473 1156 5543 ipsa
1185 5471 1421 5544 quidem
1447 5470 1761 5543 dignitates
1785 5489 1922 5528 suas
1941 5476 2100 5532 carni

443 5555 531 5610 sic
563 5559 865 5630 elargitur,
900 5565 962 5615 ut
992 5561 1141 5616 nihil
1177 5560 1454 5631 patiatur,
1487 5563 1548 5614 et
1594 5559 1787 5617 carnis
1843 5561 2098 5619 affectio-

435 5660 578 5703 num
611 5661 818 5718 expers
857 5656 1110 5704 maneat.
1165 5653 1308 5704 Nam
1368 5649 1418 5703 si
1474 5647 1644 5704 nobis
1701 5650 1787 5704 sol
1840 5651 2100 5710 actiones

436 5733 698 5805 impertit
780 5746 943 5802 suae,
1031 5739 1088 5790 et
1173 5753 1206 5791 a
1301 5737 1517 5793 nostris
1607 5735 1756 5793 nihil
1863 5739 2096 5814 accipit,

2223 4763 2393 4835 culpa
2449 4771 2709 4820 carentes
2769 4763 3103 4819 affectiones
3184 4762 3440 4819 hominis
3519 4765 3872 4836 suscepisse.

2219 4852 2428 4908 Totum
2487 4852 2641 4908 enim
2701 4852 3014 4920 hominem,
3075 4857 3132 4906 et
3189 4868 3318 4923 quae
3398 4861 3537 4908 sunt
3615 4853 3872 4908 hominis

2220 4942 2546 5013 assumpsit
2602 4941 2800 4998 omnia
2878 4944 3082 5012 praeter
3162 4946 3490 5012 peccatum.
3541 4944 3665 4997 Hoc
3716 4943 3872 4997 enim

2219 5047 2406 5101 neque
2440 5031 2706 5087 naturale
2736 5035 2844 5100 est,
2875 5046 3062 5102 neque
3093 5047 3126 5084 s
3156 5030 3324 5086 nobis
3359 5031 3611 5086 insitum
3646 5047 3682 5085 a
3707 5031 3875 5087 Cres.

2217 5124 2359 5184 tore,
2394 5119 2492 5174 sed
2527 5116 2744 5173 diaboli
2793 5122 2924 5174 satu
2973 5118 3031 5172 in
3083 5117 3265 5173 libero
3313 5124 3516 5174 nostro
3569 5120 3872 5190 proposito

2218 5208 2390 5263 nobis
2421 5207 2768 5275 volentibus,
2832 5223 2948 5262 non
3009 5213 3198 5262 autem
3264 5207 3464 5261 invitis
3525 5207 3774 5264 coaluit.
3823 5215 3873 5261 st

2215 5302 2597 5368 propagatum
2627 5303 2736 5364 est,
2764 5295 3140 5368 dominioque
3172 5296 3445 5368 potitum.
3476 5300 3540 5350 At
3575 5297 3873 5351 naturales

2211 5394 2266 5442 et
2287 5387 2426 5442 vitio
2449 5387 2736 5458 culpaque
2758 5391 3031 5443 vacantes
3056 5384 3393 5442 aﬂ‘ectiones
3417 5391 3558 5440 sunt
3584 5385 3723 5453 ille,
3758 5403 3870 5458 qua

2213 5476 2271 5530 in
2303 5481 2589 5546 potestate
2623 5481 2822 5531 nostra
2848 5491 2963 5532 non
2996 5481 3158 5544 sunt,
3189 5492 3314 5545 qua:
3349 5477 3637 5532 nimirum
3671 5493 3742 5531 ex
3780 5478 3867 5530 ad-

2211 5564 2382 5620 missi
2413 5567 2633 5636 peccati
2671 5565 3069 5632 damnatione,
3099 5570 3156 5620 et
3193 5581 3348 5621 noxa
3374 5566 3431 5619 in
3459 5564 3646 5620 vitam
3677 5567 3864 5620 huius

2209 5670 2336 5710 nam
2365 5653 2706 5710 irruerunt:
2744 5657 2810 5709 ut
2842 5654 3048 5721 fames,
3107 5653 3256 5722 sitis,
3313 5653 3629 5723 lassitudo,
3688 5654 3858 5709 dolor.

2205 5741 2503 5816 lacrymae,
2585 5743 2880 5814 interitus,
2947 5743 3156 5800 mortis
3237 5743 3596 5814 deprecatio,
3671 5746 3854 5800 timor.
