4066 6208
252 277 408 336 1233

1574 280 1884 341 THESAU
1896 278 1971 338 BI
2016 280 2165 342 LIB.
2211 286 2324 345 III.

3512 298 3666 360 1234

249 424 455 478 angor,
506 426 570 465 ex
620 427 738 482 quo
775 411 1044 477 sudores,
1097 412 1405 485 sanguinis
1464 417 1666 485 guttas,
1726 428 1898 485 ange-
1929 414 1987 478 A
2016 413 2320 485 tribueret,
2352 425 2404 472 et
2443 426 2592 475 esset
2624 422 3019 495 omnipotens,
3054 431 3110 481 et
3142 428 3342 485 omnia
3374 439 3662 489 cerneret.

244 497 443 553 lorum
480 504 719 570 prapter
768 506 989 555 nature
1022 501 1480 558 imbecillitatem
1539 502 1898 569 subsidium,

248 592 304 641 et
336 588 683 645 consolatio.
720 590 848 644 Haec
878 594 937 645 et
958 590 1073 645 alia
1104 592 1158 645 id
1210 608 1414 663 genus,
1447 609 1575 663 quas
1622 593 1898 647 omnibus

249 675 459 732 insunt
507 677 848 733 hominibus
883 680 1250 747 naturaliter,
1293 682 1490 736 omnia
1520 682 1801 753 suscepit,
1835 686 1899 737 ut

246 767 449 821 omnia
473 783 713 837 prorsus
745 772 947 822 sancta
979 769 1270 824 redderet.

318 856 629 912 Naturales
659 859 855 912 autem
877 874 1082 914 omnes
1113 860 1448 915 affectiones
1480 869 1536 914 et
1565 876 1633 916 ex
1666 866 1892 924 natura,

241 952 298 1001 et
346 964 528 1019 supra
588 952 859 1003 naturam
907 959 1067 1004 erant
1136 951 1195 1033 in
1246 951 1495 1007 Christo.
1557 952 1633 1006 Ex
1683 957 1893 1008 natura

239 1037 400 1091 enim
437 1038 493 1091 in
525 1053 592 1092 eo
652 1039 1054 1106 movebantur,
1088 1056 1224 1094 cum
1286 1042 1658 1109 permittebat
1704 1041 1887 1109 carni,

242 1130 307 1180 ut
337 1142 465 1197 quae
518 1126 752 1197 propria
776 1127 939 1183 illius
965 1134 1127 1193 sunt,
1163 1136 1473 1199 pateretur,
1509 1136 1678 1199 atque
1706 1132 1884 1184 senti-

238 1220 348 1269 ret.
402 1217 588 1285 Supra
638 1225 905 1270 naturam
958 1233 1111 1284 vero,
1141 1219 1421 1289 quoniam
1480 1220 1775 1274 naturales
1827 1220 1885 1275 iu

238 1303 484 1358 Domino
531 1309 720 1361 motus
770 1311 827 1359 et
874 1306 1208 1361 affectiones
1268 1308 1394 1378 ejus
1426 1308 1707 1364 voluntati
1769 1325 1883 1363 non

238 1393 611 1463 imperabant
644 1410 657 1446 :
694 1393 837 1448 nihil
872 1395 1027 1449 enim
1078 1395 1135 1449 in
1169 1413 1233 1450 eo
1266 1401 1557 1461 coactum,
1610 1397 1883 1462 invitum,

237 1487 297 1537 et
331 1483 726 1538 necessarium
749 1485 1277 1550 consideratur,scd
1301 1485 1499 1541 omnia
1521 1486 1881 1554 voluntaria;

230 1572 437 1627 volens
463 1573 619 1627 enim
677 1575 884 1638 esurit,
918 1576 1114 1630 volens
1147 1576 1352 1642 sitivit,
1404 1576 1600 1631 volens
1658 1577 1877 1646 timuit,

232 1661 434 1715 volens
471 1666 736 1717 mortuus
755 1669 863 1718 est.

815 1790 966 1844 CAP.
1002 1788 1296 1845 XXXVIII.

234 1894 367 1947 Item
407 1894 525 1948 alia
556 1893 620 1949 de
669 1895 858 1951 divina
889 1895 1292 1953 incarnatione.
1354 1897 1600 1954 Aliorum
1656 1901 1881 1954 Patrum

304 1964 798 2039 demonstrationes
827 1968 1199 2039 sytlogisticas,
1261 1985 1332 2023 ca:
1378 1970 1758 2026 communibus
1789 1988 1879 2026 no-

298 2036 566 2092 tionibus.

306 2144 355 2197 1.
388 2144 443 2197 Si
467 2146 619 2215 ignis
651 2147 707 2201 in
732 2164 837 2202 suo
869 2146 993 2202 loco
1021 2165 1263 2204 manens
1295 2166 1423 2204 cum
1460 2150 1606 2205 ferro
1640 2152 1876 2222 conjun-

233 2235 419 2305 gitur,
452 2233 638 2289 multo
668 2235 848 2306 magis
883 2236 975 2292 ille
1005 2238 1102 2308 qui
1137 2239 1635 2310 est'omnipotens,
1672 2240 1877 2293 immo-

227 2324 365 2380 bilis
402 2343 644 2381 mnnens
695 2332 1012 2399 assumpta
1068 2330 1225 2383 carni
1260 2332 1609 2401 conjunctus
1669 2338 1775 2399 est,
1812 2337 1874 2385 ut

219 2415 326 2486 qui
350 2420 510 2471 totus
528 2421 653 2471 erat
680 2417 735 2470 in
760 2419 1180 2485 Patre,totusin
1208 2419 1305 2474 illa
1335 2429 1490 2475 esset
1523 2425 1868 2492 assumptio-

228 2521 321 2559 ne.
358 2506 490 2571 Quze
520 2505 757 2577 quidem
792 2507 940 2562 ratio
973 2507 1018 2560 si
1083 2512 1301 2562 natura:
1331 2509 1446 2562 vim
1493 2515 1751 2580 superat,
1788 2508 1865 2563 nil

223 2594 441 2649 mirum
474 2598 584 2659 est,
617 2595 851 2666 quando
885 2596 1087 2662 Filius,
1112 2607 1163 2651 et
1195 2595 1451 2652 Verbum
1483 2598 1609 2669 ipsa
1639 2603 1727 2653 est
1767 2616 1867 2653 na-

216 2687 353 2738 tura
389 2685 787 2755 praestantius.

295 2773 351 2826 2.
385 2772 440 2826 Si
488 2790 651 2827 mens
692 2773 899 2828 animas
952 2791 1165 2847 corpus
1223 2776 1494 2832 incolenti
1556 2779 1868 2849 conjuncta

218 2860 481 2933 quolibet
530 2863 920 2933 progreditur,
956 2865 1141 2935 ipsam
1176 2864 1430 2921 animam
1459 2883 1574 2922 non
1605 2868 1864 2923 derelin-

216 2968 435 3022 quens,
468 2957 524 3007 et
574 2952 1035 3023 impenetrabilis
1066 2956 1156 3026 (ut
1179 2955 1261 3011 ita
1292 2956 1508 3028 dicam)
1544 2974 1642 3026 per
1675 2959 1865 3014 omnia

219 3045 533 3109 commeat,
592 3047 646 3095 et
681 3045 963 3113 penetrat,
1028 3060 1528 3116 supervacaneum
1576 3051 1663 3101 est
1694 3048 1861 3102 dubi-

2010 501 2233 559 Dicitur
2264 512 2455 561 autem
2517 526 2680 565 serva
2710 516 2766 565 et
2824 513 3048 583 ignara,
3102 520 3159 571 et
3190 517 3320 573 aliis
3364 520 3657 591 ejusmodi

2013 594 2349 651 nominibus
2379 598 2728 668 appellatur,
2764 600 2812 655 si
2846 602 2976 669 quis
2999 604 3084 673 (ut
3115 604 3305 677 inquit
3337 607 3650 681 Gregorius

2009 681 2355 755 Theologus)
2388 686 2515 741 sola
2544 688 2703 744 nuda
2728 691 3081 761 cogitatione
3112 700 3341 764 separet
3369 697 3449 765 id,
3496 702 3646 769 quod

2008 771 2253 839 videtur,
2284 774 2354 827 ab
2378 791 2444 830 eo
2476 779 2628 847 quod
2662 778 3106 850 intelligitur.ln
3132 782 3240 839 hac
3264 790 3458 841 autem
3491 788 3649 844 Chri-

2004 864 2133 913 stus
2162 861 2446 919 olinoxius
2481 865 2587 921 fuit
2621 868 2989 925 naturalibus
3011 875 3066 925 et
3095 872 3268 942 culpa
3300 877 3648 933 vacantibus

2002 948 2408 1008 affectionibus
2461 964 2515 1009 ut
2556 973 2659 1011 nec
2691 974 2725 1012 a
2760 960 2991 1029 propria
3053 964 3262 1016 natura
3294 964 3643 1034 discederet,

2002 1042 2060 1090 et
2081 1055 2142 1094 se
2164 1056 2291 1095 vere
2314 1058 2549 1100 carnem
2576 1045 2894 1102 humanam
2917 1054 3313 1123 assumpsisse
3340 1054 3648 1111 confirma-

2002 1132 2109 1191 ret,
2140 1136 2188 1184 et
2224 1130 2524 1188 doloribus
2557 1135 2682 1189 suis
2739 1141 2969 1192 nostros
3001 1148 3226 1195 curaret
3258 1145 3316 1195 et
3365 1145 3649 1199 naturali-

2001 1218 2109 1273 bus
2140 1221 2570 1291 ali'cctionibus,
2603 1240 2702 1278 eas
2732 1242 2861 1295 quae
2916 1232 3051 1281 sunt
3116 1238 3321 1298 praeter
3372 1236 3643 1290 naturam

1998 1306 2255 1363 aboleret
2285 1328 2299 1378 ;
2332 1315 2389 1365 et
2424 1312 2673 1383 denique
2709 1321 2773 1367 ut
2804 1330 2901 1369 eas
2934 1318 3172 1373 vincens
3206 1318 3325 1389 ipse
3360 1325 3640 1391 tanquam

1998 1394 2173 1452 homo
2201 1398 2368 1454 nobis
2400 1400 2578 1455 simili
2612 1409 2819 1457 natura
2851 1421 3052 1460 secum
3086 1408 3416 1477 conjunctis
3460 1414 3518 1464 et
3548 1427 3642 1464 co-

1995 1487 2187 1556 gnatis
2211 1487 2506 1543 victoriam
2540 1490 2726 1561 ipsam
2763 1492 3097 1563 largiretur.
3141 1500 3444 1554 Peccatum
3480 1502 3636 1556 enim

1995 1592 2108 1628 non
2142 1580 2230 1628 est
2260 1577 2482 1632 affectio
2516 1580 2823 1645 naturalis,
2850 1589 2903 1636 et
2936 1601 3302 1655 quaecunque
3334 1588 3403 1641 ad
3441 1605 3639 1658 pecca-

1993 1668 2116 1719 tum
2154 1665 2460 1733 pertinent.

2065 1776 2116 1827 6.
2153 1772 2409 1843 Virginis
2462 1775 2676 1832 ferrum
2710 1778 2960 1849 ignitum
2995 1785 3053 1835 et
3103 1781 3329 1837 illustre
3388 1784 3637 1838 reddens

1994 1861 2324 1930 frigiditatis
2381 1869 2437 1917 et
2492 1865 2814 1935 nigrediuis
2861 1870 2988 1936 eius
3024 1870 3312 1940 particeps
3364 1872 3488 1942 ipse
3518 1888 3629 1927 non

1990 1950 2261 2016 efficitur,
2323 1952 2402 2006 ita
2433 1952 2711 2010 divinitas
2744 1954 3012 2010 virtutem
3066 1975 3231 2013 suam
3286 1960 3637 2015 humanitati

1988 2041 2430 2096 communicans
2463 2042 2589 2110 ejus
2617 2059 2730 2098 non
2746 2045 2956 2114 accipit
2979 2046 3454 2103 imbecillitatem.

2054 2132 2108 2183 7.
2152 2130 2377 2185 Puritas
2437 2132 2673 2202 quidem
2709 2150 2842 2187 cum
2878 2136 3153 2190 sordibus
3189 2137 3402 2191 nostris
3428 2152 3625 2193 versa-

1985 2222 2102 2285 tur,
2126 2220 2223 2274 sed
2245 2219 2384 2290 ipsa:
2410 2225 2602 2276 tamen
2627 2224 2829 2277 sordes
2850 2223 3158 2293 puritatem
3188 2242 3300 2279 non
3320 2224 3624 2294 inficiunt;

1985 2309 2106 2362 Lua:
2134 2310 2311 2378 enim,
2365 2309 2572 2379 inquit,
2609 2312 2664 2365 in
2697 2312 2934 2367 tenebris
2963 2314 3123 2379 lucet,
3152 2321 3205 2367 et
3237 2316 3479 2369 lenebrae
3505 2330 3627 2369 eam

1982 2413 2095 2452 non
2124 2400 2644 2469 comprehenderunt
2667 2401 2732 2455 .
2754 2406 2894 2456 Nam
2925 2418 3060 2457 cum
3091 2402 3340 2456 tenebrae
3372 2420 3627 2473 praesen-

1981 2486 2065 2541 tia
2104 2486 2399 2544 radiorum
2423 2489 2809 2560 expellantur,
2834 2490 2921 2546 sol
2953 2496 3149 2547 tamen
3180 2509 3213 2546 a
3236 2490 3490 2548 tenebris
3513 2508 3626 2547 non

1981 2577 2343 2633 obscuratur.

2050 2683 2103 2737 8.
2139 2681 2329 2738 Unum
2365 2685 2579 2739 dicitur
2636 2687 2692 2741 in
2735 2686 2808 2742 iis
2840 2686 3100 2758 quidem,
3142 2705 3269 2760 qua:
3298 2692 3436 2743 sunt
3467 2688 3626 2757 ejus-

1980 2772 2110 2826 dem
2164 2774 2452 2841 essentiaa,
2509 2791 2640 2829 cum
2674 2776 2872 2830 eadem
2917 2781 3004 2831 est
3035 2782 3265 2847 natura,
3292 2781 3343 2831 et
3377 2778 3618 2831 diversae

1981 2877 2261 2931 personae.
2304 2862 2383 2915 Ex
2415 2879 2530 2933 quo
2563 2862 2706 2917 illud
2745 2880 2758 2916 :
2792 2865 2856 2917 Et
2909 2866 3018 2919 tria
3050 2881 3225 2920 unum
3275 2870 3415 2920 sunt.
3455 2867 3517 2921 In
3551 2865 3622 2919 iis

1978 2956 2171 3005 autem
2213 2968 2340 3021 quae
2374 2951 2613 3006 diversaa
2656 2958 2795 3007 sunt
2829 2956 3118 3022 essentiae,
3155 2970 3335 3009 unum
3386 2954 3615 3020 dicitur,

1978 3054 2110 3094 cum
2144 3039 2345 3094 eadem
2382 3057 2627 3111 persona
2658 3046 2766 3109 est,
2800 3048 2857 3097 et
2875 3042 3113 3097 diversae
3140 3048 3380 3110 naturas,
3415 3059 3481 3097 ex
3506 3058 3621 3113 quo

210 3132 358 3198 tare,
420 3130 711 3199 quomodo
766 3130 948 3186 Filius
979 3136 1035 3186 et
1063 3137 1218 3188 Deus
1261 3151 1362 3188 nec
1395 3138 1622 3189 Patrem
1684 3136 1856 3190 relin-
1900 3134 1944 3198 (
1976 3127 2139 3183 illud.
2176 3132 2237 3183 Et
2296 3134 2613 3201 utrumque
2646 3148 2852 3186 unum
2894 3131 3083 3187 Unum
3135 3135 3328 3187 autem
3365 3148 3478 3186 non
3514 3147 3615 3186 na-

212 3234 426 3289 quens,
484 3234 586 3271 nec
619 3218 831 3273 coelum
868 3220 1134 3275 deferens
1180 3221 1238 3276 in
1272 3227 1484 3278 terram
1542 3225 1860 3279 descende-

209 3309 305 3373 rit,
357 3311 565 3361 etcum
601 3313 849 3377 nequeat
879 3311 1313 3381 comprehendi,
1336 3312 1439 3367 'sit
1480 3312 1550 3367 ab
1582 3316 1773 3368 anima
1803 3319 1860 3369 et

211 3413 458 3468 corpore
488 3398 960 3469 comprehensus.
999 3400 1144 3455 Nam
1174 3401 1221 3454 si
1256 3418 1345 3456 res
1376 3407 1674 3472 procreata
1707 3404 1857 3460 hanc

209 3484 437 3539 obtinet
493 3491 863 3556 potestatem,
916 3489 1109 3559 qualis
1164 3489 1273 3544 erit
1330 3494 1669 3546 Procreator
1710 3493 1854 3564 ipse,

206 3574 578 3629 admirabilis
611 3575 943 3647 hujus,qusz
970 3576 1156 3632 verbis
1188 3578 1463 3651 explicari
1497 3598 1608 3635 non
1644 3586 1853 3652 potest,

206 3664 491 3733 elargitor
520 3664 548 3718 ?

282 3756 334 3807 3.
370 3754 579 3808 Totum
616 3755 894 3824 Verbum,
927 3757 1025 3828 qui
1069 3759 1215 3813 Deus
1242 3768 1587 3825 est,carnem
1622 3778 1852 3817 assum-

207 3844 347 3913 psit,
372 3848 430 3898 et
463 3847 646 3899 totum
684 3847 884 3916 nequit
914 3848 1349 3918 comprehendi.
1383 3850 1769 3913 Quamobrem
1797 3858 1854 3908 et

205 3937 389 3986 totum
426 3938 549 3987 erat
591 3936 646 3988 iu
683 3935 810 3990 sinu
863 3935 962 3990 Dei
998 3943 1053 3990 et
1084 3938 1293 4002 Patris,
1356 3944 1412 3993 et
1454 3944 1639 3994 totum
1674 3941 1850 3996 simul

198 4022 259 4075 in
318 4029 477 4076 utero
543 4022 752 4077 divinae
810 4026 1028 4091 Matris,
1088 4025 1208 4081 illic
1273 4033 1334 4081 ut
1392 4027 1549 4084 nullo
1601 4029 1850 4084 termino

198 4113 722 4183 comprehensum,
784 4113 876 4168 hic
908 4119 1126 4179 autem,
1161 4123 1223 4170 ut
1276 4116 1544 4171 indutum
1592 4116 1849 4173 humana

197 4220 398 4259 carne.

272 4294 327 4344 4.
361 4291 494 4347 Jam
526 4297 661 4349 ante
693 4294 893 4349 mundi
938 4296 1438 4361 constitutionem,
1468 4302 1531 4352 ut
1564 4298 1709 4352 Deus
1738 4297 1849 4352 hu-

200 4398 440 4435 manam
473 4399 704 4438 carnem
742 4395 1081 4452 assumeret,
1127 4386 1474 4456 praefinitum
1509 4387 1843 4443 eritNam-

1971 3221 2121 3281 tura,
2153 3217 2255 3271 sed
2302 3218 2709 3287 conjunctione
2740 3221 2991 3275 duarum
3027 3226 3370 3276 naturarum
3404 3220 3460 3274 in
3492 3237 3608 3274 una

1971 3322 2241 3377 persona.

2037 3399 2089 3451 9.
2128 3397 2282 3451 [dem
2318 3396 2533 3451 dicitur
2559 3398 2645 3452 vel
2679 3397 2939 3454 essentia
2969 3415 3071 3453 seu
3108 3400 3285 3470 (quod
3321 3399 3472 3454 idem
3510 3400 3618 3468 est)

1968 3491 2194 3554 natura,
2230 3490 2292 3539 ut
2323 3486 2533 3541 Petrus
2564 3490 2620 3542 et
2652 3487 2869 3542 Paulus
2898 3488 3055 3544 idem
3089 3492 3300 3545 natura
3332 3493 3489 3555 sunt,
3524 3488 3610 3543 vel

1966 3589 2194 3645 genere,
2250 3580 2311 3628 ut
2343 3575 2446 3630 bos
2505 3583 2558 3629 et
2588 3592 2776 3645 equus
2809 3577 2963 3632 idem
3025 3584 3163 3633 sunt
3214 3594 3471 3648 genere:
3525 3577 3606 3631 vel

1965 3664 2250 3732 specie,ut
2302 3665 2470 3720 Titus
2502 3671 2558 3720 et
2614 3666 2960 3721 Timotheus
3021 3668 3173 3721 idem
3209 3672 3348 3720 sunt
3393 3666 3609 3734 specie.

1964 3769 2098 3807 nam
2132 3755 2242 3808 sub
2284 3755 2519 3810 homine
2536 3760 2675 3809 sunt
2697 3757 2869 3809 ambo
2903 3776 2916 3823 ;
2948 3756 3031 3810 vel
3060 3771 3322 3823 numero,
3357 3759 3421 3807 ut
3453 3754 3604 3823 quod

1964 3842 2140 3897 multa
2176 3842 2353 3898 habet
2398 3845 2657 3908 nomina,
2690 3843 2923 3914 gladius
2953 3844 3134 3909 enim,
3165 3843 3345 3909 ensis,
3379 3858 3605 3905 mucro,

1963 3930 2117 3984 idem
2154 3931 2531 3996 numero,his
2563 3931 2717 3985 enim
2752 3947 2935 3985 unum
2973 3931 3319 3999 subjicitur:
3354 3929 3439 3983 vel
3474 3947 3608 3984 una-

1963 4019 2246 4088 logia,seu
2273 4019 2689 4086 convenientia,
2708 4024 2808 4073 aut
2840 4019 3231 4089 proportione.
3267 4018 3427 4080 Quod
3451 4019 3605 4071 enim

1961 4112 2050 4160 est
2080 4107 2287 4160 oculus
2350 4110 2402 4160 in
2437 4123 2698 4176 corpore,
2732 4107 2886 4162 idem
2948 4112 3034 4161 cst
3066 4124 3231 4161 mens
3265 4108 3319 4161 in
3366 4104 3562 4160 animo
3593 4124 3605 4171 ;

1959 4193 2043 4249 vel
2086 4209 2327 4263 persona
2352 4198 2414 4247 ut
2442 4195 2499 4248 in
2536 4193 2786 4262 Christo,
2821 4197 2949 4265 ejus
2979 4195 3133 4249 enim
3169 4195 3408 4249 diverse:
3443 4199 3610 4249 natu-

1960 4299 2033 4336 rae
2068 4298 2315 4353 persona
2344 4283 2495 4337 idem
2529 4289 2686 4349 sunt,
2721 4285 2840 4339 sive
2873 4300 3077 4339 unum.

2034 4392 2116 4444 4.0.
2170 4391 2517 4461 Conjunctio
2557 4396 2645 4443 est
2687 4395 2931 4445 mutuus
2990 4408 3182 4445 rerum
3239 4391 3599 4445 diversarum

197 4487 378 4541 quam
415 4477 608 4526 autem
643 4478 778 4529 ante
826 4476 1257 4530 sanctissimam
1319 4476 1580 4543 Mariam,
1640 4477 1844 4531 divinae
1884 4490 1927 4553 [)
1958 4496 2300 4549 concursus,
2334 4481 2395 4534 fit
2453 4484 2647 4534 autem
2682 4481 2858 4535 variis
2922 4481 3134 4547 modis,
3171 4480 3255 4534 vel
3310 4482 3603 4535 mistionev

195 4560 401 4615 carnis
432 4562 835 4633 assumptione
868 4563 1111 4635 dignum
1148 4570 1444 4635 repertum
1480 4571 1569 4620 est
1600 4566 1845 4621 domici-

199 4652 373 4707 lium.
410 4651 513 4707 Ubi
546 4658 742 4708 autem
795 4660 1083 4724 repertum
1121 4659 1229 4722 est,
1265 4654 1583 4710 humanam
1613 4672 1849 4711 carnem

196 4742 518 4813 assumpsit
549 4748 723 4798 Deus.
752 4745 859 4807 Qui
896 4743 1023 4798 ideo
1056 4744 1113 4798 in
1148 4746 1440 4815 desponsa
1462 4744 1697 4815 Virgine
1722 4761 1851 4800 con-

195 4831 314 4900 cipi
341 4831 690 4900 voluit,utet
719 4833 1178 4899 matrimonium,
1214 4835 1385 4903 cujus
1418 4832 1649 4889 initium
1674 4850 1852 4904 spon-

192 4923 305 4975 sati
340 4928 498 4989 sunt,
532 4921 971 4978 commendaret
1000 4932 1058 4977 et
1096 4923 1146 4978 ei
1180 4923 1571 4995 virginitatem
1606 4928 1846 4994 antepo-

193 5016 382 5065 neret.

264 5101 319 5155 5.
359 5099 865 5173 ,
889 5119 986 5171 per
1008 5102 1480 5172 conjunctionem
1519 5102 1576 5158 in
1612 5120 1727 5159 una
1754 5120 1847 5159 ea-

192 5189 449 5260 demque
477 5207 724 5260 persona
750 5198 1055 5262 assumpta
1075 5197 1261 5258 est,ex
1283 5193 1410 5264 ipsa
1434 5193 1849 5262 conjunctione

193 5285 251 5334 et
282 5281 698 5336 communione
752 5281 959 5336 effecta
991 5281 1183 5336 divina
1231 5287 1344 5347 est,
1402 5282 1725 5352 statimque
1777 5282 1848 5336 ab

198 5370 472 5426 humanae
496 5378 717 5427 natura).
744 5373 1007 5428 terminis
1030 5391 1145 5429 non
1181 5374 1473 5440 recedens,
1502 5374 1848 5429 excellentes

200 5465 259 5516 et
290 5460 636 5530 magnicas
659 5461 984 5518 divinitatis
1017 5464 1182 5517 dotes
1213 5463 1455 5533 accepit,
1488 5466 1553 5517 ut
1582 5467 1640 5517 et
1667 5462 1848 5519 vitam

346 5587 519 5644 Joan.
552 5606 590 5658 ,
620 5591 675 5645 5.

1964 4576 2028 4623 ut
2060 4572 2114 4624 in
2149 4569 2240 4634 iis,
2276 4586 2402 4639 quae
2453 4567 2677 4640 liquida
2726 4574 2887 4637 sunt,
2933 4569 3105 4640 quale
3158 4573 3246 4623 est
3303 4569 3502 4624 vinum
3552 4571 3610 4622 et

1962 4676 2132 4729 aqua,
2166 4658 2247 4713 vel
2285 4674 2513 4721 acervo,
2574 4658 2719 4713 utin
2752 4658 2821 4713 iis
2855 4675 2986 4730 quae
3017 4664 3155 4713 sunt
3189 4658 3372 4722 arida,
3407 4663 3467 4712 ut
3499 4658 3606 4711 tri-

1961 4751 2141 4804 ticum
2177 4758 2227 4802 et
2278 4747 2562 4803 hordeum
2596 4769 2611 4818 ;
2652 4749 2739 4805 vel
2774 4749 3146 4804 imbibitione
3181 4749 3329 4804 utin
3364 4748 3608 4803 humido

1962 4843 2017 4893 et
2048 4839 2222 4903 sicco,
2278 4838 2465 4909 qualis
2498 4844 2582 4892 est
2629 4845 2782 4894 terra
2810 4843 2866 4893 et
2896 4856 3090 4909 aqua;
3126 4837 3210 4891 vel
3248 4837 3606 4902 remistione,

1961 4933 2028 4981 ut
2052 4927 2108 4981 in
2136 4927 2383 4982 diversis
2421 4927 2624 4982 l'arinis
2659 4944 2671 4981 :
2705 4927 2790 4981 vel
2828 4926 3262 4992 confusione,ut
3294 4925 3350 4979 in
3378 4926 3447 4978 iis
3480 4940 3606 4993 quae

1960 5014 2497 5087 liquefiunt,qualia
2518 5021 2656 5071 sunt
2674 5020 2969 5082 aurum,et
3000 5020 3332 5084 argentum,
3366 5017 3421 5066 et
3452 5027 3604 5076 cera,

1960 5111 2015 5160 et
2048 5108 2139 5176 pix
2171 5124 2184 5173 ;
2221 5105 2305 5158 vel
2340 5105 2816 5174 congruentia,ut
2844 5104 2899 5158 in
2935 5103 3233 5175 lapidibus
3268 5120 3281 5166 ;
3316 5102 3401 5154 vel
3430 5116 3608 5169 appo-

1961 5195 2192 5258 sitioue,
2224 5200 2285 5247 ut
2320 5195 2371 5245 in
2411 5193 2621 5247 tabulis
2660 5212 2672 5260 ;
2710 5192 2795 5245 vel
2828 5194 3261 5262 conjunctione,
3298 5195 3361 5244 ut
3394 5190 3446 5241 in
3474 5188 3611 5243 lam-

1962 5282 2126 5353 pade,
2163 5297 2286 5351 quae
2318 5297 2383 5334 ex
2415 5272 2543 5349 igne
2580 5281 2984 5349 proficiscitur,
3020 5286 3075 5333 et
3099 5295 3334 5332 rursum
3368 5278 3609 5346 conjun-

1960 5369 2114 5441 gitur
2147 5388 2161 5436 ;
2195 5368 2279 5421 vel
2316 5367 2589 5432 essentia,
2626 5374 2689 5422 ut
2744 5368 2801 5421 in
2836 5367 3175 5429 individuis,
3229 5365 3428 5437 quales
3469 5372 3605 5419 sunt

1960 5462 2167 5512 Petrus
2226 5460 2281 5511 et
2314 5454 2548 5522 Paulus,
2582 5463 2679 5510 aut
2732 5455 2910 5526 aliqui
2971 5455 3059 5511 vel
3120 5456 3251 5527 equi
3286 5454 3372 5510 vel
3406 5455 3604 5522 boves,
