4044 6212
449 302 480 361 1
493 302 608 361 235

1771 287 2078 351 ΝῙΒΕΤΕ
2121 285 2548 347 CHONIATIE

3711 289 3870 348 {236

455 438 556 491 aut
585 430 699 486 alia
731 427 1016 486 animalia
1048 443 1062 494 ;
1103 426 1188 482 vel
1222 427 1446 492 habitu,
1491 430 1554 480 ut
1585 425 1641 480 in
1675 424 1942 480 amiciset
1965 439 2098 478 sen-
2132 423 2186 489 Α
2215 426 2322 488 est,
2356 421 2627 492 quamvis
2674 420 2992 493 aliquando
3023 421 3290 477 dicamus
3319 419 3505 477 Deum
3539 419 3868 489 hominem,

453 521 657 578 tentiis
717 521 775 574 in
811 533 985 573 unam
1019 515 1380 571 voluntatem
1434 511 1920 570 convenientibus
1954 527 1970 580 ;
2013 509 2100 566 vel

454 607 904 680 compoitione,
938 605 1078 661 utin
1103 606 1301 659 anima
1328 609 1384 660 et
1405 621 1645 675 corpore
1675 621 1688 670 ;
1715 601 1802 657 vel
1835 617 2102 673 persona,

455 701 516 756 id
547 698 703 770 quod
741 696 810 750 de
844 694 970 750 sola
999 693 1303 748 divinitate
1351 697 1410 749 et
1440 693 1802 748 humanitate
1849 691 1908 745 in
1939 689 2104 746 Chri-

456 793 546 844 sto
567 787 800 843 dicitur.
824 788 950 839 Hoc
981 792 1174 838 autem
1213 781 1644 852 conjunctionis
1659 797 1846 853 genus
1877 779 2104 851 primus

458 875 706 934 tradidit
727 879 970 930 sanctus
991 871 1258 944 Cyrillus,
1291 887 1421 926 cum
1455 875 1800 944 repugnaret
1819 867 2102 932 Nestoris,

461 967 560 1038 qui
617 965 867 1020 duarum
930 964 989 1018 in
1051 961 1283 1016 Christo
1345 965 1615 1016 naturam
1676 959 2104 1031 copulationem

459 1055 660 1110 habitu
717 1052 839 1108 ﬁeri
873 1052 1132 1107 docebat.
1167 1050 1544 1108 Exsecrandaa
1579 1049 1735 1104 enim
1770 1047 1927 1102 illius
1959 1047 2105 1100 resi—

462 1150 625 1201 stens
656 1142 914 1216 opinioni
949 1142 1421 1211 conjunctionsm
1447 1157 1576 1212 quas
1601 1140 1678 1194 sit
1709 1154 1811 1210 per
1841 1137 2110 1208 hyposta-

462 1236 577 1300 sin,
612 1233 733 1289 sive
789 1247 1122 1303 personam,
1182 1231 1430 1296 induxit,
1487 1247 1605 1300 qua
1634 1231 1761 1282 dum
1796 1231 2017 1281 natura;
2047 1224 2105 1277 in

462 1341 580 1380 una
605 1339 874 1394 persona,
925 1337 1042 1376 non
1070 1324 1267 1375 autem
1317 1320 1372 1374 in
1401 1320 1648 1382 duabus,
1681 1321 1745 1370 ut
1786 1315 1956 1386 nugis
1986 1312 2110 1368 suis

468 1414 767 1470 asserebat
817 1412 1142 1478 Nestorius,
1201 1410 1573 1481 copulantur.
1637 1407 1860 1461 Dicitur
1916 1409 2108 1458 autem

464 1507 587 1562 haec
639 1512 697 1561 et
725 1501 1004 1571 Όῦσιὼδης
1056 1504 1165 1558 hoc
1224 1507 1314 1557 est
1371 1499 1702 1558 essentialis
1753 1494 2110 1567 cnnjunctio,

468 1597 620 1668 quod
647 1611 780 1650 vera
829 1595 924 1656 sil,
961 1609 1071 1647 non
1103 1595 1296 1646 autem
1351 1590 1474 1646 sola
1530 1587 1802 1660 Opinione
1835 1588 2109 1654 ﬁngatur.

471 1683 697 1754 Alioqui
758 1679 1083 1752 personalis
1113 1677 1446 1748 conjunctio
1478 1682 1566 1731 est
1597 1692 1822 1740 eorum,
1857 1689 1983 1744 quae
2023 1672 2110 1726 di-

2215 509 2530 580 aliquando
2563 509 2862 564 hominem
2896 509 3102 578 Deum,
3133 508 3496 564 divinitatem
3531 516 3732 563 tamen
3763 508 3872 563 ho-

2215 599 2452 666 minem,
2485 603 2588 654 aut
2618 597 3046 654 humanitatem
3083 599 3262 654 Deum
3296 614 3402 653 nos
3438 613 3751 668 nunquam
3785 597 3870 652 di-

2213 703 2362 744 cere.

2288 779 2374 830 14.
2431 777 2548 832 Etsi
2606 777 2834 832 nullum
2886 780 3072 849 potest
3127 776 3465 848 exemplum
3525 777 3873 849 excogitari,

2216 867 2370 937 quod
2406 865 2572 937 plane
2623 881 2747 920 rem
2781 866 3138 937 propositam
3171 865 3484 937 exprimat,
3520 881 3630 921 nos
3680 870 3876 921 tamen

2216 955 2429 1026 aliquid
2489 955 2695 1010 atl‘erre
2748 955 3118 1023 conabimur,
3176 957 3330 1027 quod
3383 956 3630 1027 quidem
3695 959 3746 1011 si
3795 955 3875 1010 rei

2219 1045 2612 1114 magnitudini
2663 1043 2860 1100 minus
2907 1045 3300 1115 respondebit,
3359 1045 3631 1117 apposite
3683 1052 3879 1100 tamen

2222 1141 2522 1204 utcunque
2542 1133 2838 1190 veritatem
2859 1134 3254 1190 adumbrabit.
3279 1133 3798 1198 Quemadmodum
3829 1135 3875 1189 si

2220 1232 2378 1281 totus
2431 1227 2773 1280 exardescat
2830 1241 2949 1293 aer,
2981 1224 3069 1282 vel
3103 1225 3296 1297 potius
3355 1227 3434 1280 sit
3489 1230 3658 1281 totus
3707 1225 3877 1294 ignis,

2219 1315 2492 1388 exiguum
2510 1319 2701 1370 autem
2728 1315 2862 1370 ferri
2893 1314 3209 1370 frustulum
3227 1315 3286 1370 in
3310 1315 3474 1370 illum
3495 1315 3879 1386 conjiciatur,

2222 1420 2458 1460 necese
2513 1403 2750 1476 quidem
2783 1405 2890 1460 erit
2921 1403 3064 1458 illud
3099 1403 3182 1459 sic
3228 1405 3403 1474 afﬁci,
3438 1410 3504 1460 ut
3534 1405 3690 1460 nihil
3724 1406 3878 1460 aliud

2222 1511 2352 1566 qam
2381 1494 2532 1564 ignis
2560 1510 2690 1549 esse
2715 1493 2999 1558 videntur,
3033 1499 3290 1548 attamen
3314 1492 3397 1549 illi
3428 1495 3709 1550 essentia
3736 1496 3880 1550 ratio

2223 1583 2604 1653 permanebit.
2661 1583 2879 1638 Eodem
2910 1582 3081 1638 modo
3116 1586 3326 1637 natura
3365 1583 3634 1638 humana
3662 1582 3882 1637 divinas

2227 1677 2560 1743 conjuncta,
2585 1673 2670 1728 sic
2703 1674 2774 1728 ab
2809 1673 2906 1728 illa
2933 1673 3355 1744 comprehensa
3400 1677 3490 1728 est
3521 1679 3578 1728 et
3609 1680 3879 1744 superat,

473 1787 650 1828 verere
683 1776 822 1826 sunt
853 1768 1139 1832 essentiaa,
1173 1768 1230 1822 in
1273 1783 1447 1822 unam
1507 1780 1811 1836 personam
1869 1778 2115 1817 concur-
2147 1791 2194 1856 Β
2227 1767 2292 1817 ut
2340 1779 2454 1817 non
2486 1761 2738 1833 amplius
2765 1766 2975 1816 natura
3033 1761 3292 1816 hominis
3332 1777 3460 1816 esse
3490 1761 3784 1817 videatur.
3822 1761 3882 1815 Et

473 1877 596 1929 sus,
630 1877 737 1916 sua
791 1858 1003 1928 cuique
1061 1855 1148 1911 vel
1195 1859 1325 1926 post
1375 1853 1844 1923 conjunctionem
1894 1860 2118 1909 servata

471 1947 840 2021 proprietate.
866 1949 999 2012 Quin
1036 1945 1271 2016 quidem
1299 1942 1635 2012 conjunctio
1653 1941 1903 2012 quadrat
1935 1940 2113 1994 etiam

470 2039 677 2093 animis
692 2042 747 2092 et
763 2035 986 2107 corpori
1001 2035 1059 2090 in
1083 2052 1116 2090 u
1129 2051 1256 2089 nam
1278 2033 1628 2090 coeuntibus
1650 2046 1957 2102 personam
1981 2029 2115 2100 (37),

473 2133 537 2183 ut
565 2128 964 2183 Damascenus
987 2125 1238 2180 edocuit.

547 2218 634 2274 tl.
687 2217 1205 2288 Homoypostaton,
1262 2229 1359 2268 seu
1419 2212 1686 2282 ejusdem
1745 2225 2028 2282 personae,
2061 2208 2120 2262 id

471 2323 604 2363 esse
632 2306 868 2373 dicitur,
903 2305 1056 2376 quod
1091 2304 1148 2358 in
1185 2319 1301 2357 una
1343 2301 1663 2372 eademque
1696 2315 1944 2371 persona
1983 2313 2118 2356 cum

471 2397 608 2468 alio,
639 2413 674 2451 a
699 2411 815 2466 quo
845 2395 1039 2448 differt
1066 2388 1765 2461 essentia,conjungitur;
1805 2395 1868 2442 ut
1897 2387 1954 2442 in
1987 2385 2116 2442 ani-

475 2501 572 2540 ma
602 2499 834 2556 quoque
863 2483 931 2536 ﬁt
959 2488 1013 2537 et
1044 2496 1302 2552 corpore.
1348 2477 1639 2534 Omnibus
1669 2476 1907 2548 quidem
1943 2473 2120 2530 rebus

474 2573 770 2628 immistus
795 2575 885 2627 est
909 2571 1062 2626 Deus
1081 2585 1182 2640 per
1212 2569 1554 2640 potentiam,
1615 2572 1882 2620 naturam
1921 2565 2122 2633 cujus-

478 2678 594 2734 que
637 2665 932 2734 regentem
967 2664 1024 2714 et
1077 2654 1761 2716 conservanteszilius
1811 2657 2003 2708 autem
2066 2655 2122 2707 et

474 2752 628 2808 Deus
648 2767 780 2807 cum
804 2749 1171 2805 humanitate
1203 2750 1508 2816 assumpta
1539 2745 1748 2800 mislus
1771 2749 1858 2799 est
1879 2757 2122 2814 perper-

477 2857 729 2985 sogfnéi
789 2933 1094 2998 assumpta
1149 2925 1490 2981 humanitas
1545 2928 1635 2978 est
1661 2922 1833 2978 Verbi
1869 2919 2122 2994 propria,

2226 1851 2335 1906 hac
2367 1852 2436 1905 de
2489 1868 2666 1906 causa
2698 1856 2894 1905 Patres
2924 1850 3105 1905 nostri
3149 1850 3304 1922 quod
3334 1855 3652 1921 exsuperat
3690 1856 3752 1906 et
3783 1852 3881 1906 dc-

2227 1940 2504 2007 minatur,
2537 1941 2592 1994 id
2629 1942 2944 2005 intuentes,
2978 1937 3137 1995 illam
3163 1939 3347 1996 Deum
3383 1956 3513 1996 esse
3547 1942 3766 1996 iactam
3801 1940 3882 1994 di-

2225 2036 2455 2097 xerunt,
2516 2031 2761 2099 ideoque
2794 2034 3026 2100 propter
3059 2045 3235 2083 unum
3287 2029 3495 2083 horum
3539 2045 3885 2100 personam,

2226 2125 2279 2172 et
2333 2116 2800 2172 indissolubilem
2835 2116 3332 2188 conjunctionem,
3395 2133 3572 2171 unum
3607 2117 3754 2172 item
3792 2117 3886 2172 his

2228 2205 2587 2263 adorationis
2619 2205 2840 2260 cultum
2876 2205 3094 2260 deberi.

2301 2299 2385 2352 15·
2422 2301 2802 2351 Personarum
2855 2295 3092 2366 quidem
3125 2295 3182 2350 in
3223 2295 3456 2352 Christo
3517 2295 3886 2350 diﬂ'erentias

2229 2403 2341 2440 non
2374 2385 2766 2451 admittimus,
2815 2401 2886 2440 ne
2939 2389 3210 2458 quartam
3233 2401 3543 2456 personam
3579 2386 3642 2439 in
3676 2391 3888 2440 saneta

2229 2475 2512 2530 Trinitate
2534 2473 3333 2546 conﬁngamus.Naturarum
3369 2479 3566 2530 autem
3602 2475 3882 2529 differen-

2227 2564 2338 2618 tias
2370 2563 2774 2635 agnoseimus,
2808 2579 2878 2618 ne
2909 2577 3144 2619 carnem
3176 2563 3438 2635 ejusdem
3465 2581 3568 2634 per
3601 2570 3884 2618 naturam

2228 2651 2494 2706 essentia:
2519 2667 2648 2706 cum
2679 2651 2910 2707 Christo
2935 2651 3236 2706 credamus
3265 2667 3394 2706 esse
3425 2651 3562 2723 (37).

2303 2741 2388 2795 16.
2420 2739 2842 2809 Coniunclione
2885 2740 3137 2794 duarum
3180 2748 3524 2796 naturarum
3556 2740 3616 2796 in
3649 2739 3886 2796 Christo

2230 2830 2378 2884 facta
2407 2829 2528 2900 jam
2579 2845 2692 2884 non
2722 2829 2956 2895 divisio,
2990 2829 3089 2884 sed
3127 2828 3458 2884 differentia
3489 2829 3753 2885 dicenda
3783 2835 3891 2886 est.

2231 2918 2565 2974 Difl‘erentia
2593 2917 2748 2974 enim
2803 2918 2950 2974 ratio
2982 2923 3072 2974 est
3102 2935 3204 2988 per
3232 2935 3409 2990 quam
3439 2934 3640 2974 rerum
3689 2919 3890 2991 subje-

482 3036 609 3090 quae
647 3016 1030 3074 humanitatis
1086 3018 1404 3084 assumptis
1451 3011 1686 3083 prapria
1747 3015 1906 3078 sunt,
1955 3012 2126 3064 erunt
2231 3015 2454 3063 clarum
2507 3005 2622 3062 alia
2662 3006 2851 3062 differt
2889 3007 2960 3062 ab
3037 3007 3171 3062 alia.
3231 3006 3530 3062 Divisione
3595 3023 3740 3062 vero
3805 3023 3891 3063 res

476 3109 652 3162 etiam
710 3106 874 3162 Verbi
935 3104 1186 3178 propria,
1219 3103 1355 3158 licet
1383 3102 1466 3158 eis
1496 3101 1756 3173 seipsum
1787 3116 1899 3156 non
1933 3098 2114 3166 subji-

477 3198 616 3258 ciat,
647 3193 746 3248 sed
777 3193 866 3248 illi
912 3191 1302 3247 communicet
1333 3207 1459 3261 quae
1491 3206 1596 3245 sua
1647 3193 1802 3254 sunt,
1845 3185 2116 3260 quamvis

480 3301 597 3338 non
619 3299 685 3338 eo
704 3283 898 3350 modo,
928 3299 1042 3353 quo
1061 3298 1129 3337 ea
1159 3299 1191 3335 a
1221 3297 1282 3337 se
1305 3281 1702 3352 possidentur.
1733 3278 1892 3333 Hanc
1923 3282 2118 3332 autem

483 3379 699 3430 mutum
727 3371 1066 3428 tributionis
1101 3373 1384 3426 rationem
1424 3385 1720 3435 vocamus,
1753 3384 1866 3438 qua
1897 3372 2118 3422 natura!

481 3479 543 3520 se
596 3461 855 3517 vicissim
887 3460 1144 3529 capiunt,
1193 3463 1248 3512 et
1281 3473 1404 3528 quae
1435 3457 1670 3527 utrique
1721 3455 1954 3528 propria
1983 3457 2123 3510 sunt

481 3551 596 3609 sibi
633 3556 834 3606 mutuo
865 3548 1156 3602 tribuunt.
1197 3555 1269 3602 At
1326 3545 1556 3601 tametsi
1586 3546 1839 3600 vicissim
1893 3561 1958 3598 ac
1991 3560 2118 3598 mu-

477 3645 615 3698 tuos
635 3639 744 3695 has
767 3639 920 3694 inter
952 3653 1016 3693 se
1045 3650 1373 3692 commeare
1408 3633 1796 3701 dicimus,hoc
1827 3637 2019 3688 tamen
2053 3647 2121 3686 ex

477 3730 676 3788 divina
707 3727 936 3800 proprie
959 3729 1164 3782 natura
1195 3725 1571 3796 pendet,quae
1596 3739 1696 3794 per
1724 3724 1910 3777 omnia
1930 3726 2121 3775 trans-

476 3820 546 3889 it,
577 3823 634 3874 et
656 3821 970 3884 commeat,
1003 3823 1056 3872 et
1091 3817 1354 3886 penetrat
1387 3813 1482 3868 ubi
1503 3810 1640 3867 vult
1673 3827 1811 3882 ;per
1833 3810 1992 3865 illam
2016 3827 2118 3865 au-

475 3916 593 3966 tem
627 3907 793 3964 nihil.

551 3999 638 4052 13.
679 4000 812 4050 Hac
830 3999 1033 4050 mutua
1063 3991 1307 4050 tributio
1336 3991 1450 4046 tria
1481 3989 1776 4062 imprimis
1802 3988 2118 4060 signiﬁcat.

478 4092 622 4143 Nam
655 4085 741 4140 vel
768 4084 828 4140 in
861 4081 1201 4138 nominibus
1229 4080 1652 4146 consideratur,
1678 4083 1741 4133 ut
1769 4095 1902 4133 cum
1927 4077 2120 4132 homi-

482 4191 614 4232 nem
673 4173 922 4229 dicimus
968 4170 1174 4236 Deum,
1235 4173 1292 4224 et
1349 4173 1527 4223 Deum
1556 4167 1901 4223 hominem:
1947 4165 2032 4222 vel
2061 4166 2118 4220 in

483 4266 677 4328 rebus,
709 4267 768 4318 et
797 4263 917 4316 haec
948 4264 1038 4314 est
1073 4259 1309 4331 duplex.
1343 4261 1458 4314 Aut
1487 4257 1642 4312 enim
1677 4256 1919 4328 (aqualis
1949 4261 2038 4311 est
2066 4259 2122 4310 et

482 4351 815 4420 dissimilis,
851 4353 916 4404 ut
964 4349 1022 4403 in
1057 4353 1169 4403 Deo
1202 4346 1438 4403 homine
1487 4347 1658 4412 facto,
1691 4351 1748 4400 et
1794 4345 1854 4399 in
1889 4344 2122 4399 homine

481 4444 627 4497 facto
690 4441 820 4495 Deo.
875 4437 1032 4492 Licet
1070 4436 1224 4492 enim
1275 4440 1506 4491 tantum
1557 4439 1896 4505 assumptus
1945 4432 2119 4488 homo

2231 3095 2446 3152 eadem
2509 3111 2749 3168 prorsus
2781 3101 2838 3152 et
2888 3097 2946 3151 in
2979 3096 3321 3152 universum
3358 3113 3394 3150 a
3422 3113 3486 3151 se
3515 3097 3890 3169 disjungun-

2146 3148 2190 3211 ο
2229 3148 2343 3242 illi

2302 3275 2388 3329 17.
2414 3275 2670 3330 Verbum
2719 3278 2775 3329 et
2807 3279 2955 3329 Deus
2988 3279 3090 3328 aut
3121 3274 3455 3329 universum
3481 3279 3590 3329 aut
3612 3275 3882 3346 singula-

2232 3381 2352 3419 rem
2386 3363 2708 3434 assumpsit
2742 3364 3061 3421 hominem.
3094 3364 3152 3420 Si
3178 3364 3876 3430 universum,oculisnon

2230 3462 2578 3508 cerneretur.
2611 3452 2830 3508 Natura
2859 3454 3014 3508 enim
3068 3451 3341 3508 universa
3373 3469 3488 3508 non
3521 3457 3616 3508 est
3649 3454 3878 3524 conspi-

2231 3555 2356 3594 cua.
2393 3543 2668 3594 Praeterea
2701 3538 2911 3594 multas
2949 3538 3188 3596 haberet
3222 3556 3505 3612 personas
3535 3555 3551 3595 :
3593 3539 3798 3610 plures
3824 3555 3885 3594 e—

2233 3628 2353 3683 nim
2387 3645 2572 3700 genus
2617 3628 2955 3683 universum
2997 3627 3420 3700 complectitur.
3455 3627 3578 3684 Nec
3611 3630 3878 3699 ejusdem

2235 3717 2403 3773 nobis
2434 3726 2582 3773 esset
2602 3717 2969 3786 substantiae,
2996 3735 3102 3774 nos
3129 3719 3286 3774 enim
3309 3734 3521 3775 sumus
3555 3719 3881 3786 individua,

2229 3813 2287 3863 et
2330 3806 2510 3860 multa
2557 3806 2847 3876 ejusmodi
2909 3807 3266 3862 incommota
3321 3814 3742 3879 sequerentur.
3785 3807 3880 3863 Sin

2231 3895 2525 3951 hominem
2551 3894 3270 3967 assumpsitsingularem,
3302 3896 3455 3952 duas
3485 3897 3884 3968 deprehende-

2231 3991 2329 4039 tur
2358 3985 2570 4039 habere
2599 3999 2900 4056 personas.
2935 3984 3245 4057 Reliquum
3280 3985 3461 4056 igitur
3499 3991 3612 4050 est,
3643 3992 3713 4041 ut
3743 4004 3885 4041 neu-

2230 4078 2386 4128 trum
2422 4072 2942 4146 assumpserit,sed
2965 4073 3305 4144 singularis,
3338 4074 3449 4130 hoc
3481 4080 3575 4130 est
3597 4075 3883 4130 individui

2232 4170 2501 4218 naturam
2563 4161 2841 4227 hominis,
2875 4161 3044 4232 cujus
3076 4162 3200 4232 ipse
3230 4179 3478 4234 persona
3511 4165 3640 4220 fuit.
3669 4165 3883 4236 Singu-

2232 4251 2371 4307 laris
2401 4256 2594 4306 autem
2622 4251 2880 4305 hominis
2911 4259 3120 4306 natura
3145 4253 3478 4307 communis
3509 4254 3753 4324 quidem
3777 4258 3883 4318 est,

2231 4343 2331 4398 sed
2357 4342 2412 4396 in
2438 4341 2757 4396 individuo.
2801 4340 3168 4410 Singularem
3221 4357 3356 4396 vero
3387 4343 3646 4398 dicimus
3688 4344 3885 4398 homi-

2232 4447 2388 4496 nem,
2421 4435 2486 4485 ut
2530 4428 2892 4484 individuum
2927 4428 3160 4502 speciei,
3225 4447 3340 4485 non
3375 4433 3636 4486 animam
3670 4434 3882 4496 solam,

479 4533 670 4590 factus
702 4526 779 4582 sit
810 4530 1276 4596 Deus,quantum
1307 4525 1456 4579 Deus
1489 4498 1784 4579 hominem
1815 4537 2121 4576 assumens
2151 4498 2201 4564 Β
2233 4523 2334 4576 aut
2363 4535 2576 4591 corpus
2621 4517 2837 4584 solum,
2881 4498 2981 4574 sed
3033 4519 3182 4589 quod
3216 4535 3284 4574 ex
3343 4525 3597 4594 utroque
3647 4523 3886 4578 conﬁci-

483 4623 664 4675 factus
721 4620 810 4670 est
845 4616 1020 4670 homo
1091 4613 1218 4686 (per
1270 4630 1484 4686 corpus
1540 4613 1693 4667 enim
1747 4616 1804 4666 et
1861 4612 2118 4667 animam

481 4714 542 4766 et
589 4708 868 4773 mentem,
921 4707 1236 4773 utrumque
1285 4702 1500 4757 factum
1533 4704 1662 4770 est),
1699 4717 1812 4756 non
1854 4699 2124 4756 similiter

480 4802 698 4853 tamen.
755 4792 911 4848 Deus
941 4791 1093 4846 enim
1131 4806 1234 4858 per
1265 4795 1533 4845 naturam
1569 4791 1753 4844 factus
1778 4775 1868 4844 est
1897 4789 2072 4844 homo
2107 4808 2122 4856 ',

479 4888 654 4943 homo
686 4887 882 4938 autem
923 4897 1026 4954 per
1056 4880 1306 4953 gratiam
1331 4881 1514 4934 factus
1544 4883 1630 4933 est
1661 4879 1836 4934 Deus.
1871 4883 1987 4934 Aut
2040 4880 2122 4934 si-

481 4976 640 5032 milis
669 4978 724 5030 et
752 4970 1149 5042 inmqualis,ut
1181 4970 1238 5024 in
1273 4969 1470 5023 anima
1501 4984 1533 5022 a
1564 4967 1678 5024 Deo
1711 4967 1936 5022 homini
1961 4968 2119 5039 data,

480 5074 544 5122 ut
576 5067 633 5122 in
666 5079 840 5120 carne
857 5061 928 5116 ab
952 5060 1189 5116 homine
1220 5058 1333 5114 Deo
1365 5063 1421 5112 et
1446 5057 1629 5112 Verbo
1664 5057 1900 5112 tributa.
1929 5058 2121 5129 Imago

477 5155 632 5214 enim
685 5154 785 5210 Dei
843 5155 955 5221 est,
986 5154 1044 5206 et
1091 5147 1282 5220 quoad
1315 5147 1440 5202 ﬁeri
1500 5150 1689 5218 potest
1738 5151 1850 5202 Deo
1910 5146 2121 5202 similis

477 5245 696 5312 anima;
729 5239 974 5313 aequalis
1015 5246 1208 5294 autem
1237 5235 1396 5291 nullo
1421 5236 1684 5291 modo.Et
1714 5239 1850 5290 tunc
1884 5235 2120 5306 quidem

479 5336 534 5389 id
563 5329 908 5402 dedit,quod
939 5325 1314 5402 praestantius
1335 5329 1483 5396 erat,
1507 5330 1637 5396 post
1668 5329 1861 5381 autem
1883 5325 1939 5381 id
1964 5327 2120 5397 quod

482 5421 734 5476 deterius
768 5422 915 5487 erat,
961 5415 1203 5487 accepit.
1264 5415 1476 5470 Verum
1537 5414 2120 5472 animadvertendum

555 5575 666 5645 (37)
695 5576 963 5633 Damasc.
997 5569 1434 5645 ὁμοΰπόστατον.

2231 4614 2350 4664 tur.

2302 4697 2389 4753 48.
2431 4699 2564 4760 Quaa
2613 4696 2672 4752 in
2721 4701 2932 4752 natura
2972 4696 3232 4752 humana
3261 4705 3398 4753 sunt
3429 4715 3463 4754 a
3492 4698 3640 4754 vitio
3689 4717 3886 4773 repre-

2231 4787 2631 4860 hensioneque
2704 4785 2916 4853 aliena,
2978 4804 3048 4842 ea
3103 4786 3370 4843 Christus
3431 4791 3648 4861 partim
3706 4808 3886 4866 supra

2230 4877 2499 4934 homines
2531 4876 2775 4950 accepit,
2807 4875 3014 4947 partim
3052 4880 3112 4932 ut
3144 4876 3438 4945 homines,
3472 4880 3690 4950 partim
3724 4881 3888 4953 abje—

2231 4967 2382 5020 ctius
2437 4981 2613 5036 quam
2647 4963 2940 5020 homines.
2995 4965 3184 5037 Sapra
3245 4965 3518 5021 homines
3554 4968 3690 5038 fuit,
3723 4972 3880 5041 quod

2231 5053 2356 5110 sine
2387 5053 2609 5110 semine
2640 5059 2958 5124 conceptus
2987 5060 3096 5120 est,
3129 5055 3280 5124 quod
3306 5071 3374 5110 ex
3404 5057 3651 5128 Virgine
3684 5067 3886 5124 natus,

2231 5148 2288 5200 et
2353 5147 2558 5199 caetera
2606 5143 2813 5199 horum
2859 5143 3092 5198 similia.
3147 5142 3462 5200 Hominum
3528 5163 3696 5204 more
3752 5150 3888 5222 fuit,

2231 5234 2383 5308 quod
2418 5232 2626 5288 divinae
2659 5231 2980 5288 Genetricis
3013 5236 3240 5288 uterum
3273 5233 3604 5290 infantulus
3629 5241 3890 5296 tumefe—

2231 5323 2330 5393 cit,
2355 5330 2506 5395 quod
2534 5338 2736 5377 novem
2790 5321 3071 5376 mentium
3132 5321 3316 5392 spatio
3370 5325 3543 5380 natus
3575 5331 3689 5396 est,
3731 5331 3888 5399 quod

2232 5415 2430 5471 hausit
2467 5413 2578 5484 lac,
2639 5413 2792 5485 quod
2819 5411 3080 5483 ploravit,
3115 5417 3172 5467 et
3201 5412 3258 5467 id
3288 5427 3477 5482 genus
3530 5415 3671 5474 alia.
3709 5421 3889 5490 Abje-

2303 5576 2416 5646 (38)
2440 5575 2595 5631 Infra
2623 5577 2827 5630 contra
2853 5574 3014 5629 Joan.
3046 5573 3462 5646 Philoponum.
