4044 6212
260 322 287 381 1
311 321 432 384 287

1610 329 2011 394 THESAUBI
2056 325 2205 389 LIB.
2254 325 2361 387 ΠΙ.

3535 332 3687 397 1238

258 456 483 511 ctiuset
510 456 1004 527 humilius,qnam
1033 476 1134 532 pro
1160 462 1467 520 hominum
1501 464 1921 523 consuetudine
1950 464 2001 530 Α
2098 462 2153 517 6.
2186 461 2361 517 Arius
2392 465 2447 516 et
2502 461 2828 518 Eunomius
2860 462 2933 517 ab
2964 461 3065 521 illo
3099 463 3285 521 solum
3342 480 3552 538 corpus
3582 485 3681 524 as-

260 545 384 610 t'uit,
421 546 577 617 quod
611 548 739 615 ejus
771 548 998 617 species
1034 551 1089 605 in
1124 567 1295 608 cruce
1352 556 1540 626 turpis
1562 553 1920 627 apparuit,“
2029 553 2326 618 sumptum
2362 548 2558 618 fuisse,
2619 548 2982 605 divinitatem
3047 567 3182 608 vero
3240 553 3449 609 animae
3482 558 3676 625 partes

262 650 394 689 cum
430 635 778 707 ignominia,
812 640 870 691 et
929 638 1231 710 deﬁciens,
1283 643 1476 714 inquit
1507 644 1707 712 Isaias,
1736 656 1917 715 supra

264 723 411 779 ﬁlios
446 724 776 792 hominum,
811 728 1086 799 quodque
1122 732 1286 801 prius
1318 748 1493 803 quam
1526 732 1918 805 latrones,qui

263 812 523 868 simulin
575 828 808 870 crucem
865 816 978 871 acti
1015 824 1182 873 erant
1213 838 1332 893 pra
1388 822 1685 879 clavorum
1712 821 1913 878 dolore

265 907 530 958 mortuus
562 907 671 958 est.
705 904 867 960 Adde
896 910 954 961 et
985 906 1151 975 illud,
1176 910 1226 965 si
1272 910 1481 982 placet,
1512 913 1668 983 quod
1701 910 1910 967 humili

268 992 451 1047 forma
481 991 775 1047 hortulani
808 1011 870 1049 se
891 1000 1022 1066 post
1041 1000 1523 1058 resurrectionem
1550 1001 1912 1072 conspicias.

262 1080 400 1136 dum
430 1081 695 1152 praebuit,
728 1087 785 1138 et
840 1085 1123 1155 apostolis
1166 1087 1487 1158 cicatrices,
1517 1099 1571 1147 et
1629 1089 1757 1145 loca
1779 1090 1908 1145 vul-

260 1186 466 1225 nerum
498 1170 777 1237 ostendit,
837 1174 1104 1244 quodque
1134 1175 1328 1232 cibum
1364 1179 1541 1250 cepit.
1594 1178 1741 1236 Nam
1766 1176 1902 1234 reli-

260 1261 359 1331 qui
382 1259 648 1317 homines
674 1265 874 1331 postea
896 1278 1073 1333 quam
1099 1263 1312 1321 fuerint
1339 1267 1398 1322 in
1429 1268 1604 1324 vitam
1629 1266 1903 1335 revocati,

255 1352 546 1422 fulgebunt
569 1354 634 1404 ut
661 1349 751 1406 sol
779 1352 844 1421 ⁷⁷,
889 1368 994 1409 nec
1026 1352 1184 1409 ullus
1206 1371 1408 1415 eorum
1439 1357 1725 1427 ejusmodi
1749 1358 1904 1414 cica-

258 1441 432 1496 trices
461 1440 521 1495 in
553 1456 812 1511 corpore,
846 1446 947 1496 aut
975 1441 1284 1500 vulnerum
1311 1445 1438 1501 loca
1468 1446 1764 1515 retinebit,
1797 1463 1903 1503 nec

260 1529 546 1583 comedet.

330 1618 417 1672 15.
453 1617 629 1673 Filius
659 1617 784 1683 Dei,
816 1622 990 1691 atque
1017 1620 1170 1677 idem
1206 1627 1373 1693 Deus,
1405 1629 1467 1680 et
1492 1629 1810 1696 conceptus
1839 1628 1898 1680 et

260 1711 430 1763 natus
460 1723 586 1762 esse
611 1707 849 1773 dicitur,
880 1712 936 1764 et
964 1710 1252 1779 docuisse,
1312 1717 1369 1767 et
1398 1730 1489 1769 res
1521 1714 1898 1769 admirandas

2026 637 2411 713 supplevisse.

2095 728 2150 785 7.
2185 726 2573 798 Apollinarius
2623 727 2875 799 denique
2926 729 3244 787 animatum
3270 732 3504 802 quidem
3539 751 3668 795 esse

2024 818 2346 875 Servatoris
2386 833 2599 887 corpus
2654 817 2865 886 aiebat,
2918 823 3121 875 etnon
3181 820 3380 877 anima
3423 822 3666 879 rationis

2024 905 2304 977 participe
2327 922 2340 962 :
2365 907 2663 977 superﬂua
2690 908 2843 963 enim
2872 908 3081 965 fuisset
3104 925 3290 980 mens,
3325 910 3520 982 inquit
3545 911 3669 981 ille,

2022 994 2209 1050 Verbo
2241 1000 2540 1066 praesente.

2696 1119 2854 1176 CAP.
2887 1122 3000 1175 XL.

2287 1226 2604 1296 Con/utalia
2633 1228 3065 1299 praecedentium
3097 1228 3402 1286 haereseon.

2087 1355 2369 1417 Ceterum
2403 1356 2520 1412 hinc
2572 1356 2894 1413 multarum
2930 1357 3222 1415 ὕει-θεειοη
3263 1358 3536 1431 dogmata
3568 1362 3665 1417 vi-

2016 1461 2148 1500 sum
2206 1450 2297 1502 est
2358 1445 2670 1512 ascribere,
2733 1450 2796 1500 ut
2852 1445 3118 1502 Ecclesiae
3188 1449 3492 1503 veritatem
3550 1450 3662 1506 hoc

2018 1538 2183 1605 pacta
2233 1534 2645 1604 patefeceram.
2701 1534 3004 1604 Eumdem,
3053 1536 3154 1606 qui
3206 1536 3663 1609 Unigenitus,et

2014 1627 2164 1679 Deus
2191 1622 2473 1690 Verbum,
2506 1626 2563 1677 st
2612 1622 2899 1691 Servator,
2934 1626 2990 1677 et
3020 1622 3299 1681 Dominus
3340 1628 3512 1684 Jesus
3546 1632 3654 1692 est,

2009 1711 2267 1769 Ecclesia
2298 1710 2510 1767 Filium
2545 1710 2839 1769 nominat:
2871 1712 2949 1765 ita
2978 1715 3170 1769 tamen
3199 1719 3260 1771 ut
3292 1714 3474 1769 Filius
3507 1716 3647 1771 Uni-

259 1796 548 1861 fecisse,et
575 1796 658 1866 (ut
688 1797 892 1867 paucis
907 1799 1104 1854 omnia
1134 1802 1510 1873 complectar)
1529 1807 1651 1857 tum
1668 1802 1900 1873 eguisse
1934 1829 1982 1897 Β
2012 1801 2338 1873 genitumst
2368 1806 2523 1859 Deus
2568 1799 2848 1866 Verbum,
2880 1805 2937 1854 et
2962 1799 3269 1867 Dominus,
3316 1802 3486 1858 etiam
3522 1809 3657 1860 ante

254 1891 376 1941 tum
411 1903 622 1958 passus
644 1902 794 1951 esse,
826 1893 883 1942 et
943 1893 1236 1957 mortuus,
1268 1899 1323 1949 et
1366 1894 1713 1950 surrexisse.
1747 1895 1897 1957 Quo-

256 1976 411 2030 niam
442 1981 758 2043 assumpto
788 1977 980 2032 carnis
1012 1979 1136 2047 ipse
1171 1980 1282 2035 fuit
1315 1996 1583 2052 persona,
1616 1998 1742 2055 quae
1763 1983 1894 2055 qui-

249 2064 379 2119 dem
413 2080 544 2120 caro
561 2066 687 2120 sine
699 2065 925 2121 semine
939 2066 1135 2139 genita
1150 2067 1373 2124 nullam
1390 2069 1570 2126 aliam
1593 2072 1891 2143 prOpriam

252 2169 558 2225 personam
582 2154 806 2209 habuit.
838 2156 1124 2221 Quocirca
1153 2173 1288 2213 cum
1334 2160 1692 2216 assumentis
1719 2166 1776 2215 et
1807 2178 1898 2216 as-

251 2247 501 2314 sumptse
516 2244 782 2299 humane
805 2250 1030 2301 naturae
1048 2263 1164 2301 una
1183 2246 1595 2320 siteademqus
1618 2265 1889 2321 persona,

249 2334 372 2404 ipse
404 2333 610 2388 dicitur
639 2338 697 2389 et
726 2350 896 2406 agere
925 2340 984 2390 et
1015 2338 1132 2407 pati
1176 2352 1245 2391 ex
1275 2339 1425 2405 ejus,
1459 2339 1614 2408 quod
1649 2355 1892 2395 assum-

250 2421 386 2492 psit,
420 2428 648 2476 natura.
682 2422 751 2476 Et
780 2439 907 2493 quas
942 2422 1103 2478 illius
1134 2425 1371 2495 propria
1407 2431 1568 2491 sunt,
1604 2427 1715 2482 sibi
1740 2427 1889 2482 asci-

248 2511 360 2564 scit
389 2514 454 2565 ut
512 2510 767 2581 prepria,
808 2510 1022 2581 quippe
1066 2511 1163 2580 qui
1214 2513 1292 2566 sit
1347 2514 1477 2583 ejus
1537 2513 1889 2585 hypostasis,

248 2604 422 2669 atque
453 2614 722 2669 persons,
756 2603 820 2653 ut
859 2598 1413 2656 demonstravimus.

846 2705 1004 2761 CAP.
1031 2705 1299 2761 XXXIX"

241 2814 401 2876 Item,
437 2810 507 2864 De
535 2808 669 2864 Filii
715 2810 812 2865 Dei
863 2814 1275 2867 incarnatione.
1336 2814 1625 2881 [Tredecim
1661 2816 1883 2873 ἠρινεεί-

314 2884 410 2937 bus
438 2883 668 2952 rejectis,
722 2881 979 2939 Ecclesiae
1005 2900 1193 2939 veram
1232 2885 1297 2941 de
1323 2886 1534 2942 Christi
1562 2890 1885 2945 nominibus

305 2960 363 3081 Ξι
394 2954 776 3095 ἐνέσῗνηαιίοηθ
794 2954 1108 3026 opinionem
1123 2957 1296 3013 solam
1313 2959 1743 3028 amplexandam
1767 2977 1885 3018 nu

343 3042 432 3081 oce
465 3066 476 3078 .

343 3042 476 3081 θσθι.

307 3132 504 3204 Operae
538 3133 786 3203 pretium
813 3149 948 3189 vero
976 3134 1116 3190 mihi
1143 3135 1407 3193 facturus
1432 3138 1653 3208 videor,
1686 3139 1733 3194 si
1751 3141 1878 3210 jam

238 3222 670 3294 proﬁtear,quid
688 3223 757 3279 de
779 3223 975 3279 divina
1006 3224 1281 3281 humanis
1308 3226 1503 3282 carnis
1520 3230 1880 3298 assumptio-

239 3329 312 3368 ne
342 3312 611 3367 sentiam.
649 3317 768 3369 Hac
800 3313 956 3368 enim
988 3314 1214 3370 ratione
1241 3315 1370 3386 ipsa
1395 3317 1513 3384 Dei,
1535 3317 1637 3388 qui
1668 3334 1881 3389 corpus

236 3402 347 3457 hoc
382 3401 776 3457 universitatis
836 3402 1195 3471 moderatur,
1256 3405 1624 3476 providentia
1661 3406 1881 3464 clarius

237 3492 580 3546 innotescat.

315 3580 365 3634 1.
394 3578 734 3635 Valentinus
764 3580 958 3651 itaque
988 3581 1045 3635 in
1084 3581 1363 3639 fabulosis
1404 3584 1522 3640 illis
1554 3600 1877 3657 nugamen-

236 3668 319 3723 tis
337 3669 461 3724 suis
491 3668 667 3723 alium
704 3670 1267 3741 Unigenitum,aliud
1303 3672 1555 3729 Verbum
1586 3675 1880 3747 continge-

235 3759 370 3813 bat:
404 3764 575 3829 atque
606 3758 780 3813 etiam
813 3759 994 3815 alium
1027 3760 1349 3827 Christum,
1371 3764 1471 3833 qui
1502 3764 1657 3819 intra
1690 3766 1883 3837 plero-

235 3863 352 3914 ma,
387 3864 486 3901 seu
548 3846 995 3919 plenitudinem,
1042 3850 1666 3921 comprehenderetur;
1700 3854 1879 3911 alium

230 3939 371 3993 item
400 3937 631 4004 Jesum;
660 3936 856 3993 'alium
915 3938 1169 4011 denique
1224 3940 1545 4010 Christum,
1586 3943 1686 4014 qui
1718 3949 1882 3999 extra

234 4025 490 4096 plernma
522 4026 883 4082 consisteret.
915 4028 1109 4082 Jesum
1132 4044 1302 4099 porro
1335 4029 1632 4084 hominem
1666 4032 1877 4087 factum

231 4117 518 4172 exteriore
546 4115 646 4171 illo
677 4116 908 4172 Christo
956 4117 1254 4187 indutum,
1288 4133 1530 4187 corpore
1569 4135 1637 4174 ex
1670 4122 1878 4175 animus

233 4206 490 4261 essentia
524 4205 637 4260 sibi
680 4212 1004 4275 assumpto,
1067 4204 1372 4275 solumque
1432 4206 1741 4262 transitum
1779 4225 1881 4279 per

229 4293 531 4365 Virginem
565 4292 863 4360 habuisse,
928 4307 1026 4347 nec
1060 4291 1315 4347 humana
1359 4308 1428 4347 ex
1462 4301 1668 4348 natura
1707 4295 1880 4365 quid-

231 4399 412 4453 quam
445 4382 846 4452 assumpsisse
881 4380 1278 4436 fabulabatur.

300 4476 335 4528 2
399 4472 680 4527 Basilides
740 4471 944 4526 eodem
980 4471 1175 4532 modo,
1219 4471 1399 4525 alium
1443 4486 1677 4541 quoque
1711 4472 1875 4527 Chri-

2015 1905 2249 1949 carnem
2310 1894 2681 1960 assumptum
2723 1889 2913 1944 dictus
2976 1890 3073 1955 sit,
3123 1895 3297 1961 atque
3329 1893 3655 1951 etiamnum

2013 1994 2187 2037 carne
2234 1983 2539 2047 assumpta
2574 1977 2780 2033 iisdem
2814 1976 3153 2033 nominibus
3202 1979 3450 2037 dicatur.
3482 1982 3658 2038 Jesus

2012 2072 2209 2122 autem
2249 2063 2515 2121 Christus
2576 2069 2800 2121 tantum
2834 2070 2966 2134 post
3018 2082 3255 2122 carnem
3292 2074 3651 2139 assumptum

2009 2154 2124 2213 dici
2144 2153 2751 2224 coeperit,bujusmodi
2782 2152 3025 2210 nomina
3046 2155 3218 2210 rebus
3244 2157 3318 2211 ab
3347 2157 3491 2227 ipsis
3523 2158 3654 2214 ade-

2009 2249 2168 2316 ptus.
2207 2242 2382 2299 Jesus
2415 2242 2570 2296 enim
2606 2246 2887 2313 tanquam
2920 2242 3186 2298 Servator
3214 2244 3572 2313 nominatur,
3595 2251 3656 2302 et

2005 2332 2354 2403 exponitur:
2380 2331 2550 2399 cujus
2600 2328 3098 2401 interpretationis
3144 2330 3374 2387 Gabriel
3407 2333 3531 2404 ipse
3561 2340 3653 2391 te-

2007 2422 2113 2477 stis
2140 2424 2249 2488 est,
2283 2436 2415 2477 cum
2439 2417 2735 2491 Virginem
2768 2418 2859 2473 his
2884 2420 3074 2479 verbis
3096 2419 3416 2492 alloquitur
3440 2439 3454 2476 :
3494 2424 3652 2481 Voca-

2006 2510 2083 2566 bis
2112 2525 2312 2566 nomen
2363 2509 2482 2579 ejus
2515 2509 2720 2575 Jesum,
2789 2509 3052 2578 quoniam
3110 2510 3222 2580 ipse
3265 2512 3503 2569 servabit
3540 2528 3639 2583 po-

2000 2599 2194 2670 pulum
2224 2614 2385 2655 suum
2415 2615 2449 2653 a
2477 2600 2707 2667 peccatis
2756 2611 2946 2653 eorum
2973 2595 3041 2651 τε.
3076 2597 3287 2655 Christi
3319 2605 3513 2659 autem
3544 2616 3642 2659 co-

2001 2703 2257 2758 gnomen
2288 2686 2530 2757 accepit,
2562 2688 2634 2743 ab
2654 2686 2927 2741 unctione
2958 2686 3244 2759 Spiritus:
3278 2688 3634 2760 hymnificus

1998 2776 2152 2833 enim
2179 2775 2419 2835 Davides
2440 2775 2521 2833 ait
2544 2791 2556 2828 :
2576 2780 2867 2845 Propterea
2890 2779 3056 2832 unxit
3076 2781 3128 2831 te
3143 2778 3303 2845 Deus,
3320 2779 3459 2833 Deus
3489 2782 3639 2845 tuus,

1997 2868 2112 2923 oleo
2145 2866 2365 2924 latitia?
2417 2881 2533 2936 prae
2573 2868 2912 2922 consortibus
2972 2866 3081 2923 tuis
3127 2868 3192 2922 7°.
3251 2870 3380 2939 Ipse
3410 2886 3646 2941 quoque

1999 2955 2281 3012 Dominus
2310 2970 2410 3026 per
2474 2954 2822 3025 Prophetam
2872 2955 3095 3026 inquit:
3144 2957 3390 3027 Spiritus
3428 2959 3645 3016 Domini

1992 3056 2157 3115 super
2185 3061 2292 3111 me,
2323 3054 2667 3115 quapropter
2696 3044 2856 3100 unxit
2880 3062 2967 3103 me
2990 3044 3058 3102 ⁸ο.
3086 3047 3167 3103 Ita
3181 3052 3379 3105 autem
3405 3048 3476 3102 de
3507 3065 3644 3118 pro-

1994 3134 2193 3206 pbetia
2267 3133 2369 3191 illa
2464 3132 2834 3191 sentiendum
2922 3151 3050 3191 esse
3134 3135 3418 3193 Dominus
3516 3138 3641 3207 ipse

1994 3240 2099 3283 nos
2156 3222 2376 3279 docuit.
2431 3222 2735 3294 Ingressus
2809 3223 2965 3278 enim
3026 3240 3410 3297 synagogam,
3482 3225 3633 3282 libro

1986 3328 2100 3383 quo
2130 3312 2445 3383 prophetiae
2485 3312 2935 3368 continebantur
2976 3329 3091 3383 prae
3144 3314 3417 3372 manibus
3459 3330 3625 3373 sum-

1986 3408 2103 3473 pto,
2148 3402 2488 3473 praedictum
2522 3402 2757 3471 quidem
2790 3401 2978 3457 locum
3018 3403 3194 3475 legit:
3229 3409 3290 3461 at
3320 3406 3624 3475 praesenti-

1986 3494 2136 3551 bus:
2167 3491 2357 3558 Hodie,
2392 3491 2599 3561 inquit,
2665 3490 2897 3561 impleta
2958 3500 3034 3548 est
3081 3494 3360 3565 scriptura
3411 3493 3525 3551 haec
3568 3499 3626 3552 in

1985 3581 2156 3637 oculis
2184 3580 2374 3637 vestris
2403 3578 2472 3641 δί.
2508 3579 2813 3651 Prophetis
2843 3596 2910 3636 ea
2956 3599 3185 3653 quoque
3232 3590 3625 3640 consentanea

1988 3673 2239 3738 fuerunt,
2274 3686 2400 3740 quae
2434 3685 2686 3740 magnus
2718 3668 2814 3724 ille
2840 3669 3044 3727 Petrus
3076 3673 3427 3742 praedicavit.
3478 3673 3623 3728 Cum

1984 3760 2133 3817 enim
2167 3760 2238 3815 iis
2270 3760 2369 3830 qui
2403 3760 2558 3830 apud
2590 3758 2917 3817 Cornelium
2950 3760 3282 3830 congregati
3316 3765 3481 3815 erant
3498 3776 3626 3828 my-

1985 3850 2223 3907 sterium
2266 3849 2708 3921 aperuisset,ita
2739 3848 3075 3918 subjunx—it:
3101 3849 3195 3903 Vas
3223 3850 3376 3903 scitis
3402 3851 3632 3905 verbum

1983 3940 2122 4011 quod
2149 3942 2360 4009 factum
2393 3947 2473 3993 est
2527 3953 2624 4007 per
2682 3938 3004 3992 universum
3041 3935 3320 4002 Judaeum,
3354 3937 3628 4009 incipiens

1983 4046 2017 4083 a
2045 4026 2291 4086 Galitaza
2319 4034 2437 4097 post
2458 4026 2982 4096 baptismum,quem
3005 4024 3342 4095 praedicavit
3369 4027 3627 4094 Joannes,

1981 4117 2166 4171 Iesum
2194 4117 2559 4181 Nazarenam,
2591 4115 2853 4183 quomodo
2882 4114 3051 4168 unici!
3073 4130 3200 4169 eum
3235 4118 3382 4171 Deus
3416 4115 3629 4186 Spiritu

1981 4213 2163 4259 sancto
2187 4211 2240 4257 et
2268 4204 2471 4259 virtute
2517 4202 2581 4258 θ’.
2616 4206 2693 4257 Ex
2751 4202 2822 4258 iis
2871 4218 3000 4273 quas
3053 4219 3233 4273 supra
3284 4203 3441 4260 dicta
3481 4212 3619 4265 sunt

1985 4293 2460 4363 perspicuumest
2499 4292 2794 4348 Christum
2834 4293 2889 4346 id
2908 4291 3164 4349 nominis
3198 4292 3410 4349 idcirco
3442 4296 3624 4351 sorti-

1983 4381 2273 4450 tum,quia
2291 4385 2549 4436 unctusa
2570 4380 2785 4451 Spiritu
2808 4382 3012 4438 fuerat.
3052 4379 3269 4438 Unctus
3289 4387 3485 4441 autem
3515 4392 3623 4450 est,

1986 4490 2097 4526 non
2124 4470 2374 4535 utDeus,
2401 4471 2500 4525 sed
2538 4475 2601 4524 ut
2636 4471 2828 4525 homo.
2865 4471 3140 4535 Quamvis
3181 4479 3374 4529 autem
3407 4476 3629 4530 ratione

226 4566 408 4627 stum,
440 4560 595 4616 aliud
625 4560 903 4626 Verbum,
934 4559 1111 4614 aliam
1144 4559 1398 4631 denique
1419 4559 1775 4630 Sapientiam
1793 4561 1874 4617 di-
1907 4543 1950 4607 Ῑ)
1982 4560 2171 4619 carnis
2190 4569 2505 4632 assumpta:
2529 4565 2823 4628 unctus,et
2849 4566 2981 4633 post
3001 4568 3370 4634 assumptum
3393 4580 3627 4621 carnem

227 4651 396 4707 cebat
410 4693 420 4705 .

295 4742 348 4796 3.
381 4740 586 4805 Cerdo,
614 4737 856 4799 Marcio,
879 4740 938 4792 et
969 4737 1167 4793 Manes
1192 4738 1492 4795 Christum
1519 4738 1755 4809 quidem
1775 4740 1875 4796 ho-

228 4828 373 4884 mini
404 4828 656 4884 similem
690 4825 1055 4897 apparuisse,
1090 4826 1333 4881 humani
1366 4831 1561 4883 tamen
1596 4826 1742 4884 nihil
1777 4829 1874 4884 ha-

226 4919 423 4974 buisse
455 4919 748 4973 dicebant.

299 5010 351 5062 4.
385 5008 694 5063 Cerinthus
724 5006 932 5061 Jesum
965 5021 1032 5060 ex
1072 5005 1319 5077 Josepho
1351 5011 1407 5061 et
1440 5006 1622 5062 Maria
1654 5021 1873 5062 secun-

225 5100 369 5154 dum
426 5111 801 5152 communem
861 5094 1167 5150 hominum
1224 5095 1409 5167 legem
1489 5104 1664 5152 natus
1722 5112 1873 5163 esse,

220 5188 523 5243 Christum
546 5191 742 5241 autem
776 5183 1004 5240 coalitus
1034 5185 1088 5238 in
1114 5184 1315 5240 Jesum
1351 5185 1751 5241 descendisse.

296 5275 634 5329 5.Ebion£ei
693 5278 916 5343 autem,
988 5272 1391 5340 Theodotiani,
1448 5274 1871 5340 Artemoniani,

219 5370 276 5420 et
304 5364 653 5433 Photiniani,
686 5362 990 5418 Christum
1048 5362 1273 5416 nudum
1306 5366 1363 5416 et
1402 5361 1731 5431 simplicem
1767 5362 1872 5416 ho-

226 5456 445 5509 minem
472 5470 542 5509 ex
562 5450 1024 5521 sanctaVirgine
1056 5453 1258 5504 natum
1288 5447 1570 5504 dicebant.

1979 4650 2597 4707 Christusnominatus
2624 4650 2723 4719 sit,
2755 4650 2909 4706 alius
2951 4656 3145 4707 tamen
3184 4669 3298 4709 non
3326 4653 3432 4709 fuit
3465 4655 3624 4709 Deus

1980 4739 2258 4807 Verbum,
2298 4738 2568 4809 aliusque
2622 4739 2928 4797 Christus:
2964 4739 3118 4797 Deus
3151 4741 3307 4797 enim
3361 4741 3620 4799 Verbum

1981 4833 2286 4900 assumpta
2308 4845 2479 4885 carne
2509 4845 2717 4887 nomen
2739 4833 2877 4886 Jesu
2911 4829 3126 4886 Christi
3158 4831 3405 4902 adeptus
3442 4837 3547 4888 est.

2051 4918 2298 4975 Carnem
2352 4934 2520 4989 porro
2576 4919 2901 4989 assumpsit
2954 4923 3019 4974 ut
3072 4929 3336 4974 naturam
3387 4924 3619 4989 peccato

1982 5012 2314 5077 corruptam
2346 5007 2700 5065 restitueret.
2762 5008 3070 5079 Propterea
3100 5009 3431 5063 universam
3471 5024 3624 5075 eam,

1982 5112 2110 5164 quae
2141 5100 2500 5166 peccaverat,
2533 5096 2872 5164 assumpsit.
2908 5100 2972 5151 ut
3002 5096 3333 5152 universam
3361 5103 3616 5153 sanaret.

1981 5185 2092 5239 Nec
2121 5185 2278 5241 enim
2319 5190 2383 5239 ut
2426 5184 2788 5239 divinitatem
2828 5186 3140 5255 obtegeret,
3195 5189 3464 5239 naturam
3495 5203 3622 5241 cor-

1981 5289 2215 5343 poream
2250 5274 2582 5344 assumpsit,
2631 5278 2692 5327 ut
2727 5272 2900 5327 Arius
2954 5277 3012 5327 et
3067 5273 3389 5328 Eunomius
3430 5274 3624 5331 insani

1981 5359 2381 5416 deliramentis
2414 5361 2539 5415 suis
2597 5366 2993 5416 asseruerunt.
3030 5361 3217 5417 Facile
3250 5380 3502 5434 namque
3533 5364 3619 5421 vel

1981 5449 2107 5505 sine
2129 5465 2391 5520 corpore,
2432 5449 2746 5504 videndum
2782 5465 2844 5504 se
2876 5450 3129 5519 praebere
3163 5456 3622 5524 poterat,quem-

292 5573 339 5612 ⁷⁷
371 5572 571 5629 Matth.
612 5588 732 5638 xm,
794 5571 881 5627 43.
957 5570 1000 5604 ’³⁸
1058 5567 1262 5629 Matth.
1324 5583 1364 5635 ι,
1413 5568 1502 5624 21.
1579 5570 1625 5604 τ’
1655 5568 1807 5627 Psal.
1871 5586 1885 5623 ι

2008 5612 2021 5636 ,
2069 5569 2122 5624 8.
2199 5566 2429 5629 3°Psal.
2492 5585 2601 5637 LXI,
2657 5572 2706 5623 1.
2785 5568 2830 5602 δί
2890 5568 3026 5626 Luc.
3088 5588 3163 5638 ιν,
3220 5573 3310 5629 21.
3387 5574 3435 5609 '9
3502 5582 3627 5632 Act.

219 5665 310 5717 lu,
338 5647 395 5702 7.
