4044 6212
432 314 458 372 1
470 309 584 372 239

1736 305 2037 369 NICETE
2078 303 2500 368 CHONIATE

3689 301 3842 363 1240

433 444 750 499 admodum
783 441 918 498 olim
967 441 1320 504 Abrahamo.
1379 441 1616 509 Jacobo,
1664 440 1913 511 aliisque
1943 453 2074 493 san-
2111 437 2163 505 Α
2197 437 2417 491 doceat.
2449 435 2592 491 Cum
2627 435 2780 489 enim
2814 433 3214 491 humanitatis
3255 433 3484 490 ratione
3511 433 3628 506 legi
3659 435 3844 491 obno-

438 532 551 588 ctis
582 531 891 604 apparuit:
927 531 1028 586 sed
1091 530 1291 598 voluit,
1354 535 1418 586 ut
1450 531 1577 602 ipsa
1617 546 1743 602 quas
1784 531 1908 601 jam
1943 526 2081 583 olim

435 620 844 684 succubuerat,
906 624 1120 674 natura
1173 619 1402 675 hostem
1451 618 1788 686 debellarct,
1839 618 2083 688 ejusque

431 708 639 764 victrix
671 709 967 764 evaderet.
1023 708 1247 764 Idcirco
1279 710 1457 764 etiam
1503 725 1712 780 corpus
1742 713 1798 764 et
1828 708 2079 763 animam

437 798 681 854 rationis
713 796 1054 868 participem
1089 798 1434 869 assumpsit.
1463 798 1577 853 Nec
1606 797 1761 853 enim
1794 795 2081 866 triplicem

435 887 737 942 hominem
769 884 968 940 divina
997 885 1301 956 Scriptura
1335 887 1496 954 facit,
1531 888 1628 942 sed
1661 885 1828 940 illum
1867 901 1932 939 ex
1954 897 2086 939 cor-

438 991 577 1047 pore
654 979 713 1030 et
788 973 983 1029 anima
1061 978 1328 1030 constare
1409 978 1674 1031 testatur.
1726 973 1866 1028 Cum
1927 971 2082 1028 enim

438 1063 590 1120 Deus
621 1079 836 1134 corpus
859 1079 890 1117 e
918 1063 1060 1117 limo
1089 1061 1638 1130 ﬁnxisset,snimam
1669 1062 1719 1118 ei
1742 1059 2079 1130 insufﬂavit,

439 1153 706 1223 duasque
757 1154 1019 1217 naturas,
1074 1168 1191 1207 non
1243 1159 1382 1220 tres,
1444 1151 1724 1207 exhibuit.
1775 1150 1924 1217 Quin
1958 1149 2084 1220 ipse

436 1256 669 1314 quoque
699 1240 981 1297 Dominus
1005 1240 1062 1295 in
1092 1241 1424 1314 Evangeliis
1446 1241 1529 1296 ait
1551 1258 1564 1296 :
1584 1241 1970 1296 Nolitetimere
1998 1253 2086 1294 eos

431 1333 529 1402 qui
556 1330 812 1388 occidunt
842 1346 1059 1402 corpus,
1085 1333 1342 1386 animam
1383 1334 1578 1386 autem
1600 1347 1711 1384 non
1725 1335 1964 1400 possunt
1991 1343 2082 1381 oc-

437 1419 615 1474 cidere
642 1417 725 1474 '3:
761 1419 950 1474 multa
984 1419 1123 1474 item
1159 1419 1213 1472 id
1250 1435 1437 1489 genus
1461 1418 1574 1474 alia
1607 1418 1664 1472 in
1697 1417 1892 1472 divina
1923 1415 2082 1470 Scri-

449 1513 623 1582 ptura
654 1508 915 1566 invenire
945 1513 1054 1564 est.

516 1597 680 1664 Quod
710 1603 906 1654 autem
937 1598 1249 1668 perfectam
1267 1596 1524 1652 hominis
1557 1602 1823 1652 naturam
1858 1613 2085 1651 assum-

444 1684 644 1757 pserit,
679 1701 793 1741 non
845 1687 910 1739 ut
945 1684 1274 1740 divinitatis
1311 1701 1428 1740 suae
1459 1684 1704 1756 pallium
1749 1685 2080 1754 obduceret,

2193 526 2323 580 xius
2352 528 2528 593 esset,
2554 523 2740 594 legem
2764 523 3127 596 adimplevit,
3153 523 3418 596 legisque
3447 528 3856 595 transgresso-

2193 630 2282 670 res
2311 614 2384 668 ab
2414 613 2810 668 exsecratione
2838 612 3124 669 liberavit.
3153 613 3304 668 Tum
3337 613 3554 668 deinde
3576 614 3850 669 eamdem

2189 701 2511 758 orationem
2545 701 2678 756 aliis
2697 702 2887 757 verbis
2919 703 3091 757 iterat
3115 717 3128 756 :
3158 702 3222 756 Et
3249 717 3361 756 non
3379 702 3523 757 sicut
3547 718 3651 773 per
3670 719 3850 756 unum

2187 793 2485 862 peccatum,
2519 791 2595 845 ita
2617 796 2670 845 et
2695 790 2922 846 donum.
2955 791 3092 846 Nam
3105 789 3382 863 judicium
3403 805 3476 846 ex
3495 795 3700 859 uno,in
3715 807 3854 846 con-

2189 879 2634 936 demnationem:
2691 882 2877 952 gratia
2905 887 3098 937 autem
3143 897 3215 937 ea:
3273 881 3470 937 multis
3511 881 3762 952 delictis,
3788 881 3847 936 in

2188 969 2630 1040 iustiﬁcationem
2659 968 2728 1026 ⁸⁸.

2260 1057 2382 1120 Quo
2431 1063 2714 1129 tempore,
2759 1058 2976 1131 inquit,
3023 1075 3178 1115 unus
3237 1059 3516 1132 peccavit,
3578 1059 3844 1116 universi

2190 1147 2562 1202 condemnati
2585 1151 2768 1204 sunt:
2820 1165 2979 1203 nunc
3029 1152 3224 1204 autem
3274 1165 3411 1204 cum
3463 1150 3844 1220 peccaverint

2189 1251 2411 1302 omnes,
2437 1235 2748 1305 universis,
2779 1237 3098 1292 dummodo
3125 1236 3320 1308 velint,
3341 1237 3508 1292 salus
3535 1253 3644 1310 per
3667 1238 3840 1294 ﬁdem

2191 1324 2494 1395 proposita
2523 1328 2634 1381 est.
2667 1325 2891 1389 Quibus
2939 1325 3134 1382 verbis
3163 1331 3547 1398 posteaquam
3581 1327 3844 1382 ostendit

2189 1413 2366 1468 unius
2383 1412 2678 1484 justitiam
2701 1415 3034 1471 communis
3047 1415 3265 1487 peccati
3277 1414 3608 1472 amuletum
3637 1417 3838 1482 fuisse,

2189 1501 2429 1572 subjicit
2457 1519 2560 1574 per
2615 1503 2886 1558 eumdem
2932 1502 3140 1560 mortis
3189 1519 3424 1576 quoque
3463 1505 3840 1562 mansionem

2188 1589 2579 1660 intercidisse,
2635 1592 2934 1664 ﬁnemque
2985 1609 3160 1648 suum
3219 1593 3534 1664 accepisse.
3581 1593 3654 1649 Si
3687 1594 3842 1650 enim

2189 1681 2356 1736 unius
2373 1680 2576 1737 delicto
2614 1698 2762 1738 mors
2815 1684 3065 1753 regnavit
3089 1697 3192 1753 per
3221 1699 3414 1750 unum,
3460 1685 3842 1754 multomagis

445 1779 510 1828 ut
539 1773 790 1829 haeretici
825 1773 1180 1845 fabulantur,
1226 1775 1326 1830 sed
1389 1779 1452 1830 ut
1481 1774 1574 1832 his
1614 1775 1892 1846 primitiis
1921 1774 2081 1830 omni
2112 1801 2162 1867 Β
2189 1769 2852 1867 αᾷιιηάαηξίαηξλρναιίἅε,
2883 1783 2938 1867 et
2957 1773 3302 1837 donationis,
3329 1775 3384 1828 et
3401 1772 3659 1867 iustitiae,
3687 1775 3844 1867 acci-

443 1862 700 1917 humano
731 1863 924 1935 generi
958 1863 1261 1919 victoriam
1293 1868 1678 1935 compararet,
1711 1865 1876 1920 testis
1910 1879 2078 1920 verus
2115 1859 2157 1867 —
2183 1860 2422 1930 pientes.
2455 1859 2516 1914 ἱη
2545 1861 2658 1914 υἱέα
2707 1861 3016 1931 regnabant
3070 1877 3174 1932 ρεν
3215 1877 3389 1916 unum
3439 1863 3623 1918 Iesum
3675 1863 3844 1916 Chri-

439 1953 496 2007 et
524 1949 776 2020 diligens
835 1950 1034 2005 doctor
1082 1954 1170 2006 est
1200 1950 1409 2006 beatus
1465 1951 1794 2024 Apostolus.
1847 1957 1988 2008 Nam
2019 1952 2077 2008 in

439 2037 698 2109 Epistola
729 2039 800 2094 ad
826 2037 1121 2094 Romanos
1168 2039 1630 2112 dispensationis
1662 2041 1925 2098 revolans
1961 2058 2082 2114 my-

439 2128 682 2183 sterium
707 2128 790 2184 sic
820 2129 903 2184 ait
927 2145 940 2184 :
979 2133 1276 2200 Pr0pterca
1303 2131 1451 2186 sicut
1480 2147 1576 2202 per
1605 2147 1781 2186 unum
1808 2132 2082 2189 hominem

439 2224 723 2289 peccatum
762 2218 820 2272 in
846 2216 994 2272 hunc
1020 2217 1287 2272 mundum
1321 2219 1578 2286 intravit,
1602 2229 1650 2275 et
1676 2236 1778 2292 per
1801 2225 2082 2292 peccatum

443 2321 610 2372 mors,
641 2314 692 2362 et
721 2305 800 2362 ita
831 2307 892 2361 in
940 2321 1123 2362 omnes
1167 2306 1419 2364 homines
1443 2323 1590 2364 mors
1642 2311 1988 2382 pertransiit,
2023 2311 2080 2366 in

442 2411 545 2466 quo
575 2411 758 2452 omnes
809 2397 1270 2467 peccauerunt“.
1333 2396 1556 2463 Quibus
1616 2399 1805 2455 verbis
1835 2401 2080 2455 demon-

442 2488 626 2539 strata
657 2485 874 2556 peccati
897 2485 1145 2558 origine,
1188 2487 1496 2558 fructuque
1529 2487 1628 2559 qui
1667 2487 1802 2543 inde
1832 2488 2081 2560 suppul-

439 2571 666 2641 lulavit,
697 2589 803 2629 nec
855 2589 969 2628 non
1028 2589 1116 2640 eo,
1151 2575 1253 2646 qui
1306 2575 1378 2631 ab
1437 2575 1602 2632 initio
1659 2575 1747 2631 illi
1795 2577 2081 2634 obnoxius

443 2661 630 2718 factus
680 2667 791 2734 est,
843 2663 1108 2734 ejusdem
1174 2681 1408 2736 quoque
1462 2665 1639 2721 finem
1697 2666 2080 2723 demonstrat.

443 2755 637 2823 Usque
667 2751 738 2806 ad
780 2749 968 2824 legem
1017 2752 1174 2807 enim
1211 2757 1514 2824 peccatum
1554 2758 1678 2809 erat
1719 2755 1777 2809 in
1811 2757 2031 2810 mundo
2065 2773 2078 2811 :

441 2841 726 2896 Peccatum
780 2845 969 2896 autem
1024 2856 1136 2897 non
1205 2840 1606 2914 imputabatur,
1657 2860 1782 2898 cum
1833 2844 1924 2900 lea:
1973 2861 2081 2900 non

441 2939 594 2984 esset.
631 2929 731 2984 Sed
768 2933 1018 3000 regnavit
1045 2945 1194 2985 mors
1223 2930 1292 2984 ab
1324 2931 1493 2986 Adam
1534 2947 1706 3004 usque
1733 2931 1804 2988 ad
1832 2933 2077 3005 Moysen:

440 3019 603 3072 etiam
636 3019 694 3071 in
719 3032 825 3081 eos,
859 3018 957 3088 qui
986 3033 1096 3074 non
1127 3025 1510 3089 peccaverunt,
1571 3023 1628 3073 in
1657 3021 2082 3076 similitudinem

432 3105 910 3174 praevaricationis
939 3107 1093 3173 Adae,
1125 3107 1222 3178 qui
1243 3116 1321 3162 est
1354 3107 1539 3179 forma
1569 3110 1755 3179 futuri
1774 3107 1840 3164 ⁸⁵.
1865 3109 2080 3182 Moysis

440 3197 628 3248 autem
664 3194 899 3250 nomine
929 3193 1114 3266 legem
1165 3195 1479 3268 intelligit:
1513 3199 1684 3267 cujus
1720 3198 1944 3269 politis,
1979 3216 2079 3255 seu

443 3281 778 3352 rcipublicm
809 3282 1274 3354 administratio,
1309 3301 1496 3357 usque
1533 3287 1600 3341 ad
1635 3288 1952 3344 Servatoris
1979 3289 2084 3344 ad-

444 3376 682 3425 ventum
717 3370 986 3428 invaluit.
1014 3373 1156 3427 Cum
1190 3379 1384 3430 autem
1431 3382 1770 3446 peccassent
1799 3382 1857 3432 et
1886 3377 1946 3446 ii,
1980 3377 2079 3449 qui

443 3475 510 3514 ex
543 3459 688 3531 legis
719 3459 882 3516 illius
914 3461 1254 3532 praescripto
1268 3461 1558 3531 vivebant,
1579 3470 1637 3520 et
1665 3465 1832 3538 ii,qui
1862 3472 2084 3522 natura

438 3547 621 3618 legem
656 3549 1298 3621 sequebantur,merito
1328 3551 1642 3623 imperium
1675 3570 1831 3609 mors
1859 3555 1917 3610 in
1951 3555 2081 3613 illos

435 3639 712 3707 exercuit,
772 3639 897 3709 ejus
972 3639 1293 3711 potentiam
1373 3641 1758 3699 confirmante
1822 3651 2079 3714 peccato.

434 3727 726 3799 Stipendia
745 3728 895 3782 enim
922 3727 1155 3798 peccati,
1209 3727 1418 3784 mors“
1472 3735 1614 3787 erat.
1648 3729 1848 3802 Itaque
1881 3739 2080 3803 postea

434 3832 613 3888 quam
650 3816 852 3873 docuit
875 3818 1168 3874 undenam
1194 3825 1493 3890 peccatum
1525 3821 2077 3894 cmperit,etquous—

427 3923 540 3978 que
571 3923 730 3962 mors
785 3908 1135 3978 regnaverit,
1187 3908 1357 3963 docet
1385 3908 1558 3963 etiam
1613 3925 1868 3980 quonam
1905 3913 2075 3968 modo

425 3997 555 4065 ejus
582 3993 898 4068 imperium
954 3995 1314 4052 dissolutum
1362 3997 1778 4070 fueritzatque
1826 3999 2076 4056 immen-

427 4101 551 4139 sam
585 4083 684 4140 Dei
723 4085 1148 4144 humanitatem
1203 4085 1403 4141 laudat
1453 4087 1546 4142 his
1575 4087 1790 4154 verbis,
1834 4089 1935 4144 Sed
1964 4107 2072 4145 non

423 4175 566 4228 sicut
596 4172 880 4240 delictum,
914 4173 996 4229 ita
1024 4180 1078 4230 et
1135 4173 1358 4228 donum.
1391 4175 1454 4230 Si
1483 4178 1634 4231 enim
1675 4179 1843 4231 unius
1872 4179 2074 4235 delicto

422 4263 589 4316 multi
617 4265 824 4318 mortui
850 4272 998 4330 sunt,
1029 4264 1201 4318 multo
1237 4266 1418 4334 magis
1448 4267 1633 4335 gratia
1662 4267 1759 4321 Dei
1785 4271 1836 4322 et
1867 4268 2071 4323 donum

424 4353 484 4406 in
512 4353 700 4422 gratia
730 4353 898 4407 unius
925 4352 1166 4407 hominis
1190 4353 1316 4408 Iesu
1351 4352 1563 4409 Christi
1590 4357 1650 4409 in
1678 4355 1862 4426 plures
1891 4357 2067 4412 abun-

425 4439 574 4496 davit
603 4439 672 4475 δ”

2189 1949 2336 2001 stum
2359 1944 2428 2000 '9.
2490 1950 2817 2011 Peccatum,
2851 1947 3065 2019 inquit,
3124 1954 3373 2004 mortem
3422 1949 3721 2016 conciliat,
3782 1951 3842 2006 in

2191 2034 2366 2090 vitam
2415 2050 2550 2090 vero
2606 2035 2773 2108 regni
2819 2052 2952 2091 cum
3001 2037 3180 2093 unius
3208 2037 3444 2108 iustitia
3491 2053 3844 2094 servamur:

2193 2138 2306 2178 non
2329 2121 2478 2194 lege,
2509 2123 2611 2178 sed
2644 2123 3050 2180 misericordia
3071 2124 3327 2182 divinam
3347 2124 3604 2182 salutem
3635 2143 3844 2183 conse-

2194 2216 2458 2283 quentes.
2492 2211 2652 2268 Juris
2682 2213 2840 2268 enim
2865 2212 2960 2269 lex
2987 2230 3194 2272 omnes
3242 2215 3535 2287 supplicio
3569 2232 3704 2272 reos
3731 2217 3841 2272 ad-

2191 2299 2444 2356 dixerat:
2470 2317 2677 2357 omnes
2706 2301 2864 2357 enim
2897 2302 3114 2374 peccati
3143 2303 3392 2374 operarii
3424 2305 3838 2360 eramusNam

2191 2389 2240 2444 si
2268 2389 2342 2444 ob
2401 2389 2579 2446 unius
2633 2395 2932 2462 peccatum
2979 2393 3252 2464 prosapia
3297 2394 3688 2449 condemnata
3728 2399 3838 2460 est,

2191 2477 2418 2549 aquius
2451 2477 2652 2550 utique
2676 2496 2924 2552 prorsus
2951 2485 3096 2550 erat,
3129 2485 3193 2536 ut
3221 2481 3319 2554 qui
3349 2489 3589 2555 peccato
3623 2484 3846 2539 servie-

2192 2567 2352 2633 bant,
2393 2568 2684 2641 supplicio
2729 2569 3156 2627 addicerentur.
3211 2572 3323 2628 Sed
3355 2573 3560 2630 divina
3605 2575 3846 2631 miscri-

2190 2659 2390 2714 cordia
2413 2660 2571 2729 juris
2601 2660 2748 2718 ﬁnes
2769 2665 3139 2734 transgressa
3167 2667 3278 2730 est,
3299 2668 3477 2736 atque
3491 2664 3848 2721 humanitas

2192 2748 2584 2820 aequalitatem
2618 2751 2914 2821 superavit
2934 2769 2948 2807 :
2967 2753 3050 2808 ita
3067 2757 3130 2808 ut
3159 2752 3286 2825 lege
3301 2755 3376 2810 ab
3405 2772 3523 2810 uno
3547 2756 3848 2828 completa

2191 2857 2395 2898 omnes
2429 2841 2490 2896 in
2519 2857 2655 2896 eum
2689 2842 2989 2900 credentes
3019 2843 3207 2900 salute
3237 2844 3594 2902 fruerentur.
3619 2848 3849 2912 Quibus

2191 2931 2384 2986 verbis
2405 2935 2787 3002 posteaquam
2819 2933 3166 2989 immensam
3187 2933 3622 2991 humanitatem
3641 2943 3848 2992 osten-

2192 3019 2298 3084 dit,
2328 3020 2519 3074 denuo
2571 3020 2643 3074 ad
2701 3020 2857 3075 verbi
2890 3021 3074 3076 divini
3126 3022 3576 3093 explicationem
3613 3026 3849 3080 transit.

2194 3107 2374 3177 Igitur
2402 3105 2548 3163 sicut
2567 3122 2668 3178 per
2697 3109 2869 3164 unius
2895 3107 3159 3164 delictum
3189 3111 3253 3164 in
3279 3125 3464 3166 omnes
3494 3111 3759 3168 homines
3789 3113 3854 3168 in

2192 3197 2696 3252 condemnationem
2727 3213 2742 3252 :
2773 3197 2858 3252 sic
2885 3206 2936 3252 et
2978 3215 3081 3268 per
3108 3199 3272 3254 unius
3308 3201 3592 3269 justitiam
3632 3201 3702 3256 in
3730 3218 3850 3257 om-

2191 3301 2288 3338 nes
2316 3285 2560 3340 homines
2587 3285 2644 3340 in
2669 3287 3120 3356 iustiﬁcatin
3149 3288 3280 3344 vita:
3307 3287 3374 3343 ’°.
3417 3288 3568 3345 Hinc
3600 3307 3634 3345 a
3669 3291 3844 3346 rebus

2191 3373 2259 3428 ad
2297 3389 2575 3444 personae
2607 3375 2924 3442 transiens,
2955 3375 3108 3431 Sicut
3137 3377 3306 3442 enim,
3338 3377 3557 3448 inquit,
3587 3395 3696 3448 per
3725 3379 3844 3435 inc-

2193 3463 2522 3520 bedientiam
2551 3465 2720 3520 unius
2751 3464 3019 3534 hominis,
3043 3470 3351 3538 peccatores
3395 3470 3696 3524 constituti
3712 3475 3841 3524 sunt

2189 3553 2375 3620 multi,
2409 3556 2488 3609 ita
2541 3563 2590 3609 et
2637 3570 2734 3622 per
2785 3557 2954 3611 unius
3008 3556 3394 3623 obeditionem,
3441 3559 3588 3628 justi
3613 3563 3842 3615 .consti-

2188 3645 2414 3696 tuentur
2439 3639 2610 3696 multi
2627 3640 2695 3698 9‘.
2743 3644 3253 3700 Pernecessarium
3280 3645 3476 3716 ﬁporro
3503 3650 3657 3714 erat,
3691 3653 3758 3702 ut
3777 3649 3835 3701 in

2191 3735 2437 3802 utroque
2465 3729 2716 3786 dictione
2747 3731 2907 3788 Multi
2931 3736 3208 3788 uteretur.
3233 3733 3379 3788 Cum
3397 3734 3558 3790 enim
3595 3751 3832 3806 peccas-

2187 3822 2277 3873 set
2305 3820 2588 3888 Adamus,
2621 3819 3151 3892 quamplurimique
3195 3822 3353 3892 leges
3384 3822 3616 3880 divinas
3647 3829 3838 3879 trans-

2184 3906 2366 3977 gressi
2392 3911 2610 3972 essent,
2642 3906 2908 3963 nonnulli
2939 3908 3097 3964 intra
3123 3914 3346 3965 naturae
3376 3912 3527 3966 lines
3559 3929 3831 3984 perseve-

2185 4003 2426 4050 rarunt:
2457 3999 2514 4049 et
2569 3995 2817 4050 studiosi
2870 3996 3105 4052 virtutis
3155 3999 3414 4066 fuerunt,
3466 4008 3528 4054 ut
3586 4000 3832 4070 Abelus,

2183 4082 2474 4150 Enochus,
2527 4086 2756 4151 Nemus,
2817 4085 3178 4155 patriarchae,
3240 4087 3562 4157 prophetae,
3607 4091 3834 4144 caeteri-

2182 4187 2296 4242 que
2329 4171 2625 4242 pcrmulti,
2649 4189 2760 4228 non
2785 4178 3012 4228 tantum
3049 4175 3201 4245 apud
3240 4174 3500 4244 Judaaos,
3521 4179 3622 4232 sed
3653 4179 3831 4234 etiam

2182 4261 2332 4332 apud
2359 4260 2503 4316 alias
2533 4269 2734 4332 gentes
2759 4277 2773 4316 :
2807 4263 2878 4317 de
2909 4263 3128 4334 quibus
3167 4265 3249 4319 ita
3278 4266 3484 4320 beatus
3507 4268 3832 4337 Apostolus

2179 4350 2296 4404 ait:
2331 4351 2466 4406 Cum
2490 4354 2640 4406 enim
2669 4359 2878 4423 gentes,
2910 4368 3036 4424 quae
3055 4354 3231 4423 legem
3269 4372 3378 4412 non
3399 4357 3625 4422 habent,
3657 4363 3826 4413 natu-

2178 4437 2462 4496 raliterea
2511 4456 2632 4512 qua
2673 4442 2808 4509 legis
2863 4451 2993 4498 sunt
3038 4445 3280 4512 faciunt,
3325 4446 3599 4514 ejusmodi
3643 4449 3823 4522 legem

497 4527 754 4584 Ambitio
787 4526 1514 4601 humanitatie,inquil,jus
1536 4535 1592 4585 et
1620 4548 1854 4604 aaquum
1879 4539 2071 4591 trans-
2107 4516 2147 4580 θ
2176 4544 2291 4582 non
2323 4529 2598 4596 habent“.
2639 4531 2747 4601 ipsi
2773 4531 2880 4586 tibi
2905 4539 3037 4588 sunt
3094 4533 3188 4588 lex
3208 4533 3273 4589 ”.
3309 4537 3395 4591 Ab
3425 4516 3824 4593 adventuhu-

421 4617 704 4688 greditur.
753 4615 915 4671 Juris
971 4617 1130 4672 enim
1185 4619 1540 4692 prescripto,
1604 4631 1835 4694 propter
1883 4624 2061 4681 unius

421 4703 722 4770 delictum,
749 4703 1021 4759 universa
1037 4705 1166 4774 ejus
1181 4708 1450 4780 prosapia
1468 4711 1636 4764 morti
1661 4711 2058 4768 addicebatur.

420 4793 625 4850 Divina
654 4808 790 4848 vero
820 4792 1242 4864 misericordia,
1264 4812 1395 4853 cum
1423 4813 1627 4854 omnes
1657 4799 1926 4856 homines
1947 4803 2058 4858 sub

413 4881 809 4940 exsecratione
863 4889 1086 4950 essent,
1122 4889 1180 4939 et
1237 4886 1456 4956 peccati
1489 4887 1754 4943 cassibus
1798 4890 2054 4960 implica-

412 4981 634 5037 rentur,
682 4975 922 5044 propter
977 4972 1152 5028 unius
1179 4973 1499 5044 justitiam,
1532 4975 1758 5032 cunctis
1807 4977 2052 5034 salutem

411 5063 654 5135 elargita
683 5064 791 5118 est.
831 5060 1141 5116 Hominem
1175 5066 1372 5118 autem
1397 5063 1756 5120 Servatorem
1792 5067 2052 5139 appella-

407 5153 632 5221 vit,non
670 5155 733 5204 ut
765 5151 894 5220 ejus
917 5149 1282 5205 divinitatem
1317 5151 1630 5220 inﬂcietur,
1665 5153 1879 5227 (ipsum
1897 5158 2047 5214 enim

407 5240 591 5298 Deum
625 5255 754 5296 esse
783 5237 957 5304 novit,
993 5239 1254 5308 ejusdem
1281 5255 1412 5296 cum
1439 5241 1554 5297 Deo
1585 5244 2046 5314 genitorchono-

337 5377 365 5399 ,
408 5329 555 5400 risz)
603 5330 705 5386 sed
755 5333 821 5383 ut
874 5326 1068 5384 simile
1117 5345 1150 5384 a
1183 5327 1363 5384 simili
1422 5335 1690 5386 sanatum
1735 5333 1932 5402 fuisse,
1975 5337 2046 5392 ab

2175 4621 2290 4672 tem
2321 4617 2644 4674 Servatoris
2667 4635 2779 4675 non
2836 4635 3042 4676 omnes
3072 4620 3324 4678 salutem
3345 4632 3820 4696 consequuntur,

2168 4706 2266 4762 sed
2291 4706 2330 4760 ii
2362 4707 2463 4777 qui
2514 4707 2779 4774 credunt,
2839 4714 2897 4764 et
2927 4726 2996 4765 ex
3054 4711 3390 4768 divinarum
3439 4717 3570 4782 ejus
3613 4715 3820 4787 legum

2167 4796 2512 4866 praescripto
2543 4796 2718 4851 vitam
2767 4814 2934 4852 suam
2984 4799 3322 4857 instituunt.
3369 4801 3494 4866 Qua
3533 4805 3714 4860 etiam
3745 4808 3822 4862 de

2167 4899 2342 4939 causa
2374 4883 2433 4939 in
2485 4883 2740 4956 imagine
2795 4892 2857 4942 et
2911 4887 2971 4942 in
3003 4889 3310 4962 archetypo
3365 4892 3628 4950 dictione
3656 4895 3820 4952 Multi

2166 4987 2310 5028 usus
2339 4978 2447 5029 est.

2823 5065 2975 5122 CAP.
3005 5065 3141 5122 XLI.

2163 5158 2276 5214 Cur
2332 5158 2584 5216 Christus
2640 5162 2797 5216 homo
2827 5164 3026 5232 lactus.
3085 5165 3452 5222 Resurrectio.
3503 5169 3809 5227 Iudicium.

2366 5233 2514 5287 Varii
2535 5233 2816 5288 beatorum
2844 5241 2896 5289 et
2915 5234 3326 5292 damnatorum'
3361 5241 3606 5297 ordines.

2225 5342 2331 5396 Sed
2369 5339 2691 5408 videamus,
2721 5343 3030 5412 cujusnam
3053 5346 3133 5400 rei
3163 5363 3300 5418 ergo
3333 5347 3688 5420 Unigenitus
3709 5354 3810 5409 Dei

413 5413 675 5486 ipsisque
699 5415 978 5486 primitiis
1031 5416 1546 5475 sanctiﬁcationem
1601 5421 1701 5476 loti
1731 5424 2046 5481 accessisse
2157 5428 2338 5484 Filius
2365 5445 2602 5485 carnem
2635 5432 3060 5503 assumpserit:
3089 5413 3479 5508 humanaque
3499 5444 3812 5497 naturaes-

473 5533 1536 5623 ῗῗέξκίέἓοκςηὲἒξ·..⁸ἴληοεηο-.κί--⁴2τ
1613 5546 1849 5623 83.89"!-
1909 5566 2074 5623 ιλιι»

2253 5552 2299 5589 ⁸⁸
2331 5555 2490 5609 Rom.
2547 5573 2621 5622 vx,
2666 5557 2755 5611 23.
2831 5555 2877 5591 ⁸⁷
2928 5556 3094 5614 Rom.
3142 5575 3194 5623 ν,
3231 5559 3315 5616 45.
3394 5560 3442 5597 ⁸³
3495 5564 3647 5619 Ibid.
3715 5568 3802 5622 16.

405 5607 448 5642 ου
482 5605 627 5660 Ibid.
665 5607 748 5661 t7.
825 5607 1157 5665 °°Ibid.t8.
1235 5611 1278 5647 θι
1318 5615 1459 5674 Ibid.
1493 5617 1575 5670 19.
1657 5618 1982 5690 ηιθυταυ,
2017 5605 2102 5677 it.
