4066 6208
254 322 409 381 1241

1588 322 1986 384 THESAURI
2033 324 2181 383 LIB.
2230 324 2329 386 IV.

3512 322 3670 382 1242

256 459 372 515 mel
404 461 717 530 assumpta,
752 457 927 514 homo
958 458 1154 525 fuerit,
1188 465 1238 513 et
1290 458 1593 514 audiverit.
1625 458 1904 514 Eamdem
1943 467 1991 529 Α
2024 463 2482 531 viviﬁcabuntur;
2516 461 3476 518 communisenimresurrectioest
3501 478 3514 515 :
3543 463 3671 531 post

260 552 436 607 nobis
465 547 780 621 Apostolus
808 549 1131 604 doctrinam
1158 549 1215 603 in
1242 565 1309 605 ea
1345 565 1577 620 quoque
1609 550 1913 621 proposuit

252 639 537 711 Epistola,
571 653 746 711 quam
781 638 852 693 ad
886 638 1215 694 Corinthios
1242 639 1495 710 scripsit,
1528 638 1630 695 ubi
1661 639 1747 694 sic
1778 640 1861 693 ait
1888 656 1900 694 :

251 730 413 785 Nune
440 736 625 784 autem
660 728 905 783 Christus
937 728 1246 782 resurrexit
1275 745 1309 782 α
1354 727 1610 797 mortuis,
1640 727 1906 798 primitiae

252 816 653 874 dormientium
688 834 700 870 :
733 815 994 888 quoniam
1044 816 1265 888 quidem
1309 834 1409 888 per
1457 817 1731 872 hominem
1760 832 1907 872 mors

253 916 307 961 et
331 922 429 977 per
459 906 739 961 hominem
764 906 1099 962 resurrectio
1128 917 1487 962 mortuorum.
1521 908 1665 961 Tum
1699 905 1906 960 deinde

250 1012 286 1050 a
319 999 528 1050 natura
565 995 637 1049 ad
667 1010 955 1064 personas
998 996 1231 1062 transit,
1267 995 1359 1050 bis
1391 995 1577 1049 verbis
1609 1011 1621 1048 :
1658 997 1729 1048 Et
1756 993 1903 1049 sicut

251 1088 313 1143 in
335 1089 512 1142 Adam
542 1103 733 1143 omnes
761 1085 1100 1155 moriuntur,
1136 1090 1209 1141 ita
1240 1095 1291 1142 et
1346 1090 1403 1142 in
1468 1088 1685 1143 Christo
1716 1101 1903 1142 omnes

323 1212 371 1249 ⁸³
401 1216 422 1269 Ι
454 1215 581 1269 Cor.
610 1230 704 1277 xv,
735 1217 806 1269 2O
836 1231 997 1287 seqq.

2021 551 2501 606 resurrectionem
2534 555 2753 617 autem,
2779 549 3064 620 judicium
3100 548 3405 619 erit,quod
3429 548 3667 617 quidem

2015 638 2367 707 signiﬁcavit
2397 640 2466 695 iis
2485 656 2612 712 quae
2635 639 2939 709 subjunxit
2964 654 2977 692 :
3008 638 3384 709 Unusquisque
3406 645 3585 692 autem
3610 639 3668 691 in

2013 744 2109 784 suo
2138 729 2331 784 ordine
2358 729 2599 785 “.Multi
2635 735 2778 786 sunt
2806 730 3047 795 enim,et
3076 744 3277 783 eorum
3302 728 3396 798 qui
3420 728 3663 799 puniun-

2014 822 2111 872 tur
2139 822 2196 872 et
2224 835 2424 874 eorum
2459 821 2556 891 qui
2587 823 2916 884 servantur,
2940 817 3175 873 ordines
3200 834 3215 884 ;
3251 817 3534 887 siquidem
3563 833 3663 887 pro

2008 905 2252 978 justitias
2285 906 2563 978 qualitate
2590 913 2647 963 et
2680 907 3030 980 quantitate,
3084 906 3369 961 donorum
3411 907 3662 961 retribu-

2012 998 2204 1053 tiones
2239 997 2396 1063 ﬂent,
2424 997 2747 1069 eodemque
2783 998 2975 1065 modo,
3013 1013 3112 1069 pro
3151 1001 3517 1069 peccatorum
3546 996 3661 1051 dit-

2013 1086 2278 1153 ferentia,
2311 1102 2490 1159 paena
2522 1104 2754 1159 quoque
2783 1091 2840 1142 et
2890 1085 3181 1159 supplicia
3214 1086 3659 1156 irrogabuntur.

1043 1547 1765 1740 NICETZE
1886 1549 2868 1740 CHONlAT/E

752 1836 1241 1992 THESA
1274 1840 1523 1993 Ultl
1644 1833 2618 1991 ORTHODOXzE
2740 1833 3169 1983 FlDEI

1439 2074 1809 2169 LIBER
1877 2070 2476 2181 QUARTUS.

844 2258 1215 2317 ADVERSUS
1253 2254 1745 2313 ANTEARIANAS
1770 2219 2122 2308 'Hmnssss
2158 2248 2675 2313 QUADRAGINTA
2719 2246 3069 2312 QUATUOB.

1116 2415 1419 2485 Unicuique
1445 2413 1619 2484 capiti
1646 2427 1742 2466 seu
1768 2406 1971 2467 haeresi
1995 2424 2097 2463 sua
2126 2421 2347 2461 annexa
2374 2411 2452 2460 est
2481 2402 2808 2475 confutatio.

886 2723 1280 2782 PRIEFATIO.

596 2839 673 2893 De
705 2834 910 2891 Christi
939 2843 991 2889 et
1019 2833 1237 2889 Satanz
1267 2830 1565 2887 ministris.

328 2948 474 3001 Cum
492 2942 971 3017 sapientissimus
993 2941 1396 2996 universorum
1414 2938 1568 2993 Deus
1582 2937 1906 2992 humanam

256 3041 499 3109 propter
528 3052 635 3091 nos
668 3049 923 3090 massam
948 3030 1337 3095 subiisset,ita
1368 3027 1908 3098 demum,quemad-

257 3126 500 3181 modum
526 3126 650 3196 jam
680 3122 955 3189 diximus,
986 3119 1287 3175 Trinitatis
1321 3118 1541 3186 lumen,
1576 3115 1760 3186 primo
1777 3114 1906 3186 qui-

256 3214 393 3270 dem
426 3228 746 3285 paucorum
781 3211 1161 3283 piscatorum,
1204 3206 1413 3263 deinde
1440 3221 1573 3261 vero
1604 3204 1905 3259 doctorum

260 3303 499 3375 pietatis
537 3317 712 3373 opera
739 3306 796 3355 et
827 3297 1173 3366 ministerio,
1206 3313 1308 3367 per
1356 3296 1687 3351 universum
1721 3297 1904 3365 terra-

261 3408 398 3446 rum
431 3391 627 3447 orbem
668 3388 1028 3461 propagavit,
1060 3392 1118 3443 et
1159 3386 1372 3442 erroris
1420 3382 1599 3452 illius,
1634 3383 1733 3453 qui
1765 3384 1900 3437 deo-

262 3497 399 3535 rum
433 3496 670 3535 examen
705 3476 1193 3551 myrmeciamque
1233 3476 1546 3540 invexerat,
1597 3478 1792 3529 sentes
1825 3489 1906 3526 ra-

253 3570 476 3625 dicitus
508 3569 867 3640 exstirpavit.

333 3658 494 3723 Quod
526 3674 657 3713 cum
688 3655 783 3712 ille
813 3655 1144 3710 communis
1176 3654 1482 3709 hominum
1534 3650 1903 3707 adversarius

246 3763 420 3819 squo
452 3747 649 3802 animo
684 3748 827 3801 terre
858 3762 973 3799 non
1017 3750 1231 3814 posset,
1268 3749 1330 3798 ut
1358 3743 1454 3813 qui
1488 3741 1599 3797 sibi
1628 3742 1901 3798 subditos

246 3854 286 3892 ο,
320 3853 381 3891 se
412 3836 627 3891 abduci
656 3840 934 3900 cerneret,
966 3835 1269 3889 hominum
1295 3849 1399 3889 sua
1431 3832 1615 3902 ipsius
1649 3832 1900 3900 nequitia

249 3925 564 3996 dignorum
619 3923 964 3989 ministerio,
1023 3922 1157 3977 fidei
1206 3922 1535 3976 orthodoxae
1591 3921 1902 3974 insidiatus

247 4031 373 4081 ess,
408 4013 551 4069 nihil
585 4014 746 4085 prius
780 4018 876 4066 ant
908 4010 1210 4083 antiquius
1245 4011 1673 4079 babens,quam
1710 4015 1771 4062 ut
1795 4010 1893 4061 ho-

249 4103 445 4158 mines
478 4103 535 4157 in
567 4102 809 4156 exitium
845 4100 1219 4171 pertraheret.
1278 4098 1357 4153 Ex
1405 4114 1521 4167 quo
1575 4097 1788 4161 evenit,
1836 4101 1899 4151 ut

241 4208 383 4247 cum
416 4190 503 4245 vix
538 4190 729 4246 adhuc
763 4186 1160 4260 apostolorum
1192 4186 1537 4241 confirmata
1571 4185 1899 4255 prmdicatio

241 4285 637 4343 esset,verum
674 4278 997 4350 primorum
1031 4276 1354 4331 etiamnum
1388 4274 1895 4328 fundamentorum

238 4369 587 4425 firmitatem
614 4366 995 4438 experiretur,
1048 4364 1144 4419 ille
1187 4363 1476 4419 confestin
1519 4361 1747 4417 semina
1784 4362 1893 4417 im-

237 4458 481 4532 pietatis
510 4459 559 4514 ei
593 4456 963 4529 permiscere,
996 4471 1179 4525 eaque
1209 4453 1676 4526 superseminare
1708 4469 1892 4523 cmpe-

239 4549 348 4604 rit.

949 4633 1103 4690 CAP.
1148 4636 1190 4690 Ι.

401 4745 593 4799 Prima
621 4745 864 4809 heresis,
896 4742 1138 4797 Simonis
1172 4740 1315 4810 Magi
1342 4745 1396 4795 et
1430 4740 1717 4797 Basilidis.

316 4852 503 4923 Hujus
529 4853 671 4907 adeo
701 4849 1046 4905 vaframenti
1071 4849 1269 4903 Simon
1295 4848 1518 4921 primus
1547 4849 1893 4904 administer

234 4942 428 4999 fuisse
460 4943 663 5005 fertur,
695 4939 794 5011 qui
838 4937 1054 4994 Gitthis
1103 4942 1264 4993 ortus
1319 4938 1389 5010 (is
1418 4938 1694 4993 Samaria:
1724 4939 1888 4995 vicus

226 5031 348 5099 est)
379 5047 510 5085 cuin
544 5028 865 5099 praestigias
897 5043 1070 5083 omne
1107 5044 1294 5095 genus
1325 5030 1394 5083 ad
1434 5044 1691 5100 unguem
1726 5033 1888 5084 tene-

231 5124 348 5184 ret,
382 5118 600 5174 multos
633 5118 1046 5172 miraculorum
1078 5118 1332 5172 editione
1354 5134 1523 5173 suam
1558 5118 1618 5172 in
1650 5123 1880 5173 senten-

232 5208 376 5263 tiam
410 5206 757 5278 pelliciebat.
786 5212 973 5276 Atque
998 5207 1048 5261 si
1080 5206 1313 5277 quando
1354 5223 1484 5261 cum
1518 5208 1885 5263 Judaaisver-

226 5302 486 5364 seretur,
521 5312 583 5351 se
618 5296 711 5351 Dei
744 5294 953 5349 Filium
987 5313 1005 5349 :
1040 5296 1088 5350 si
1123 5311 1255 5350 cum
1287 5296 1882 5364 Samaritanismcum

225 5391 462 5442 Patrem
490 5401 503 5450 ;
539 5385 584 5439 si
620 5400 753 5439 cum
784 5383 1031 5455 reliquis
1063 5384 1419 5449 nationibus,
1451 5385 1732 5457 Spiritum
1754 5402 1883 5441 san-

221 5482 396 5535 ctum
428 5492 558 5531 esse
591 5476 989 5545 proﬁtebatur.
1022 5475 1095 5531 Ut
1126 5476 1467 5534 ceneraliori
1516 5476 1687 5532 verbo
1717 5493 1874 5533 com-

304 5604 419 5676 (39)
452 5603 709 5661 Ireneus
739 5605 1009 5671 omnium,
1040 5606 1101 5657 ut
1133 5596 1261 5654 ὅλον
1296 5620 1401 5674 pro
1431 5600 1616 5658 ἄλλων
1648 5605 1830 5675 legas.

1935 2721 1982 2786 Β
2013 2716 2295 2787 munique
2324 2715 2593 2771 doctrina
2632 2712 3005 2781 concludam,
3061 2711 3321 2783 seipsum
3369 2709 3660 2765 infinitam

2018 2805 2120 2861 Dei
2152 2805 2467 2877 potentiam
2522 2802 2879 2859 nominabat.
2937 2801 3339 2872 Principatum
3395 2804 3453 2853 et
3502 2803 3663 2870 pote-

2014 2899 2237 2950 statum
2270 2894 2526 2962 nomina,
2560 2892 2849 2963 cmlosque
2894 2891 3263 2962 confingebat
3294 2909 3308 2958 ;
3340 2898 3392 2944 et
3425 2888 3661 2943 unicui-

2014 3002 2127 3057 que
2175 2984 2316 3039 coelo
2369 2987 2687 3055 potestates
2736 2981 2955 3053 aliquot
3002 2979 3267 3035 barbaris
3322 2976 3661 3032 nominibus

2014 3075 2199 3130 dictas
2232 3072 2576 3129 ascribebat.
2612 3073 2858 3143 Insuper
2888 3068 3178 3125 meretrici
3210 3067 3442 3123 cuidam
3475 3064 3657 3136 Tyriae

2013 3179 2244 3235 genere,
2282 3162 2620 3231 Halanisque
2654 3164 2911 3227 nomine,
2945 3174 3122 3230 quam
3169 3172 3366 3212 secum
3401 3156 3657 3211 circum-

2011 3252 2312 3321 ductabat,
2348 3251 2545 3321 primas
2578 3249 2835 3305 notionis
2858 3247 3307 3320 appellationem
3342 3244 3652 3309 indiderat,

2012 3347 2069 3396 et
2099 3340 2594 3411 quemadmodum
2647 3355 2707 3393 se
2752 3338 2936 3393 Deum
2992 3337 3242 3402 Patrem,
3284 3335 3364 3389 ita
3405 3339 3463 3387 et
3493 3332 3656 3386 illam

2013 3429 2260 3486 aliorum
2294 3429 2403 3501 (7’9)
2437 3445 2559 3484 esse
2594 3436 2839 3484 matrem
2869 3443 2880 3483 :
2917 3444 3018 3497 per
3047 3442 3295 3495 eamque
3326 3441 3388 3479 se
3418 3422 3659 3494 angelos

2011 3524 2066 3573 et
2096 3518 2479 3590 archangelus
2516 3518 2870 3579 fecisse,imo
2901 3518 3097 3588 ipsum
3128 3517 3198 3569 ab
3230 3513 3453 3584 angelis
3484 3529 3652 3565 mun-

2010 3612 2149 3664 dum
2184 3608 2484 3663 conditum
2521 3609 2701 3662 fuisse
2731 3605 3160 3661 asserebat.His
3182 3603 3657 3670 addebat,qnem-

2009 3698 2326 3752 admodum
2359 3695 2587 3751 Helenae
2620 3695 2945 3750 invidentes
2980 3690 3191 3762 angeli,
3227 3704 3350 3742 eam
3385 3702 3559 3758 penes
3590 3702 3652 3739 se

2009 3789 2401 3853 detinuerant,
2433 3790 2494 3838 ut
2540 3784 2640 3854 qui
2672 3785 2798 3853 ejus
2851 3797 3026 3852 opera
3069 3795 3167 3833 seu
3222 3781 3501 3832 creaturae
3531 3773 3647 3827 dici

2010 3875 2245 3930 nollent.
2283 3874 2442 3928 Unde
2476 3873 2691 3925 factum
2725 3875 2896 3931 esset,
2919 3874 2983 3923 ut
3011 3884 3137 3922 eam
3171 3867 3227 3919 in
3262 3864 3645 3935 plurimarum

2007 3966 2357 4019 feminarum
2382 3977 2623 4029 corpora
2643 3955 3485 4022 detrusissent,novissimeque
3508 3950 3648 4007 adeo

2011 4054 2066 4106 in
2104 4052 2378 4106 Helenam
2428 4049 2702 4118 Tyndari,
2755 4063 2879 4114 quas
2931 4046 3179 4115 Trojano
3229 4042 3377 4098 bello
3410 4057 3649 4095 causam

2010 4141 2288 4195 dedisset.
2324 4142 2383 4195 In
2419 4139 2596 4209 hujus
2627 4136 2852 4192 Helenae
2884 4136 3124 4206 gratiam
3154 4134 3297 4190 omlo
3330 4150 3390 4187 se
3412 4133 3650 4186 descen-

2006 4230 2165 4283 disse
2191 4229 2604 4299 subjungebat,
2636 4231 2701 4281 ut
2730 4242 2856 4280 eam
2890 4243 2922 4280 a
2954 4223 3228 4290 vinculis,
3261 4223 3475 4295 quibus
3502 4223 3648 4276 deti-

2006 4318 2268 4383 uehatur,
2305 4317 2597 4372 adsereret
2629 4333 2643 4370 :
2676 4315 3135 4385 hominibusque
3160 4314 3217 4367 in
3251 4313 3509 4384 seipsum
3531 4327 3649 4366 cre-

2005 4407 2276 4463 dentibus
2307 4405 2515 4461 salutis
2546 4410 2747 4461 auctor
2775 4409 2949 4460 esset.
2984 4406 3140 4459 Idem
3196 4402 3473 4475 mysteria
3506 4419 3643 4472 quo-

2003 4514 2115 4571 que
2161 4497 2419 4553 fceditate
2474 4512 2647 4551 omne
2700 4511 2887 4567 genus
2936 4494 3339 4563 refertissima,
3399 4509 3647 4565 quasque

2002 4588 2217 4643 idcirco
2274 4586 2495 4657 linguis
2553 4587 2831 4642 humanis
2888 4586 3132 4658 exprimi
3207 4595 3517 4656 nequeant,
3589 4588 3644 4639 in

2001 4678 2191 4748 ipsum
2225 4676 2619 4742 credentibus,
2652 4676 2759 4730 viri
2801 4677 3039 4747 quidem
3092 4692 3194 4748 per
3238 4676 3515 4747 genitatis
3546 4690 3646 4728 sc-

1999 4765 2178 4820 minis
2236 4765 2561 4832 deﬂuvium,
2622 4765 2855 4819 feminis
2914 4769 3105 4819 autem
3169 4779 3268 4835 per
3312 4767 3646 4817 meustruos

1998 4855 2263 4909 deﬂuxus
2311 4857 2675 4927 suggerebat,
2728 4860 2904 4925 atque
2961 4853 3298 4925 hujusmodi
3355 4871 3636 4923 μυσταγω-

1993 4940 2137 5016 γίαν,
2191 4961 2293 4999 seu
2356 4944 2761 5013 initiationem,
2825 4942 3311 5014 impurissimum,
3363 4938 3634 5014 γνώσεως,

1991 5033 2100 5089 hoe
2148 5040 2237 5091 est
2278 5033 2535 5090 scientia
2594 5034 2944 5105 cognitionis
3007 5033 3240 5087 nomine
3306 5031 3476 5084 homo
3525 5028 3636 5082 im-

1990 5124 2344 5196 purissimus
2373 5123 2746 5195 insigniebat.
2801 5123 2960 5179 Unde
3008 5121 3412 5178 Gnosticorum
3462 5118 3639 5173 etiam

1991 5212 2392 5268 haereticorum
2428 5213 2659 5267 haeresis
2692 5211 3139 5283 suppullulavit.
3191 5211 3435 5280 Insuper
3463 5208 3644 5263 actio-

1992 5317 2129 5355 nem
2191 5318 2423 5372 quoque
2479 5300 2824 5372 quamlibet,
2881 5299 2970 5355 vel
3034 5298 3439 5367 foedissimam,
3497 5300 3643 5353 citra

1992 5389 2170 5444 ullum
2216 5390 2527 5444 discrimen
2578 5390 2904 5444 obeundam
2960 5405 3088 5443 esse
3134 5388 3393 5445 docebat.
3448 5388 3637 5458 Hujus

1991 5479 2313 5534 haeresibus
2372 5479 2688 5534 Menander
2734 5477 3134 5533 Samaritanus
3204 5476 3492 5547 imbutus,
3528 5495 3634 5535 nec
