4066 6208
385 299 541 360 12ὀ3

1718 281 2023 350 ΝΙΟΕΤιΕ
2066 277 2482 344 CHONIAT/E

3642 280 3801 342 1244

385 447 582 488 eorum
616 428 964 500 quidquam,
999 443 1126 498 quae
1184 425 1492 492 didicerat,
1543 421 1889 488 immutans,
1940 415 2028 472 Si-
2061 416 2117 486 Α
2145 412 2382 470 omnino
2413 412 2786 478 tractassent,
2819 410 3137 500 qnilsmen
3170 409 3460 466 intactum
3496 411 3646 468 nihil
3679 415 3818 470 reli-

396 535 568 574 mone
597 516 770 573 etiam
803 517 927 586 ipso
961 513 1238 586 majorem
1267 529 1330 568 se
1357 510 1754 584 proﬁtebatur.

466 610 528 664 In
564 607 741 676 hujus
771 610 966 661 autem
997 619 1223 660 errores
1249 601 1530 660 Basilides
1575 604 1634 658 et
1685 593 2038 653 Saturninus

380 696 745 767 juraverant,
777 693 990 765 quibus
1022 693 1196 748 etiam
1229 691 1485 748 Simonis
1515 689 1746 744 decreta
1775 699 2036 742 summo-

386 802 522 858 pere
553 784 878 857 placebant.
911 785 1193 840 Caeterum
1229 778 1508 838 Basilides
1541 775 1828 853 quaedam
1861 771 2037 830 etiam

389 875 742 948 appendices
775 873 1042 945 magistri
1087 871 1176 928 sui
1221 865 1636 930 fabulamentis
1685 867 2038 924 interserens

392 969 715 1038 ingenitum
747 979 876 1020 esse
907 963 1158 1028 dicebat,
1187 978 1253 1018 eo
1305 959 1538 1018 nomine
1588 956 1777 1015 solum
1814 955 2037 1010 Patrem

392 1055 658 1112 omnium
691 1052 1027 1123 intelligens
1064 1066 1076 1104 :
1110 1066 1179 1108 ex
1208 1065 1274 1106 eo
1326 1047 1714 1114 intellectum,
1765 1059 1832 1100 ex
1861 1040 2038 1101 intel-

397 1146 546 1201 lectu
581 1158 936 1209 sermonem,
969 1157 1034 1196 ex
1064 1154 1332 1194 sermone
1374 1135 1766 1208 prudentiam,
1799 1149 1865 1188 ex
1896 1147 2037 1202 pru-

399 1234 596 1290 dentia
626 1233 894 1288 virtulem
929 1235 985 1285 et
1014 1228 1378 1298 sapientiam,
1410 1242 1477 1282 ex
1524 1223 1813 1294 sapientia
1842 1225 1898 1276 et
1927 1220 2038 1274 vir-

397 1329 518 1379 tute
550 1322 926 1393 principatus,
962 1323 1297 1390 polestates,
1330 1325 1387 1372 et
1435 1313 1688 1386 angelos,
1721 1329 1785 1372 ex
1819 1309 2042 1381 angelis

396 1411 646 1482 denique
673 1407 1033 1464 intellectum
1063 1405 1316 1478 primum
1373 1408 1430 1459 et
1477 1417 1775 1458 summum
1810 1413 2038 1470 proces-

397 1501 546 1557 sisse
577 1499 869 1554 fabulatur
904 1513 916 1550 :
949 1513 982 1551 a
1029 1495 1244 1566 quibus
1296 1493 1491 1570 angeli
1541 1489 1675 1551 facti
1715 1487 2040 1549 secundum

398 1591 609 1645 coelum
640 1586 1124 1650 construxissent,
1185 1589 1240 1638 et
1299 1583 1446 1642 alios
1508 1581 1748 1654 insuper
1778 1575 2037 1657 angelos,

401 1678 501 1749 qui
535 1677 680 1732 alios
707 1674 905 1730 itidem
939 1672 1198 1743 angelos,
1222 1671 1501 1742 alludque
1531 1669 1741 1725 emtum
1777 1667 2044 1722 fabricas:

2149 505 2423 578 querunt,
2455 515 2644 574 neque
2701 505 2866 558 vetus
2926 498 3046 562 illa.
3103 501 3264 558 etab
3301 499 3428 570 ipso
3498 502 3611 556 Deo
3672 503 3816 560 data

2149 591 2469 664 Scriptura,
2506 589 2860 650 mentionem
2895 589 3071 646 ullam
3105 590 3360 658 fecisset,
3405 589 3504 648 illa
3541 590 3813 664 insuper,

2150 697 2279 756 quis
2310 685 2446 741 sunt
2477 679 2532 734 in
2562 696 2756 738 rerum
2793 680 3100 748 natura,ab
3133 679 3362 752 angelis
3394 691 3592 737 creata
3623 699 3815 752 nuga-

2152 769 2343 834 batur,
2376 769 2498 842 (qui
2532 773 2728 825 tamen
2760 767 2907 824 nihil
2940 767 3102 829 aliud
3129 775 3293 840 sunt,
3343 786 3524 842 quam
3555 771 3812 830 virtutes

2151 859 2478 920 ministerio
2510 859 2818 934 deputatae,
2851 873 2996 932 quas
3046 861 3198 918 Deus
3250 859 3551 930 produxit,
3584 866 3640 916 et
3675 877 3812 932 qua:

2149 947 2222 1006 ad
2241 948 2369 1021 ejus
2399 946 2782 1010 ministerium
2814 962 3045 1022 semper
3062 953 3353 1020 apparats:
3379 949 3541 1020 sunt)
3571 950 3814 1006 interim

2151 1036 2249 1095 Dei
2283 1036 2468 1098 Patris
2502 1037 2930 1104 universorum,
2959 1039 3262 1113 sanctique
3293 1037 3814 1110 Spiritusmecnou

2151 1125 2452 1180 immensae
2487 1125 2581 1180 Dei
2615 1125 2888 1180 Potentiae
2921 1125 3031 1180 sibi
3067 1142 3281 1182 nomen
3313 1127 3584 1198 affigens.
3617 1130 3813 1192 Quod.

2149 1229 2263 1284 que
2308 1213 2470 1269 nulla
2518 1231 2634 1269 non
2679 1213 3066 1286 blasphemia,
3121 1213 3283 1270 nulla
3331 1233 3444 1271 non
3503 1217 3815 1288 impietate

2151 1307 2360 1370 scatet,
2411 1304 2482 1358 ab
2533 1302 2747 1358 Helena
2794 1320 3024 1376 quoque
3078 1306 3276 1365 nescio
3323 1323 3439 1376 qua
3496 1307 3818 1363 meretrice

2150 1389 2343 1463 Tyria,
2374 1392 2544 1461 cuius
2577 1391 2881 1462 illegitimo
2912 1393 3301 1448 contubernio
3361 1395 3666 1459 utebatur,
3699 1413 3814 1450 an-

2152 1479 2307 1550 gelos
2337 1484 2563 1542 creatos
2595 1496 2722 1538 esse
2753 1480 3102 1542 affirmabat.

2225 1587 2498 1650 Pluribus
2533 1588 2730 1660 itaque
2751 1589 3037 1660 verbis,ad
3065 1590 3407 1661 hujusmodi
3446 1597 3822 1664 nugamenta

2153 1673 2412 1730 Simonis
2444 1674 2834 1746 explananda,
2871 1677 3007 1747 quid
3041 1694 3188 1748 opus
3211 1677 3239 1732 ?
3266 1695 3390 1748 quae
3425 1696 3601 1750 quam
3665 1697 3823 1734 vana

403 1769 554 1834 sent,
587 1781 771 1836 eoque
794 1781 911 1818 rem
945 1761 1344 1828 deduxissent,
1380 1765 1442 1816 ut
1474 1757 1710 1814 trecenti
1741 1755 2044 1851 sexaginta
2075 1783 2120 1851 Β
2152 1762 2290 1832 sint,
2323 1768 2379 1818 et
2405 1765 2681 1836 absurda,
2717 1765 3125 1839 ejusmodique
3157 1768 3326 1834 adeo,
3372 1771 3440 1822 ut
3469 1769 3562 1823 vel
3611 1787 3723 1824 suo
3756 1785 3826 1824 se

400 1857 660 1928 quinque
689 1853 816 1908 coeli
847 1869 949 1924 pro
983 1851 1207 1908 dierum
1260 1850 1394 1908 anni
1442 1862 1686 1908 numero
1721 1843 2040 1918 reperiren-

407 1951 523 2001 tur.
555 1945 656 2000 His
687 1942 960 2009 addebat,
999 1940 1281 1995 mundum
1317 1939 1388 1993 ab
1421 1937 1492 1994 iis
1522 1936 1745 2009 angelis
1776 1940 2048 1990 constru-

403 2039 559 2089 ctum
588 2049 737 2098 esse,
770 2047 868 2102 qun
901 2029 1111 2085 coelum
1147 2029 1436 2090 infimum,
1484 2027 1638 2098 quod
1693 2021 2048 2099 aspectabile

401 2121 568 2179 nobis
598 2126 709 2190 est,
741 2119 1080 2188 incolerent,
1123 2123 1405 2188 terraeque
1456 2117 1599 2171 adeo
1649 2111 2044 2187 principatum

397 2211 550 2268 inter
580 2227 642 2266 se
671 2210 1008 2265 divisissent
1039 2225 1051 2264 :
1085 2223 1219 2266 eum
1277 2208 1531 2282 denique
1585 2203 1892 2276 angelum,
1955 2201 2048 2256 cui

402 2300 607 2356 sortito
639 2297 935 2371 provincia
963 2297 1298 2352 Judaaerum
1353 2294 1674 2366 obtigisset,
1705 2289 2042 2362 angelorum

403 2389 723 2462 principem
785 2387 987 2452 fuisse,
1047 2387 1138 2440 cui
1199 2384 1431 2456 quidem
1493 2389 1732 2441 ceteras
1781 2380 2046 2440 nationes

398 2478 619 2534 Judzeis
650 2477 940 2546 subjicere
983 2473 1218 2542 volenti,
1261 2471 1450 2541 angeli
1505 2471 1871 2526 restitissent.
1907 2467 2048 2533 Qui-

403 2569 512 2623 bus
529 2564 850 2638 perspectis
882 2564 1181 2633 Ingenitus
1200 2561 1564 2618 Intellectum
1592 2557 2043 2632 primogenitum

400 2672 574 2712 suum
607 2654 924 2719 amisisset,
956 2653 1370 2724 Christumque
1421 2653 1800 2724 nominasset,
1836 2653 1900 2703 ut
1926 2663 2046 2702 cre-

397 2746 600 2802 dentes
631 2759 834 2799 omnes
861 2741 1052 2798 salvos
1096 2743 1322 2798 faceret.
1375 2739 1548 2795 Porro
1577 2737 1873 2794 Christum
1911 2755 2039 2808 pas-

399 2851 528 2891 sum
563 2850 674 2890 non
709 2832 966 2898 esse,sed
997 2831 1296 2887 Simonem
1323 2827 2045 2902 Cyrenensem.Christum

403 2924 558 2981 enim
584 2923 817 2978 eminus
849 2927 1121 2997 extraque
1153 2919 1247 2974 teli
1290 2921 1540 2992 jactum,
1591 2919 1845 2984 stetisse,
1877 2920 2050 2986 atque

404 3015 742 3071 Judaaorum
792 3013 1144 3066 dementiam
1194 3011 1469 3084 irrisisse,
1509 3007 1864 3082 tandemque
1895 3006 2054 3068 velut

407 3102 765 3173 postliminio
815 3101 884 3154 ad
939 3102 1269 3172 lngenitum
1317 3099 1556 3155 rediisse
1604 3115 1637 3153 a
1667 3113 1782 3169 quo
1829 3094 2044 3150 missus
2075 3141 2116 3208 Ο

404 3195 610 3247 fuerat.
643 3189 1008 3246 Credendutn
1061 3208 1228 3262 porro
1281 3189 1528 3256 dicebat,
1589 3204 1702 3242 non
1758 3187 1814 3242 in
1855 3185 2040 3240 cruci-

408 3283 608 3350 fixum,
641 3284 739 3338 sed
776 3282 832 3338 in
867 3299 994 3338 eum
1029 3281 1124 3352 qui
1171 3282 1484 3346 cruciﬁxus
1532 3279 1853 3334 videbatur.
1889 3276 2048 3332 Basi-

403 3371 553 3426 lides
585 3371 844 3442 insuper,
880 3377 942 3426 ut
974 3371 1196 3433 Simon,
1231 3376 1286 3424 et
1318 3372 1579 3440 quoquot
1607 3366 1870 3438 ejusdem
1904 3365 2049 3420 deli-

409 3465 668 3516 ramenta
701 3461 1128 3530 verborumque
1163 3463 1426 3530 portenta
1472 3456 1803 3520 tuebantur,
1858 3453 2051 3510 carnis

412 3548 895 3605 resurrectionem
956 3547 1226 3617 negabat,
1286 3546 1356 3600 ab
1429 3561 1611 3616 eoque
1668 3542 1892 3614 angelo,
1951 3541 2051 3616 qui

410 3639 628 3696 Judaeis
661 3643 952 3713 praeesset,
989 3637 1274 3691 mundum
1327 3634 1542 3689 factum
1594 3632 1772 3688 fuisse
1803 3633 2050 3690 dicebat.

413 3726 734 3798 Quamlibet
765 3726 937 3782 etiam
969 3725 1330 3790 hortabatur,
1365 3729 1424 3777 ut
1454 3741 1554 3794 pro
1602 3721 1846 3778 libidine
1877 3721 2050 3777 idolo-

411 3819 612 3889 thytis,
645 3816 751 3872 hoc
777 3819 890 3884 est,
922 3815 993 3870 iis
1026 3815 1152 3887 Qum
1185 3813 1358 3869 idolis
1389 3819 1583 3868 essent
1628 3811 1930 3867 immolata
1959 3828 2052 3867 ve-

411 3915 686 3973 sceretur,‘
713 3905 1050 3977 illicitisque
1073 3905 1214 3960 adeo
1238 3905 1570 3959 actionibus
1596 3901 1741 3956 citra
1763 3901 2051 3956 delectum

411 3994 673 4049 vacabat.
708 3995 864 4048 idem
900 3999 1174 4065 praeterea
1213 3991 1702 4058 incautationum,
1736 3990 2054 4062 praestigia-

418 4100 658 4155 rumque
677 4084 938 4138 inventor
953 4082 1133 4138 fuisse
1148 4081 1486 4156 perhibetur
1501 4097 1670 4160 :quas
1685 4079 2056 4136 dementihus

418 4177 637 4243 postea,
669 4175 725 4226 et
763 4172 1014 4240 vesanis,
1075 4171 1242 4243 quasi
1307 4187 1402 4243 per
1461 4186 1670 4224 manus
1731 4167 2054 4224 tradiderit.

417 4294 711 4334 Ηιειιιςεεοε
735 4295 1126 4339 Ριιιῑοκυεκτιε
1143 4295 1492 4338 CONFUTATIO
1515 4295 1620 4332 PER
1636 4292 1872 4338 EUIDEM
1895 4291 2052 4334 NICE‘

979 4367 1095 4405 TAM
1134 4367 1475 4406 CHONIATAH.

415 4458 520 4527 Qui
548 4457 614 4514 ab
645 4457 748 4512 hac
769 4457 1042 4514 haeresim
1068 4457 1138 4513 ad
1178 4455 1483 4514 Ecclesium
1534 4456 1858 4516 catholicam
1915 4456 2057 4515 reci—

934 4527 1118 4598 piunt,
1153 4530 1523 4599 capti/tantur.

487 4637 564 4691 Ex
597 4635 853 4692 Simonis
887 4636 1298 4692 traditionibus
1333 4635 1493 4695 nulla
1542 4641 1650 4700 est,
1686 4653 1814 4712 quae
1846 4636 2055 4694 confuv

420 4730 611 4780 catore
643 4724 920 4794 indigeat.
958 4723 1171 4782 Omnes
1201 4719 1354 4780 enim
1414 4740 1538 4779 sese
1596 4726 1740 4782 satis
1769 4741 2060 4796 superque

420 4813 852 4880 subvertunt,in
886 4813 1101 4886 quibus
1132 4811 1296 4871 nulla
1325 4814 1403 4868 sit
1433 4811 1670 4868 omnino
1693 4829 2062 4885 consequeno

419 4904 522 4970 tia,
557 4901 818 4974 nihilque
847 4901 1010 4969 adeo,
1047 4903 1196 4973 quod
1231 4901 1393 4958 sanis
1423 4901 1664 4964 auribus
1695 4902 1968 4960 arrident.

491 4993 790 5065 Siquidem
825 4991 944 5064 ille,
975 4993 1115 5064 dum
1148 4991 1261 5050 sibi
1292 4989 1436 5050 alias
1466 4991 1675 5060 Patris,
1708 4990 1852 5048 alias
1883 4990 2059 5064 Spiri-

416 5089 514 5140 tus
547 5086 758 5152 sancti,
792 5081 937 5139 alias
970 5081 1220 5154 denique
1280 5079 1553 5140 Potentiae
1611 5081 1816 5136 divinae
1853 5096 2060 5141 nomen

420 5172 689 5245 imponit,
721 5189 788 5230 eo
819 5172 947 5243 ipso
979 5170 1126 5226 satis
1165 5187 1232 5224 ea
1266 5168 1407 5231 nihil
1442 5186 1682 5246 prorsus
1713 5185 1839 5226 esse
1896 5185 2058 5226 coar-

419 5263 718 5333 guit,quze
753 5259 864 5316 sibi
921 5264 1220 5328 tantonere
1277 5258 1651 5316 dissentanea
1709 5257 2060 5316 vindicabat.

419 5351 538 5406 lmo
580 5367 732 5417 vero,
789 5350 928 5404 dum
989 5348 1269 5405 ecelorum
1329 5364 1562 5420 quoque
1617 5346 2061 5407 multitudinem

420 5436 736 5492 introducit
785 5438 855 5496 de
904 5439 1120 5508 quibus
1168 5437 1501 5496 Graecorum
1557 5435 1884 5510 philosOphi
1917 5435 2064 5497 nihil

487 5557 601 5601 es-“
629 5563 753 5617 Act.
785 5577 906 5628 vm,
934 5561 1004 5615 49
1033 5577 1196 5633 setm-

2151 1852 2343 1926 gladio
2369 1853 2668 1925 jugulent,
2705 1854 2853 1910 satis
2881 1869 3174 1930 superque
3219 1855 3422 1914 Simon
3475 1857 3605 1929 ipse
3638 1875 3712 1912 ex
3747 1860 3821 1913 iis

2153 1943 2540 2011 confirmavit,
2575 1960 2706 2014 quae
2737 1945 2808 1999 ab
2841 1945 3118 2014 apostolis
3149 1951 3204 2000 et
3236 1946 3480 2014 audivit,
3513 1953 3572 2002 et
3602 1965 3822 2019 passus

2152 2038 2257 2094 est.
2291 2034 2434 2096 Cum
2468 2035 2625 2096 enim
2660 2033 2965 2105 Philippus
3005 2033 3065 2090 in
3115 2035 3436 2090 Samariam
3489 2053 3556 2092 se
3603 2043 3819 2094 contu-

2153 2121 2337 2192 lisset,
2371 2121 2466 2176 ille
2497 2122 2733 2194 quidem
2769 2139 2832 2178 ex
2868 2128 3088 2196 septem
3119 2125 3376 2180 diaconis
3403 2142 3587 2192 unus,
3623 2127 3812 2198 iisque

2153 2213 2295 2270 adeo
2327 2212 2427 2286 qui
2475 2212 2690 2274 ibidem
2751 2212 2810 2272 in
2871 2213 3110 2275 nomine
3164 2213 3396 2276 Domini
3453 2217 3642 2270 nostri
3674 2221 3813 2271 Jesu

2151 2301 2360 2355 Christi
2397 2300 2668 2370 baptizati
2721 2300 2970 2356 fuerant.
3023 2301 3223 2357 Simon
3274 2309 3330 2358 et
3361 2304 3489 2375 ipse
3523 2304 3812 2360 lustrales

2152 2390 2222 2444 ad
2256 2405 2440 2460 aquas
2471 2388 2738 2452 accessit,
2772 2389 3064 2460 cmpitque
3114 2389 3463 2446 raniiliarius
3490 2408 3630 2447 eum
3665 2392 3813 2446 Phi-

2153 2477 2310 2548 lippo
2367 2479 2604 2545 versari,
2656 2493 2890 2549 magna,
2948 2482 3010 2532 ut
3052 2495 3168 2549 prae
3217 2496 3280 2533 se
3329 2479 3576 2547 ferebat,
3629 2483 3816 2538 animi

2153 2566 2486 2622 constantia
2529 2582 2658 2621 cum
2711 2565 2809 2621 illo
2860 2583 3258 2638 perseverans.
3307 2568 3414 2632 Qui
3464 2585 3606 2624 cum
3661 2571 3816 2624 mira

2153 2655 2272 2722 illa,
2306 2673 2430 2726 quae
2464 2672 2498 2711 a
2528 2654 2796 2726 Philippo
2825 2655 3063 2728 ﬁebant,
3125 2673 3318 2714 coram
3376 2663 3665 2726 cerneret,
3701 2661 3807 2713 ad-

2154 2745 2458 2799 miratione
2491 2745 2846 2816 rapiebatur.
2880 2749 3022 2800 Cum
3056 2762 3186 2801 vero
3233 2745 3467 2802 tandem
3507 2749 3567 2801 in
3601 2748 3811 2803 Sama-

2153 2831 2702 2905 riam,promulgata
2725 2832 2850 2904 jam
2881 2833 3136 2906 Philippi
3161 2834 3818 2907 pradicatloneﬁetrus

2154 2926 2210 2978 et
2236 2922 2492 2978 Joannes
2545 2921 2797 2993 apostoli
2851 2923 3168 2990 venissent,
3230 2931 3284 2979 et
3339 2925 3727 2981 credentibus
3758 2928 3815 2981 in

2155 3011 2450 3074 Christum
2483 3015 2667 3068 sancti
2694 3013 2948 3085 Spiritus
2977 3015 3568 3071 communicationem
3603 3033 3814 3088 apere-

2154 3101 2263 3154 cati
2293 3101 2559 3171 fuissent,
2593 3101 2874 3174 illumque
2901 3104 3042 3160 adeo
3077 3120 3177 3176 per
3207 3120 3492 3159 manuum
3551 3105 3817 3177 imposi-

2152 3190 2372 3244 tionem
2406 3191 2779 3259 recepissent.
2813 3194 2944 3248 Haec
2976 3193 3100 3262 ipsa
3130 3208 3324 3251 coram
3376 3193 3584 3248 Simon
3623 3195 3811 3249 intui.

2155 3286 2268 3344 tos,
2333 3279 2612 3349 pecunias
2663 3281 2943 3349 apostolis
3002 3282 3215 3338 obtulit
3277 3282 3530 3338 dicens:
3567 3285 3710 3338 Date
3763 3291 3818 3340 et

2156 3368 2298 3424 mihi
2325 3369 2464 3422 hanc
2493 3371 2834 3440 potestatem,
2886 3373 2946 3424 ut
2992 3372 3297 3442 cuicunque
3343 3374 3670 3443 imposuere
3701 3391 3815 3428 rue-

2156 3473 2282 3526 nus,
2313 3457 2556 3528 accipiat
2585 3456 2857 3528 Spiritum
2889 3469 3159 3516 saucium.
3221 3463 3418 3518 Petrus
3449 3465 3642 3518 autem
3672 3463 3818 3518 dixit

2158 3545 2226 3601 ad
2256 3562 2380 3600 eum
2415 3563 2427 3601 :
2459 3547 2703 3601 Pecunia
2731 3551 2828 3602 tua
2861 3554 3035 3604 tecum
3063 3551 3134 3604 sit
3162 3551 3222 3604 in
3249 3549 3646 3620 perditionem,
3683 3567 3823 3622 qua-

2157 3637 2312 3690 niam
2343 3634 2546 3690 donum
2575 3637 2674 3690 Dei
2702 3636 3039 3692 existimasti
3089 3643 3326 3708 pecunia
3373 3640 3667 3704 possideri.
3701 3642 3816 3696 Non

2158 3728 2237 3777 est
2265 3721 2372 3777 tibi
2397 3739 2546 3793 pars,
2597 3738 2772 3794 neque
2813 3741 2930 3780 sors
2972 3727 3034 3780 in
3073 3741 3321 3782 sermone
3366 3729 3485 3783 hoc.
3523 3729 3642 3784 σοι·
3662 3729 3816 3783 enim

2159 3819 2317 3867 tuum
2344 3827 2449 3866 non
2481 3817 2562 3868 est
2592 3817 2799 3868 rectum
2829 3829 3020 3870 coram
3067 3816 3188 3872 Deo.
3239 3817 3408 3888 [Roga
3457 3833 3588 3888 ergo
3619 3819 3818 3887 Deum,

2157 3903 2213 3954 si
2241 3901 2381 3970 forte
2408 3903 2734 3956 remittatur
2761 3903 2870 3957 tzhi
2898 3905 3017 3960 hac
3043 3904 3307 3976 cogitatio
3353 3905 3548 3960 cordis
3577 3907 3711 3979 iui.)
3749 3909 3810 3962 ιιι

2159 3989 2296 4061 felle
2324 3993 2468 4044 enim
2517 3993 2946 4058 amaritudinis,
2992 3997 3045 4048 et
3089 3994 3434 4062 obligatione
3464 3995 3822 4066 iniquitatis,

2161 4077 2400 4134 vidimus
2429 4083 2484 4134 te
2513 4096 2631 4134 esse
2659 4080 2802 4138 ’3-9‘.

2244 4181 2489 4245 Proinde
2547 4188 2886 4259 hujusmodi
2953 4189 3244 4260 repulsam
3307 4190 3690 4248 miserrimus
3727 4193 3820 4248 ille

2166 4283 2460 4352 passus,et
2492 4275 2565 4332 ad
2599 4276 2894 4346 proprium
2926 4277 3214 4332 vomitum
3247 4280 3822 4344 reversus,Samaria

2163 4367 2430 4434 excessit,
2466 4370 2522 4421 et
2550 4365 2623 4421 ad
2652 4381 2720 4420 ea
2751 4382 2812 4420 se
2843 4367 3057 4437 oppida
3087 4367 3480 4440 civitatesque
3539 4370 3818 4436 contulit,

2089 4501 2136 4566 Β
2167 4457 2384 4530 quibus
2427 4454 2686 4566 nqndum
2748 4453 3299 4566 Evapgejliidumen
3358 4455 3654 4527 illuxerat,
3694 4460 3819 4530 jam

2167 4551 2412 4616 tumque
2439 4544 2716 4599 adversus
2751 4544 2919 4599 Verbi
2967 4544 3146 4599 divini
3195 4562 3491 4616 precones
3521 4547 3823 4619 imprimis

2169 4637 2361 4690 autem
2395 4637 2884 4700 Pelrum,crucem
2918 4648 2979 4687 se
2999 4635 3392 4705 Satanamque
3411 4641 3693 4706 praestare
3715 4654 3826 4692 caeo

2170 4723 2274 4796 pit.
2307 4722 2604 4794 Siquidem
2637 4736 2770 4776 cum
2806 4720 2946 4781 nihil
2995 4723 3159 4792 prius
3217 4723 3520 4794 antiquius
3576 4725 3823 4782 haberet

2170 4828 2344 4883 quam
2372 4817 2436 4866 ut
2468 4814 2636 4868 Petro
2662 4826 2761 4876 per
2781 4811 2980 4871 omnia
3002 4811 3490 4883 refragareturmd
3516 4830 3818 4882 eum,cum

2171 4902 2441 4973 pietatem
2477 4900 2534 4961 in
2569 4899 2999 4962 confertissima
3032 4900 3226 4972 populi
3252 4903 3534 4960 concione
3565 4905 3826 4972 doceret,

2171 5007 2373 5048 canem
2401 4988 2690 5060 misit,qui
2713 4987 2836 5051 haec
2855 4988 3124 5051 humanis
3137 4989 3326 5052 verbis
3349 4992 3822 5064 proloqueretur:

2172 5079 2372 5144 Finem
2407 5077 2546 5142 tuis,
2587 5077 2776 5146 Patre,
2806 5079 3020 5150 quibus
3071 5078 3350 5150 populum
3405 5081 3822 5151 circumvenis,

2171 5167 2516 5240 imposturis
2550 5167 2859 5238 imponito.
2894 5167 3024 5224 Mox
3051 5168 3313 5227 vicissim
3345 5171 3512 5226 canis
3555 5172 3712 5228 idem
3749 5175 3821 5230 ad

2173 5256 2468 5314 Simonem
2503 5273 2536 5315 a
2568 5255 2731 5310 Petro
2765 5256 3292 5328 relegatus,eadem
3326 5259 3411 5319 illi
3443 5262 3828 5322 renuntiavit.

2171 5346 2430 5408 Tandem
2464 5361 2598 5405 cum
2633 5345 2815 5402 multo
2847 5362 2914 5401 ex
2944 5345 3085 5413 illis,
3116 5362 3264 5416 quos
3297 5351 3499 5405 Petrus
3530 5352 3833 5408 concioni-

2177 5436 2288 5496 bus
2320 5437 2445 5494 suis
2478 5436 2852 5505 instruxerat,
2913 5437 2984 5492 ad
3043 5439 3331 5509 privatum
3391 5439 3612 5512 dogma
3653 5458 3832 5500 suum
