4066 6208
404 301 556 360 1⁵247

1695 293 1822 354 NlC
1835 293 2006 353 ETIE
2049 293 2347 354 CHONIA
2363 295 2487 354 ΤιΕ

3659 295 3819 355 1248

397 434 586 488 dicere
613 446 832 502 queas:
859 429 957 484 sed
993 429 1142 483 inter
1171 427 1372 499 spinas
1402 425 1578 482 etiam
1607 442 1735 481 rosa
1763 425 2042 491 nascitur,
2078 427 2130 492 Α
2159 425 2408 482 diabolis
2464 427 2636 483 etiam
2695 427 2968 482 virtutem
3028 426 3346 499 quamdam
3387 427 3653 494 ascribit,
3687 445 3813 499 quas

401 530 459 577 et
507 537 624 576 una
682 535 816 575 cum
877 519 1171 572 frumento
1231 515 1434 570 lolium
1469 519 1735 585 emergit.
1767 515 2048 568 Caeterum

403 611 582 666 miser
611 608 732 674 ille,
767 607 1072 678 imposque
1103 605 1318 660 mentis
1354 620 1487 660 cum
1522 603 1777 676 primum
1802 607 2046 674 asepte-

402 701 566 756 nario
623 697 1002 752 diaconorum
1055 709 1298 749 numero
1351 692 1670 765 digressus,
1719 691 2046 764 virgineum

400 803 634 860 quoque
701 793 911 840 emtum
963 783 1345 853 corrupisset,
1403 797 1470 837 eo
1548 781 1703 852 quod
1777 779 2046 836 adulterae

399 877 776 947 scelestaaque
809 872 1042 928 mulieri
1105 888 1233 928 sese
1291 872 1530 926 uxorius
1572 870 1894 935 addixerat,
1919 871 2046 940 jam

401 981 590 1038 neque
621 969 845 1035 septem
907 961 1149 1032 collegis
1207 961 1528 1032 quidquam
1576 959 2046 1030 impertiebatur,

403 1071 592 1126 neque
629 1053 936 1109 viduarum
988 1066 1192 1105 curam
1257 1049 1510 1120 amplius
1569 1063 1766 1120 gerere
1799 1045 2045 1114 volebat,

401 1146 522 1200 imo
578 1159 712 1199 vero
769 1141 1050 1197 saeculum
1111 1155 1344 1212 quoque
1401 1137 1541 1192 illud
1592 1143 1858 1192 octavum
1891 1137 2046 1208 quod

401 1234 570 1288 nobis
602 1232 916 1303 aliquando
937 1245 1350 1284 successurum
1385 1233 1498 1288 est.
1531 1227 1975 1298 aspernabatur.

475 1329 684 1379 Eorum
739 1338 930 1392 porro,
991 1320 1088 1390 qui
1130 1318 1390 1374 Gnostici
1423 1318 1560 1372 dicti
1594 1325 1754 1383 sunt,
1791 1315 2048 1370 actiones

401 1418 457 1468 et
489 1411 794 1484 praastigie
819 1413 982 1464 tanta
1011 1407 1425 1480 spurcitiarum
1460 1421 1821 1476 omnegenus
1852 1402 2050 1458 illuvie

402 1502 654 1556 infames
685 1502 1009 1568 evaserant,
1044 1503 1108 1552 ut
1140 1513 1252 1567 pra:
1285 1496 1402 1549 illis
1445 1496 1569 1566 ipse
1615 1493 2046 1564 turpitudinum

410 1591 690 1660 magister
718 1587 988 1642 diabolus
1020 1586 1305 1640 honestus
1335 1583 1516 1638 videri
1550 1582 1749 1653 possit.
1802 1581 2050 1636 Proinde

409 1679 481 1732 nl»
547 1676 884 1746 huiusmodi
947 1673 1257 1729 Camarina
1305 1671 1591 1727 movenda
1638 1670 2048 1741 supersedens,

407 1767 596 1837 iisque
627 1769 768 1820 adeo
803 1762 1221 1826 describendis,
1255 1779 1382 1832 quae
1417 1760 1604 1816 modis
1642 1759 1915 1815 omnibus
1949 1759 2046 1814 de-

404 1856 676 1912 testanda
700 1856 891 1924 juxta,
927 1857 1156 1922 Deoque
1187 1850 1603 1920 ingratissima,
1637 1848 2042 1919 designarunt,

400 1945 687 1999 haereseos
745 1941 1030 1997 Gnosticaa
1080 1939 1397 1995 lectoribus
1448 1943 1650 1993 auctor
1698 1936 1930 2004 fuerim,
1982 1941 2047 1991 ut

401 2032 667 2088 Ithacum
693 2032 870 2087 heroa
900 2027 1112 2085 imitati
1155 2045 1326 2084 aures
1367 2044 1504 2082 suas
1548 2043 1679 2082 cera
1714 2029 2043 2094 obstruent,

405 2138 520 2176 non
553 2137 618 2176 eo
672 2120 934 2192 quidem,
993 2135 1108 2190 quo
1147 2117 1447 2190 Syremeos
1498 2118 1768 2172 modulos
1809 2119 2042 2186 preter-

404 2211 708 2277 vehantur,
763 2209 864 2264 sed
921 2224 991 2263 ne
1049 2223 1182 2262 cum
1243 2206 1488 2261 auribus
1537 2209 1594 2260 et
1633 2205 2044 2276 linguaipsam

408 2315 637 2372 quoque
667 2300 890 2372 γνῶσιν,
921 2297 1035 2352 hoc
1056 2301 1166 2361 est,
1199 2295 1482 2350 rationem
1515 2303 1568 2351 et
1601 2293 2042 2365 intelligentiam

404 2394 820 2461 conspurcent,
870 2388 1010 2442 dum
1059 2387 1257 2442 faciles
1302 2402 1474 2441 aures
1512 2384 1586 2440 iis
1619 2383 1879 2456 legendis
1909 2401 2048 2456 prte-

405 2481 565 2544 bent,
599 2495 726 2550 quae
784 2495 894 2534 sua
945 2479 1244 2549 impietate
1302 2475 1625 2548 quamlibet
1683 2475 2044 2547 impietatem

407 2567 611 2622 multis
643 2566 984 2639 parasangis
1012 2569 1384 2637 exsuperant.

1078 2690 1236 2746 CAP.
1271 2691 1371 2748 IlI.

403 2819 580 2873 Tertia
635 2817 880 2885 haeresis,
927 2820 1516 2887 Carpocratenorum:
1570 2812 1631 2868 hi
1671 2813 2042 2885 baptizamur.

465 2941 840 3013 Carpocrates
897 2941 1135 3010 quidam
1191 2941 1330 3009 (40),
1391 2955 1523 2995 cum
1559 2942 1754 3009 ageret
1793 2937 1850 2992 in
1885 2937 2043 3004 Asia,

398 3031 710 3102 spurcitiae
727 3045 1088 3102 omnegenus
1123 3027 1202 3083 ibi
1233 3027 1452 3094 docuit,
1489 3025 1834 3098 nullumque
1853 3024 2046 3080 scelus

399 3117 788 3193 praetermisit,
847 3121 1015 3190 cujus
1075 3135 1189 3173 non
1242 3122 1401 3174 certa
1447 3123 1733 3188 praecepta
1761 3117 2035 3182 traderet,
2069 3144 2113 3210 Ο

400 3212 508 3266 hoc
533 3210 751 3275 addito,
803 3210 927 3265 ﬁeri
973 3225 1084 3264 non
1119 3223 1311 3279 posse,
1345 3211 1411 3261 ut
1440 3207 1754 3277 quisquam
1787 3205 1924 3260 hinc
1963 3206 2036 3262 ad

403 3315 746 3370 supremum
805 3297 1016 3353 cmlum
1061 3297 1453 3362 transcendat,
1486 3295 1600 3350 nisi
1632 3310 1694 3351 se
1725 3294 1888 3366 prius
1920 3310 2046 3366 pecs

405 3389 549 3443 catis
591 3387 866 3442 omnibus
918 3384 1295 3450 immerserit,
1345 3385 1794 3455 daemonumque
1849 3383 2047 3439 volun-

403 3475 506 3530 tati
559 3475 874 3530 obsecutus
928 3474 1119 3530 l'uerit.
1175 3473 1416 3544 Nuptias
1450 3489 1618 3544 porro
1647 3473 1906 3543 abrogat,
1940 3489 2046 3528 nec

405 3569 767 3620 mortuorum
799 3561 1283 3618 resurrectionem
1319 3561 1596 3615 admittit.
1631 3559 2048 3632 Excogitarunt

403 3658 577 3713 etiam
634 3655 1039 3728 Curpocrateni
1083 3653 1544 3726 praestigiaturas
1591 3656 1648 3708 et
1694 3652 2044 3708 incantatio-

404 3763 528 3815 nes,
562 3762 683 3813 qusa
709 3743 1089 3800 daemoniacis
1127 3741 1350 3797 artibus
1401 3740 1673 3796 omnibus
1729 3756 2048 3812 exsequen-

401 3837 494 3892 dis
533 3836 890 3890 suflicerent.
953 3835 1196 3905 insuper
1253 3835 1308 3886 et
1357 3829 1616 3903 sigillum
1650 3830 1928 3896 cauterio,
1962 3830 2046 3886 vel

399 3924 678 3982 novacula
730 3923 816 3980 vel
880 3923 1090 3980 subula
1143 3920 1470 3994 cartilagini
1503 3920 1664 3976 auris
1691 3935 1893 3976 eorum
1931 3920 2045 3974 im-

405 4014 755 4088 primebant,
788 4029 932 4084 quos
962 4011 1328 4083 deceperant,
1365 4015 1431 4065 ut
1459 4009 1569 4066 hoc
1599 4009 1818 4064 incidio
1866 4014 2044 4076 esset,

403 4121 569 4161 suam
604 4104 676 4160 ab
705 4102 826 4158 illis
867 4103 1109 4157 bteresin
1161 4098 1547 4172 comprobari.
1601 4097 1762 4154 Unde
1817 4102 1875 4152 et
1900 4098 2043 4152 Mar-

402 4193 612 4248 cellina
643 4192 910 4263 quaedam
945 4192 1016 4247 ab
1075 4189 1192 4245 illis
1245 4191 1484 4244 seducta
1529 4192 1721 4242 Romae
1757 4189 1868 4242 sub
1901 4187 2032 4241 Ani-

402 4287 526 4338 ceto
584 4281 857 4353 episcopo
911 4285 1196 4349 Romano,
1258 4283 1659 4333 matronarum
1737 4275 2044 4346 plerasque

401 4372 668 4428 eamdem
698 4371 759 4425 in
791 4369 1036 4425 heresin
1071 4367 1318 4439 pellexit.
1348 4367 1581 4423 Statuas
1612 4365 1784 4422 etiam
1819 4365 2044 4420 Christo

403 4466 460 4516 et
487 4460 684 4528 Paulo,
714 4459 832 4515 imo
891 4457 1067 4514 etiam
1128 4457 1486 4529 Pythagorae,
1542 4453 1882 4525 ceterisque
1917 4453 2042 4524 phi-

403 4549 666 4620 losophis
710 4549 966 4620 erigunt,
1021 4563 1168 4618 quas
1225 4546 1282 4600 in
1333 4544 1574 4600 occultis
1605 4545 1747 4600 locis
1778 4547 2044 4600 adorant.

405 4640 650 4710 Insuper
679 4636 1007 4692 Graecorum
1039 4650 1271 4705 quoque
1305 4634 1598 4706 mysteriis
1633 4638 1900 4688 utuntur.

710 4762 990 4816 Hereseos
1019 4759 1377 4831 praecedentia
1408 4759 1733 4828 con/utalia.

468 4887 571 4943 Hic
600 4885 979 4958 Carpocrates
1011 4883 1294 4940 hereseos
1324 4881 1660 4954 asperitate,
1693 4897 1822 4952 quis
1853 4881 2044 4937 varias

397 4980 454 5034 in
514 4976 815 5048 opiniones
873 4974 1146 5038 dissecta,
1204 4973 1429 5028 sincero
1493 4970 1729 5042 pietatis
1783 4969 2041 5042 dogmati

397 5068 837 5133 adversabatur,
895 5065 1084 5121 effecit
1132 5069 1195 5119 ut
1240 5059 1468 5133 ἀκάρπῳ
1525 5059 1629 5130 illi,
1679 5061 1786 5116 hoc
1817 5067 1907 5116 est
1931 5065 2042 5116 ste-

399 5159 490 5214 rili
522 5163 578 5214 et
631 5157 1006 5214 infructuosa
1064 5153 1218 5224 fleui,
1274 5153 1544 5222 foliisque
1609 5155 1835 5205 tantum
1868 5149 2037 5204 luxu-

395 5247 588 5318 rianti,
640 5250 813 5317 atque
870 5245 1069 5312 etiam,
1129 5248 1194 5298 ut
1250 5242 1331 5297 ita
1388 5241 1596 5307 dicam,
1648 5239 1791 5294 fonti
1855 5237 2038 5293 linum

394 5335 688 5406 ejectanti,
724 5333 1063 5390 simillimus
1093 5331 1360 5388 evaserit.

465 5424 572 5487 Qui
612 5424 989 5494 turpitudinis
1035 5421 1388 5478 omnimodae
1421 5422 1624 5475 auctor
1651 5423 1704 5474 et
1741 5416 2038 5489 magister,

469 5590 583 5664 (40)
614 5590 763 5646 lren.
801 5589 903 5646 lib.
937 5608 980 5659 ι,
1020 5607 1144 5663 cap.
1175 5591 1266 5646 24.

2160 515 2492 572 animarum
2545 516 2617 571 ad
2663 516 2842 574 cretes
2893 517 3162 573 ascensui
3209 517 3580 585 adversetur,
3614 533 3814 574 earum

2161 604 2474 674 imprimis,
2528 621 2656 677 quae
2711 605 2901 660 foedas
2947 606 3007 660 in
3035 605 3296 661 actiones
3319 621 3382 661 se
3413 606 3665 662 minime
3700 623 3827 678 pro-

2159 691 2461 750 volverint.
2504 695 2612 758 Qui
2666 698 2859 748 tamen
2907 697 3141 750 tantum
3183 694 3372 764 abest,
3405 701 3467 750 ut
3493 694 3658 766 quod
3696 711 3822 750 ma-

2158 781 2312 836 xime
2371 783 2636 854 cupiunt,
2689 783 2759 837 ad
2821 785 3072 853 optatum
3131 783 3302 838 tinem
3361 784 3710 856 perducant,
3759 788 3824 839 ut

2160 869 2333 924 etiam
2389 871 2725 941 ingressum
2785 871 2843 926 in
2904 887 3111 942 porcos
3177 872 3288 927 sibi
3335 872 3588 928 liberum
3625 873 3756 927 dari
3789 889 3824 928 a

2159 965 2274 1014 Deo
2328 965 2385 1014 et
2443 952 2681 1016 homine
2736 961 2968 1016 Christo
3023 961 3316 1032 petierint,
3372 977 3478 1017 nec
3537 961 3721 1016 iidem
3759 961 3823 1018 in

2116 1120 2136 1135 _
2161 1047 2402 1115 bubilia,
2447 1053 2502 1104 et
2555 1048 2728 1105 ovilia
2772 1049 2926 1119 Jobi,
2973 1066 3080 1105 nec
3113 1051 3170 1104 in
3201 1049 3394 1122 ipsum
3429 1051 3692 1121 denique
3725 1067 3820 1106 ra-

2159 1138 2310 1193 biem
2373 1155 2540 1194 suam
2600 1154 2862 1194 exercere
2919 1139 3032 1194 alia
3089 1139 3212 1212 lege
3292 1139 3642 1210 permissum
3703 1145 3817 1206 est,

2159 1243 2332 1299 quam
2368 1230 2510 1301 quia
2559 1231 2635 1284 ita
2695 1229 2902 1285 divinas
2961 1231 3259 1286 decretum
3301 1232 3692 1303 providentiae
3730 1232 3814 1286 t‘e-

2163 1317 2344 1372 rebat.
2406 1317 2656 1384 Quinam
2719 1335 2846 1375 vero
2905 1319 3004 1374 alii
3036 1335 3105 1374 ex
3135 1319 3252 1375 alto
3284 1317 3491 1375 cadere
3521 1325 3815 1392 tanquam

2162 1407 2381 1480 fulgur,
2415 1426 2448 1464 a
2477 1407 2700 1465 Christe
2737 1409 2847 1465 visi
2878 1414 3038 1479 sunt,
3071 1426 3249 1482 quam
3283 1411 3512 1481 reprobi
3547 1411 3820 1481 spiritus,

2161 1512 2362 1552 eorum
2395 1497 2666 1570 princeps
2709 1502 2977 1567 Satanas,
3039 1503 3312 1570 tanquam
3353 1500 3609 1555 exterior
3641 1501 3820 1570 ignis,

2163 1585 2396 1657 pervigil
2430 1587 2664 1654 vermis,
2700 1587 3080 1660 gehennaque
3129 1605 3432 1660 nunquam
3481 1589 3764 1644 desinens
3792 1588 3824 1643 ?

2160 1676 2408 1732 Proinde
2464 1677 2594 1732 novi
2650 1677 2796 1734 nihil
2859 1679 2915 1732 in
2967 1695 3033 1733 eo
3090 1678 3426 1750 designant,
3483 1681 3638 1748 quod
3702 1695 3822 1734 nu-

2161 1765 2314 1836 ptias
2368 1766 2724 1838 improbent,
2782 1767 2840 1822 in
2899 1767 3205 1824 libidinem
3257 1769 3488 1824 interim
3543 1769 3823 1824 difﬂuen-

2160 1854 2565 1927 tes,nibilque
2607 1873 2718 1910 non
2779 1856 3058 1912 fmditatis
3113 1862 3214 1912 aut
3263 1863 3527 1929 agentes,
3578 1863 3680 1912 aut
3713 1875 3818 1930 pa-

2163 1941 2397 1999 tientes.

2233 2033 2393 2099 Quod
2447 2037 2643 2088 autem
2707 2033 3070 2105 Carpocratis
3126 2039 3442 2090 sectatores
3495 2035 3820 2107 haereseos,

2164 2120 2360 2192 sigilla
2391 2122 2679 2190 quaedam,
2710 2121 3034 2178 annulosve
3072 2123 3203 2178 imae
3237 2123 3643 2180 auricularum
3679 2142 3814 2197 pro—

2164 2208 2461 2265 minentite
2493 2211 2769 2282 inﬁgunt,
2821 2212 2876 2266 in
2937 2228 3006 2268 eo
3037 2213 3413 2280 conveniunt,
3451 2231 3815 2288 prorsusque

2162 2315 2224 2354 se
2302 2303 2726 2355 consentaneas
2820 2306 3240 2372 protestantur,
3322 2305 3618 2373 serpentis
3685 2307 3819 2374 ejus

2161 2384 2408 2458 argutiis
2464 2390 2520 2441 et
2559 2385 2928 2458 iznposturis,
2987 2387 3086 2457 qui
3146 2386 3206 2442 in
3256 2387 3384 2443 Eva:
3414 2405 3623 2445 aurem
3647 2391 3815 2446 insu-

2162 2473 2436 2532 surravit.

2233 2563 2378 2618 Hinc
2404 2563 2560 2619 enim
2621 2563 2994 2636 perspicuum
3053 2565 3295 2622 omnino
3346 2565 3434 2634 ﬁt,
3476 2583 3664 2640 quam
3701 2569 3826 2625 sint

2161 2652 2378 2708 divinis
2463 2653 2766 2725 praeceptis
2843 2653 3166 2725 obstreperi
3251 2661 3308 2711 et
3386 2655 3826 2729 inobedientes,

2161 2757 2454 2813 quamque
2483 2740 2735 2797 alienam
2767 2743 2842 2798 ab
2879 2742 3173 2814 Ecclesiae,
3217 2749 3504 2816 tanquam
3555 2747 3826 2804 Paradisi

2159 2829 2419 2895 alterius,
2480 2830 2659 2901 septis
2717 2831 2994 2887 insistant
3041 2831 3215 2900 viam,
3265 2850 3445 2905 quam
3477 2837 3729 2906 quidem
3757 2839 3818 2892 in

2161 2919 2422 2976 fraudem
2485 2919 2668 2976 nostri
2728 2921 2957 2991 generis
3005 2927 3290 2992 auctores,
3324 2925 3482 2980 dicto
3515 2929 3818 2998 serpentis

2159 3009 2487 3080 audientes,
2518 3009 2912 3065 incurrerunt.

2833 3144 2994 3201 CAP.
3028 3147 3125 3202 IV.

2293 3267 2504 3334 Quarta
2533 3267 2760 3324 hamatis
2797 3268 3072 3325 Valentini
3103 3274 3202 3325 est.
3235 3271 3312 3326 Ab
3340 3270 3444 3328 hac
3471 3278 3672 3328 autem

2577 3341 2952 3411 resipiscenm
2999 3341 3370 3411 baptizantur.

2221 3464 2519 3536 Egyptius
2535 3465 2767 3522 natione
2781 3465 3124 3524 Valentinus
3139 3469 3275 3540 (it),
3294 3471 3596 3526 Antonino
3615 3473 3802 3540 primo

2153 3553 2498 3624 imperante,
2529 3571 2663 3610 cum
2725 3555 3052 3611 Graecarum
3096 3557 3543 3627 disciplinarum
3579 3562 3813 3626 orbem,

2153 3658 2325 3714 quem
2377 3638 2858 3716 ἐγκυκλοπαιδείαν
2907 3643 3133 3713 dicunt,
3166 3646 3540 3715 absolvisset,
3579 3652 3820 3720 triginta

2154 3733 2316 3797 deos,
2371 3733 2732 3802 totidemque
2802 3734 3015 3790 saecula
3090 3740 3150 3790 et
3222 3735 3399 3792 crnlos
3461 3739 3816 3810 introduxit,

2154 3823 2487 3893 quindecim
2523 3822 2802 3878 nimirum
2848 3823 3164 3890 masculos,
3214 3830 3273 3880 et
3329 3827 3674 3897 quindecim
3739 3831 3812 3885 leo

2158 3914 2366 3978 minas,
2427 3927 2679 3982 quorum
2740 3913 2987 3967 masculi
3048 3930 3116 3969 ex
3171 3914 3414 3970 adverso
3448 3917 3809 3974 feminarum

2152 4005 2394 4056 starent.
2429 4000 2638 4055 Eorum
2695 4000 2932 4056 nomina
2980 4001 3081 4057 ille
3140 4007 3464 4074 percenset,
3515 4008 3818 4062 tametsia

2153 4105 2242 4144 me
2312 4091 2856 4160 praetermittuntur.
2919 4089 3085 4145 Hunc
3162 4107 3334 4162 porro
3420 4095 3810 4152 tricenarium

2153 4180 2393 4234 deorum
2429 4194 2740 4233 numerum
2776 4178 3084 4249 spirituale
3118 4179 3399 4251 pleroma,
3433 4181 3546 4238 hoc
3571 4189 3666 4239 est
3700 4185 3819 4256 ple-

2155 4267 2498 4332 nitudinem,
2553 4278 2711 4322 vocat
2783 4267 3032 4339 Bythum
3096 4285 3228 4324 vero
3294 4272 3488 4340 (quem
3559 4273 3812 4344 triginta

2153 4355 2364 4411 horum
2423 4355 2766 4411 seculorum
2830 4362 3190 4428 propatorem
3253 4375 3354 4414 seu
3417 4376 3594 4416 avum
3651 4359 3820 4425 dicit)

2155 4443 2385 4499 saeculis
2441 4444 2716 4499 omnibus
2773 4443 3132 4500 invisibilem
3192 4451 3248 4501 et
3291 4447 3811 4519 incomprehensi-

2156 4532 2330 4588 bilem
2391 4533 2622 4589 asserit.
2670 4533 2943 4605 Sophiam
3005 4539 3223 4602 autem,
3291 4551 3393 4590 seu
3446 4539 3808 4608 sapientiam

2155 4623 2352 4694 (quam
2413 4621 2637 4676 saeculis
2695 4622 2984 4694 accenset)
3043 4639 3113 4678 ex
3143 4639 3362 4691 amore,
3394 4641 3510 4696 quo
3543 4627 3806 4699 Bythum

2155 4716 2519 4782 propatorem
2556 4712 3037 4782 prosequebatur,
3079 4713 3420 4784 concepisse
3469 4719 3816 4789 subjunxit,

2154 4805 2328 4872 atque
2385 4799 2695 4855 informem
2755 4801 3148 4856 substantiam
3230 4803 3556 4874 peperisse,
3627 4823 3812 4877 quam

2154 4889 2358 4962 Hylen,
2387 4905 2488 4944 seu
2525 4888 2852 4953 materiam,
2880 4888 3166 4947 .nominat
3196 4906 3210 4945 :
3261 4892 3596 4962 cujusmodi
3641 4905 3816 4967 partu

2151 4995 2286 5035 cum
2322 4977 2728 5044 indolesceret,
2762 4977 2836 5032 ad
2872 4983 3234 5049 propatorem
3269 4997 3332 5036 se
3365 4982 3721 5052 contulisse,
3751 4993 3810 5042 et

2151 5067 2291 5140 quid
2327 5083 2501 5139 passa
2529 5071 2702 5135 esset,
2750 5082 2944 5122 coram
2997 5069 3364 5123 renuntiasse
3385 5071 3555 5124 addit
3586 5089 3601 5128 :
3635 5075 3812 5145 eique

2151 5156 2444 5227 supplices
2517 5155 2729 5210 Eonas
2793 5171 3028 5226 quoque
3080 5155 3362 5226 reliquos,
3423 5175 3526 5214 seu
3588 5164 3812 5219 Baecula

2152 5250 2346 5316 presto
2378 5244 2636 5299 adfuisse
2666 5245 3233 5300 commemoratzcui
3271 5263 3403 5301 cum
3445 5252 3812 5319 pepercisset

2151 5333 2392 5405 Bytltus,
2433 5333 2751 5388 terminum
2795 5347 2926 5386 mox
2966 5348 3097 5387 cum
3132 5331 3341 5400 Philin,
3377 5351 3478 5390 seu
3512 5339 3807 5405 amicitia.

2151 5423 2396 5493 conjuge
2423 5423 2751 5488 constituit,
2811 5436 2984 5492 quem
3044 5423 3278 5492 quidem
3323 5425 3644 5482 terminum
3679 5444 3812 5485 cru-

2221 5590 2335 5664 (42)
2355 5589 2505 5648 Iren.
2536 5589 2640 5648 lib.
2672 5607 2710 5662 1,
2743 5605 2868 5660 cap.
2897 5591 2947 5646 1.
