4044 6212
250 442 406 502 1249

1560 432 1869 493 ΤΕΕΞΑΙ]
1883 432 1959 489 BI
2005 430 2153 489 LIB.
2200 428 2299 487 IV.

3505 432 3670 492 1950

244 589 370 629 cem
405 572 687 639 nominat,
719 569 951 642 aliaque
1007 570 1272 627 fabulosa
1320 568 1562 625 nomina
1591 566 1894 638 confingit.
1927 562 2536 631 Aconsummationem
2601 562 2791 618 strauit
2854 561 2920 618 ⁸⁸.
2978 566 3055 617 De
3115 562 3464 642 universatis
3525 564 3666 619 item

248 663 391 717 Hinc
442 659 706 730 subjicit,
761 660 1259 730 quemadmodum
1300 657 1665 729 Unigenitus,
1718 655 1895 710 nimi-

246 768 377 807 rum
431 749 720 815 Christus,
784 754 843 804 et
892 748 1146 821 Spiritus
1201 753 1464 815 sanctus,
1513 745 1757 802 consilio
1790 749 1894 799 Pa-

246 841 352 895 tris
412 841 481 896 ad
516 836 863 895 saeculorum
910 838 1288 893 securitatem
1342 836 1668 907 propositus
1703 833 1894 888 fuerit.

244 929 339 986 Ait
395 929 551 985 enim
583 945 617 983 a
648 926 872 983 Christo
933 926 1146 982 saecula
1195 926 1492 993 didicisse,
1537 925 1691 995 quod
1737 926 1902 977 Pater

245 1013 860 1087 incomprehensibilis
883 1018 1038 1070 esset
1064 1033 1078 1082 ;
1103 1014 1387 1084 Spiritum
1408 1018 1603 1068 autem
1628 1016 1899 1068 sanctum

245 1105 638 1177 aequalitatem
697 1101 928 1158 saeculis
983 1119 1111 1158 esse
1171 1102 1471 1174 largitum.
1518 1103 1662 1156 tium
1703 1105 1900 1156 autem

247 1196 494 1269 quilibet
508 1196 563 1250 in
579 1192 770 1249 mediu
785 1209 838 1247 m
853 1208 1053 1264 quiecu
1067 1208 1236 1263 mque
1251 1192 1641 1262 pulcherrima
1658 1190 1902 1245 habebat

245 1284 611 1349 contulisset,
637 1282 1004 1354 propositum
1032 1281 1475 1345 idcircoZJesum
1500 1281 1702 1345 fuisse,
1727 1294 1899 1350 quem

251 1375 431 1428 Deum
483 1387 717 1446 quoque
766 1371 1153 1438 Servatorem,
1187 1369 1505 1437 Christum,
1549 1374 1607 1425 et
1644 1368 1900 1423 Verbum

245 1462 571 1529 nominant,
643 1476 776 1515 cum
835 1476 951 1531 quo
1005 1459 1225 1532 angeli,
1282 1464 1561 1530 tanquam
1621 1455 1904 1513 satellites

248 1551 462 1607 hastati
492 1549 777 1605 venerint.
828 1548 937 1614 Qui
973 1547 1262 1603 Valentini
1305 1548 1550 1603 haeresin
1582 1550 1901 1612 sectantur,

249 1648 615 1695 mortuorum
674 1636 1190 1702 resurrectionem,
1241 1642 1298 1692 et
1344 1636 1524 1691 Vetus
1564 1636 1900 1690 Testamen-

247 1734 375 1783 tum
419 1727 781 1799 improbant,
812 1732 869 1782 st
926 1727 1189 1799 quamvis
1224 1726 1541 1798 Prophetas
1588 1724 1803 1795 legant,
1837 1739 1905 1777 ea

250 1823 445 1873 tamen
480 1818 773 1871 duntaxat
804 1816 1148 1885 admittunt,
1200 1832 1331 1888 quae
1358 1818 1609 1887 possunt
1637 1812 1903 1868 absolute

248 1907 316 1962 ad
350 1922 518 1962 suam
543 1905 806 1977 ipsorum
839 1905 1083 1960 haeresin
1118 1905 1471 1976 detorqueri.

325 1995 498 2050 Aiunt
525 1995 780 2066 denique
810 1994 1111 2050 Christum
1144 2011 1177 2049 a
1209 1994 1402 2064 seipso
1435 2009 1650 2063 corpus
1681 2008 1911 2047 assum-

254 2084 463 2157 psisse,
495 2089 552 2140 et
585 2100 687 2156 per
719 2085 951 2140 beatam
1008 2083 1335 2156 Virginem,
1375 2099 1488 2138 non
1537 2097 1708 2137 secus
1741 2085 1916 2152 atque

251 2190 353 2244 per
380 2172 668 2240 canalem,
695 2173 1070 2229 transivisse.

585 2306 850 2361 Hareseas
877 2305 1239 2376 praecedentis
1276 2305 1596 2376 confutatio.

339 2435 718 2500 Posteaquam
779 2448 811 2487 a
878 2435 1047 2486 Patre
1109 2430 1398 2486 mendacii
1466 2432 1702 2484 doctore
1758 2428 1921 2482 fabu-

262 2520 421 2575 losae
454 2537 638 2589 nugas
667 2518 1013 2575 Valentinus
1037 2519 1361 2588 didicisset,
1387 2535 1492 2574 sua
1525 2518 1706 2573 solius
1730 2520 1919 2571 aucto-

263 2609 436 2663 ritate
486 2606 772 2679 principia
828 2606 1156 2673 constituit,
1217 2608 1354 2663 deos
1403 2619 1459 2661 et
1517 2607 1728 2661 smculn
1776 2622 1919 2659 con-

267 2696 431 2751 ﬁnxit
487 2695 995 2767 delirantibusque
1047 2694 1384 2750 hominibus
1456 2695 1713 2749 tradidit.
1775 2698 1919 2748 Nam

265 2800 400 2839 cum
457 2784 638 2838 Grmci
707 2783 1051 2854 multorum,
1110 2783 1330 2840 Hebraei
1381 2800 1513 2840 vero
1583 2785 1760 2840 unius
1820 2785 1921 2838 do-

274 2875 558 2928 minatum
596 2873 863 2943 probent,
895 2878 951 2929 et
980 2881 1347 2944 venerentur,
1381 2890 1603 2944 nosque
1637 2875 1776 2929 adeo
1810 2873 1920 2945 ipsi

271 2966 525 3030 Patrem,
580 2960 813 3027 Filium,
846 2967 904 3017 et
961 2962 1243 3034 Spiritum
1305 2968 1574 3018 sanctum
1622 2962 1919 3019 colamus:

271 3049 363 3104 hic
412 3051 667 3106 tricenos
701 3049 862 3117 deos,
904 3051 1157 3106 tricenos
1206 3051 1404 3119 ccelos,
1436 3052 1662 3107 tricena
1711 3050 1924 3106 saecula

268 3139 469 3204 tradit,
545 3140 693 3210 ipsis
751 3144 906 3194 certe
962 3140 1176 3195 Graecis
1234 3139 1293 3194 in
1330 3139 1625 3210 superﬂua
1678 3140 1918 3194 deorum

262 3227 638 3283 multitudine
696 3228 1080 3300 excogitanda
1130 3227 1314 3283 multo
1361 3229 1749 3285 ambitiosior.
1792 3230 1919 3284 Im-

266 3315 473 3387 pnmis
534 3324 727 3371 autem
780 3316 1432 3387 incomprehensibilem
1485 3319 1801 3389 quemdam
1864 3324 1920 3374 et

268 3406 622 3461 invisibilem
683 3406 929 3477 Bythum
991 3404 1334 3461 seculorum
1389 3412 1703 3462 creatorem
1756 3424 1914 3463 com-

267 3501 523 3561 mentus,
570 3512 703 3550 cum
758 3494 1034 3550 nonnulis
1076 3494 1227 3564 aliis,
1282 3512 1412 3565 quas
1459 3500 1685 3551 tantum
1730 3497 1915 3562 abest,

268 3593 326 3640 ut
359 3584 623 3657 dignosci
665 3589 901 3655 queant,
935 3600 1069 3640 cum
1106 3584 1282 3655 digna
1314 3584 1453 3647 sint,
1508 3600 1638 3655 quae
1668 3585 1723 3640 in
1774 3585 1916 3641 obli-

265 3674 458 3729 vionis
492 3671 678 3748 βυθόν,
712 3690 811 3729 seu
859 3674 1337 3746 profunditatem,
1388 3674 1805 3745 demerguntur
1833 3676 1916 3731 sic

266 3763 505 3819 tandem
538 3762 596 3817 in
630 3762 841 3818 Christi
876 3761 1230 3817 mentionem
1263 3761 1448 3818 obiter
1477 3762 1701 3831 incidit,
1732 3779 1917 3833 eaque

265 3853 338 3907 de
369 3851 468 3907 illo
500 3859 717 3917 narrat,
748 3868 875 3922 quae
923 3851 994 3906 ab
1035 3850 1375 3907 orthodoxis
1406 3851 1836 3923 improbantur,
1861 3854 1918 3906 et

267 3958 333 3996 eo
384 3941 622 3995 demum
684 3940 1025 4012 prolabitur,
1076 3944 1142 3995 ut
1190 3940 1678 3996 resurrectionem
1722 3945 1915 4013 neget,

267 4047 374 4085 nec
421 4029 475 4084 id
511 4045 652 4085 sane
705 4029 1016 4085 immerito.
1072 4029 1135 4084 Ei
1168 4028 1347 4098 enim,
1378 4029 1472 4099 qui
1513 4030 1772 4084 veritatis
1823 4029 1918 4083 ad-

265 4118 543 4174 versariis
592 4120 862 4190 dogmata
918 4134 980 4174 se
1025 4117 1463 4189 propositurum
1514 4118 1914 4188 profitebatur,

268 4210 415 4265 fides
446 4208 560 4263 alia
602 4207 728 4279 lege
761 4224 873 4263 non
907 4212 1027 4262 erat
1083 4206 1370 4270 habenba,
1403 4221 1581 4276 quam
1616 4206 1664 4261 si
1715 4223 1915 4261 resur-

268 4300 587 4356 rectionem
640 4300 996 4369 antiquaret,
1055 4301 1113 4352 et
1167 4312 1237 4351 sx
1292 4296 1712 4368 consequentia
1752 4296 1916 4366 judi-

265 4391 423 4446 cium
477 4406 711 4463 quoque
768 4387 1045 4459 reiiceret.
1127 4386 1272 4440 Hinc
1342 4386 1484 4441 adeo
1545 4385 1913 4441 mendacium

264 4479 363 4537 ille
411 4497 585 4536 suum
635 4480 716 4534 ita
746 4477 1094 4550 praestruxit,
1129 4480 1192 4531 ut
1221 4479 1382 4531 extra
1425 4492 1658 4531 omnem
1716 4493 1909 4547 repre-

264 4571 568 4628 hensionis
602 4569 787 4626 aleam
822 4568 1079 4640 positum
1125 4565 1452 4621 videretur:
1510 4581 1615 4621 nec
1648 4565 1912 4634 advertit,

2007 652 2123 707 Deo
2155 651 2275 706 hinc
2306 649 2418 705 alio
2449 651 2508 706 in
2568 650 2695 707 loco
2740 652 2945 707 beatus
2980 636 3132 707 idem
3172 652 3453 708 llavides:
3496 653 3533 707 Α
3567 670 3669 707 ste-

2004 740 2126 795 culo
2174 745 2225 795 el
2280 756 2450 812 usque
2500 741 2562 797 in
2618 741 2878 796 secutum
2925 749 2985 796 tu
3042 757 3096 796 es
3135 741 3201 808 ου,
3256 758 3356 813 pro
3405 759 3469 797 eo
3510 743 3665 813 quod

2008 834 2097 885 est
2124 846 2137 884 :
2172 828 2465 901 Principio
2486 835 2543 885 et
2569 829 2683 885 ﬁne
2705 846 2888 886 cares.
2916 830 3183 896 Proinde,
3211 832 3351 903 quia
3383 832 3664 887 saeculum

2009 917 2383 974 intervallum
2416 919 2712 990 quoddam
2747 919 3061 990 signiﬁcat,
3095 936 3165 974 ne
3213 920 3346 990 quis
3378 920 3554 975 stulte
3584 937 3671 975 ar-

2012 1006 2264 1062 bitretur
2301 1007 2482 1063 Deum
2533 1009 2789 1064 universi
2838 1014 2973 1063 ante
3023 1008 3235 1065 secula
3296 1027 3409 1065 non
3461 1011 3665 1078 fuisse,

2012 1093 2128 1149 alio
2172 1093 2232 1148 in
2282 1095 2511 1151 Psalmo
2559 1096 2710 1151 idem
2753 1095 2848 1151 ille
2899 1097 3186 1167 Propheta
3218 1098 3303 1153 sic
3334 1098 3450 1152 ait:
3485 1100 3676 1153 Exau-

2011 1183 2101 1239 die
2137 1188 2302 1253 Deus,
2347 1190 2399 1240 et
2438 1184 2763 1241 humiliabit
2794 1185 2942 1253 illos,
2994 1187 3090 1256 qui
3126 1193 3209 1241 est
3239 1192 3365 1242 ante
3395 1188 3594 1242 saecula
3631 1188 3668 1243 '.

2012 1273 2297 1336 Quocirca
2346 1274 2446 1345 qui
2510 1275 2787 1343 universi,
2838 1275 2992 1330 idem
3054 1274 3396 1331 saeculorum
3434 1293 3669 1348 quoque

2013 1361 2282 1418 conditor
2342 1369 2453 1431 est,
2515 1380 2630 1419 non
2690 1362 2925 1419 illorum
2989 1363 3225 1434 quidem
3296 1365 3557 1435 turpium
3613 1368 3671 1419 et

2014 1450 2330 1521 copulatim
2379 1453 2783 1515 confictorum,
2840 1455 2937 1508 sed
2992 1470 3219 1519 eorum,
3252 1454 3465 1523 quibus
3499 1454 3676 1508 inter-

2012 1540 2235 1595 vallum
2268 1540 2569 1610 quodlibet
2600 1541 2990 1612 signilicatur.
3021 1544 3146 1607 Qua
3176 1544 3414 1613 quidem
3449 1542 3675 1597 ratione

2016 1627 2219 1682 beatus
2274 1628 2372 1684 ille
2424 1628 2639 1683 Paulus
2699 1630 3032 1690 adducitur.
3094 1635 3158 1685 ut
3199 1630 3424 1686 Patrem
3483 1635 3540 1685 et
3596 1631 3679 1684 Fi-

2015 1714 2159 1770 lium
2207 1717 2555 1772 sucularum
2588 1721 2906 1772 creatorem
2947 1735 3074 1774 esse
3108 1717 3262 1773 dicat
3285 1736 3303 1773 :
3335 1720 3564 1773 Locutus
3595 1728 3678 1775 est

2012 1804 2192 1871 nobis,
2228 1804 2441 1875 inquit,
2479 1806 2539 1861 in
2571 1806 2711 1861 Filio
2741 1821 2901 1876 quem
2932 1808 3217 1861 constituit
3247 1806 3516 1862 hwrcdem
3545 1807 3676 1862 unis

1939 1927 1984 1991 Β
2013 1908 2318 1960 versorum,
2377 1910 2475 1964 per
2531 1910 2690 1964 quem
2746 1896 2878 1963 fecit
2934 1902 2985 1949 et
3042 1895 3250 1950 saecula
3307 1896 3348 1950 ².
3410 1895 3669 1950 Verbum

2022 1998 2217 2053 porro,
2262 1981 2414 2051 fecit,
2450 1981 2794 2036 saeculorum
2851 1983 3241 2037 substantiam
3284 1999 3396 2037 non
3429 1983 3673 2051 indicat,

2022 2074 2124 2127 sed
2189 2072 2583 2127 universitatis
2649 2077 2759 2128 Deo
2805 2074 3199 2144 antiquiorem
3249 2090 3486 2144 prorsus
3544 2091 3675 2129 esse

2023 2161 2339 2216 neminem.
2373 2160 2499 2215 Alio
2549 2161 2686 2216 item
2734 2161 2792 2215 in
2850 2161 2974 2216 loco
3019 2161 3103 2216 sic
3152 2161 3373 2217 habet:
3419 2163 3547 2233 Regi
3573 2177 3676 2219 sw-

2021 2251 2273 2306 culorum
2302 2251 2640 2317 immortali,
2703 2249 3009 2318 invisibili,
3058 2251 3165 2307 soli
3214 2252 3340 2315 Deo,
3400 2251 3572 2307 honor
3627 2254 3683 2305 et

2023 2341 2229 2410 gloria,
2268 2340 2322 2394 in
2376 2339 2582 2396 arcula
2629 2341 2981 2397 saculorum.
3023 2341 3191 2395 Amen
3220 2338 3260 2396 ³.
3298 2339 3423 2395 Non
3476 2345 3539 2394 ut
3568 2358 3682 2395 sa:-

2026 2434 2159 2485 cula
2214 2430 2498 2501 quaepiam
2560 2429 2854 2498 ostendat,
2918 2446 3047 2501 qua:
3079 2446 3178 2499 per
3209 2446 3271 2485 se
3326 2429 3687 2517 subsistant,

2028 2520 2224 2573 suisve
2254 2519 2517 2574 nitantur
2571 2519 2819 2584 viribus,
2853 2520 2950 2573 sed
2997 2535 3247 2590 perenne
3296 2519 3397 2576 Dei
3430 2537 3672 2591 regnum

2027 2607 2316 2677 praedicet.
2360 2609 2516 2663 ldem
2564 2608 2875 2678 Apostolus
2909 2608 3045 2663 alibi
3079 2609 3161 2665 sic
3181 2610 3299 2664 ait:
3332 2609 3678 2679 Sapientiam

2025 2704 2207 2751 autem
2241 2697 2518 2769 loquimur
2544 2698 2698 2753 inter
2726 2699 3025 2768 perfectos:
3058 2699 3391 2769 sapientiam
3413 2715 3540 2755 vero
3570 2715 3678 2754 non

2026 2787 2223 2844 saeculi
2240 2788 2621 2860 hujus,neque
2638 2790 2954 2859 principum
2979 2788 3185 2845 saeculi
3213 2788 3376 2861 hujus
3404 2790 3501 2860 qui
3527 2789 3680 2844 dese-

2027 2882 2256 2941 runtur,
2279 2876 2369 2932 sed
2392 2877 2673 2947 loquimur
2691 2878 2789 2933 Dei
2802 2876 3142 2948 sapientiam
3168 2877 3226 2933 in
3248 2879 3529 2949 mysterio,
3554 2892 3683 2948 qua:

2026 2965 2350 3020 abscondita
2368 2969 2467 3031 est,
2487 2981 2650 3035 quam
2663 2967 3080 3036 praedestinavit
3108 2968 3247 3021 Deus
3269 2972 3398 3022 ante
3415 2966 3617 3022 saecula
3640 2966 3681 3020 ⁸.

2098 3056 2231 3110 Jam
2289 3072 2446 3120 vero,
2482 3056 2532 3110 si
2581 3057 2775 3111 carnis
2825 3061 3143 3128 assumpta
3194 3056 3535 3124 mysterium
3586 3074 3685 3111 sa:-

2030 3146 2199 3214 culis,
2253 3154 2315 3201 ut
2369 3147 2565 3203 divina
2604 3152 2896 3203 testantur
2933 3147 3190 3215 oracula,
3239 3146 3540 3217 antiquius
3571 3152 3679 3212 est,

2029 3241 2347 3291 extremam
2379 3236 2434 3291 id
2486 3235 2847 3308 impietatem
2883 3237 3096 3308 arguit,
3156 3236 3202 3291 si
3246 3235 3377 3309 quis
3430 3235 3685 3290 universi

2029 3324 2212 3380 Deum
2247 3324 2478 3381 saeculis
2502 3324 2803 3395 juniorem
2838 3326 2993 3380 dicat
3066 3324 3249 3380 Isaias
3280 3339 3513 3395 quoque
3548 3340 3685 3394 pro-

2029 3413 2202 3484 pheta
2253 3414 2337 3468 sic
2386 3413 2671 3469 exclamat
2718 3430 2732 3469 :
2784 3414 2926 3469 Deus
2979 3417 3350 3484 sempiternus
3398 3414 3686 3479 Dominus,

2027 3504 2122 3572 qui
2164 3501 2370 3557 creavit
2421 3504 2688 3558 terminos
2728 3508 2895 3559 terrm
2929 3502 2972 3558 ⁵.
3025 3501 3211 3557 Item:
3254 3503 3294 3556 Α
3324 3502 3530 3558 saeculo
3579 3517 3690 3557 non

2027 3590 2364 3657 audivimus,
2396 3607 2494 3646 nec
2544 3593 2692 3647 oculi
2720 3594 2899 3647 nostri
2942 3592 3197 3647 viderunt
3232 3594 3422 3656 Deum,
3474 3594 3689 3657 praeter

2027 3689 2077 3735 te
2122 3678 2165 3735 ⁸.
2221 3684 2369 3736 Deus
2414 3680 2594 3752 igitur
2641 3680 2924 3736 universae
2973 3684 3192 3734 natura;
3253 3678 3521 3733 conditor
3594 3682 3687 3731 est

2028 3773 2161 3824 ante
2239 3767 2474 3836 saecula,
2552 3769 2670 3824 imo
2745 3767 3012 3825 extremis
3082 3768 3252 3821 etiam
3314 3764 3683 3836 temporibus

2029 3863 2239 3914 nostrae
2298 3858 2529 3913 salutis.
2583 3862 2729 3929 Ergo
2780 3874 2898 3913 una
2946 3873 3014 3911 ex
3044 3853 3345 3910 Trinitatis
3390 3854 3679 3924 personis,

2028 3946 2370 4017 unigenitus
2406 3945 2687 4000 nimirum
2741 3946 2924 3999 Patris
2953 3948 3177 4011 Sermo,
3210 3958 3344 3996 cum
3394 3958 3456 3997 ex
3501 3942 3679 4012 virgi-

2029 4034 2154 4088 neis
2186 4033 2580 4104 sanguinibus
2615 4030 3042 4107 sibiltemplum
3095 4030 3533 4097 exediﬁcasset,
3566 4029 3681 4083 du-

2028 4121 2238 4193 plicem
2273 4125 2569 4190 naturam,
2630 4136 2746 4175 non
2795 4124 2987 4174 autem
3049 4118 3413 4191 hypostasin,
3466 4119 3684 4174 habere

2024 4210 2188 4266 visus
2238 4214 2344 4265 est.
2405 4214 2702 4281 Carneque
2746 4207 2990 4263 indutus
3040 4224 3107 4263 ex
3161 4224 3393 4279 semper
3443 4208 3688 4279 virginis

2028 4302 2193 4354 utero
2227 4297 2422 4353 Mariae
2458 4298 2776 4370 processit:
2809 4312 2923 4352 non
2958 4302 3151 4351 autem
3203 4312 3301 4368 per
3332 4296 3515 4361 illam,
3548 4302 3681 4352 tan-

2026 4403 2205 4459 quam
2267 4403 2367 4457 per
2435 4384 2697 4442 canalem
2758 4385 3045 4453 transivit,
3108 4391 3173 4439 ut
3238 4385 3469 4456 impuro
3544 4386 3682 4439 huic

2026 4476 2337 4532 Valentino
2388 4476 2579 4531 visum
2628 4479 2737 4542 est,
2797 4474 3024 4530 cceleste
3073 4491 3273 4529 secum
3334 4492 3545 4545 corpus
3586 4476 3682 4529 de-

2028 4566 2241 4634 ferens,
2275 4564 2380 4621 sed
2436 4564 2595 4620 nuda
2625 4580 2760 4619 cum
2810 4563 3026 4620 deitate
3075 4561 3225 4618 illam
3260 4564 3523 4633 subiens,
3556 4579 3684 4634 pro-

265 4660 429 4732 (quia
475 4658 754 4715 nimirum
809 4656 1115 4730 lymphata
1145 4662 1335 4710 mente
1394 4655 1730 4725 ferebatur,)
1764 4656 1917 4726 quod
1949 4654 1993 4717 D
2027 4661 2093 4712 ut
2125 4655 2340 4712 Paulus
2399 4656 2525 4728 ipse
2576 4671 2810 4728 quoque
2850 4656 3014 4711 docet
3074 4656 3365 4728 apertius:
3403 4656 3507 4723 Qui
3549 4672 3682 4709 san-

266 4748 546 4805 saaculum
608 4744 770 4802 nulla
826 4744 1154 4801 substantia
1203 4742 1297 4809 sit,
1346 4759 1471 4813 quas
1502 4758 1605 4814 per
1634 4759 1696 4798 se
1725 4744 1915 4798 subsi-

262 4842 416 4894 stere
465 4846 662 4910 queat,
714 4836 813 4891 sed
869 4834 1240 4889 intervallum
1290 4831 1584 4903 quoddam
1634 4832 1914 4905 temporis

262 4927 455 4998 index,
505 4926 651 4981 alias
699 4925 939 4996 quidem
992 4920 1290 4991 immensi,
1353 4937 1484 4977 cum
1539 4922 1610 4977 de
1645 4923 1756 4977 Deo
1807 4922 1913 4977 sci-

262 5013 398 5071 licet
427 5014 843 5070 ennuntiatur:
876 5011 1024 5067 alias
1072 5018 1291 5076 contra,
1334 5010 1490 5081 quod
1523 5026 1654 5065 cum
1706 5011 1911 5065 mundi

263 5104 520 5160 fabrica:
574 5104 719 5160 alias
770 5101 1046 5173 denique,
1098 5101 1253 5172 quod
1302 5116 1436 5155 cum
1496 5100 1753 5155 humana
1800 5100 1914 5157 vita

261 5190 795 5250 commensurabils
825 5190 923 5246 sit.
954 5190 1034 5245 De
1083 5190 1155 5244 iis
1205 5188 1359 5243 enim
1393 5187 1626 5243 divinus
1686 5187 1781 5244 ille
1813 5193 1915 5245 Da-

262 5283 422 5339 vidss
453 5283 533 5337 ita
565 5281 865 5353 loquitur:
899 5278 1178 5336 Secutum
1222 5280 1471 5332 nostrum
1520 5279 1579 5332 in
1622 5276 1914 5333 illumina-

263 5372 411 5427 tione
465 5370 653 5427 vultus
698 5371 782 5425 tui
820 5370 881 5422 9".
944 5368 1023 5423 De
1080 5366 1281 5422 mundi
1346 5382 1512 5436 porro
1564 5366 1781 5421 fabrica
1831 5367 1911 5420 sic

263 5461 549 5520 Dominus
581 5461 775 5532 inquit
810 5476 823 5515 :
858 5460 992 5514 Ecce
1041 5473 1136 5529 ego
1168 5456 1437 5511 vobiscum
1486 5470 1606 5509 sum
1646 5470 1814 5525 usque
1844 5454 1913 5510 ad

333 5641 378 5678 ’7
412 5639 558 5698 Psal.
608 5654 831 5703 antx,
862 5638 917 5703 8,
1062 5633 1108 5668 ’⁸
1150 5632 1353 5703 Matth.
1383 5646 1579 5699 xxvm,
1620 5634 1710 5688 20.

1860 5634 1906 5670 ’θ
1952 5634 2104 5691 Psal.
2148 5653 2371 5703 LXXXIX,
2413 5638 2467 5691 9.

2022 4747 2248 4816 ctiﬁcat,
2281 4756 2333 4803 et
2362 4745 2460 4819 qui
2503 4747 2948 4817 sanctiﬁcantur,
2982 4761 3051 4802 ex
3081 4762 3191 4801 uno
3221 4761 3404 4801 omnes
3426 4764 3444 4800 :
3475 4762 3680 4818 quam-

2023 4838 2208 4893 obrem
2236 4853 2348 4893 non
2391 4836 2662 4893 erubescit
2712 4837 2916 4907 fratres
2945 4852 3032 4892 eos
3062 4836 3349 4907 appellere
3373 4837 3391 4869 ⁷
3428 4854 3440 4890 :
3487 4852 3676 4905 quan-

2023 4926 2335 4998 doquidem
2367 4927 2426 4981 in
2477 4926 2620 4982 coelo
2656 4925 2801 4981 nihil
2841 4929 2931 4981 est
2972 4925 3246 4980 humanas
3301 4924 3680 4993 conditionis,

2022 5032 2127 5071 nec
2182 5015 2241 5070 in
2272 5016 2390 5071 vita
2421 5014 2542 5083 illa,
2574 5030 2698 5084 qua:
2732 5029 2914 5085 supra
2968 5014 3328 5068 mundanam
3364 5012 3514 5067 hanc
3543 5013 3681 5067 sub-

2022 5105 2411 5176 lunaremque
2457 5104 2712 5175 degitur,
2764 5104 2865 5159 ubi
2924 5102 3049 5156 vitii
3102 5102 3307 5157 morbo
3367 5100 3529 5155 locus
3572 5106 3684 5157 est.

2028 5192 2129 5248 Ubi
2165 5209 2303 5264 ergo
2352 5192 2489 5247 mali
2542 5191 2689 5247 nihil
2748 5196 2857 5259 est,
2917 5189 3196 5261 nullaque
3226 5188 3355 5243 vita:
3410 5188 3687 5244 bumame‘

2024 5282 2283 5337 conditio
2314 5281 2541 5348 visitur,
2577 5280 2677 5351 qui
2725 5280 2869 5348 lieri,
2905 5295 3121 5350 quaeso,
3182 5277 3436 5348 potuisse
3493 5279 3684 5334 credi-

2023 5370 2138 5425 bile
2199 5376 2308 5437 est,
2372 5374 2434 5425 ut
2509 5370 2644 5424 inde
2698 5369 2806 5425 sibi
2869 5385 3080 5435 corpus
3143 5368 3466 5422 humanum
3526 5368 3681 5424 Deus

2024 5459 2349 5513 asciuerit?
2397 5473 2663 5530 quaenam
2720 5456 2893 5512 etiam
2948 5463 3168 5511 natura!
3213 5462 3428 5533 nostrae
3476 5472 3678 5512 emen-

2618 5640 2632 5673 ¹
2678 5636 2829 5693 Psal.
2873 5652 2983 5704 LIV,
3022 5635 3111 5690 20.
3261 5637 3282 5670 ³
3315 5637 3485 5693 Hebr
3532 5653 3569 5704 ι,
3625 5638 3678 5689 2.

268 5720 290 5769 1
326 5714 475 5770 Tim.
510 5726 551 5780 1,
588 5712 672 5768 l7.
748 5708 771 5742 ⁴
796 5702 825 5765 l
850 5709 978 5766 Cor.
1012 5721 1074 5774 ll,
1106 5706 1238 5773 7,8.
1315 5702 1339 5735 ⁵
1371 5703 1481 5760 lsa.
1517 5720 1607 5771 XL,
1634 5706 1723 5760 28.
1803 5707 1824 5741 ⁶
1856 5712 1910 5764 Is

2023 5724 2129 5774 ειν,
2159 5710 2247 5764 2t.
2330 5702 2554 5765 7’Hebr.
2610 5726 2672 5779 ll,
2703 5711 2788 5766 11.
