4066 6208
368 437 519 500 1251

1669 423 1979 486 NICE’l‘E
2018 420 2436 486 ΟΗΟΝΙΑΤΑΞ

3627 419 3784 485 1252

364 569 520 629 datio
579 563 938 642 expectanda
995 558 1220 630 fuisset,
1271 555 1320 615 si
1381 573 1510 615 cum
1572 563 1840 614 terrestre
1889 555 2011 612 ani-
2039 559 2092 625 Α
2119 558 2177 612 in
2211 553 2455 612 Abrahae
2489 555 2872 642 tabernaculo
2905 557 3181 629 sumptus
3230 560 3341 622 est,
3377 555 3428 611 is
3469 573 3605 613 vero
3634 559 3790 613 sciat

368 661 485 717 mal
511 657 673 732 gravi
705 653 906 711 morbo
938 649 1249 716 laboraret,
1281 645 1440 705 aliud
1475 666 1508 703 a
1537 644 1870 704 coelestibus
1919 643 2008 700 di-

365 763 715 818 versumque
731 743 982 798 divinam
1003 735 1159 796 illam
1176 756 1299 794 com
1311 737 1640 794 mistionem
1660 731 1973 808 recepisset
1986 734 2016 788 ‘I

369 839 510 896 Nam
564 838 698 909 quis
750 835 1030 903 aegrotum
1085 845 1294 887 sanare
1339 827 1533 900 queat,
1581 825 1694 883 nisi
1754 828 2012 882 membro

369 927 520 984 male
568 925 772 980 uil'ecto
833 919 1312 993 peraccommoda
1367 914 1592 972 medela
1637 913 1960 989 applicetur
1989 913 2018 968 ‘l

366 1019 496 1072 Jam
540 1015 587 1069 si
619 1017 902 1084 aegrotum
952 1007 1009 1063 in
1057 1005 1225 1063 terris
1272 1009 1536 1078 agentem
1589 1005 1772 1060 virtus
1821 1001 2014 1058 divina

372 1104 697 1178 pertingere
730 1117 842 1156 non
903 1097 1209 1171 potuisset,
1245 1093 1466 1150 homini
1513 1097 1666 1149 certe
1706 1089 1848 1146 nihil
1883 1109 2016 1163 pro—

371 1193 581 1250 fuisset
603 1192 756 1246 circa
773 1205 840 1244 ea
871 1185 1163 1257 occupari,
1188 1201 1318 1255 quae
1352 1200 1421 1238 ne
1455 1181 1748 1237 tantillum
1781 1180 2014 1250 quidem

371 1282 578 1338 divina:
611 1275 842 1334 virtutis
877 1275 1247 1348 impertitura
1293 1275 1478 1327 erant.
1514 1273 1812 1326 Certcrum
1846 1269 1884 1324 ii
1919 1267 2017 1340 qui

374 1376 642 1429 naturam
705 1370 960 1423 nostram
991 1362 1383 1419 conviciorum
1435 1359 1730 1431 plaustris,
1767 1359 1823 1414 et
1864 1357 2021 1412 velut

371 1478 402 1517 e
433 1455 754 1532 proscenio,
791 1454 1070 1519 lacerant,
1118 1450 1553 1521 nativitatisque
1602 1445 1886 1504 rationem
1922 1463 2018 1502 ca-

365 1547 750 1611 lumniantur,
802 1542 911 1598 hoc
991 1545 1100 1596 Deo
1162 1539 1500 1595 indecorum
1554 1535 1731 1592 fuisse
1784 1534 1913 1602 rati,
1963 1539 2021 1590 ut

369 1638 570 1694 eodem
605 1635 774 1690 modo
807 1648 920 1704 quo
951 1630 1203 1686 solemus
1239 1629 1361 1700 ipse
1394 1643 1626 1700 quoque
1660 1630 2020 1694 nasceretur,

369 1730 426 1783 et
468 1727 526 1780 in
583 1725 748 1779 terris
803 1725 1148 1786 versaretur,
1197 1718 1385 1772 sciant
1423 1715 1574 1788 apud
1628 1717 1809 1770 Deum
1858 1723 2022 1784 turpe

371 1813 515 1871 nihil
556 1809 794 1869 haberi:
845 1808 983 1863 vitio
1029 1807 1310 1862 dunxatat
1358 1809 1613 1874 excepto,
1671 1807 1728 1859 et
1777 1804 1826 1860 si
1878 1799 2020 1875 quid

2118 659 2181 701 se
2211 663 2245 701 a
2276 653 2433 702 recta
2463 645 2690 702 ratione
2714 641 2888 717 longe
2915 645 3204 702 aberrare.
3233 645 3594 716 Hujusmodi
3621 649 3788 702 enim

2120 733 2339 790 cibaria
2383 735 2730 791 videbantur
2789 735 2902 791 alio
2961 731 3221 806 quodam
3284 737 3458 790 modo
3518 736 3788 804 absumi,

2121 825 2222 897 qui
2255 825 2326 892 ei,
2364 841 2398 881 a
2427 841 2544 897 quo
2577 825 2894 898 absumpta
2927 828 3090 891 sunt,
3145 823 3483 896 incognitus
3517 841 3638 881 non
3669 831 3788 882 est.

2122 915 2282 982 Quod
2318 914 2367 970 si
2418 914 2552 987 quis
2585 913 2762 969 stulte
2825 913 3231 986 incorporeum
3291 915 3568 969 naturam
3621 911 3790 970 hisce

2123 1019 2290 1059 usam
2352 1001 2584 1070 inferat,
2641 999 2760 1058 illic
2820 1007 2974 1057 certe
3050 1017 3239 1073 neque
3300 1005 3518 1058 famem
3589 1017 3787 1074 neque

2123 1089 2281 1146 sitim
2314 1091 2592 1158 inveniat,
2639 1090 2731 1146 hic
2781 1105 2914 1146 vero
2962 1091 3310 1146 necessitate
3351 1087 3697 1147 affectiones
3730 1093 3788 1145 et

2123 1179 2418 1254 appetitus
2466 1177 2880 1251 hujuscemodi
2931 1179 3403 1244 concitabantur,
3453 1195 3572 1235 non
3627 1179 3786 1252 quod

2124 1267 2398 1326 divinitas
2443 1267 2752 1338 conjuncta
2789 1281 3000 1340 corpus
3029 1265 3128 1322 tali
3151 1268 3224 1322 ab
3242 1273 3502 1340 egestate
3521 1284 3790 1324 asserere

2126 1375 2239 1415 non
2275 1359 2475 1431 posset
2526 1355 2645 1432 (qui
2678 1357 2835 1414 enim
2886 1355 3061 1430 paulo
3112 1361 3240 1428 post
3283 1355 3640 1430 corporibus
3675 1358 3790 1412 im-

2129 1446 2538 1504 mortalitatem
2605 1445 2854 1518 largitus
2913 1449 3020 1514 est,
3081 1461 3262 1501 suum
3322 1443 3510 1518 ipsius
3564 1461 3789 1519 corpus

2127 1533 2313 1592 multo
2347 1531 2576 1592 facilius
2597 1535 2668 1591 ab
2685 1534 3114 1606 omniegestate
3129 1533 3532 1604 vindicasset),
3552 1535 3657 1592 sed
3683 1536 3792 1592 hoc

2125 1625 2207 1680 illi
2240 1626 2554 1690 concessit,
2596 1629 2660 1680 ut
2718 1623 3014 1695 propriam
3071 1628 3345 1679 naturam
3405 1623 3789 1696 perspicuam

2130 1711 2360 1771 faceret.
2415 1709 2662 1769 Proinde
2731 1715 3020 1784 quotquot
3083 1713 3335 1770 haereses
3394 1711 3506 1769 hoc
3559 1715 3635 1769 ab
3688 1715 3792 1770 illo

2127 1807 2494 1874 assumptum
2540 1805 2846 1874 negarunt,
2883 1801 3178 1856 manifesti
3215 1786 3504 1858 mendacii
3539 1802 3788 1858 convin-

367 1905 439 1960 ad
471 1903 672 1958 vitium
737 1898 996 1972 proxime
1047 1893 1285 1951 accedit.
1343 1889 1570 1951 Naturae
1605 1909 1774 1964 porro
1807 1895 2016 1947 nostrae
2051 1903 2096 1971 Β
2127 1896 2360 1946 cuntur.
2397 1889 2901 1954 Quemadmodum
2948 1888 3106 1946 enim
3141 1887 3259 1957 ille,
3293 1891 3536 1946 tametsi
3569 1907 3792 1962 corpus

367 1991 547 2049 series
587 1989 659 2045 ad
701 1984 880 2042 divini
923 1993 1099 2040 nutus
1142 1983 1451 2038 arbitrium
1512 1981 1819 2054 legemque
1866 1985 2018 2036 tem-

369 2085 604 2154 peratur
655 2077 828 2147 longe
894 2074 1082 2128 aliena
1113 2090 1144 2127 a
1183 2071 1480 2128 calumnia
1510 2067 1632 2139 illa,
1663 2069 1757 2125 cui
1811 2069 2020 2124 vitium

367 2165 682 2225 obnoxium
723 2180 851 2220 esse
898 2160 1064 2218 solet.
1108 2160 1341 2232 Alioqui
1373 2159 1422 2214 si
1472 2155 1611 2230 quid
1659 2157 1719 2213 in
1749 2157 2019 2213 humanis

371 2264 591 2314 natura:
623 2252 839 2311 fabrica
888 2249 1438 2322 deprehenderetur,
1471 2248 1620 2320 quod
1664 2263 1778 2318 prie
1835 2246 2022 2318 turpi-

374 2347 573 2404 tudine
603 2348 660 2399 et
691 2340 1021 2398 indecentia
1051 2337 1192 2394 satis
1223 2339 1414 2394 tutum
1445 2355 1477 2392 a
1525 2331 1831 2392 calumniae
1861 2352 2016 2391 mor-

374 2436 538 2492 sibus
591 2450 706 2490 non
757 2433 933 2501 esset,
988 2428 1045 2483 in
1106 2430 1423 2484 creatorem
1483 2429 1636 2482 certe
1697 2425 1870 2497 culpa
1926 2439 2016 2480 re-

373 2525 447 2579 du
459 2525 682 2578 ndaret.

440 2611 685 2668 Proinde
752 2623 882 2664 cum
938 2605 996 2662 in
1029 2605 1324 2662 nativitate
1373 2603 1588 2659 Christi
1633 2607 1832 2658 caetera
1866 2599 2016 2656 mira

369 2700 608 2767 iuerint,
660 2713 841 2769 eaque
907 2693 1072 2765 adeo,
1130 2709 1258 2767 quis
1313 2699 1498 2749 Deum
1559 2689 2010 2763 hauiqnaquam

369 2789 734 2855 dedecerent,
793 2786 877 2856 (ut
907 2785 1101 2840 carnis
1151 2783 1378 2854 absque
1426 2781 1648 2838 semine
1689 2775 2006 2852 generatio,

371 2891 681 2952 processus
735 2875 958 2946 absque
1023 2872 1434 2943 corruptione:
1482 2871 1544 2925 ut
1590 2867 1793 2925 eadem
1828 2867 2010 2937 virgo,

367 2985 496 3040 quae
551 2971 774 3022 mater:
807 2963 962 3034 quod
994 2959 1195 3017 eadem
1240 2963 1442 3024 matur,
1475 2976 1601 3030 quas
1632 2959 1814 3030 virgo,
1865 2955 2012 3013 citra

370 3055 551 3112 ullam
601 3049 948 3124 virginitatis
1002 3049 1058 3105 in
1113 3055 1284 3119 partu
1330 3049 1646 3119 jacturam,
1691 3045 1898 3102 inerit:
1949 3053 2012 3100 ut

366 3145 517 3201 Deus
533 3157 766 3198 carnem
791 3139 865 3194 hu
879 3155 1107 3194 manam
1127 3139 1183 3192 in
1202 3138 1460 3192 essentia
1479 3133 1792 3209 personali,
1815 3151 1928 3189 non
1951 3135 2005 3189 in

366 3248 614 3305 persona
634 3227 926 3286 essentiali
956 3243 1154 3284 assum
1169 3225 1372 3298 pserit:
1401 3230 1466 3281 ut
1497 3229 1652 3281 totus
1688 3239 1920 3295 semper
1946 3223 2000 3277 in
2037 3249 2080 3315 C

365 3326 533 3378 Patre
560 3333 822 3386 manens,
845 3321 1114 3386 totusque
1139 3321 1346 3371 natura
1368 3319 1520 3370 Deus
1541 3313 1816 3379 existens,
1836 3313 2004 3368 homo

367 3425 600 3483 quoque
633 3412 842 3462 natura
865 3409 1024 3460 totus
1055 3404 1380 3460 exstiterit:
1417 3407 1482 3458 ut
1514 3418 1699 3474 neque
1731 3401 2008 3469 divinam,

367 3514 555 3570 neque
589 3497 909 3551 humanam
939 3491 1268 3548 detrectarit
1302 3493 1596 3558 naturam,
1629 3489 1732 3545 sed
1754 3505 1851 3545 eas
1883 3507 2014 3546 con-

368 3589 494 3645 fuse
519 3581 992 3652 commistimque
1015 3581 1357 3650 conjunctas
1384 3579 1742 3649 servaverit),
1767 3581 1890 3634 tum
1915 3595 2010 3635 ve-

367 3693 430 3734 ro
465 3675 551 3733 vel
587 3671 838 3731 maxime
865 3669 1070 3727 eodem
1095 3685 1334 3743 prorsus
1368 3666 1560 3735 modo,
1586 3684 1700 3739 quo
1725 3670 1885 3725 nasci
1918 3685 2009 3724 so-

365 3765 574 3833 lemus,
608 3763 704 3818 ille
737 3774 967 3834 quoque
1001 3764 1174 3815 natus
1209 3762 1298 3814 est
1335 3773 1401 3812 ex
1435 3751 1691 3830 Virgine,
1739 3771 1844 3811 nec
1879 3755 2010 3811 inde

364 3855 690 3928 quidquam
724 3845 1034 3918 contraxit,
1067 3847 1222 3922 quod
1257 3845 1356 3903 Dei
1389 3843 1748 3918 generationi
1780 3849 1878 3900 aut
1930 3845 2012 3900 in-

365 3947 640 4002 decorum
690 3947 790 3998 aut
839 3937 1281 4012 dissentaneum
1342 3939 1516 3992 esset.
1570 3933 1716 3993 Nam
1749 3933 1799 3990 si
1844 3933 2008 4004 rubo,

373 4031 557 4090 sterili
609 4032 821 4104 planta
853 4045 981 4087 sese
1020 4025 1322 4100 applicuit,
1368 4025 1618 4096 ejusque
1649 4021 2008 4079 adminiculo

367 4140 498 4180 cum
561 4123 718 4180 Mose
773 4119 1096 4179 collocutus
1153 4119 1262 4184 est,
1323 4114 1472 4170 nihil
1533 4115 1686 4170 certe
1745 4111 1859 4168 Deo
1918 4109 2006 4166 in-

367 4215 614 4285 dignum
684 4212 836 4280 fecit,
891 4211 939 4265 si
999 4221 1236 4264 summa
1295 4220 1398 4260 sua
1454 4201 1712 4260 bonitate
1767 4217 2008 4258 manum

365 4319 606 4360 suarum
643 4301 988 4373 ﬁgmentum
1032 4295 1392 4362 inhabitans,
1448 4292 1620 4348 hocce
1672 4295 1836 4364 pacto
1896 4305 2009 4346 non

365 4399 597 4466 gentem
660 4407 862 4458 unam,
917 4400 1165 4458 eamque
1221 4383 1532 4450 modicam,
1587 4383 1656 4438 ab
1713 4381 2007 4455 Egyptio-

364 4499 492 4538 rum
529 4497 704 4536 manu
757 4477 1044 4542 liberavit,
1093 4475 1194 4532 sed
1230 4472 1518 4529 mundum
1571 4471 1900 4527 universum
1937 4471 2007 4527 ad

364 4577 683 4629 creatorem
725 4565 899 4622 Deum
934 4562 1300 4626 converterit,
1325 4565 1382 4616 et
1413 4575 1446 4616 a
1467 4560 1800 4617 daemonum
1827 4559 2009 4616 domi-

370 4660 466 4716 nio
498 4655 834 4714 asseruerlt.

436 4746 567 4802 Jam
599 4744 799 4800 divina
825 4740 1227 4797 incarnatione
1259 4734 1365 4792 hoc
1392 4737 1562 4792 modo
1589 4737 2007 4804 demonstrata,

366 4852 491 4908 age,
525 4834 857 4890 divinorum
911 4825 1281 4884 oraculorum
1341 4823 1699 4880 testimoniis
1757 4825 1906 4895 freti,
1940 4827 2010 4882 ab

363 4928 671 4984 incarnato
708 4921 803 4978 Dei
836 4917 1026 4975 Verbo
1051 4933 1261 4990 corpus
1293 4916 1613 4971 humanum
1637 4921 2010 4989 assumptum

366 5017 552 5074 fuisse
610 5011 1106 5071 demonstremus.
1166 5009 1247 5060 Ac
1298 5001 1551 5078 primum
1604 5004 1837 5076 quidem
1888 5023 2014 5063 cor-

364 5109 523 5182 poris
576 5099 938 5162 incunabula
988 5099 1058 5154 ad
1113 5095 1479 5153 divinitatem
1533 5095 1784 5152 maxime
1843 5097 2013 5170 perti-

363 5181 602 5253 nebant.
676 5189 894 5248 Deinde
959 5187 1233 5259 butyrum
1301 5189 1359 5240 et
1444 5181 1582 5251 mel,
1649 5183 1800 5254 quod
1883 5185 2016 5240 Pro-

366 5282 538 5354 pheta
593 5283 763 5354 ionge
827 5281 962 5334 ante
1032 5273 1316 5346 praedicit,
1378 5285 1600 5328 necnon
1680 5275 2014 5329 maternum

366 5371 473 5436 lac,
530 5374 587 5425 et
645 5367 859 5441 qumvis
907 5364 1020 5420 alia
1077 5362 1190 5418 cibi
1255 5361 1547 5434 potusque
1595 5360 1839 5431 species,
1892 5378 2014 5431 vas,

365 5471 480 5526 quo
509 5457 933 5527 exciperentur,
959 5453 1017 5508 in
1045 5449 1144 5506 illo
1176 5450 1354 5506 fuisse
1383 5449 1525 5505 satis
1557 5453 1832 5520 arguunt.

437 5544 599 5608 Quod
632 5544 680 5598 si
726 5545 922 5598 fatuus
952 5540 1086 5614 quis
1128 5539 1330 5594 cibum
1379 5536 1544 5594 illum
1597 5537 1856 5608 objiciet,
1913 5542 2015 5612 qui

437 5664 668 5738 “Agebr.
706 5665 892 5738 ii,__ili.
965 5663 990 5696 θ
1019 5663 1358 5738 ρθηη-ι-ωξ,
1392 5662 1479 5718 11.
1559 5662 1778 5738 ξομεοι).
1829 5679 1886 5732 x,
1918 5664 1987 5724 l9
2026 5682 2188 5738 seqq.

365 5755 424 5810 v,
453 5735 547 5792 20.
625 5732 672 5768 ¹⁴
703 5732 904 5788 ITim.
929 5748 994 5798 ιι,
1023 5733 1079 5785 5.
1161 5731 1207 5767 ιε
1233 5734 1258 5786 Ι
1283 5735 1410 5788 Cor.
1439 5747 1535 5800 xv,
1561 5732 1652 5790 21.

2124 1997 2153 2034 a
2191 1983 2375 2034 morte
2425 1979 2688 2034 immune
2734 1977 2978 2034 reddere
3028 1983 3254 2050 poterat
3300 1979 3461 2050 (nam
3499 1981 3676 2036 tertio
3730 1982 3789 2036 id

2123 2085 2157 2124 a
2217 2072 2399 2124 morte
2455 2067 2547 2123 die
2594 2067 2886 2138 praestitit)
2933 2068 3192 2138 passioni
3243 2073 3444 2124 tamen
3489 2074 3550 2124 et
3611 2068 3790 2125 morti

2123 2157 2386 2227 objectit,
2419 2162 2486 2213 ut
2518 2156 2940 2213 incarnationis
2987 2155 3332 2230 mysterium
3385 2157 3782 2230 adimpleret:

2123 2248 2206 2302 ita
2260 2247 2438 2302 etiam
2473 2247 2615 2303 fami
2645 2246 2824 2315 idem,
2874 2247 2974 2303 siti
3033 2247 3221 2304 labori
3266 2252 3326 2304 et
3370 2263 3585 2305 somno
3613 2265 3786 2321 expo-

2123 2337 2263 2407 suit,
2297 2352 2368 2390 ne
2400 2335 2520 2391 ulla
2551 2337 2842 2391 mendacii
2873 2335 3334 2392 constabiliendi
3388 2355 3541 2394 ansa
3576 2339 3650 2392 iis
3680 2356 3784 2394 su-

2123 2429 2401 2497 peresset,
2447 2423 2547 2496 qui
2597 2421 2654 2479 id
2713 2423 3004 2480 duntaxat
3050 2423 3398 2497 approbant,
3451 2427 3609 2498 quod
3668 2423 3788 2481 sibi

2120 2513 2368 2570 videtur.
2432 2513 2619 2578 Quare
2681 2515 2866 2569 fames
2922 2521 2976 2570 et
3024 2511 3176 2584 sitis,
3227 2511 3475 2587 insuper
3511 2519 3573 2570 et
3613 2514 3786 2570 labor

2123 2607 2182 2658 et
2210 2619 2456 2659 somnus
2516 2602 2744 2658 Domini
2776 2615 2990 2675 corpus
3023 2599 3350 2660 humanum
3386 2620 3518 2660 esse
3565 2620 3790 2674 corpus

2123 2697 2416 2764 arguunt:
2453 2691 2607 2764 quod
2639 2689 2877 2764 quidem
2923 2692 3383 2748 confirmaturus
3431 2693 3643 2749 beatus
3689 2693 3788 2751 ille

2121 2781 2337 2838 Paulus
2374 2781 2449 2834 ita
2481 2779 2804 2836 exclamat:
2866 2779 3008 2849 Quia
3046 2797 3170 2852 ergo
3198 2784 3362 2853 pueri
3403 2786 3789 2840 communica-

2121 2879 2315 2928 verunt
2344 2871 2501 2927 carni
2529 2880 2580 2926 et
2611 2873 2894 2943 sanguini,
2928 2880 2980 2928 et
3021 2873 3135 2942 ipse
3165 2871 3437 2928 similiter
3465 2876 3786 2946 participa-

2117 2961 2195 3017 vit
2223 2961 2429 3016 eisdem
2459 2977 2472 3014 :
2505 2968 2564 3016 ut
2612 2976 2710 3030 per
2749 2961 2979 3015 mortem
3017 2959 3327 3018 destrueret
3367 2977 3519 3027 eum,
3551 2963 3654 3034 qui
3684 2962 3791 3019 ha-

2120 3047 2277 3103 bebat
2320 3048 2518 3103 mortis
2551 3047 2851 3116 imperium
2900 3051 2950 3103 ei
2983 3047 3244 3104 liberaret
3282 3065 3396 3116 eos,
3429 3051 3532 3122 qui
3582 3051 3787 3106 timore

2116 3135 2317 3192 mortis
2348 3152 2446 3210 per
2494 3141 2664 3192 totam
2713 3136 2890 3192 vitam
2947 3135 3180 3193 obnoxii
3225 3147 3388 3194 erant
3439 3139 3712 3194 servituti
3741 3141 3784 3194 ⁸.

2119 3223 2339 3293 Quibus
2385 3231 2540 3282 certe
2572 3227 2760 3282 verbis
2811 3231 3084 3284 naturam
3141 3227 3214 3283 ab
3257 3228 3356 3284 illo
3400 3236 3784 3302 assumptum

2122 3316 2295 3372 fuisse
2327 3323 2525 3388 aperte
2574 3315 2850 3382 ostendit,
2900 3334 3032 3388 quas
3073 3323 3283 3373 nostrae
3337 3319 3664 3388 persimilis
3698 3337 3786 3376 es-

2118 3409 2225 3462 set.
2253 3405 2416 3470 Quod
2448 3404 2496 3461 si
2529 3405 2664 3476 quis
2713 3404 3118 3475 hujuscemodi
3181 3407 3610 3463 vestimentum
3665 3427 3780 3464 non

2120 3493 2341 3566 probet,
2397 3494 2680 3550 Jacobum
2742 3493 3133 3564 patriarcham
3210 3493 3291 3551 ita
3349 3496 3776 3554 vaticinantem

2119 3581 2357 3638 audiat:
2393 3582 2620 3637 Lavabit
2652 3583 2708 3637 in
2737 3581 2866 3638 vino
2894 3582 3092 3639 stolam
3117 3599 3293 3650 suam,
3324 3593 3378 3640 et
3403 3584 3466 3639 in
3498 3592 3782 3657 sanguine

2119 3685 2242 3727 uvie
2287 3671 2522 3742 pallium
2581 3687 2744 3726 suum
2798 3671 2840 3726 '.
2894 3671 3109 3727 Audiat
3162 3688 3297 3727 vero
3353 3673 3777 3730 beatissimum

2119 3775 2352 3832 quoque
2410 3757 2654 3815 Paulum
2711 3757 3136 3816 exclamantem
3182 3777 3195 3815 :
3251 3761 3523 3818 Habentes
3569 3765 3776 3835 itaque,

2115 3850 2342 3920 fratres,
2383 3845 2640 3918 ﬁduciam
2670 3849 2728 3902 in
2774 3847 3010 3904 introitu
3051 3855 3366 3906 sanctorum
3403 3851 3463 3906 in
3502 3854 3778 3924 sanguine

2116 3939 2260 4008 Jesu,
2305 3955 2472 4010 quam
2501 3937 2750 3993 initiavit
2783 3938 2941 3994 nobis
2991 3940 3138 3994 viam
3178 3957 3382 3996 novam
3414 3949 3467 3997 et
3499 3941 3777 3998 viventem

2114 4044 2217 4101 per
2246 4027 2514 4097 velamen,
2551 4025 2611 4084 id
2639 4033 2737 4096 est,
2771 4043 2866 4099 per
2895 4045 3118 4084 carnem
3144 4046 3325 4098 suam,
3358 4040 3412 4085 et
3439 4029 3779 4088 sacerdotem

2118 4134 2380 4188 magnum
2427 4132 2592 4188 super
2637 4117 2858 4172 domum
2915 4117 3034 4184 Dei,
3092 4119 3422 4176 accedamus
3470 4137 3602 4177 cum
3652 4139 3780 4180 vero

2117 4206 2277 4264 corde
2305 4204 2366 4262 in
2415 4205 2766 4278 plenitudine
2817 4205 2950 4279 fidei
2979 4205 3044 4261 ίο.
3097 4207 3424 4265 Velaminis
3471 4211 3634 4265 enim
3682 4229 3780 4268 no-

2120 4293 2296 4362 mine,
2357 4293 2854 4366 quemadmodum
2907 4294 3068 4350 stolae
3114 4299 3172 4350 et
3221 4296 3405 4368 pallii,
3443 4299 3784 4370 patriarcha

2117 4399 2350 4440 carnem
2385 4383 2572 4454 ipsius
2623 4381 2957 4454 appellavit.
2993 4384 3102 4440 Sed
3137 4385 3508 4458 superﬂuum
3545 4388 3783 4444 videtur

2119 4473 2166 4528 si
2197 4471 2462 4544 pluribus
2494 4471 2603 4528 hoc
2637 4469 2831 4527 verbis
2861 4471 3170 4544 explicem.

2188 4563 2336 4618 Nam
2369 4560 2457 4616 vel
2510 4561 2637 4632 ipse
2664 4559 2936 4616 Christus
2967 4561 3232 4636 seipsum
3265 4561 3530 4622 hominis
3562 4563 3784 4624 Filium

2046 4627 2094 4694 D
2124 4653 2312 4707 vocat.
2345 4627 2640 4723 Apostolis
2681 4651 2836 4706 enim
2873 4627 3089 4724 saepius
3137 4651 3248 4708 hoc
3290 4652 3574 4711 inculcat.
3607 4655 3786 4712 Futu-

2125 4756 2252 4795 rum
2306 4744 2418 4808 est,
2475 4744 2538 4795 ut
2584 4737 2774 4796 Filius
2844 4741 3084 4797 hominis
3132 4743 3401 4799 tradatur
3466 4747 3526 4800 in
3580 4762 3788 4801 manus

2125 4827 2434 4896 hominum,
2455 4832 2509 4884 et
2540 4828 2877 4900 interﬁeient
2906 4846 3032 4886 eum
3058 4836 3110 4886 et
3129 4835 3298 4888 tertia
3329 4833 3420 4890 die
3441 4843 3700 4906 resurget
3720 4837 3785 4891 “.

2125 4917 2189 4974 Ei
2219 4923 2416 4974 autem
2450 4918 2549 4990 qui
2583 4918 2750 4990 sequi
2783 4917 3044 4975 volebat:
3085 4921 3296 4992 Vulpes,
3348 4923 3568 4994 inquit,
3599 4929 3789 4997 foveas

2123 5007 2344 5074 habent,
2377 5009 2429 5062 et
2457 5006 2705 5062 volucres
2741 5007 2868 5062 caeli
2897 5007 3083 5076 nidos,
3114 5009 3293 5066 Filius
3321 5014 3510 5068 autem
3540 5011 3789 5069 hominis

2125 5112 2236 5152 non
2286 5095 2474 5161 habet,
2522 5095 2619 5151 ubi
2646 5099 2812 5168 caput
2854 5096 3087 5152 reclinet
3121 5095 3190 5152 ".
3221 5097 3292 5154 Et
3318 5099 3427 5156 hoc
3465 5099 3697 5158 Judaais
3727 5102 3789 5158 in

2125 5199 2191 5242 os
2241 5181 2492 5255 objecti:
2537 5183 2677 5252 Quid
2707 5199 2793 5239 me
2835 5183 3092 5255 quaeritis
3120 5187 3456 5259 interﬁcere,
3502 5189 3790 5246 hominem

2126 5275 2223 5346 qui
2241 5275 2530 5329 veritatem
2545 5273 2757 5329 loeutus
2775 5289 2896 5328 sum
2911 5272 3089 5342 vobis,
3111 5291 3277 5346 quam
3297 5275 3496 5333 audivi
3513 5297 3554 5334 a
3577 5280 3690 5336 Deo
3704 5273 3790 5337 “‘t

2127 5363 2340 5419 Beatus
2397 5359 2712 5434 Apostolus
2744 5366 2938 5417 autem
2972 5362 3054 5419 ita
3075 5364 3292 5421 clamat
3326 5383 3340 5424 :
3376 5368 3526 5424 Unus
3559 5373 3710 5425 Deus
3740 5381 3792 5426 et

2121 5451 2398 5509 mediator
2423 5451 2524 5508 Dei
2546 5455 2600 5507 et
2621 5450 2906 5507 hominum
2923 5451 2987 5507 ¹⁴.
3006 5453 3151 5510 Item
3179 5470 3191 5508 :
3221 5454 3363 5524 Quia
3385 5472 3484 5523 per
3507 5458 3792 5516 hominem

2123 5557 2288 5610 mors,
2319 5543 2370 5596 et
2397 5556 2498 5613 per
2524 5539 2808 5595 hominem
2837 5544 3170 5599 resurrectio
3187 5547 3538 5602 mortuorum
3567 5548 3634 5616 ι’,
3655 5564 3790 5619 pro-

2265 5665 2307 5700 “
2339 5664 2540 5722 Matth.
2587 5681 2684 5733 xx,
2719 5663 2806 5721 18.
2883 5665 2934 5702 υ
2968 5666 3177 5726 Matth.
3209 5683 3332 5736 vni,
3360 5670 3454 5730 2D.
3530 5671 3578 5709 "
3615 5674 3789 5731 Joan.
